4250 6494
182 397 286 452 749

1493 399 1692 455 LIBER
1735 400 1819 454 DE
1860 398 2091 454 ANISIA.

3357 411 3462 468 750

182 510 302 566 fuit.
329 511 465 579 Quid
496 511 1213 568 novi:emulatioveritatisa
1240 513 1428 583 spiritu
1452 513 1763 569 immundo?
1793 516 1839 574 Α
1868 512 1920 566 in
1947 528 2167 581 corpora
2205 514 2292 570 Dei
2339 517 2526 581 virtus,
2560 517 2611 572 iu
2642 518 2960 575 documenta
3001 521 3138 591 juris
3184 523 3286 586 sui,
3334 541 3442 581 non

181 604 321 658 Ecce
369 605 526 659 hodie
575 605 814 674 ejusdem
849 606 1083 660 Sitnonis
1127 607 1410 662 Itan-elices
1458 618 1598 662 tanta
1635 626 1769 676 pra).—

180 697 415 765 sumptio
442 697 572 750 artis
599 697 828 757 extollit,
865 709 919 749 ut
950 699 1112 752 etiam
1149 698 1529 770 prophetarum
1562 701 1767 754 animas

181 789 246 839 ab
268 787 451 841 inferis
478 805 702 842 movere
731 804 788 842 se
815 791 1136 857 Spondeant.
1171 791 1235 844 Et
1264 792 1427 844 credo
1452 792 1570 862 quia
1612 808 1765 845 mru-

179 878 331 931 tlaeiu
350 889 570 948 possunt
589 897 601 941 ;
620 896 716 934 nec
733 883 871 934 enim
890 882 1175 951 pytlIOnico
1192 891 1314 936 tunc
1331 884 1535 951 spiritui
1563 883 1639 954 (ιι)
1663 886 1731 937 ιιιὶ
1750 912 1762 921 -

183 987 282 1023 nus
299 971 439 1023 licuit
459 973 689 1024 animam
711 972 972 1027 Samuelis
988 974 1244 1045 etlingcre
1263 974 1305 1047 (I
1331 976 1478 1047 Iicg.,
1502 975 1763 1046 XXVIII),

180 1071 302 1128 post
366 1062 526 1114 Dctnn
577 1074 814 1117 mortuos
855 1067 1167 1120 cnnsulentc
1211 1067 1392 1121 Saule.
1441 1068 1589 1122 Absit
1637 1070 1768 1122 alio-

178 1153 306 1222 quin
363 1165 416 1206 ιιι
462 1154 693 1207 animam
739 1156 1022 1224 cujuslibet
1070 1161 1262 1221 sancti,
1303 1160 1497 1214 nedum
1539 1161 1766 1231 ptopbe-

177 1255 243 1296 ne
274 1245 293 1316 (
330 1244 372 1298 Il
412 1245 552 1310 Con,
588 1244 717 1317 XI),
755 1264 782 1299 a
829 1248 1094 1304 ιΙιι-ιιιοιιίο
1133 1252 1414 1307 credamus
1449 1263 1764 1319 extractam,

175 1340 350 1392 ClIOt'II
377 1340 516 1408 quod
559 1342 672 1408 ipse
704 1341 930 1396 Satanas
989 1344 1072 1414 (II
1119 1343 1321 1408 Thess,
1358 1345 1432 1417 ΙΙ)
1479 1350 1760 1418 transﬁgu-

173 1442 323 1483 re=nr
369 1430 419 1482 in
465 1434 711 1497 angelum
760 1434 914 1497 lucis,
971 1435 1165 1489 nedum
1219 1437 1269 1489 in
1317 1437 1588 1493 hominem
1632 1441 1764 1496 lucis

175 1520 422 1590 (illaille,
472 1521 702 1594 XXIV),
753 1526 912 1578 ctiam
947 1526 1106 1580 deum
1154 1542 1212 1581 sc
1253 1528 1670 1587 adseveraturus
1709 1533 1761 1587 in

175 1611 280 1664 line
316 1611 419 1683 (I),
475 1616 728 1685 signaque
758 1622 1144 1684 portentosiora
1189 1621 1448 1685 editurus.
1494 1623 1557 1676 ad
1609 1640 1763 1679 ever-

174 1704 383 1766 tendas,
406 1705 447 1756 si
472 1703 592 1760 lieri
617 1709 801 1774 passit,
825 1710 1047 1764 electos.
1072 1712 1355 1774 Dubitavit.
1387 1716 1430 1768 si
1457 1716 1614 1780 forte,
1639 1730 1763 1773 tunc

172 1796 485 1862 prophetam
512 1813 569 1850 se
604 1797 692 1850 Dei
717 1814 1047 1860 asseverare.
1075 1811 1126 1854 et
1160 1804 1344 1873 utique
1375 1806 1542 1871 Sauli,
1579 1809 1628 1861 in
1657 1826 1762 1878 quo

1874 605 2072 660 idcirco
2098 609 2579 663 communicabitur
2606 609 2760 674 ﬁdei,
2791 622 2844 666 et
2874 612 3112 668 audacia:
3157 631 3456 687 magorum,

1871 706 1924 751 et
1955 698 2171 753 fallaCia'
2198 702 2553 766 somniorum,
2584 711 2638 756 et
2658 704 2886 759 licentim
2912 716 3212 774 poetarum.
3257 711 3454 780 Atquin

1874 790 1923 842 in
1959 791 2369 846 resurrectionis
2396 794 2678 863 exemplis,
2717 783 2837 848 cum
2873 797 2967 851 Dei
3002 798 3191 865 virtus,
3221 801 3336 855 sive
3363 817 3460 870 per

1874 880 2189 949 Prophetas,
2224 884 2336 938 sive
2379 900 2472 953 per
2498 884 2794 952 Cltristmu,
2828 889 2940 942 sive
2968 903 3061 958 per
3085 892 3372 959 Apostolos
3401 895 3453 947 in

1870 987 2094 1044 corpora
2121 976 2326 1029 animas
2351 987 2728 1046 reprazsentat,
2773 980 2947 1034 solida
2975 991 3028 1036 et
3053 985 3418 1038 contrectabili
3439 1027 3453 1050 ,

1871 1076 1923 1119 ct
1951 1066 2139 1120 satiata
2171 1068 2415 1132 veritate,
2449 1070 2855 1139 prmjudicatum
2905 1084 2988 1128 cst
3034 1073 3174 1130 lianc
3198 1092 3317 1132 esse
3345 1077 3458 1132 for-

1873 1172 2013 1211 mam
2046 1160 2307 1224 veritatis,
2359 1171 2417 1214 ut
2458 1176 2674 1217 onmem
2702 1175 3035 1221 mortuorum
3075 1169 3458 1227 cxbibitiencm

1872 1249 2262 1319 incorporalem
2297 1254 2590 1323 praestigias
2613 1256 2840 1321 iudices.

2439 1345 2666 1402 CAPUT
2707 1347 2883 1406 LVIII.

1949 1456 1966 1486 ι
1999 1435 2199 1494 Omnes
2228 1454 2357 1510 ergo
2383 1440 2573 1494 anima:
2605 1456 2768 1511 penes
2801 1443 3038 1499 inferos?
3070 1468 3088 1497 ι
3125 1449 3320 1518 inquis.
3351 1451 3460 1507 Vc-

1871 1529 1935 1581 lis
1962 1544 2023 1582 ac
2055 1530 2218 1596 nolis,
2245 1540 2299 1584 et
2327 1532 2584 1602 supplicia
2611 1535 2718 1604 jam
2750 1536 2875 1602 illic,
2910 1548 2963 1592 et
2992 1538 3287 1610 refrigeria.
3344 1544 3456 1598 Ila-

1870 1620 1963 1675 bes
1989 1632 2275 1693 pauperem
2305 1635 2359 1680 et
2382 1627 2622 1680 divitem.
2657 1628 2721 1682 Et
2749 1632 2870 1699 quia
2897 1631 3078 1686 distuli
3123 1637 3303 1690 nescio
3329 1638 3455 1708 quid

1867 1715 1933 1768 ad
1968 1715 2105 1770 banc
2135 1727 2361 1785 partem,
2390 1720 2500 1788 jam
2531 1731 2833 1791 opportune
2866 1724 2915 1778 in
2947 1725 3186 1781 clausula
3213 1729 3454 1786 reddam.

1869 1808 1940 1876 (c)
1971 1808 2072 1860 Cur
2103 1813 2246 1864 enim
2279 1826 2384 1864 non
2419 1824 2570 1880 putes
2599 1814 2852 1878 animam,
2878 1826 2932 1870 et
2960 1819 3152 1886 puniri,
3185 1829 3238 1874 et
3281 1821 3452 1876 foveri

166 1886 278 1955 jam
316 1888 428 1956 ipse
460 1889 768 1944 morabatur
787 1894 808 1941 ’ἰ
837 1892 910 1946 Ne
935 1904 1085 1961 putes
1112 1895 1274 1948 alium
1299 1897 1462 1953 fuisse
1479 1901 1566 1968 qui
1593 1898 1758 1969 plian-
1790 1914 1837 1974 Β
1869 1902 1916 1954 iu
1944 1905 2161 1958 infernis
2193 1906 2402 1960 interim
2428 1906 2527 1960 sub
2549 1909 2925 1974 expecmtioue
2949 1912 3222 1982 utriusque
3243 1912 3452 1982 judicii,

172 1991 338 2031 tasina
385 1980 789 2034 adtuinisu'abat
812 2026 823 2041 ,
857 1984 1016 2037 alium
1064 1989 1152 2054 qui
1183 1992 1586 2045 commendabat
1614 2011 1639 2055 ;,
1667 1995 1759 2048 sed

169 2070 420 2123 eamdem
450 2072 710 2139 spiritum.
745 2084 797 2127 et
827 2076 875 2126 in
908 2076 1454 2148 pscmlopropbettdc,
1479 2092 1532 2136 et
1561 2085 1610 2137 in
1634 2100 1764 2154 apo-

171 2172 312 2214 stata
359 2160 514 2217 facile
562 2167 795 2228 mentiri,
842 2168 982 2236 quod
1040 2169 1239 2224 fererat
1270 2175 1453 2240 credi,
1487 2191 1579 2245 per
1603 2196 1759 2247 quem

168 2256 348 2309 Saulis
381 2257 665 2310 thesaurus
695 2259 798 2312 illic
825 2270 957 2324 erat,
990 2263 1073 2313 ubi
1107 2272 1160 2316 et
1186 2278 1280 2317 cor
1311 2266 1499 2334 ipsius,
1534 2271 1619 2323 ubi
1658 2274 1760 2325 sci-

169 2346 295 2399 licet
329 2346 477 2402 Deus
509 2365 612 2401 non
658 2359 792 2402 crat.
845 2350 909 2404 Et
957 2352 1076 2406 ideo
1121 2370 1214 2422 per
1235 2372 1392 2426 quem
1426 2361 1660 2415 visurum
1703 2380 1761 2418 se

165 2438 416 2502 credidit,
450 2439 611 2505 vidit;
647 2443 768 2508 quia
813 2459 904 2509 per
947 2461 1102 2513 quem
1138 2447 1288 2512 vidit,
1320 2459 1374 2503 et
1408 2453 1654 2506 credidit.
1703 2456 1758 2510 Si

166 2541 218 2583 ct
275 2530 346 2584 de
398 2532 670 2586 noeturnis
722 2535 1039 2604 imaginibus
1090 2541 1397 2607 Opponitur,
1464 2560 1608 2613 Stepe
1656 2565 1757 2602 non

166 2619 366 2673 frustra
400 2620 636 2676 mortuos
669 2625 811 2679 visus
846 2629 998 2694 (nam
1031 2638 1084 2682 ct
1111 2629 1496 2688 Nasammonas
1530 2635 1602 2707 (θ)
1634 2655 1758 2707 pro-

167 2717 282 2784 pria
329 2718 542 2770 oracula
583 2718 719 2788 apud
767 2733 1043 2788 parentum
1093 2727 1372 2795 srpulcltra
1423 2733 1759 2787 mansitando

164 2819 406 2875 captare,
447 2822 497 2863 ιιι
531 2809 841 2866 Heraclides
869 2817 1073 2880 scribit,
1107 2821 1187 2873 vel
1213 2821 1643 2892 M'mpbudorus,
1674 2827 1755 2882 vel

179 2901 519 2966 Ilcrodotus;
554 2913 609 2956 ct
657 2905 834 2958 Celtas
879 2909 1016 2977 apud
1071 2910 1307 2965 virorum
1356 2913 1569 2970 fortium
1603 2917 1755 2972 busta

172 2992 364 3048 eadem
418 2993 485 3048 de
529 3011 714 3050 caussa
743 2998 1052 3066 abnoctare,
1085 3012 1141 3055 ut
1168 3003 1432 3060 Nicander
1466 3009 1753 3081 afﬁrmat).

167 3100 272 3138 non
306 3087 474 3154 magis
522 3097 762 3142 mortuos
807 3105 934 3144 vere
978 3093 1210 3161 patimur
1243 3097 1292 3150 in
1343 3101 1568 3167 somnis,
1595 3117 1754 3172 quam

165 3178 343 3241 vivos,
389 3179 480 3232 sed
515 3180 701 3234 eadem
732 3183 938 3237 ratione
981 3197 1220 3240 mortuos
1258 3204 1358 3258 qua
1391 3200 1444 3244 et
1481 3193 1628 3247 vivos
1653 3236 1667 3259 ,
1703 3205 1756 3251 et

1870 1994 1920 2045 in
1952 1995 2178 2064 quadam
2231 1997 2572 2065 usurpatione
2613 2007 2666 2052 et
2698 1999 2920 2053 candida
2951 2001 3102 2070 ejus?
3137 2021 3154 2052 ι
3187 2003 3318 2070 Quia
3355 2007 3461 2061 sal-

1867 2101 1988 2138 vum
2019 2086 2176 2141 debet
2203 2102 2355 2156 esse,
2389 2091 2584 2157 inquis,
2616 2090 2696 2162 (2)
2719 2091 2920 2160 judicio
2952 2093 3133 2150 divino
3181 2098 3452 2167 negotium

1866 2195 2041 2242 suum,
2086 2181 2202 2236 sine
2246 2182 2351 2235 ulla
2394 2184 2758 2251 przelibatioue
2802 2188 3102 2241 sententim.
3152 2188 3286 2244 Tmu
3331 2192 3454 2260 quia

1867 2281 1918 2326 ct
1947 2274 2122 2326 carnis
2149 2275 2438 2343 operienda
2464 2283 2546 2329 est
2574 2276 2862 2343 restitutio,
2899 2288 2955 2333 ut
2982 2283 3250 2336 consortis
3267 2298 3454 2351 Opera-

1868 2380 1983 2416 rum
2023 2374 2180 2435 atque
2225 2366 2554 2421 mercedum.
2588 2387 2606 2419 ι
2642 2368 2778 2434 Quid
2821 2385 2951 2440 ergo
2997 2373 3084 2427 lict
3116 2373 3166 2427 in
3219 2385 3461 2444 tempore

1869 2459 2000 2513 isto?
2031 2460 2404 2518 dormicmus?
2433 2465 2645 2518 Atenim
2695 2465 2888 2518 anima:
2932 2483 3028 2520 nec
3071 2467 3121 2520 in
3155 2468 3458 2525 viventibus

1865 2549 2137 2605 dormiunt
2173 2569 2500 2624 :corporum
2544 2557 2686 2609 enim
2734 2566 2816 2611 cst
2860 2573 3101 2621 somnus,
3136 2577 3362 2630 quorum
3405 2571 3461 2615 ct

1867 2644 1976 2710 ipsa
2005 2660 2150 2699 mors
2179 2661 2302 2700 cum
2331 2649 2551 2718 speculo
2578 2663 2676 2702 Suo
2705 2663 2914 2702 somno.
2949 2654 3054 2704 Aut
3085 2651 3217 2704 nillil
3252 2654 3328 2705 vis
3369 2654 3453 2723 agi

1867 2735 1995 2801 illic,
2025 2751 2132 2806 quo
2171 2737 2416 2792 universa
2449 2739 2752 2795 humanitas
2777 2740 3024 2804 trahitur.
3055 2758 3161 2812 quo
3191 2758 3314 2812 Spes
3339 2760 3458 2798 om-

1865 2833 1947 2884 nis
1977 2833 2377 2900 sequestratur?
2412 2833 2642 2888 Dclibari
2676 2841 2830 2903 putas
2855 2835 3135 2901 judicium,
3168 2852 3234 2891 an
3265 2837 3462 2905 incipi?

1864 2923 2203 2991 precipilari,
2231 2940 2299 2977 an
2343 2925 2786 2994 prarministrari'?
2810 2926 2927 2980 Jam
2974 2943 3120 2992 vero,
3153 2943 3310 2998 quam
3353 2928 3455 2982 ini-

1862 3017 2179 3085 quissimum
2211 3017 2372 3072 etiam
2395 3017 2534 3086 apud
2564 3018 2784 3080 inferos,
2807 3019 2850 3071 si
2873 3029 2926 3074 et
2953 3021 3267 3074 nocentibus
3287 3019 3462 3076 adhuc

1862 3110 1967 3164 illic
2010 3110 2144 3165 bene
2191 3123 2294 3176 est,
2340 3122 2395 3166 et
2443 3115 2816 3168 innocentibus
2863 3114 3134 3168 nonduin?
3167 3113 3248 3186 (ιι)
3277 3116 3458 3184 Quid?

1859 3204 2256 3272 ampliationem
2305 3202 2383 3274 (5)
2432 3205 2510 3258 vis
2555 3221 2676 3259 esse
2743 3215 2860 3274 post
2911 3216 3175 3274 mortem,
3226 3206 3454 3263 confusa

166 3271 348 3322 illiilla
401 3286 519 3339 qua}
551 3273 813 3326 videntur.
845 3273 957 3328 Non
984 3277 1126 3330 enim
1160 3281 1279 3349 quia
1304 3282 1548 3339 videntur
1570 3327 1584 3351 ,
1630 3303 1752 3342 vera
1784 3307 1828 3368 ρ
1863 3271 1963 3364 sper
2015 3305 2068 3351 et
2121 3271 2322 3352 incerta
2359 3271 2758 3366 exspectatione
2821 3298 3090 3354 ludentem
3123 3341 3137 3363 ,
3206 3317 3272 3354 an
3334 3302 3455 3356 vitae

161 3371 313 3425 sinit,
348 3362 440 3416 sed
471 3364 592 3431 quia
623 3365 1000 3434 aditnplcntur.
1037 3370 1199 3425 Fides
1225 3376 1553 3431 somniorum
1581 3378 1649 3434 de
1677 3380 1757 3435 ef-

162 3453 334 3515 fectu,
385 3470 488 3508 non
535 3456 603 3511 de
650 3472 941 3527 conspectu
992 3465 1346 3520 renuntiatur.
1391 3467 1532 3523 Nulli
1580 3481 1755 3528 autent

164 3547 367 3599 anima:
395 3547 612 3600 omnino
658 3549 858 3604 inferos
883 3562 1087 3620 patere,
1130 3557 1261 3610 satis
1291 3559 1546 3614 Dominus
1575 3563 1626 3616 in
1664 3581 1752 3618 ar-

159 3648 423 3705 gumento
448 3638 536 3691 illo
568 3643 816 3709 pauperis
862 3645 1267 3713 requiescentis,
1303 3661 1355 3703 et
1387 3651 1566 3708 divitis
1604 3656 1754 3725 inge-

159 3731 464 3796 IttISCI‘nliS,
497 3748 559 3786 ex
608 3749 833 3803 persona
869 3739 1096 3794 Abrabw
1138 3744 1313 3797 sanxit
1346 3743 1530 3815 (Lua,
1562 3749 1751 3824 XVI),

160 3842 269 3877 non
301 3840 459 3894 posse
488 3827 609 3880 inde
655 3828 881 3898 relegari
915 3836 1337 3892 renuntiatorem
1385 3839 1754 3909 diSpositionis

157 3916 418 3981 infernae;
449 3920 588 3988 quod
619 3921 697 3973 vel
732 3932 853 3977 tunc
885 3923 1048 3980 licere
1095 3930 1373 3996 potuisset,
1405 3943 1463 3987 ut
1492 3935 1655 4006 Moysi
1700 3947 1756 3993 et

154 4008 445 4078 I‘rophetis
490 4011 818 4068 crederetur.
878 4013 983 4070 Sed
1028 4019 1128 4072 etsi
1175 4022 1430 4090 quasdam
1479 4030 1750 4085 revocavit

1863 3402 2138 3442 recensum
2187 3387 2296 3457 jam
2361 3397 2416 3442 et
2469 3388 2866 3445 ordinationem
2926 3391 3112 3457 jndicii
3169 3392 3455 3447 inhorren-

1864 3480 2006 3534 lem?
2051 3482 2277 3548 Semper
2337 3493 2514 3536 autem
2558 3492 2839 3551 exspectat
2883 3483 3058 3536 anima
3126 3499 3350 3551 corpus,
3399 3497 3458 3542 ut

1859 3571 2060 3636 doleat,
2098 3584 2186 3624 aut
2225 3573 2490 3642 gaudeat?
2530 3573 2718 3628 Nonne
2765 3584 2826 3628 etv
2862 3575 2930 3628 de
2972 3589 3070 3629 suo
3106 3577 3302 3632 sul‘ticit
3352 3580 3457 3636 sibi

1858 3662 1924 3717 ad
1973 3673 2259 3734 utrumque
2312 3664 2517 3718 titulum
2597 3665 2900 3734 passionis?
2953 3665 3231 3734 Quotiens,
3288 3669 3457 3725 illaeso

1858 3770 2103 3825 corpore,
2135 3757 2309 3810 anima
2347 3757 2458 3811 sola
2501 3765 2778 3827 torquetur
2807 3756 2931 3823 bile,
2964 3758 3061 3824 ira,
3108 3757 3284 3823 ιωάίο,
3334 3760 3450 3829 ple-

1857 3867 2082 3920 rumque
2124 3866 2223 3906 nec
2270 3851 2369 3905 sibi
2411 3852 2576 3905 noto!
2620 3852 2868 3920 quotiens
2901 3852 3024 3905 item
3075 3853 3454 3922 corporead-

1860 3942 1999 3998 ﬂictu
2021 3943 2271 3999 furtivum
2300 3944 2398 3999 sibi
2430 3944 2602 3996 anima
2631 3942 2877 4012 gaudium
2912 3943 3160 4013 exquirit,
3194 3954 3246 3998 ct
3272 3960 3303 3999 a
3334 3961 3457 4000 cor-

1860 4036 2002 4104 poris
2033 4036 2332 4105 importuua
2365 4044 2490 4091 tunc
2537 4033 2791 4090 societate
2833 4035 3071 4092 secedit!
3130 4034 3378 4105 Mentior,
3405 4038 3455 4095 si

1381 4136 1759 4203 LECTIONES
1798 4147 1999 4203 VARIA
2008 4147 2207 4205 NTES.

154 4255 300 4370 seu)
329 4255 382 4307 In
398 4258 494 4309 tiae
522 4254 662 4310 Fuld.
688 4258 851 4312 Ursin.
873 4266 1063 4330 insigne
1091 4268 1273 4320 Wouw.
1299 4277 1531 4328 utrumvis
1570 4279 1751 4348 neglig.

1943 4288 1994 4348 2)
2021 4286 2075 4336 In
2099 4285 2311 4337 inserwu
2331 4297 2493 4336 onmes
2508 4290 2687 4348 praeter
2715 4287 2903 4337 Wouw.

1943 4288 1973 4335 2
2021 4287 2075 4336 In
2099 4287 2311 4337 inserwtt
2331 4297 2493 4336 onmes
2508 4298 2578 4348 pri

1921 4287 1994 4414 isi
2019 4349 2241 4413 Amplius
2264 4358 2411 4399 Fran.
2435 4351 2578 4399 Pam.

1511 4447 1880 4507 COMMENTA
1891 4452 2064 4508 RIUS.

159 4563 825 4656 mater'estnidololatriae,
867 4584 987 4640 qua:
1018 4571 1221 4627 crimen
1250 4573 1377 4630 olim
1410 4576 1504 4632 fuit
1543 4582 1745 4649 princi-
1777 4584 1830 4645 D
1856 4584 2192 4653 adpellaruut
2218 4586 2286 4640 ab
2332 4595 2650 4656 argumento
2696 4586 2820 4652 loci,
2855 4587 3062 4642 medios
3091 4589 3228 4645 inter
3254 4607 3448 4652 arenas

198 4635 304 4688 ale.
341 4633 415 4687 LF.
447 4635 540 4688 Pa.

198 4652 304 4688 ate.
341 4652 415 4687 LE
447 4652 540 4688 ra.

159 4652 195 4706 Ρ
241 4703 319 4776 (a)
355 4705 525 4759 Minus
547 4706 691 4789 licuit
712 4710 938 4789 animout
961 4712 1214 4789 Samuelis
1231 4717 1489 4787 efﬁngere.
1515 4722 1751 4789 Qttaastio

158 4786 245 4830 est
275 4793 378 4852 non
410 4783 475 4832 de
508 4779 693 4843 nihilo,
726 4797 791 4852 an
827 4782 1140 4852 I’ytlmnissa
1173 4779 1295 4841 vere
1321 4779 1623 4847 satnuerem
1653 4811 1748 4848 ex-

162 4849 421 4922 hibuerit,
452 4863 677 4922 au_vero
706 4849 1028 4915 d:rtntinem.
1055 4859 1140 4922 qui
1170 4859 1314 4911 Sauli
1348 4860 1522 4916 fucum
1553 4864 1675 4918 fecit
1698 4877 1752 4920 et

161 4919 480 4990 praestigias.
531 4920 774 4997 P_ritntnn
816 4919 1325 4997 asseruut'quidam,
1360 4938 1622 4997 posterius
1670 4937 1751 4989 af-

163 4995 522 5073 tirmautueum
554 4993 814 5059 Septimio
843 4995 1084 5073 Iustinus
1108 4993 1394 5073 inartyr'in
1429 5021 1658 5073 respons.
1682 5007 1751 5060 ad

158 5069 342 5122 quasi.
374 5061 442 5142 $2
470 5074 802 5131 quazstiouum
842 5064 1120 5121 Christian.
1150 5061 1339 5146 quiuit
1376 5075 1433 5146 id
1465 5061 1753 5146 contigisse

158 5133 426 5184 (IzlrtIlOllis
468 5151 625 5202 opul'ﬂ
656 5145 1013 5201 Sp'.‘(’l:ll0l‘tlttl
1044 5133 1228 5195 oculos
1260 5143 1564 5200 l'ascinautis
1592 5133 1754 5216 ευμετά

157 5214 254 5256 ,τ-ἓν
284 5209 510 5286 inp/st"?
551 5211 632 5260 τοῦ
656 5209 891 5276 δαίμενος,
916 5217 998 5264 τςῧ
1026 5219 1108 5273 τὰς
1134 5219 1260 5281 ὄψεις
1304 5224 1614 5286 φ”νςᾶιτητπ
1666 5231 1754 5275 τῶν

165 5281 407 5343 cpiam-1;
438 5274 498 5329 Β.
530 5274 852 5344 Augustinus
882 5296 984 5334 ιιοιι
1016 5298 1120 5335 uno
1153 5274 1200 5336 in
1235 5274 1350 5338 loco
1382 5299 1434 5340 et
1468 5291 1576 5342 alii.
1599 5274 1755 5344 Όιιιί-

164 5348 285 5422 nuit
318 5354 494 5422 tanien
520 5355 839 5422 scriptorum
870 5352 1169 5415 multitudo,
1197 5361 1282 5422 qui
1317 5374 1492 5411 verant
1522 5363 1750 5416 animum

164 5417 439 5470 Samuelis
468 5419 782 5488 apparuis-c
827 5433 1124 5479 auttnnant.
1161 5417 1226 5479 In.
1255 5429 1391 5481 hunc
1423 5433 1579 5481 etiam
1625 5448 1752 5484 s-sn-

164 5503 286 5538 sum
318 5490 534 5554 pronior
564 5491 768 5543 videtur
792 5501 914 5569 ante
952 5497 1160 5569 relatus
1181 5501 1399 5561 August.
1433 5519 1549 5569 cap.
1580 5502 1666 5556 XV
1693 5507 1755 5556 de

161 5574 291 5609 cum
325 5574 414 5635 pro
439 5570 585 5611 mort.
619 5578 764 5635 ageu.
799 5563 919 5615 vide
948 5580 1064 5632 Cap.
1096 5566 1252 5622 XLVI
1279 5563 1632 5625 IﬂitclesiaStici
1657 5617 1670 5635 ,
1698 5585 1751 5628 et

163 5629 415 5711 e-xpende
458 5644 634 5711 voces.
684 5634 905 5711 Mnirniini
945 5629 1104 5711 eti-itu
1152 5656 1236 5694 me
1280 5642 1469 5711 legisse
1520 5629 1752 5698 libellum

297 5702 680 5779 autograpbum
711 5703 982 5783 Ciiillelmi
1036 5707 1250 5764 I’ostclli
1285 5699 1466 5783 invquo
1494 5712 1609 5768 fuse
1641 5717 1756 5771 tunc

166 5771 393 5824 historia
427 5783 700 5826 tractatur.
733 5774 809 5828 LE
843 5775 937 5829 Pa.

239 5841 323 5912 (b)
383 5839 778 5898 Nasammouas.
830 5846 1213 5904 Nasammonas
1269 5853 1497 5908 collocat
1551 5855 1754 5912 Plinius

165 5913 242 5984 (ι.
276 5911 340 5977 V,
372 5926 422 5969 c.
451 5913 521 5988 5)
554 5915 608 5973 in
636 5932 729 5974 ora
757 5917 959 5990 Syrtis,
989 5935 1124 5987 quos
1152 5921 1325 5982 Graeci
1362 5911 1754 5987 Mesammones

1856 4659 2009 4711 sitos.
2043 4657 2175 4711 ΡΑιί.

1925 4727 2079 4803 (Ζειῐδ.
2116 4726 2294 4783 LVIII.
2345 4759 2414 4768 —
2445 4726 2514 4798 (c)
2556 4725 2681 4803 Cur‘
2704 4727 2968 4803 euim_non
2994 4739 3154 4803 putes
3182 4749 3404 4788 annnam
3428 4777 3446 4803 ,

1855 4809 1959 4853 etc.
1992 4798 2138 4853 Inter
2181 4813 2397 4872 errores
2439 4810 2489 4851 et
2524 4797 2788 4872 paradoxa
2821 4799 3137 4853 Tertulliani
3185 4797 3444 4872 recense,

1856 4870 1942 4938 qui
1967 4873 2177 4926 animas
2207 4870 2402 4925 malum
2435 4886 2538 4922 non
2573 4871 2962 4943 intrareusque
2992 4873 3209 4943 infitiem
3234 4870 3440 4943 judieii,

1855 4954 1901 4994 ct
1935 4943 1984 4993 in
2015 4942 2196 5000 inieris
2220 4943 2414 5009 degere
2433 4939 2638 4992 statuit.
2665 4939 2815 4994 Unde
2837 4957 2952 5008 cap.
2979 4942 3064 4995 LV
3089 4939 3250 5008 dixit,
3269 4939 3444 5010 ruperi-

1857 5013 1982 5075 noli,
2000 5018 2039 5065 si
2067 5016 2219 5080 forte,
2243 5013 2294 5064 in
2314 5011 2531 5064 Abrahw
2547 5012 2680 5069 sinu,
2710 5013 3038 5080 expectanda:
3065 5019 3445 5072 resurrectionis

1855 5083 2090 5135 solatium
2120 5099 2318 5150 rapere.
2360 5084 2492 5136 Illud
2528 5099 2652 5134 vero
2682 5083 3014 5139 'I’ertulliauo
3045 5099 3332 5140 c0nnnune
3357 5099 3443 5144 est

1858 5169 1976 5206 cmn
2010 5157 2124 5208 aliis
2153 5154 2354 5218 multis,
2388 5155 2439 5205 in
2469 5155 2676 5226 quibus
2702 5155 2921 5226 haeresis
2947 5169 3068 5208 csse
3106 5172 3210 5210 non
3244 5170 3443 5226 potest,

1856 5239 1975 5278 eum
2013 5228 2138 5278 nihil
2169 5227 2445 5278 statuisset
2472 5223 2734 5277 Ecclesia.
2765 5223 2948 5292 Neque
2975 5225 3118 5279 enim
3155 5223 3282 5294 puto
3326 5229 3445 5294 ill_os

1860 5310 2082 5364 negas~e
2127 5296 2348 5363 gloriam
2395 5295 2600 5346 visionis
2630 5287 2895 5362 beati/ica},
2927 5287 3260 5366 Sanctosque
3303 5287 3445 5354 int'c-

1856 5382 1948 5435 gra
1983 5367 2306 5421 beatitudine
2335 5381 2437 5418 una
2486 5366 2739 5418 fruiturus
2773 5368 2869 5418 nisi
2918 5378 3036 5433 post
3089 5371 3445 5425 resurrectio-

1860 5453 2001 5490 nem.
2031 5437 2163 5491 Ctnn
2196 5438 2258 5490 iis
2289 5447 2342 5488 et
2363 5435 2692 5508 'l‘erlulliano
2718 5437 2895 5488 mitius
2917 5439 3178 5505 agendum
3228 5441 3316 5508 qui
3339 5442 3446 5496 for-

1857 5521 1950 5560 san
1987 5510 2074 5561 Dei
2104 5510 2324 5575 gloriam
2355 5507 2536 5559 videre
2565 5522 2668 5557 non
2702 5507 2914 5562 inliciazi
2945 5519 3086 5560 sunt.
3119 5508 3196 5563 Le
3222 5507 3313 5564 I’n.

1933 5580 2011 5646 id)
2045 5579 2217 5643 Quid?
2241 5577 2721 5647 ampliutionemt’is
2752 5595 2868 5630 esse
2895 5589 3004 5645 post
3047 5591 3278 5633 mortem.
3326 5583 3452 5638 I'IIc-

1860 5659 2044 5719 ganter
2075 5654 2145 5702 ait
2177 5646 2596 5719 interrogando,
2623 5646 2793 5712 Quid?
2827 5649 3210 5716 rwiplialiouem
3240 5656 3310 5704 vis
3343 5671 3450 5707 esse

1861 5717 1972 5790 post
1999 5731 2206 5774 mortem
2226 5720 2251 5772 ?
2281 5719 2360 5773 Ex
2390 5717 2556 5773 more
2579 5717 2923 5786 judiciorum,
2959 5720 3202 5790 aiuplmri
3223 5739 3344 5776 reus
3369 5727 3448 5776 di-

1859 5789 2011 5856 citur,
2046 5791 2114 5846 de
2143 5807 2250 5861 quo
2277 5790 2409 5844 nihil
2441 5792 2842 5858 pronuntiatur,
2876 5789 2969 5843 sed
3000 5795 3068 5844 ob
3097 5796 3348 5846 contusas
3389 5805 3446 5849 et

1861 5863 2088 5934 incertas
2112 5863 2347 5934 judicent
2372 5861 2668 5934 sententias
2689 5863 2740 5917 in
2763 5861 2904 5918 aliud
2932 5862 3046 5918 sive
3077 5871 3306 5934 tempus,
3333 5867 3443 5925 sive

1862 5932 2088 5992 tribunal
2114 5931 2376 5990 diﬁcrtur.
2418 5933 2536 5990 Itis.
