4250 6494
764 385 862 441 751

2181 387 2638 445 TERTULIJANI

3951 391 4056 448 752

766 514 872 554 non
894 499 960 554 de
980 499 1106 570 ipsis
1128 498 1448 554 cruciatibus
1473 501 1716 570 corporis
1742 511 1790 557 et
1812 503 2026 572 gloriari
2051 512 2102 559 et
2123 504 2356 574 gaudere
2384 514 2434 566 Α
2461 524 2576 575 quae
2611 508 2843 579 concipit
2871 551 2882 572 ,
2915 524 3032 578 qua:
3059 508 3295 578 disponit
3319 549 3332 570 ,
3359 525 3476 578 qu:e
3505 509 3724 564 mandat
3751 549 3766 573 ,
3801 526 3921 579 qu.e
3951 511 4052 562 int-

763 591 876 645 sola
918 592 1216 647 consuerit.
1265 590 1344 661 (η)
1393 591 1620 662 Respice
1659 594 1725 648 ad
1770 595 1913 650 IlluIii
1938 598 2167 651 animam
2193 641 2205 660 ,
2233 614 2354 653 cum

763 683 1040 738 dexteram
1073 699 1221 739 suam
1264 683 1478 753 ignibus
1516 685 1690 739 bt)I\‘II..
1736 687 1958 757 lieSpice
1983 689 2061 757 (b)
2091 689 2154 743 ad
2182 689 2355 744 Zeno-

765 776 869 839 nis,
892 792 1012 830 cum
1042 775 1186 830 illam
1220 775 1460 846 Dionysii
1487 785 1751 832 tormenta
1781 789 2120 848 praetereunt.
2149 780 2356 836 Marsus

760 865 995 921 ferarum
1051 879 1365 921 ornamenta
1404 879 1526 921 sunt
1573 869 1898 938 juventutis,
1930 882 1984 926 ιιι
2011 873 2087 942 (c)
2135 873 2186 926 in
2217 873 2356 945 Cyro

762 960 871 1013 ursi
899 959 1196 1014 cicatrices.
1233 959 1382 1014 Adeo
1421 961 1569 1015 novit
1611 972 1667 1015 et
1691 963 1828 1032 apud
1855 964 2054 1017 inferos
2084 966 2255 1018 anima
2303 976 2358 1020 et

761 1051 946 1107 dolere
972 1061 1027 1107 et
1053 1051 1283 1121 gaudere
1311 1052 1426 1106 sine
1455 1068 1618 1108 carne
1639 1070 1652 1114 ;
1677 1055 1798 1124 quia
1828 1064 1884 1110 et
1923 1057 1972 1108 iu
2001 1070 2161 1112 carne
2191 1057 2353 1111 illmsa

761 1145 808 1199 si
830 1145 956 1200 velit
980 1146 1146 1212 dolet,
1179 1161 1233 1204 et
1264 1150 1387 1204 lwsa
1420 1153 1462 1204 si
1496 1153 1854 1221 velitgaudct.
1893 1154 2002 1208 lloc
2033 1154 2076 1208 si
2109 1171 2174 1208 ex
2210 1155 2352 1209 arbi-

763 1241 864 1293 trio
903 1254 1002 1293 suo
1033 1241 1082 1294 iu
1115 1243 1219 1295 vita
1248 1282 1261 1305 ,
1312 1255 1511 1311 quanto
1551 1246 1718 1314 magis
1760 1261 1822 1301 ex
1852 1246 2052 1314 judicio
2096 1247 2186 1301 Dei
2239 1257 2358 1316 post

763 1336 1021 1390 uuirtem!
1053 1335 1156 1391 Sed
1186 1352 1284 1392 nec
1313 1339 1490 1392 omnia
1514 1354 1675 1408 opera
1701 1355 1822 1394 cum
1854 1341 2029 1395 c-u'uis
2057 1340 2356 1394 ministerio

759 1429 934 1481 anima
968 1428 1225 1497 partitur;
1262 1446 1382 1484 nam
1415 1440 1470 1486 et
1496 1431 1640 1486 solus
1669 1434 1931 1502 Cogitatus
1972 1442 2026 1488 et
2060 1433 2231 1487 nudas
2257 1448 2355 1487 vo-

762 1518 990 1574 luntates
1037 1536 1260 1575 censura
1318 1522 1496 1575 divina
1554 1524 1888 1592 persequitur
1936 1523 2175 1592 (.Ilatth.,
2230 1523 2295 1592 V)
2339 1541 2352 1576 :

763 1611 865 1674 Qui
887 1612 1063 1664 uiderit
1085 1612 1153 1664 ad
1173 1614 1650 1684 concupiscendum,
1661 1617 1773 1684 jam
1795 1616 2096 1668 mlulteravit
2115 1616 2165 1668 in
2181 1615 2351 1668 corde.

771 1702 911 1772 Ergo
962 1704 1043 1772 (I)
1097 1715 1313 1773 propter
1362 1703 1464 1759 hoc
1519 1706 2056 1776 cougrueutissimmu
2106 1716 2181 1758 est
2243 1706 2356 1758 ani-

760 1810 900 1847 mam
925 1837 938 1858 ,
986 1795 1106 1850 licet
1139 1813 1244 1851 non
1273 1807 1583 1866 («Spectata
1613 1813 1774 1852 carne
1796 1838 1810 1861 ,
1842 1797 2049 1867 puniri,
2082 1797 2220 1866 quod
2251 1813 2354 1853 non

2463 601 2647 668 pellit?
2680 601 2766 666 Et,
2791 601 2834 656 si
2858 601 3071 671 quando
3095 601 3276 665 inrita,
3302 602 3448 671 prior
3471 615 3646 658 tamen
3673 612 3883 660 tractat.
3912 603 4053 668 quod

2465 706 2556 759 per
2581 708 2774 762 corpus
2799 701 2981 746 aettu-a
3019 704 3120 748 est.
3163 693 3442 762 Nunquam
3471 695 3700 764 denique
3726 695 4052 749 COIIM'lt'lllIil

2463 785 2728 855 posterior
2757 786 2858 839 erit
2887 785 3049 840 laeto.
3082 788 3152 840 Ita
3187 785 3308 840 huic
3335 802 3547 857 quoque
3574 788 3745 840 ordini
3772 787 4053 855 (‘0!I:|N‘III,

2461 891 2580 930 eam
2607 878 2841 945 priorem
2869 893 3094 946 pensare
3121 877 3418 939 mercedes.
3443 880 3526 934 cui
3553 880 3712 950 priori
3733 880 4053 933 debeantur.

2463 966 2518 1020 In
2549 982 2780 1033 summa,
2814 984 2935 1022 cum
2980 982 3252 1024 carcerem
3299 969 3447 1024 illum
3469 1012 3484 1035 ,
3518 986 3674 1040 quem
3707 971 3833 1023 lix-zu
3857 975 4057 1040 gefnuu

2461 1059 2814 1124 demonstrat,
2841 1059 3042 1116 inferos
3065 1061 3444 1130 intelligamus,
3471 1071 3526 1116 et
3555 1063 3905 1116 nari-simum
3931 1077 4060 1130 qua-

2461 1151 2702 1205 drantem
2733 1152 2999 1207 modicum
3028 1151 3278 1224 quodque
3311 1153 3563 1208 delictum
3592 1154 3674 1224 (tl)
3707 1169 3854 1207 mora
3881 1169 4062 1207 resur-

2463 1243 2717 1297 rectionis
2770 1243 2878 1298 illic
2927 1244 3178 1298 luendqu
3231 1245 3646 1314 interpretemur
3706 1244 3836 1315 (‘2);
3902 1261 4064 1297 nemo

2461 1333 2725 1388 dubitabit
2777 1335 3007 1388 animam
3063 1335 3261 1403 aliquid
3328 1351 3555 1404 pensare
3605 1351 3769 1404 penes
3835 1337 4062 1398 iub-ros,

2462 1426 2604 1478 salva
2637 1426 3046 1479 resurrectionis
3080 1425 3414 1493 plenitudine
3454 1442 3546 1494 per
3571 1441 3789 1481 Carnem
3821 1441 4062 1494 quoque.

2463 1515 2574 1570 Iloc
2609 1517 2770 1571 etiam
2813 1516 3121 1571 Paracletus
3161 1519 3592 1587 frequentissime
3634 1520 4061 1584 commendavit,

2462 1607 2505 1659 si
2531 1606 2654 1676 quis
2677 1622 2957 1661 sermones
2977 1608 3092 1676 ejus
3117 1623 3181 1661 ex
3211 1608 3481 1677 agnitione
3504 1609 3893 1678 promissorum
3926 1629 3938 1657 ι
3961 1609 4061 1661 ba-

2464 1700 2740 1753 rismatum
2773 1699 3068 1754 admiserit.
3098 1699 3177 1753 Ad
3209 1715 3422 1753 oruuem
3452 1742 3466 1764 ,
3501 1709 3557 1753 ut
3585 1695 3836 1764 arbitror,
3873 1701 4065 1754 buma-

2465 1809 2584 1846 naut
2630 1806 2792 1862 super
2824 1794 3001 1846 anima
3032 1793 3380 1860 Opinionem,
3407 1809 3470 1846 ex
3501 1793 3742 1848 doctrina
3777 1793 3898 1846 ﬁtIt'I
3931 1812 4065 1848 eun-

760 1887 957 1941 sociata
989 1903 1150 1942 carne
1177 1890 1464 1942 commisit.
1525 1890 1612 1943 Sic
1657 1899 1710 1943 ct
1751 1889 1820 1943 ob
1862 1891 2124 1960 cogitatus
2161 1893 2278 1958 pios
2307 1899 2360 1943 et
2389 1900 2436 1958 Β
2463 1886 2632 1955 gressi
2660 1926 2672 1949 ,
2724 1885 2883 1954 justas!
2948 1885 3223 1939 dumtaxat
3272 1901 3334 1940 ac
3400 1884 3714 1940 necessaria:
3760 1887 4063 1940 Ctlt‘itt~iLtti

762 1977 1072 2038 ItL‘llcVOIOS,
1100 1981 1150 2032 iu
1180 1981 1370 2047 quibus
1400 1997 1561 2036 carne
1589 1997 1691 2036 non
1723 1983 1866 2051 eguit
1890 2023 1905 2048 ,
1931 1984 2049 2036 sine
2075 1998 2238 2036 Carne
2270 1999 2352 2037 re-

760 2070 1050 2125 creabitur.
1107 2071 1242 2138 Quid
1287 2087 1428 2128 nunc
1452 2115 1466 2137 ,
1499 2073 1542 2127 si
1575 2082 1627 2128 et
1669 2075 1720 2127 in
1751 2073 2057 2128 carnalibus
2081 2074 2223 2142 prior
2247 2082 2350 2136 est,

2459 1977 2816 2032 satisfecimus
2868 1976 2967 2046 (3).
3037 1978 3252 2031 Euormi
3290 1987 3468 2031 autem
3526 1987 3582 2030 et
3617 1978 3805 2032 otiosa:
3847 1988 4057 2031 t-utum

2459 2071 2631 2126 deerit
2655 2069 2887 2137 discere,
2917 2082 3171 2142 quantum
3202 2070 3419 2126 libuerit
3449 2071 3742 2142 inquirere.

1991 2185 2368 2243 LECTIONES
2411 2184 2813 2241 VAIilANTES.

820 2301 894 2360 (Ι)
921 2299 1012 2347 Vel
1036 2299 1154 2350 add.
1184 2303 1304 2350 Par.
1330 2301 1489 2351 Geten.
1518 2303 1638 2351 Jun.

821 2359 896 2425 (2)
923 2361 1245 2426 Iutclligimus
1266 2391 1327 2400 —
1351 2366 1734 2427 interpretamur
1757 2359 1907 2415 lthcn.
1931 2365 2070 2414 Pam.

2523 2298 2594 2362 (ὅ)
2621 2298 3015 2351 Satisfeccrimus
3032 2300 3140 2352 cod.
3175 2311 3353 2351 tt'ouw.

2108 2465 2666 2523 COMMENTARIUS.

832 2588 908 2655 (ιι)
981 2586 1192 2658 Respice
1242 2587 1310 2640 ad
1368 2585 1520 2640 Mutii
1578 2587 1821 2710 animamL.
1885 2583 2029 2708 bllutii
2084 2582 2350 2638 δεογοιω.

832 2690 837 2697 -
1822 2671 1852 2709 ε
1926 2659 1996 2708 ἐι.

830 2690 837 2697 -
1776 2659 1852 2709 Ls:
1903 2659 1996 2708 l'u.

833 2727 915 2799 (b)
957 2730 1036 2783 Ad
1083 2727 1322 2783 Zenonis.
1364 2726 1626 2786 Zenobio
1665 2735 1743 2781 est
1796 2727 2042 2799 Eleates,
2091 2724 2178 2790 qui
2223 2738 2352 2777 eon-

763 2798 1022 2869 temptmu
1054 2801 1240 2853 mortis
1268 2799 1664 2869 epbilosopttia
1689 2798 2022 2869 euntiugere,
2054 2811 2174 2869 eum
2205 2808 2352 2847 assc-

770 2865 912 2925 rcret
937 2871 1073 2940 apud
1107 2865 1455 2939 Dionysium,
1490 2865 1557 2921 ab
1602 2867 1791 2922 eodem
1843 2866 2121 2940 tormentis
2165 2865 2354 2917 ituma-

767 2943 922 2997 nibus
975 2938 1296 3003 cruciatus,
1355 2939 1716 3006 lCSllttllSItlllIS
1764 2954 1874 2992 sua:
1929 2938 2204 2992 veritatem
2260 2951 2354 2989 sua

767 3013 1062 3078 constantia
1095 3010 1476 3078 comprobarit.
1509 3011 1585 3064 Ls;
1621 3010 1712 3063 I’n.

835 3076 909 3152 (ιε)
940 3081 1003 3137 ln
1033 3083 1164 3151 Cyro
1192 3076 1297 3136 ursi
1327 3083 1601 3136 cicatrices.
1638 3079 1824 3134 Tradit
1857 3078 2004 3132 illum
2037 3077 2356 3147 Χοιιονιιοιι,

2462 2581 2551 2654 lib.
2595 2583 2643 2647 I,
2688 2583 2824 2639 inter
2857 2583 3154 2638 venandum
3185 2599 3306 2638 cum
3344 2599 3469 2638 urso
3499 2599 3849 2654 congressum
3901 2589 4066 2641 fuisse

2459 2651 2656 2731 Cyrum
2696 2656 2991 2731 minorem.
3022 2671 3180 2731 quem
3211 2655 3349 2710 idem
3389 2654 3562 2725 Cyrus
3603 2651 3839 2725 {necoptis
3878 2660 4065 2712 vulne-

2467 2724 2902 2778 rilmsinterimit.
2931 2725 3004 2779 [λιιι
3035 2727 3128 2778 I’n.

2534 2793 2615 2864 (d)
2647 2795 2796 2848 Mora
2832 2797 3208 2850 resurrectionis
3235 2797 3338 2850 illic
3375 2797 3614 2851 luendum
3649 2798 4064 2864 ill‘erpl'flt'l’lltr.

2465 2863 2520 2918 In
2546 2863 2698 2919 mora
2746 2867 3154 2922 resmrectionis
3186 2869 3394 2936 purgari
3436 2869 3679 2930 animas,
3710 2879 3764 2923 et
3787 2863 4065 2922 IlltttltCttllt

2464 2936 2714 3010 qUodque
2739 2937 2992 3010 delictum
3023 2939 3224 3005 cluere,
3257 2939 3382 3008 quid
3409 2939 3550 2994 aliud
3579 2954 3738 3010 quant
3771 2951 4018 3010 purgator
4035 2942 4066 2995 ii

2475 3008 2670 3076 roma?
2703 3009 2776 3063 LE
2807 3009 2898 3063 l‘u.

1214 3399 1581 3489 QUINTI
1644 3400 2126 3472 SEPTIMII
2174 3398 2800 3472 FLORENTIS
2861 3400 3606 3474 TEB'I‘ULLIANI

1418 3594 1690 3736 DE
1787 3587 2460 3738 CARNE
2547 3591 3420 3742 CHRISTI.

2190 3873 2668 3916 .___ogo___

2091 4051 2730 4158 argumentum.

769 4243 846 4300 De
892 4243 1058 4298 carnis
1100 4241 1285 4296 Christi
1343 4241 1547 4294 veritate
1586 4239 1935 4308 disputaturus
1979 4239 2349 4303 Tertullianus,
2379 4241 2424 4301 C
2459 4240 2682 4305 Addens,
2733 4241 2970 4310 angelum
3011 4238 3156 4292 illunt
3202 4237 3406 4308 igneum
3456 4237 3940 4305 Apellecianorum,
3990 4255 4071 4292 se-

841 4336 1088 4405 intprimis
1117 4335 1290 4400 scripti
1337 4333 1648 4386 Occasionem
1675 4333 1961 4403 signi/icat;
1987 4334 2141 4400 quod,
2181 4332 2265 4397 qui
2287 4347 2359 4383 re-

842 4429 1163 4484 surrectionis
1194 4427 1346 4496 [idem
1376 4426 1730 4494 inquietarent,
1760 4427 1912 4479 etiam
1941 4441 2144 4479 carnem
2169 4423 2359 4478 Christi

842 4519 1200 4590 qua'stionibus
1225 4517 1580 4570 distraherent.
1610 4515 1739 4585 Cap.
1776 4516 1814 4569 I.

775 4614 852 4667 Ad
879 4613 1160 4666 institutunt
1189 4617 1354 4661 autem
1381 4607 1601 4672 veniens,
1629 4605 1872 4660 adversus
1905 4607 2241 4669 Marcionem,
2272 4608 2360 4676 qui

843 4704 952 4771 eius
993 4701 1252 4756 historiam
1296 4715 1360 4753 ea:
1408 4698 1683 4766 Evangelia
1728 4699 2024 4766 auferebat;
2074 4700 2360 4753 traditionis

846 4793 1139 4865 apostolica:
1167 4790 1545 4863 prcscriptione
1581 4786 1767 4844 Christi
1808 4791 2117 4845 nativitatem
2159 4790 2357 4862 probat.

843 4887 974 4953 Cap.
1006 4881 1070 4936 Il.

778 4975 974 5031 Deinde
1011 4989 1169 5044 neque
1213 4972 1570 5041 impossibilem
1600 4973 1758 5042 fuisse
1803 4983 1887 5026 aut
1936 4975 2360 5028 incont'enientent

850 5067 980 5121 Deo.
1009 5067 1136 5134 Cap.
1170 5063 1257 5118 Ill.

787 5158 956 5226 Neque
982 5158 1128 5211 ctiant
1152 5153 1260 5209 Deo
1288 5155 1568 5224 indignam,
1604 5169 1759 5224 neque
1783 5156 2009 5208 stultam.
2041 5155 2168 5224 Cap.
2201 5154 2288 5207 IV.

782 5251 904 5306 Non
930 5250 1095 5318 itaque
1118 5248 1168 5300 in
1197 5247 1567 5316 phantasmate,
1599 5246 1687 5297 sed
1715 5261 1824 5298 rere
1841 5247 2138 5311 cruciﬁxum
2162 5257 2206 5299 et
2231 5263 2364 5299 mor-

852 5354 994 5396 tuum
1023 5340 1376 5408 (quantumvis
1424 5338 1573 5390 ctiatn
1604 5337 1656 5389 id
1699 5347 1899 5406 negaret
1920 5335 2215 5406 Marcion),
2257 5355 2365 5393 uere

849 5447 1045 5502 quoque
1062 5439 1240 5484 natum
1267 5428 1543 5484 Christum.
1575 5427 1706 5496 Cap.
1735 5427 1797 5480 V.

780 5527 902 5583 Jam
940 5525 1180 5579 adversus
1206 5520 1435 5594 Apellem
1474 5521 1708 5585 deducit,
1741 5519 1995 5576 Christum
2026 5523 2088 5575 dc
2117 5523 2364 5577 sideribus

851 5628 894 5674 et
915 5617 1204 5673 substantiis
1231 5616 1507 5685 superioris
1539 5615 1714 5667 mundi
1746 5631 1946 5669 carnem
1986 5632 2085 5670 non
2113 5633 2218 5671 esse
2253 5635 2362 5671 tnu-

853 5718 1068 5764 tuatum.
1099 5706 1226 5778 Cap.
1262 5705 1348 5760 VI.

784 5803 1116 5863 Interserens,
1170 5801 1296 5853 nihil
1338 5816 1427 5868 pro
1457 5800 1559 5852 illis
1602 5799 1766 5865 facere
1808 5800 1934 5852 illud
1981 5801 2166 5857 Christi
2195 5819 2210 5855 :
2237 5804 2362 5867 Qua:

855 5895 974 5950 mihi
1011 5904 1188 5961 mater,
1221 5903 1264 5947 et
1289 5894 1374 5963 qui
1407 5893 1528 5946 mihi
1548 5893 1768 5964 fratres?
1791 5892 1918 5962 Cap.
1956 5893 2059 5946 \II.

2533 4335 2752 4388 cundum
2781 4350 2864 4388 eos
2885 4334 3034 4387 etiam
3057 4332 3277 4386 calestia
3305 4347 3368 4384 ea:
3396 4331 3689 4400 poenitentia
3722 4331 3897 4383 delicti
3928 4333 4078 4385 iusti.

2537 4426 2720 4490 tuisse;
2750 4435 2900 4494 atque
2920 4423 3045 4476 adeo
3073 4423 3116 4475 si
3142 4421 3204 4474 de
3228 4419 3475 4474 sideribus
3495 4429 3706 4488 structa,
3737 4425 4076 4489 peccatricem

2535 4517 2689 4585 fuisse
2719 4533 2918 4569 carnem
2948 4499 3154 4568 Christi.
3186 4513 3314 4584 Cap.
3349 4511 3483 4567 VIII.

2469 4628 2530 4682 lit
2571 4645 2706 4689 vero,
2752 4629 2922 4682 omnia
2971 4642 3100 4682 verte
3144 4627 3311 4680 carnis
3357 4626 3503 4695 signa
3547 4626 3601 4678 in
3648 4624 3851 4680 Christo
3883 4628 4069 4693 fuisse.

2535 4721 2664 4792 Cap.
2699 4719 2788 4775 IX.

2469 4837 2710 4900 Rursum,
2737 4837 2977 4890 adversus
2998 4837 3126 4889 alios
3146 4835 3414 4905 quosdam,
3438 4851 3595 4905 neque
3609 4835 3889 4890 animalem
3913 4838 4076 4907 fuisse

2535 4929 2722 4985 Christi
2752 4946 2954 4982 carnem
2979 4928 3199 4982 deducit.
3231 4926 3362 4997 Cap.
3389 4926 3458 4982 Χ.

2470 5021 2646 5091 Neque
2667 5022 2819 5074 etiam
2848 5021 3123 5073 carnalem.
3153 5017 3282 5090 Cap.
3313 5018 3405 5074 XI.

2475 5111 2680 5188 Venisse
2703 5115 2853 5166 etiam
2882 5110 3157 5174 Christum,
3191 5129 3290 5165 non
3317 5121 3368 5164 ut
3394 5112 3566 5164 anima
3597 5113 3819 5180 seipsam
3841 5127 4076 5184 cognos-

2537 5216 2686 5270 ceret,
2717 5204 2804 5258 sed
2831 5215 2883 5258 ut
2913 5207 3076 5272 ipsam
3097 5204 3288 5257 salvam
3313 5203 3517 5272 faceret.
3545 5203 3676 5273 Cap.
3708 5201 3824 5257 XII.

2475 5294 2651 5350 Fuisse
2676 5298 2793 5349 item
2817 5298 2868 5349 in
2893 5296 3093 5350 Christo
3119 5296 3341 5349 diversas
3374 5294 3704 5360 substantias,
3743 5312 3990 5360 carnem,
4034 5308 4076 5352 et

2539 5390 2779 5442 animant.
2818 5388 2950 5458 Cap.
2981 5386 3120 5441 Xlll.

2471 5500 2652 5556 Solum
2677 5502 2826 5556 etiam
2853 5501 3111 5555 Christum
3138 5501 3293 5572 fuisse
3312 5501 3753 5568 salutiﬁcatorem,
3782 5517 3892 5555 non
3925 5521 4078 5573 ange-

2541 5596 2665 5648 lum.
2696 5594 2823 5664 Cap.
2857 5593 2995 5660 XIV,

2467 5708 2719 5762 Adversus
2746 5719 2916 5763 autem
2956 5708 3297 5772 Valentinum,
3333 5707 3523 5762 Christi
3552 5723 3755 5761 carnem
3783 5709 4079 5777 spiritales

2541 5818 2638 5853 non
2664 5801 2836 5869 fuisse,
2871 5802 3206 5870 prosequitur.
3236 5797 3368 5868 Cap.
3402 5798 3517 5853 XV.

2475 5893 2638 5949 Sicuti
2672 5895 2818 5948 etiam
2849 5893 3084 5948 adversus
3111 5892 3457 5948 illcxundrum
3483 5891 3776 5961 quemdam,
3809 5895 4076 5963 ρει-ταίγε-
