4250 6494
183 409 288 468 753

1505 409 1591 466 DE
1630 406 1864 466 CARNE
1900 409 2188 469 CHRISTI.

3366 411 3469 467 734

252 541 358 579 cem
385 541 484 580 non
508 525 665 597 fuisse
689 541 894 582 carnem
924 526 1135 592 Christi,
1167 536 1234 590 et.
1258 525 1455 582 etiamsi
1481 543 1583 580 non
1618 542 1682 580 ea:
1697 541 1774 579 se-
1801 526 1851 584 Δ
1949 532 2180 600 conferre
2209 544 2324 582 cum
2353 529 2511 583 tribus
2538 526 2660 584 MS.
2691 528 2936 584 uaticanis
2966 527 3252 590 (Iudicibus,
3288 542 3316 581 e
3351 528 3469 597 qui-

255 621 408 683 mire,
435 636 603 673 rerum
630 629 817 674 tamen.
849 620 972 690 Cap.
1007 619 1148 674 XVI.

188 710 358 764 Obiter
386 711 604 782 probans
632 728 695 766 ea:
723 713 988 781 scripturis
1019 711 1278 766 Christum
1306 711 1368 764 de
1424 711 1620 782 virgine
1651 727 1772 763 nas-

253 804 492 856 citurum.
527 803 659 874 Cap.
689 803 852 859 XVII.

187 893 238 948 Ν
244 912 307 948 ou
360 906 642 964 competere
679 899 831 950 etiam
881 913 946 951 ea:
970 898 1159 952 semine
1202 899 1425 951 humano
1461 895 1555 949 Dei
1587 894 1779 950 Filium

253 989 396 1041 nasci
410 1005 428 1051 ;
456 1005 518 1041 ue
542 989 586 1043 si
608 999 734 1043 esset
759 999 893 1042 totus
919 989 1056 1057 ﬁlius
1079 990 1320 1053 hominis,
1346 991 1501 1059 juxta
1534 987 1778 1042 llebionis

253 1081 566 1148 Opinionem,
597 1098 698 1136 non
723 1081 1012 1135 crederetur
1042 1081 1137 1136 Dei
1166 1083 1324 1148 ﬁlius.
1350 1081 1482 1152 Cap.
1522 1079 1704 1134 XVIII.

185 1171 368 1240 Neque
413 1182 582 1227 tamen
626 1170 892 1227 Valentino
931 1175 1102 1244 facere
1150 1173 1285 1227 illud
1314 1173 1376 1226 ab
1419 1188 1478 1226 eo
1518 1173 1782 1226 adultera-

252 1275 360 1316 tum
385 1281 403 1318 :
433 1263 554 1318 Non
583 1280 648 1318 ea:
667 1265 934 1334 sanguine,
967 1281 1059 1318 nec
1087 1281 1150 1319 ea:
1173 1265 1344 1318 carnis
1372 1263 1662 1329 uoluntate,
1693 1279 1782 1317 nec

252 1372 316 1408 ex
345 1356 459 1420 riri,
493 1356 581 1408 sed
604 1372 666 1410 ea:
686 1355 799 1410 Deo
823 1366 973 1410 natus
1011 1367 1104 1410 est.
1129 1355 1262 1425 Cap.
1293 1355 1436 1411 XIX.

186 1445 358 1500 Porro
387 1447 628 1501 adversus
677 1449 879 1503 eosdem
905 1463 1004 1502 non
1044 1464 1134 1519 per
1175 1449 1441 1517 virginem,
1471 1447 1558 1500 sed
1583 1463 1647 1501 ea:
1682 1447 1782 1501 vir-

253 1538 371 1607 giae
393 1549 572 1592 natum
594 1538 869 1603 Christum,
905 1538 1147 1592 latissime
1169 1537 1537 1609 exScripturis
1575 1538 1784 1593 demon-

253 1640 406 1682 strat.
435 1631 564 1700 Cap.
597 1629 716 1696 xx,
744 1631 885 1686 χχι.

184 1721 418 1776 Proinde
458 1725 728 1795 adimpleri
772 1727 825 1779 in
855 1727 935 1779 his
975 1725 1208 1780 erunibus
1235 1726 1581 1796 prapheticam
1616 1741 1784 1780 rocem

254 1815 513 1869 Simeonis
543 1817 607 1870 de
631 1816 832 1871 Christo
859 1833 878 1871 :
909 1817 1042 1872 Ecce
1062 1818 1144 1872 hic
1172 1819 1367 1887 positus
1394 1829 1467 1873 est
1498 1822 1550 1872 in
1582 1820 1782 1890 signum

251 1907 338 1960 cui
367 1907 758 1961 contradicetur.
786 1907 917 1978 Cap.
948 1906 1116 1972 XXII,
1146 1906 1341 1963 XXIII.

180 1995 252 2050 Et
282 1999 583 2067 suggillatos
606 2014 718 2054 esse
743 1999 1004 2056 hereticos
1044 2001 1163 2056 illos
1188 2017 1383 2064 omnes,
1409 2001 1780 2071 prtedictosque

253 2091 308 2142 in
337 2091 642 2159 Scripturis.
674 2091 806 2164 Cap.
838 2093 1032 2148 XXIV.

177 2183 419 2254 Denique
441 2185 632 2256 epilogi
657 2187 763 2241 uice
785 2197 1016 2258 repetens
1041 2189 1165 2259 quid
1186 2191 1282 2244 hoc
1320 2190 1448 2245 libro
1474 2190 1778 2261 probaverit,

253 2277 630 2347 adsequentem
657 2295 724 2334 ne
751 2294 1186 2336 ιεθυιιιιεοτιοχε
1213 2298 1401 2338 ελιιωδ
1423 2281 1604 2336 librum
1649 2294 1786 2337 tran-

253 2372 408 2422 situm
439 2372 580 2440 facit.
603 2370 732 2442 Cap.
763 2371 930 2427 XXV.

176 2461 436 2516 Cceterum
461 2461 826 2532 Tertullianus,
855 2476 1188 2535 pmterqnam
1211 2469 1345 2538 quod
1366 2467 1547 2522 librum
1571 2471 1684 2540 jam
1706 2471 1786 2522 tli-

254 2564 392 2607 ctum
421 2553 488 2608 de
516 2553 925 2614 Resurrectionc
949 2555 1135 2613 Carnis
1156 2560 1272 2612 citat
1290 2561 1427 2630 infra
1458 2561 1548 2616 lib.
1597 2561 1634 2616 V
1662 2563 1779 2616 adv.

259 2646 602 2709 Marcionem,
630 2650 683 2702 in
708 2650 799 2704 illo
819 2652 969 2706 etiam
997 2654 1281 2724 argumenti
1311 2662 1360 2708 et
1381 2654 1514 2709 tituli
1536 2655 1690 2726 hujus
1727 2659 1784 2724 ﬁt

255 2741 468 2795 mentio.
521 2740 829 2811 Propterea,
879 2744 1038 2813 inquit
1081 2762 1128 2798 c.
1162 2745 1205 2799 ΙΙ
1234 2788 1248 2811 ,
1299 2756 1354 2801 et
1402 2762 1498 2801 nos
1534 2749 1783 2803 volumen

259 2834 622 2904 pra-misimus
664 2852 730 2891 oe
770 2835 955 2892 Canae
996 2839 1246 2902 ('nnts'rt,
1277 2854 1384 2909 quo
1411 2855 1529 2894 eam
1575 2851 1628 2895 et
1653 2842 1785 2895 Soli-

257 2927 384 2982 datn
409 2927 697 2997 probamus
718 2927 996 2983 adversum
1021 2931 1406 2999 phantasmatis
1427 2931 1781 2997 nativitatem,

259 3030 311 3074 et
355 3019 641 3073 humanam
683 3018 1012 3073 vindicamus
1062 3021 1318 3075 adversus
1359 3023 1629 3092 qualitatis
1657 3039 1784 3092 pro-

259 3112 567 3180 prietatem.
590 3109 656 3165 Et
671 3127 875 3165 rursum
897 3128 914 3165 :
934 3112 1094 3182 Igitur
1115 3123 1369 3183 quantum
1390 3114 1454 3168 ad
1483 3114 1782 3178 haereticos,

258 3201 768 3268 demonstravimus,
790 3220 896 3274 quo
916 3219 1086 3260 cuneo
1122 3206 1511 3262 occurrendum
1543 3208 1610 3263 sit
1637 3224 1665 3262 a
1691 3224 1785 3262 no-

1952 620 2039 673 bus
2066 637 2165 674 non
2195 637 2384 690 paucos
2408 622 2545 675 locos
2579 621 2932 685 restituimus;
2964 620 3155 673 additis
3189 620 3341 672 etiam
3367 635 3470 672 ar—

1951 724 2187 782 gumento
2213 729 2361 779 nouo,
2390 720 2436 767 et
2461 712 2870 766 annotationibus
2890 713 3092 766 nostris.
3139 711 3274 766 ΡΑΙ.

1880 802 2136 858 Christum
2165 805 2441 859 humanam
2484 806 2818 875 assumpsisse
2861 819 3064 858 carnem
3115 804 3470 867 demonstrat,

1953 910 2130 952 contra
2189 899 2449 953 haereticos
2497 908 2716 968 quatuor
2742 940 2756 959 .
2805 897 3116 952 Marcionem
3135 938 3151 963 ,
3207 895 3436 964 Apellem
3455 936 3470 960 ,

1967 988 2287 1043 Valentinum
2316 999 2361 1044 et
2389 987 2688 1055 Basilidem,
2721 1005 2811 1043 seu
2853 991 3018 1060 potius
3065 989 3308 1042 adversus
3350 1003 3473 1056 qua-

1956 1093 2068 1135 tuor
2122 1083 2334 1137 htereses
2377 1082 2582 1144 scribit,
2642 1082 2860 1150 primam
2915 1079 3359 1137 Marcionitarum.
3389 1093 3472 1131 se-

1954 1177 2175 1230 cundum
2234 1175 2446 1247 Apellis,
2497 1177 2699 1229 tertiam
2749 1184 2794 1230 et
2833 1185 3066 1243 quartam
3098 1171 3477 1227 Valentiniano.

1955 1285 2090 1322 rum.
2129 1267 2333 1322 Vener.

1957 1359 2056 1425 Qui
2085 1358 2241 1414 tidem
2271 1356 2678 1414 resurrectionis
2700 1399 2715 1418 .
2741 1365 2865 1412 ante
2890 1357 3021 1412 istos
3051 1356 3128 1428 (a)
3156 1355 3477 1413 Sadducaao-

1887 1467 2003 1506 rmn
2038 1452 2365 1521 propinquos
2411 1451 2530 1506 sine
2565 1451 2931 1505 controversia
2973 1458 3234 1504 moratam
3269 1447 3342 1519 (b)
3372 1447 3475 1518 (l),

1887 1544 2101 1600 student
2151 1545 2448 1611 inquietare
2473 1588 2488 1612 ,
2523 1554 2580 1599 ut
2617 1560 2735 1599 eam
2781 1559 2932 1615 spem
2977 1551 3173 1615 negent
3206 1543 3368 1598 etiam
3407 1542 3476 1598 ad

1887 1651 2103 1691 carnem
2149 1637 2458 1706 pertinere,
2507 1638 2700 1692 merito
2745 1634 2944 1692 Christi
2997 1651 3208 1708 quoque
3256 1651 3474 1692 carnem

1887 1729 2272 1800 qutestionibus
2287 1726 2610 1794 distrahunt,
2633 1738 2882 1799 tanquam
2901 1738 2991 1782 aut
3013 1727 3209 1782 nullam
3231 1727 3476 1792 omnino,

1889 1830 1976 1875 aut
2004 1835 2218 1890 quoquo
2239 1819 2399 1877 modo
2425 1820 2583 1875 aliam
2623 1829 2815 1890 praeter
2842 1818 3158 1882 humanam;
3191 1833 3260 1874 ne
3288 1817 3334 1873 si
3376 1817 3478 1872 hu-

1815 1917 1863 1977 B
1894 1927 2103 1968 manam
2130 1913 2434 1968 constiterit
2460 1911 2624 1967 luisse
2643 1953 2659 1978 ,
2692 1910 3094 1982 praejudicatmn
3125 1910 3195 1964 sit
3220 1907 3480 1964 adversus

1890 2005 2011 2060 illos
2039 2019 2157 2060 eam
2185 2019 2465 2075 resurgere
2499 2004 2645 2058 omni
2678 2003 2837 2059 modo
2858 2045 2873 2070 ,
2904 2017 3024 2072 qua:
3055 2003 3106 2057 in
3151 2001 3370 2058 Christo
3395 2000 3478 2070 (9.)

1889 2097 2198 2152 resurrexit.
2248 2095 2412 2167 Igitur
2464 2095 2605 2152 unde
2657 2096 2730 2151 illi
2779 2095 3066 2150 destruunt
3114 2095 3292 2151 carnis
3331 2105 3474 2158 vota,

1889 2189 2012 2245 inde
2041 2189 2193 2245 nobis
2227 2186 2310 2261 (3)
2339 2199 2497 2245 erunt
2526 2186 2911 2258 prtestruenda.
2947 2187 3332 2243 Examinemus
3359 2203 3454 2242 cor

1891 2283 2128 2353 poralcm
2152 2282 2504 2336 substantiam
2537 2280 2744 2335 Domini
2782 2299 2795 2335 :
2841 2280 2908 2334 de
2935 2279 3161 2350 spiritali
3193 2281 3336 2334 enim
3358 2295 3477 2335 cer-

1890 2385 1999 2428 tum
2057 2383 2156 2429 est.
2209 2374 2400 2427 Carnis
2439 2372 2519 2445 (4)
2554 2372 2812 2442 quaeritur
2869 2374 3097 2434 veritas,
3143 2381 3199 2426 et
3249 2373 3477 2442 qualitas

1887 2467 2004 2537 ejus
2033 2466 2108 2538 (c)
2137 2474 2456 2521 retractatur
2485 2464 2588 2538 (5).
2613 2481 2680 2519 an
2717 2464 2906 2528 fuerit,
2938 2474 2992 2519 et
3021 2464 3162 2521 unde
3183 2505 3195 2527 ,
3220 2475 3273 2518 et
3296 2464 3479 2534 cujnsa

1890 2558 2032 2613 modi
2069 2557 2242 2612 fuerit.
2279 2556 2358 2629 (tl)
2387 2557 2728 2612 “enuntiatio
2753 2556 2891 2626 ejus,
2914 2555 3062 2610 dabit
3086 2557 3253 2626 legem
3283 2566 3479 2609 nostra:

1891 2654 2286 2709 resurrectioni.
2331 2652 2600 2717 Marcion,
2639 2661 2696 2705 ut
2736 2665 2954 2706 carnem
2994 2650 3191 2707 Christi
3234 2658 3476 2719 negaret,

1891 2749 2100 2817 negarit
2123 2745 2283 2800 etiam
2309 2745 2666 2805 nativitatem;
2690 2751 2780 2797 aut
2803 2751 2858 2795 ut
2881 2742 3209 2797 nativitatem
3235 2750 3478 2810 negaret.

1891 2839 2101 2909 negavit
2122 2847 2172 2891 et
2199 2851 2414 2891 carnem
2443 2851 2454 2888 :
2488 2835 2558 2907 (e)
2581 2835 2806 2898 scilicet,
2841 2849 2906 2889 ne
2941 2835 3166 2888 invii-em
3202 2832 3301 2885 sibi
3332 2835 3482 2886 testi-

1892 2933 2127 2986 monium
2183 2928 2470 2985 redderent
2510 2939 2564 2981 et
2621 2926 3012 2998 responderent.
3041 2925 3123 2997 ((3)
3155 2926 3401 2980 nativitas
3429 2934 3483 2981 ct

1889 3039 2052 3084 caro;
2096 3023 2219 3094 quia
2259 3035 2357 3076 nec
2401 3020 2648 3075 nativilas
2691 3021 2808 3074 sine
2848 3034 3047 3085 Carne,
3082 3034 3178 3074 nec
3203 3032 3330 3071 caro
3360 3018 3477 3071 sine.

1893 3117 2181 3171 nativitate.
2213 3113 2376 3181 Quasi
2409 3128 2512 3167 nou
2543 3110 2731 3165 eadem
2761 3111 2969 3165 licentia
3004 3110 3249 3164 haeretica
3281 3120 3332 3164 et
3363 3110 3480 3179 ipsa

1891 3209 2165 3278 potuisset,
2201 3213 2310 3269 aut,
2339 3203 2568 3258 admissa
2586 3216 2770 3265 carne,
2808 3201 3135 3256 nativitatem
3164 3214 3358 3268 negare
3383 3241 3398 3264 ,
3428 3209 3484 3253 ut

260 3297 368 3359 his,
416 3303 471 3349 et
511 3310 791 3350 occursum
839 3307 922 3351 est
965 3297 1074 3366 jam
1121 3313 1220 3352 suo
1265 3313 1476 3369 quoque
1526 3299 1678 3354 titulo
1719 3317 1785 3355 ot:
1812 3307 1857 3368 C
1893 3298 2108 3369 Apelles
2156 3294 2483 3365 discipulus,
2518 3303 2572 3348 et
2621 3301 2804 3362 postea
2849 3279 3091 3347 desertor
3140 3292 3341 3360 ipsius;
3391 3302 3482 3345 aut

260 3401 438 3440 CARXE
466 3401 646 3441 boum
676 3402 942 3442 sovensus
971 3403 1254 3454 uaneses;
1281 3389 1344 3442 ad
1378 3389 1512 3444 hanc
1553 3391 1787 3446 maxime

261 3479 620 3548 qmestionem
676 3480 1121 3550 praestruendam.
1177 3480 1524 3550 l’rwterquam
1576 3494 1784 3548 autem,

263 3573 406 3642 quod
456 3571 577 3627 MS.
631 3573 863 3628 uiderunt
892 3575 1016 3629 olim
1063 3577 1200 3631 hunc
1247 3577 1430 3631 librum
1481 3576 1788 3633 Trithemius

263 3663 425 3717 abbas
463 3676 512 3719 et
562 3666 853 3722 Politianus
904 3670 1028 3724 locis
1067 3687 1201 3740 stupe
1233 3674 1434 3737 citatis;
1477 3673 1637 3727 edidit
1675 3675 1758 3745 pri
1772 3706 1786 3715 -

263 3774 382 3811 rnus
407 3759 459 3811 in
498 3761 660 3813 lucem
690 3777 752 3815 ea:
778 3761 1130 3833 Ilirsaugiensi
1157 3775 1201 3816 et
1235 3763 1616 3821 Paterniacensi
1645 3769 1785 3822 lihe-

265 3868 438 3904 nanus
478 3868 592 3905 cum
626 3853 854 3914 scholiis.
917 3854 1101 3908 deinde
1129 3867 1176 3909 et
1223 3859 1631 3913 annotationibus
1665 3860 1789 3913 illu-

263 3952 486 3998 stratam
514 3945 776 4016 castigavit
799 3961 862 3999 ex
900 3943 1160 4002 Corzieusi
1193 3949 1384 4003 codice.
1421 3949 1622 4004 Interea
1647 3967 1784 4016 vero,

262 4035 409 4107 quod
435 4035 803 4090 desideraretur
828 4038 879 4090 in
911 4036 1142 4093 Ltelandi
1160 4039 1442 4096 britannico
1457 4041 1647 4109 codice,
1675 4059 1787 4096 cum

263 4148 297 4184 ιι
351 4127 564 4182 Colonia
608 4142 705 4180 non
745 4129 806 4181 sit
853 4131 1174 4200 ret-agnitus,
1220 4148 1387 4203 aperte
1433 4135 1650 4204 pretium
1690 4135 1790 4205 fuit

1893 3403 1944 3448 et
1973 3393 2048 3464 (7)
2072 3404 2288 3446 carnem
2317 3397 2370 3443 et
2393 3387 2725 3443 nativitatem
2752 3385 3029 3441 confessus
3049 3426 3063 3448 ,
3087 3386 3244 3440 aliter
3265 3385 3382 3440 illas
3404 3383 3495 3457 (8).

1895 3482 2280 3552 interpretari,
2323 3491 2380 3534 ut
2438 3477 2836 3546 condiscipulus
2880 3485 2933 3530 et
2978 3475 3324 3530 condesertor
3365 3475 3481 3544 ejus

1897 3574 2228 3630 Valentinus.
2277 3571 2381 3626 Sed
2410 3579 2465 3626 et
2497 3570 2586 3639 qui
2613 3582 2828 3623 carnem
2853 3565 3050 3622 Chrisd
3084 3569 3368 3638 putativam
3396 3569 3480 3622 in-

1896 3667 2171 3727 troduxit,
2219 3679 2372 3734 teque
2441 3663 2613 3733 potuit
2659 3660 2988 3716 nativitatem
3043 3676 3254 3732 quoque
3309 3661 3480 3731 phan-

1892 3769 2062 3816 tasma
2095 3758 2175 3830 (9)
2206 3757 2515 3828 contingere
2543 3797 2557 3821 ,
2593 3763 2651 3810 ut
2684 3763 2740 3810 et
2779 3763 3068 3823 conceptus
3099 3794 3113 3817 ,
3156 3763 3208 3808 et
3235 3768 3481 3823 pra‘gnao

1895 3866 1980 3909 tus
2005 3855 2097 3925 (Γ),
2129 3862 2183 3908 et
2211 3859 2394 3923 partus
2429 3849 2650 3919 virginis
2677 3890 2692 3913 ,
2741 3857 2794 3903 et
2842 3847 3006 3917 ipsius
3047 3845 3241 3901 exinde
3270 3845 3484 3899 infantis

1893 3947 2043 4010 ordo,
2081 3946 2154 4016 (g)
2205 3955 2260 4002 τὸ
2313 3941 2428 4016 (10)
2485 3946 2634 3996 δοκεῖν
2683 3939 3004 3995 haberentur
3049 3937 3168 4009 (ll)
3221 3937 3481 3993 :eosdcm

1895 4040 2102 4104 oculos,
2126 4037 2344 4094 eosdem
2374 4049 2564 4091 sensus
2585 4016 2918 4100 fefellissent,
2947 4047 3081 4104 quos
3100 4032 3276 4088 carnis
3299 4032 3480 4102 opinio

1897 4132 2077 4188 elusit.

1416 4248 1794 4306 LECTIONES
1833 4244 2245 4304 VARIANTES.

259 4381 280 4447 (
291 4381 339 4447 l)
365 4379 593 4447 Istaadd.
622 4379 925 4447 ltig._Venet.

260 4441 342 4501 (2)
364 4445 604 4495 Christum
629 4441 776 4494 eam
799 4442 950 4494 Rhen.
970 4447 1111 4494 Pam.

261 4505 342 4573 (ὃ)
368 4506 666 4573 lfobispbest
687 4521 718 4555 tt
729 4505 842 4573 mg.
878 4509 1041 4558 Venet.

262 4569 279 4626 (
293 4567 343 4631 4)
369 4567 489 4631 Caro
511 4567 936 4631 ςεηιι.11ξῃ.’νεη.

266 4629 346 4691 (ὅ)
370 4629 710 4691 Betractautur
733 4629 878 4682 Seml.

271 4690 345 4755 (6)
370 4690 749 4755 Respondet-ent
771 4704 807 4740 tt
819 4705 950 4744 mae.
976 4693 1116 4745 delet.
1143 4701 1191 4746 et
1224 4695 1352 4747 abest
1385 4709 1416 4746 a
1449 4698 1569 4746 Par.
1609 4695 1791 4746 reddo-

1895 4389 2009 4433 rent
2031 4389 2083 4433 et
2103 4381 2233 4432 abest
2255 4392 2284 4429 a
2306 4377 2388 4429 lib.
2421 4374 2602 4428 Ursini.

1955 4444 2028 4504 (7)
2051 4445 2112 4494 Et
2128 4445 2257 4493 abest
2277 4455 2312 4504 a_
2331 4440 2438 4504 Rig.

1957 4501 2028 4570 (8)
2054 4505 2157 4570 Illis
2177 4501 2330 4570 Seml.
2349 4501 2501 4570 Rhea.

1977 4571 2022 4628 9)
2054 4567 2327 4628 Nativitatis
2346 4579 2395 4628 q.
2423 4565 2752 4628 pliatuastnsta
2779 4572 2912 4614 Pam.
2934 4562 3083 4616 Rhen.

1955 4579 2037 4691 (ei)
2054 4579 2327 4618 Natu/uatis
2346 4579 2395 4628 q.
2423 4579 2483 4628 pn

1815 4646 1868 4704 Β
1959 4634 1999 4753 ti
2015 4634 2062 4755 ιζ
2084 4627 2485 4743 itam’iﬁr’iz;

1959 4683 1977 4760 ζ
1987 4696 1998 4743 I
2015 4683 2062 4755 li
2084 4683 2368 4743 Haberetur
2392 4692 2536 4739 Pam.
2562 4686 2713 4739 Rhea.

1559 4819 2118 4880 COMMENTARIUS.

274 4937 431 4994 CAP.
468 4936 508 4992 I.
540 4935 716 5009 -7(a)
762 4935 1165 4993 Sadducteornm
1203 4940 1529 5008 propinquos.
1569 4938 1792 5009 “teretia

187 5024 303 5065 cos
330 5009 591 5078 signiﬁcat
611 5008 954 5076 Marcioucm,
977 5012 1212 5080 Apellem
1241 5021 1294 5064 et
1324 5010 1679 5068 Valentinum,
1702 5008 1791 5077 qui

189 5083 374 5148 longe
406 5080 683 5151 intervallo
705 5081 1116 5151 SadtlquoI-um
1142 5081 1383 5134 haeresim
1408 5081 1789 5151 sequebantur.

184 5154 340 5207 Sive
363 5150 686 5219 propinquos
709 5150 938 5206 Sadduc.
966 5159 1118 5204 vorat
1137 5151 1402 5220 quoslibet
1427 5150 1706 5205 haireticos
1729 5150 1796 5203 de

185 5223 386 5279 anima
418 5222 555 5275 male
580 5223 890 5276 sentientes.
919 5222 1288 5275 Controversia
1315 5231 1396 5275 cst
1421 5238 1487 5276 an
1519 5221 1793 5276 Sadducsei

186 5293 338 5348 dicti
365 5293 471 5345 sint
497 5292 563 5346 ab
589 5291 740 5346 hebr.
769 5295 902 5346 om
921 5333 936 5354 ,
955 5291 1150 5358 justus,
1182 5291 1320 5361 quod
1347 5293 1566 5346 credere
1592 5291 1797 5346 videtur

183 5364 266 5420 S.
297 5363 676 5432 Hieronymus,
716 5377 793 5432 an,
830 5377 858 5414 a
905 5361 1112 5416 Sadock
1170 5363 1518 5417 lueresiarcha
1564 5363 1649 5432 qui
1701 5362 1800 5414 suh

190 5432 520 5492 Alexandro
543 5431 729 5501 Magno
771 5431 969 5486 ﬂoruit.
1000 5432 1087 5488 Sic
1116 5433 1177 5487 Il.
1211 5432 1473 5488 Abraham
1525 5431 1800 5487 in'Cabala

191 5507 361 5560 Irish.
392 5514 448 5555 et
479 5503 653 5556 Helias
685 5503 840 5557 levita
873 5502 924 5558 in
955 5501 1112 5557 Tisbi.
1143 5503 1220 5558 LI
1251 5505 1346 5558 Pu.

286 5575 370 5644 (b)
413 5571 684 5626 Moratum.
740 5573 994 5628 Moratam
1053 5575 1211 5628 ﬁdem
1262 5583 1415 5630 vocat
1454 5575 1700 5631 stabilem
1739 5587 1803 5629 ac

190 5647 448 5704 ﬁrmam.
481 5653 639 5712 atque
679 5644 1068 5699 inconcussam.
1102 5646 1236 5700 Pun.

288 5716 366 5786 (c)
420 5713 758 5787 Retractatur.
808 5713 1104 5770 Retractare
1124 5759 1138 5781 ,
1170 5731 1267 5784 pro
1295 5724 1511 5771 tractare
1531 5759 1545 5777 .
1579 5727 1800 5787 praeter-

189 5785 380 5857 quam
431 5785 597 5857 ali_hi.
643 5785 802 5840 etiam
861 5786 961 5842 hoc
1018 5787 1152 5842 libro
1205 5802 1311 5842 non
1367 5787 1532 5843 semel
1584 5785 1807 5857 usurpat

197 5855 442 5918 Auctor.
485 5855 620 5910 Pu.

295 5926 378 5997 (tl)
404 5925 728 5981 "enuntiatio
748 5927 876 5996 ejus.
908 5927 1301 6005 Renuntiantur
1322 5931 1660 6003 magistratus
1686 5941 1806 5983 cum

1896 4936 2199 5003 eliguntur;
2229 4929 2568 5003 renuntiatur
2594 4928 2833 5003 amicitia
2875 4943 2995 5003 qua!
3018 4926 3358 5003 dissolvitur.
3393 4925 3491 4980 llic

1900 4999 2222 5060 rctiunlialio
2258 5001 2644 5056 demonstratio
2675 5009 2758 5054 est
2785 5008 2840 5053 et
2867 4999 3126 5052 deﬁnitio.
3170 4999 3341 5052 ltueu.

1970 5078 2045 5148 (ei)
2078 5073 2303 5148 Scilicet
2341 5089 2404 5126 ne
2445 5073 2667 5148 inv-ieeur
2693 5069 2788 5125 sibi
2826 5071 3161 5148 testimonium
3201 5068 3491 5148 redderent.

1902 5141 2274 5218 As'ynthethon
2300 5153 2411 5207 est;
2439 5159 2560 5197 nam
2588 5141 2725 5218 solet
2746 5142 2992 5194 omittere
3017 5141 3345 5218 cottttexivas
3373 5155 3492 5206 par-

1903 5211 2089 5273 ticulas
2110 5257 2125 5279 ,
2156 5230 2273 5274 num
2306 5229 2391 5269 res
2419 5213 2796 5268 obscuritatem
2829 5211 3064 5265 sermoni
3111 5224 3491 5280 nonnunquam

1906 5290 2062 5359 parit.
2085 5303 2184 5359 c_eu
2214 5285 2516 5359 monuimus
2535 5293 2678 5337 ante.
2712 5281 2884 5335 Ruen.

1977 5359 2044 5430 (ἶ)
2101 5357 2418 5426 Prtegnatus.
2467 5353 2796 5430 Praegnatum
2826 5353 2926 5430 sub
2960 5351 3126 5405 l'orma
3164 5359 3369 5430 quartae
3410 5349 3494 5430 in-

1906 5421 2154 5486 ﬂeitionis
2179 5421 2399 5495 usurpat
2429 5441 2525 5495 pro
2565 5421 3009 5495 impraegnatione,
3061 5423 3300 5492 gaudens
3339 5421 3498 5488 hujus

1907 5493 2321 5558 terminationis‘
2345 5493 2646 5551 vocabulis.
2678 5493 2853 5548 Busa.

1978 5571 2060 5642 (ς)
2088 5577 2175 5623 ΤΟ
2203 5575 2467 5623 ΔΟΚΕΙΝ.
2510 5563 2908 5642 Syneedochica
2935 5564 3132 5642 locutio
3158 5573 3258 5618 est.
3291 5559 3497 5616 Subau.

1907 5637 2051 5698 ditur
2081 5641 2386 5710 praepositio
2416 5637 2561 5702 ante,
2582 5642 2707 5710 atch
2732 5638 2975 5710 τεῇ-δοκεῖν
2996 5678 3010 5699 ,
3035 5637 3138 5710 hoc
3163 5644 3240 5688 est
3260 5674 3277 5698 ,
3305 5646 3499 5710 secun-

1907 5715 2032 5768 dum
2062 5701 2631 5770 existimationem,ut
2662 5705 2908 5760 videlicet
2948 5708 3019 5761 ita
3054 5704 3343 5764 videretur,
3375 5701 3500 5770 licet

1909 5784 2084 5851 rcipsa
2115 5797 2218 5835 non
2246 5791 2408 5835 esset.
2461 5769 2631 5851 Rneu.
2655 5805 2737 5851 -;
2752 5774 3106 5851 Hieronymus
3127 5815 3144 5840 ,
3177 5775 3282 5851 liv.‘
3300 5770 3347 5851 |_I
3368 5769 3498 5825 adv.

1913 5842 2092 5925 Pelag.
2127 5871 2141 5906 :
2171 5851 2353 5906 Carnis
2388 5844 2804 5925 inﬁrmitas_Deo
2839 5842 3118 5925 habitatore
3145 5842 3424 5925 gaudebat,
3451 5851 3502 5925 et

1912 5913 2077 5981 tamen
2106 5938 2390 5979 mensuram
2419 5913 2711 5992 fragilitatis
2752 5933 2858 5971 sum
2902 5913 3270 5971 excedere—non
3309 5913 3508 5983 potuit.
