4250 6494
749 395 852 452 759

2164 391 2625 451 TERTULLIANI

3933 402 4042 459 760

752 511 975 564 ridetur.
1014 508 1254 581 (u)llanc
1294 508 1692 565 venerationem
1721 508 1798 577 (1)
1838 516 2062 575 natum,
2093 508 2330 580 mlitar-

2444 510 2661 571 tiemim,
2691 510 3098 577 niiserieorilize,
3132 510 3498 572 innocentiae?
3525 513 3715 570 Omnia
3761 515 3879 573 lucc
3917 520 4041 586 qui-

750 625 763 650 ο
785 606 892 669 iou,
912 604 1165 673 despnis;
1197 613 1252 658 et
1282 619 1391 675 quo
1417 605 1575 658 modo
1604 614 1759 658 natus
1785 604 1881 658 es?
1906 603 2071 657 0diin
2107 617 2333 655 ua<cen.

753 709 857 750 lem
874 699 1161 761 honinem;
1194 708 1242 749 cl
1262 712 1370 767 quo
1387 696 1545 751 modo
1561 696 1737 766 diligis
1752 696 2014 765 aliquem?
2034 694 2109 750 Te
2122 694 2334 763 quidem

751 792 904 860 plane
953 808 1056 844 non
1105 791 1291 843 amasti
1324 831 1337 851 ,
1380 805 1499 844 cum
1542 789 1609 845 ab
1640 790 1878 844 Ecclesia
1909 799 1962 844 et
2010 788 2113 842 fide
2138 787 2336 841 Christi

750 881 1039 935 receSsisti.
1072 880 1177 935 Sed
1206 880 1403 935 videris
1425 922 1438 945 ,
1477 882 1520 934 si
1553 881 1644 935 tibi
1676 881 1925 951 displices
1951 920 1967 946 ,
1993 888 2086 933 aut
2107 878 2151 932 si
2180 879 2335 934 aliter

748 991 807 1027 es
838 984 991 1028 ualns
1020 974 1125 1045 (⁸5).
1169 976 1323 1029 Certe
1360 975 1601 1031 Christus
1632 975 1819 1029 dilexit
1859 974 2133 1029 hominem
2185 973 2332 1029 illum

751 1067 805 1118 ill
843 1066 1188 1120 immunditiis
1211 1108 1225 1131 ,
1257 1067 1308 1119 ili
1348 1075 1499 1120 utero
1526 1066 1858 1136 coagulatum
1888 1108 1903 1131 ,
1934 1066 2080 1121 illnnl
2111 1081 2206 1135 per
2235 1080 2333 1135 plt-

748 1159 921 1214 denda
945 1162 1228 1231 prolatum,
1256 1161 1400 1215 illum
1428 1176 1521 1230 per
1541 1160 1764 1215 ludibria
1794 1160 2053 1214 nutritum
2080 1177 2092 1213 :
2117 1170 2337 1229 propter

747 1271 867 1308 eum
890 1255 1199 1320 descendit;
1226 1263 1441 1327 propter
1461 1270 1582 1309 eum
1610 1254 1949 1325 prmdicavit;
1974 1262 2191 1323 propter
2212 1268 2335 1307 eum

747 1347 893 1400 utnni
923 1362 984 1401 se
1010 1345 1309 1401 humilitate
1333 1346 1529 1417 dejecit
1570 1362 1729 1416 usque
1768 1346 1836 1399 ad
1865 1354 2096 1407 mortem,
2128 1354 2173 1398 et
2202 1361 2336 1398 mor-

747 1448 844 1492 tem
860 1439 1024 1492 crucis
1042 1437 1261 1507 (Philip.
1279 1436 1366 1507 ll).
1392 1439 1601 1492 Amavit
1633 1439 1833 1507 utique,
1847 1452 2005 1507 quem
2035 1452 2226 1505 magno
2252 1436 2335 1507 (4)

748 1530 992 1584 redemit.
1033 1531 1086 1585 Si
1116 1529 1363 1585 Christus
1391 1528 1659 1585 Creatoris
1683 1529 1762 1601 (5)
1792 1540 1897 1595 est,
1952 1544 2105 1583 suum
2147 1531 2338 1583 merito

748 1624 986 1685 amavit;
1015 1624 1059 1677 si
1086 1623 1153 1677 ab
1180 1624 1427 1678 alio'Deo
1456 1635 1537 1679 est
1557 1665 1572 1688 ,
1605 1624 1777 1694 magis
1803 1624 2102 1687 adamavit,
2125 1622 2338 1693 quando

746 1716 977 1771 alienum
1010 1717 1255 1771 redemit.
1317 1718 1527 1771 Amavit
1580 1732 1709 1785 ergo
1754 1732 1874 1772 cum
1917 1717 2130 1772 homine
2175 1716 2337 1771 etiam

750 1809 1077 1863 nativitatem
1105 1850 1119 1871 ,
1153 1812 1311 1864 etiam
1355 1825 1571 1870 carnem
1616 1811 1750 1879 ejus.
1805 1810 1943 1865 Nihil
1973 1811 2138 1865 amari
2170 1820 2340 1878 potest

2441 602 2561 654 dem
2605 603 2764 657 stulta
2796 621 2900 658 non
2932 617 3070 659 sunt.
3107 606 3299 672 Qua're
3334 623 3464 679 ergo
3486 604 3554 662 de
3582 610 3773 678 quibus
3803 610 3997 665 diverit
4024 630 4038 672 ;

2442 703 2495 747 et
2533 695 2576 747 si
2621 704 2671 747 te
2702 699 3105 765 praesumpseris
3137 700 3402 754 inuenisse
3427 742 3440 762 ,
3484 715 3589 755 non
3626 702 3733 755 erit
3776 713 3884 755 tam
3918 705 4037 771 (13)

2440 787 2658 839 stulzum
2684 828 2699 854 ,
2727 804 2884 858 quam
2917 791 3033 859 (l6)
3059 790 3284 846 credere
3308 793 3359 847 in
3394 793 3560 848 Deum
3585 803 3764 848 natum
3790 836 3805 859 ,
3834 805 3888 849 et
3915 798 4041 865 qui—

2441 879 2561 935 dem
2594 896 2660 935 ex
2696 881 2933 950 virgine,
2966 892 3019 937 et
3063 882 3279 953 quidem
3325 899 3580 939 carneum
3606 928 3619 949 ,
3665 886 3753 953 qui
3795 901 3895 955 per
3921 888 4044 941 illas

2441 980 2644 1025 natura:
2673 972 3027 1028 contumelias
3070 974 3334 1031 volutatus
3364 976 3453 1030 sil.
3497 976 3643 1031 Dicat
3681 976 3796 1031 haec
3845 978 4043 1047 aliquis

2438 1062 2597 1117 stulta
2623 1076 2729 1116 non
2761 1078 2911 1128 esse,
2939 1072 2994 1119 et
3028 1065 3131 1119 alia
3158 1067 3265 1119 sint
3286 1107 3298 1124 .
3325 1081 3444 1135 qua:
3481 1066 3622 1121 Deus
3654 1067 3704 1120 in
3735 1069 4042 1121 :emulatio-

2439 1170 2562 1209 nem
2583 1155 2802 1226 elegerit
2822 1156 3099 1226 sapientiae
3119 1157 3417 1213 szecularis.
3442 1158 3507 1212 Et
3533 1170 3708 1213 tamen
3724 1160 3864 1229 apud
3891 1160 4041 1213 illam

2441 1248 2645 1303 facilius
2694 1248 2931 1303 creditur
2976 1248 3184 1319 Jupiter
3223 1260 3406 1305 taurus
3454 1252 3627 1306 factus
3669 1262 3764 1306 aut
3813 1266 4038 1322 cycnus,

2438 1356 2597 1411 quam
2630 1356 2758 1397 vere
2790 1343 2950 1398 homo
2977 1340 3245 1403 Christus.
3277 1360 3442 1410 penes
3471 1345 3817 1401 Mareiouem.

3069 1437 3299 1493 CAPUT
3352 1438 3413 1493 ν.

2510 1528 2649 1583 Sunt
2695 1529 2854 1601 plane
2893 1539 2948 1586 et
2992 1531 3094 1585 alia
3137 1541 3243 1586 tam
3287 1532 3447 1586 stulta
3472 1574 3485 1597 ,
3519 1548 3639 1603 qum
3671 1534 3942 1603 pertinent
3973 1532 4044 1587 ad

2439 1623 2789 1677 contumelias
2836 1634 2885 1677 el
2946 1625 3220 1693 passiones
3269 1625 3394 1689 Dei;
3446 1634 3536 1678 aut
3573 1624 3907 1692 prudentiam
3953 1625 4043 1679 di-

2441 1722 2565 1768 cant
2613 1714 2729 1780 (17)
2784 1714 2949 1768 Deum
2993 1717 3334 1771 cruciﬁxum.
3402 1717 3566 1771 Aufer
3610 1716 3729 1787 (l8)
3773 1718 3877 1771 hoc
3926 1717 4046 1784 (19)

2444 1820 2686 1875 quoque,
2716 1804 2987 1870 Marcion,
3024 1808 3131 1860 imo
3162 1807 3263 1862 hoc
3293 1808 3490 1877 potius.
3535 1808 3669 1875 Quid
3712 1808 3855 1861 enim
3900 1808 4045 1861 indi-

748 1903 864 1956 sine
892 1920 956 1956 eo
978 1945 992 1967 ,
1026 1919 1120 1971 per
1140 1904 1279 1971 quod
1308 1912 1391 1957 est
1433 1902 1481 1956 id
1509 1902 1648 1972 quod
1679 1915 1779 1957 est.
1825 1904 1903 1975 (6)
1935 1904 2099 1958 Alifer
2147 1903 2330 1957 nativi-
2370 1901 2415 1960 B
2444 1899 2599 1967 gnius
2624 1898 2771 1952 Deo?
2794 1898 2921 1968 quid
2947 1900 3114 1968 magis
3130 1899 3575 1963 erubescendum,
3602 1900 3745 1953 nasci
3773 1915 3841 1953 an
3866 1902 4047 1953 mori?

749 2005 933 2059 talem,
966 2006 1016 2047 et
1043 1994 1237 2048 exhibe
1260 1996 1561 2060 hominem;
1595 1996 1770 2050 adilue
1794 2010 2033 2058 carnem,
2065 2004 2119 2050 ct
2148 2010 2336 2063 pra-sua

745 2100 907 2154 quem
942 2084 1079 2139 Deus
1108 2086 1349 2139 redemit.
1393 2086 1448 2140 Si
1491 2086 1604 2140 haec
1629 2096 1753 2141 sunt
1781 2088 1939 2139 homo
1963 2129 1977 2151 ,
2011 2102 2169 2155 quem
2199 2086 2338 2141 Deus

749 2176 995 2242 redemit,
1031 2186 1083 2230 tn
1113 2176 1225 2231 lure
1245 2178 1623 2233 'erubescenda
1654 2179 1725 2232 illi
1751 2178 1879 2231 facis
1900 2220 1916 2243 ,
1939 2194 2060 2248 qnze
2089 2177 2335 2241 redemit,

747 2272 799 2320 et
842 2268 1052 2338 indigna
1079 2312 1091 2333 ,
1138 2285 1256 2338 qua:
1284 2312 1297 2332 ,
1332 2271 1432 2323 nisi
1478 2269 1753 2324 dilexisset
1779 2311 1795 2335 ,
1826 2285 1932 2325 non
1976 2270 2336 2325 redemisset?

747 2359 1029 2415 Nativitale
1081 2363 1364 2417 reformata
1412 2364 1489 2431 (7i
1523 2364 1925 2432 regeneratione
1957 2362 2163 2417 caelesti
2185 2405 2199 2427 ,
2224 2377 2339 2415 ear-

750 2473 869 2508 ncnt
900 2456 967 2509 ab
996 2457 1140 2509 omni
1172 2459 1451 2511 vexatione
1474 2458 1727 2521 restituit,
1756 2458 2021 2524 leprosnm
2050 2455 2335 2520 emaculat,

749 2563 947 2602 (‘ﬂ‘Cflllt
1006 2548 1322 2615 pelluminat
1391 2549 1506 2619 (8),
1578 2548 1919 2617 paralyticam
1974 2548 2334 2617 redintegrat,

756 2640 1143 2694 ila-muniacam
1193 2644 1372 2709 expiat
1440 2640 1553 2711 (Si),
1603 2650 1867 2695 mortuam
1922 2641 2237 2706 resoscilat;
2283 2651 2338 2696 et

750 2733 896 2786 nasci
927 2732 977 2785 in
1006 2733 1149 2787 illam
1177 2732 1441 2787 erubescit
1474 2732 1635 2804 (l0)?
1665 2732 1719 2789 Si
1752 2750 1933 2789 revera
1968 2732 2036 2789 de
2067 2736 2183 2803 lupa
2203 2775 2217 2798 ,
2246 2744 2338 2786 aut

747 2838 863 2890 sue,
895 2834 987 2878 aut
1016 2840 1171 2878 vacca
1201 2824 1413 2896 prodire
1444 2826 1720 2888 thlllissel,
1764 2838 1815 2881 et
1856 2825 1979 2880 fune
2011 2839 2100 2879 aut
2132 2826 2338 2895 pecoris

746 2930 973 2983 corpore
1002 2916 1250 2980 indutus,
1281 2933 1499 2985 regnum
1542 2917 1799 2971 calorum
1843 2916 2154 2985 przediearet
2180 2957 2195 2979 ,
2227 2927 2335 2979 tua,

748 3005 959 3072 Opinor,
992 3004 1065 3058 illi
1099 3020 1321 3059 censura
1362 3006 1733 3075 prmscriberet
1760 3046 1775 3070 ,
1808 3016 1959 3075 turpe
2000 3004 2101 3059 hoc
2130 3005 2256 3068 Deo.
2286 3015 2341 3061 et

748 3097 1019 3165 indignum
1054 3097 1152 3151 hoc
1184 3098 1277 3151 Dei
1314 3097 1465 3162 Filio,
1489 3107 1541 3152 et
1564 3099 1781 3152 stultum
1808 3108 2084 3168 propterea
2108 3100 2195 3168 qui
2221 3100 2267 3168 (ι
2287 3100 2337 3169 1)

748 3188 817 3245 ita
846 3188 1048 3243 credat.
1083 3188 1164 3243 Sit
1186 3189 1340 3258 plane
1370 3190 1589 3244 stultum
1611 3232 1627 3256 ,
1651 3190 1694 3243 si
1721 3188 1835 3260 (ιε)
1868 3189 1935 3243 de
1965 3200 2149 3244 nostro
2175 3206 2335 3245 sensu

2441 2004 2654 2042 carnem
2689 1997 2900 2058 gestare
2922 2030 2938 2053 ,
2966 2004 3031 2043 an
3060 1990 3316 2045 crucem?
3358 1991 3665 2046 circumcidi
3684 2033 3699 2053 ,
3733 2006 3799 2044 an
3827 1992 4049 2062 sufﬁgi?

2441 2078 2676 2144 educari,
2700 2094 2767 2132 an
2796 2078 3059 2149 sepeliri?
3087 2080 3138 2133 in
3167 2095 3406 2150 praesepe
3440 2081 3633 2151 deponi
3657 2123 3672 2145 ,
3706 2097 3774 2135 an
3832 2083 3885 2135 in
3929 2098 4051 2135 ino-

2443 2180 2699 2227 uuuleuto
2724 2172 2983 2226 recondi?
3026 2171 3334 2242 Sapientior
3368 2173 3477 2227 eris
3500 2215 3513 2235 ,
3537 2176 3580 2227 si
3610 2188 3707 2228 nec
3737 2174 3834 2227 ista
3864 2176 4052 2228 credi-

2442 2264 2607 2319 deris.
2652 2262 2757 2319 Sed
2788 2280 2892 2317 non
2922 2265 3030 2319 eris
3059 2266 3274 2334 sapiens
3296 2306 3311 2328 .
3340 2266 3441 2319 nisi
3471 2266 3664 2320 stultus
3692 2266 3807 2335 (20)
3843 2268 4056 2323 szeculo

2444 2354 2642 2419 fueris,
2691 2356 2784 2410 Dei
2827 2356 2987 2410 stulta
3036 2356 3329 2411 credendo.
3378 2360 3457 2410 An
3514 2357 3634 2411 ideo
3682 2360 3967 2427 passiones
4023 2375 4056 2413 a

2441 2444 2654 2500 Christo
2700 2462 2802 2500 non
2844 2446 3110 2502 reseidisli
3137 2489 3151 2512 ,
3179 2449 3301 2516 qlua
3333 2459 3387 2500 ut
3415 2448 3733 2518 phantaSnia
3768 2450 3995 2503 vacabat
4023 2466 4055 2503 a

2442 2555 2603 2594 sensu
2633 2538 2748 2610 (21)
2782 2540 3007 2595 earum?
3052 2539 3292 2594 Diximus
3335 2550 3479 2595 retro
3504 2557 3658 2610 :rqnc
3687 2542 3837 2595 illum
3870 2553 3923 2595 et
3950 2560 4055 2596 na-

2444 2635 2659 2689 tivitatis
2694 2643 2747 2687 et
2799 2633 3037 2688 infantia:
3078 2634 3405 2701 imaginariae
3440 2632 3562 2705 (22)
3602 2649 3769 2687 vacua
3811 2634 4056 2690 ludibria

2441 2726 2621 2780 subire
2660 2725 2914 2793 potuisse.
2955 2722 3060 2778 Sed
3098 2724 3206 2792 jam
3241 2724 3326 2777 hic
3356 2722 3473 2792 (9.3)
3510 2724 3811 2792 responde,
3844 2726 3924 2794 (b)
3964 2730 4055 2779 in-

2444 2817 2696 2873 terfeclor
2718 2820 2978 2873 veritatis.
3001 2817 3188 2873 Nonne
3209 2833 3332 2872 vere
3349 2817 3635 2871 crucifixus
3655 2827 3736 2871 est
3762 2817 3902 2872 Deus
3930 2818 4012 2888 (c)
4031 2820 4057 2870 ?

2444 2927 2619 2967 nonne.
2647 2928 2772 2968 vere
2800 2921 3062 2976 mortuus,
3095 2921 3151 2965 nt
3178 2911 3297 2981 (21)
3334 2925 3458 2964 vere
3495 2911 3790 2965 cruciﬁxus
3810 2911 3836 2963 ?
3865 2926 4057 2965 nonne

2442 3020 2567 3061 vere
2608 3006 2959 3059 resuscitatus
2984 3046 2997 3068 ,
3040 3013 3098 3056 ut
3150 3018 3276 3058 vere
3325 3002 3532 3057 scilicet
3575 3002 3859 3055 luortuns?
3888 3002 4059 3056 Falso

2439 3113 2569 3168 ergo
2616 3098 2731 3169 (25)
2790 3098 2973 3152 statuit
3039 3097 3179 3151 inter
3233 3108 3332 3149 nos
3389 3095 3531 3149 scire
3587 3093 3781 3148 Paulus
3839 3103 4056 3149 tantum

2440 3191 2623 3247 Jesum
2659 3189 2774 3259 (‘26)
2814 3188 3164 3244 crucifixum"
3216 3187 3353 3241 falso
3398 3187 3736 3256 sepulturum
3785 3186 4059 3255 ingessit?

742 3279 1044 3349 judiccmus
1085 3280 1268 3335 Delun.
1314 3282 1418 3337 Sed
1457 3284 1806 3353 circuinspicc
1853 3284 1896 3353 (1
1940 3284 2058 3339 Cor.
2083 3325 2098 3347 ,
2140 3285 2190 3347 l,
2220 3284 2336 3353 27),
2365 3286 2410 3348 C
2444 3282 2579 3337 falso
2608 3282 2980 3337 resuscitalum
3010 3280 3327 3335 inculcavit"
3359 3278 3511 3333 Falsa
3537 3288 3621 3333 est
3649 3280 3807 3349 igitur
3826 3287 3881 3332 ct
3910 3278 4056 3333 ﬁdes

746 3374 1014 3441 Marcion,
1054 3375 1097 3428 si
1140 3384 1316 3429 talnen
1361 3392 1465 3430 non
1498 3376 1687 3431 delesti
1730 3394 1744 3429 :
1784 3376 1957 3430 Stulta
1985 3379 2162 3431 arandi
2189 3378 2337 3448 elegit

746 3465 909 3532 Dens,
940 3477 995 3520 ut
1020 3468 1299 3537 confundat
1319 3469 1570 3538 rapientes
1594 3468 1731 3540 (15).
1759 3468 2013 3533 Quantam
2043 3470 2155 3524 htec
2178 3471 2336 3524 stulta

746 3559 915 3613 sunt?
954 3561 1232 3615 conversio
1270 3560 1500 3615 hominis
1538 3560 1605 3615 ad
1660 3562 1863 3617 cultum
1898 3562 2015 3634 (11)
2056 3565 2164 3617 veri
2207 3563 2336 3619 Dei?

748 3652 969 3721 rejeetio
1006 3653 1249 3709 erroris?
1305 3653 1579 3725 disciplina
1617 3654 1839 3724 iustitiae
1863 3696 1877 3719 ,
1911 3656 2176 3725 pudicitia:
2199 3699 2213 3720 ,
2244 3673 2335 3727 pa-

2441 3384 2653 3439 nostra,
2693 3382 2748 3428 et
2779 3372 3090 3443 phantasma
3129 3380 3213 3426 est
3241 3369 3358 3442 (27)
3388 3378 3555 3423 totum
3586 3370 3727 3439 quod
3760 3384 4057 3437 speramus

2438 3484 2467 3521 a
2486 3467 2733 3521 Christo?
2754 3466 3143 3520 Scelestissime
3166 3464 3460 3525 hominum,
3477 3464 3565 3533 qui
3588 3464 3667 3533 (ά)
3690 3464 4054 3531 interempto.

2442 3579 2529 3618 res
2548 3578 2774 3618 excusas
2798 3563 2913 3618 Dei.
2936 3562 3074 3615 Nihil
3097 3563 3239 3616 enim
3262 3562 3331 3615 ah
3352 3562 3434 3617 eis
3455 3576 3644 3631 passus
3662 3570 3746 3615 est
3764 3560 4047 3625 Christus,

2441 3656 2485 3709 si
2541 3655 2672 3709 nihil
2720 3668 2844 3709 vere
2888 3661 2971 3709 est
3020 3666 3227 3723 passus.
3282 3653 3447 3707 Parce
3496 3655 3668 3707 unica:
3707 3652 3821 3721 spei
3877 3652 4053 3706 totius

1998 3765 2374 3826 LECTIONES
2403 3766 2815 3823 VARIANTES.

2592 4112 2609 4293 ξ

2501 4418 2521 4730 l

808 3854 881 3919 (t)
904 3853 1227 3919 Yenationem
1250 3853 1399 3919 Rhea.
1422 3855 1573 3905 Seml.
2505 3856 2609 3919 ([5)
2635 3858 2742 3907 Jam
2767 3860 2908 3907 Pam.
2935 3856 3085 3908 Rhea.

810 3914 883 3979 (2)
910 3916 960 3979 ΟΔ
973 3914 1118 3967 inser.
1142 3920 1283 3967 Pam.
1312 3915 1461 3969 Rhea.
2504 3914 2604 3979 (Ilii
2635 3920 2785 3979 Quam
2810 3920 2985 3971 (theatri
3002 3923 3141 3979 Pam.
3166 3918 3313 3970 Rhea.

808 3977 882 4041 l3)
906 3977 1062 4041 Aliter
1087 3988 1228 4029 natus
1253 3994 1309 4028 es
1332 3985 1471 4030 Pam.
1492 3980 1637 4030 aliter
1659 3988 1821 4030 natus.
1850 3979 1911 4031 Et
1935 3980 2085 4031 Rhea.
2506 3977 2609 4041 (l7)
2633 3977 2797 4037 Dicam
2819 3982 2966 4032 Rhea.
2990 3978 3133 4032 senti.

810 3986 862 4030 (ἦ
906 3986 1062 4027 Aliter
1087 3988 1228 4029 natus
1253 3994 1309 4028 es
1332 3986 1471 4030 Pam.
1492 3986 1637 4030 aliter
1659 3988 1821 4030 natus.
1850 3986 1911 4031 Et
1935 3986 2085 4031 Rhea.
2506 3986 2609 4042 (l7)
2633 3986 2797 4037 Dicam
2819 3986 2966 4032 Rhea.
2990 3986 3133 4032 senti.

810 3986 885 4159 (εξ
923 4040 1085 4090 Pretio
1106 4041 1224 4114 add.
1253 4046 1391 4093 Pam.
1421 4046 1562 4091 valle.
1587 4046 1616 4091 3
1639 4043 1747 4093 cod.
2503 4046 2607 4106 (l8)
2634 4044 2810 4093 Aufers
2828 4043 2977 4095 Rhea.
3003 4042 3152 4113 Seml.

810 4106 862 4155 t5
908 4102 1108 4151 Creator
1133 4118 1241 4159 eum
1266 4114 1395 4153 rant.
1422 4104 1571 4156 Rhea.
2504 4107 2607 4159 (19)
2632 4106 2748 4156 Hme
2774 4110 2913 4156 Pam.
2940 4110 3099 4156 Paris.
3128 4116 3152 4155 ι

808 4102 882 4166 t5)
908 4102 1241 4166 Creatocejus
1266 4114 1395 4153 rant.
1422 4104 1571 4156 Rhea.
2504 4102 2607 4166 (19)
2632 4106 2748 4156 llam
2774 4110 2913 4156 Pam.
2940 4104 3099 4156 Paris.
3128 4116 3278 4155 rma.

809 4164 883 4227 i6)
910 4166 1006 4227 ᾼιιι
1024 4163 1143 4213 add.
1164 4163 1312 4214 Pam.
1334 4166 1482 4217 Rhea.
2505 4163 2609 4227 (ΞΟ)
2639 4168 2693 4217 ln
2711 4168 2855 4219 inser.
2882 4166 2989 4227 Riq.
3024 4177 3136 4217 rea.

809 4226 883 4292 (77)
904 4226 1221 4292 .‘Satisiialem
1241 4231 1479 4292 reformat
1503 4242 1529 4277 a
1552 4233 1708 4277 morte
1736 4229 1843 4292 Rig.
1873 4240 1986 4281 rea.
2505 4226 2608 4292 (3t)
2634 4230 2705 4278 Ad
2728 4244 2925 4280 sensum
2952 4226 3100 4281 Rhea.
3130 4229 3279 4279 Seml.

807 4287 877 4359 (ιδ)
904 4288 1180 4359 Relulninat
1201 4287 1304 4338 alii.
1794 4287 1815 4292 '
2448 4358 2455 4359 ί
2492 4287 2609 4359 ,(22)
2638 4292 2923 4355 lmagiuaria
2948 4301 3001 4341 et
3024 4296 3164 4342 Pam.
3188 4289 3336 4341 Seml.
3379 4291 3714 4355 imaginarium
3731 4292 4046 4356 imaginarie

809 4350 877 4410 (ll)
908 4350 1074 4410 Captat
1100 4350 1204 4408 Rl'q.
1240 4362 1351 4401 Ven.
2442 4350 2593 4406 Rhea.

808 4416 912 4476 (10)
940 4411 996 4461 Et
1021 4414 1257 4476 nos‘illam
1283 4414 1667 4464 erubeseemus?
1688 4411 1791 4465 alii.
2502 4418 2607 4476 (25)
2631 4416 2759 4466 Hinc
2782 4415 2888 4476 Riq.
2917 4426 3029 4463 rea.

808 4418 891 4470 (10
940 4418 996 4461 lit
1021 4426 1107 4461 nos
1130 4418 1257 4462 illam
1283 4418 1667 4464 erubeseemus?
1688 4418 1791 4465 alii.
2525 4418 2587 4465 25
2631 4418 2759 4466 Hine
2782 4418 2863 4476 Riq

808 4418 1172 4551 ei
1200 4484 1312 4551 '3";
2502 4418 2607 4551 id
2712 4475 2863 4551 Sel"!-

808 4535 911 4602 (⁷12)
936 4537 987 4603 Si
1011 4535 1147 4603 obesi
1160 4552 1190 4586 a
1210 4535 1319 4603 Rig.
1346 4547 1460 4587 Ir’ea.
1570 4601 1579 4603 Α
1678 4602 1681 4603 ν
1966 4602 1997 4603 ἡ
2502 4535 2604 4603 (25)
2630 4540 2761 4603 Ergo
2784 4539 2911 4603 abest
2934 4554 2965 4595 α
2988 4536 3136 4603 Rhea.
3163 4538 3312 4588 Scml.

808 4604 826 4656 (
840 4598 913 4661 l3)
935 4600 1012 4662 Sa;
1032 4601 1181 4649 lentia
1201 4598 1312 4662 Rig.
1345 4610 1455 4662 ιςειι.
1483 4601 1767 4662 sapientiam
1791 4603 1931 4652 Pam.
1958 4602 2109 4652 Fran.
2360 4645 2408 4662 ῃ
2502 4598 2604 4662 (26)
2629 4598 2798 4651 losum
2815 4602 2944 4651 abest
2967 4617 2997 4651 (ι
3016 4601 3165 4654 Rhea.
3191 4599 3342 4651 Seml.

815 4645 914 4724 illi
941 4645 1814 4713 naithamtutissimam:
1958 4645 1977 4651 ’
2001 4645 2109 4652 ’””’
2358 4645 2411 4705 Ι)
2501 4645 2605 4728 (Si)
2628 4645 3008 4728 ἰῐὶἷῦἷὶῇἶῖᾦὶἱ.

2093 4764 2643 4825 COMMENTARIUS.

816 4889 892 4953 (a)
928 4888 1075 4943 Hanc
1103 4886 1467 4942 venerationem
1494 4891 1710 4935 natura.
1754 4878 2003 4953 lnlelligit
2030 4885 2326 4940 veneratin-

740 4978 861 5015 nem
890 4976 1009 5030 qua:
1037 4968 1237 5030 natura:
1264 4956 1505 5030 debetur.
1536 4953 1874 5030 Sensuscst,
1900 4952 2054 5030 Quod
2081 4956 2325 5030 venerari

744 5020 1004 5084 debueras
1028 5072 1042 5093 ,
1076 5039 1130 5083 tu
1165 5027 1383 5096 despnis
1405 5066 1421 5090 ,
1462 5025 1540 5079 sic
1580 5023 1671 5077 lib.
1704 5020 1765 5075 ΙΙΙ
1786 5022 1929 5096 _adv.
1979 5024 2321 5080 Mareioneio.

744 5102 1081 5157 Snnclissima
1114 5142 1128 5166 ,
1179 5092 1352 5168 inquit
1383 5138 1398 5162 ,
1446 5104 1493 5148 et
1558 5092 1828 5148 rerereada
1888 5110 2061 5220 operta
2109 5108 2323 5151 natum.

2071 5183 2191 5220 una.

2071 5183 2191 5221 HEN.

811 5241 965 5298 CAP.
998 5242 1061 5297 V.
1090 5271 1159 5282 —
1183 5237 1263 5309 (b)
1288 5236 1589 5309 Interfector
1608 5236 1847 5289 veritatis.
1890 5235 2175 5309 Hmrelicos
2198 5238 2324 5291 olim

739 5313 1072 5381 gravioribus
1095 5308 1272 5366 verbis
1299 5308 1704 5381 notatosnemo
1730 5308 2175 5381 estquidubitet.
2209 5309 2322 5363 Non

739 5375 905 5439 semel
942 5389 1136 5437 Auctor
1159 5382 1279 5443 hic;
1321 5392 1441 5432 nam
1476 5378 1563 5432 lib.
1598 5377 1613 5430 Ι
1643 5378 1762 5431 adv.
1788 5375 2130 5441 Marcionem,
2157 5380 2187 5432 h
2209 5396 2323 5433 rre-

743 5459 902 5508 tieum
929 5456 1075 5509 illum
1103 5453 1245 5506 veris
1267 5450 1536 5504 coloribus
1556 5448 1779 5519 effingit,
1803 5456 1857 5499 et
1879 5451 2152 5503 tetriorem
2176 5453 2321 5505 omni

742 5528 1071 5579 humanitate
1104 5524 1408 5590 profitetur,
1436 5534 1553 5588 qua:
1582 5520 1635 5572 in
1668 5520 1833 5590 ipsius
1862 5521 2024 5585 patria
2066 5524 2318 5575 occurrit.

740 5598 857 5649 Νιιιι
888 5588 1115 5651 absimili
1155 5606 1316 5648 sensu
1356 5590 1510 5657 e'pist.
1550 5590 1615 5643 ad
1652 5588 1949 5643 Trallianos
1995 5592 2049 5645 S.
2090 5591 2321 5660 lgnatius

740 5680 892 5721 Vocat
921 5666 1199 5721 luereticos
1230 5682 1243 5716 :
1276 5667 1425 5721 κακὰς
1462 5665 1769 5733 annuae,
1790 5700 1804 5723 ,
1829 5660 2051 5733 impiam
2082 5664 2322 5733 propagi-

740 5756 873 5792 nem.
906 5740 963 5791 S.
995 5738 1221 5803 Prosper
1247 5748 1413 5803 carni.
1442 5732 1513 5803 de
1534 5729 1777 5800 ingratis,
1804 5729 1874 5803 de
1901 5732 2117 5799 Pelagio
2150 5750 2162 5787 :

866 5808 1103 5855 Pestifero
1128 5800 1308 5853 vomuit
1328 5800 1527 5851 coluber
1550 5816 1775 5851 sermone
1803 5800 2071 5852 hritaunus.

742 5870 815 5924 De
841 5871 902 5923 Β.
938 5870 1262 5938 llieroayino
1305 5876 1509 5938 norunt
1560 5880 1748 5921 omnes
1796 5868 2077 5923 Ita-retices
2124 5866 2319 5920 acriter

738 5940 1050 5997 insectatum
1090 5934 1274 5994 fuisse.
1304 5934 1381 5991 Ls
1408 5934 1505 5989 Pa.

2500 4882 2580 4953 (c)
2614 4881 2798 4936 Nonne
2818 4898 2929 4936 vere
2955 4890 3296 4953 mortuus,_ut
3326 4897 3438 4935 vere
3470 4882 3781 4948 cruciﬁxus!
3826 4880 4043 4939 Christi

2428 4951 2578 5008 ortus
2602 4970 2663 5007 ex
2708 4964 2877 5007 morte
2903 4953 3175 5023 probatur.
3222 4951 3349 5005 Ideo
3377 4961 3554 5006 autem
3596 4954 3847 5007 infament
3874 4970 4043 5007 rnor-

2430 5036 2535 5078 teut
2563 5025 2742 5094 elegit,
2771 5033 2826 5078 et
2853 5025 3212 5091 Spectaculum
3245 5024 3547 5091 ignomiuim
3578 5024 3787 5091 pleninn
3816 5064 3831 5084 ,
3867 5036 3931 5078 ut
3969 5027 4044 5080 ab

2428 5093 2675 5149 omnibus
2701 5096 2899 5149 veritas
2933 5104 3311 5162 agnosceretur
3334 5135 3350 5155 ,
3384 5093 3560 5149 nullus
3594 5095 3661 5147 de.
3693 5110 3820 5148 vera
3850 5112 3966 5147 ιιιοι
3986 5108 4044 5151 te

2430 5166 2717 5224 dubitaret.
2746 5166 3026 5237 nullusque
3057 5164 3502 5237 resurrectionem
3536 5168 3584 5217 in
3614 5164 3833 5217 dubium
3868 5181 4043 5219 rem.

2430 5248 2594 5291 caret.
2620 5236 2877 5290 Abstineo
2904 5234 3185 5289 aeitandis
3207 5234 3488 5289 Palribus:
3513 5237 3683 5304 allego
3695 5246 3901 5289 tantum
3931 5253 4043 5293 seu

2430 5306 2605 5363 indico
2627 5307 2681 5359 S.
2718 5305 2908 5375 lgnat.,
2939 5306 3097 5375 epist.
3128 5306 3193 5359 ad
3222 5304 3518 5370 Trall.,nbi
3543 5305 3656 5360 fuse
3681 5306 3746 5361 de
3778 5306 3879 5361 hac
3909 5324 4043 5362 lna-

2432 5382 2581 5431 teria.
2615 5376 2689 5431 Le
2720 5378 2813 5431 l'n.

2503 5448 2579 5517 (d)
2614 5447 3002 5517 lnteremptore:
3039 5463 3251 5502 annos
3285 5445 3396 5499 Dei.
3438 5445 3703 5512 Marcion,
3735 5463 3900 5516 quem
3937 5465 4043 5505 ve-

2429 5516 2709 5574 hementer
2748 5530 2899 5587 urget
2940 5516 3329 5579 Tertullianus.
3375 5518 3690 5585 praedicabat
3740 5518 4043 5578 Christum

2428 5606 2531 5642 non
2564 5606 2686 5642 vere
2714 5589 2979 5641 hominem
3008 5587 3206 5653 fuisse,
3236 5588 3329 5641 sed
3376 5590 3599 5653 putatiec
3620 5632 3633 5651 ,
3676 5590 3925 5656 nihilque
3968 5596 4044 5646 de

2428 5658 2643 5713 homine
2690 5660 3062 5726 assumpsisse.
3104 5661 3159 5713 Si
3203 5660 3364 5726 igitur
3400 5667 3607 5713 certum
3656 5668 3800 5713 esset
3842 5666 4045 5718 carnis

2427 5741 2621 5799 nostra:
2676 5731 3025 5783 sobstanliam
3080 5745 3183 5783 non
3229 5728 3503 5797 accepisse
3536 5772 3551 5796 ,
3604 5745 3776 5799 neque
3833 5747 4043 5788 verum

2424 5798 2586 5855 fuisse
2626 5801 2891 5853 liorninem
2926 5842 2941 5864 ,
2982 5811 3125 5854 certe
3176 5815 3301 5854 vere
3360 5810 3602 5854 mortuus
3646 5817 3749 5855 non
3805 5801 4043 5869 fuisset,

2422 5872 2603 5941 sicque
2632 5870 2844 5925 Judaeos
2881 5872 3157 5942 carniﬁces
3196 5869 3361 5942 impio
3392 5869 3483 5926 illo
3524 5881 3576 5928 el
3620 5882 3890 5927 venenato
3927 5876 4042 5931 do-

2419 5940 2597 6011 gmate
2621 5950 2918 5997 excusaret.
2956 5940 3031 5995 Ls
3063 5941 3158 5996 Pa.
