4250 6494
204 428 303 483 761

1502 423 1589 479 DE
1628 421 1861 479 CARNE
1900 423 2194 486 CHRISTI.

3392 482 3503 539 762

203 541 371 596 “his,
402 538 477 611 (α)
523 538 660 608 Quid
688 536 770 611 (l)
812 537 1042 594 destruis
1071 536 1430 595 necessarium
1452 537 1686 642 dedecus
1824 543 1875 602 A
1902 540 2091 642 eadem
2115 543 2241 642 ﬁde,
2260 553 2315 603 et
2338 549 2558 621 spiritus
2574 562 2627 610 et
2647 557 2827 616 carnis
2849 561 2985 636 (l7).
3009 563 3243 625 Virtutes
3257 536 3499 642 spiritum

205 633 366 687 ﬁdei?
394 632 776 703 Quodcumque
809 631 919 687 Deo
960 631 1234 703 indignum
1262 640 1345 688 est
1364 674 1379 695 ,
1408 630 1537 687 mihi
1565 632 1800 702 expedit.

206 725 401 779 Salvos
425 740 570 791 sum,
598 725 644 780 si
686 739 791 781 non
823 722 1123 781 conluudar
1150 724 1219 781 dc
1256 725 1481 781 Domino
1516 741 1659 781 meo.
1701 726 1804 791 Qui

204 816 304 869 mei
348 816 451 888 (5),
513 816 703 885 inquit,
756 820 999 887 confusus
1044 818 1227 886 fuerit,
1281 818 1565 889 confundar
1618 830 1663 873 et
1712 834 1803 891 ego

204 906 316 972 eius
364 905 465 977 (ί).
529 906 673 961 Alias
727 921 833 962 non
888 906 1102 963 invenio
1152 908 1404 962 materias
1452 907 1801 974 confusionis,

202 1013 325 1068 qua:
353 1012 441 1053 me
468 1012 565 1067 per
592 1006 954 1070 contemptum
979 1000 1189 1055 ruboris
1220 1001 1446 1070 probent
1469 1001 1603 1057 bene
1630 1002 1803 1073 impu-

202 1088 420 1144 dentem
444 1099 497 1144 et
519 1088 748 1145 feliciter
766 1091 1012 1147 stultum.
1040 1091 1208 1147 Natus
1232 1101 1317 1148 est
1344 1093 1437 1148 Dei
1463 1092 1665 1161 Filius;
1696 1110 1802 1151 non

202 1184 388 1254 pudet,
416 1185 538 1255 quia
570 1183 875 1254 pudendum
894 1196 979 1242 est
1003 1196 1087 1241 :et
1110 1195 1354 1242 mortuus
1374 1196 1459 1243 est
1482 1188 1573 1243 Dei
1594 1187 1797 1256 Filius;

204 1292 425 1348 prorsus
448 1278 705 1334 credibile
732 1287 834 1342 est,
868 1280 992 1351 quia
1020 1280 1260 1351 ineptum
1287 1288 1371 1336 est
1401 1296 1414 1332 :
1449 1288 1505 1336 et
1533 1282 1798 1352 sepultus,

205 1371 531 1437 resurrexit;
578 1380 785 1427 certum
830 1379 935 1439 est,
977 1372 1101 1440 quia
1156 1371 1504 1443 impossibile.
1540 1372 1648 1429 Sed
1689 1373 1803 1430 haec

204 1464 479 1534 quomodo
507 1465 559 1519 in
584 1464 676 1520 illo
704 1480 832 1521 vera
875 1475 1053 1529 erunt.
1081 1467 1128 1521 si
1153 1467 1268 1537 ipse
1294 1482 1400 1523 non
1432 1468 1527 1523 luit
1549 1484 1727 1536 verus,
1755 1469 1802 1525 si

205 1572 315 1613 non
334 1572 463 1615 vere
483 1557 670 1614 habuit
694 1559 746 1614 in
768 1574 827 1615 se
852 1559 995 1629 quod
1016 1558 1288 1630 ﬁgeretur,
1312 1560 1454 1631 quod
1476 1572 1799 1630 moreretur,

203 1649 349 1720 quod
405 1649 722 1720 sepeliretur
768 1658 823 1706 et
860 1650 1304 1717 resuscitaretur,
1334 1666 1551 1708 carnem
1598 1652 1803 1709 scilicet

205 1744 471 1814 sanguine
488 1741 766 1809 sullusam,
786 1743 996 1801 ossibus
1015 1751 1298 1812 structam,
1312 1745 1491 1800 nervis
1518 1746 1799 1813 intextam,

1909 630 2026 700 Dei,
2044 636 2321 704 passiones
2336 656 2551 700 carnem
2566 644 2796 705 hominis
2810 630 3186 722 probaverunt.
3206 660 3260 717 Si
3280 630 3500 721 rirtutes

1908 736 2017 780 non
2046 727 2162 785 sine
2188 731 2397 801 spiritu,
2432 737 2655 805 proinde
2688 740 2802 813 (l8)
2836 756 2887 801 et
2916 748 3194 817 passiones
3246 769 3352 809 non
3379 756 3496 812 sine

1908 833 2070 876 carne
2099 841 2112 877 :
2144 823 2187 878 si
2213 838 2340 881 caro
2360 840 2481 883 cum
2512 832 2851 900 passiouibus
2881 840 3023 909 ticta,
3044 850 3098 898 et
3125 844 3343 915 spiritus
3369 862 3500 921 ergo

1907 927 2029 968 cum
2078 916 2363 973 virtutibus
2398 918 2583 979 falsus.
2625 925 2696 999 (c)
2729 927 2869 996 Quid
2913 932 3161 992 dimidias
3214 916 3500 998 mendacio

1909 1002 2221 1061 Christum?
2259 1007 2425 1065 Totus
2472 1015 2669 1072 veritas
2712 1017 2830 1075 fuit.
2864 1020 3067 1095 Maluit,
3099 1029 3278 1098 crede,
3324 1035 3493 1103 nasci,

1905 1110 2064 1190 quam
2092 1113 2161 1154 ex
2186 1100 2359 1173 aliqua
2388 1102 2504 1178 (l9)
2534 1117 2681 1177 parte
2717 1113 2947 1181 mentiri,
2977 1127 3031 1173 et
3058 1120 3271 1190 quidem
3320 1124 3374 1179 in
3407 1100 3497 1183 se-

1906 1188 2229 1259 metipsum;
2259 1203 2317 1248 ut
2354 1210 2570 1254 carnem
2601 1212 2837 1271 gestaret
2876 1208 2995 1263 sine
3035 1188 3249 1270 ossibus
3285 1215 3495 1284 duram,

1908 1280 2025 1337 sine
2054 1285 2310 1341 musculis
2337 1290 2563 1346 solidam
2582 1334 2598 1359 ,
2630 1296 2745 1352 sine
2772 1301 3033 1372 sanguine
3058 1318 3357 1378 cruentam,
3382 1280 3499 1369 sine

1907 1373 2083 1429 tunica
2113 1376 2195 1446 (ά)
2225 1380 2495 1447 vestitam,
2524 1384 2643 1441 sine
2670 1386 2810 1445 fame
2837 1394 3183 1467 esurientem,
3215 1373 3499 1462 sine'den-

1906 1465 2051 1564 tibus
2074 1467 2348 1564 edentem,
2380 1473 2495 1530 sine
2520 1476 2697 1549 lingua
2728 1481 3068 1556 loquentem;
3099 1465 3496 1564 ut'phantasma

1904 1557 2123 1613 auribus
2148 1559 2311 1617 luerit
2340 1579 2518 1621 sermo
2561 1569 2678 1639 ejus
2717 1588 2814 1643 per
2850 1576 3134 1650 imaginem
3177 1557 3339 1643 vocis.
3375 1589 3498 1647 Fuit

1905 1648 2085 1721 itaque
2137 1652 2451 1722 phantasma
2494 1661 2654 1718 etiam
2705 1676 2824 1735 post
2853 1648 3321 1746 resurrectionem,
3374 1698 3495 1739 cum

1906 1758 2098 1799 manus
2149 1755 2204 1800 et
2245 1748 2410 1817 pedes
2440 1768 2566 1808 suos
2585 1752 2861 1827 dis«:ipulis
2884 1760 3247 1833 inspiciendos
3276 1772 3498 1831 olI'crret

207 1836 829 1907 venisimplexam,qu'.e
849 1836 999 1892 nasci
1028 1846 1081 1893 et
1096 1838 1231 1893 mori
1256 1838 1438 1892 novit?
1459 1837 1702 1894 Humana
1721 1838 1803 1911 (5)
1832 1853 1879 1914 Β
1909 1834 2024 1907 (20)
2056 1853 2069 1890 ε
2100 1838 2343 1908 Aspicite,
2376 1840 2548 1915 inquit
2576 1847 2719 1920 (21),
2748 1854 2885 1922 quod
2908 1872 2998 1929 ego
3022 1876 3133 1914 sum
3156 1904 3170 1928 ,
3197 1867 3315 1932 quia
3340 1869 3497 1937 spiri-

201 1928 325 1984 siae
380 1927 562 1995 dubio,
621 1938 679 1983 ut
728 1937 851 1983 nata
900 1927 980 1999 (6)
1028 1928 1096 1985 de
1153 1930 1403 1995 homine;
1454 1930 1682 2002 ideoque
1726 1929 1807 2003 (7)

201 2019 451 2075 mortalis
477 2019 591 2074 hare
638 2019 741 2075 erit
773 2019 852 2089 (8)
887 2020 940 2075 in
968 2018 1185 2076 Christo
1214 2063 1230 2088 ,
1257 2022 1379 2092 quia
1429 2022 1683 2079 Christus
1726 2022 1806 2095 (9)

203 2112 373 2168 homo
392 2121 448 2168 et
479 2112 621 2167 ﬁlius
669 2112 920 2168 hominis.
970 2118 1078 2169 Ant
1112 2128 1211 2170 cur
1253 2114 1417 2171 homo
1459 2116 1707 2173 Christus
1753 2128 1809 2173 et

203 2206 355 2260 ﬁlius
377 2206 631 2279 hominis,
659 2206 704 2261 si
748 2206 879 2262 nihil
908 2206 1141 2264 hominis
1169 2219 1224 2264 et
1254 2209 1389 2264 nihil
1434 2226 1505 2266 ex
1552 2210 1807 2267 homine?

201 2298 310 2353 nisi
342 2300 387 2353 si
420 2297 538 2371 (10)
560 2309 651 2355 aut
681 2299 825 2355 aliud
847 2310 930 2356 est
953 2301 1114 2358 homo
1134 2319 1290 2373 quam
1314 2318 1461 2370 caro,
1483 2312 1574 2359 aut
1592 2304 1808 2361 aliunde

201 2406 335 2447 caro
366 2391 620 2457 hominis,
645 2407 802 2463 quam
825 2409 891 2449 cx
909 2393 1126 2449 homine
1150 2413 1164 2461 ;
1192 2404 1284 2450 aut
1310 2396 1452 2451 aliud
1482 2397 1595 2470 (ll)
1618 2398 1802 2466 Maria,

202 2499 369 2553 quam
403 2484 581 2549 homo,
619 2482 696 2556 (ὁ)
722 2494 812 2538 aut
842 2484 1004 2541 homo
1035 2486 1151 2558 (12)
1181 2487 1316 2543 deus
1345 2489 1627 2546 Marcionis
1666 2492 1803 2566 (l5).

202 2576 400 2642 Aliter,
425 2590 530 2630 non
556 2575 825 2631 diceretur
852 2577 1015 2633 homo
1043 2579 1311 2647 Christus,
1343 2582 1458 2635 sine
1478 2598 1674 2651 carne;
1707 2600 1804 2640 nec

205 2667 448 2723 hominis
498 2668 678 2734 ﬁlius,
726 2670 843 2724 sine
884 2670 1063 2742 aliquo
1104 2682 1322 2741 parente
1369 2674 1580 2729 homine
1616 2694 1627 2729 :
1668 2680 1801 2730 sicut

203 2776 309 2817 nec
342 2761 502 2824 Deus,
535 2761 651 2816 sine
677 2760 880 2830 Spiritu
910 2763 1041 2827 Dei;
1071 2779 1170 2819 nec
1198 2765 1289 2821 Dei
1323 2764 1509 2831 Filius,
1545 2768 1661 2822 sine
1696 2769 1804 2823 Deo

204 2862 388 2923 patre.
433 2852 508 2907 Ita
551 2852 825 2923 utriusque
856 2854 1172 2910 substantia:
1200 2872 1395 2912 census
1439 2859 1707 2915 imminent
1753 2870 1807 2915 et

202 2946 379 3001 Deum
408 2943 651 2999 exhibuit
682 2961 694 2996 :
727 2944 849 3001 hinc
880 2955 1098 3010 uatum,
1125 2946 1250 3002 inde
1295 2965 1400 3002 non
1431 2962 1611 3004 uatum
1638 2969 1652 3015 ;
1684 2953 1807 3008 hinc

201 3050 488 3101 carneum,
523 3034 645 3089 inde
670 3034 1007 3105 spiritalem;
1042 3037 1165 3094 hinc
1195 3037 1486 3102 inﬁrmum,
1520 3042 1641 3097 inde
1670 3060 1805 3113 prm-

200 3128 430 3192 l'ortem;
462 3124 585 3181 hinc
626 3127 967 3229 morientem,
1010 3129 1135 3185 inde
1178 3131 1471 3229 viventem.
1520 3133 1650 3203 Qua:
1690 3136 1805 3208 (ll)
1835 3168 1879 3229 ρ

202 3220 511 3290 proprietas
532 3219 923 3287 conditionum,
942 3222 1137 3278 divina:
1160 3232 1216 3278 ct
1239 3222 1508 3295 humanm,
1531 3243 1680 3297 aequa
1701 3232 1806 3285 uti-

200 3329 310 3385 que
338 3322 543 3369 naturae
569 3314 845 3378 utriusque
874 3314 993 3387 (l5)
1016 3317 1240 3375 veritate
1260 3316 1375 3389 (l6)
1399 3321 1681 3393 dispuncta
1704 3337 1805 3395 est,

1911 1937 1989 1983 tus
2002 1944 2117 1984 ossa
2129 1948 2231 1986 non
2245 1932 2547 2001 habet,sicut
2561 1956 2638 1993 me
2650 1941 2915 2000 habentem
2931 1949 3107 2005 videtis
3121 1951 3269 2020 (Luc.
3280 1955 3321 2011 X
3332 1932 3399 2012 XI
3410 1959 3448 2013 ν
3459 1964 3495 2023 ),

1910 2022 2026 2078 sine
2051 2024 2214 2081 dubio
2256 2030 2444 2084 man’ns
2468 2040 2523 2085 et
2552 2032 2715 2101 pedes
2745 2044 2799 2091 et
2826 2052 2969 2105 ossa,
2998 2058 3117 2113 quae
3144 2049 3360 2116 Spiritus
3393 2022 3498 2108 non

1910 2113 2093 2215 habet,
2118 2120 2213 2173 sed
2242 2134 2388 2176 caro.
2415 2122 2695 2191 Quomodo
2726 2127 2867 2185 hanc
2894 2148 3078 2191 vocem
3106 2113 3496 2215 interpretaris,

1910 2204 2165 2275 Marcion,
2194 2213 2285 2282 qui
2316 2212 2437 2285 (ἦ)
2458 2231 2488 2270 a
2518 2217 2628 2273 Deo
2655 2222 2883 2292 Optimo,
2912 2236 2965 2281 et
2994 2204 3325 2301 situplici,-et
3357 2204 3501 2297 bono

1913 2307 2138 2367 tantum,
2170 2303 2334 2359 infers
2353 2305 2537 2363 Jesum
2561 2310 2584 2364 ?
2612 2311 2754 2371 Ecce
2780 2314 2915 2373 fallit
2949 2331 3003 2375 et
3042 2322 3280 2397 decipit,
3314 2344 3360 2386 et
3388 2335 3497 2389 cir-

1910 2396 2182 2449 cumvenit
2219 2398 2455 2454 omnium
2486 2404 2701 2473 oculos,
2736 2412 2974 2467 omnium
3005 2396 3228 2487 sensus,
3258 2427 3497 2483 omnimn

1909 2501 2157 2542 accessus
2187 2500 2243 2544 et
2270 2503 2597 2553 contractus.
2637 2500 2779 2573 Ergo
2813 2504 2925 2575 jam
2968 2507 3238 2569 Christum
3294 2533 3398 2574 nou
3432 2521 3499 2577 de

1908 2580 2047 2635 casio
2087 2581 2301 2640 deferre
2328 2586 2591 2647 debueras
2619 2636 2634 2661 ,
2676 2598 2769 2651 sed
2819 2599 2886 2655 de
2938 2603 3115 2675 aliquo
3161 2612 3500 2676 circulatorio

1907 2682 2082 2736 coetu;
2111 2691 2210 2733 nec
2234 2678 2397 2734 Deum
2426 2693 2619 2749 prteter
2658 2688 2960 2762 hominem,
2995 2698 3087 2753 sed
3147 2719 3358 2775 magum
3400 2710 3499 2766 ho-

1908 2767 2140 2834 mincm;
2168 2785 2267 2826 nec
2298 2774 2486 2830 salutis
2531 2779 2854 2848 pontiﬁcem,
2890 2787 2981 2841 sed
3014 2767 3299 2858 spectaculi
3330 2801 3498 2855 artiﬁ-

1907 2871 2061 2924 cem;
2088 2877 2185 2917 nec
2221 2875 2554 2923 mortuorum
2595 2873 2988 2941 suscitatorem.
3023 2880 3092 2952 (c)
3130 2886 3222 2941 sed
3256 2889 3498 2951 vivorum

1909 2965 2269 3012 avocatorem.
2302 2958 2412 3015 Nisi
2440 2962 2583 3033 quod
2611 2973 2667 3019 et
2700 2967 2743 3021 si
2783 2985 2965 3041 magus
2998 2973 3113 3043 fuit,
3140 2988 3293 3037 natus
3319 2994 3422 3040 est.

2530 3102 2756 3164 CAPUT
2796 3109 2884 3166 Vl.

1986 3229 2091 3336 sed
2122 3232 2338 3302 quidam
2372 3236 2487 3310 (25)
2511 3239 2783 3303 discentes
2810 3248 3015 3310 Pontici
3047 3257 3188 3316 illius
3215 3263 3307 3334 (ᾗ,
3337 3279 3499 3338 supra

1912 3336 2222 3396 magistrum
2253 3343 2444 3401 sapere
2471 3337 2769 3408 compulsi,
2803 3347 3104 3407 concedunt
3131 3340 3346 3415 Christo
3369 3336 3490 3417 car~

1456 3437 1839 3501 LECTIONES
1876 3442 2180 3501 VARIA‘NT
2187 3441 2291 3499 ES.

268 3522 344 3584 (l)
370 3521 459 3582 Qui
483 3525 624 3574 Pam.
651 3520 801 3574 Rhea.

292 3589 345 3645 2)
374 3585 536 3637 Decus
557 3590 697 3637 Pam.
725 3584 877 3637 Rhea.

289 3652 339 3713 ὅ)
362 3647 448 3713 _Mc
474 3652 617 3698 Pam.
644 3647 797 3713 Rhea.

265 3708 485 3772 (4)1-3um
508 3714 650 3761 Pam.
678 3712 833 3761 Fraa.

266 3775 344 3835 (5)
367 3772 635 3823 Humanam
659 3777 806 3835 Pam.
839 3772 990 3825 Rhea.

289 3832 339 3887 6i
370 3835 541 3885 Natam
566 3839 708 3886 Pam.
744 3832 898 3887 Rhea.

290 3895 344 3956 7)
371 3895 490 3956 Quia
512 3896 660 3949 Rhea.
686 3897 835 3948 Seml.

288 3958 343 4009 8)
366 3958 453 4008 Est
469 3958 617 4009 Seml.
644 3962 788 4009 Pam.

288 4021 344 4078 9)
367 4022 487 4078 Quia
510 4021 735 4072 Christus
755 4024 886 4072 abest
907 4035 938 4072 α
959 4022 1109 4074 Rhea.
1134 4021 1285 4074 Sentl.

295 4082 372 4204 to;
474 4084 652 4133 abesta
670 4082 777 4147 Rig.
813 4093 926 4133 rea.

296 4148 343 4195 ll
396 4144 483 4195 Lst
502 4145 623 4196 add.
649 4150 788 4197 Pam.
811 4146 926 4195 Frtu

296 4144 372 4197 tl)
396 4144 483 4195 Est
502 4145 623 4196 add.
649 4144 788 4197 Pam.
811 4146 964 4196 Fran.
991 4149 1114 4197 Par.

297 4206 371 4270 12)
396 4209 495 4259 Aut
518 4208 661 4258 homo
683 4206 835 4259 omitt.
856 4210 997 4260 Pam.
1016 4207 1169 4262 Rhea.

265 4034 284 4271 ἰ

1932 3534 2920 3624 τι(ίέτῖ.ἓῗυῗζὲῗτιῗίῗὲεξέἶιῖυβὲίέἶυθν
2945 3552 3179 3624 Marcion.
3194 3562 3332 3617 Haud
3345 3570 3497 3624 Fraa.

1905 3597 1987 3649 lib.
2018 3597 2184 3650 Ursin.
2210 3601 2348 3651 Deus
2371 3602 2627 3657 Marcionis
2649 3597 2920 3664 autRh‘ehj'
2939 3597 3090 3670 Sehn-di

2395 3725 2526 3779 abest
2547 3744 2578 3779 a
2600 3730 2753 3781 Rhea.
2784 3739 2923 3781 Pam-

1998 3725 2073 3791 (ξ)
2101 3722 2371 3791 ytriusque
2395 3725 2526 3779 abest
2547 3744 2578 3779 a
2600 3730 2753 3785 Rhea.
2782 3739 2924 3791 Pam.

1998 3786 2050 3835 l6
2094 3784 2341 3851 Cu'usque
2365 3791 2483 3841 add.
2510 3796 2655 3846 Pam.

1966 3785 2071 3983 ibi;
2094 3804 2435 3962 ιἐδᾳΠἍιίῑὶῐᾳδ
2458 3861 2511 3904 et
2534 3869 2647 3907 caro

1996 3910 2071 3983 ι
2098 3910 2211 3983 ξεί-ι
2244 3975 2254 3983 _
2279 3927 2309 3983 e
2334 3917 2443 3983 Rtg.
2472 3926 2584 3983 Ven.

2094 3848 2214 3962 £213
2216 3848 2443 3962 "33%;.
2458 3861 2647 3962 (attactam
2669 3859 2818 3915 codd.
2848 3864 3011 3921 Ursin.
3036 3879 3082 3923 et
3123 3875 3311 3932 Divina.
3336 3885 3487 3937 Seml.

1998 3968 2076 4038 tif)
2098 3974 2306 4038 ξιξ-σιω.
2331 3968 2475 4038 Pam.
2499 3968 2623 4033 Par.
2643 3985 2797 4038 Fran.

1992 4034 2072 4095 20)
2096 4034 2251 4086 OtTert
2294 4036 2448 4090 Rhea.
2464 4068 2469 4072 -
2483 4043 2634 4095 Seml.

1992 4096 2062 4144 2t
2096 4096 2281 4148 Dicens
2304 4102 2444 4152 Pam.
2470 4104 2620 4158 Rhea.
2647 4108 2798 4161 Seml.

1992 4100 2072 4285 22}
2097 4159 2219 4233 Quia
2242 4161 2394 4234 Rhea.
2421 4174 2536 4217 Ven.

1992 4221 2049 4270 23
2096 4221 2220 4282 Qutd
2237 4238 2354 4285 1am.
2376 4224 2528 4282 Rhea.
2553 4230 2721 4285 Paris.

2281 3927 2309 3976 _e
2334 3915 2443 3976 Rig.
2472 3926 2584 3971 Ven,

1991 4158 2072 4218 22)
2097 4159 2219 4218 Quia
2242 4161 2394 4214 Rhea.
2421 4174 2536 4217 Ven.

1990 4221 2068 4285 ss)
2096 4221 2220 4282 Quid
2237 4224 2354 4287 jam.
2376 4224 2528 4282 ΒΙιεη.
2553 4230 2721 4285 Paris.

1966 3988 1990 4284 ἒ

1565 4318 2125 4381 COMMENTARIUS.

1565 4324 2125 4383 COMMENTARIUS.

279 4408 538 4520 ἵετ’)ηῐὲίέέ
578 4408 793 4520 “alii?
1816 4418 1870 4478 ι)
1898 4417 2604 4520 Ηεεείξιὲξεηξ,9ςεέιξςει,,ἓν
2625 4434 2823 4520 ante“
2859 4440 3080 4520 duram.
3248 4463 3487 4520 tumulis

198 4482 309 4538 dici
367 4490 543 4550 potest
607 4482 767 4536 etiam
814 4480 877 4535 iis
922 4482 1011 4549 qui
1068 4480 1325 4536 adversus
1377 4482 1689 4538 Tertulliani
1738 4496 1791 4541 et

198 4552 441 4605 ninnium
491 4562 731 4621 veterum
770 4552 1093 4621 scriptorum
1136 4553 1493 4618 traditionem,
1519 4554 1787 4611 Christum

199 4633 405 4678 statura
432 4623 686 4692 vultuque
712 4620 1159 4677 formosissimum
1187 4624 1284 4677 sibi
1306 4624 1679 4693 imaginantur.
1702 4626 1790 4683 Sic

199 4696 347 4749 enim
375 4694 595 4748 omnino
621 4694 899 4761 legendum
922 4703 1023 4759 est,
1049 4710 1155 4747 non
1179 4704 1233 4748 ut
1259 4694 1437 4763 vulgo,
1460 4696 1631 4751 decus.
1652 4696 1789 4752 Nam

202 4765 310 4818 hoc
362 4764 619 4820 adversus
658 4763 977 4818 Mareionem
1024 4764 1252 4834 probare
1307 4764 1548 4830 instituit,
1608 4774 1789 4823 omnia

201 4836 327 4898 ista,
354 4835 517 4890 Deum
546 4834 713 4899 nasci,
746 4834 910 4888 Deum
938 4834 1193 4903 cruciﬁgi,
1231 4834 1393 4888 Deum
1432 4837 1585 4904 mori,
1624 4839 1786 4894 Deum

199 4906 441 4977 sepeliri,
473 4904 909 4977 quaesecuudum
946 4920 1162 4959 sensum
1194 4904 1483 4977 humanum
1516 4908 1787 4977 pudenda,

201 4976 390 5042 stulta,
414 4975 553 5050 fatua
587 4976 917 5050 iudicantur,
945 4990 1181 5050 quaeque
1221 4975 1420 5050 Marcio
1459 4975 1785 5050 tlestruehat,

202 5056 475 5118 tamquam
512 5046 725 5117 indigna
761 5047 869 5118 Deo
898 5045 1058 5118 :‘lnec
1091 5048 1304 5114 omnia,
1333 5048 1584 5118 inquam,
1619 5066 1646 5104 a
1679 5045 1789 5108 Deo

202 5118 376 5172 electa
402 5116 594 5181 fuisse,
624 5116 684 5171 ut
712 5116 975 5186 sapientia
1024 5118 1294 5173 saecularis
1344 5116 1783 5179 confunderetur.

200 5189 292 5243 Ait
347 5188 507 5258 igitur
539 5187 831 5261 Septimius
879 5187 994 5261 haec
1046 5187 1305 5245 dedecora
1352 5206 1473 5260 quin
1520 5203 1784 5261 putamus,

201 5274 314 5315 non
343 5274 465 5313 esse
506 5258 648 5327 apud
683 5260 849 5312 Deum
878 5257 1171 5325 dedecora,
1205 5262 1311 5315 imo
1339 5257 1640 5317 necessaria
1666 5257 1786 5320 esse

202 5330 327 5384 ﬁdei
378 5329 709 5403 christianze.
748 5328 1171 5403 AQuiddestruis,
1214 5332 1400 5403 inquit,
1446 5333 1662 5388 dedecus
1702 5352 1788 5390 ne-

200 5400 477 5467 cessarium
525 5400 683 5468 ﬁdei?
735 5399 997 5470 Georgius
1044 5399 1313 5468 Baeticus,
1361 5404 1455 5460 lib.
1497 5405 1563 5459 de
1620 5404 1792 5461 Fide:

207 5470 405 5527 «Vides
424 5486 581 5540 quam
611 5472 912 5540 pulchrum,
942 5486 1166 5541 quamve
1186 5472 1443 5529 decormn
1475 5486 1671 5531 nostrae
1701 5493 1791 5538 sa-

200 5542 332 5597 lutis
357 5553 775 5613 sacramentum.
817 5542 873 5597 lu
916 5557 982 5597 co
1023 5543 1163 5613 quod
1198 5545 1334 5599 lilius
1362 5556 1465 5611 est,
1499 5545 1792 5603 minoratus

200 5611 529 5668 ostenditur.
558 5611 838 5680 Quomodo
881 5628 1009 5683 ergo
1042 5611 1113 5668 ad
1147 5616 1512 5671 oll‘uscandam
1541 5617 1790 5675 divinita-

199 5692 313 5740 tem
342 5686 462 5753 ejus
488 5683 841 5755 improperas,
870 5684 1015 5755 quod
1036 5687 1343 5810 exsequitit‘r
1370 5686 1438 5741 ad
1463 5687 1712 5747 decorem
1732 5692 1784 5745 ?r

1331 5772 1401 5810 ια.

1331 5772 1401 5813 IG.

285 5826 368 5895 (b)
412 5825 516 5880 Aut
554 5826 704 5882 homo
744 5826 867 5882 deus
908 5826 1205 5884 Marcionis.
1234 5827 1408 5885 Homo
1444 5830 1651 5887 scilicet
1682 5833 1805 5889 ima-

196 5896 449 5969 ginarius
496 5908 552 5955 et
606 5896 794 5956 falsus.
850 5896 939 5955 Sic
977 5898 1123 5956 enim
1160 5916 1281 5959 mox
1310 5901 1424 5973 ipse
1464 5901 1752 5961 declarabit
1784 5925 1798 5962 :

1894 4491 2111 4589 39154!er
2128 4535 2142 4559 .
2172 4491 2280 4550 εἱῆε
2307 4500 2553 4577 sanguine
2579 4491 3219 4589 cruentamisiawe'wtnn'izzo
3230 4491 3454 4589 5.227333:

1893 4567 2002 4617 siue
2029 4567 2162 4626 fame
2197 4567 2494 4648 esurientem
2509 4614 2522 4631 .
2553 4574 2662 4629 sine
2697 4567 2874 4651 lingua
3230 4567 3489 4671 vi:

1896 4640 2057 4671 Inussm
2088 4635 2234 4671 rerum!
2263 4655 2424 4671 nul-Ima
2456 4644 2561 4671 Δεἶ...
2592 4663 2677 4671 η-..
2704 4648 2798 4671 ξυμ
2820 4655 2859 4671 μυ
3092 4663 3103 4671 .
3184 4639 3217 4671 _’

1896 4640 2057 4687 tasma
2083 4635 2234 4702 fuerit
2259 4655 2424 4694 sermo
2452 4644 2561 4713 ejus
2587 4663 2677 4715 per

1966 4725 2477 4826 .(ci).9.u.if.‘..di'.”_idi.“f
2492 4740 2780 4826 ,Βιθζῑίὲαείο
2808 4746 3105 4826 C’WW'"?
3138 4769 3272 4818 lotus
3290 4725 3487 4826 ueritas

1895 4807 1985 4889 est.
2012 4797 2265 4892 Ignatius,
2296 4820 2380 4892 ep.
2405 4806 2470 4892 ad
2492 4806 2790 4869 Trallianos
3135 4797 3417 4892 ’ξ

2017 4875 2027 4887 ς
2256 4867 2259 4869 ’
2330 4867 2344 4875 '
2768 4867 2785 4869 “
2810 4867 2818 4869 ⁷
2846 4867 2951 4886 -Ιὴ
2986 4867 3028 4878 ""
3057 4867 3109 4881 *ν
3136 4867 3199 4886 ἶν’
3227 4867 3301 4888 vel
3399 4868 3410 4893 Ξ

1890 4876 1978 4969 fore
1992 4874 2199 4969 aelate“
2229 4878 2307 4967 ετξὶ
2335 4888 2399 4969 τρ
2442 4883 2567 4949 ὑπὲρ
2601 4889 2719 4950 diem
2750 4892 3065 4961 ἀποθωνὸντι,
3095 4885 3221 4957 ἀλ)ίὰ
3268 4867 3486 4965 τέιηὲνζῖΐ

1895 4962 1924 4969 .-
1962 4966 1987 4969 _-
2022 4952 2089 4969 _!--
2176 4952 2190 4969 ,‘
2298 4956 2336 4969 ες
2567 4963 2577 4969 .
2626 4964 2635 4969 .
2666 4958 2719 4969 ιρ-
2853 4959 2891 4969 -ι
3312 4963 3319 4969 .
3421 4958 3431 4969 δ

2254 4952 2503 5044 ἥλληδζρέον
2527 4963 2582 5008 τὸ
2595 4958 2770 5044 ,ψιξδθς
2805 4977 2819 5013 ζ
2978 4942 3065 5020 vet:
3063 4984 3093 5022 0
3114 4942 3221 5027 ηοἒ
3244 4942 3482 5044 οὶῗὲηζέλιισ

1894 5019 2406 5117 teretes“?
2430 5023 2483 5117 an
2504 5038 2562 5103 ρο
2588 5019 2769 5117 habes.
2792 5019 3476 5117 etiam}:'iiiiriiii‘Ziii

1890 5082 1980 5180 sed
2206 5082 2397 5180 solare
2419 5092 2565 5180 enim
2594 5082 2920 5158 menddcium'

1889 5160 1986 5218 est,
2008 5153 2062 5205 id
2087 5166 2180 5222 est,
2210 5174 2243 5210 a
2263 5156 2485 5217 Christo.
2511 5162 2645 5219 Lac.

1962 5241 2044 5315 (ιι)
2076 5244 2202 5302 Sine
2228 5250 2417 5305 tunica.
2459 5251 2677 5313 Tunica:
2715 5263 2985 5356 vocabulo
3002 5281 3180 5331 cutem
3219 5277 3484 5356 intelligit.

1963 5384 2063 5483 (A8).
2087 5386 2467 5483 :Seiﬁivorum
2503 5408 2836 5483 evocatoriam.
3211 5435 3399 5480 avocat
3446 5443 3477 5483 ξι

1929 5453 1981 5467 .-
2020 5453 2029 5458 -
2885 5453 2981 5477 κ...
3026 5453 3167 5471 ...νο
3211 5453 3399 5480 avvcus
3446 5453 3477 5483 at

1894 5458 2370 5554 glﬁymmgrgem
2387 5506 2403 5530 ι
2449 5479 2660 5554 ειμι-θεῖε
2689 5472 2795 5531 ﬁde
2822 5479 2888 5532 ad
2915 5481 3185 5553 haeresim,
3208 5506 3236 5544 a
3261 5494 3372 5549 Deo
3411 5499 3477 5554 ad

2389 5525 2399 5530 _
2504 5538 2515 5549 .
2690 5525 2792 5531 ,ην
2824 5525 2888 5532 ν..
2915 5525 3185 5553 “Humum,
3208 5525 3236 5544 ιι
3261 5525 3372 5549 υυυ
3411 5525 3475 5554 au

1896 5525 2422 5624 Satanamylirci:
2441 5534 2689 5624 AVworum
2716 5560 3049 5624 auocatorem.
3080 5557 3475 5624 FruSIratorem

1896 5597 2578 5696 intelligeet‘deceptorem
2601 5630 2617 5674 ;
2658 5597 2832 5696 neque
2843 5597 3058 5681 iiiitii's'é

1896 5667 1969 5738 lo,
1992 5667 2241 5741 quoniam
2264 5667 3475 5767 mortuorum'anrimie'avocaﬁ‘die;

1910 5758 2133 5885 Περι).
2165 5764 2351 5851 Ἣη-
2378 5768 2445 5854 (ζ)
2469 5771 2583 5855 Sed
2609 5778 2817 5863 quidam
2838 5782 3083 5846 discentes
3109 5758 3484 5864 pontieiviﬁiu‘s'.

1958 5834 2209 5885 tsuunlos
2263 5843 2507 5885 mmllnm
2562 5844 2841 5885 Mne-omnm
2914 5858 3055 5885 ιη.--
3357 5882 3366 5885 _
3438 5876 3447 5885 .

2232 5918 2248 5934 .
2262 5834 2509 5934 in‘tel'l‘i'git
2560 5834 3482 5934 narcioiiis,'_"i.ii'éé'533336132:

1910 5859 2209 5903 υιδυψυιυδ
2262 5859 2509 5972 ιιιιειιιῗιι
2560 5859 2861 5917 mareiouis,
2914 5859 3055 5917 inter
3105 5859 3239 5934 quos
3281 5876 3482 5929 antesi-

1905 5918 2110 5977 gnanus
2136 5918 2252 5966 erat
2294 5912 2427 5986 Apel
2454 5929 2531 5973 es.
2564 5915 2812 5979 Ponticus
2836 5927 3072 5991 Marcion
3099 5936 3313 6013 dicitur,
3345 5952 3484 6009 utet
