4250 6494
246 418 356 475 765

1561 413 1644 467 DE
1683 406 1911 465 CARNE
1948 406 2232 465 CHRISTI.

3428 405 3535 465 766

248 547 298 601 p:
316 533 419 584 iam
450 536 690 600 gestasse
733 526 831 600 (a),
866 535 1046 598 utpote
1081 526 1159 597 (1)
1206 533 1421 581 naturas
1466 526 1542 598 (9.)
1590 527 1836 579 suiistan-
1871 529 1915 585 .-\
1949 538 2107 590 borro
2145 538 2381 589 carnem,
2424 524 2577 594 cujus
2620 532 2701 579 est
2744 536 2909 591 mors,
2946 523 3195 580 nativitas
3243 524 3532 581 antecedit.

246 626 335 680 tia:
364 621 653 692 spiritalis,
681 630 765 685 et,
792 621 834 673 si
863 619 1108 689 corporis
1133 619 1393 685 alicujus;
1424 618 1503 671 sui
1535 627 1711 671 tamen
1743 631 1838 683 ge-

246 731 331 769 ner
352 718 423 779 is;
451 715 501 767 in
520 728 736 767 carnem
765 721 941 764 autem
975 710 1260 764 humanam
1288 710 1748 779 transligttrabiles
1773 706 1837 759 ad

248 818 493 876 tt-inpus,
539 816 593 858 nt
653 805 735 876 (5)
778 804 942 857 vitleri
980 813 1034 857 et
1072 803 1323 873 congredi
1365 818 1483 856 cum
1536 801 1842 855 hominibus

250 908 469 967 possent
505 897 603 968 (4).
639 896 820 966 Igitur,
868 911 986 949 cum
1012 897 1235 950 relatum
1279 911 1383 949 non
1419 896 1485 948 sit
1528 894 1667 947 unde
1698 911 1842 948 sum-

248 994 461 1061 pscrint
501 1006 759 1054 carnem,
802 991 1121 1059 relinquitur
1168 990 1459 1044 intellectui
1500 1002 1684 1042 nostro
1736 1002 1840 1042 non

247 1085 527 1145 dubitare,
565 1083 666 1136 boe
697 1097 818 1137 esse
851 1082 1125 1151 ριόιιιίιιιιι
1158 1082 1411 1151 angelica:
1439 1082 1745 1150 potestatis,
1775 1097 1839 1135 ex

248 1177 393 1231 nulla
429 1177 647 1230 materia
678 1189 878 1242 corpus
919 1174 1018 1227 sibi
1064 1190 1300 1228 sumere.
1348 1194 1366 1225 t
1396 1176 1606 1238 Quanto
1640 1174 1839 1242 magis,

245 1266 447 1336 inquis,
479 1282 541 1320 ex
572 1266 744 1335 aliqua
776 1274 982 1319 certum
1011 1266 1124 1319 est!
1175 1285 1192 1315 ι
1234 1265 1337 1321 Sed
1370 1265 1501 1318 nihil
1529 1264 1595 1318 de
1620 1280 1686 1318 eo
1717 1279 1843 1317 con-

247 1369 376 1422 stat,
409 1360 529 1427 quia
575 1357 845 1427 Scriptura
899 1372 1003 1411 non
1037 1358 1277 1411 exhibet.
1309 1356 1610 1419 Cmterum,
1641 1358 1727 1425 qui
1757 1354 1841 1427 (5)

248 1449 435 1504 valent
462 1448 637 1503 facere
666 1451 983 1517 semetipsos
1018 1447 1159 1517 quod
1201 1458 1388 1502 natura
1421 1462 1523 1501 non
1556 1457 1711 1510 sunt,
1749 1462 1844 1501 cur

248 1558 355 1594 non
405 1541 616 1594 valeant
656 1541 815 1595 etiam
855 1539 933 1609 (ϐ)
975 1554 1039 1595 ex
1077 1540 1218 1593 nttlla
1269 1541 1567 1596 subStantia
1625 1540 1703 1611 (7)
1758 1537 1839 1593 fa-

247 1633 407 1685 cere?
448 1630 502 1687 Si
542 1633 673 1685 fiunt
712 1631 854 1699 quod
897 1646 999 1684 non
1032 1641 1192 1697 sunt,
1235 1645 1330 1685 cur
1367 1646 1471 1685 non
1513 1647 1576 1685 ex
1610 1646 1676 1685 eo
1716 1631 1842 1684 ﬁant

245 1724 390 1792 quod
428 1741 532 1778 non
568 1724 682 1777 est?
713 1723 863 1791 Quod
898 1735 1075 1778 autem
1109 1739 1215 1778 non
1241 1732 1354 1788 est,
1385 1739 1505 1778 cum
1529 1724 1628 1785 sit,
1667 1740 1731 1779 ex
1762 1724 1841 1779 ni-

246 1814 361 1868 liilo
392 1824 493 1869 est.
536 1815 824 1883 Propterea
864 1831 962 1870 nec
1012 1816 1329 1884 requiritur.
1372 1831 1471 1870 nec
1510 1814 1837 1880 ostenditur,

2551 614 2778 671 CAPUT
2826 615 2932 670 VII.

2016 705 2119 760 Sed
2149 708 2395 775 quotiens
2423 708 2490 760 de
2520 708 2796 763 nativitate
2827 708 3201 775 Contenditur,
3231 723 3419 764 omnes
3444 709 3531 778 qui

1946 808 2201 866 respuunt
2232 813 2347 851 eam
2382 808 2437 853 ιιι
2467 800 2905 870 ρι’ςιιίιιιιίριιιιιιειιι
2935 801 3000 854 tle
3026 802 3204 855 carnis
3233 801 3285 856 in
3319 801 3534 857 Christo

1945 897 2199 953 vt-rttate,
2249 889 2418 958 ipsum
2476 892 2641 945 lletnu
2696 892 2882 945 volunt
2933 905 3127 961 negare
3167 906 3288 947 esse
3332 905 3534 957 natum,

1944 981 2085 1051 quod
2116 981 2312 1035 dixerit
2345 982 2537 1051 (Matt.
2580 982 2706 1049 XII,
2748 983 2818 1038 48
2845 984 2862 1054 )
2893 1001 2904 1035 :
2940 984 3069 1051 Quae
3104 984 3229 1037 mihi
3268 994 3456 1049 muter,
3491 994 3539 1039 et

1944 1078 2030 1147 qui
2065 1076 2191 1128 mihi
2221 1077 2445 1146 fratres?
2485 1076 2680 1131 Audiat
2725 1078 2882 1147 igitur
2914 1088 2966 1131 et
3000 1077 3216 1147 Apelles
3239 1120 3254 1142 ,
3298 1076 3373 1149 (ε)
3411 1077 3537 1147 quid

1942 1168 2050 1235 jam
2095 1182 2410 1234 responsum
2444 1169 2569 1221 sita
2602 1168 2755 1222 nobis
2794 1169 3046 1223 Marcioni
3084 1184 3150 1224 eo
3187 1169 3400 1239 libello,
3437 1186 3539 1239 .pto

1947 1260 2024 1329 (ιι)
2053 1258 2119 1313 ad
2162 1259 2274 1330 (14)
2323 1259 2669 1330 Evangelium
2722 1260 2886 1330 ipsius
2936 1260 3372 1329 provocavimus,
3411 1278 3539 1316 con-

1948 1350 2289 1406 siderandam
2322 1352 2527 1407 scilicet
2564 1355 2846 1407 materiam
2881 1353 3330 1421 pronuntiationis
3360 1354 3533 1408 istius.

1945 1444 2406 1516 I’rimoquidem,
2439 1460 2710 1513 nunquam
2747 1445 3029 1515 quisquam
3066 1444 3432 1499 adnuntiasset
3460 1446 3539 1501 illi

1946 1548 2169 1593 matrem
2204 1550 2257 1593 et
2288 1537 2482 1593 fratres
2509 1539 2623 1608 ejus
2656 1538 2784 1592 toris
2810 1547 2953 1593 stare
2979 1539 3093 1610 (l5)
3114 1581 3128 1602 ,
3160 1540 3249 1609 qtti
3280 1556 3385 1594 non
3414 1556 3536 1595 cer-

1946 1639 2029 1684 tus
2058 1642 2201 1686 esset
2228 1631 2343 1702 (l6)
2371 1632 2567 1685 habere
2599 1632 2746 1684 illum
2782 1641 3006 1686 matrem
3039 1639 3093 1686 et
3122 1633 3344 1695 fratres,
3374 1642 3427 1686 et
3457 1634 3536 1701 ip-

1944 1737 2034 1777 Stis
2065 1738 2206 1787 esse,
2238 1738 2373 1793 quos
2397 1735 2519 1777 tunc
2544 1724 2839 1783 nuntiabat.
2868 1724 2950 1778 vel
2983 1732 3128 1779 retro
3153 1725 3424 1796 cognitos,
3455 1726 3539 1781 vel

1946 1824 2070 1869 tunc
2104 1816 2295 1870 ibidem
2329 1826 2633 1882 compertos
2682 1815 2958 1887 (l7),licet
2992 1825 3270 1885 prepterea
3307 1818 3541 1871 abstule-

245 1909 374 1977 quid
410 1918 591 1977 postea
623 1908 820 1962 factum
852 1908 923 1961 sit
952 1910 1268 1978 corporibus
1302 1910 1512 1963 illorum
1541 1909 1638 1980 (b).
1684 1910 1836 1975 Quod
1869 1920 1915 1979 Β
1946 1910 2052 1962 rint
2084 1908 2317 1964 haereses
2355 1910 2451 1962 ista
2485 1908 2599 1980 (18)
2629 1909 2695 1963 de
2727 1908 3021 1977 Evangelio
3047 1951 3061 1973 ,
3103 1908 3242 1978 quod
3270 1919 3325 1965 et
3359 1910 3537 1964 credi-

244 1999 313 2052 de
349 1998 519 2054 nihilo
552 1999 680 2065 fuit,
717 2001 846 2054 nibil
882 2000 1076 2055 factum
1113 2010 1213 2055 est.
1248 2002 1477 2055 Possunt
1504 2002 1633 2055 nihil
1665 2002 1836 2070 ipsum

242 2103 562 2149 convertere
586 2094 635 2147 in
659 2108 899 2155 carnem,
932 2092 1022 2157 qui
1052 2094 1372 2163 semetipsos
1400 2104 1684 2164 potuerunt
1706 2110 1839 2149 cen-

243 2195 459 2240 vertere
487 2186 536 2239 in
560 2201 799 2240 carnem.
832 2185 956 2239 Plus
978 2195 1059 2240 est
1087 2196 1331 2240 naturam
1354 2186 1655 2251 demutare,
1679 2203 1836 2257 quam

244 2277 424 2333 facere
470 2278 772 2333 materiam.
818 2278 922 2331 Sed
954 2287 1010 2332 et
1047 2276 1126 2347 (8)
1186 2277 1229 2331 si
1266 2276 1331 2332 de
1367 2278 1585 2332 materia
1621 2294 1840 2334 necesse

243 2370 438 2425 fuissrt
485 2371 563 2441 (9)
605 2372 823 2441 angelos
887 2371 1185 2439 sumpsisse
1224 2387 1441 2426 carnem
1467 2414 1481 2436 ,
1531 2372 1838 2428 credibilius

242 2463 430 2531 utique
459 2472 540 2515 est
575 2464 641 2515 de
676 2473 887 2517 terrena
921 2463 1176 2528 materia,
1204 2479 1361 2533 quam
1390 2464 1458 2518 de
1495 2465 1606 2518 ullo
1640 2480 1838 2536 genere

238 2555 545 2609 emlestinnt
576 2555 1025 2618 substantiarum;
1051 2570 1171 2608 cum
1201 2555 1335 2608 adeo
1369 2566 1593 2610 terrenae
1617 2558 1835 2624 qualita-

242 2648 313 2702 tis
342 2649 609 2709 extiterit,
639 2658 693 2701 ut
721 2648 949 2703 terrenis
975 2648 1184 2717 pabulis
1217 2659 1362 2721 pasta
1385 2650 1471 2703 sit.
1512 2650 1691 2705 Fuerit
1721 2652 1835 2722 (t0)

242 2754 387 2792 nunc
416 2736 531 2809 (11)
561 2755 775 2809 quoque
805 2740 1016 2795 siderea
1045 2740 1233 2796 eodem
1264 2741 1385 2811 (1‘2)
1419 2741 1577 2795 modo
1610 2745 1836 2798 terrenis

240 2832 455 2901 pabulis
479 2844 651 2904 pasta,
677 2834 885 2902 quando
916 2845 1124 2888 terrena
1156 2850 1260 2888 non
1290 2845 1463 2899 esset;
1493 2851 1598 2907 quo
1627 2845 1833 2892 terrena

239 2926 555 2981 ctelestibus
590 2939 735 2995 pasta
766 2937 874 2989 est,
911 2927 1124 2997 quando
1151 2928 1387 2983 caelestis
1419 2945 1522 2983 non
1554 2941 1697 2984 esset
1722 2929 1738 3001 (
1761 2929 1835 2984 le-

239 3020 417 3086 gimus
453 3022 593 3072 enim
628 3035 819 3072 ntanna
851 3022 963 3073 esui
1000 3023 1195 3089 populo
1234 3020 1396 3075 fuisse
1428 3038 1442 3075 :
1479 3019 1704 3086 Panem,
1748 3023 1833 3077 in-

233 3112 353 3181 quit
378 3112 395 3179 (
425 3110 511 3165 Ps.
548 3111 832 3179 LXXVII)
863 3154 875 3173 ,
908 3114 1201 3183 angelorum
1232 3114 1333 3167 edit
1365 3114 1580 3185 homo);
1612 3131 1717 3170 non
1751 3126 1829 3170 ta-

238 3219 366 3258 men
436 3202 741 3273 infringitur
821 3205 988 3260 semel
1052 3215 1293 3274 separata
1360 3207 1599 3261 conditio
1646 3207 1832 3263 Domi-

1946 2011 2055 2056 tntn
2085 2011 2288 2072 patrem
2318 2003 2434 2071 ejus
2464 2001 2663 2070 Josepb
2696 2001 2925 2066 fabrum,
2955 2013 3008 2055 et
3039 2008 3262 2055 matrem
3293 2000 3534 2068 Mariam,

1944 2106 1995 2150 et
2026 2097 2219 2149 fratres
2249 2105 2303 2151 et
2332 2110 2545 2150 sorores
2566 2096 2681 2165 ejus
2707 2097 2909 2165 optime
2938 2105 3091 2150 notos
3114 2096 3214 2151 sibi
3239 2111 3361 2151 esse
3386 2095 3534 2151 dicc-

1943 2187 2089 2247 Iiant,
2122 2189 2207 2258 qtti
2240 2189 2571 2243 mirabantur
2600 2187 2896 2243 doetrinam
2927 2189 3066 2258 ejus.
3104 2210 3121 2239 ι
3161 2188 3269 2243 Sed
3299 2188 3535 2243 tentandi

1939 2280 2107 2349 gratia
2150 2282 2523 2334 nuntiaverant
2553 2279 2668 2351 (19)
2699 2289 2753 2334 et
2794 2290 3019 2336 matrem
3052 2293 3102 2336 et
3137 2280 3361 2344 fratres.
3404 2296 3538 2352 quos

1941 2388 2049 2426 non
2079 2374 2326 2427 habebat.
2364 2392 2382 2423 ι
2411 2372 2519 2426 lloc
2540 2373 2752 2441 quidem
2783 2374 3056 2442 Scriptura
3092 2389 3197 2428 non
3220 2374 3371 2441 dicit,
3404 2375 3537 2429 alias

1943 2479 2047 2516 non
2087 2474 2297 2530 tacens,
2338 2479 2461 2519 cum
2501 2464 2625 2534 quid
2671 2466 2984 2520 tentationis
3018 2467 3187 2537 gratia
3218 2468 3415 2522 factum
3455 2476 3536 2521 est

1940 2558 2077 2609 eirea
2106 2554 2220 2627 (20)
2248 2572 2368 2609 etttn
2406 2575 2416 2609 :
2454 2555 2618 2623 Ecce,
2665 2558 2833 2628 inquit
2870 2557 3050 2625 (Matt.
3086 2558 3287 2629 XXII),
3317 2561 3536 2613 surrexit

1942 2650 2063 2720 legis
2088 2649 2263 2703 doctor
2289 2692 2301 2713 ,
2333 2657 2531 2703 teutmts
2576 2666 2710 2703 eum.
2755 2650 2822 2704 Et
2848 2650 2970 2704 alibi
3004 2653 3022 2725 (
3052 2650 3200 2704 Matt.
3231 2651 3393 2722 XIX)
3425 2671 3435 2703 :
3468 2651 3536 2706 Et

1938 2754 2254 2796 accesserunt
2298 2744 2367 2796 ad
2407 2761 2520 2797 eum
2564 2743 2848 2809 Phariswi,
2882 2753 3146 2799 tentantes.
3180 2744 3332 2813 Quod
3374 2760 3534 2800 nemo

1941 2836 2260 2903 prohibebat
2309 2836 2394 2890 ltic
2444 2851 2657 2907 quoque
2699 2835 3019 2905 significari,
3078 2836 3315 2892 tentandi
3364 2836 3532 2908 gratia

1937 2924 2157 2981 factum.
2209 2927 2278 2997 (e)
2318 2927 2432 2982 Non
2465 2930 2665 2999 recipio
2722 2928 2862 2999 quod
2922 2937 3071 2983 extra
3109 2928 3438 2999 Scripturam
3467 2929 3533 2986 tle

1939 3029 2029 3073 tuo
2050 3019 2233 3075 infers.
2261 3021 2482 3087 Dehinc,
2514 3022 2734 3076 materia
2767 3022 3082 3077 tentatiouis
3107 3022 3267 3078 debet
3286 3025 3526 3077 subesse.

1938 3112 2072 3181 Quid
2105 3114 2417 3169 tentandum
2448 3125 2769 3185 putaverunt
2798 3117 2849 3169 in
2880 3114 3011 3170 illo?
3039 3112 3264 3184 Utique,
3306 3125 3533 3169 natnsne

1935 3214 2109 3271 esset,
2146 3220 2211 3258 an
2256 3221 2390 3269 non;
2424 3206 2468 3260 si
2499 3207 2639 3261 enim
2681 3208 2780 3262 hoc
2818 3207 3030 3277 negavit
3066 3206 3345 3276 responsio
3380 3206 3527 3275 ejus,

210 3295 373 3349 micae
424 3296 630 3360 carnis,
687 3311 749 3350 ex
813 3310 1000 3350 caussa
1037 3296 1258 3351 alterius
1294 3296 1679 3367 dispositionis.
1718 3297 1826 3353 Ho-
1856 3311 1901 3374 ρ
1937 3295 2038 3349 boc
2067 3297 2297 3365 captavit
2336 3298 2600 3351 nuntiatio
2645 3299 2946 3352 tentaturis.
2987 3298 3092 3353 Sed
3128 3298 3271 3351 nulla
3310 3299 3531 3353 tentatio

234 3402 327 3439 nio
379 3402 504 3441 vere
560 3387 767 3441 futurus
812 3402 983 3457 usque
1036 3386 1101 3441 ad
1151 3397 1379 3442 mortem
1433 3403 1551 3443 eam
1614 3404 1832 3445 carnem

231 3480 513 3547 Oportebat
567 3488 624 3531 ut
656 3480 768 3549 (15)
819 3477 1082 3545 indueret,
1113 3479 1264 3547 cujus
1317 3488 1400 3533 est
1456 3493 1601 3532 mors
1655 3497 1668 3532 :
1714 3495 1832 3533 eam

1939 3387 2163 3443 tendens
2191 3388 2257 3442 ad
2286 3390 2611 3458 agnitionem
2644 3390 2793 3459 ejus,
2834 3390 2900 3445 de
2930 3406 3036 3461 quo
3073 3388 3367 3444 dubitando
3409 3398 3527 3443 ten-

1937 3493 2031 3549 tat,
2073 3485 2141 3538 ita
2177 3483 2357 3539 subito
2389 3484 2661 3554 procedit,
2696 3492 2753 3539 ιιι
2775 3502 2876 3539 ιιοιι
2920 3494 3045 3539 ante
3077 3484 3345 3555 praecedat
3383 3497 3526 3553 qua:-

1472 3590 1856 3651 LECTIONES
1894 3596 2304 3653 VARIANTES.

290 3707 365 3771 (1)
401 3708 581 3771 Utputa
605 3710 749 3771 Pam.
776 3704 928 3759 Rhen.

290 3766 365 3833 (9.)
390 3766 570 3821 Natura
594 3769 683 3823 Rh.
712 3771 861 3821 Semt.
892 3784 918 3818 a
940 3777 1112 3819 natura
1139 3768 1249 3819 eod.
1278 3766 1428 3833 Agob.
1465 3775 1652 3819 naturae
1677 3770 1822 3819 Pam.

224 3832 396 3884 Ριινὶς.

312 3897 362 3959 3)
388 3895 456 3959 Iit
476 3894 623 3959 omitt:
649 3894 758 3959 Ilig.
792 3901 905 3943 t'en.

314 3954 366 4020 1)
385 3958 535 4020 Ιῖοδεθ
562 3954 668 4020 ῌίθ.
701 3954 814 4004 Pen.

286 4014 361 4077 (5)
388 4018 509 4076 Quia
533 4014 682 4068 Rhén.
709 4017 856 4068 Sentt.
879 4014 1076 4067 Oberth.

308 4077 361 4132 6)
388 4081 449 4129 Et
471 4077 618 4132 Rhen.
646 4078 797 4131 Seml.
828 4077 1026 4130 Oberth.

308 4138 361 4193 7)
396 4143 722 4192 Snbstantiam
743 4141 895 4193 Rhea.
924 4141 1065 4191 Seml.
1092 4138 1289 4192 Oberth.

306 4203 356 4267 8)
386 4212 435 4254 Et
452 4204 582 4256 abest
603 4218 635 4254 a
658 4203 804 4254 Ithen.
832 4207 974 4254 Pam.

306 4268 361 4336 1))
375 4267 500 4336 Fuit
522 4268 629 4336 Rig.
663 4276 777 4336 Ven.

284 4326 390 4393 (11))
426 4326 767 4380 Ριιει·1ῐοιιιίιι.
790 4327 944 4379 Rhea.
969 4326 1121 4376 Seml.

342 3967 366 4205 ἕ

1995 3707 2099 3834 fit)
2127 3708 2176 3783 Si
2200 3710 2320 3760 add.
2346 3709 2496 3760 Rhen.

2022 3771 2075 3820 12
2133 3772 2314 3834 Eadem
2338 3770 2491 3824 Rhea.

2022 3770 2096 3824 12)
2133 3772 2314 3822 Eadem
2338 3770 2491 3824 Rhen.

1995 3832 2097 3893 (l3)
2134 3833 2199 3884 Ut
2221 3837 2370 3886 omitt.
2398 3836 2547 3886 Ilhen.
2576 3832 2725 3885 Seml.

1993 3896 2096 3953 (l4)
2123 3898 2193 3945 Ad
2217 3898 2367 3947 omitt.
2398 3907 2530 3947 I-‘am.
2554 3896 2706 3948 Rhea.

2019 3958 2095 4023 15)
2129 3958 2328 4023 Statura
2359 3960 2470 4023 cod.
2506 3959 2656 4023 Agob.

2022 4018 2093 4081 16)
2128 4018 2189 4081 Et
2210 4018 2329 4069 add.
2356 4020 2477 4081 Rig.
2500 4030 2519 4066 ι
2536 4018 2612 4069 e'n.

2120 4080 2372 4144 ARepertos
2394 4080 2496 4131 alii.

2013 4141 2091 4195 18)
2117 4141 2229 4192 Ista}
2256 4144 2400 4194 lthen.
2426 4141 2577 4195 Seml.

2012 4205 2091 4266 19)
2116 4205 2475 4255 Nnntiaverunt
2498 4207 2650 4256 Fratt.

1984 4265 2085 4333 (ΞΟ)
2120 4267 2251 4331 Erga
2272 4268 2382 4319 cod.
2408 4268 2558 4335 Aget).

1570 4426 2129 4493 COMMENTARIUS.

211 4551 343 4605 ideo
388 4550 565 4603 videat
612 4548 781 4603 lector
817 4548 909 4601 lib.
958 4545 998 4602 II
1048 4544 1114 4600 de
1147 4544 1296 4600 Trin.
1336 4560 1457 4612 cap.
1504 4544 1593 4599 17.
1620 4544 1808 4600 Porro

210 4624 445 4692 legimus
493 4624 682 4675 iterum
726 4636 786 4672 ex
827 4619 923 4672 Ms.
971 4619 1023 4672 ὅ.
1062 4617 1231 4672 Vatic.
1281 4617 1467 4692 Atquin
1512 4632 1609 4683 pro
1648 4618 1803 4684 atqui.
1836 4618 1888 4677 1)

1400 4688 1532 4741 Ριιιι.

287 4762 366 4835 (a)
402 4763 609 4818 Constat
645 4762 867 4832 Angelos
896 4776 1097 4832 carnem
1134 4776 1236 4835 non
1276 4761 1533 4835 proprium
1573 4768 1810 4827 gestasse.

209 4828 433 4892 Seilieet
465 4848 569 4888 non
596 4848 716 4887 esse
731 4828 972 4912 'carncos
1003 4832 1254 4912 omnino,
1278 4828 1331 4883 et
1355 4828 1565 4912 proprie
1596 4840 1648 4881 ιιι
1680 4844 1809 4912 nos,

211 4923 317 4961 nec
352 4908 585 4974 pondere
614 4903 855 4973 corporis
881 4916 1089 4972 graves.
1122 4901 1261 4974 Illud
1288 4900 1547 4974 propriam
1573 4900 1809 4967 appellat

208 4972 375 5047 supra
407 4977 651 5047 Angelos.
683 4972 873 5047 nempe
904 4977 1170 5047 propriam
1203 4972 1336 5047 sibi,
1366 4988 1473 5047 _non
1501 4984 1659 5047 supra
1691 4987 1805 5047 car-

208 5042 349 5102 nein.
386 5042 517 5101 Nam
549 5055 606 5101 et
634 5047 813 5100 statim
846 5044 1039 5099 indicat
1060 5085 1075 5107 ,
1108 5052 1163 5097 et
1192 5043 1315 5096 alibi
1347 5042 1535 5105 docet,
1576 5042 1808 5110 Angelos

208 5121 337 5173 illos
365 5119 635 5187 propriam
662 5132 877 5171 carnem
903 5131 1010 5183 [ιι-ιη
1036 5130 1095 5169 se
1119 5114 1443 5187 tttlisse,_sed
1473 5123 1803 5187 assumptum

208 5206 319 5245 non
361 5184 478 5244 sibi
500 5189 767 5259 propriam
799 5198 850 5241 et
883 5186 1179 5259 naturalem
1199 5226 1212 5247 ,
1244 5195 1308 5259 Διιι
1338 5185 1390 5239 in
1426 5184 1526 5259 boe
1558 5185 1806 5259 Angusti~

205 5276 312 5316 nns
350 5270 403 5313 et
443 5254 743 5315 Bernartius
778 5257 973 5312 eitandi
1010 5255 1297 5325 aliquando
1337 5257 1629 5324 ambigunt.
1670 5254 1801 5311 Lac.

281 5330 361 5404 (b)
393 5331 527 5404 Quid
562 5340 733 5404 postea
756 5331 956 5404 factum
983 5332 1047 5382 sit
1077 5327 1370 5404 corporibus
1399 5328 1624 5404 illorum.
1656 5325 1801 5404 bati-

204 5395 431 5458 nis‘si'me
463 5395 682 5456 dictum.
714 5395 774 5454 Idi
798 5410 900 5463 est,
929 5417 1033 5467 quo
1067 5399 1430 5467 pervenerint.
1475 5395 1803 5451 Subauditur

203 5476 272 5528 de
311 5472 638 5543 przepositio.
680 5472 769 5525 Sit:
795 5470 1063 5543 Cicereio
1095 5469 1317 5543 Verrem
1340 5486 1361 5543 _:
1400 5468 1538 5534 Quid
1578 5478 1634 5543 te
1663 5467 1803 5535 futu-

202 5538 323 5598 runi
349 5538 465 5598 est?
492 5560 590 5613 quo
620 5542 917 5612 confugies?
944 5541 1187 5613 Plautus:
1210 5538 1582 5613 QuidAorgeuto
1609 5542 1800 5613 factum

202 5631 281 5669 est
324 5616 461 5684 quod
497 5606 634 5667 dedi.
677 5606 907 5669 Rursum
956 5611 1147 5667 Cicero
1193 5626 1288 5679 pro
1333 5606 1577 5666 Cluentio
1612 5606 1627 5662 ξ
1663 5606 1799 5673 Quid

200 5698 298 5748 est,
332 5696 435 5740 etc.
467 5685 639 5740 Busa.
990 5752 993 5753 ν

278 5756 435 5810 CAP.
481 5756 590 5811 VII.
619 5787 688 5797 —-
717 5754 793 5826 (e)
840 5753 976 5819 Quid
990 5752 997 5826 ί
1002 5755 1117 5823 jam
1155 5768 1448 5826 responsant
1482 5753 1546 5826 sit
1581 5752 1797 5826 a_t_tohis

202 5827 481 5903 yarcioni.
526 5820 783 5903 Illltliiig‘il:
807 5827 944 5881 baud
971 5820 1135 5880 dubie
1182 5825 1346 5903 libros
1361 5822 1441 5903 _IV
1469 5822 1599 5903 adv.
1626 5820 1791 5903 Marc.

200 5900 276 5954 ibi
315 5900 459 5952 enim
494 5902 654 5954 etiam
690 5894 876 5954 iisdem
914 5913 1078 5967 pene,
1121 5896 1213 5951 sed
1257 5895 1412 5964 paulo
1452 5894 1792 5967 paucioribus

202 5972 342 6026 banc
370 5971 686 6042 scripturam
717 5964 946 6040 explicat
972 5968 1171 6035 verbis,
1205 5968 1361 6038 paulo
1389 5975 1506 6037 post
1532 5964 1784 6035 adlegan-

1913 4570 2014 4625 tlis.
2056 4572 2283 4627 Proinde
2319 4574 2481 4629 etiam
2516 4574 2639 4629 hinc
2679 4583 2889 4630 constat
2929 4588 3112 4631 verum
3153 4590 3275 4632 esse
3316 4577 3511 4634 eodem

1918 4658 2052 4766 pene
2098 4654 2338 4712 tempore
2373 4646 2601 4713 scriptos
2643 4644 2785 4699 hunc
2827 4656 2880 4700 et
2918 4656 3238 4711 sequentem
3280 4648 3408 4704 libb.
3449 4666 3513 4705 ac

1940 4714 2044 4766 ibb.
2082 4714 2149 4766 IV
2211 4716 2412 4766 primos
2443 4716 2563 4766 adv.
2602 4716 2924 4766 Mareionem
2963 4737 2975 4766 τ
3013 4719 3094 4766 bis
3134 4733 3262 4766 vero
3301 4719 3513 4766 absolui-

1940 4714 2044 4769 ibb.
2082 4714 2149 4769 IV
2211 4716 2412 4784 primos
2443 4716 2563 4769 adv.
2602 4716 2924 4770 Marcionem
2963 4737 2975 4773 :
3013 4719 3094 4772 bis
3134 4733 3262 4772 vero
3301 4719 3517 4776 absoln-

1917 4784 2016 4846 tis.
2057 4796 2165 4840 ttun
2206 4786 2422 4860 dettttlttt
2446 4802 2577 4860 esse
2609 4788 2975 4858 conscriptum
3011 4790 3254 4860 quintum
3296 4791 3391 4846 lib.
3419 4792 3515 4846 ad-

1916 4870 2107 4911 versus
2137 4858 2408 4912 eumdem.
2444 4858 2579 4913 Pus.

1988 4945 2069 5020 ((1)
2102 4948 2182 5002 Ad
2217 4948 2543 5018 Evangeliunt
2574 4951 2735 5019 ipsius
2764 4954 3162 5018 proeocavimus.
3206 4952 3386 5010 Utitur
3416 4956 3513 5011 ali-

1911 5019 2124 5091 quando
2159 5020 2519 5074 'l‘nrtn|lianus
2560 5023 2837 5091 evangelio
2882 5024 3165 5079 Marcionis
3192 5025 3315 5079 adv.
3356 5043 3507 5080 enm-

1910 5088 2031 5143 tlom
2068 5109 2079 5142 :
2109 5102 2379 5167 retorquet
2407 5093 2682 5167 ιιΗιιίι-ιιιιιἶ
2704 5088 2763 5146 ιιι
2785 5096 2971 5163 quavis
3001 5098 3293 5162 Sponsione
3326 5098 3502 5167 ipsmn

1909 5171 2134 5233 premat.
2162 5161 2219 5215 Β.
2253 5161 2409 5216 Luca:
2437 5161 2815 5232 Evangelittm,
2834 5161 3059 5233 rejecﬁs
3080 5167 3197 5221 aliis
3226 5161 3415 5232 tribus,
3454 5171 3507 5224 in

1909 5231 2416 5310 ninltis_recnsabat,
2451 5245 2498 5286 et
2533 5231 2775 5299 quintum
2792 5231 2915 5310 sine
2943 5237 3165 5291 fatuitati
3197 5231 3502 5310 congruens

1907 5312 1961 5355 et
1986 5303 2263 5358 conforme
2292 5315 2629 5359 eoinmentns
2658 5316 2757 5360 est.
2791 5307 2864 5361 De
2896 5308 2994 5362 bon
3022 5310 3218 5379 agitur.
3262 5303 3338 5365 Li:
3371 5311 3464 5365 I‘n.

1978 5392 2052 5467 (e)
2087 5394 2203 5449 Non
2231 5398 2416 5464 recipio
2444 5398 2578 5466 quod
2598 5408 2738 5452 extra
2763 5396 3103 5461 Scriptorum.
3136 5400 3280 5456 Inter
3304 5403 3508 5455 articu-

1907 5465 1994 5518 los
2014 5465 2361 5537 quadraginta
2387 5465 2462 5522 ab
2482 5469 2745 5524 haereticis
2778 5472 3037 5539 superiori
3064 5472 3473 5532 _s:et‘nlo.exara
3492 5504 3504 5514 ς

1905 5546 2010 5602 tos,
2042 5554 2203 5591 unum
2237 5550 2316 5591 est
2338 5581 2350 5600 ,
2378 5555 2484 5608 quo
2504 5555 2561 5594 se
2590 5540 2722 5611 nihil
2747 5542 2969 5596 credere
2996 5552 3086 5596 ant
3112 5543 3311 5597 docere
3341 5544 3503 5611 profi-

1905 5616 2102 5669 tentur.
2131 5611 2228 5663 nisi
2260 5612 2308 5662 itt
2339 5612 2506 5663 sacris
2534 5610 2804 5666 codicibus
2837 5614 3135 5679 reperiatur
3165 5661 3177 5676 ,
3212 5624 3267 5665 ιιι
3294 5610 3504 5670 sCilieet

1903 5681 2216 5734 traditiones
2238 5680 2480 5735 ecclesi:e
2512 5682 2879 5737 amandarent.
2910 5684 2985 5737 Lr.
3015 5685 3107 5739 l’tt.
3145 5715 3213 5725 —
3242 5683 3320 5739 Ne
3363 5684 3505 5742 forte

1900 5749 2015 5818 quis
2054 5751 2190 5804 istud
2231 5752 2547 5820 detorqueat
2580 5762 2763 5806 contra
2804 5755 3118 5810 traditiones
3166 5756 3500 5811 ecclesiasti-

1898 5835 1987 5874 cas
2014 5862 2027 5882 ,
2066 5823 2366 5875 meminerit
2412 5823 2694 5877 Auctorem
2737 5824 3019 5888 docuisse.
3063 5825 3100 5878 1.
3135 5826 3199 5879 de
3230 5826 3349 5881 Cor.
3389 5829 3496 5880 mil.

1895 5907 1945 6017 (ἐ.
1979 5892 2041 5953 5.
2074 5894 2232 5947 etiam
2270 5892 2607 5948 traditionem
2637 5910 2739 5949 non
2769 5897 3025 5966 scriptam
3067 5895 3267 5953 debere
3297 5898 3489 5969 recipi.

1943 5978 2037 6017 AI.

1943 5978 2037 6017 AI.
