4250 6494
754 377 861 434 ’167

2176 404 2639 472 TERTULLIANI

3935 439 4044 495 768

755 496 878 562 stio,
909 510 1049 567 quas,
1075 499 1461 563 dubitationem
1492 507 1750 578 inferens,
1783 524 1939 588 cogat
1965 522 2334 580 tentationcm.
2373 531 2414 588 Α
2445 532 2715 587 extraneis
2757 533 2950 592 deﬁxis
2998 537 3049 594 in
3093 539 3263 607 illum,
3323 551 3427 601 tam
3492 547 3607 619 (14)
3637 553 3868 622 proximi
3911 557 4013 611 τιιιο

759 588 922 622 υηιιιςη
1003 593 1046 622 οἱ
1089 608 1344 622 -..οηημη
1391 600 1450 622 .s-
1491 604 1729 622 ___.,-,,,-._-
1802 605 1858 622 η.
1912 609 1924 622 .
1965 613 1995 622 ..
2115 613 2127 622 .

757 588 951 652 P0rro,
1002 593 1046 645 si
1089 608 1345 666 nusquam
1385 600 1454 656 de
1491 604 1765 659 uativitate
1800 605 1996 664 Christi
2044 613 2339 671 volutatum

753 689 854 737 est,
893 683 1017 747 quid
1051 691 1103 737 tu
1137 693 1558 761 argumentaris,
1599 697 1833 754 voluisse
1869 701 1992 756 illos
2034 719 2128 773 per
2165 716 2341 763 tenta-

756 771 953 825 Iinncm
977 775 1233 832 sciscitari
1265 782 1406 850 quod
1429 800 1698 856 nunquam
1726 771 2088 858 produxerunt
2117 798 2170 852 in
2193 815 2341 869 qutu-

753 863 1018 919 stionem?
1046 867 1127 924 Eo
1153 871 1434 942 adjicimus
1463 876 1542 950 (1)
1573 897 1585 932 :
1624 882 1833 938 etiamsi
1887 888 2171 944 lentandus
2197 863 2342 949 esset

753 953 817 1007 de
849 959 1154 1026 nativitate,
1190 979 1295 1018 non
1331 968 1514 1040 utique
1555 971 1658 1029 hoc
1687 975 1847 1030 modo
1883 987 2207 1045 tentaretur,
2249 1001 2340 1039 ea-

752 1059 867 1100 rum
897 1063 1244 1116 personarum
1274 1057 1698 1131 adnuntiatione,
1736 1082 1854 1137 qua:
1882 1079 2146 1140 poterant,
2176 1077 2337 1131 etiam

752 1150 875 1196 nato
901 1142 1117 1199 Christo
1139 1189 1153 1212 ,
1185 1164 1289 1204 non
1317 1153 1494 1208 fuisse.
1522 1156 1723 1214 Omnes
1748 1162 2046 1232 nascimur,
2077 1176 2130 1220 et
2160 1177 2336 1224 tamen

751 1247 856 1286 non
888 1249 1076 1310 omnes
1100 1251 1192 1294 aut
1231 1243 1422 1300 fratres
1457 1247 1716 1307 habemus
1747 1262 1838 1309 aut
1867 1269 2111 1313 matrem.
2149 1261 2338 1319 Adhuc

751 1333 925 1393 potest
965 1336 1020 1382 et
1061 1340 1264 1400 patrem
1313 1339 1484 1408 magis
1527 1339 1726 1397 habere
1773 1360 1933 1415 quam
1979 1358 2236 1419 matrem,
2284 1363 2339 1409 et

749 1419 1042 1475 avunculos
1088 1426 1256 1494 magis
1291 1443 1450 1498 quam
1486 1430 1701 1489 fratres.
1745 1436 1896 1493 Adeo
1941 1455 2046 1495 non
2082 1446 2339 1514 competit

751 1513 972 1566 tentatio
1003 1517 1327 1588 nativitatis,
1361 1538 1517 1590 quam
1559 1526 1755 1582 licebat
1786 1540 1839 1585 et
1877 1533 1994 1588 sine
2030 1537 2251 1603 matris,
2283 1550 2338 1594 et

749 1601 864 1658 sine
908 1603 1128 1662 fratrum
1173 1613 1539 1673 nominatione
1581 1630 1852 1678 constare.
1907 1624 2138 1684 Facilius
2183 1632 2337 1701 plane

747 1703 858 1758 est,
901 1706 989 1762 ut,
1031 1701 1165 1755 certi
1199 1702 1344 1758 illum
1395 1716 1449 1761 et
1487 1719 1710 1766 matrem
1756 1724 1810 1769 et
1859 1715 2050 1774 fratres
2096 1721 2333 1793 habere,

745 1782 1080 1845 divinitatem
1122 1795 1298 1862 potius
1329 1803 1650 1858 tentaverint
1693 1806 1846 1874 ejus,
1880 1826 2037 1878 quam
2080 1815 2326 1871 nativita-

747 1885 850 1932 tem
877 1895 890 1934 :
925 1897 991 1935 an
1018 1883 1160 1938 intus
1185 1902 1369 1958 agens,
1401 1893 1564 1949 sciret
1593 1898 1719 1967 quid
1749 1900 1876 1956 foris
1905 1914 2071 1970 esset,
2103 1909 2326 1964 menda-

744 1972 829 2026 cio
861 1975 1054 2042 petitus
1101 1978 1180 2052 (2)
1229 1987 1509 2051 pnesentia
1556 1989 1638 2061 (5)
1686 2007 1894 2059 eorum,
1944 1999 2035 2067 qui
2087 2001 2138 2054 in
2190 2017 2330 2072 pra:-

745 2065 881 2118 senti
932 2067 1012 2136 (4)
1045 2085 1150 2125 non
1177 2085 1330 2129 erant
1371 2095 1385 2130 :
1433 2078 1532 2134 nisi
1572 2083 1739 2151 quod,
1792 2087 1894 2140 etsi
1937 2065 2016 2159 (ἐς)
2063 2065 2332 2150 νειοιιὶεερι

745 2155 826 2226 (ϐ)
868 2163 1173 2220 tentationis
1225 2168 1495 2238 ingenium
1519 2215 1533 2240 ,
1565 2186 1773 2245 poterat
1823 2155 2069 2250 evenire,
2101 2197 2157 2240 ut
2197 2204 2331 2258 quos

745 2249 822 2306 illi
851 2256 1164 2313 nuntiabant
1193 2260 1320 2317 foris
1350 2275 1510 2331 stare,
1544 2269 1620 2342 (a)
1661 2271 1750 2326 ille
1775 2288 1868 2328 eos
1895 2277 2060 2333 sciret
2081 2279 2332 2338 absentes

743 2357 885 2409 esse,
938 2348 1015 2402 vel
1059 2352 1376 2412 valetudinis
1429 2360 1540 2429 (7),
1590 2363 1669 2416 vel
1713 2368 1935 2436 negotii,
1966 2371 2049 2424 vel
2096 2376 2332 2443 peregri-

745 2440 975 2496 nationis
1024 2453 1146 2497 nota
1188 2446 1267 2518 (8)
1311 2450 1420 2518 jam
1451 2457 1791 2512 necessitate.
1821 2459 1990 2516 Nemo
2043 2440 2330 2522 tentat‘eo

744 2531 937 2600 modo,
967 2550 1074 2604 quo
1113 2553 1271 2608 posse
1311 2558 1368 2598 se
1410 2546 1544 2601 sciat
1588 2550 1840 2608 ruborem
1883 2558 2197 2613 tentationis
2246 2577 2329 2617 re-

749 2620 912 2678 fet-re.
945 2626 1094 2684 Nulla
1146 2631 1305 2700 igitur
1336 2639 1555 2693 materia
1610 2645 1919 2700 tentationis
1949 2660 2323 2720 competente,

744 2712 1000 2773 liberatur
1067 2721 1383 2792 simplicitas
1448 2732 1767 2790 nuntialoris
1839 2736 1962 2808 (9),
2009 2712 2151 2810 quod
2203 2712 2328 2800 vere

743 2818 914 2862 mater
942 2820 994 2866 et
1024 2810 1220 2869 fratres
1246 2818 1361 2886 ejus
1390 2825 1854 2890 supervenissent.
1887 2828 2013 2897 Sed,
2045 2848 2165 2903 qua:
2193 2837 2329 2892 ratio

742 2902 1000 2968 responsi
1028 2944 1042 2966 ,
1093 2915 1314 2962 matrem
1358 2919 1414 2964 et
1457 2911 1649 2969 fratres
1678 2917 1742 2970 ad
1784 2935 2018 2988 praesens
2057 2902 2321 2996 negantis,

742 2989 919 3046 discat
946 2995 1104 3050 etiam
1149 3001 1378 3069 Apelles.
1425 3005 1640 3063 Fratres
1684 3011 1894 3068 Domini
1939 3031 2044 3072 non
2083 3020 2328 3078 credide-

742 3095 861 3181 rant
887 3085 1000 3157 (l0)
1045 3088 1098 3144 in
1137 3091 1306 3160 illum,
1339 3096 1476 3152 sicut
1516 3110 1570 3155 et
1599 3103 1650 3156 in
1707 3105 1830 3177 (11)
1870 3109 2155 3181 Evangelia
2201 3126 2328 3172 ante

742 3172 1065 3236 Marcionem
1112 3184 1257 3241 edito
1295 3192 1621 3248 continetur.
1666 3197 1835 3254 Mater
1876 3216 2028 3272 teque
2077 3221 2182 3261 nun
2234 3210 2326 3264 de-

2450 635 2586 677 rant.
2622 625 2858 699 Denique
2890 635 3296 702 superveniunt,
3323 648 3376 692 et
3419 639 3550 694 foris
3585 642 3906 711 subsistunt,
3941 663 4042 700 nec

2449 714 2740 774 introeunt.
2768 737 2875 774 non
2905 733 3278 794 coniputantcs
3317 729 3524 786 scilicet
3564 734 3690 803 quid
3739 737 3883 790 intus
3918 754 4039 808 age-

2457 818 2637 874 retur;
2671 827 2770 867 nec
2811 816 3078 872 sustinent
3118 821 3305 875 saltem
3332 865 3346 885 ,
3380 821 3453 894 (ε)
3499 829 3647 893 quasi
3696 834 4044 885 necessarius

2445 902 2640 971 aliquid
2681 905 2950 962 adferrent
2997 925 3062 965 eo
3091 913 3233 981 qttod
3265 913 3355 969 ille
3385 925 3494 970 tum
3535 920 3769 976 maxime
3799 921 4035 993 agebat;

2443 993 2539 1048 sed
2566 997 2794 1064 amplius
2821 999 3184 1068 interpellant,
3212 1014 3266 1059 et
3295 1021 3323 1058 a
3357 1015 3507 1061 tanto
3528 1023 3692 1077 opere
3722 1027 4038 1069 revomtum

2444 1089 2645 1144 volunt.
2671 1090 2780 1146 Oro
2807 1101 2858 1148 te
2887 1135 2900 1158 ,
2934 1096 3164 1164 Apelles,
3195 1099 3278 1153 vel
3306 1109 3382 1166 tu,
3415 1101 3671 1169 Marcion,
3703 1106 3782 1176 (d)
3811 1109 3856 1160 si
3901 1106 4044 1164 forte

2445 1178 2623 1234 tabula
2659 1181 2870 1246 ludens,
2903 1185 2987 1240 vel
3017 1187 3086 1240 de
3132 1187 3516 1258 histrionibus,
3546 1205 3637 1249 aut
3678 1198 3881 1267 aurigis
3908 1213 4042 1253 eon-

2444 1273 2687 1340 tendens,
2719 1277 2808 1330 tali
2838 1281 3024 1335 nuntio
3054 1285 3380 1350 avocareris,
3415 1301 3594 1343 nonne
3613 1288 3883 1345 dixisses:
3908 1291 4045 1358 Quae

2442 1363 2570 1419 mihi
2599 1375 2790 1432 mater,
2821 1378 2913 1425 aut
2933 1372 3022 1441 qui
3054 1371 3286 1428 fratres?
3319 1376 3482 1431 Deum
3517 1380 3815 1447 prardicans
3835 1393 3889 1437 et
3914 1398 4042 1451 pro-

2441 1457 2574 1512 bans
2600 1459 2863 1528 Christus,
2899 1463 3096 1534 Legem
3127 1476 3182 1520 et
3211 1467 3508 1537 Prophetas
3543 1471 3866 1542 adimplens,
3899 1478 4039 1530 tanti

2440 1558 2587 1602 retro
2608 1552 2706 1605 :evi
2730 1552 3012 1623 caliginem
3047 1556 3384 1627 dispargens,
3416 1561 3631 1631 indigne
3665 1578 3792 1618 usus
3819 1575 3903 1618 est
3934 1568 4042 1620 hoc

2439 1641 2584 1697 dicto
2609 1643 2674 1698 ad
2702 1649 3102 1715 percutiendam
3125 1651 3556 1710 incredulitatem
3585 1654 3720 1710 foris
3745 1659 4040 1720 stantium,

2442 1735 2522 1790 vel
2555 1736 2620 1789 ad
2649 1740 3025 1794 excutiendam
3073 1742 3529 1812 importunitatem
3576 1748 3645 1800 ab
3671 1763 3834 1818 opere
3883 1766 4049 1806 revo-

2439 1827 2710 1882 cantium?
2737 1829 3024 1898 Caeterum,
3065 1833 3129 1888 ad
3177 1836 3470 1906 negandam
3501 1839 3853 1902 nativitatem.
3896 1844 4050 1897 alius

2361 1919 2409 1980 B
2437 1922 2774 1977 necessarius
2817 1922 2932 1995 (15)
2974 1924 3158 1982 fuisset
3195 1937 3249 1982 et
3283 1928 3452 1993 locus,
3479 1939 3534 1984 et
3561 1939 3791 2001 tempus,
3823 1942 3878 1988 et
3899 1936 4052 1989 ordo

2435 2013 2722 2078 sermonis,
2751 2028 2854 2067 non
2882 2015 2998 2082 ejus
3041 2017 3128 2084 qui
3161 2027 3339 2087 posset
3359 2021 3402 2088 (l
3417 2019 3472 2092 6)
3496 2024 3826 2091 pronuntiari
3869 2027 4049 2079 etiam

2435 2103 2503 2157 ab
2531 2119 2614 2171 co,
2641 2105 2726 2159 cui
2768 2116 2823 2161 et
2849 2115 3020 2162 mater
3047 2118 3193 2164 esset
3214 2119 3269 2165 et
3308 2109 3500 2167 fratres
3524 2156 3539 2178 ,
3568 2128 3690 2168 cum
3733 2115 4052 2185 indignatio

2433 2205 2683 2264 parentes
2731 2212 2838 2252 non
2885 2208 3078 2268 neget,
3138 2201 3232 2255 sed
3280 2200 3524 2274 objurget
3567 2205 3704 2275 (l7).
3755 2206 4051 2277 l)enique,

2437 2286 2671 2353 potiores
2723 2287 2847 2343 fecit
2877 2291 3046 2356 alios,
3081 2300 3136 2346 et
3186 2293 3436 2348 meritum
3477 2297 3799 2364 przelationis
3846 2307 4054 2353 osten-

2433 2375 2587 2436 dens.
2625 2377 2696 2449 (e)
2739 2378 3065 2436 audientiam
3119 2383 3324 2439 scilicet
3355 2387 3524 2451 verbi,
3567 2388 3905 2444 demonstrat
3933 2407 4052 2460 qua

2433 2467 2741 2524 conditione
2789 2473 3063 2540 negaverit
3112 2483 3339 2530 matrem
3383 2485 3439 2531 et
3478 2476 3691 2533 fratres.
3723 2479 3838 2547 Qua
3887 2485 4049 2536 enim

2433 2559 2568 2613 alios
2593 2561 2691 2613 sibi
2714 2561 3008 2631 adoptavit,
3039 2565 3126 2634 qui
3154 2566 3202 2620 ei
3231 2566 3608 2635 aihmrebant,
3652 2585 3713 2625 ea
3739 2571 4048 2643 abnegavit

2435 2651 2574 2712 illos,
2619 2653 2706 2720 qui
2737 2655 2804 2708 ab
2833 2669 2898 2708 eo
2941 2655 3290 2712 obsistebant.
3323 2656 3472 2712 Solet
3497 2661 3659 2714 etiam
3703 2661 3753 2714 id
3804 2663 4049 2732 implere

2435 2742 2548 2812 (18)
2575 2742 2853 2810 Christus,
2881 2745 3025 2814 quod
3065 2747 3202 2801 alios
3242 2749 3418 2803 docet.
3447 2749 3614 2818 Quale
3658 2767 3786 2823 ergo
3814 2765 3962 2818 erat,
3999 2758 4047 2808 si

2431 2832 2632 2890 docens
2668 2849 2772 2889 non
2804 2839 2930 2891 tanti
2985 2836 3160 2894 facere
3207 2849 3432 2896 matrem
3463 2852 3557 2896 aut
3597 2843 3810 2908 fratres,
3841 2849 4047 2916 quanti

2437 2929 2524 2984 liei
2553 2931 2793 2998 verbum,
2840 2934 2950 3002 ipse
2981 2933 3071 2988 Dei
3100 2935 3347 3001 verbum,
3374 2936 3616 2990 nuntiata
3648 2947 3819 2992 matre
3844 2948 3896 2993 et
3920 2940 4045 2994 fra-

2434 3025 2698 3085 ternitate.
2729 3025 3047 3080 desereret?
3091 3025 3316 3096 Negavit
3363 3029 3542 3098 itaque
3570 3039 3818 3098 parentes
3843 3073 3859 3095 ,
3892 3047 4042 3100 quo-

2433 3118 2590 3171 modo
2612 3117 2794 3171 docuit
2823 3119 3094 3189 negandos
3124 3135 3220 3189 pro
3252 3120 3342 3174 Dei
3363 3136 3548 3190 opere.
3572 3120 3678 3177 Sed
3706 3123 3839 3178 alias
3862 3124 4045 3194 figura

2431 3218 2512 3264 est
2542 3225 2824 3280 synagoga:
2857 3211 2909 3264 in
2967 3221 3134 3267 matre
3180 3214 3427 3282 ahjuneta
3459 3213 3601 3285 (19),
3634 3225 3688 3270 et
3722 3215 4045 3271 Judzorum

743 3280 1075 3327 monstratur
1099 3275 1391 3336 adhmsisse
1419 3282 1492 3337 illi
1539 3285 1637 3356 (b),
1668 3303 1791 3344 cum
1839 3292 2044 3350 Martha
2080 3307 2135 3352 et
2163 3299 2323 3356 Maria
2355 3304 2398 3364 C
2434 3301 2485 3354 in
2517 3275 2770 3355 fratribus
2797 3301 3106 3357 incredulis.
3140 3275 3294 3357 Foris
3320 3275 3514 3358 eratin
3554 3304 3660 3360 illis
3689 3304 3888 3371 Israel;
3923 3308 4048 3362 dis-

741 3356 847 3452 alia
883 3361 1000 3431 (Ιῖ)
1035 3365 1085 3418 in
1136 3374 1461 3429 commercio
1490 3375 1604 3446 ejus
1629 3377 2058 3452 frequententur.
2090 3390 2201 3446 Hoc
2231 3393 2324 3450 de-

739 3450 904 3521 nique
949 3455 1000 3509 in
1063 3457 1180 3514 loco
1229 3477 1449 3534 apparet
1509 3469 1856 3532 incredulitas
1903 3494 2091 3536 eorum
2132 3499 2146 3537 :
2200 3502 2321 3541 cmn

741 3540 786 3594 is
816 3543 931 3615 (15)
977 3546 1197 3607 doceret
1226 3556 1364 3611 viam
1392 3559 1512 3614 vitm
1536 3603 1551 3626 ,
1581 3580 1700 3619 eum
1732 3567 1823 3621 Dei
1875 3586 2095 3642 regnum
2129 3579 2327 3644 praedi-

740 3646 902 3705 caret,
927 3655 1048 3696 cum
1076 3643 1419 3718 languoribus
1443 3662 1498 3708 et
1518 3654 1656 3711 vitiis
1675 3660 1956 3718 medendis
1981 3643 2318 3735 operaretur,

2431 3393 2590 3462 cipuli
2634 3401 2811 3447 autem
2845 3394 2966 3448 novi
3016 3394 3156 3448 intus
3194 3395 3495 3459 audientes,
3541 3404 3597 3450 et
3634 3396 3948 3460 credentes,
3987 3409 4047 3453 et

2430 3484 2762 3540 cuba-rentes
2808 3485 3052 3552 Christo,
3105 3485 3398 3541 Ecclesiam
3465 3485 3796 3542 deliuiabant
3867 3489 4043 3558 (ΞΟ),

2431 3593 2586 3647 quam
2617 3579 2878 3650 potiorem
2911 3587 3155 3644 matrem,
3185 3588 3240 3633 et
3265 3579 3565 3649 digniorem
3604 3577 4042 3647 fraternitatem,

2431 3682 2678 3730 recusato
2725 3671 2926 3728 carnali
2991 3687 3219 3744 genere,
3263 3673 3589 3742 nuncupavit
3629 3671 3770 3744 (21).
3822 3672 4043 3730 Eodem

1975 3777 2268 3839 LECTION
2273 3785 2353 3844 ES
2389 3786 2477 3843 VA
2487 3784 2798 3841 RIANTES.

826 3875 874 3951 rt)
898 3875 1189 3951 'Adjeeimps
1209 3882 1354 3951 Pam.
1376 3885 1528 3951 Iron.
1554 3897 1673 3941 Par.

832 3875 874 3937 t)
912 3875 1189 3938 Adjeeimus
1209 3882 1354 3934 Pam.
1378 3885 1528 3938 Fran.

802 3873 874 4036 ἑὲξ
898 3937 1457 4036 εῗιίξξῖῗηξίίῗεέ·ηξῗι”²¹,;ι-
1514 4021 1550 4036 η

822 4121 874 4265 ii
895 4121 1289 4265 ﬁgit???

893 4249 1190 4325 Xaletudine
1210 4253 1322 4322 Rig.
1355 4266 1469 4309 Ven.

801 4310 1159 4436 (8)Notaa.nig.
1189 4310 1308 4389 reti:

801 4373 1234 4449 (QA‘N‘untiationis
1250 4383 1355 4449 1t_i_q.
1391 4391 1504 4432 rm.

801 4436 904 4558 (l0)
927 4435 1253 4491 Crediderunt
1269 4435 1412 4494 Pam.
1441 4455 1588 4498 Pratt.
1617 4451 1737 4500 Par.

802 4497 875 4557 (11
929 4496 987 4552 Ει
1010 4501 1058 4548 in
1080 4502 1230 4554 omia.
1256 4506 1359 4558 nia.
1393 4516 1507 4558 Van.

802 4497 904 4558 (11)
929 4497 987 4552 Et
1010 4501 1058 4548 in
1080 4502 1230 4554 omiu.
1256 4506 1359 4570 [εἰς.
1393 4516 1507 4560 Ven.
1560 4497 1565 4498 ν
1618 4497 1632 4498 7

802 4560 906 4625 (I2)
925 4559 1125 4614 Marthae
1143 4575 1194 4615 et
1212 4567 1375 4621 Mariae
1392 4570 1503 4621 alite
1531 4571 1632 4637 nig.
1667 4576 1788 4626 Ven.
1815 4576 1966 4630 Rhea.
1993 4580 2136 4631 Seml.

855 3939 874 4187 ἓ

2493 3901 2596 3977 ea
2737 3901 2844 3977 ced-
2871 3901 3003 3964 Αροο

2493 3902 2574 3960 (l3
2628 3901 2716 3977 llis
2737 3901 2844 3952 cod.
2871 3901 3003 3964 Agat:

2619 3964 2948 4091 iv‘t'e'l'eslg'i'iius
2968 4024 3102 4076 abest
3122 4037 3154 4074 τι
3176 4025 3287 4075 cod.
3312 4025 3466 4090 Agob.
3492 4024 3602 4091 ltig.
3632 4026 3755 4076 Ven.
3792 4037 4045 4078 necessa-

2428 4088 2535 4165 rio’r‘
2692 4089 2855 4165 Ursin:

2518 4151 2600 4283 1ξῖ
2625 4150 3176 4283 Ιιζὲῗέιιξιξξῗιὲεξξειτόη
3191 4220 3367 4283 negat,
3382 4210 3872 4283 obiurgatum.
3907 4214 4044 4263 Ven.

2428 4271 2624 4324 auctore
2654 4272 2851 4336 Cuiacio
2872 4274 2938 4324 ad
2960 4271 3070 4336 ξαν.
3097 4287 3160 4325 ea:
3185 4271 3354 4336 litteris
3375 4273 3411 4323 l.
3438 4273 3506 4323 lll
3531 4271 3772 4325 Decretal.

2492 4338 2510 4399 l_
2519 4338 2595 4396 18)
2621 4331 2774 4399 Etiam
2797 4331 3067 4399 adimplere
3091 4331 3245 4386 Seml.

2523 4399 2598 4458 l9)
2633 4398 2870 4458 Adjuncta
2895 4398 3038 4448 Pam.

2514 4460 2593 4511 2m
2633 4461 2963 4511 Delineabaut
2984 4462 3108 4510 Jun.

2500 4518 2598 4587 (21)
2634 4523 2922 4587 Nuucupaut
2945 4521 3096 4574 Rhea.
3125 4518 3274 4573 Seml.
3301 4529 3547 4586 nuncupat
3568 4523 3723 4574 Frau.
3760 4524 3884 4572 Par.
3908 4536 4050 4573 nun-

2350 4565 2405 4626 D
2430 4565 2754 4648 omnia;

2099 4684 2665 4746 COMMENTARIUS.

812 4779 890 4852 (a)
913 4779 1021 4854 Ille
1048 4797 1132 4837 eos
1164 4785 1313 4840 sciret
1355 4789 1580 4845 absentes
1607 4809 1731 4848 esse.
1777 4795 1852 4850 De
1883 4805 2052 4852 matre
2094 4808 2148 4852 et
2188 4815 2318 4854 con-

740 4851 1046 4938 sanguineis
1070 4854 1274 4938 .Christ‘i.
1301 4867 1378 4938 est
1423 4864 1648 4938 qutestio
1673 4905 1702 4938 ,γ
1719 4880 1856 4938 quos
1881 4878 1973 4922 aut
2001 4851 2313 4938 sprevisse,

740 4931 830 4974 aut
877 4923 1174 5008 iieglexisse
1201 4923 1472 5008 moenita
1530 4933 1602 5008 i_l_l_i
1657 4923 2068 5008 vitilitigatores.
2108 4923 2318 4997 ίΡέ-ξιύῖαὶ

740 5007 869 5047 vero
899 4992 983 5048 hic
1006 5009 1070 5049 ex
1106 4995 1162 5050 Β.
1201 4996 1335 5054 Luca
1380 5000 1734 5060 Tertullianus
1778 4992 2317 5069 coiitumelios—mn—in

743 5074 990 5152 parentes
1031 5082 1298 5152 n'unq'uam
1326 5069 1520 5140 fuisse,
1546 5076 1638 5130 sed
1667 5093 1881 5148 semper
1913 5082 2232 5152 morigerum
2264 5097 2319 5139 et

742 5132 1031 5189 subditum.
1058 5137 1133 5192 Ls:
1157 5132 1252 5194 Pu.

816 5206 896 5280 (li)
929 5203 1094 5262 Mater
1138 5226 1277 5280 teque
1318 5229 1418 5267 non
1461 5215 1831 5273 demonstratur
1887 5223 2158 5279 adhaesisse
2213 5225 2312 5280 illi.

743 5276 889 5357 lllud.
907 5287 1079 5360 potest
1109 5276 1323 5352 intélligi
1348 5282 1416 5360 de
1431 5285 1736 5360 adhzesione
1760 5303 2012 5360 perpetua
2039 5276 2098 5348 in
2112 5276 2314 5351 Christi

743 5348 1088 5424 concionibus
1112 5392 1126 5414 ,
1156 5348 1304 5424 quas
1357 5348 1772 5424 frequentabant.
1802 5348 2003 5417 Martha
2044 5375 2098 5419 et
2127 5348 2311 5424 Maria.

745 5416 948 5500 Deinde
958 5418 1007 5472 id
1032 5421 1169 5490 quod
1184 5416 1440 5500 sequitur,
1453 5416 1789 5500 incredulitas
1814 5416 2009 5500 eorum,
2033 5416 2098 5490 ad
2125 5416 2316 5492 fratres

743 5487 975 5563 Domini,
1006 5487 1111 5563 non
1138 5493 1204 5547 ad
1227 5487 1465 5563 Mariam,
1495 5498 1682 5554 referri
1712 5502 1889 5558 debet.
1913 5487 2315 5562 ΡΑίιί-Ῐ-Ῠὸῇἧί

741 5559 967 5640 condunt
995 5561 1185 5640 est_l_i_ic
1209 5605 1223 5627 ,
1255 5576 1312 5620 ut
1340 5559 1659 5640 quandoque
1685 5573 1838 5637 alias,
1869 5559 2314 5633 dormitassebo-

742 5644 867 5705 num
913 5629 1324 5705 Tertullianum.
1359 5629 1589 5693 'Annon'
1629 5629 1904 5700 enimvero
1944 5629 2185 5702 Christo
2209 5629 2317 5705 lilio

740 5701 1079 5789 adhaerebat,
1107 5719 1225 5774 qua:
1243 5722 1406 5777 usque
1435 5709 1501 5764 ad
1518 5726 1744 5789 _cruce_m
1777 5701 2316 5789 compatiensprose:

739 5771 1424 5860 queba‘tur.etjpostqtiam
1466 5781 1816 5860 adscenderat
1854 5771 1916 5841 ιη’
1944 5771 2180 5856 οαέιίιπῖζ
2207 5771 2318 5860 ipsa

739 5856 858 5895 cum
892 5842 1163 5910 Apostolis
1208 5849 1258 5901 in
1287 5842 1580 5907 'ctenaeulo
1630 5870 1854 5911 manens
1902 5842 1962 5914 et
1987 5842 2320 5919 ιιῖέιῖεέιιόήὲ

743 5928 1109 5985 perseverans,
1127 5919 1534 5988 promissionem
1563 5924 1757 5994 Patris,
1776 5944 1936 6000 quam
1966 5932 2077 6003 ipsa
2107 5948 2322 6004 quoque.

2423 4816 2524 4871 per
2551 4817 2610 4857 os
2637 4802 2752 4873 ejus
2782 4803 3077 4874 audiverat,
3106 4803 3455 4874 exspectabat
3491 4805 3515 4858 ?
3550 4804 3712 4874 Atqui
3757 4803 3875 4858 haec
3921 4808 4051 4862 sin-

2429 4875 2552 4946 gula
2601 4888 2664 4928 ex
2701 4874 2987 4943 Evangelio
3011 4873 3234 4930 Joannis
3281 4884 3356 4946 et,
3381 4875 3603 4931 Actibus
3642 4873 4051 4946 Apostolorum

2436 4945 2586 4998 nullo
2617 4946 2829 5014 negotio
2853 4946 3308 5000 demonstremus.
3338 4945 3472 5001 Enn.

2495 5035 2572 5108 (e)
2603 5037 2756 5100 Quali
2781 5042 3089 5108 necessarius
3125 5036 3340 5108 aliquid,
3372 5047 3466 5092 etc.
3503 5035 3834 5092 Necessarias
3867 5039 4048 5107 dixit,

2424 5107 2596 5176 magis
2624 5107 3009 5162 necessarium.
3040 5107 3215 5163 Rusu.

2521 5200 2585 5274 d)
2608 5200 2668 5254 Si
2694 5203 2826 5274 forte
2874 5203 3047 5256 tabula
3087 5204 3287 5256 ludens.
3330 5203 3586 5258 Tabulam
3633 5204 3891 5259 lusoriam
3955 5207 4054 5265 in-

2496 5199 2577 5324 (d)
2608 5200 2668 5254 Si
2694 5203 2826 5271 forte
2874 5203 3047 5256 tabula
3087 5203 3586 5286 ludens..Tabulam
3633 5204 3891 5286 lusoriam
3955 5207 4051 5265 in-

2424 5273 2758 5358 teligit,_seu
2802 5271 3270 5358 latrunculariam:
3295 5289 3479 5358 prima
3511 5282 3729 5358 tesseris
3757 5285 3814 5358 et
3839 5277 4051 5358 calcu-

2422 5341 2489 5415 lis
2515 5341 2824 5415 ludebatur1
2835 5343 2950 5415 Qui
2979 5343 3211 5415 tabulam
3247 5343 3486 5398 fritillum
3527 5346 3824 5415 explicant,
3874 5346 4046 5405 forte

2423 5413 2599 5466 minus
2627 5413 2782 5468 bene.
2801 5412 2937 5487 Nam
2970 5412 3208 5487 fritillum
3238 5426 3322 5470 est
3351 5412 3673 5470 alveolus’in
3697 5431 3859 5487 quem
3915 5429 4044 5477 tes-

2421 5497 2556 5556 ser-te
2596 5498 2690 5538 seu
2728 5483 2848 5538 cubi
2892 5485 3252 5556 conjiciuntur
3304 5483 3727 5556 agitanturqne,'
3753 5503 3783 5540 a
3835 5485 4038 5544 forma

2420 5554 2648 5624 oblonga
2677 5555 3122 5640 pyrgusjicitur,
3153 5556 3457 5640 «tinam-Sic
3489 5554 3956 5640 lioratio‘mittere
3989 5564 4050 5617 in

2419 5641 2635 5695 pyrgum
2683 5625 2830 5679 talos.
2882 5625 3136 5681 Martialis
3187 5625 3450 5683 alveolum
3522 5628 3664 5684 hunc
3715 5630 4052 5687 turricula»

2421 5707 2595 5749 vocat.
2621 5695 2696 5749 Ls
2725 5695 2818 5749 Pa.

2421 5707 2595 5750 νυοει.
2623 5707 2696 5749 LE
2725 5707 2818 5750 ΡΒ.

2501 5788 2577 5860 (e)
2608 5787 3337 5875 Audientiamnscilicetmer‘bi.
3390 5790 3670 5875 Audigntia
3716 5806 3818 5847 vox
3859 5792 4058 5854 latina

2426 5871 2511 5934 eet
2540 5869 2725 5934 quaet
2754 5875 2879 5934 usus
2894 5860 3108 5934 _Tullius
3138 5861 3205 5934 de
3243 5861 3457 5918 Senect.
3503 5861 3748 5933 Fecitque
3785 5878 4046 5934 pericu

2425 5932 2538 5999 ipsa
2563 5930 2657 5984 sibi
2679 5930 3010 5997 audientiam,
3034 5943 3126 5986 etc.
3161 5933 3236 5988 Ls
3268 5934 3358 5987 Pu.
