4250 6494
771 386 864 442 771

2182 383 2637 441 ΤΕΒΤΗΙᾸΔΑΝΙ

3954 392 4057 449 772

769 504 911 560 aliud
961 505 1038 576 (I)
1083 519 1203 560 esse
1263 505 1370 578 (2),
1419 519 1478 559 ut
1528 520 1631 559 non
1683 513 1928 574 suggerat
1977 503 2055 573 (5)
2105 501 2244 556 unde
2291 498 2712 571 sitAVergiliis
2762 502 2909 575 (l5),
2967 514 3021 559 et
3063 505 3273 561 Suculis
3310 507 3721 564 entcndicatum.
3764 509 3896 564 Nam
3938 527 4056 581 qua:

783 611 1082 670 acceptum.
1132 600 1320 655 Omnis
1367 600 1584 653 materia
1629 600 1743 653 sine
1786 598 2093 652 testimonio
2138 594 2360 664 originis

774 706 883 744 sua:
916 707 1019 746 non
1049 704 1150 759 eSt,
1178 694 1278 747 etsi
1308 691 1610 746 demutetur
1642 693 1691 743 in
1731 704 1920 744 novam
1955 688 2356 759 pr0prietatem.

771 782 948 853 Ipsum
997 795 1140 838 certe
1191 798 1385 852 corpus
1431 782 1509 853 (4)
1546 793 1821 846 nostrum,
1869 781 2009 852 quod
2041 781 2106 835 de
2138 780 2262 833 limo
2295 778 2358 830 li-

775 876 1011 946 gulatum
1070 876 1151 947 (5)
1199 877 1356 929 etiam
1424 875 1502 945 (ti)
1557 874 1619 927 ad
1682 875 1883 930 fabulas
1950 875 2221 926 nationum
2276 868 2355 942 (a)

765 967 962 1022 veritas
1024 968 1356 1032 transmisit,
1418 975 1698 1037 utrumque
1768 968 1988 1036 originis
2037 966 2357 1019 elementum

772 1059 852 1129 (7)
906 1059 1191 1114 confitetur
1244 1078 1256 1112 :
1312 1074 1505 1121 carne,
1560 1067 1829 1112 terrenum
1885 1058 2000 1129 (8);
2058 1057 2355 1125 sanguine,

764 1167 1030 1222 aquenum
1106 1151 1206 1221 (9).
1275 1151 1404 1206 Nam
1478 1150 1616 1222 (10).
1689 1151 1814 1204 licet
1866 1150 1967 1203 alia
2017 1150 2086 1202 sit
2152 1148 2360 1216 species

771 1243 1061 1312 qualitatis,
1094 1241 1192 1296 hoc
1221 1253 1324 1306 est,
1353 1241 1494 1312 quod
1527 1241 1643 1309 (II)
1697 1257 1764 1295 ex
1811 1242 1912 1293 alio
1959 1239 2098 1292 aliud
2143 1241 2217 1303 Iit,
2251 1253 2356 1291 eie-

769 1345 966 1403 terutn,
994 1335 1120 1405 quid
1150 1342 1232 1389 est
1273 1336 1506 1404 sanguis,
1539 1349 1697 1403 quam
1732 1333 1929 1387 rubens
1974 1329 2202 1384 humor?
2232 1327 2356 1399 quid

764 1441 931 1492 Caro,
980 1441 1135 1496 quam
1189 1434 1330 1481 terra
1375 1440 1636 1481 conversa
1684 1426 1734 1478 in
1784 1424 1981 1493 ﬁguras
2034 1437 2159 1476 suas
2202 1421 2358 1491 (I2)?

769 1519 1060 1575 Considera
1109 1520 1344 1590 singulas
1374 1519 1681 1589 qualitates,
1725 1519 1799 1588 (b)
1845 1517 2113 1571 musculos
2142 1525 2196 1568 ut
2241 1517 2358 1585 gle-

759 1612 854 1668 bas
876 1653 889 1675 ,
921 1627 1042 1666 ossa
1077 1620 1133 1666 ut
1153 1627 1309 1677 saxa,
1351 1608 1424 1682 (c)
1458 1611 1616 1664 etiam
1641 1611 1840 1664 circum
1871 1609 2096 1680 papillas
2123 1607 2358 1663 calculos

759 1705 1061 1775 quosdam;
1137 1708 1318 1776 aspice
1397 1705 1528 1776 (d)
1599 1721 1882 1760 nervorum
1951 1715 2162 1759 tenaces
2223 1719 2355 1758 con-

763 1813 933 1853 nexus
962 1839 976 1862 ,
1030 1808 1085 1852 ut
1136 1799 1381 1852 traduces
1423 1799 1656 1852 radicum
1711 1809 1766 1852 et
1809 1814 2062 1852 venarum
2115 1813 2356 1852 ramosos

759 1891 1054 1956 discursus,
1086 1901 1142 1945 ιιι
1170 1892 1422 1963 ambages
1454 1894 1710 1959 rivorum,
1741 1903 1793 1946 et
1818 1893 2093 1962 Ianugines
2116 1903 2172 1945 ut
2197 1906 2343 1945 mus-

760 1998 872 2047 CttS,
905 1992 959 2037 et
983 1998 1192 2037 comam
1223 1995 1274 2038 ut
1303 1986 1561 2054 cespitem
1588 2026 1602 2049 ,
1633 1994 1688 2039 et
1720 1985 1864 2052 ipsos
1905 1984 2258 2038 medullarum
2293 1985 2344 2037 in

2465 599 2902 653 enumeravimus
2921 641 2934 663 ,
2967 599 3102 654 adeo
3130 609 3355 655 terrena:
3378 603 3676 656 testimonia
3707 605 3882 657 carnis
3909 614 4054 668 sunt,

2465 695 2521 740 ut
2546 696 2601 741 et
2631 699 2846 743 ιιυειτδε.
2877 689 2980 744 Sed
3014 691 3142 744 nihil
3175 707 3390 755 novum,
3423 692 3552 745 nihil
3586 697 3929 764 peregrinum
3954 696 4054 749 de-

2467 778 2758 846 prehendo.
2808 781 3048 852 Denique
3076 824 3089 845 ,
3127 783 3303 837 verbis
3347 787 3713 838 tantummodo
3761 797 3815 840 et
3860 786 4014 840 factis
4041 829 4055 846 .

2464 872 2706 926 dot-trina
2739 881 2796 927 et
2821 874 3017 928 virtute
3063 875 3174 928 sola
3206 874 3422 939 Christi,
3463 874 3706 930 homines
3732 878 3846 947 (16)
3873 878 4058 931 obstu-

2466 965 2772 1032 pesecbant.
2821 965 3110 1019 Notaietur
3159 967 3273 1035 (I7)
3327 967 3486 1021 etiam
3532 969 3706 1022 carnis
3755 970 3803 1020 in
3837 970 3930 1022 illo
3961 984 4059 1023 no-

2463 1057 2600 1109 vitas
2633 1057 2894 1110 miracolo
2927 1057 3128 1110 habita.
3163 1057 3266 1112 Sed
3310 1058 3486 1112 Carnis
3527 1071 3754 1113 terrenae
3786 1077 3891 1114 non
3922 1062 4055 1114 mira

2463 1147 2698 1202 cooditio
2737 1167 2749 1201 :
2781 1148 2892 1216 ipsa
2921 1157 3056 1212 erat,
3100 1165 3219 1217 quin
3245 1159 3436 1204 caetera
3468 1151 3579 1218 ejus
3612 1151 3851 1205 miranda
3885 1152 4052 1206 facie-

2465 1243 2572 1296 bat.
2607 1242 2737 1297 Cutn
2761 1243 2997 1297 dicerent
3029 1261 3041 1296 :
3069 1242 3220 1297 Unde
3259 1244 3375 1296 liuic
3402 1244 3633 1297 doctrina
3661 1256 3704 1297 et
3739 1246 3888 1315 signa
3915 1247 4012 1298 ista
4035 1246 4056 1297 .’

2463 1334 2636 1388 Etiam
2669 1335 3076 1404 despicientium
3110 1336 3333 1388 fortnam
3353 1337 3469 1404 ejus
3499 1336 3612 1391 h;ec
3640 1347 3754 1391 erat
3789 1354 3918 1391 vos.
3952 1337 4052 1406 (f)

2463 1426 2614 1481 Adeo
2664 1442 2761 1482 nec
2813 1427 3059 1482 humanae
3108 1428 3402 1482 honestatis
3449 1444 3640 1498 corpus
3692 1429 3808 1494 fuit,
3856 1430 4052 1484 nedum

2463 1519 2702 1573 cmlestis
2765 1519 3045 1573 claritatis.
3081 1519 3401 1574 Tacentibus
3453 1521 3591 1590 apud
3646 1537 3742 1576 nos
3773 1521 3888 1593 (18)
3923 1537 4056 1592 quo-

2462 1629 2564 1683 que
2630 1613 2913 1683 Prophetis
2977 1613 3043 1667 de
3108 1614 3328 1684 ignobili
3401 1622 3618 1684 aspectu
3685 1615 3839 1684 ejus,
3919 1618 4051 1685 ipsae

2463 1705 2780 1774 passiones,
2838 1706 3071 1774 ipsmque
3119 1706 3457 1759 contumelia:
3514 1707 3803 1774 loquuntur
3850 1724 3864 1759 :
3930 1722 4052 1774 pas-

2461 1798 2641 1851 siones
2709 1795 2971 1866 quidem,
3037 1798 3321 1851 humanam
3385 1814 3643 1863 carnem;
3697 1801 3810 1870 (g)
3861 1810 4053 1855 contu-

2454 1889 2628 1943 melia:
2661 1904 2804 1952 vero,
2863 1889 3202 1944 inhonestam
3251 1892 3546 1958 probavere
3577 1891 3714 1959 (l9).
3771 1894 3852 1946 An
3886 1909 4052 1948 ausus

2453 1990 2596 2035 esset
2613 1980 2804 2048 aliquis
2824 1996 2995 2050 ungue
3017 1995 3230 2035 summo
3254 1983 3618 2052 perstringere
3641 1984 3717 2054 (Ii)
3733 2000 3928 2055 eorpus
3948 2002 4050 2039 no-

766 2076 946 2129 alnlito
978 2077 1280 2140 thesauros,
1314 2089 1367 2130 ut
1404 2076 1619 2131 metalla
1643 2077 1843 2130 carnis.
1876 2076 1996 2130 lla'e
2023 2077 2200 2130 oinuia
2235 2087 2330 2130 ter
2377 2097 2424 2156 Β
2454 2092 2574 2127 vum
2600 2117 2612 2140 ,
2666 2075 2777 2144 (‘20)
2824 2075 3210 2144 sputamiuibus
3257 2075 3621 2130 contaminare
3668 2076 3856 2132 faciem
3878 2121 3891 2143 ,
3949 2080 4049 2133 nisi

759 2182 901 2221 lena:
930 2167 1152 2236 originis
1203 2168 1350 2237 signa
1375 2179 1427 2222 et
1451 2169 1501 2220 in
1533 2167 1748 2222 Christo
1789 2167 2002 2222 fuerunt
2037 2185 2048 2222 :
2081 2168 2194 2221 haec
2226 2166 2342 2237 (I5)

762 2266 886 2311 sunt
948 2273 1067 2326 qum
1133 2258 1280 2312 illum
1335 2259 1426 2314 Dei
1479 2258 1668 2316 Filium
1732 2260 2013 2325 celavere,
2066 2275 2168 2313 non
2218 2261 2350 2312 alias

763 2349 1132 2404 tantummodo
1205 2351 1475 2406 Inminem
1557 2354 1918 2409 existimatum
1968 2392 1981 2414 ,
2047 2367 2204 2420 quam
2282 2365 2349 2404 ex

758 2439 972 2495 humani
1026 2441 1173 2514 (M)
1247 2445 1541 2498 substantia
1606 2446 1863 2514 corporis.
1907 2447 2009 2497 Aut
2057 2443 2197 2497 edite
2246 2443 2347 2497 ali-

755 2533 879 2603 quid
944 2535 995 2588 in
1041 2534 1133 2589 illo
1184 2537 1404 2591 eteleste
1467 2535 1540 2608 (e)
1602 2536 1671 2592 de
1731 2537 2246 2607 Septemtrionibus,
2297 2546 2352 2593 et

2456 2174 2747 2221 merentem
2779 2165 2892 2235 (i)?
2928 2165 3065 2232 Quid
3111 2165 3245 2221 dicis
3293 2167 3567 2222 caelestem
3593 2183 3838 2236 carnem,
3888 2187 4049 2238 quam

2451 2259 2592 2313 unde
2618 2258 2890 2312 caelestem
2924 2257 3212 2327 intelligas,
3239 2273 3345 2311 non
3371 2258 3577 2312 babes?
3604 2259 3738 2327 Quid
3771 2273 4041 2315 terrenam

2455 2367 2638 2424 negas,
2665 2366 2822 2421 quam
2872 2350 3011 2403 unde
3060 2358 3331 2405 terrenam
3364 2349 3479 2423 (2|)
3514 2367 3790 2422 agnoscas,
3839 2353 4050 2408 habes?

2455 2443 2650 2497 Esuriit
2671 2442 2770 2495 sub
2795 2441 3027 2503 diabolo,
3061 2442 3192 2494 sitiit
3218 2441 3318 2495 sub
3347 2441 3686 2506 Samaritide,
3716 2444 4046 2515 lacrymatus

2454 2545 2539 2594 est
2608 2549 2766 2605 super
2817 2532 3121 2600 Lazarum,
3174 2535 3456 2604 trepidavit
3507 2535 3625 2607 (22)
3674 2537 3740 2592 ad
3791 2550 4045 2594 mortem.

1992 2647 2366 2708 LECTIONES
2405 2647 2814 2707 VARIA‘NTES.

815 2735 886 2805 (1)
917 2737 1234 2805 Aliudomitt.
1261 2742 1403 2791 sentt.
1434 2745 1480 2792 in
1507 2748 1656 2792 totum
1675 2740 1901 2805 prazniitt.
1926 2744 2068 2791 Pam.
2093 2740 2246 2793 Rlien.

818 2798 890 2862 (2)
916 2799 1002 2850 Est
1023 2802 1174 2852 Rlien.
1201 2806 1344 2854 Pam.
1371 2806 1491 2855 Jun.

815 2862 888 2923 (5)
924 2863 1043 2932 Quia
1067 2877 1303 2932 suggerat
1335 2874 1449 2917 Jun.
1487 2876 1540 2918 ut
1569 2872 1805 2932 suggerat
1825 2863 1977 2916 Seml.
2003 2867 2081 2915 cui
2108 2881 2203 2916 non
2224 2882 2341 2932 sug-

752 2920 894 2985 gerat
915 2920 1058 2974 nheri.
1078 2920 1222 2978 1:55;.

838 2985 1011 3058 91106
1034 2988 1332 3058 aitaLRhen.
1358 2987 1510 3043 Seml.

837 3048 888 3104 5)
908 3050 992 3098 Est
1012 3051 1128 3102 add.
1156 3052 1307 3104 Seml.

835 3111 887 3174 ἐξ)
919 3111 1092 3174 litjain
1117 3117 1220 3167 Lat.

836 3173 888 3243 Ζ)
915 3172 1179 3243 litt-iusque
1191 3180 1440 3243 originem
1467 3179 1701 3243 elementi
1724 3174 1835 3242 Rig.
1861 3180 1992 3243 ven.
2013 3177 2164 3229 Seml.

915 3233 1118 3308 Ἔφη·πῇ
1139 3233 1403 3308 Rig._va.
1431 3241 1754 3308 Panathen.
1781 3233 1936 3308 Serui.

814 3297 887 3358 (9)
915 3297 998 3366 §ic
1014 3303 1122 3350 cod.
1149 3297 1312 3366 Uii'sin.
1345 3314 1527 3353 uouw.
1569 3306 1756 3365 Aquam
1791 3303 1902 3366 Rig.
1943 3305 2064 3352 Ven.
2106 3314 2342 3366 aquaaam

750 3357 893 3410 Pam.
911 3357 1063 3412 Rhea.
1082 3365 1230 3416 Seml.

813 3420 916 3487 (10)
940 3423 1060 3475 Nam
1082 3428 1233 3479 omitt.
1252 3427 1400 3480 Rhen.
1426 3431 1566 3480 Pam.
1589 3425 1741 3478 Seml.

2513 2740 2612 2805 (ιι)
2643 2739 2750 2805 Qu0
2773 2741 2895 2805 Jun-

2521 2801 2614 2864 ίίὲ)
2641 2804 2794 2852 ἰ’(ιῑτιι
2818 2803 2865 2850 in
2891 2801 3044 2863 ﬁgura
3061 2817 3146 2853 sua
3171 2803 3274 2854 alii.

2536 2867 2612 2930 13)
2638 2865 2700 2930 lit
2719 2864 2826 2930 Rig.
2861 2867 2979 2930 Ven.

2533 2927 2611 2989 It)
2637 2927 2922 2978 Exstzinteia
2945 2929 3150 2976 humana
3169 2935 3274 2991 mg.
3287 2931 3406 2978 Ven.
3421 2943 3482 2980 ex
3499 2931 3703 2982 humana
3719 2932 3810 2984 cod
3820 2972 3829 2981 .
3846 2931 4044 2985 Pithwi.

2538 2993 2613 3041 15)
2640 2990 2858 3041 \"iruiliis
2878 2987 3027 3038 Seml.

2561 2993 2613 3051 ὃ)
2640 2992 2858 3051 Vit-giliis
2878 2992 3027 3038 Seml.

2538 2997 2613 3052 15)
2643 2997 2858 3051 νινμῑιηδ
2878 2997 3027 3038 seuit.

2642 3049 3285 3120 ChristumhominemARig.
3318 3057 3436 3104 Ven,

2512 3114 2613 3177 (I7)
2642 3114 2961 3177 Autenradd.
2988 3114 3097 3177 Rig.
3129 3114 3250 3164 Ven;

2537 3173 2610 3228 18)
2639 3178 2739 3226 Vos
2761 3173 2912 3227 Rhen.
2934 3173 3086 3226 Seml.

2541 3235 2614 3301 19)
2640 3241 2918 3301 l’robavere
2942 3235 3092 3288 omitt.
3114 3235 3230 3301 Rig.
3259 3241 3379 3301 Ven.

2532 3299 2614 3361 20)
2638 3301 2768 3350 Illam
2792 3299 2912 3350 add.
2932 3302 3054 3349 Jun.
3075 3299 3222 3348 ullam
3246 3300 3400 3352 Rhen.

2534 3365 2615 3430 21)
2633 3363 2912 3430 ξῐειϊρῐιθιιι
2936 3363 3103 3430 aberat
3124 3375 3156 3411 α
3175 3363 3284 3430 cod.
3307 3364 3462 3430 Agob.

2533 3424 2611 3491 22)
2633 3425 2940 3489 Lacrymatur
2963 3440 3004 3474 s.
3032 3424 3087 3474 L.
3115 3427 3326 3489 trepidat
3350 3424 3493 3477 Rhea.
3521 3430 3665 3479 Pam.

2107 3510 2670 3572 COMMENTARIUS.

820 3610 974 3666 CAP.
1019 3608 1116 3691 IX.
1143 3608 1220 3736 (a)
1266 3609 1573 3693 Adfabulas
1600 3611 2218 3696 natipnumapromethei
2254 3608 2332 3663 fa-

827 3683 950 3736 lam.
972 3682 1146 3736 Innutt
1227 3692 1364 3736 aceti
1397 3681 1560 3735 lilium
1589 3725 1602 3736 .
1634 3700 1721 3736 om
1756 3685 2004 3736 homines
2032 3698 2264 3736 DI'IIIIUIII
2300 3696 2330 3734 e

749 3681 950 3737 bulam.
972 3681 1163 3737 Inuuit‘
1190 3681 1560 3753 Japetililium
1589 3725 1602 3746 ,
1634 3686 1721 3752 qui
1756 3685 2004 3738 homines
2032 3685 2264 3753 primum
2291 3696 2330 3753 re

750 3753 864 3825 luto
905 3754 1174 3808 formavit.
1211 3753 1294 3825 ρο
1340 3751 1672 3825 hocSatyra
1717 3756 1786 3810 15
1823 3751 2119 3810 Juvenahs.
2169 3752 2328 3806 Ovid.

751 3823 844 3878 lib.
876 3826 927 3879 1.
958 3834 1176 3878 metam.
1207 3823 1389 3878 Horat.
1421 3823 1513 3878 lib.
1545 3823 1595 3877 ιζ
1627 3841 1790 3879 carm.
1821 3825 1896 3881 Ls
1929 3826 2025 3880 Pn.

822 3894 906 3967 (b)
938 3894 1203 3950 Musculos
1224 3904 1278 3948 ut
1308 3896 1499 3965 glebas.
1527 3894 1740 3965 Optime
1768 3898 2038 3952 musculos
2063 3903 2338 3967 comparat

749 3965 951 4040 glebis;
996 3982 1115 4040 nam
1145 3967 1281 4040 sicut
1311 3971 1390 4019 ha:
1429 3982 1532 4019 non
1574 3979 1696 4020 sunt
1724 3970 1860 4023 adeo
1887 3969 2092 4028 solidzn.
2125 3975 2180 4019 ut
2211 3965 2338 4040 lapif

748 4038 868 4101 des,
899 4054 994 4092 nec
1022 4037 1157 4091 adeo
1184 4036 1374 4102 ﬂuxze,
1403 4045 1460 4090 ut
1489 4048 1625 4092 terra
1659 4041 1945 4108 pulverea;
2000 4041 2067 4092 ita
2107 4036 2336 4091 musculi

751 4110 983 4162 medium
1006 4118 1088 4163 est
1110 4108 1245 4170 inter
1264 4109 1626 4176 ligainenttnu,
1659 4111 1798 4179 quod
1848 4111 2066 4171 durum,
2122 4117 2175 4162 et
2216 4124 2337 4161 Iter-

753 4181 1006 4249 vuui,qui
1037 4179 1269 4243 mollior,
1300 4188 1353 4232 ut
1382 4179 1634 4248 eitpcndit
1661 4183 1895 4235 Calenus
1938 4183 2030 4234 lib.
2065 4182 2088 4232 1
2127 4180 2193 4232 de
2239 4194 2334 4232 usu

753 4258 889 4319 part.
918 4262 968 4322 et
993 4249 1237 4304 Vesalius
1271 4249 1372 4322 lib;
1412 4249 1448 4302 2
1477 4253 1543 4305 IIC
1569 4255 1811 4322 corporis
1851 4253 2066 4306 humani
2101 4249 2335 4313 fabrica;

751 4326 872 4375 nam
901 4321 1059 4376 aliter
1080 4321 1326 4386 musculi,
1343 4324 1430 4390 qui
1453 4337 1642 4392 organa
1660 4321 1938 4378 voluntarii
1964 4333 2161 4388 motus,
2187 4336 2338 4375 cont-

750 4392 908 4447 mode
933 4396 1075 4447 ciere
1099 4395 1323 4445 humana
1350 4397 1674 4459 nequissent.
1706 4394 1833 4448 Lac.

824 4463 895 4533 (υ)
927 4461 1098 4516 Etiam
1124 4464 1310 4535 circum
1335 4464 1554 4532 papillas
1579 4467 1801 4518 calculos
1823 4465 2088 4535 quosdam.
2119 4466 2335 4519 Atti-ec-

752 4543 856 4588 tata
885 4536 1106 4605 papilla,
1126 4533 1413 4603 Septimius
1439 4538 1700 4603 grumulis
1725 4533 2096 4603 glandularutn
2123 4536 2338 4589 durius-

749 4606 881 4675 culis
924 4607 1130 4675 impleri
1180 4607 1278 4658 sibi
1327 4622 1538 4658 manum
1587 4618 1848 4662 senserat.
1894 4608 1982 4662 Sic
2033 4608 2126 4662 lib.
2164 4607 2202 4660 Il
2270 4606 2335 4660 ad

748 4674 1178 4740 Nationcsidixit,
1212 4675 1380 4731 Ubera
1413 4677 1750 4745 lapilliscet'c.
1784 4681 1900 4734 llic.

823 4747 901 4817 (d)
937 4747 1220 4802 Nervarnm
1260 4758 1456 4801 tenaces
1505 4765 1778 4803 connexus.
1827 4750 2179 4819 Syndesmata
2233 4765 2328 4803 seu

753 4817 1035 4887 ligamenta
1066 4819 1388 4873 Solidissima
1418 4819 1632 4873 huntani
1670 4817 1910 4890 corporis
1939 4831 2106 4884 Ilttlul,
2141 4820 2231 4890 qui
2263 4821 2329 4874 ab

750 4891 1017 4961 aliquibus
1049 4890 1197 4943 nervi
1228 4896 1505 4954 vocantur,
1532 4894 1624 4945 sed
1677 4911 1780 4946 non
1822 4894 2003 4946 stricte
2029 4934 2042 4957 ,
2071 4895 2136 4944 de
2177 4893 2326 4961 quib.

751 4959 939 5016 Galen.
971 4962 1061 5014 lib.
1093 4962 1145 5015 5.
1180 4961 1246 5015 de
1275 4962 1400 5014 locis
1431 4964 1604 5015 atl'eet.
1644 4965 1770 5017 LAC.

821 5030 897 5104 (υ)
947 5029 1027 5105 De
1071 5032 1561 5101 Septemtrimiibas,
1603 5045 1647 5105 et
1689 5034 1918 5105 Vergiliis
1949 5076 1961 5098 ,
2017 5046 2063 5087 et
2095 5033 2322 5088 Suculis.

750 5101 941 5174 Stell’as
970 5104 1085 5156 illas
1106 5105 1252 5164 dicit,
1278 5120 1394 5170 qua:
1416 5119 1577 5172 prope
1602 5101 1802 5160 Ursani
1821 5121 2078 5159 utmorem
2105 5106 2324 5174 plaustri

752 5173 973 5242 ﬁguram
1015 5174 1271 5234 referunt.
1299 5190 1416 5242 quae
1462 5174 1906 5243 Septemtriones,
1947 5177 2060 5231 sive
2082 5173 2115 5228 a7
2159 5176 2324 5229 l'orina

751 5247 910 5299 boum
932 5246 1236 5315 junctorum
1269 5245 1358 5314 qui
1389 5245 1606 5311 triones,
1654 5249 1806 5315 quasi
1845 5250 2110 5309 teriones,
2144 5245 2258 5300 sive
2296 5262 2326 5299 a

749 5327 952 5390 septem
984 5319 1528 5390 trionibus,quotnain
1557 5321 1653 5372 tria
1681 5320 1883 5390 trigona
1914 5327 2324 5387 reprtesentant.

757 5388 1031 5458 Vergiliw,
1080 5405 1198 5456 qua:
1248 5398 1302 5443 et
1350 5387 1593 5443 Pleiades
1635 5387 1903 5454 dicuntur,
1952 5401 2155 5458 septem
2204 5399 2327 5443 sont

751 5460 917 5513 stella:
946 5469 1069 5513 ante
1105 5459 1263 5514 Tauri
1301 5474 1508 5528 genua,
1550 5476 1650 5514 una
1686 5470 1860 5516 tamen
1891 5464 2212 5524 occultatur,
2248 5475 2351 5515 ea.“

753 5530 970 5584 ineunte
1005 5546 1127 5601 vere
1156 5539 1436 5600 apparent,
1468 5531 1607 5588 nnde
1634 5530 1880 5601 Vergiliae
1921 5532 2192 5586 dicuntur.
2223 5533 2324 5585 Su-

749 5603 902 5667 culas,
928 5615 1048 5671 qua:
1073 5600 1302 5672 Ilyades,
1325 5603 1514 5672 eodem
1539 5600 1778 5671 tempore
1802 5604 2067 5668 oriuntur,
2097 5613 2325 5671 suntque

751 5674 909 5726 etiam
940 5671 1146 5740 septem
1176 5673 1227 5725 in
1260 5673 1432 5726 Ironte
1459 5671 1640 5727 Tauri.
1670 5673 1748 5728 Ls
1776 5673 1873 5728 Pa.

821 5745 884 5813 (l')
933 5746 1068 5817 Adeo
1111 5745 1484 5817 nec_liumanie
1522 5746 1802 5799 honestatis
1847 5762 2030 5814 corpus
2074 5746 2188 5817 fuit.
2237 5745 2327 5801 Sic

749 5812 887 5868 libro
926 5815 1180 5869 adVersus
1204 5812 1454 5885 Judaros:
1487 5833 1549 5868 ne
1586 5827 1790 5882 aspectu
1828 5812 2028 5885 quidem
2065 5812 2323 5872 honestus.

748 5889 876 5952 Qua:
901 5889 1055 5941 verba
1081 5884 1395 5940 conﬁrmant
1423 5887 1559 5955 quod
1588 5902 1745 5955 supra
1771 5884 2091 5954 notavimus,
2120 5891 2324 5943 numis-

750 5970 836 6014 ma
878 5958 1047 6015 visum
1089 5956 1272 6014 Itoma:
1303 5971 1467 6029 penes
1495 5957 1720 6016 Lielium
1763 5961 2161 6028 l’asqualinum,
2201 5961 2323 6016 dein

2439 3620 2600 3675 penes
2623 3602 2786 3657 Card.
2833 3601 3185 3675 Altempsium
3218 3643 3233 3667 ,
3263 3603 3327 3675 ad
3359 3603 3452 3659 lib.
3487 3605 3550 3658 de
3591 3605 3874 3661 Patientia.
3910 3609 4045 3665 Gre-

2435 3674 2620 3744 gorius
2649 3675 2878 3727 Baeticus
2902 3714 2917 3735 ,
2951 3674 3064 3744 sive
3089 3674 3391 3744 quis__alius
3431 3687 3617 3728 auctor
3645 3677 3733 3729 lib.
3781 3676 3864 3732 De
3899 3681 4007 3744 ﬁde
4029 3723 4042 3744 ,

2437 3742 2588 3819 Isaia;
2618 3745 2778 3799 verba
2831 3743 3112 3819 sic‘reddit
3139 3762 3151 3798 :
3182 3742 3304 3797 Non
3345 3755 3415 3799 est
3446 3749 3634 3816 species
3649 3748 3723 3819 ei,
3758 3742 3922 3819 neque
3952 3742 4045 3805 Ιιοὲ

2441 3834 2536 3870 nor
2564 3816 2741 3888 forma:
2766 3831 2783 3866 :
2813 3825 2856 3868 et
2882 3815 3100 3888 vidimus
3131 3832 3243 3866 eum
3269 3857 3283 3877 ,
3331 3827 3376 3867 et
3422 3834 3522 3869 non
3571 3816 3782 3871 habebat
3822 3815 4046 3888 speciem

2443 3904 2602 3956 neque
2631 3887 2883 3945 decorem,
2913 3885 3000 3940 sed
3027 3887 3216 3956 species
3241 3890 3352 3956 ejus
3382 3891 3490 3941 sine
3516 3889 3726 3943 honore.
3751 3885 3872 3945 th'.

2519 3959 2596 4029 (g)
2629 3957 2948 4032 Contumelia
2975 3973 3092 4009 vero
3116 3959 3453 4032 i_ii_liaiiestaiii.
3478 3959 3736 4030 Rigaltius
3765 3961 3834 4014 ad
3865 3977 3991 4032 cap.
4015 3965 4047 4018 5

2444 4028 2599 4099 hujus
2631 4029 2747 4081 libri
2789 4028 3084 4082 delormem
3113 4028 3385 4082 Christum
3420 4028 3602 4099 putat,
3635 4041 3687 4085 et
3727 4033 3855 4086 item
3904 4028 4044 4087 non-

2444 4102 2570 4164 nulli
2601 4101 2691 4153 alii
2725 4100 2826 4154 hoc
2856 4099 2973 4152 loco
3001 4101 3310 4172 abutuntur.
3345 4100 3548 4166 Quibus
3576 4105 3841 4172 passionis
3871 4107 4048 4160 d0mi-

2445 4173 2578 4225 nica:
2606 4172 2861 4224 memoria
2889 4185 2951 4222 os
2977 4169 3230 4224 obturare
3269 4183 3481 4239 posset,
3523 4169 3590 4226 si'
3617 4173 3719 4227 hoc
3759 4189 3789 4227 a
3828 4174 4047 4230 Tertul-

2446 4244 2585 4295 liano
2613 4242 2716 4294 dici
2740 4241 3227 4294 animadverterent
3256 4245 3322 4295 (le
3349 4251 3589 4311 tempore
3616 4245 3885 4298 dolorum.
3914 4247 4045 4301 Nam

2445 4313 2736 4371 formosum
2799 4312 3246 4382 luisseiplurima
3316 4327 3623 4382 argumenta
3685 4321 4043 4373 convincunt.

2445 4385 2594 4459 Mitto
2614 4385 2846 4459 pietin'as
2860 4383 2970 4459 a_B.
2989 4381 3129 4459 Luca
3152 4381 3418 4459 exat-atas.
3435 4386 3662 4459 Sanctus
3677 4385 4046 4459 Hieronymus

2444 4458 2598 4523 epist.
2642 4453 2742 4507 HO
2773 4455 2836 4506 ad
2887 4453 3240 4524 Principiam:
3279 4454 3394 4508 Nisi
3434 4458 3568 4510 enim
3611 4459 3870 4511 habuisset
3887 4453 3950 4513 ξι
3993 4463 4047 4514 in

2445 4529 2600 4598 uultur
2615 4526 2858 4598 quiddam
2882 4527 3137 4598 oculisque
3158 4525 3425 4591 sidereum,
3452 4545 3708 4598 nunquam
3730 4545 3850 4581 eum
3869 4533 4047 4585 statim

2443 4597 2602 4650 secuti
2633 4597 2842 4664 fuissent
2866 4597 3126 4664 Apostoli;
3153 4613 3248 4668 nec
3274 4598 3365 4668 qui
3398 4600 3466 4650 nd
3505 4597 4045 4668 comprehendendum

2363 4645 2415 4704 D
2444 4685 2555 4719 eum
2586 4645 2846 4739 νέηαι-(ωτι,
2873 4645 3175 4720 σῦιίὐίδδέηι
3227 4645 3726 4739 Βῖίᾲιιιβοςιοίηυε
3756 4671 3918 4725 born.
3977 4675 4046 4728 28

2437 4739 2489 4791 in
2522 4738 2754 4811 Mattba:
2784 4738 2918 4790 Nam
2949 4747 2998 4789 ut
3041 4738 3286 4807 faciendis
3322 4738 3481 4811 signis
3519 4752 3625 4793 erat
3655 4741 3946 4809 mirabilis,
3975 4748 4046 4798 sic

2435 4812 2544 4862 visu
2594 4809 2985 4880 gratiosissimus
3043 4812 3198 4878 fuisse
3249 4809 3489 4866 truditur.
3556 4812 3945 4869 Bonaventura
3995 4817 4046 4871 in

2436 4881 2589 4948 Spec.
2622 4885 2750 4933 citat
2798 4881 3074 4949 Augustini
3107 4882 3263 4933 verba
3312 4885 3358 4933 in
3389 4882 3532 4937 Imnc
3565 4899 3810 4938 sensum.
3852 4889 4046 4941 Detur-

2436 4955 2672 5024 tnitaletn
2700 4967 2855 5024 (piam
2883 4959 3017 5024 inter
3043 4952 3349 5020 patiendum
3373 4957 3665 5014 contraxit,
3696 4961 3918 5024 optimc
3947 4974 4044 5013 ex-

2436 5023 2597 5092 plicat
2627 5022 2684 5076 Β.
2716 5021 3040 5083 Bernardus,
3076 5032 3230 5076 tract.
3263 5025 3331 5077 de
3359 5025 3508 5079 Pass.
3545 5025 3618 5079 Ls
3649 5021 3739 5079 l’n.

2506 5113 2587 5184 (b)
2619 5116 2698 5166 An
2721 5130 2886 5188 ausus
2902 5127 3026 5188 esset
3053 5116 3238 5184 aliquis
3263 5132 3432 5184 ungue
3467 5134 3664 5171 siniinio
3693 5122 4048 5188 perstringere

2438 5201 2624 5259 corpus
2661 5202 2840 5238 novum
2865 5185 2890 5259 2
2917 5187 3122 5259 Corpus
3166 5188 3430 5259 inusitata:
3476 5190 3700 5257 alicujus
3724 5185 4042 5259 pulchritu-

2432 5257 2621 5328 dignis,
2636 5268 2737 5328 aut
2758 5256 3024 5328 _cmlestis
3068 5257 3344 5312 claritatis.
3400 5256 3739 5328 Augustinus
3773 5262 3836 5315 in
3896 5263 4041 5317 Psal.

2432 5326 2669 5382 CXXVII
2701 5344 2712 5378 :
2748 5324 2814 5379 Et
2841 5329 2937 5380 nisi
2966 5329 3155 5393 fteduin
3184 5339 3418 5398 putarent
3443 5371 3457 5394 ,
3487 5324 3592 5384 non
3619 5333 3908 5398 insilirent,
3943 5353 4044 5388 non

2431 5399 2650 5467 ﬂagellis
2681 5401 2950 5471 caaderent,
2975 5416 3075 5451 non
3096 5400 3254 5468 spinis
3280 5414 3600 5464 coronarent,
3634 5418 3732 5455 non
3763 5408 3948 5471 sputis
3976 5408 4045 5460 iu-

2433 5471 2771 5547 lionestarent.
2804 5468 3066 5547 .Ilirabilis
3087 5474 3255 5540 forma
3281 5484 3586 5526 exarinasset
3609 5468 3856 5542 tortores,
3893 5490 4045 5547 atque

2431 5544 2583 5612 etiam
2607 5540 2718 5612 sine
2739 5555 2854 5594 voce
2873 5543 3217 5595 remissionem
3244 5547 3578 5612 impetrasset.

2503 5611 2568 5684 (i)
2594 5610 2632 5665 S
2641 5612 2981 5684 putaminibus
2997 5610 3342 5668 contaminare
3360 5619 3562 5684 faciem,
3589 5616 3684 5668 nisi
3705 5629 4005 5673 merentem
4023 5623 4046 5672 .’

2429 5682 2560 5749 Quis
2591 5698 2694 5735 non
2728 5683 3012 5737 exltorreat
3061 5688 3335 5739 audaciam
3361 5682 3538 5740 dicti?
3581 5686 3766 5740 faciem
3830 5691 4043 5744 Christi

2430 5763 2725 5829 merentem
2754 5757 2976 5829 conspui
3008 5755 3021 5807 !
3053 5755 3264 5824 dignam
3292 5773 3412 5825 qua:
3446 5759 3818 5826 sputatuinutn
3843 5763 4044 5829 jacobs

2429 5826 2914 5880 contaminaretur!
2952 5826 3025 5879 Da
3058 5828 3286 5892 veniam,
3328 5831 3560 5882 Christe.
3615 5829 3721 5882 Hoc
3780 5826 4043 5887 deforme

2435 5906 2578 5949 tuum
2610 5896 2983 5951 deosculatnur
3023 5899 3307 5966 supplices.
3341 5899 3407 5953 Et
3437 5903 3604 5969 prosit
3629 5900 3788 5966 nobis
3839 5905 4045 5959 dixisse

2432 5977 2671 6024 nostrum
2702 5983 2837 6031 esse,
2869 5969 3008 6037 quod
3039 5969 3214 6026 debita
3244 5980 3420 6026 nostra
3455 5970 3650 6027 leee:e.
3681 5971 3814 6028 llic.
