2125 3247
103 185 157 213 ’173

755 186 801 215 DE
814 186 928 216 CABNE
946 187 1093 217 CHRISTI.

1698 189 1750 218 774

102 245 169 272 Caro
184 245 266 278 enim,
288 245 384 280 inquit,
399 244 510 279 inﬁrma.
524 243 687 279 Sanguinem
712 243 779 272 fudit
799 249 904 280 postre-
919 248 943 276 Α
958 245 1089 278 extiterit,
1104 250 1200 273 natura
1213 245 1292 279 nihil,
1309 252 1359 274 nec
1372 246 1545 281 semetipsam
1560 246 1670 280 videns,
1697 255 1751 282 prs:

103 299 149 318 mo
167 291 221 326 (1).
241 291 304 319 Ηιεο
327 297 403 323 sunt,
415 292 525 326 opinor,
539 292 613 327 signa
629 291 756 319 caelestia.
773 292 825 320 Sed
838 300 904 327 quo-

103 337 197 370 modo,
224 337 331 373 inquam
349 337 405 374 (2),,
421 338 553 365 contemni
569 343 595 365 et
617 338 668 373 pati
684 344 783 373 posset,
797 339 865 366 sicut
878 343 905 367 et

104 383 177 415 dixi,
192 384 213 411 si
227 383 290 418 quiid
302 383 328 410 in
342 383 385 411 illa
407 391 487 411 carne
502 384 535 412 de
549 385 587 419 (ὃ)
608 384 710 412 rmlesti
726 386 904 420 generesitate

105 428 258 456 radiasset?
274 429 310 457 Ex
328 429 378 457 hoc
403 437 467 465 ergo
482 430 665 458 convincimus
678 431 744 458 nihil
760 433 784 458 in
804 432 848 459 illa
870 431 905 460 de

104 477 184 504 ralis
206 477 298 510 luisse,
316 482 454 512 propterea
484 483 512 504 ut
533 478 669 505 cmitemui
684 484 710 506 et
726 479 778 514 pati
802 483 903 514 posset.

421 522 536 551 CAPUT
557 523 592 551 Χ.

145 567 296 596 Convertor
319 568 352 596 ad
379 568 446 596 alios
462 568 501 604 (ι)
519 577 595 604 a-que
608 569 659 597 sibi
680 569 834 604 prudentes,
859 570 904 604 qui

106 624 217 643 carnem
233 615 333 644 Christi
349 616 490 644 animalem
502 615 647 649 afﬁrmant,
660 617 730 652 quod
741 618 829 644 anima
841 625 905 644 caro

106 663 142 688 sit
158 662 237 695 facta,
252 670 316 697 ergo
328 668 354 690 et
368 669 432 690 caro
447 663 547 695 anima,
563 668 591 690 et
603 664 671 691 sicut
686 671 749 691 caro
769 664 903 696 animalis,

107 709 143 735 ita
158 714 186 736 et
199 709 286 736 anima
301 709 426 736 carnalis.
443 709 476 736 Et
489 709 532 737 hic
547 709 636 744 itaque
658 717 768 737 caussas
784 710 902 745 requiro.

107 753 148 787 Si,
165 759 193 781 ut
209 754 325 781 animant
342 754 441 781 salvam
455 755 564 788 laceret,
579 757 604 782 in
620 756 764 790 semetipso
789 760 906 790 Stlst‘epll

107 801 227 827 animam
244 799 378 834 Christus,
394 801 454 836 quia
466 801 537 828 salva
545 806 677 829 nonesset
687 802 736 828 nisi
749 810 794 836 per
806 803 903 836 ipsum,

107 847 174 874 dum
190 847 216 873 in
232 846 307 881 ipso;
324 854 376 873 non
391 847 469 874 video
484 854 532 874 cur
544 854 603 874 eam
616 855 724 875 carnem
738 846 830 875 fecerit
847 848 904 874 ani-

107 892 218 924 malent,
234 892 370 919 induendo
385 900 506 924 Carnem,
522 893 598 928 quasi
613 894 690 921 aliter
705 894 821 920 animam
849 893 904 921 sal-

956 291 1147 326 itnpedimento
1160 291 1249 320 carnis
1260 291 1355 328 hujus,
1379 297 1407 320 ut
1432 292 1514 320 etiam
1537 292 1750 328 disceptaretur,

957 342 1017 364 nata
1031 337 1090 374 (15)
1105 338 1192 365 anima
1205 345 1239 365 an
1253 345 1315 370 non,
1329 338 1448 366 mortalis
1461 345 1495 366 ne
1507 338 1553 372 sit,
1567 347 1599 366 an
1611 346 1664 367 non
1679 339 1749 375 (M).

957 384 1047 419 Itaque
1058 384 1174 412 animam
1188 392 1286 419 corpus
1300 384 1420 412 effectam
1434 385 1459 412 in
1472 384 1590 417 Christo,
1607 389 1636 412 ut
1647 392 1706 412 eam
1725 390 1753 413 et

956 436 1112 458 nascentem
1125 436 1152 458 ct
1165 432 1337 463 morientem,
1353 436 1389 464 et,
1403 431 1473 466 quod
1494 431 1529 458 sit
1552 432 1665 466 amplius
1675 453 1682 464 ,
1706 440 1751 460 rc-

956 481 1110 511 surgentem
1143 476 1304 504 videremus.
1332 477 1365 504 Et
1400 476 1458 512 (l5)
1482 476 1533 504 hoc
1557 482 1646 505 autem
1672 477 1752 513 quale

956 528 1013 549 erat
1028 521 1098 558 (l6),
1114 527 1143 550 ut
1158 530 1205 557 per
1217 530 1326 550 carnem
1346 522 1575 550 demonstraretur
1586 523 1674 550 anima
1701 523 1752 551 sibi

955 573 1003 596 aut
1016 569 1102 601 nobis,
1118 577 1178 605 quae
1193 576 1240 605 per
1253 577 1361 597 carnem
1382 577 1434 597 non
1452 575 1555 604 poterat
1571 569 1699 605 agnosci:
1724 574 1753 597 ut

955 617 995 644 sic
1010 617 1206 649 ostenderetur,
1219 616 1281 644 dum
1291 616 1318 644 id
1336 616 1375 650 III,
1392 617 1433 645 cui
1446 617 1554 649 latebat,
1570 616 1596 644 id
1611 622 1653 644 est
1667 616 1753 644 caro?

956 663 1081 690 tenebras
1095 663 1221 691 videlicet
1243 664 1363 698 accepit,
1393 664 1536 702 utllucere
1565 668 1657 698 posset
1681 662 1750 699 (l7).

957 708 1086 743 Denique,
1101 708 1189 736 adhuc
1203 707 1262 745 (18)
1281 709 1355 743 prius
1373 712 1559 742 retractemus,
1569 716 1602 735 an
1612 709 1663 736 isto
1671 709 1753 736 modo

956 753 1122 781 ostendenda
1141 754 1221 782 l'tierit
1243 754 1350 787 anima,
1375 761 1408 781 an
1433 754 1460 781 in
1483 759 1568 781 tottttn
1591 754 1752 782 invisibilem

957 807 1016 826 eam
1028 804 1101 827 retro
1111 800 1344 835 allegent;utrum
1371 800 1447 835 quasi
1476 800 1691 835 incorporalem,
1718 808 1753 828 an

956 847 1037 873 etiam
1053 847 1194 874 habentem
1210 846 1318 882 aliquod
1333 854 1417 882 genus
1440 847 1562 881 corporis
1578 846 1691 882 proprii.
1719 845 1754 873 Et

958 897 1046 920 tamen
1073 900 1133 920 cum
1162 893 1323 920 iuvisibilem
1357 893 1463 924 dicant,
1496 893 1664 928 corporalem
1692 900 1753 921 eain

106 944 167 964 vain
192 936 281 964 facere
301 944 353 964 non
369 942 473 972 posset,
492 938 541 965 nisi
556 945 680 966 carueam
706 939 811 966 factam.
835 938 902 966 Cum
918 945 942 975 Β
956 938 1132 971 constituunt,
1147 938 1289 966 habentem
1302 938 1371 973 quod
1386 939 1510 967 invisible
1524 940 1567 967 sit.
1593 940 1664 967 Nihil
1681 940 1752 969 enim

105 984 181 1012 enim
198 989 304 1011 nostras
316 985 420 1011 animas
435 992 487 1011 non
504 990 606 1012 tantum
628 993 680 1013 non
699 994 827 1017 corneus.
855 986 902 1013 sed

105 1031 188 1057 etiam
202 1039 216 1056 a
228 1028 269 1066 (5)
284 1038 364 1058 carne
386 1031 532 1066 disjunctas
556 1032 643 1059 salvas
667 1038 789 1067 praestet;
804 1038 904 1068 quauto

105 1075 193 1111 magis
211 1075 297 1109 illam,
313 1084 393 1111 quant
405 1078 462 1112 ipse
474 1078 602 1111 suscepit,
614 1079 696 1105 etiam
712 1087 763 1105 non
778 1086 902 1106 carneam

106 1123 231 1158 redigere
255 1124 372 1157 potuitm
387 1123 515 1150 salutem!
539 1123 604 1151 Item
619 1131 679 1151 cum
695 1125 904 1161 przusumant((i)

106 1176 161 1195 non
177 1170 278 1201 carnis,
293 1169 340 1196 scd
362 1170 458 1196 anima:
482 1174 580 1197 nostra:
598 1169 636 1206 (ιι)
650 1171 734 1198 solius
760 1171 905 1199 liberandae

105 1223 203 1243 caussa
217 1217 378 1250 processisse
393 1216 539 1249 Christum;
555 1217 649 1251 primo,
665 1226 744 1251 quam
758 1218 903 1245 absurdum

106 1266 161 1295 est,
178 1267 205 1289 ut
220 1263 335 1289 animant
361 1263 445 1290 solam
461 1264 632 1296 liberaturus,
649 1264 674 1291 id
685 1272 769 1300 genus
784 1266 905 1300 corporis

106 1316 170 1336 can;
185 1309 292 1341 fecerit,
305 1309 375 1345 quod
392 1318 444 1337 non
457 1315 516 1337 erat
536 1311 696 1339 liberatttrus
710 1312 717 1338 1
739 1312 854 1344 Deinde,
883 1313 904 1339 si

106 1356 215 1382 animas
229 1361 334 1383 nostras
357 1364 403 1391 per
424 1357 511 1391 illam,
536 1366 615 1392 quant
638 1359 761 1393 gestavit,
791 1358 905 1386 liberare

106 1407 276 1438 susceperat,
302 1403 374 1430 illam
397 1412 516 1439 quoque,
544 1412 624 1439 quam
644 1405 768 1440 gestavit,
787 1411 904 1432 nostram

106 1453 231 1483 gestasse
247 1449 387 1480 debuerat.
405 1450 430 1478 id
445 1455 496 1484 est,
513 1456 612 1478 nostra:
635 1450 738 1484 formae,
754 1451 906 1485 cujuseum—

107 1502 162 1528 que
176 1493 269 1521 forma:
282 1500 324 1521 est
338 1495 363 1522 in
379 1496 486 1523 occulto
499 1496 587 1523 anima
601 1501 692 1524 nostra
705 1517 712 1528 ,
738 1505 790 1524 non
813 1502 902 1525 tamen

107 1548 225 1568 carnem.
252 1540 397 1576 Caeterum,
414 1551 467 1570 non
483 1548 601 1571 nostram
628 1544 743 1571 animam
771 1544 903 1576 liberavit,

106 1587 130 1613 si
156 1594 281 1614 carneant
306 1587 413 1622 habuit;
440 1593 530 1616 nostra
554 1589 625 1617 enim
650 1597 747 1618 carnea
775 1597 827 1617 non
852 1595 903 1618 est.

108 1632 194 1660 l’orro
206 1633 228 1660 si
240 1637 292 1661 non
307 1639 424 1662 nostram
439 1635 580 1668 liberavit,
603 1636 665 1671 quia
683 1643 807 1663 carueam
835 1636 901 1664 libe-
918 1639 940 1670 C

106 1679 182 1706 ravit
205 1679 260 1715 (7),
291 1680 356 1708 nihil
382 1683 419 1709 ad
445 1689 493 1709 nos
518 1681 576 1718 (8);
604 1683 665 1717 quia
702 1690 754 1710 non
787 1688 905 1712 nostram

107 1725 243 1753 lzberavit.
259 1726 313 1754 Sed
328 1735 376 1754 nec
389 1727 525 1755 liberanda
538 1733 606 1760 erat,
623 1736 681 1763 qua:
693 1736 745 1756 non
763 1734 822 1757 erat
842 1738 906 1758 nos-

108 1776 150 1798 tra
166 1791 174 1804 ,
197 1776 226 1798 ιιι
244 1772 347 1801 scilicet
365 1780 481 1807 carnea;
497 1782 551 1801 non
565 1776 636 1802 enim
661 1775 869 1809 periclitabatur,
883 1778 906 1803 si

107 1824 164 1844 non
178 1822 236 1845 erat
249 1823 351 1851 nostra,
367 1819 393 1847 id
406 1825 448 1855 est
461 1840 468 1853 .
483 1828 535 1847 non
558 1828 666 1848 carnea.
687 1821 740 1849 Sed
765 1821 905 1850 liberatam

105 1869 215 1892 constat
228 1865 311 1893 illam.
326 1865 398 1902 Ergo
410 1874 462 1894 non
478 1867 526 1894 luit
537 1875 649 1901 carnea;
664 1873 691 1896 et
706 1868 755 1895 fuit
767 1874 868 1901 nostra,
884 1869 906 1896 si

106 1918 140 1939 ea
170 1910 212 1948 (9)
239 1911 286 1939 l'uit
300 1920 358 1947 quae
373 1913 543 1946 liberaretur,
558 1915 682 1949 quoniam
699 1914 757 1950 (10)
772 1916 905 1950 periclita-

106 1956 200 1986 batur.
215 1956 274 1985 Jam
288 1965 363 1994 ergo,
378 1959 400 1986 si
415 1960 503 1986 anima
521 1968 573 1987 non
587 1960 636 1988 fuit
646 1961 762 1988 carnalis
776 1960 903 1989 iuCltris-

109 2008 149 2037 to,
166 2010 218 2032 nec
230 2010 293 2032 caro
307 2009 395 2040 potest
407 2005 530 2033 animalis
546 2005 639 2034 fuisse.

415 2050 528 2080 CAPUT
547 2051 592 2079 XI.

149 2094 203 2123 Sed
224 2096 303 2123 aliam
318 2098 575 2132 argumentationem
603 2106 695 2126 eorum
718 2100 904 2133 convenimus,

105 2141 258 2176 exigentes,
274 2149 322 2169 cur
335 2143 478 2170 animalem
491 2150 599 2171 carnem
614 2144 753 2172 subeundo
772 2144 904 2178 Christus,

106 2187 224 2214 animant
237 2188 372 2215 carnalem
383 2187 503 2216 videatur
517 2189 652 2217 habuisse.
667 2190 737 2218 Deus
754 2190 837 2225 enim,
865 2192 906 2218 iu-

106 2233 204 2268 quiunt
218 2233 288 2268 (11),
301 2235 407 2270 gestivit
415 2235 472 2272 (12)
486 2236 601 2264 animam
613 2236 742 2264 visibilem
755 2237 907 2268 hominibus

105 2278 249 2314 exhibere,
263 2279 389 2308 faciendo
401 2289 460 2309 eam
473 2291 582 2318 corpus,
596 2291 656 2319 qua:
677 2288 750 2311 retro
765 2283 906 2313 invisibilis

956 983 1058 1010 habens
1073 984 1222 1016 invisibile,
1242 985 1377 1019 quomodo
1404 989 1491 1020 potest
1516 985 1656 1014 invisibilis
1677 986 1753 1014 dici?

955 1029 1007 1057 Sed
1024 1037 1057 1057 ne
1072 1037 1133 1057 esse
1157 1030 1264 1065 quidem
1285 1035 1388 1065 potest,
1417 1031 1467 1059 nisi
1495 1032 1554 1066 (19)
1577 1032 1678 1060 habens
1705 1040 1752 1068 per

956 1075 1025 1111 quod
1038 1076 1081 1103 sit.
1096 1076 1163 1103 Cum
1179 1081 1267 1104 autem
1283 1077 1328 1109 sit,
1342 1077 1439 1105 haheat
1461 1085 1573 1106 necesse
1587 1083 1628 1106 est
1639 1078 1751 1114 aliquid,

957 1130 1004 1158 per
1016 1123 1086 1159 quod
1101 1127 1150 1151 est.
1171 1124 1198 1151 Si
1214 1123 1295 1151 habet
1309 1123 1366 1159 (Ξο)
1380 1124 1479 1160 aliquid
1491 1133 1538 1159 per
1547 1125 1617 1160 quod
1631 1130 1689 1159 est,
1702 1125 1762 1162 hoc.

955 1171 1007 1198 erit
1018 1178 1116 1205 corpus
1128 1171 1195 1205 ejus.
1215 1170 1300 1198 Omne
1314 1171 1385 1206 quod
1406 1176 1458 1203 est,
1475 1178 1574 1206 corpus
1590 1177 1632 1199 est
1644 1172 1687 1199 sui
1703 1180 1753 1207 ge-

957 1217 1030 1245 neris
1045 1226 1052 1244 ;
1067 1217 1132 1244 nihil
1147 1221 1189 1244 est
1204 1217 1384 1252 incerporale,
1400 1218 1452 1245 nisi
1471 1218 1543 1253 quod
1559 1227 1611 1246 non
1626 1224 1675 1247 est.
1698 1219 1753 1247 Ila-

958 1264 1036 1291 bente
1049 1264 1129 1299 igitur
1141 1264 1229 1291 anima
1255 1264 1387 1292 invisibile
1408 1272 1525 1300 corpus,
1553 1265 1598 1300 qui
1622 1265 1752 1293 visibilem

957 1318 1015 1337 eam
1030 1309 1117 1337 facere
1130 1315 1294 1345 susceperat,
1312 1311 1401 1346 utique
1413 1310 1519 1346 dignius
1530 1312 1555 1338 id
1568 1311 1628 1347 ejus
1648 1312 1754 1341 visibile

957 1357 1079 1390 iecisset,
1111 1356 1182 1392 quod
1206 1356 1341 1384 invisibile
1363 1356 1529 1389 habebatur,
1552 1358 1615 1392 quia
1640 1365 1689 1386 nec
1710 1358 1754 1387 hic

958 1403 1135 1434 mendacium,
1147 1408 1193 1430 aut
1202 1403 1343 1430 inﬁrmitas
1353 1402 1407 1430 Deo
1414 1403 1560 1438 competit:
1571 1403 1753 1437 mendacium,

957 1449 979 1475 si
991 1448 1060 1475 aliud
1076 1449 1204 1482 animam,
1224 1456 1304 1483 quam
1319 1448 1391 1483 quod
1402 1454 1469 1480 erat,
1483 1448 1694 1483 demonstravit;
1713 1450 1754 1477 in-

958 1494 1085 1526 ﬁrmitas,
1112 1495 1134 1522 si
1159 1494 1183 1522 id
1203 1495 1274 1530 quod
1290 1500 1349 1522 erat
1371 1494 1557 1523 demonstrare
1585 1503 1637 1524 nou
1660 1497 1752 1525 valuit.

956 1540 1041 1568 Nemo
1053 1541 1196 1569 ostendere
1212 1542 1305 1569 volens
1319 1541 1454 1569 hominem
1466 1563 1473 1575 ,
1488 1542 1621 1570 cassidem
1633 1548 1679 1571 aut
1692 1551 1754 1578 per-

960 1594 1056 1614 sanam
1072 1588 1096 1615 ei
1111 1587 1220 1615 inducit.
1243 1587 1298 1615 Hoc
1311 1593 1400 1614 autem
1425 1587 1523 1614 factum
1539 1593 1580 1615 est
1592 1588 1705 1621 animm,
1731 1589 1754 1617 si

958 1636 983 1662 in
1007 1642 1087 1663 carne
1117 1634 1175 1670 (21)
1200 1641 1329 1662 conversa
1352 1633 1409 1670 (22)
1432 1634 1548 1661 alienam
1581 1633 1680 1662 induit‘
1695 1635 1752 1671 (23)

959 1681 1138 1716 superﬁt-ient.
1160 1681 1213 1709 Sed
1227 1682 1291 1709 etsi
1307 1681 1485 1716 incorporalis
1496 1681 1583 1709 anima
1599 1682 1753 1717 deputetur,

958 1732 987 1754 ut
999 1728 1086 1763 aliqua
1102 1727 1126 1754 vi
1140 1727 1254 1754 rationis
1277 1726 1381 1754 occulta
1402 1726 1436 1754 sit
1451 1726 1560 1762 quidem
1575 1728 1676 1761 anima,
1691 1735 1753 1756 cor-

958 1781 1007 1809 pus
1020 1779 1108 1801 tatuen
1127 1781 1180 1801 non
1202 1773 1247 1805 sit,
1262 1773 1389 1808 quidquid
1402 1774 1557 1807 estanima;
1572 1775 1684 1809 proinde
1701 1774 1754 1802 int-

959 1819 1085 1854 possihile
1093 1819 1147 1846 Deo
1162 1826 1214 1846 non
1223 1827 1267 1847 era
1272 1823 1291 1851 ι,
1303 1823 1329 1846 ct
1341 1819 1479 1854 proposito
1489 1820 1546 1855 ejus
1560 1821 1752 1855 congruentius

957 1866 1135 1900 tompelehat,
1158 1873 1225 1893 nova
1248 1864 1335 1900 aliqua
1362 1866 1482 1900 corporis
1505 1866 1595 1900 specie
1621 1874 1680 1894 eam
1706 1868 1756 1896 de»

959 1917 1118 1946 monstrare,
1130 1920 1209 1947 quam
1224 1912 1273 1939 ista
1291 1914 1428 1939 communi
1445 1914 1576 1947 omnium,
1592 1913 1703 1942 alterius
1715 1914 1754 1951 (ὺ)

955 1958 1009 1993 jam
1031 1958 1147 1990 notitiae;
1173 1965 1207 1985 ne
1229 1958 1288 1985 sine
1310 1965 1404 1985 caussa
1420 1958 1552 1986 visibilem
1563 1967 1597 1987 ex
1624 1959 1753 1988 invisibili

959 2003 1045 2031 lacere
1066 2004 1189 2038 gestisset
1208 2003 1342 2036 animam,
1365 2004 1421 2030 istis
1444 2003 1545 2032 scilicet
1560 2005 1756 2040 qumstiouibus

957 2055 1145 2084 opportunam.
1157 2056 1204 2083 per
1215 2049 1303 2076 carnis
1317 2050 1342 2075 iu
1357 2049 1428 2076 illam
1440 2048 1497 2085 (24)
1514 2051 1638 2078 humana:
1661 2051 1755 2079 defen-

957 2095 1072 2122 sionem.
1089 2094 1141 2122 Scd
1157 2102 1210 2122 non
1227 2099 1330 2129 poterat
1342 2094 1466 2123 Christus
1481 2095 1552 2124 inter
1564 2096 1687 2125 homines
1703 2098 1755 2126 nisi

959 2142 1038 2170 homo
1051 2141 1145 2168 videri.
1160 2140 1253 2169 Redde
1273 2140 1353 2176 igitur
1374 2141 1483 2170 Christo
1505 2142 1585 2171 [idern
1608 2151 1705 2175 suam:
1725 2149 1754 2173 ut

958 2188 1001 2223 qui
1021 2188 1103 2215 homo
1120 2187 1234 2215 voluerit
1246 2186 1382 2221 incedere,
1398 2188 1515 2215 animam
1528 2196 1635 2224 quoque
1657 2189 1755 2218 huma-

958 2242 999 2262 me
1013 2233 1175 2262 conditionis
1188 2233 1344 2267 ostenderit,
1362 2236 1419 2261 non'
1432 2233 1534 2262 faciens
1545 2242 1604 2263 eam
1616 2243 1752 2272 corneam,

957 2281 1003 2310 sed
1020 2280 1133 2309 iuduens
1148 2288 1207 2308 eam
1222 2287 1314 2307 (mne.

724 2351 912 2382 LECTIONES
933 2349 1133 2379 VARIANTES.

154 2403 178 2439 1)
190 2403 319 2439 Postremo
329 2404 389 2439 fudit
397 2406 450 2439 cod.
462 2406 536 2439 Agob.

151 2434 177 2471 ai
190 2434 296 2471 ιεκιιιίιίε
302 2437 358 2471 φίλι
367 2437 443 2471 Δαυρ-

151 2467 177 2496 5)
190 2465 315 2496 De'omiu.
326 2465 402 2492 then'.
413 2468 486 2494 Seml.

151 2495 178 2555 4)
190 2495 242 2522 llos
252 2497 308 2522 cod.
321 2498 397 2532 Agob.
406 2498 482 2525 Elicit.
492 2500 567 2526 Seml.
579 2500 678 2527 Oberllt.

152 2528 168 2552 5
191 2526 219 2552 In
230 2526 307 2554 R/tal.
318 2530 388 2555 send.
403 2530 499 2556 Obertlt.

152 2558 178 2596 ρ)
191 2558 325 2596 grtesth
333 2561 409 2596 Elicit.
422 2560 498 2596 Santi.
510 2561 608 2596 chrtlt.

139 2590 178 2653 (7)
191 2590 253 2619 Qui:
260 2597 373 2616 eameam
385 2592 498 2618 liberavit
507 2594 591 2620 absunt
602 2601 617 2619 (ι
628 2594 704 2621 Illum.

152 2621 167 2653 ξς
190 2620 284 2653 Caroea
295 2628 343 2646 non
354 2627 400 2653 est,
409 2624 469 2649 add.
481 2623 556 2651 Rlieu.

152 2653 183 2709 9))
190 2653 243 2677 Νοιι
255 2653 329 2678 inser.

139 2653 194 2775 ἔπιε
205 2683 392 2746 asser-

139 2744 182 2775 (12
206 2744 315 2771 Gestavit
325 2747 379 2775 Bia.

155 2744 193 2772 12)
206 2744 315 2771 Gestavit
325 2747 379 2772 Ilia.

156 2776 194 2809 ιδ)
208 2776 250 2802 Est
259 2778 320 2803 add.
328 2776 404 2804 Men.

915 2412 942 2442 D

986 2409 1037 2440 (ιι)
1050 2408 1156 2443 Mor-edis
1165 2414 1201 2443 pe
1212 2408 1245 2443 si_t.
1257 2415 1336 2434 annon
1346 2409 1432 2436 absum
1444 2416 1460 2435 α
1474 2410 1554 2436 Valte.
1565 2410 1638 2436 codd.
1651 2415 1674 2438 et
1682 2411 1722 2438 ed.
1732 2412 1754 2439 1.

957 2439 1035 2476 Msa}.
1044 2439 1127 2476 quiet.
1137 2439 1212 2476 ~in
1225 2440 1286 2476 λωι-

1002 2472 1037 2503 15)
1052 2470 1087 2503 ξι(
1098 2470 1172 2496 Rhea.
1185 2472 1247 2496 Par.
1261 2473 1332 2496 Ραηι.

1000 2501 1039 2533 tu)
1052 2501 1106 2526 Erit
1117 2502 1189 2526 Itin-ii.
1202 2503 1276 2527 Pam.
1289 2502 1364 2527 Sani.

1002 2532 1039 2563 l7)
1053 2533 1132 2557 Possit
1142 2534 1213 2558 Pam.
1227 2532 1301 2559 Rhea.
1316 2532 1392 2558 Seml.

1001 2564 1039 2597 t3)
1052 2564 1089 2597 iter
1099 2563 1227 2597 tracti/ten.
1238 2563 1314 2590 Seml.
1324 2564 1424 2590 Obertli.

1003 2596 1038 2626 ιθ)
1054 2595 1176 2619 Nihilnlii.

1000 2625 1039 2659 20)
1053 2626 1132 2650 Ilabut
1144 2626 1209 2659 abest
1217 2633 1231 2650 a
1242 2626 1319 2653 ιυιεη.
1332 2625 1408 2652 Seml.

1001 2657 1041 2688 2|)
1054 2658 1155 2682 Carnem
1168 2657 1217 2681 alii.

1001 2688 1039 2719 2-2.)
1049 2688 1121 2714 Ootm
1132 2696 1194 2712 rsum
1206 2690 1276 2713 Pam.
1290 2687 1366 2714 then.
1381 2688 1456 2714 Seml.

1000 2720 1039 2748 25)
1054 2719 1134 2744 luduis
1142 2721 1213 2744 Puni.

997 2751 1037 2783 34)
1054 2751 1078 2775 tu
1092 2751 1155 2775 tIIuIII
1167 2750 1336 2776 aberatacod.
1350 2749 1448 2777 Pitlia't'.

788 2821 1066 2852 COMMENTARIUS.

143 2875 257 2905 CAPUT
278 2877 313 2906 Χ.
327 2878 410 2915 -γ(ε)
432 2879 492 2907 Non
514 2880 608 2912 carnis,
624 2881 668 2908 sed
687 2881 778 2908 auium
797 2887 899 2909 nostra.

988 2882 1101 2924 CAPUT
1113 2883 1157 2912 XI.
1168 2884 1249 2924 τοι)
1260 2885 1381 2917 Alterius.
1393 2886 1502 2915 Alterius
1514 2887 1591 2923 dixit,
1609 2897 1657 2924 pro
1671 2890 1749 2923 aliut,

107 2911 242 2940 Hactenus
265 2911 406 2949 exemplar
429 2915 580 2952 Agobardi._
594 2916 686 2952 Itaque
709 2924 752 2945 rcs
775 2917 901 2952 deinceps
953 2918 980 2947 id
995 2911 1172 2949 estidiversai.
1194 2911 1316 2949 “usuin.

107 2953 206 2983 agetur
220 2952 322 2976 tantum
336 2956 398 2977 cum
409 2950 544 2980 codicibus
557 2950 649 2979 Ursini
657 2956 684 2980 et
698 2952 800 2981 Pithaei.
815 2950 874 2981 th.
