4250 6494
210 429 316 487 793

212 550 364 617 Quod
390 548 604 619 denique
630 545 911 613 Scripturis
936 559 1054 598 caro
1070 543 1365 597 illustretur.
1399 542 1529 609 Cap.
1563 541 1626 596 X.

212 641 392 711 Neque
443 658 556 694 vero
619 638 710 692 Dei
760 639 1033 709 potentiam
1097 636 1335 690 excedere
1395 636 1805 689 resurrectionem

279 735 466 788 carnis.
507 732 638 800 Cap.
667 730 756 785 XI.

209 828 409 882 Diviute
451 828 582 881 enim
635 827 868 895 potentiae
905 823 1192 892 exemplum
1217 839 1322 878 esse
1370 823 1471 875 diei
1519 839 1580 874 ac
1607 822 1802 886 noctis,

281 921 475 990 hgcmis
527 929 572 974 et
601 920 822 984 testatis,
864 919 991 972 veris
1038 933 1097 970 ac
1140 917 1369 970 autumni
1415 917 1804 971 vicissitudines.

277 1015 411 1082 Cap.
442 1012 559 1067 XII.

209 1106 504 1161 Plueuicem
534 1106 708 1172 etiam,
739 1103 959 1158 Orientis
985 1103 1178 1165 alitem,
1197 1101 1283 1172 qui
1311 1102 1634 1171 semetipsum
1661 1102 1804 1172 fune-

279 1217 400 1252 rans
431 1206 656 1252 renovat.
707 1197 837 1264 Cap.
872 1194 1009 1249 XIII.

207 1292 362 1357 Atqui
398 1301 441 1343 et
484 1305 716 1343 caussam
752 1287 1083 1341 restitutionis
1131 1285 1298 1338 carnis
1348 1285 1578 1338 idoneaat
1609 1285 1808 1340 subesse

281 1381 377 1434 Dei
398 1382 449 1434 iu
473 1383 600 1433 bona
627 1379 996 1433 remunerando
1024 1387 1069 1430 et
1096 1376 1231 1430 malo
1253 1375 1507 1445 puniendo
1525 1374 1802 1446 judicium.

277 1471 410 1541 Cap.
459 1469 597 1524 XIV.

203 1565 337 1618 Cum
375 1566 508 1620 enim
532 1578 800 1632 operarum
840 1564 967 1614 inter
991 1576 1043 1614 se
1071 1560 1243 1613 anima
1281 1569 1328 1614 et
1369 1576 1488 1614 caro
1521 1563 1806 1614 societatem

276 1659 529 1722 habeant,
557 1665 787 1724 oportere
813 1657 983 1714 etiam,
1015 1662 1105 1705 aut
1131 1668 1310 1719 mente,
1340 1664 1428 1706 aut
1456 1655 1636 1724 gratia:
1663 1671 1804 1708 com-

277 1752 538 1805 municare
571 1748 868 1804 mercedem.
899 1745 1031 1816 Cap.
1079 1745 1192 1801 XV.

208 1843 330 1897 Etsi
389 1844 520 1897 enim
587 1856 680 1895 vas
717 1841 908 1894 anima!
959 1855 1079 1892 caro
1130 1839 1451 1909 appelletur,
1498 1856 1596 1894 non
1644 1850 1809 1894 tamen

278 1948 546 2006 prapterea
578 1977 593 2000 ,
651 1951 750 1988 non
802 1942 848 1986 et
924 1933 1114 1986 meritis
1187 1934 1373 1987 animas
1411 1934 1803 1990 communicare.
1839 1946 1884 2004 Β

279 2028 413 2096 Cap.
464 2026 603 2081 XVI.

204 2123 371 2192 Atque
415 2122 562 2187 adeo,
593 2136 705 2172 cum
731 2118 917 2172 anima:
955 2122 1092 2188 facta
1117 2133 1206 2187 per
1224 2133 1426 2173 carnem
1453 2119 1807 2173 administren-

281 2227 400 2278 tur,
434 2230 532 2266 non
567 2213 791 2282 sufﬁcere
833 2212 1054 2264 animam
1093 2211 1249 2278 foveri
1290 2221 1375 2264 aut
1415 2213 1652 2279 cruciari,
1703 2215 1810 2268 sine

280 2325 456 2371 carne,
490 2323 581 2376 pro
629 2305 862 2374 operibus
898 2305 1086 2358 carnis.
1117 2302 1246 2374 Cap.
1277 2304 1438 2360 XVII.

207 2399 414 2455 Deinde
450 2400 588 2470 apud
612 2415 784 2452 onmes
814 2398 1033 2451 edictum
1067 2395 1158 2448 Dei
1198 2397 1448 2466 pendere:
1478 2401 1807 2454 resurrectio-

281 2510 395 2546 nem
446 2501 780 2546 mortuorum.
835 2489 964 2558 Cap.
997 2487 1185 2543 XVIII.

208 2584 383 2650 Quam
439 2583 645 2654 quidam
690 2583 819 2635 male
865 2584 917 2634 in
980 2581 1336 2650 imaginariam
1387 2581 1809 2651 signiﬁcationem

279 2679 612 2746 distorquent.
641 2676 770 2746 Cap.
813 2675 957 2730 XIX.

207 2766 336 2824 Non
371 2770 542 2822 omnia
571 2770 704 2822 enim
745 2769 1019 2839 prophetas
1051 2784 1140 2838 per
1167 2769 1412 2837 imagines
1442 2768 1767 2823 concionatos
1790 2786 1807 2832 ;

283 2874 391 2915 tum
430 2862 585 2930 quod,
631 2863 674 2916 si
723 2864 894 2916 omnia
929 2863 1140 2934 ﬁgurtv,
1186 2863 1310 2926 quid
1356 2864 1450 2916 erit
1504 2861 1635 2915 illud
1662 2864 1809 2930 cujus

279 2955 461 3024 [igurte
477 2954 502 3005 ?
526 2963 630 3007 tttm
649 2953 785 3021 quod
809 2953 862 3006 in
891 2952 1060 3022 ipsunt
1089 2951 1346 3007 Christum
1371 2953 1652 3022 insigniora
1675 2968 1811 3022 qua:-

279 3064 379 3116 qne
428 3049 536 3099 luce
577 3047 768 3100 clarius
788 3089 802 3114 ,
828 3062 960 3111 vere,
989 3062 1089 3100 non
1117 3048 1332 3118 ﬁgurate
1351 3087 1367 3111 ,
1391 3046 1664 3116 adimpleta
1686 3046 1805 3098 sint.

276 3139 412 3207 Cap.
447 3137 564 3192 xx.

209 3230 308 3284 Tot
337 3247 530 3300 quoque
552 3246 659 3285 esse
685 3231 1017 3286 instrumenta
1051 3233 1241 3299 divina,
1265 3233 1334 3286 ita
1371 3242 1542 3303 aperte
1565 3245 1807 3300 corpora-

279 3327 380 3378 lem
407 3328 738 3380 contestautia
764 3328 1177 3382 resurrectionem
1199 3370 1214 3393 ,
1243 3336 1296 3381 ut
1317 3328 1512 3381 nullam
1534 3325 1806 3378 admittant
1834 3333 1877 3396 ί]

281 3420 520 3486 ﬁguratae
543 3419 900 3488 signiﬁcantia:
923 3421 1279 3490 suspicionem.
1320 3420 1450 3489 Cap.
1482 3417 1622 3474 XXI.

205 3505 600 3576 Respiciendum
615 3525 721 3564 esse
749 3512 960 3581 denique
981 3514 1050 3566 ad
1077 3514 1194 3566 illas
1226 3512 1543 3582 Scripturas,
1574 3527 1688 3582 qua'
1708 3526 1810 3564 non

281 3600 456 3652 sinunt
505 3603 736 3666 credere,
765 3604 1174 3657 resurrectionem
1211 3615 1299 3657 aut
1338 3606 1454 3675 jam
1478 3608 1693 3676 factam,
1721 3614 1809 3658 aut

280 3693 346 3746 ab
377 3709 580 3746 excessu
601 3696 768 3747 statim
795 3697 909 3749 vitta
930 3697 1057 3764 ﬁeri.
1105 3696 1232 3765 Cap.
1266 3695 1430 3749 XXII.

210 3785 327 3841 Etsi
358 3797 524 3841 autem
567 3789 854 3860 Apostolus,
904 3789 974 3841 ad
1007 3789 1352 3853 Colossenses,
1401 3787 1699 3859 spiritaliter
1717 3803 1808 3841 nos

281 3881 604 3935 resuscitatos
623 3884 758 3935 dicat
790 3925 804 3946 ,
837 3898 938 3936 non
964 3899 1147 3952 negare
1167 3891 1358 3950 tamen,
1380 3883 1529 3937 etiam
1567 3898 1807 3953 corpora-

283 3974 398 4025 liter
423 3982 805 4028 resurrecturos.
856 3973 986 4044 Cap.
1011 3973 1195 4028 XXIII.

208 4067 420 4136 Quippe
469 4083 584 4120 cum
609 4068 737 4136 ipse,
773 4067 1016 4135 Epistolis
1043 4071 1150 4123 suis
1197 4070 1264 4122 ad
1313 4069 1803 4135 Tltessalouicenses,

282 4162 696 4214 resurrectionem
725 4172 896 4231 aperte
921 4162 1203 4231 conﬁrmet.
1233 4161 1362 4232 Cap.
1398 4160 1587 4215 XXIV.

205 4252 274 4306 In
312 4252 619 4324 Apocalypsi
643 4254 876 4307 similiter
901 4252 1140 4320 Joannis,
1178 4254 1288 4324 ipsa
1314 4264 1539 4324 tempora
1584 4270 1807 4309 resurre-

279 4345 462 4397 ctionis
489 4343 723 4396 indicari.
760 4343 888 4412 Cap.
923 4343 1089 4396 XXV.

207 4437 349 4503 Quid
377 4435 402 4488 ?
435 4435 568 4504 quod
604 4435 750 4490 liceat
775 4435 925 4490 etiam
951 4437 1263 4505 corporalem
1303 4439 1717 4490 resurrectionem
1745 4437 1809 4492 de

281 4529 566 4597 patrocinio
619 4529 826 4600 ﬁgurati
895 4527 1082 4597 eloquii
1155 4527 1438 4597 prophetici
1525 4527 1801 4581 vindicare.

276 4621 407 4691 Cap.
442 4618 630 4674 XXVI.

202 4715 342 4770 Tum
371 4726 538 4780 terra,
564 4725 667 4768 tum
688 4715 1091 4769 vestimentorum
1117 4715 1336 4769 nomine.
1358 4713 1492 4782 Cap.
1511 4711 1728 4768 XXVII.

200 4809 345 4872 luto,
375 4809 502 4862 sicut
542 4807 762 4876 vocibus,
787 4809 858 4862 ita
900 4817 945 4861 et
987 4810 1131 4862 rebus
1160 4824 1220 4861 ac
1264 4808 1413 4877 [actis
1443 4807 1802 4878 prophetatam

281 4903 722 4954 resurrectionem.
764 4898 894 4970 Cap.
917 4899 1104 4954 XXIII.

201 4993 681 5057 Manifestissiutam
719 4991 934 5062 denique
960 5008 1065 5046 esse
1095 4992 1158 5045 de
1198 4992 1374 5046 eadem
1403 4991 1684 5047 Ezechielis
1710 4992 1800 5046 de-

277 5087 700 5141 terminationem.
754 5085 884 5156 Cap.
933 5084 1123 5140 XXIX.

197 5177 438 5248 Eumque
488 5179 638 5231 talem
661 5219 674 5241 ,
726 5187 780 5231 ut
830 5181 1044 5248 ﬁgurate
1074 5188 1163 5231 aut
1206 5178 1476 5249 allegorice
1513 5193 1612 5232 nou
1641 5178 1800 5247 possit

273 5273 325 5324 in
347 5271 505 5342 elligi.
547 5269 676 5340 Cap.
707 5269 874 5324 XXX.

194 5366 329 5421 Cura
353 5365 470 5419 aliis
501 5380 697 5434 quoque
723 5365 1007 5435 manifestis
1052 5364 1411 5435 prophetarum
1449 5363 1685 5433 probetur
1725 5375 1798 5419 te-

274 5460 545 5513 stimoniis.
573 5459 702 5528 Cap.
727 5456 919 5512 XXXI.

197 5555 380 5624 lisque
400 5554 726 5625 ejuscemodi,
755 5553 934 5624 quibus
971 5552 1280 5623 pradicatur
1333 5552 1481 5604 etiam
1528 5567 1799 5619 corporum

274 5647 644 5717 insepultorum
688 5648 1008 5701 resurrectio.
1058 5646 1186 5716 Cap.
1221 5644 1438 5700 XXXII.

199 5741 374 5796 Porro
419 5741 570 5793 etiam
613 5742 669 5794 in
713 5737 1026 5811 Evangeliis,
1068 5755 1168 5792 non
1205 5738 1376 5792 omnia
1401 5737 1454 5790 in
1481 5735 1739 5807 parabolis
1768 5752 1800 5788 a

276 5833 500 5887 Domino
527 5833 873 5904 pronuntiata.
903 5830 1033 5902 Cap.
1059 5828 1298 5885 XXXIII.

203 5925 324 5980 luto
373 5925 425 5980 in
458 5927 595 5980 omni
637 5925 1014 5980 resurrectionis
1056 5923 1326 5987 mentione,
1380 5918 1794 5991 corporalitatem

1247 423 1455 482 LIBER
1497 423 1583 480 DE
1621 421 2193 484 RESURRECTIOXE
2231 427 2501 486 CARNIS.

3393 433 3493 489 ⁵194

1985 545 2152 598 carnis
2203 563 2232 596 a
2257 544 2473 600 Domino
2504 547 2705 615 proprie
2728 547 3024 618 signiﬁcari,
3057 555 3311 617 totumque
3339 550 3500 602 homi-

1983 655 2092 691 nem
2135 655 2239 692 esse
2278 658 2308 692 a
2354 639 2457 692 Deo
2507 642 2822 706 elevandum,
2875 659 3018 710 quem
3065 641 3298 697 diabolus
3343 652 3498 699 totum

1981 729 2128 783 elisit.
2161 729 2290 800 Cap.
2319 731 2556 787 xxxrv.

1914 820 2192 892 Utrumque
2213 825 2424 892 proponi
2447 841 2629 895 corpus
2656 834 2704 880 et
2723 827 2944 880 animam
2970 827 3203 882 distincte
3226 827 3294 881 ad
3318 828 3503 898 gehen-

1983 933 2101 970 nam
2130 926 2174 970 et
2196 919 2264 971 ad
2287 919 2438 972 vitam
2469 929 2728 973 aeternam.
2761 918 2892 990 Cap.
2923 919 3140 974 XXXV.

1911 1005 2047 1061 lliuc
2128 1009 2374 1080 susdeque
2455 1013 2663 1064 vertitur
2740 1011 3145 1066 Sadductvorum
3231 1015 3495 1070 sententia.

1980 1101 2108 1172 Cap.
2130 1101 2368 1158 XXXVI.

1913 1195 2214 1265 Quanquam
2238 1197 2366 1251 adeo
2394 1213 2598 1251 carnem
2627 1196 2858 1252 Christus
2883 1197 3020 1251 dicat
3062 1198 3191 1252 nihil
3224 1201 3462 1271 prodesse
3481 1242 3493 1264 ,

1980 1305 2042 1343 ea:
2089 1293 2295 1344 materia
2339 1289 2461 1344 dicti
2519 1306 2720 1345 sensum
2769 1307 2874 1345 esse
2939 1290 3280 1361 dirigendum.
3366 1291 3496 1360 Cap.

1981 1382 2245 1438 XXXVII.

1914 1474 2158 1540 Maxime,
2188 1493 2302 1530 cum
2332 1477 2480 1530 etiam
2505 1478 2654 1548 factis
2691 1487 2914 1532 mortuos
2954 1478 3322 1544 resuscitando,
3355 1482 3498 1550 futu-

1980 1587 2089 1622 ram
2118 1571 2527 1624 resurrectionem
2549 1571 2870 1642 signiﬁcarit.
2898 1570 3026 1642 Cap.
3061 1570 3348 1626 XXXVIII.

1913 1662 2344 1718 Resurrectionem
2382 1679 2574 1732 quoque
2613 1663 3020 1730 Apostolicorum
3049 1664 3281 1718 Actorum
3313 1666 3501 1718 instru-

1983 1768 2147 1811 menta
2169 1757 2360 1812 testari.
2389 1757 2517 1826 Cap.
2550 1755 2792 1811 XXXIX.

1919 1849 2193 1920 Perperam
2246 1849 2456 1916 proinde
2493 1865 2586 1903 suo
2639 1850 2786 1903 etiam
2815 1865 2950 1902 more
2993 1850 3203 1904 haereses
3228 1865 3319 1921 pro
3349 1865 3401 1903 se
3425 1850 3504 1902 in-

1985 1944 2247 2011 terpretari
2305 1943 2592 1996 interiorem
2635 1952 2681 1996 et
2715 1942 3010 1995 exteriorem
3044 1941 3321 2010 hominemi,
3359 1941 3505 2012 quasi

1983 2053 2071 2107 per
2096 2035 2466 2105 corruptionem
2492 2076 2505 2097 ,
2548 2036 2808 2087 exterioris
2839 2033 3004 2086 carnis
3034 2032 3374 2101 corruptelam
3419 2032 3506 2083 in-

1986 2128 2195 2198 telligat.
2229 2125 2359 2195 Cap.
2392 2125 2503 2180 XL.

1914 2218 2079 2274 Sicuti
2133 2221 2283 2272 etiam
2325 2217 2454 2272 illud
2511 2218 2574 2271 de
2622 2219 2771 2272 domo
2829 2217 3141 2272 tabernaculi
3191 2216 3350 2271 nostri
3395 2225 3507 2285 quae

1984 2311 2293 2364 dissolvitur.
2322 2309 2450 2378 Cap.
2484 2309 2618 2363 XLI.

1916 2401 2021 2457 Sed
2045 2402 2292 2455 demutari
2320 2401 2568 2454 duntaxat
2598 2402 2866 2464 cadavera,
2899 2417 3002 2454 nou
3038 2407 3198 2453 morte
3237 2399 3507 2463 devorari;

1984 2510 2097 2548 cum
2124 2497 2384 2564 gigantum
2428 2491 2895 2561 antiquissimorum
2923 2501 3083 2544 crates
3114 2491 3280 2543 adhuc
3325 2505 3508 2555 super-

1983 2588 2104 2650 sint,
2131 2587 2277 2639 sicuti
2302 2587 2452 2638 etiam
2469 2586 2656 2639 dixerit
2680 2585 2869 2637 Auctor
2889 2583 3030 2636 alibi.
3081 2580 3210 2651 Cap.
3242 2579 3399 2634 XLII.

1917 2679 2094 2749 Neque
2115 2695 2232 2733 vero
2273 2679 2420 2731 etiam
2465 2678 2917 2747 peregrinationem
2957 2695 2987 2728 a
3032 2691 3241 2745 corpore
3271 2691 3362 2745 pro
3388 2675 3510 2744 ipsis

1985 2773 2172 2842 facere.
2205 2772 2340 2840 quod
2369 2771 2525 2824 addat
2558 2770 2849 2840 Apostolus,
2900 2778 3160 2839 reportare
3203 2766 3381 2820 debere
3423 2782 3511 2837 per

1983 2880 2164 2934 corpus
2193 2863 2468 2917 secundum
2508 2877 2619 2932 qua:
2667 2861 2816 2931 gessit
2868 2859 2999 2929 quis,
3049 2859 3231 2912 bonum
3257 2858 3358 2912 sive
3397 2871 3507 2910 tua.

1985 2957 2108 3008 lum.
2142 2955 2269 3023 Cap.
2299 2951 2482 3006 XLIII.

1916 3044 2042 3099 Item
2065 3046 2212 3098 etiam
2230 3046 2347 3098 inde
2367 3043 2502 3114 quod
2519 3043 2650 3096 dicat
2677 3057 2693 3095 :
2737 3040 2900 3094 Vitam
2928 3039 2958 3094 J
2966 3057 3051 3095 esu
3082 3040 3509 3110 manifestandam

1984 3141 2037 3193 in
2063 3155 2287 3207 corpore.
2323 3137 2454 3207 Cap.
2487 3136 2669 3192 XLIV.

1916 3231 2028 3286 Alia
2049 3232 2444 3285 ctiamctecitate
2468 3245 2551 3283 eos
2578 3230 2854 3300 impingere
2879 3228 2929 3280 in
2984 3236 3189 3281 veterem
3235 3235 3281 3280 et
3328 3240 3510 3279 novum

1984 3324 2255 3377 hominem.
2285 3322 2416 3393 Cap.
2449 3320 2608 3375 XLV.

1917 3415 2079 3471 Sicuti
2107 3418 2236 3470 idem
2264 3416 2537 3482 Apostolus
2563 3429 2767 3468 carnem
2783 3413 3026 3467 damnare
3047 3411 3272 3466 rideatur
3295 3429 3312 3477 ;
3339 3411 3508 3466 carnis

1986 3525 2137 3580 Opera
2167 3511 2426 3564 danmare.
2477 3510 2608 3578 Cap.
2645 3508 2824 3563 XLVI.

1916 3604 2069 3658 Carni
2098 3606 2231 3657 enim
2261 3605 2474 3658 salutem
2501 3606 2868 3674 repromittere.
2923 3603 3054 3673 Cap.
3079 3601 3291 3657 XLVII.

1914 3699 2239 3768 Apertissime
2267 3698 2498 3769 denique,
2528 3699 2547 3752 1
2585 3699 2700 3753 Cor.
2738 3699 2852 3764 XV,
2882 3701 3294 3753 resurrectionem
3343 3698 3508 3752 carnis

1985 3791 2046 3842 ab
2076 3789 2165 3842 illo
2193 3791 2500 3858 confirmari.
2558 3789 2688 3858 Cap.
2741 3789 2970 3844 XLVIII.

1914 3883 2074 3950 Atque
2091 3882 2220 3935 adeo
2246 3898 2308 3935 ea:
2335 3882 2738 3935 antecedentibus
2762 3882 2886 3936 disci
2905 3924 2918 3944 ,
2948 3881 3087 3952 quali
3108 3882 3397 3936 conditione
3421 3898 3509 3935 ex-

1985 3975 2311 4030 hazredaverit
2333 3994 2363 4028 a
2392 3991 2544 4046 regno
2574 3975 2665 4029 Dei
2687 3991 2890 4029 carnem
2918 3986 2961 4030 ct
2992 3977 3306 4047 sanguinem,
3332 3993 3506 4047 nempe

1983 4071 2150 4122 curuis
2180 4085 2355 4135 opere.
2395 4067 2522 4139 Cap.
2553 4067 2740 4123 XLIX.

1918 4158 2048 4224 lmo,
2081 4162 2278 4214 omissis
2307 4163 2555 4232 ejusmodi
2584 4163 3092 4232 interpretationibus,
3139 4163 3276 4231 ipsas
3312 4178 3507 4233 quoque

1981 4252 2288 4307 substantias
2327 4254 2494 4307 carnis
2519 4262 2564 4307 et
2590 4255 2867 4324 sanguinis,
2899 4271 2996 4309 non
3023 4256 3170 4308 aliter
3193 4271 3344 4322 quam
3366 4265 3502 4322 sunt,

1982 4348 2276 4410 intellectas,
2305 4348 2454 4402 licere
2473 4347 2827 4401 resurrectioni
2854 4347 3128 4400 vindicare.
3159 4346 3290 4416 Cap.
3323 4347 3362 4400 L

1922 4437 2011 4492 Vel
2056 4457 2144 4508 per
2183 4440 2436 4494 Christum
2465 4440 2686 4510 idipsum
2722 4439 2944 4508 probari,
2973 4437 3058 4503 qui
3083 4453 3286 4490 carnem
3312 4447 3358 4492 et
3389 4454 3506 4492 san-

1980 4533 2179 4603 guinem
2206 4548 2372 4585 secum
2412 4533 2598 4587 vexerit
2641 4533 2692 4584 in
2720 4531 2920 4586 caelum.
2971 4529 3101 4599 Cap.
3136 4529 3219 4584 LI.

1915 4623 1979 4677 Et
2017 4640 2152 4689 vero,
2185 4625 2337 4677 etiam
2381 4622 2552 4676 eodem
2583 4639 2795 4689 corpore
2831 4631 3064 4676 venturos
3108 4633 3352 4688 mortuos,
3400 4622 3508 4676 dis~

1833 4732 1882 4792 Ι)
1981 4727 2160 4787 putare
2178 4717 2498 4786 Apostolum.
2541 4715 2670 4785 Cap.
2704 4715 2805 4770 LII.

1911 4806 2089 4878 Neque
2111 4808 2245 4862 enim
2272 4825 2453 4874 corpus
2474 4808 2692 4862 animale
2734 4822 2879 4876 posse
2897 4806 3121 4860 animam
3155 4806 3393 4877 intelligi,
3418 4810 3505 4860 sed

1979 4917 2201 4956 carnem.
2231 4901 2361 4971 Cap.
2394 4900 2524 4955 LIII.

1912 4992 2020 5047 Nec
2041 4993 2208 5058 etiam,
2240 5003 2292 5047 ut
2332 5011 2487 5063 supra
2516 4992 2699 5062 attigit,
2728 5009 2929 5047 carnem
2950 5009 2981 5045 a
3006 4993 3105 5046 vita
3136 4992 3383 5059 devorari,
3417 4993 3504 5046 sed

1977 5086 2031 5138 id
2059 5085 2196 5156 quod
2224 5087 2276 5139 in
2303 5102 2361 5140 ea
2388 5087 2597 5140 mortale
2621 5095 2711 5138 est.
2744 5083 2871 5155 Cap.
2906 5085 3036 5139 LIV.

1907 5175 2064 5230 Aliud
2107 5179 2313 5247 insuper
2365 5195 2470 5233 esse
2512 5179 2922 5244 demutationem,
2977 5177 3120 5230 aliud
3171 5177 3506 5249 perditionem

1974 5272 2159 5325 carnis.
2184 5270 2294 5343 Cap
2336 5273 2442 5327 LV.

1903 5361 2104 5434 Alioqui
2152 5363 2428 5418 absurdum
2491 5381 2598 5419 esse
2627 5405 2643 5430 ,
2691 5364 2847 5418 aliam
2903 5363 3275 5425 substantiam,
3328 5378 3505 5432 nempe

1973 5457 2158 5518 carnis,
2189 5460 2428 5527 aperari;
2470 5458 2646 5523 aliam,
2678 5473 2852 5526 nempe
2883 5457 3087 5520 animm,
3134 5456 3358 5509 mercede
3399 5454 3503 5507 dis-

1979 5555 2153 5618 pungi.
2187 5550 2315 5619 Cap.
2344 5549 2472 5603 LVI.

1909 5639 2154 5710 Oportere
2180 5645 2327 5694 etiam
2355 5642 2762 5697 resurrectionem
2790 5643 3037 5712 integram
3059 5641 3284 5707 credere,
3318 5638 3503 5711 Scrip-

1977 5733 2102 5787 turis
2130 5733 2182 5785 id
2203 5733 2584 5803 afﬁrmantibus.
2612 5733 2739 5804 Cap.
2777 5733 2927 5788 LVII.

1906 5825 1972 5882 Et
2002 5843 2203 5879 carnem
2224 5840 2392 5896 itaque
2414 5836 2460 5880 et
2484 5828 2730 5891 animam,
2759 5828 3054 5881 sententiam
3075 5823 3256 5880 salutis
3282 5833 3368 5878 aut
3393 5841 3502 5895 pte-

1975 5936 2053 5974 na'
2083 5921 2376 5975 subituram.
2403 5921 2535 5990 Cap.
2570 5919 2753 5976 LVIII.
