4250 6494
216 422 324 481 793

218 543 372 611 Quod
398 541 612 612 denique
637 537 918 606 Scripturis
943 536 1372 591 caroillustretur.
1406 535 1536 602 Cap.
1570 535 1633 589 X.

218 635 399 704 Neque
450 651 564 688 vero
627 631 717 685 Dei
768 631 1041 702 potentiam
1105 629 1343 682 excedere
1403 629 1812 682 resurrectione»:

287 729 474 782 carnis.
514 725 645 795 Cap.
675 723 764 778 XI.

216 822 417 876 Divina,
458 822 590 875 enim
643 820 875 889 potentia:
912 817 1199 886 exemplum
1225 832 1329 871 esse
1377 816 1478 868 diei
1526 832 1587 867 ac
1614 815 1809 879 noctis,

289 914 483 984 hgemis
535 923 580 968 et
609 913 830 978 testatis,
872 912 999 966 veris
1045 927 1105 964 ac
1147 910 1376 963 autumni
1423 910 1810 964 vicissitudines.

286 1009 418 1076 Cap.
451 1006 567 1061 XII.

215 1101 511 1155 Phtenicem
541 1100 715 1164 etiam,
747 1097 966 1152 Orientis
993 1096 1186 1158 alitem,
1205 1095 1290 1165 qui
1319 1095 1641 1164 semetipsum
1667 1095 1811 1165 fune~

287 1210 408 1246 rans
439 1200 664 1246 renovat.
715 1190 844 1258 Cap.
879 1187 1016 1243 XIII.

213 1287 369 1351 Atqui
405 1295 448 1337 et
491 1299 723 1337 caussam
759 1280 1091 1334 restitutionis
1139 1278 1306 1331 carnis
1355 1277 1585 1331 idoneam
1616 1277 1816 1332 subesse

288 1375 385 1428 Dei
405 1376 456 1428 in
480 1375 608 1427 bona
635 1372 1004 1427 remunerando
1032 1380 1076 1424 et
1103 1369 1238 1422 malo
1259 1367 1514 1438 puniendo
1532 1367 1809 1438 judicium.

285 1465 418 1535 Cap.
466 1463 604 1518 xw.

211 1560 344 1612 Cum
382 1560 515 1613 enint
540 1572 807 1626 operarum
847 1558 975 1607 inter
998 1570 1050 1607 se
1078 1553 1250 1606 anima
1289 1562 1335 1606 et
1377 1569 1495 1606 caro
1527 1555 1814 1607 societatem

284 1653 503 1705 habeant
522 1695 536 1716 ,
564 1659 795 1717 aportere
820 1651 990 1707 etiam,
1022 1655 1112 1699 aut
1137 1661 1318 1712 paena,
1348 1657 1435 1699 aut
1463 1647 1643 1717 gratite
1671 1663 1812 1701 com-

285 1746 546 1799 municare
579 1743 876 1797 mercedem.
906 1739 1038 1810 Cap.
1086 1739 1199 1794 XV.

215 1837 338 1891 Etsi
396 1839 528 1891 enim
595 1850 687 1890 vas
724 1835 916 1888 animm
966 1849 1086 1886 caro
1137 1832 1458 1902 appelletur,
1505 1849 1604 1887 non
1651 1843 1816 1888 tamen

285 1941 554 2000 prapterea
585 1971 601 1993 ,
658 1945 757 1981 non
809 1936 854 1980 et
931 1926 1121 1980 meritis
1193 1927 1380 1980 animas
1418 1927 1810 1983 communicare.
1847 1939 1892 1998 Β

287 2022 420 2090 Cap.
471 2020 610 2075 XVI.

211 2116 379 2185 Atque
422 2115 569 2181 adeo,
599 2129 712 2166 cum
738 2111 924 2166 anima:
963 2115 1098 2181 facta
1123 2127 1212 2181 per
1231 2127 1434 2166 carnem
1460 2112 1814 2166 administreno

288 2221 408 2271 tur,
441 2224 540 2260 non
575 2207 798 2276 stt/ficere
840 2205 1061 2258 animam
1099 2205 1256 2272 foveri
1297 2215 1382 2258 aut
1422 2206 1660 2273 cruciari,
1710 2209 1818 2261 sine

287 2319 464 2365 carne,
498 2317 588 2370 pro
636 2299 870 2368 operibus
905 2299 1092 2352 carnis.
1123 2296 1253 2368 Cap.
1285 2298 1446 2353 XVII.

215 2393 421 2449 Deinde
457 2393 596 2463 apud
620 2408 791 2446 onmes
821 2392 1040 2444 edictum
1074 2389 1164 2442 Dei
1205 2391 1455 2460 pendere:
1485 2394 1814 2447 resurrectio-

289 2504 402 2539 nem
454 2494 787 2539 mortuorum.
842 2482 971 2552 Cap.
1003 2481 1192 2536 XVIII.

215 2577 390 2644 Quam
446 2577 652 2648 quidam
697 2577 826 2629 male
872 2577 924 2628 in
987 2575 1343 2644 imaginariam
1395 2575 1816 2646 signiﬁcationem

287 2673 619 2741 distorquent.
648 2669 778 2740 Cap.
821 2668 964 2724 XIX.

216 2760 342 2817 Non
378 2763 550 2816 omnia
579 2763 711 2816 enim
753 2763 1026 2833 prophetas
1058 2778 1147 2831 per
1174 2763 1420 2831 imagines
1450 2762 1814 2826 concionatos;

291 2868 398 2908 tum
437 2856 592 2924 quod,
639 2857 681 2910 si
731 2857 902 2909 omnia
937 2857 1148 2927 ﬁgurae,
1193 2856 1318 2920 quid
1363 2858 1458 2910 erit
1511 2854 1642 2908 illud
1669 2857 1816 2924 cujus

287 2948 509 3018 ﬁgnrte?
533 2957 637 3000 tum
657 2946 793 3015 quod
817 2947 869 3000 in
899 2945 1068 3015 ipsunt
1096 2945 1354 3000 Christum
1379 2946 1660 3016 insigniora
1683 2961 1818 3015 qua:-

287 3058 387 3110 quc
435 3043 544 3094 luce
585 3041 776 3094 clarius
796 3082 810 3108 ,
835 3056 968 3104 vere,
997 3056 1097 3094 non
1124 3041 1340 3112 ﬁgurate
1359 3080 1374 3104 ,
1399 3039 1672 3110 adimpleta
1694 3039 1813 3092 sint.

285 3133 419 3201 Cap.
454 3131 572 3186 XX.

220 3223 316 3278 Tot
344 3241 537 3294 quoque
559 3239 666 3278 esse
693 3225 1024 3279 instrumenta
1058 3227 1249 3293 divina,
1273 3227 1342 3279 ita
1378 3235 1550 3296 aperte
1573 3238 1815 3294 corpora-

289 3320 388 3371 lent
415 3321 746 3373 contestantia
771 3321 1221 3387 resurrectionem,
1251 3330 1304 3375 ut
1325 3321 1520 3375 nullam
1542 3319 1814 3372 admittant
1842 3326 1886 3388 ρ

291 3413 528 3480 ﬁgurata:
551 3412 908 3481 signiﬁcantia:
931 3415 1287 3483 suspicionem.
1328 3413 1458 3483 Cap.
1490 3411 1630 3467 XXI.

217 3499 608 3570 Respiciendum
623 3519 729 3558 esse
756 3505 968 3575 denique
989 3507 1058 3559 ad
1085 3507 1202 3560 illas
1234 3506 1551 3575 Scripturas,
1582 3520 1696 3575 qua:
1716 3520 1818 3557 non

292 3594 463 3646 sinunt
513 3596 744 3659 credere,
772 3597 1182 3650 resurrectionem
1220 3608 1307 3651 aut
1346 3600 1462 3668 jam
1486 3602 1700 3670 factam,
1729 3608 1817 3651 aut

290 3686 354 3739 ttb
385 3703 588 3740 excessu
609 3689 775 3741 statim
803 3690 917 3742 vita:
937 3690 1065 3757 ﬁeri.
1112 3689 1240 3759 Cap.
1275 3689 1438 3743 XXII.

223 3779 334 3834 Etsi
365 3791 532 3834 autem
575 3782 862 3853 Apostolus,
912 3783 982 3834 ad
1016 3782 1360 3847 Colossenses,
1409 3781 1707 3852 spiritaliter
1725 3797 1816 3834 nos

291 3875 612 3929 resuscitatos
632 3877 766 3928 dicat
797 3919 812 3940 ,
845 3891 946 3929 non
971 3892 1156 3946 negare
1175 3885 1366 3943 tamen,
1388 3877 1537 3931 etiam
1575 3892 1815 3946 corpora-

291 3967 406 4018 liter
432 3975 814 4021 resurrecturos.
864 3966 993 4037 Cap.
1019 3967 1203 4021 XXIII.

223 4059 429 4129 Quippe
477 4076 592 4113 cum
618 4061 745 4129 ipse,
781 4060 1024 4128 Epistolis
1051 4063 1158 4117 suis
1206 4063 1272 4115 ad
1321 4062 1811 4128 Tltessalonicenses,

291 4155 705 4207 resurrectionem
733 4165 905 4224 aperte
929 4155 1211 4224 conﬁrmet.
1242 4154 1370 4226 Cap.
1406 4153 1596 4209 XXIV.

219 4244 285 4298 In
321 4245 628 4316 Apocalypsi
653 4247 884 4300 similiter
910 4245 1149 4314 Joannis,
1186 4248 1296 4317 ipsa
1322 4257 1548 4317 tempora
1592 4263 1814 4302 resurre-

289 4337 470 4390 ctionis
497 4335 732 4390 indicari.
769 4336 897 4406 Cap.
931 4336 1098 4390 XXV.

220 4431 358 4496 Quid
385 4429 411 4482 1'
443 4429 576 4496 quod
613 4428 758 4484 liceat
784 4429 934 4484 etiam
959 4430 1272 4498 corporalem
1312 4432 1724 4483 resurrectionem
1754 4430 1816 4485 de

290 4523 574 4590 patrocinio
628 4523 835 4593 ﬁgurati
903 4521 1091 4590 eloquii
1163 4520 1446 4590 prophetici
1533 4521 1808 4574 vindicare.

287 4613 417 4685 Cap.
452 4612 638 4668 xxw.

217 4708 352 4762 Tum
381 4719 546 4774 terrae,
573 4719 676 4761 tum
697 4709 1100 4762 vestimentorum
1125 4709 1345 4762 nomine.
1367 4707 1500 4776 Cap.
1519 4705 1736 4761 XXVII.

217 4802 355 4866 Ima,
385 4803 511 4855 sicut
549 4800 770 4869 vocibus,
796 4803 866 4855 ita
908 4811 953 4854 et
995 4803 1140 4855 rebus
1169 4817 1229 4854 ac
1273 4802 1422 4870 lactis
1452 4801 1810 4871 prophetatam

291 4896 730 4948 resurrectionem.
773 4891 902 4964 Cap.
924 4891 1113 4947 XXIII.

217 4985 689 5050 Manifestissimam
727 4984 941 5056 denique
968 5001 1074 5039 esse
1104 4985 1166 5039 de
1207 4984 1383 5040 eodeni
1412 4984 1693 5040 Ezechielis
1719 4985 1808 5039 de-

287 5079 709 5134 terminationem.
763 5079 894 5150 Cap.
941 5077 1132 5133 XXIX.

213 5170 447 5241 Eamque
497 5173 684 5234 taleas,
735 5180 788 5224 ut
839 5173 1052 5241 ﬁgurate
1082 5181 1172 5224 aut
1215 5171 1484 5242 allegorice
1522 5186 1621 5224 non
1649 5171 1807 5240 possit

283 5265 334 5317 in
357 5264 514 5335 elligi.
556 5262 685 5334 Cap.
715 5262 882 5318 XXX.

210 5359 339 5412 Cum
364 5357 479 5412 aliis
510 5373 706 5428 quoque
732 5357 1016 5428 manifestis
1061 5357 1419 5428 prophetarum
1457 5356 1694 5426 probetur
1734 5367 1807 5412 te-

284 5453 555 5506 stinsoniis.
582 5452 710 5521 Cap.
736 5449 928 5505 XXXI.

213 5547 390 5617 lisque
410 5546 736 5618 ejuscemodi,
764 5546 943 5618 quibus
980 5545 1289 5615 praedicatur
1341 5545 1490 5596 etiant
1536 5559 1808 5612 corporum

284 5640 653 5710 insepultorum
698 5641 1016 5694 resurrectio.
1066 5638 1195 5708 Cap.
1229 5636 1446 5692 XXXII.

213 5733 383 5788 Porro
429 5734 580 5786 etiam
623 5735 679 5786 in
722 5730 1034 5803 Evangeliis,
1077 5747 1177 5784 non
1214 5731 1385 5784 omnia
1410 5729 1463 5782 in
1490 5728 1748 5799 parabolis
1777 5744 1808 5781 a

286 5825 510 5880 Domino
537 5826 882 5896 pronuntiata.
911 5821 1042 5894 Cap.
1068 5819 1307 5877 XXXIII.

215 5918 333 5972 lmo
381 5918 434 5972 in
467 5918 605 5972 omni
647 5915 1024 5971 resurrectionis
1065 5915 1334 5981 mentione,
1389 5910 1804 5984 corporalitatem

1255 415 1461 474 LIBER
1504 416 1590 473 DE
1628 414 2200 477 RESURRECTIONE
2238 420 2508 480 CARNIS.

1845 543 1892 596 Α

3400 426 3500 482 794

1993 539 2160 592 carnis
2210 555 2240 590 η
2264 537 2480 592 Domino
2511 540 2712 609 proprie
2735 540 3031 612 signiﬁcari,
3065 549 3318 610 totumque
3347 543 3506 595 homi-

1990 648 2099 684 nem
2143 648 2247 685 esse
2285 651 2316 686 a
2361 633 2464 686 Deo
2514 635 2829 699 elevandum,
2882 652 3025 704 quent
3073 635 3305 690 diabolus
3350 647 3504 692 totum

1987 722 2135 776 elisit.
2168 722 2297 794 Cap.
2327 724 2564 780 XXXIV.

1921 813 2199 885 Utrumque
2221 818 2431 885 proponi
2455 834 2636 888 corpus
2663 827 2711 873 et
2730 820 2951 872 animam
2977 821 3210 874 distincte
3233 820 3300 874 ad
3325 821 3509 891 gehen-

1989 927 2109 963 nam
2137 919 2182 963 et
2203 911 2271 964 ad
2295 911 2446 966 vitam
2475 922 2735 966 wlernam.
2769 912 2899 983 Cap.
2931 912 3147 967 XXXV.

1919 999 2054 1054 llinc
2136 1002 2381 1072 susdeque
2462 1005 2670 1058 vertitur
2747 1004 3152 1059 Sadductvorum
3239 1008 3502 1063 sententia.

1987 1094 2115 1164 Cap.
2137 1093 2375 1150 xxxvn.

1920 1188 2221 1258 Quanquam
2245 1190 2374 1244 adeo
2401 1207 2606 1244 carnem
2635 1189 2865 1245 Christus
2891 1189 3028 1244 dicat
3069 1191 3198 1245 nihil
3231 1194 3468 1264 prodesse
3487 1235 3500 1257 ,

1987 1297 2049 1335 ex
2096 1285 2302 1336 materia
2347 1282 2468 1336 dicti
2526 1299 2727 1338 sensum
2776 1299 2881 1337 esse
2946 1283 3287 1354 dirigendum.
3373 1283 3503 1352 Cap.

1988 1375 2252 1431 XXXVII.

1923 1467 2166 1532 Maxime,
2195 1486 2309 1523 cum
2339 1470 2488 1523 etimn
2513 1471 2662 1541 factis
2698 1480 2922 1525 mortuos
2961 1471 3329 1537 resuscitando,
3362 1475 3506 1542 futu-

1988 1579 2097 1615 rant
2125 1565 2534 1618 resurrectionem
2557 1564 2877 1635 signiﬁcarit.
2905 1563 3033 1634 Cap.
3067 1563 3354 1618 XXXVIII.

1921 1655 2351 1710 Resurrectionem
2389 1673 2582 1725 quoque
2619 1656 3027 1724 Apostolicorum
3055 1656 3288 1710 Actorum
3320 1658 3507 1710 instrn-

1990 1761 2154 1804 menta
2176 1750 2368 1804 testari.
2397 1749 2524 1819 Cap.
2557 1748 2799 1804 XXXIX.

1927 1843 2201 1912 Perperam
2253 1842 2463 1908 proinde
2500 1859 2593 1896 suo
2646 1843 2794 1896 etiam
2823 1858 2957 1894 more
3000 1843 3209 1896 haereses
3234 1858 3326 1914 pro
3355 1858 3408 1895 se
3431 1843 3511 1894 iu-

1992 1937 2254 2004 terpretari
2312 1936 2598 1989 interiorem
2642 1945 2688 1989 et
2723 1934 3017 1987 exteriorem
3050 1934 3327 2001 hominem},
3366 1934 3511 2004 quttsi

1991 2045 2079 2100 per
2103 2028 2474 2098 corruptionem
2499 2069 2512 2089 ,
2555 2028 2814 2080 exterioris
2846 2025 3011 2078 carnis
3041 2025 3381 2094 corruptelam
3426 2025 3512 2076 in-

1993 2121 2203 2191 telligat.
2237 2118 2367 2188 Cap.
2399 2118 2510 2172 XL.

1922 2211 2087 2268 Sicuti
2141 2213 2291 2264 etiam
2333 2210 2462 2264 illud
2519 2211 2581 2264 de
2629 2212 2778 2264 donto
2835 2209 3148 2264 tabernaculi
3199 2209 3358 2263 nostri
3401 2219 3514 2278 quae

1991 2305 2302 2358 dissolvitur.
2330 2301 2458 2371 Cap.
2492 2302 2626 2356 XLI.

1923 2394 2028 2450 Sed
2053 2395 2300 2448 demutari
2327 2395 2575 2448 duntaxat
2605 2395 2872 2458 cadavera,
2907 2409 3009 2446 non
3044 2400 3205 2446 morte
3244 2391 3514 2455 devorari;

1991 2504 2104 2541 cum
2133 2490 2392 2558 gigantum
2435 2485 2902 2554 antiquissimorum
2929 2493 3090 2536 crates
3121 2483 3288 2536 adhuc
3333 2498 3514 2547 super-

1990 2582 2112 2645 sint,
2138 2581 2285 2633 sicuti
2310 2580 2460 2632 etiam
2477 2579 2662 2632 dixerit
2687 2578 2876 2630 Auctor
2895 2576 3037 2630 alibi.
3088 2573 3218 2644 Cap.
3249 2572 3406 2627 XLII.

1925 2673 2101 2743 Neque
2123 2689 2240 2727 vero
2281 2673 2428 2725 ctiant
2473 2671 2923 2741 peregrinationem
2964 2687 2994 2721 a
3039 2685 3248 2738 corpore
3278 2683 3368 2738 pro
3395 2667 3517 2737 ipsis

1992 2767 2180 2836 facere.
2213 2765 2348 2834 quod
2377 2765 2532 2817 addat
2566 2763 2856 2834 Apostolus,
2907 2771 3168 2833 reportare
3209 2760 3388 2813 debere
3430 2775 3518 2830 per

1991 2875 2172 2928 corpus
2200 2856 2475 2910 secundum
2515 2870 2626 2924 qua:
2675 2854 2822 2925 gessit
2875 2853 3006 2922 quis,
3056 2852 3238 2906 bonum
3263 2851 3365 2905 sive
3405 2865 3514 2902 nta-

1993 2951 2116 3002 lttm.
2149 2949 2276 3016 Cap.
2307 2944 2490 3000 XLIII.

1924 3038 2050 3093 Item
2072 3041 2220 3091 etiam
2238 3039 2354 3092 inde
2374 3037 2508 3108 quod
2526 3036 2657 3089 dicat
2683 3051 2700 3089 :
2744 3034 2907 3088 Vitam
2935 3033 3058 3088 Jesu
3089 3033 3516 3104 manifestandam

1993 3135 2294 3200 incorpore.
2330 3131 2461 3201 Cap.
2495 3129 2676 3185 XLIV.

1923 3225 2036 3280 Alia
2057 3225 2206 3278 etiam
2227 3225 2451 3278 cwcitate
2476 3239 2558 3276 eos
2585 3223 2861 3293 impingere
2886 3221 2936 3274 in
2991 3229 3196 3274 veterem
3241 3227 3288 3272 et
3335 3233 3516 3272 novum

1992 3317 2262 3370 haminem.
2293 3315 2424 3386 Cap.
2457 3313 2616 3369 XLV.

1925 3408 2088 3464 Sicuti
2114 3411 2244 3462 idem
2271 3409 2544 3475 Apostolus
2571 3423 2774 3461 carnem
2790 3406 3033 3460 danmare
3053 3405 3278 3459 rideatur
3301 3422 3318 3470 ;
3345 3405 3514 3460 carnis

1993 3519 2145 3572 Opera
2175 3505 2434 3557 damnare.
2485 3502 2616 3572 Cap.
2653 3501 2832 3556 XLVI.

1923 3597 2077 3651 Carni
2105 3599 2238 3650 enim
2268 3598 2482 3651 salutem
2509 3599 2875 3667 reprontittere.
2930 3595 3061 3665 Cap.
3085 3593 3297 3650 XLVII.

1921 3692 2246 3761 Apertissime
2275 3692 2506 3762 deniqtte,
2536 3692 2554 3745 I
2593 3691 2708 3746 Cor.
2746 3691 2860 3756 XV,
2889 3694 3301 3746 resurrectionem
3349 3691 3514 3745 carnis

1993 3783 2054 3835 ab
2083 3783 2172 3835 illo
2200 3783 2507 3851 conﬁrmari.
2566 3783 2696 3851 Cap.
2748 3782 2978 3837 XLVIII.

1921 3875 2081 3943 Atque
2099 3875 2227 3929 adeo
2253 3891 2316 3928 ex
2343 3875 2746 3928 antecedentibus
2769 3875 2893 3928 disci
2913 3917 2925 3937 ,
2955 3874 3095 3944 quali
3115 3875 3403 3929 conditione
3428 3891 3515 3928 ex-

1993 3968 2318 4023 bteredaverit
2341 3987 2371 4021 a
2400 3985 2552 4038 regno
2582 3968 2672 4022 Dei
2695 3985 2896 4021 carnem
2925 3979 2969 4022 et
3000 3970 3314 4040 sanguinem,
3339 3986 3512 4039 nempe

1990 4064 2157 4115 carnis
2187 4079 2362 4128 opere.
2402 4061 2529 4132 Cap.
2562 4061 2748 4116 XLIX.

1925 4151 2055 4217 lnto,
2088 4155 2286 4207 omissis
2314 4156 2562 4226 ejusmodi
2591 4155 3100 4225 interpretationibus,
3147 4156 3282 4224 ipsas
3318 4171 3514 4226 quoque

1989 4245 2296 4300 substantias
2334 4247 2501 4300 carnis
2527 4255 2572 4300 et
2597 4249 2874 4316 sanguinis,
2907 4264 3004 4302 non
3031 4249 3177 4300 aliter
3201 4264 3351 4314 quam
3372 4258 3509 4316 sunt,

1989 4341 2284 4402 intellectas.
2313 4341 2462 4394 licere
2481 4340 2835 4393 resurrectioni
2862 4339 3135 4393 vindicare.
3167 4339 3298 4409 Cap.
3330 4339 3370 4392 I.

1930 4431 2018 4485 Vel
2063 4449 2152 4500 per
2191 4432 2445 4487 Christum
2474 4432 2694 4502 idipsum
2730 4432 2952 4501 probari,
2980 4429 3065 4496 qui
3090 4447 3294 4483 carnem
3319 4439 3366 4484 et
3396 4446 3512 4484 san-

1988 4526 2187 4596 guinem
2213 4541 2380 4578 secum
2419 4525 2606 4580 vexerit
2648 4525 2700 4577 in
2728 4524 2928 4578 (celum.
2978 4521 3109 4592 Cap.
3144 4522 3226 4576 LI.

1923 4615 1986 4670 Et
2025 4633 2159 4682 vero,
2193 4617 2344 4670 etiam
2389 4615 2560 4669 eodem
2591 4631 2802 4682 corpore
2839 4624 3071 4668 venturos
3116 4625 3360 4680 mortuos,
3408 4614 3516 4668 dis-

1841 4726 1890 4785 ι)
1989 4720 2167 4780 putare
2186 4710 2506 4778 Apostolum.
2550 4709 2678 4778 Cap.
2711 4708 2813 4763 LII.

1919 4799 2097 4871 Neque
2119 4801 2252 4854 enint
2280 4817 2461 4868 corpus
2482 4801 2700 4854 animale
2743 4816 2886 4870 posse
2904 4800 3128 4854 animam
3162 4799 3402 4870 intelligi,
3425 4802 3512 4852 sed

1987 4911 2208 4949 carnem.
2239 4895 2368 4965 Cap.
2401 4893 2531 4949 LIII.

1921 4985 2029 5040 Nec
2050 4987 2217 5053 etiam,
2247 4997 2300 5042 ut
2340 5006 2494 5057 supra
2523 4986 2707 5057 attigit,
2737 5001 2936 5039 carnem
2957 5002 2988 5038 a
3013 4986 3111 5039 vita
3142 4984 3392 5051 devorari,
3426 4985 3512 5038 sed

1985 5080 2040 5132 id
2068 5080 2204 5150 quod
2233 5081 2284 5134 in
2312 5097 2369 5134 ea
2395 5081 2604 5134 mortale
2628 5088 2719 5132 est.
2752 5076 2879 5148 Cap.
2914 5077 3043 5131 LIV.

1916 5169 2073 5224 Aliud
2116 5173 2321 5240 insuper
2372 5190 2476 5227 esse
2519 5173 2930 5237 demutationem,
2984 5170 3127 5223 aliud
3178 5169 3514 5242 perditionem

1983 5265 2168 5318 carnis.
2193 5264 2302 5334 Cap
2344 5266 2450 5318 LV.

1913 5354 2112 5426 Alioqui
2160 5355 2436 5409 absurdum
2499 5373 2605 5411 esse
2634 5398 2650 5423 ,
2698 5358 2855 5410 aliam
2911 5357 3282 5420 substantiam,
3335 5371 3513 5424 nempe

1982 5449 2166 5509 carnis,
2198 5452 2436 5518 aperari;
2479 5451 2654 5514 aliam,
2686 5466 2860 5519 nempe
2891 5451 3094 5514 animae,
3141 5450 3365 5503 mercede
3406 5447 3512 5500 dis-

1987 5546 2161 5610 pungi.
2195 5541 2324 5610 Cap.
2352 5539 2481 5594 LVI.

1917 5630 2163 5701 Oportere
2188 5637 2336 5686 etiam
2363 5634 2770 5688 resurrectionem
2798 5635 3044 5704 integram
3067 5633 3292 5698 credere,
3326 5631 3510 5704 Scrip-

1986 5726 2111 5779 tnris
2139 5726 2190 5778 id
2212 5725 2594 5794 aﬁirmantibus.
2621 5725 2749 5797 Cap.
2785 5725 2935 5781 LVII.

1915 5817 1980 5874 Et
2011 5835 2212 5872 carnent
2233 5832 2401 5888 itaque
2423 5829 2470 5872 et
2494 5821 2738 5883 animant,
2768 5821 3062 5874 sententiam
3084 5817 3264 5873 salutis
3290 5826 3376 5872 aut
3401 5833 3509 5888 ptu-

1983 5929 2062 5967 na'
2091 5914 2386 5968 subituram.
2413 5913 2545 5983 Cap.
2580 5912 2762 5968 LVIII.
