4250 6494
707 399 814 457 795

2089 410 2549 471 TERTULIJANI

3902 423 4027 484 798

706 512 772 568 In
802 531 906 571 a'co
948 519 1121 589 futuro
1160 519 1318 576 aliaat
1348 538 1446 577 non
1490 523 1601 594 {ore
1654 524 2032 596 dispositionem
2084 528 2302 581 [taminia
2339 534 2376 589 Α
2412 532 2690 586 meabilem
2724 532 3027 599 afﬁrmant;
3060 536 3157 590 etsi
3188 551 3290 591 non
3336 536 3386 591 in
3421 537 3605 593 eadem
3632 580 3645 602 ,
3680 539 3782 594 etsi
3811 556 3925 595 non
3961 543 4024 594 iu

776 611 948 677 thtttl
971 613 1321 670 substantiam.
1373 615 1500 685 Cap.
1533 616 1665 671 LIX.

707 698 851 754 Sexu
876 703 1029 756 etiam
1052 714 1096 757 et
1124 707 1363 762 membris
1384 711 1576 762 salvum
1601 710 1850 764 hominem
1872 723 2269 765 resurrecturum
2292 727 2306 775 ;

778 796 869 847 etsi
892 806 1065 852 vacent
1094 816 1125 851 a
1158 800 1319 853 solitis
1346 802 1519 871 ofﬁciis
1548 804 1659 857 vitm
1682 807 1993 858 necessariis.
2025 806 2155 873 Cap.
2192 806 2303 863 LX.

710 886 997 943 l’rwsertiin
1015 908 1129 946 cum
1156 896 1386 965 quwdam
1399 897 1601 951 illorum
1622 898 1803 967 o/Iicia,
1821 898 1998 968 quibus
2015 898 2175 953 Deum
2199 902 2309 953 luu-

780 985 962 1040 tlamus
986 999 1032 1039 et
1060 990 1438 1056 prophetamus,
1476 1008 1773 1046 remansura
1802 993 1936 1056 sint;
1972 1003 2018 1047 et
2060 995 2213 1047 etiam
2253 994 2308 1047 in

779 1076 874 1130 hac
905 1079 1005 1133 vita
1032 1092 1205 1134 vacent
1225 1082 1347 1135 cibis
1360 1084 1560 1154 jejunio
1589 1086 1786 1155 functi;
1812 1094 1856 1139 et
1898 1102 2075 1140 sexum
2103 1106 2133 1140 a
2153 1090 2300 1157 geni-

781 1179 895 1224 tura
918 1172 1196 1227 subducant
1220 1174 1473 1243 spadones
1499 1177 1791 1244 voluntarii,
1823 1188 1867 1231 et
1894 1177 2095 1233 Christo
2144 1182 2304 1233 utari-

782 1272 903 1317 tatae
932 1264 1167 1335 virgines.
1216 1266 1350 1337 Cap.
1389 1267 1523 1323 LXI.

712 1354 935 1412 Futuras
979 1358 1197 1429 denique
1234 1376 1346 1425 nos,
1389 1377 1489 1415 non
1530 1363 1755 1433 angelos,
1802 1364 1890 1417 sed
1928 1364 2058 1418 sicut
2098 1364 2305 1435 angelos

780 1447 899 1508 Dei.
929 1449 1055 1521 Cap.
1082 1451 1244 1508 LXII.

712 1542 962 1608 Quocirca
1000 1545 1267 1609 concludi,
1289 1557 1681 1602 resurrecturum
1727 1565 1953 1613 carnem,
2008 1559 2055 1602 et
2104 1551 2305 1619 quidem

782 1651 1000 1702 omnem,
1046 1646 1093 1691 et
1122 1637 1323 1707 quidem
1348 1640 1532 1710 ipsam,
1565 1650 1612 1694 et
1645 1640 1843 1711 quidem
1871 1642 2136 1713 integrant.
2172 1643 2301 1712 Cap.

1234 1824 1459 1881 CAPUT
1498 1824 1783 1882 PRIMUM.

2420 624 2647 680 humana
2679 629 3080 695 tantummodo;
3114 642 3169 684 ut
3200 630 3521 699 Euphorbus
3543 633 3595 686 in
3623 633 4020 704 Pythagoram,

2425 718 2684 774 Homerus
2712 721 2762 773 in
2795 736 2986 790 pavum
3029 735 3429 779 recenseantur.
3460 723 3619 780 Certe
3656 727 4023 781 recidivatum

2418 812 2607 865 ιιιιξιιπν
2632 815 2965 882 corporalem
2992 817 3504 883 pronuntim'erunt;
3535 818 3868 874 tolerabilius
3890 836 4029 874 mu-

2421 916 2522 958 tata
2571 905 2687 975 (2)),
2738 922 2895 975 quam
2943 918 3132 977 negata
3172 909 3465 977 qualitate:
3520 909 3845 981 (e)_pulsata
3899 912 4027 966 sal.

2418 1005 2522 1050 tem
2561 998 2675 1068 (10)
2699 1038 2714 1063 ,
2749 999 2871 1053 licet
2897 1016 3000 1052 non
3032 999 3170 1053 adita
3194 998 3321 1070 (Η)
3353 1001 3598 1056 veritate.
3649 1002 3717 1056 Ita
3745 1003 4026 1057 smeulmn

2417 1090 2862 1145 resurrectionem
2911 1099 3276 1156 mortuorum,
3320 1106 3421 1147 nec
3468 1107 3593 1148 cum
3630 1105 3807 1162 errat,
3851 1095 4030 1165 igno-

2412 1192 2513 1235 rat.

3028 1275 3256 1333 CAPUT
3311 1275 3373 1331 II.

2506 1366 2575 1439 (Γ)
2629 1366 2684 1423 Si
2732 1381 2860 1423 Vero
2884 1376 2939 1423 et
2974 1368 3114 1438 apud
3146 1369 3309 1424 Deum
3331 1369 3506 1439 aliqua
3544 1379 3685 1426 secta
3714 1380 3829 1437 est,
3877 1370 4027 1441 Epi-

2411 1462 2587 1515 cureis
2618 1460 2785 1529 magis
2829 1459 3003 1515 :d‘tinis
3054 1476 3213 1531 quam
3254 1461 3569 1531 prophetis,
3612 1464 3846 1518 sciemus
3870 1462 4020 1532 quid

2411 1551 2631 1606 audiant
2662 1567 2691 1606 a
2717 1550 2934 1607 Christo
2968 1551 3268 1608 Sadductei.
3326 1553 3544 1609 Christo
3572 1556 3715 1609 enim
3742 1556 3982 1609 serv-aha
4000 1584 4017 1593 -

2415 1654 2518 1709 tur,
2549 1645 2725 1698 omnia
2760 1655 2903 1699 retro
2931 1645 3141 1700 occulta
3172 1644 3375 1700 nudare
3396 1687 3409 1708 ,
3454 1645 3689 1700 dubitata
3733 1646 3982 1716 dirigere
4008 1688 4023 1707 ,

2415 1736 2690 1808 pra-libata
2737 1737 3023 1806 supplere,
3057 1736 3339 1805 praedicata
3384 1746 3806 1807 repraesentare;
3864 1752 4030 1791 mor-

2416 1839 2624 1882 tuorum
2653 1839 2800 1883 certe
2835 1828 3309 1893 resurrectionem,
3339 1842 3446 1882 non
3476 1827 3636 1882 modo
3676 1843 3769 1898 per
3796 1837 4028 1883 semet-

787 1914 865 1988 (a)
896 1916 1110 1971 Fiducia
1132 1916 1579 1984 Clu-istiauorum,
1602 1922 1922 1976 resurrectio
1946 1931 2298 1975 nmrtuorum.
2334 1930 2381 1989 Β
2413 1920 2621 1990 ipsum,
2682 1936 2866 1976 verum
2902 1921 3064 1974 etiam
3104 1920 3156 1975 iu
3200 1920 3492 1990 semetipso
3542 1922 3791 1992 probare.
3844 1920 4019 1975 Nunc

718 2006 813 2062 Illa
839 2005 918 2080 (ι)
948 2009 1235 2065 credentes
1266 2025 1487 2075 smnus;
1536 2011 1637 2066 hoc
1665 2012 1888 2067 credere
1915 2013 2113 2068 veritas
2140 2014 2299 2084 cogit.

720 2098 1014 2155 Veritatem
1043 2102 1182 2156 Deus
1201 2103 1401 2171 aperit;
1427 2102 1519 2157 sed
1546 2102 1733 2171 vulgus
1764 2104 1969 2167 irridet,
1990 2105 2304 2159 exi~timans

716 2190 850 2245 nihil
874 2207 1160 2261 superesse
1189 2204 1308 2262 post
1334 2205 1595 2259 mortem;
1643 2204 1697 2249 et
1725 2206 1900 2250 tamen
1930 2196 2006 2268 (b)
2037 2196 2306 2253 defunctis

718 2296 1030 2354 parentant,
1058 2297 1111 2341 et
1140 2287 1351 2355 quidem
1381 2288 1776 2358 impensissime
1804 2289 2014 2357 cilicio,
2045 2307 2142 2359 pro
2185 2307 2304 2345 mo-

716 2377 865 2432 ribus
890 2392 1099 2444 eorum,
1134 2394 1232 2449 pro
1260 2381 1596 2447 temporibus
1622 2381 2057 2445 esculentormn;
2095 2392 2151 2437 ut
2173 2400 2307 2453 quos

720 2479 919 2540 negant
956 2470 1035 2543 (2)
1066 2473 1269 2527 sentire
1312 2473 1630 2543 quicquam,
1675 2489 1851 2529 escam
1894 2474 1972 2547 (3)
2000 2475 2306 2531 desiderare

717 2572 1044 2631 pra-sumant
1068 2562 1171 2635 (4).
1203 2565 1272 2619 At
1300 2579 1401 2635 ego
1432 2565 1599 2635 magis
1621 2566 1807 2621 ridebo
1833 2566 1915 2640 (5)
1944 2568 2147 2639 vulgus.
2180 2578 2305 2623 tunc

715 2672 963 2727 quoque,
1008 2672 1129 2711 cmn
1176 2657 1321 2728 ipsos
1393 2659 1672 2715 defunctos
1712 2661 2048 2717 atrocissime
2089 2663 2299 2726 exurit,

716 2763 853 2819 quos
884 2749 1222 2818 postmodmn
1252 2750 1593 2820 gulosissime
1624 2752 1822 2817 nutrit,
1870 2751 2056 2808 ii.~dem
2097 2754 2307 2824 ignibus

720 2853 773 2897 et
806 2857 1121 2909 promerens
1142 2853 1193 2897 et
1223 2842 1524 2899 oll'eudens.
1554 2842 1599 2899 0
1628 2845 1878 2915 pietatem
1906 2845 1971 2899 dc
1998 2846 2311 2901 crudelitate

719 2932 1026 2989 ludentem!
1061 2933 1347 3000 sacriﬁcat,
1374 2950 1441 2989 an
1469 2934 1551 3007 (6)
1586 2937 1824 3002 insultat,
1853 2937 1927 3008 (ε)
1957 2954 2079 2993 cum
2104 2953 2309 2993 cremac

718 3030 786 3086 tis
812 3029 1061 3086 cremat?
1103 3030 1267 3085 Plane
1296 3046 1417 3085 cum
1460 3031 1620 3102 vulgo
1661 3031 1927 3087 interdum
1957 3042 2012 3086 et
2040 3035 2312 3104 sapientes

717 3125 1041 3180 sententiam
1072 3139 1221 3178 suam
1251 3124 1332 3195 (7)
1358 3119 1605 3195 jungunt.
1648 3124 1790 3180 Nihil
1835 3141 1955 3181 esse
2000 3136 2119 3198 post
2162 3143 2309 3183 mor-

719 3226 825 3271 tem
878 3216 1089 3288 Epicuri
1144 3217 1326 3272 schula
1372 3228 1475 3273 est.
1526 3217 1608 3291 (ά)
1652 3220 1739 3274 Ait
1774 3228 1829 3275 et
1877 3218 2102 3283 Seneca,
2133 3224 2309 3277 omnia

2410 2023 2586 2065 autem
2610 2010 2688 2081 lg)
2725 2011 2790 2065 ad
2813 2011 2945 2064 alios
2972 2010 3286 2066 sadducazos
3316 2026 3697 2081 pncparamur,
3726 2012 4030 2079 partiarius

2412 2104 2697 2159 sententia:
2730 2104 2963 2159 illorum.
2999 2104 3071 2157 Ita
3108 2103 3383 2157 dimidiam
3406 2114 4019 2175 aguoscrmtresurrec-

2413 2196 2647 2263 tionem,
2701 2195 2868 2249 solius
2912 2195 3119 2249 scilicet
3164 2196 3401 2258 animas;
3443 2197 3713 2264 aspernati
3740 2211 3977 2249 carnem
4005 2238 4022 2255 .

2411 2290 2549 2341 sicut
2578 2298 2633 2341 et
2673 2288 2844 2356 ipsum
2889 2287 3175 2342 llouiinum
3228 2288 3427 2342 c’aruis.
3479 2287 3616 2342 Nulli
3641 2288 3873 2359 denique
3920 2290 4030 2343 alii

2413 2383 2640 2437 Salutem
2671 2382 2938 2450 corporali
2970 2382 3286 2435 substantia:
3315 2381 3577 2444 invident.
3603 2398 3759 2451 quam
3787 2384 4033 2436 alterius

2412 2476 2703 2530 divinitatis
2731 2474 2990 2528 haeretici.
3017 2472 3246 2541 Ideoque
3269 2483 3322 2527 et
3344 2469 3619 2527 Christum
3648 2472 3803 2527 aliter
3827 2473 4035 2541 dispo-

2416 2586 2543 2625 nere
2572 2569 2763 2632 coacti,
2800 2584 2867 2623 ne
2894 2577 3109 2622 creator
3134 2568 3316 2623 carnis
3345 2566 3604 2623 habeatur
3629 2566 3777 2640 (IS),
3811 2570 3861 2622 in
3896 2568 4031 2637 ipsa

2414 2663 2561 2735 prius
2602 2676 2764 2716 carne
2810 2661 2927 2730 ejus
2973 2669 3333 2726 erraverunt;
3380 2669 3474 2713 aut
3521 2660 3715 2714 nullius
3764 2660 4035 2713 veritati.

2412 2753 2808 2811 euuteudentcs
2838 2767 2955 2806 eam
2976 2793 2991 2818 ,
3025 2750 3321 2805 secundum
3371 2749 3694 2805 Marcionem
3733 2760 3787 2805 et
3817 2750 4034 2805 Basili-

2415 2848 2538 2902 deni
2562 2864 2575 2912 ;
2603 2854 2696 2900 aut
2728 2844 2959 2914 prepria:
2983 2843 3279 2914 qualitatis.
3304 2842 3602 2898 secundum
3637 2841 3869 2896 bzereses
3907 2841 4036 2894 Va-

2417 2938 2639 3001 leutini,
2674 2950 2727 2993 et
2756 2935 3019 3006 Apellem.
3065 2941 3240 3004 Atque
3270 2934 3339 2990 ita
3379 2939 3642 3005 sequitur,
3685 2943 3739 2987 ut
3760 2934 4015 2987 salutem

2417 3033 2533 3101 ejus
2575 3029 2886 3085 substanti:e
2933 3026 3257 3093 excludant,
3303 3026 3457 3095 cujus
3483 3024 3755 3081 Christmn
3786 3039 4035 3079 consur—

2418 3136 2524 3181 tem
2549 3123 2664 3197 (l3)
2692 3131 2922 3193 negant;
2954 3120 3085 3175 certi
3117 3118 3232 3191 (14)
3264 3119 3410 3173 illam
3441 3132 3655 3173 summo
3686 3117 4027 3187 pratjudicia

2418 3217 2832 3276 resurrectionis
2866 3217 3215 3279 instructam,
3261 3214 3307 3267 si
3342 3212 3453 3283 jam
3494 3212 3547 3266 in
3574 3209 3794 3266 Christo
3826 3226 4032 3265 resur-

723 3319 844 3381 post
873 3320 1101 3366 mortem
1128 3312 1265 3365 ﬁniri
1287 3352 1302 3375 ,
1332 3313 1492 3366 etiam
1522 3311 1712 3381 ipsum.
1751 3312 1892 3368 Salis
1923 3325 2005 3369 est
2030 3323 2228 3378 autem.
2260 3318 2304 3372 si
2335 3319 2379 3382 C
2414 3318 2551 3374 rexit
2580 3313 2696 3381 (15)
2725 3326 2869 3367 caro.
2919 3309 3210 3378 Propterea
3241 3316 3297 3361 et
3325 3320 3424 3360 nos
3456 3305 3705 3360 volumen
3734 3304 4015 3373 prmnsisi-

719 3420 826 3460 non
852 3404 1030 3458 minor
1058 3403 1394 3473 philosophia
1418 3402 1734 3476 Pythagoreo
1760 3415 1814 3460 et
1842 3406 2170 3475 Empedocli.
2199 3410 2305 3463 Sed

715 3504 772 3551 et
814 3492 894 3565 (8)
924 3494 1179 3550 Platonici
1212 3496 1565 3552 immortalem
1595 3498 1830 3552 animam
1859 3514 1891 3554 e
1914 3501 2186 3554 contrario
2218 3516 2303 3556 re-

717 3589 951 3645 clamant
980 3607 993 3644 :
1037 3589 1145 3645 imo
1187 3590 1361 3646 adhuc
1405 3592 1647 3662 proxime
1676 3592 1835 3648 etiam
1868 3594 1920 3649 in
1959 3609 2184 3666 corpora
2216 3612 2303 3651 re-

2414 3424 2532 3465 mus
2559 3407 2635 3461 De
2659 3405 2826 3460 Carne
2844 3401 3054 3466 Christi,
3078 3415 3185 3470 quo
3206 3413 3325 3454 eam
3352 3406 3409 3452 et
3434 3396 3663 3453 solidam
3696 3394 4032 3465 probamus,

2410 3502 2689 3557 adversum
2722 3493 3111 3567 phantasmatis
3141 3490 3424 3546 vanitatem
3458 3487 3577 3561 (16)
3604 3488 3708 3561 (lt),
3736 3498 3790 3542 et
3814 3486 4035 3542 hlllnu-

2420 3610 2542 3649 nam
2577 3591 2943 3654 vindicamus,
2994 3585 3251 3641 adversus
3277 3582 3552 3655 qualitatis
3579 3580 3979 3653 proprietatem
4016 3597 4030 3642 ;

1925 3712 2301 3770 LECTIONES
2340 3709 2749 3768 VARIANTES.

780 3820 795 3878 (
806 3821 822 3869 l
839 3819 853 3882 )
890 3820 1024 3871 Illam
1048 3825 1191 3874 Pam.

780 3882 853 3948 (ἓ)
887 3883 1047 3948 Ηθιιει
1070 3886 1221 3939 Rhea.

892 4132 979 4184 Cui
1002 4132 1105 4186 alii.

783 3944 836 4002 t3
890 3944 1048 3998 Etiam
1075 3959 1207 4000 Pam.
1235 3949 1385 4002 Rhea.
1410 3949 1562 4003 Seml.

893 4008 1165 4084 Praesumst
1183 4014 1335 4065 Rhea.

808 4088 839 4119 .)
896 4070 1175 4133 Bideoalu.

784 4004 858 4189 iii

788 4193 863 4259 (7)
898 4195 1044 4246 Suam
1068 4197 1196 4251 abest
1212 4213 1245 4249 a
1262 4199 1414 4251 Rhea.

786 4258 861 4319 (8)
893 4257 956 4309 Et
978 4257 1107 4313 abest
1128 4274 1159 4311 a
1178 4262 1329 4313 Rhen.

893 4008 1165 4061 Prtesumat
1183 4014 1335 4065 Rhea.

896 4070 1051 4121 Rideo
1071 4071 1175 4124 alii.

809 4257 861 4321 8)
893 4257 956 4309 Et
978 4257 1107 4313 abest
1128 4274 1159 4311 a
1178 4262 1329 4313 Rhen.

2477 3828 2550 3887 (fl)
2584 3824 2841 3887 Immutata
2857 3816 2961 3887 alii.

2481 3880 2587 3947 (ill)
2620 3885 2792 3935 Salute
2816 3882 2969 3947 Rhea.
2996 3880 3143 3947 Eam.

2481 3938 2587 4009 (11)
2622 3948 2801 3999 Addita
2823 3944 2973 4009 Rhea.
3002 3938 3154 3993 Seml.

2510 4003 2585 4063 lﬂi
2622 4010 2866 4063 Creatoris
2890 4008 3128 4057 habeatur
3150 4003 3262 4055 cod.
3296 4004 3486 4056 ποια).
3519 4003 3632 4054 Urs.

2504 4066 2584 4138 15)
2618 4074 2902 4138 Consortem
2925 4068 3056 4138 abest
3076 4079 3108 4115 a
3131 4066 3284 4118 thcu.

2488 4131 2588 4236 (ιι)
2623 4136 2772 4188 Certe
2797 4131 2906 4197 Rig.
2940 4134 3062 4203 Ven.

2512 4203 2587 4236 tm
2622 4198 2974 4236 Humi-rexerit
3002 4188 3062 4236 Rh

2512 4187 2587 4261 liii
2622 4187 3324 4261 BemtrreferitLRhenLSeml.

2482 4241 2586 4326 (iii)
2618 4241 2934 4311 inﬁnitain
2956 4241 3110 4305 Fran.
3127 4241 3271 4304 Pam.

2086 4345 2646 4405 COMMENTARIUS.

803 4456 958 4533 CAP.
991 4459 1031 4513 1.
1059 4491 1131 4501 -
1155 4460 1233 4533 (a)
1275 4460 1496 4517 Fiducia
1524 4461 1957 4526 Christianorum,
1986 4469 2089 4517 etc.
2127 4461 2325 4516 Resur-

744 4530 1039 4603 rectionem
1090 4530 1334 4603 magnam
1397 4533 1716 4589 Christianis
1762 4533 2011 4589 omnibus
2064 4548 2215 4600 spem
2272 4539 2327 4583 et

2504 4458 2585 4530 (d)
2627 4458 2710 4530 Ait
2737 4466 2797 4530 et
2816 4455 3012 4511 Seneca
3030 4498 3043 4517 .
3079 4450 3268 4530 omnia
3292 4462 3404 4530 post
3432 4461 3645 4530 ntortem
3670 4447 3839 4530 (iniri,
3864 4451 4049 4509 etiam

2428 4524 2614 4598 ipsum.
2647 4528 2757 4582 Hoc
2782 4528 2889 4595 jam
2922 4524 3291 4598 nota_vit_|ibro
3319 4524 3384 4577 de
3409 4524 3621 4598 Anima;
3647 4524 3724 4598 sic
3751 4527 3954 4598 autem
3991 4536 4053 4580 et

738 4598 984 4674 ﬁduciam
1014 4590 1272 4674 praebere.
1297 4606 1484 4670 priscis
1510 4604 1766 4661 Ecclesia
1790 4590 2138 4674 temporibus,
2165 4614 2326 4671 atque
2350 4614 2403 4673 D
2430 4590 2482 4656 in
2510 4600 2757 4674 Troade,
2782 4590 2954 4674 choro
2983 4595 3089 4651 XI:
3133 4594 3255 4650 Post
3284 4604 3497 4650 mortem
3525 4593 3656 4649 nihil
3678 4605 3746 4650 est
3767 4630 3783 4657 ,
3810 4590 4053 4661 ipsaque

740 4670 902 4745 etiam
948 4687 977 4745 a
1027 4673 1089 4745 Β1
1142 4674 1305 4729 Paulo
1352 4675 1780 4732 demonstratum
1831 4670 1934 4731 est.
1989 4675 2048 4730 S.
2095 4670 2325 4745 Cyrillus

741 4740 1001 4798 Ilierosol.
1049 4743 1255 4800 Catcch.
1291 4745 1465 4818 γχνιιι
1492 4767 1504 4801 :
1528 4756 1638 4818 ῥίςα
1681 4764 1765 4809 τίς
1805 4752 2114 4818 iii-laneum
2140 4740 2216 4818 vri,
2244 4760 2326 4805 rit

740 4818 1039 4888 ῥητέα-ως
1069 4824 1199 4881 ἰλπίς
1229 4837 1240 4869 :
1279 4817 1674 4888 liesurrectionis
1700 4834 1833 4888 spes,
1861 4818 2012 4870 rudia:
2034 4826 2105 4871 est
2130 4817 2323 4883 cujus-

742 4883 858 4937 libet
880 4884 997 4937 boni
1027 4890 1225 4952 operis;
1249 4901 1301 4945 et
1338 4888 1394 4942 S.
1420 4883 1752 4957 Epiphanius
1780 4890 1831 4943 in
1863 4889 2121 4942 Anc/ron:
2156 4893 2329 4947 πένης

744 4964 966 5032 ετξιξειινιρ
996 4963 1215 5029 λυγισιωῦ
1246 4977 1455 5032 marg:
1484 4959 1657 5032 Totius
1682 4960 1892 5015 rationis
1919 4961 2323 5030 fundamentum.

748 5022 906 5101 διιεῖ(
938 5022 1114 5101 itaque
1163 5022 1433 5101 antiquius
1477 5030 1746 5086 habebant
1790 5022 2018 5101 gentiles
2066 5035 2327 5101 quam_ut

749 5096 997 5151 ﬁduciam
1024 5100 1167 5154 illam
1196 5111 1250 5157 et
1277 5096 1681 5157 fundamentum
1703 5096 2093 5157 coii'veIlerent.
2122 5100 2197 5154 Le
2227 5099 2321 5152 Pa.

822 5168 902 5243 (b)
944 5168 1208 5243 Defunctis
1259 5184 1558 5241 parentant,
1612 5183 1661 5227 et
1709 5174 1910 5243 quidem
1958 5170 2330 5239 impensissime

749 5238 941 5313 Olﬁcio.
994 5238 1104 5297 Hoc
1136 5238 1346 5313 quidem
1378 5245 1597 5299 ethnici.
1646 5238 1749 5300 Sed
1778 5255 1831 5299 et
1860 5238 2192 5299 Christianos
2224 5246 2303 5313 Au

748 5312 946 5379 gu~tini
973 5328 1089 5367 revo
1127 5310 1446 5381 quihusdam
1474 5314 1526 5369 in
1557 5315 1688 5370 locis
1715 5315 1836 5370 talia
1866 5314 2133 5369 factitasse
2156 5310 2331 5381 arguit

748 5391 974 5451 octavus
999 5380 1321 5441 sanctissimi
1351 5388 1448 5441 viri
1476 5385 1615 5440 liber
1643 5384 1722 5439 De
1742 5386 1951 5440 Civitate
1980 5384 2091 5447 Dei,
2116 5396 2215 5451 cap
2232 5380 2328 5435 27.

752 5450 951 5530 Epulas
977 5469 1100 5530 suas
1126 5457 1192 5511 ad
1216 5456 1501 5530 Martyrum
1531 5458 1816 5512 memorias
1839 5456 2178 5530 ilcl'erebaut,
2211 5467 2333 5530 ora-

750 5520 878 5593 bant
907 5535 960 5580 et
988 5525 1283 5583 olferebant
1312 5520 1370 5584 υἱ
1400 5540 1744 5584 vescerentur
1765 5570 1779 5593 ,
1826 5530 1906 5584 vel
1945 5543 2012 5582 ex
2055 5527 2134 5581 eis
2167 5524 2327 5579 etiam

752 5592 1114 5671 indigentibus
1154 5599 1533 5671 largiebantur.
1586 5597 1738 5667 Quod
1767 5592 2016 5668 quidem,
2057 5596 2258 5666 inquit,
2298 5611 2333 5648 a

748 5660 1049 5741 Christianis
1077 5660 1364 5726 melioribus
1391 5688 1491 5725 non
1532 5660 1629 5738 fit:
1641 5680 1695 5724 ut
1719 5671 1772 5724 in
1791 5660 2050 5741 plerisque
2075 5660 2330 5723 terrarum

749 5737 892 5819 nulla
918 5738 1033 5819 talis
1051 5749 1123 5793 est
1147 5744 1474 5819 consuetudo.
1509 5737 1681 5819 illo.“
1801 5737 1810 5741 ⁷
1967 5737 1976 5741 “
2288 5807 2300 5819 ,

822 5806 1064 5879 (c)_Cum
1110 5814 1345 5868 crematis
1384 5824 1592 5868 cremat.
1640 5810 1754 5868 Hoc
1789 5822 1905 5879 est,
1937 5828 2060 5867 cum
2106 5807 2335 5864 mortuis

750 5877 1033 5960 sacriﬁcat.
1060 5880 1237 5960 Utitur
1262 5886 1456 5954 verbis,
1480 5900 1600 5959 qua;
1625 5899 1829 5940 morem
1851 5877 2135 5943 ostendant
2163 5881 2333 5953 magis

749 5946 1051 6012 ridiculum.
1081 5952 1181 6017 Rm

2434 4689 2571 4725 mors
2601 4670 2750 4724 nihil.
2785 4669 2907 4725 RIG.

2505 4742 2579 4815 (ο)
2627 4742 2840 4815 l’itlsata
2883 4739 3062 4815 saltem
3088 4780 3118 4815 ._
3152 4738 3267 4793 licet
3310 4754 3411 4815 non
3438 4737 3608 4815 .adita
3650 4740 3887 4815 veritate.
3950 4738 4051 4794 Sic

2432 4808 2603 4869 visum
2637 4813 2867 4868 Latinio.
2900 4810 3002 4865 Sed
3034 4811 3302 4880 vulgatam
3329 4808 3615 4880 lectionem
3643 4811 3788 4864 reddi
3816 4813 4047 4879 placet,

2434 4887 2634 4957 pulsata
2660 4884 2845 4937 salute.
2878 4882 3009 4957 Nam
3038 4894 3089 4957 et
3116 4878 3725 4957 convenit_Septi_t_niano
3750 4884 4041 4957 scrinium,

2432 4951 2487 5011 et
2514 4964 2752 5011 veterum
2779 4953 3159 5021 exeruplarimn
3191 4951 3507 5006 auctoritate
3538 4952 3794 5008 lirmatur.
3822 4953 4051 5008 Pulsa-

2433 5043 2557 5081 vcre
2584 5027 2772 5081 salutis
2807 5025 3025 5093 jannam
3058 5021 3341 5087 Platonici,
3383 5022 3622 5077 vindices
3658 5024 4051 5079 immortalita-

2434 5100 2501 5152 tis
2529 5100 2847 5159 animarum,
2866 5097 2959 5150 scd
2977 5095 3289 5165 qualitatem
3319 5103 3371 5147 et
3394 5096 3613 5165 modum
3645 5096 4044 5152 inmortalita-

2441 5171 2506 5223 tis
2537 5171 2869 5239 ignoravere,
2903 5162 3169 5239 uouadita
3196 5162 3593 5239 veritate._[itc.

2502 5233 2655 5293 (ΖᾸΡ.
2696 5238 2753 5291 ll.
2786 5269 2851 5278 —
2878 5237 2941 5306 (ἴ)
2990 5237 3047 5291 Si
3078 5252 3193 5290 uero
3226 5245 3272 5289 et
3314 5236 3455 5306 apud
3483 5233 3647 5290 Deum
3673 5237 3844 5304 aliqua
3882 5248 4042 5292 secta

2433 5320 2525 5364 est.
2564 5310 2672 5364 lloc
2696 5319 2812 5367 est.
2842 5305 2980 5377 apud
3010 5306 3226 5361 iudices
3252 5306 3336 5361 vel
3362 5305 3697 5377 Christianos
3716 5349 3731 5372 .
3771 5307 3828 5362 in
3850 5310 4047 5363 sacris

2435 5380 2685 5435 videlicet
2730 5376 3041 5447 Scripturis.
3074 5378 3164 5433 Sic
3209 5378 3300 5432 lib.
3334 5377 3399 5430 de
3424 5376 3634 5435 Testim.
3677 5380 3872 5433 animt
3897 5394 3919 5431 :
3973 5378 4044 5431 Et

2436 5451 2550 5505 licet
2576 5452 2670 5505 soli
2690 5452 2837 5505 illuni
2860 5452 3084 5505 noverint
3108 5448 3406 5514 Christiani,
3436 5449 3513 5503 vel
3535 5466 3864 5519 quaecumque
3891 5450 4049 5519 apud

2436 5521 2713 5577 Dominum
2739 5531 2893 5576 secta.
2927 5521 3045 5577 “IG.

2511 5592 2595 5667 (g)
2635 5593 2714 5646 Ad
2742 5594 2871 5667 alios
2913 5592 3259 5667 Sadductcos._
3289 5590 3363 5644 De
3403 5588 3488 5646 bis
3706 5590 3768 5645 ﬁt
3797 5592 4048 5667 menti...

2437 5661 2715 5734 Negabaut
2741 5666 2935 5734 anima:
2973 5661 3424 5734 resurrectionem
3450 5671 3504 5717 et
3538 5663 4047 5734 iunnortalitatem.

2436 5732 2692 5802 erantque
2712 5745 2857 5791 secta
2878 5733 3080 5797 Judtei;
3109 5749 3250 5787 nilne
3290 5733 3607 5787 saddueteos
3627 5733 3764 5787 alios
3784 5732 4049 5802 indigitat

2438 5808 2779 5871 Marciorum,
2814 5805 3074 5875 Apellem,
3111 5804 3464 5872 Valentinum,
3497 5803 3811 5870 Basilidem,
3842 5807 4051 5858 Satur-

2439 5880 2644 5945 ninum,
2673 5887 2778 5933 etc.
2804 5875 2880 5933 Ls
2908 5876 3005 5932 Pa.

2511 5949 2594 6025 (b)
2631 5942 2702 6005 Et
2740 5949 3015 6007 humanam
3038 5945 3352 6005 vindicamus
3380 5946 3654 6017 adversus,
3684 5955 3792 6005 etc.
3822 5942 3953 6003 Lib.
3977 5946 4049 6007 de
