4250 6494
245 425 350 482 797

1252 420 1451 476 LIBER
1496 421 1581 478 DE
1624 417 2192 475 ηεειῖῐιῐιεοτιοΝΕ
2221 416 2488 474 CARNIS.

3426 417 3529 475 798

242 542 398 608 cuius
429 537 668 596 Conditio
727 539 804 611 (l)
833 538 1113 595 Cbristum
1153 549 1203 592 ct
1235 537 1504 592 hominem
1533 578 1546 600 ,
1581 547 1634 590 et
1664 537 1826 589 lilium
1860 537 1905 597 Α
1940 552 2057 586 nem
2088 534 2526 603 pr:rstruendain.
2559 534 2632 588 uti
2662 549 2802 590 nunc
2823 535 2889 589 de
2918 533 3028 590 sola
3051 535 3230 591 carnis
3254 551 3530 594 resurrec-

245 635 295 688 b-
323 635 483 688 minis
506 633 858 702 inscripserit.
881 634 1147 687 Carneum
1170 632 1310 685 enim
1337 643 1494 699 atque
1517 648 1626 697 cur;
1650 647 1834 684 orenm

242 728 528 793 ptobautes
559 739 704 790 cum,
749 723 825 795 (a)
872 723 1092 792 proimle
1134 733 1188 777 et
1217 722 1531 776 obducimus
1581 722 1822 789 ιιι-πλείη)-

241 817 420 869 bendo
461 815 662 868 nullmn
693 815 853 868 alium
883 813 1207 868 credendum
1242 813 1404 866 Deum
1449 823 1639 881 ιιι-εισιοΓ
1666 811 1831 865 Crea-

240 917 450 971 torem,
489 908 612 960 dum
646 909 805 962 talem
840 904 920 977 (2)
952 905 1287 960 o~tenditnus
1315 903 1615 964 Christum,
1647 904 1696 955 in
1727 919 1833 970 quo

243 999 580 1068 dignoscitur
637 998 816 1062 Deus,
873 997 1045 1066 qualis
1099 996 1424 1065 promittitur
1476 1010 1503 1047 a
1548 995 1825 1047 (lt-eatore.

239 1089 470 1145 Obducli
498 1089 691 1144 dehinc
713 1089 780 1143 de
814 1089 922 1142 Deo
948 1089 1125 1142 carnis
1153 1097 1373 1140 auctore
1399 1127 1410 1148 ,
1443 1095 1498 1139 et
1523 1085 1590 1138 de
1620 1085 1834 1138 Christo

237 1181 418 1234 carnis
460 1180 831 1250 redemptore,
873 1181 982 1248 jam
1031 1190 1079 1233 et
1123 1178 1190 1232 de
1236 1179 1627 1232 resurrectione
1657 1177 1832 1230 earuis

239 1274 611 1326 revinccutur.
661 1270 1031 1339 Congruentcr
1059 1270 1263 1325 scilicet
1293 1269 1388 1338 (5).
1427 1269 1489 1323 Et
1527 1269 1627 1322 hoc
1665 1267 1832 1323 fet-ine

238 1363 404 1417 modo
453 1363 682 1418 dicimus
734 1363 1019 1418 iucundam
1071 1378 1190 1417 cum
1245 1363 1511 1416 lta‘retieis
1562 1361 1828 1430 disci-pta-

241 1457 472 1510 tionem.
505 1454 634 1509 Nam
677 1465 732 1509 et
761 1455 894 1509 ordo
923 1471 1138 1525 semper
1177 1470 1204 1508 a
1240 1454 1617 1524 principalibus
1641 1453 1829 1507 deduci

237 1553 526 1620 exposcit,
579 1562 634 1606 ut
677 1553 741 1607 de
775 1553 890 1621 ipso
935 1553 1080 1620 prius
1128 1561 1371 1612 constet,
1404 1568 1431 1603 a
1473 1565 1578 1617 quo
1624 1550 1831 1603 dicatur

233 1641 558 1711 dispositum
587 1659 729 1708 esse,
754 1644 895 1712 quod
927 1643 1202 1712 qnzeritur.
1233 1646 1400 1712 Atque
1431 1643 1565 1696 adeo
1591 1654 1638 1695 et
1669 1642 1831 1697 breve-

244 1738 356 1797 tici.
414 1753 480 1791 ex
509 1739 835 1792 conscientia
876 1737 1219 1798 iutiemilatis,
1252 1751 1520 1804 nunquam
1560 1736 1829 1791 ordiuarie

246 1838 499 1882 tractant.
533 1829 675 1884 (ferti
704 1831 868 1891 enim,
903 1845 1060 1899 quam
1095 1829 1336 1882 laborent
1364 1829 1413 1880 in
1445 1827 1667 1881 alterius
1693 1828 1828 1881 divi-

1944 630 2084 680 tioae
2118 629 2185 680 ita
2215 627 2448 695 digeram
2478 631 2582 700 (8),
2619 639 2866 696 tanquam
2903 644 3065 698 pcucs
3096 645 3193 684 nos
3225 630 3482 684 incerturn
3510 673 3523 693 ,

1940 720 2063 772 dum
2097 723 2165 772 sit
2193 735 2405 788 quoque
2434 731 2636 774 centum
2669 721 2746 791 (9)
2779 735 2938 788 penes
2966 721 3296 775 Creatorem.
3322 721 3449 776 Nam
3475 733 3527 776 et

1941 811 2088 862 tnulti
2119 810 2275 862 rudes
2302 852 2314 870 ,
2346 821 2397 863 et
2453 811 2692 881 plerique
2715 827 2811 864 sua
2840 813 2942 865 lide
2966 812 3111 865 dubii
3140 824 3190 867 et
3214 814 3408 882 simpli:
3431 831 3520 878 es;

1941 903 2139 970 plures,
2171 919 2304 970 quos
2337 903 2546 967 instrui,
2572 905 2752 976 dirigi,
2782 907 2970 959 muniri
2999 908 3295 974 oportebit;
3323 910 3442 977 quia
3474 917 3526 962 et

1940 999 2038 1049 hoc
2087 997 2251 1053 latere
2297 999 2420 1052 ttnio
2451 999 2746 1052 divinitatis
2787 998 3124 1052 defendetur.
3171 1000 3334 1053 Sicuti
3382 1001 3522 1054 enim

1938 1102 2123 1159 negata
2147 1093 2322 1147 carnis
2346 1093 2739 1146 resurrectione
2756 1135 2769 1155 ,
2795 1093 3126 1159 concutitur;
3153 1094 3222 1147 ita
3242 1094 3523 1160 vindicata,

1936 1187 2323 1241 Constabilitur.
2371 1188 2575 1240 Animae
2618 1198 2793 1240 autent
2841 1188 3064 1241 salutent
3101 1188 3262 1243 credo
3291 1199 3524 1242 retracttt

1935 1293 2138 1333 carere.
2163 1279 2517 1333 Onmesenim
2553 1277 2661 1332 fere
2695 1279 2928 1333 lueretiei
2963 1293 3077 1332 eam
3121 1295 3332 1350 quoquo
3368 1282 3526 1335 modo

1936 1370 2050 1440 (10)
2069 1372 2234 1426 velint.
2263 1373 2396 1443 (ll),
2420 1381 2592 1425 tamen
2617 1386 2720 1424 non
2751 1373 3175 1441 negantNidcrit
3202 1391 3337 1428 unus
3364 1376 3524 1444 aliqui

1935 1461 2198 1527 Lucanus,
2234 1478 2330 1518 nec
2362 1463 2484 1517 huic
2514 1464 2727 1533 quidem
2760 1465 3068 1519 substantia!
3098 1481 3339 1534 parcens,
3366 1484 3522 1537 quant

1932 1556 2222 1609 secundum
2258 1556 2594 1609 Al‘isiOlCiOlll
2625 1555 2953 1616 dissolvens.
2995 1556 3134 1610 aliud
3185 1557 3308 1625 quid
3340 1573 3434 1628 pro
3463 1575 3521 1612 ea

1931 1647 2326 1714 Subjicit,qnasi
2350 1648 2415 1700 sit
2441 1648 2650 1700 tertium
2669 1646 2780 1717 (ίὲ)
2802 1648 2924 1717 quid
2951 1649 3049 1701 lant
3078 1659 3521 1718 resurrecturum,

1932 1753 2102 1808 neque
2129 1740 2301 1791 anima
2330 1780 2344 1802 ,
2379 1755 2550 1806 neque
2577 1755 2727 1799 caro,
2762 1739 2810 1794 id
2837 1751 2920 1794 cst
2949 1757 3051 1793 non
3077 1741 3237 1795 homo
3256 1783 3267 1800 ,
3323 1742 3391 1812 (ς)
3432 1742 3523 1796 sed

1932 1849 2090 1888 ursus
2118 1834 2479 1902 forsitau,qua
2514 1833 2627 1904 (15)
2661 1834 2924 1887 Lucanus.
2959 1834 3120 1888 [labet
3155 1846 3210 1888 et
3240 1836 3337 1889 iste
3364 1851 3389 1887 a
3426 1854 3522 1886 uo-

234 1920 419 1974 nitaiis
469 1920 828 1975 insinuatione
871 1920 1126 1974 adversus
1156 1919 1230 1991 (b)
1291 1919 1454 1972 Deum
1486 1919 1665 1970 tumuli
1708 1934 1824 1972 om-
1859 1929 1903 1988 Β
1934 1925 2012 1977 bis
2041 1925 2404 1993 plenissinuun
2438 1925 2504 1978 de
2531 1925 2672 1978 omni
2704 1935 2841 1979 statu
2873 1925 3065 1978 anima:
3094 1925 3321 1996 stylum,
3364 1941 3521 1994 quam

233 2011 393 2064 ltibus
423 2012 737 2070 naturaliter
760 2022 942 2066 notum
968 2013 1035 2066 dc
1059 2011 1377 2066 teSIituoniis
1402 2023 1652 2079 operum;
1682 2020 1827 2064 certe

231 2115 286 2159 ct
319 2106 371 2158 in
404 2106 754 2160 sacramentis
780 2107 1036 2174 priorem,
1063 2115 1116 2159 et
1143 2109 1192 2158 in
1228 2104 1692 2173 pt‘atdit‘aliottibtts
1723 2119 1829 2158 uta-

239 2197 575 2253 uitestiorcm
599 2217 610 2262 ;
643 2199 742 2253 sub
766 2200 984 2253 obtentu
1014 2201 1162 2268 quasi
1187 2197 1506 2267 urgentioris
1528 2211 1750 2261 causae,
1775 2196 1823 2250 id

228 2298 337 2353 est,
379 2290 544 2357 ipsius
570 2289 812 2343 humanm
843 2290 1030 2344 salutis
1053 2300 1175 2343 ante
1201 2289 1378 2342 omnia
1412 2287 1769 2357 requirendw,
1794 2303 1822 2340 a

225 2383 622 2452 qumstionibus
667 2383 1079 2436 resurrccﬁonis
1124 2382 1423 2450 incipiunt;
1474 2382 1594 2450 quia
1638 2380 1823 2434 durius

237 2473 479 2527 Creditur
527 2475 846 2528 resurrectio
891 2474 1108 2540 carius,
1172 2490 1328 2544 quam
1379 2488 1480 2526 uua
1531 2473 1817 2527 divinitas:

230 2576 396 2636 atque
422 2569 489 2619 ita
517 2578 818 2629 traeiatum,
845 2569 1050 2622 viribus
1072 2568 1274 2621 ordinis
1301 2568 1380 2620 sui
1406 2567 1739 2628 destitutum,
1769 2575 1822 2619 et

226 2659 498 2727 scrupulis
549 2661 724 2728 potius
770 2669 1049 2712 oneratum
1089 2659 1516 2726 depretiantibus
1556 2674 1816 2723 carnem,

224 2751 483 2818 paulatim
515 2750 596 2822 (4)
630 2750 848 2804 alterius
883 2750 1179 2803 divinitatis
1231 2759 1528 2820 temperant
1577 2765 1814 2813 sensum,

223 2857 287 2896 ex
342 2845 456 2912 ipsa
504 2843 618 2914 spei
649 2844 1002 2898 concussione
1049 2853 1101 2898 et
1143 2843 1533 2898 demutatioue.
1571 2843 1816 2913 Dejectus

220 2935 367 2986 enim
399 2934 763 3004 unusquisque
787 2933 868 2988 vel
891 2943 1068 2988 motus
1089 2935 1155 2987 de
1184 2935 1349 3005 gradu
1373 2937 1487 3002 ejus
1515 2936 1626 3004 spei
1657 2949 1814 3001 quam

220 3036 534 3094 susceperat
558 3025 697 3094 apud
730 3026 1066 3092 Creatorem,
1103 3027 1258 3080 facile
1282 3029 1390 3094 jam
1419 3027 1718 3081 declinatur
1749 3025 1813 3079 ad

224 3120 444 3173 alterius
466 3121 577 3188 spei
607 3130 880 3173 auctorem
913 3122 1072 3174 etiam
1123 3122 1260 3174 uitro
1292 3120 1372 3192 (5)
1407 3120 1809 3190 suspicandum.

222 3210 329 3264 Per
357 3211 720 3265 diversitatem
749 3215 889 3267 enim
917 3214 1366 3284 promissionum,
1411 3213 1698 3268 diversitas
1729 3215 1809 3266 in-

1933 2021 2191 2088 imprimis
2215 2021 2567 2075 immortalem
2592 2030 2827 2085 tuentes,
2854 2020 2931 2090 (ά)
2959 2021 3122 2073 solius
3149 2021 3324 2075 carnis
3349 2031 3395 2075 et
3424 2021 3510 2074 de-

1931 2111 2214 2167 fectionem
2245 2114 2582 2182 agnoscimus
2605 2155 2618 2173 ,
2648 2111 2718 2184 (ε)
2745 2122 2796 2166 et
2827 2112 3166 2166 refectionem
3193 2127 3311 2165 cum
3359 2112 3526 2165 maxi-

1908 2221 2016 2262 ‘nie
2042 2207 2364 2272 asserimns;
2396 2207 2623 2260 redactis
2657 2206 2706 2260 in
2754 2205 3082 2259 ordinarium
3115 2209 3352 2258 materiae
3397 2220 3518 2258 eor-

1932 2316 2049 2371 pus,
2078 2301 2119 2353 si
2144 2316 2242 2370 qua
2272 2308 2325 2354 cl
2349 2299 2472 2352 alibi
2498 2313 2591 2366 pro
2617 2313 2924 2352 caussarunt
2955 2297 3254 2351 incursione
3289 2297 3521 2365 pra'stri-

1927 2391 2456 2462 cta(lt)distulituus.
2489 2389 2690 2444 Namut
2717 2390 2960 2459 qumdam
2987 2389 3250 2457 pra-libari
3278 2391 3517 2446 Solemue

1927 2497 2031 2549 est,
2068 2485 2134 2538 ἰι·ι
2161 2485 2358 2538 «Ιὶπριτί
2384 2499 2601 2539 ueresse
2619 2482 3014 2548 cst,duinmodo
3036 2493 3087 2535 et
3111 2483 3379 2551 prailibata
3404 2499 3521 2552 ευρ.

1929 2579 2172 2648 pleantur
2201 2593 2298 2631 suo
2327 2592 2570 2647 corpore,
2595 2588 2646 2631 et
2668 2578 2825 2629 dilata
2848 2575 3137 2629 reddantur
3164 2590 3259 2627 suo
3283 2575 3513 2629 ItOtltiltt'.

2544 2669 2768 2726 CAPUT
2811 2669 2894 2724 Ill.

1997 2763 2088 2818 Est
2119 2764 2332 2833 quidem
2365 2774 2410 2817 et
2439 2763 2503 2834 (f)
2535 2763 2601 2815 de.
2641 2761 2756 2833 (l5)
2776 2761 3147 2816 communibus
3170 2762 3413 2816 sensibus
3436 2776 3519 2816 sa-

1923 2873 2048 2929 pere
2079 2859 2129 2910 iu
2163 2857 2250 2909 llei
2278 2855 2467 2919 rebus;
2497 2857 2590 2910 sed
2623 2857 2673 2908 in
2710 2855 3070 2909 testimonium
3113 2855 3262 2919 veri,
3313 2870 3415 2908 non
3466 2857 3514 2908 iu

1921 2950 2240 3020 adiutorium
2273 2947 2385 3001 falsi
2414 2964 2427 3012 ;
2460 2947 2602 3017 quod
2633 2947 2700 2999 sit
2730 2947 3022 3001 secundum
3070 2947 3299 3000 divinam
3334 2989 3348 3014 ,
3411 2965 3514 3003 tzon

1920 3052 2104 3098 contra
2174 3042 2406 3094 divinam
2475 3039 2903 3109 dispositionem.
2953 3038 3202 3108 Quaedam
3257 3041 3400 3094 enim
3463 3052 3519 3096 et

1920 3145 2103 3190 natura
2166 3143 2288 3188 nota
2365 3143 2521 3195 sunt,
2599 3143 2653 3185 ιιι
2733 3131 3101 3185 immortalitas
3165 3131 3354 3185 anima:
3428 3147 3518 3200 pe,-

1919 3242 2013 3281 nes
2081 3225 2298 3295 plures,
2371 3233 2430 3278 ut
2494 3225 2631 3278 Deus
2690 3233 2873 3277 noster
2941 3239 3102 3290 penes
3154 3238 3357 3278 omnes.
3438 3224 3513 3295 (θ)

218 3302 464 3356 sinuatur
483 3303 726 3358 deorum.
756 3305 842 3359 Sic
871 3306 1066 3359 multos
1099 3306 1341 3360 inretitus
1372 3305 1612 3359 videmus
1633 3347 1647 3371 ,
1681 3307 1806 3359 dum

1916 3319 2046 3376 Utar
2126 3333 2254 3386 ergo
2318 3325 2371 3370 et
2445 3317 2705 3370 sententia
2781 3316 3013 3369 Platonis
3091 3315 3314 3384 alicujus
3389 3333 3511 3386 pro-

219 3406 348 3449 ante
388 3396 456 3450 de
502 3399 897 3452 resurrectione
948 3399 1128 3453 carnis
1172 3398 1479 3458 eliduntur,
1535 3415 1692 3464 quam
1743 3398 1811 3454 de

221 3489 422 3542 unione
464 3489 760 3542 divinitatis
789 3491 1014 3544 elidunt.
1046 3491 1225 3561 Igitur,
1259 3503 1517 3560 quantum
1549 3491 1613 3543 ad
1645 3492 1811 3546 lia-re-

221 3583 388 3644 ticos,
418 3579 908 3636 demonstravimus
952 3599 1056 3653 quo
1089 3597 1262 3636 cuneo
1295 3582 1682 3635 occurrendum
1729 3582 1808 3654 (b)

219 3673 343 3725 sita
375 3672 564 3735 nobis;
614 3681 668 3726 et
712 3688 992 3727 occursum
1043 3685 1124 3728 est
1167 3673 1276 3742 jam
1325 3672 1408 3743 (7)
1452 3688 1549 3726 suo
1593 3689 1808 3743 quoque

220 3764 398 3826 titulo,
429 3762 494 3816 de
526 3764 634 3817 llco
661 3764 873 3833 quidem
909 3767 1084 3830 uniCo,
1116 3775 1169 3819 et
1206 3764 1420 3818 Christo
1449 3764 1585 3834 ejus.
1615 3765 1808 3819 adver-

217 3871 311 3911 sus
341 3857 702 3920 Marcionem;
754 3859 821 3912 de
869 3874 1032 3912 carne
1073 3875 1200 3913 vero
1244 3860 1486 3924 Domini,
1517 3861 1676 3912 etiam
1705 3859 1805 3913 ad-

217 3963 409 4004 versus
453 3960 681 4019 quatuor
711 3948 972 4016 IIJPI'CSCS;
1016 3949 1081 4003 ad
1115 3950 1251 4004 hanc
1289 3953 1520 4005 maxime
1549 3954 1804 4020 ιιιιευδιίοο

1916 3411 2250 3467 nuntiantis:
2302 3409 2487 3464 Omnis
2533 3410 2707 3462 anima
2749 3408 3081 3462 inuuortalis.
3138 3407 3268 3464 Utar
3295 3419 3347 3463 et
3389 3424 3516 3463 con-

1914 3507 2132 3561 scientia
2165 3504 2339 3573 populi
2368 3543 2383 3567 ,
2416 3507 2764 3556 eontestautis
2810 3503 2972 3556 Deum
3011 3502 3254 3556 deorum.
3285 3502 3412 3558 Utar
3459 3512 3511 3557 ct

1916 3599 2133 3667 reliquis
2174 3595 2546 3650 couununilms
2589 3595 2870 3657 sensibus,
2920 3595 3008 3663 qui
3065 3594 3228 3647 Deum
3273 3594 3508 3661 judicent

1915 3689 2237 3760 praulicaut:
2272 3688 2410 3740 Deus
2443 3685 2587 3740 videt
2614 3701 2627 3749 ;
2661 3695 2712 3739 et
2739 3702 2750 3737 :
2789 3685 2900 3739 Deo
2920 3683 3258 3739 commendo.
3295 3685 3360 3739 At
3388 3700 3509 3738 eum

1911 3786 2096 3839 aiunt:
2123 3783 2404 3846 Mortmuu,
2437 3779 2577 3849 quod
2613 3788 2900 3842 mortuum;
2937 3787 2988 3832 et
3019 3794 3033 3831 :
3068 3777 3215 3840 Vive,
3240 3777 3363 3831 dum
3394 3777 3512 3848 (Hi)

1914 3878 2046 3932 vivis
2072 3893 2084 3942 ;
2117 3884 2169 3929 ct
2199 3890 2209 3929 :
2242 3873 2361 3926 Post
2399 3883 2621 3925 mortem
2651 3872 2825 3924 omnia
2857 3870 3111 3925 ﬁniuntur
3132 3912 3145 3935 ,
3176 3870 3332 3924 etiam
3362 3870 3508 3938 ipsa;

1913 3982 2036 4026 lttuc
2061 3970 2376 4031 meminero,
2405 3975 2458 4020 et
2481 3979 2574 4020 cor
2595 3965 2732 4034 vulgi
2755 3966 2989 4019 cinerem
3013 3979 3041 4017 a
3069 3963 3180 4018 Deo
3200 3961 3507 4032 deputatum

1458 4085 1834 4142 LECTIONES
1873 4083 2279 4139 VARIANTES.

276 4195 353 4317 ξι)
384 4195 544 4272 βόὶιίο
565 4193 668 4245 alii.

300 4259 329 4306 2
393 4257 503 4307 l'ale
534 4262 654 4308 Ven.

300 4257 351 4308 2)
384 4257 503 4307 Tale
534 4262 654 4308 Ven.

276 4323 350 4384 (3)
386 4319 460 4368 De
486 4319 593 4369 Deo
615 4320 775 4384 carnis
794 4327 994 4370 auctore
1019 4327 1070 4371 et
1103 4321 1166 4370 de
1202 4320 1393 4372 Christo
1415 4335 1573 4371 carnis
1609 4321 1809 4371 redem-

210 4381 359 4451 ptore
571 4381 698 4451 add;
717 4385 805 4432 Rh.
835 4385 975 4451 I_’am.

277 4445 351 4504 (ti
387 4445 458 4492 Ad
483 4445 630 4494 inser.
656 4447 807 4494 Frwi.
837 4449 978 4496 Pam.

392 4505 524 4554 Ultra
550 4510 690 4555 Pam.
723 4517 869 4557 Non.

299 4570 331 4615 ϐ
388 4566 761 4618 Decurreudum
787 4568 869 4619 "In

299 4566 352 4622 ϐ)
388 4566 761 4618 Decurreudum
787 4568 933 4619 Rhea.
962 4573 1103 4622 Nemi.

301 4629 352 4687 7)
390 4630 545 4680 Etiam
579 4629 732 4682 Rhea.
755 4631 902 4681 Seml.

299 4694 351 4756 8)
387 4691 724 4753 Digerendum
746 4697 807 4743 sit
841 4697 981 4744 Pam.
1013 4695 1146 4745 Fran

1835 4567 1994 4720 Di

1979 4192 2048 4251 (9)
2084 4193 2181 4241 Nos
2203 4205 2396 4254 quoque
2421 4193 2625 4251 iicerta,
2654 4193 2699 4240 id
2719 4198 2793 4242 est
2821 4200 2966 4240 Prata.
2992 4192 3135 4241 Pam.

2007 4258 2017 4305 Ι
2030 4257 2080 4318 0)
2118 4253 2376 4318 Quomodo
2392 4253 2540 4304 Rhen.

2009 4317 2082 4380 ll)
2119 4317 2295 4365 Volunt
2321 4317 2450 4366 Rheu
2507 4319 2638 4380 Pam.

1978 4378 2082 4439 (l2)
2117 4380 2261 4438 Quasi
2284 4381 2348 4428 sit
2369 4388 2399 4426 ιι
2423 4381 2566 4427 itium
2589 4378 2759 4427 absunt
2779 4391 2810 4426 α
2835 4379 2968 4429 Rlieu

1978 4444 2081 4506 (Ιῦ)
2113 4441 2363 4506 ξΓδιιηιιηιιι
2396 4442 2538 4506 lttteu.
2568 4441 2775 4506 Sientler.

1976 4503 2017 4566 (1
2037 4505 2079 4563 ι)
2113 4503 2376 4566 l’ersttirta
2408 4504 2554 4553 Ισίγυι.
2584 4505 2726 4566 Pmu.

2007 4562 2081 4615 Ιῖὶ)
2119 4565 2175 4613 Di
2219 4563 2367 4614 mnill.
2398 4566 2548 4614 llhen.
2576 4562 2724 4615 Seml.

2007 4569 2059 4614 lii
2119 4569 2175 4613 Di
2219 4569 2367 4614 tuttill.
2398 4569 2548 4614 "heu.
2576 4569 2724 4615 Seml.

2006 4569 2081 4688 itii
2124 4627 2388 4676 hveudum
2415 4627 2524 4678 cod.
2551 4625 2672 4678 l'it/t.
2705 4625 2836 4678 [then

1581 4798 2140 4855 COMMENTARIUS.

211 4939 381 4994 Carne
408 4938 628 5004 Christi,
687 4940 923 5004 scilicet,
953 4941 1005 4993 in
1032 4957 1138 5010 quo
1166 4940 1406 5009 probavit
1445 4950 1629 4992 contra
1667 4937 1802 5010 Mar-

207 5012 422 5065 cionem
448 5011 646 5065 Christi
674 5027 888 5066 carnem
930 5008 1107 5064 vei-ain
1149 5008 1290 5067 esse.
1349 5011 1561 5079 Apelles
1588 5021 1640 5062 et
1699 5008 1799 5062 Va-

214 5082 448 5135 lentinus
471 5097 648 5136 veram
671 5098 886 5138 carnem
911 5083 1231 5144 fatebantur,
1249 5083 1340 5136 sed
1367 5098 1468 5134 non
1489 5081 1798 5146 humanam,

209 5153 480 5207 sideream
508 5169 732 5222 nempe,
764 5156 1052 5218 ca-lestetn,
1085 5154 1367 5207 animalem
1395 5153 1795 5278 colnlitgzebant.

1475 5241 1526 5277 .r.
1603 5239 1654 5276 ιι.

1475 5241 1526 5277 .l".
1563 5239 1654 5276 I’ﬂ.

286 5292 365 5366 (π)
410 5293 635 5366 Proinde
671 5305 718 5348 et
747 5295 1057 5366 obducimur.
1087 5293 1364 5350 Obducere
1393 5310 1490 5363 pro
1518 5299 1787 5366 etincere,

209 5375 263 5420 ut
295 5365 440 5432 mox,
472 5365 692 5418 abducti
716 5366 896 5420 dehinc
926 5367 988 5418 de
1011 5365 1116 5419 Deo
1139 5367 1239 5436 (sic
1261 5369 1402 5420 enim
1429 5365 1790 5429 distinximus,

209 5447 536 5508 exposcente
563 5435 748 5508 sensu)
783 5452 876 5506 pro
902 5440 1114 5491 convicti
1151 5435 1331 5492 Rat-zu.

284 5507 364 5575 (b)
405 5507 569 5562 Deum
597 5506 771 5562 mundi
797 5509 1096 5563 naturaliter
1122 5520 1314 5562 notum.
1349 5507 1495 5562 Adeo
1533 5506 1645 5558 brcc
1671 5507 1789 5574 Opi-

208 5582 300 5634 nio
328 5579 600 5632 hominum
628 5582 862 5634 omnium
884 5581 1077 5634 animis
1099 5580 1328 5641 inlta~sit,
1353 5590 1408 5632 ιιι
1435 5578 1790 5632 Atheuienses

207 5649 465 5716 Sophista:
491 5650 764 5717 ciijusdam
799 5651 1112 5722 Pythagorae
1151 5652 1338 5704 librum
1371 5650 1783 5722 comliusserint,

205 5723 297 5783 qui
329 5723 380 5774 in
417 5723 676 5788 principio
705 5719 1010 5777 Comi—nebat
1030 5763 1044 5787 ,
1077 5724 1153 5776 Αη
1185 5723 1316 5776 Deus
1342 5723 1444 5776 sit?
1471 5722 1559 5776 Sic
1585 5719 1716 5775 Cant
1743 5739 1752 5771 l

206 5789 492 5861 brigiensis
530 5792 832 5846 Academim
869 5794 1134 5853 fundator.
1165 5810 1284 5849 cum
1311 5797 1437 5849 olim
1471 5794 1588 5848 illac
1615 5802 1759 5847 trum

209 5862 1092 5937 iret,_audissetque_dispulantes
1123 5865 1397 5934 theologos
1427 5883 1492 5918 an
1525 5865 1658 5918 Deus
1684 5863 1749 5937 sit
1769 5903 1785 5926 ,

209 5935 456 6014 pwoituit
497 5933 670 6007 ipsum
717 5933 948 5992 fututam:
977 5935 1118 5993 illius
1148 5933 1460 6004 acadeiniae,
1508 5938 1560 5991 in
1589 5951 1690 6012 qua
1719 5933 1787 5992 de

1911 4953 1970 4991 re
1989 4939 2212 4992 naturali
2235 4939 2712 5008 eeguitioneclara,
2727 4939 2899 4994 adlntc
2920 4940 3278 5008 dubitabatur,
3296 4942 3372 4999 LE
3408 4945 3499 5000 Pu.

1987 5012 2062 5070 (ei
2091 5012 2196 5062 Sed
2221 5027 2364 5062 nisus
2397 5013 2628 5078 [brsitan,
2660 5028 2757 5077 qua
2779 5010 3028 5065 Lucanus.
3065 5014 3331 5071 Lucanum
3363 5016 3503 5070 Illar-

1907 5081 2159 5153 cionitzun
2189 5083 2661 5136 lia'retieumridet.
2695 5081 2824 5135 Nam
2851 5100 2998 5136 ursm
3025 5099 3122 5138 vox
3156 5096 3238 5139 est
3267 5086 3496 5153 Lucana,

1907 5151 2008 5203 hoc
2029 5164 2108 5204 est
2135 5151 2377 5204 Lucania:
2407 5153 2687 5216 provincia:
2719 5169 2834 5218 qua!
2868 5170 3005 5206 nunc
3051 5154 3325 5210 Basilicam
3362 5151 3498 5210 dici;

1908 5232 2016 5298 tur.
2044 5222 2118 5298 Ls
2150 5223 2242 5276 Pu.
2271 5253 2337 5261 —
2368 5225 2566 5278 Allusio
2592 5235 2672 5278 est
2702 5225 2768 5277 ad
2797 5228 2968 5293 gentis
2990 5242 3182 5280 nomen
3215 5227 3394 5298 (λυιιὶς,
3423 5231 3500 5282 lu-

1907 5295 2044 5362 pus).
2079 5294 2248 5347 lines.

1972 5364 2051 5438 (il)
2082 5364 2255 5438 Solius
2268 5367 2434 5438 Carnis
2456 5367 2802 5438 defectionem.
2832 5366 2941 5421 Hoc
2966 5377 3068 5431 est,
3100 5379 3347 5423 mortem.
3374 5370 3492 5426 R'c.

1971 5435 2046 5504 (ν)
2084 5435 2146 5488 Et
2178 5435 2656 5504 νιιιὶτιὲοησηιξΙΙοε
2682 5451 2792 5504 est,
2827 5441 3292 5493 resurrectionem.
3328 5441 3444 5494 lito.

1967 5505 2119 5561 CAP.
2154 5507 2234 5559 ΙΙΙ.
2267 5508 2426 5576 -(1”)
2473 5507 2550 5562 De
2593 5511 2936 5564 communibus
2985 5511 3233 5565 sensibus.
3290 5513 3496 5564 Sensus

1894 5591 2207 5631 coiumuues
2253 5586 2377 5632 sunt
2426 5591 2571 5633 κιίνω
2613 5589 2782 5632 ἴννυιηι
2806 5597 2898 5638 seu
2934 5582 3207 5642 notiones,
3257 5584 3492 5637 onmium

1894 5648 2003 5703 lere
2034 5663 2190 5702 sensu
2222 5658 2276 5702 et
2302 5653 2650 5702 consensione
2676 5653 3051 5716 comprobane.
3085 5653 3157 5710 [ης
3187 5654 3282 5709 l’n.

1966 5719 2041 5791 (κ)
2078 5719 2203 5773 Utar
2232 5733 2415 5788 ergoet
2442 5722 2686 5773 sententia
2724 5721 2970 5775 Platonis.
3005 5726 3149 5778 llaud
3195 5725 3355 5779 dubie
3393 5724 3490 5777 de-

1895 5791 1981 5846 bet
2011 5791 2146 5844 istud
2181 5793 2397 5860 intelligi
2444 5791 2677 5845 deomni
2724 5793 2900 5847 aitima
2947 5795 3222 5860 rationali;
3269 5813 3390 5850 nam
3419 5797 3490 5849 de

1893 5862 1998 5928 illa,
2032 5871 2084 5916 et
2118 5863 2169 5936 in
2203 5859 2496 5936 Pltwdone,
2531 5876 2580 5917 ct
2611 5863 2736 5936 alibi
2769 5863 3000 5934 loquitur
3022 5863 3202 5932 Plato,
3251 5869 3459 5936 quoties

1889 5947 2117 6006 eumque
2150 5934 2502 5992 immortalem
2542 5935 2774 5992 animam
2808 5937 3133 6006 pronuntiat.
3171 5934 3303 5997 ρη.
