4250 6494
214 395 314 452 801

1177 393 1382 450 LIBER
1439 394 1526 450 DE
1576 391 2150 454 DESURRECTIONE
2189 399 2452 459 CARNIS.

3404 411 3509 468 802

213 505 350 560 ditio
389 505 676 560 munictnr.
735 506 1188 576 Vituperationcm
1230 508 1535 563 laudatione
1574 507 1810 577 depellas
1842 515 1884 573 Α
1919 510 2194 568 Hominem
2227 526 2402 571 autem
2434 527 2700 573 memento
2731 535 2944 576 carnem
2977 523 3189 592 proprie
3222 523 3356 591 dici,
3391 544 3510 595 que

215 600 316 668 (l).
349 599 422 654 Ita
452 616 548 654 nos
575 599 887 656 rhetoricari
907 601 1200 672 (a)quoque
1231 611 1520 672 provocant
1552 602 1806 668 lunretici,

213 692 350 746 sicut
400 693 559 746 etiam
611 692 997 764 philosophari.
1051 693 1225 749 Fntile
1275 703 1330 749 et
1386 695 1635 748 frivolum
1682 693 1810 748 illud

212 786 592 854 corpusculum
624 787 719 857 (ὁ),
765 787 905 856 quod
947 787 1143 841 malum
1167 787 1396 856 denique
1415 787 1682 858 appellare
1705 803 1808 841 non

214 875 468 942 horrent,
503 877 604 932 etsi
633 878 945 946 angelorum
990 877 1176 933 luisset
1203 880 1477 948 operatio,
1515 878 1584 948 (c)
1618 889 1673 932 ut
1701 878 1809 932 Me-

212 970 422 1024 nandro
453 979 506 1025 et
529 970 703 1026 Marco
726 971 928 1040 placet;
954 972 1053 1026 etsi
1083 972 1221 1042 ignei
1247 972 1470 1043 alicujus
1495 971 1808 1037 exstructio,

211 1078 366 1132 atque
393 1064 599 1132 angeli,
633 1073 690 1117 ttt
719 1064 935 1133 Apelles
971 1064 1162 1128 docet;
1217 1065 1484 1120 sufﬁcrrel
1519 1065 1583 1118 ad
1629 1074 1810 1120 auctu-

212 1157 428 1211 ritatem
481 1158 657 1212 carnis
696 1158 944 1214 secunda:
970 1159 1264 1214 divinitatis
1296 1161 1667 1230 patrocinium.
1699 1163 1778 1214 An

209 1250 363 1317 gelm
395 1261 510 1318 post
547 1249 711 1304 Deum
767 1251 1030 1306 novimus.
1064 1251 1181 1306 Jam
1215 1268 1355 1306 nunc
1381 1293 1396 1314 ,
1435 1252 1678 1323 quisquis
1723 1251 1812 1306 ille

210 1355 456 1394 summus
490 1341 626 1396 Deus
657 1340 893 1396 hmretici
923 1344 1182 1412 cujusque
1227 1354 1338 1409 cst,
1392 1359 1495 1398 nou
1543 1344 1812 1399 immerito

209 1432 279 1484 ah
308 1433 425 1500 ipso
454 1448 666 1504 quoque
696 1433 1016 1489 detluct'rem
1049 1436 1225 1490 carnis
1251 1434 1562 1504 dignitatem
1590 1477 1603 1498 ,
1638 1453 1664 1487 a
1707 1450 1813 1505 quo

212 1525 462 1579 voluntas
491 1525 846 1595 producenda:
874 1527 920 1581 ei
953 1528 1233 1582 adfuisset.
1268 1527 1462 1596 Utique
1503 1529 1644 1582 enim
1687 1544 1782 1598 pro

212 1617 478 1672 hibuisset
518 1617 664 1683 fieri,
695 1634 850 1688 quam
884 1618 994 1673 fieri
1039 1620 1259 1684 scisset,
1288 1621 1331 1672 si
1377 1620 1488 1674 fieri
1530 1621 1808 1674 noluisset.

215 1708 288 1762 Ita
320 1717 374 1762 et
399 1710 691 1763 secundum
721 1711 859 1777 illo<,
893 1726 1044 1780 asque
1091 1725 1218 1764 caro
1255 1711 1342 1765 Dei
1375 1726 1476 1765 res.
1513 1711 1653 1765 Nihil
1686 1728 1812 1779 ope-

209 1801 286 1854 ris
321 1816 425 1854 non
484 1801 600 1869 ejus
624 1810 738 1868 cSt,
769 1803 858 1872 qui
889 1817 1072 1873 passus
1116 1811 1196 1857 est
1230 1817 1370 1858 esse.
1415 1803 1558 1859 Bene
1587 1813 1691 1858 aut:
1712 1819 1765 1858 m
1792 1846 1807 1869 ,

1918 607 2061 670 prior
2090 608 2400 663 vocabulum
2435 611 2664 665 hominis
2693 614 2970 682 occupavit
2999 632 3010 668 :
3067 613 3132 668 Et
3180 618 3324 684 ﬁnxit
3377 619 3510 674 Deus

1916 697 2165 752 hominem
2230 702 2406 754 limum
2437 703 2498 755 de
2547 713 2698 756 terra.
2730 704 2846 758 Jatu
2880 706 3040 759 homo
3061 709 3192 787 “qui
3225 710 3396 764 adlmc
3445 712 3508 766 li-

1916 805 2052 844 mtts.
2089 791 2155 845 Et
2180 793 2462 863 insufﬂauit
2484 796 2535 848 in
2559 799 2740 867 faciem
2768 800 2877 870 ejus
2904 800 3083 869 [latam
3111 804 3254 868 vitm;
3278 816 3322 855 et
3350 809 3512 876 [nctus

1915 893 1987 936 est
2019 885 2165 937 homo
2186 927 2200 948 ,
2233 886 2282 939 id
2315 897 2396 940 est
2441 887 2597 941 limus
2626 931 2640 952 ,
2687 890 2738 941 in
2768 891 2990 945 animant
3013 893 3198 947 vivam.
3251 896 3314 948 Et
3346 898 3514 965 posuit

1921 975 2054 1030 Deus
2079 979 2330 1032 hominem
2355 1020 2368 1044 ,
2396 997 2539 1051 quem
2566 982 2746 1050 finxit,
2779 984 2830 1036 iu
2872 985 3130 1054 paradiso.
3167 986 3312 1040 Adeo
3353 988 3513 1044 homo

1919 1070 2229 1139 figmentum
2261 1072 2467 1140 primo,
2506 1073 2700 1129 dehinc
2728 1084 2888 1130 totus.
2921 1076 3031 1132 lloc
3063 1093 3127 1132 eo
3165 1081 3512 1134 commenda-

1919 1163 2048 1230 rim,
2080 1166 2153 1218 ttli
2183 1167 2431 1235 quicquid
2464 1168 2682 1222 omnino
2713 1168 2912 1223 homini
2941 1185 2967 1221 a
3018 1170 3125 1226 Deo
3172 1185 3511 1241 Ρτυςιτοριιιιη

1917 1266 2075 1326 atque
2099 1260 2418 1326 promissum
2446 1269 2557 1324 cst,
2593 1277 2696 1315 non
2722 1261 2820 1316 soli
2851 1263 3072 1326 animat.
3106 1279 3287 1318 verum
3315 1277 3362 1320 et
3397 1283 3515 1322 car-

1919 1348 1968 1400 ni
1998 1349 2136 1403 scias
2163 1349 2431 1416 debitum;
2461 1362 2518 1406 ut
2538 1353 2580 1406 si
2613 1367 2718 1407 non
2744 1367 2807 1407 ex
2837 1355 3107 1411 consortio
3130 1359 3372 1426 generis,
3397 1375 3514 1414 cer-

1919 1449 1970 1495 te
2000 1441 2079 1495 vel
2107 1457 2170 1496 ex
2206 1444 2482 1514 privilegio
2511 1447 2762 1501 nominis.

2535 1579 2764 1636 CAPUT
2805 1581 2891 1635 Vl.

1989 1690 2288 1761 Persequar
2335 1694 2511 1764 itaque
2557 1701 2930 1766 propositum;
2982 1703 3027 1756 si
3083 1712 3257 1759 tamen
3309 1715 3511 1763 tantum

1920 1785 2116 1852 possim
2139 1786 2286 1840 carni
2309 1786 2607 1854 vindicare,
2632 1801 2885 1860 qttantum
2913 1795 3140 1850 contulit
3161 1797 3246 1852 ille
3275 1801 3362 1868 qni
3395 1817 3425 1855 e
3445 1817 3512 1855 2m

210 1894 356 1963 quod
389 1895 568 1963 plures
597 1905 647 1949 οι
673 1896 916 1952 duriores
944 1911 1170 1966 qumque
1222 1897 1479 1951 dmum,“
1518 1905 1678 1950 [Nam
1708 1898 1808 1952 ho,
1843 1911 1887 1969 Β
1919 1876 2068 1941 fecit,
2094 1877 2204 1944 jam
2237 1887 2359 1933 tunc
2399 1880 2747 1947 gloriantem,
2788 1883 2928 1954 quod
2972 1886 3058 1939 illa
3108 1890 3396 1956 pusillitas,
3447 1893 3513 1945 li-

212 1988 376 2043 minis
428 1989 785 2059 ligulationem
840 1991 950 2045 Deo
981 2000 1162 2044 nostro
1193 1989 1407 2043 cedunt.
1447 1990 1688 2057 Quantus
1726 1990 1812 2046 hic

211 2082 302 2142 sit,
340 2081 468 2134 satis
498 2082 668 2141 nosti.
728 2083 815 2150 qni
851 2082 1064 2137 unicum
1096 2081 1389 2136 credidisti.
1444 2081 1664 2150 Incipiat
1702 2084 1809 2148 jam

214 2177 308 2229 tibi
358 2191 483 2231 caro
515 2177 762 2246 placere,
811 2177 964 2244 cujus
992 2175 1184 2230 artifex
1237 2182 1416 2229 tantus
1467 2189 1566 2229 est.
1610 2175 1713 2230 Sed
1760 2183 1814 2230 et

212 2267 478 2330 mundos,
514 2270 714 2337 inquis.
753 2269 844 2323 Dei
878 2285 1010 2338 opus
1032 2276 1142 2329 est.
1173 2277 1226 2321 et
1258 2279 1434 2322 tamen
1463 2268 1685 2337 prieterit
1721 2269 1808 2322 ha-

213 2358 349 2409 bitus
373 2360 525 2428 hujus
557 2359 730 2411 mundi
759 2400 772 2420 ,
809 2360 1066 2428 Apostolo
1117 2374 1325 2429 quoque
1360 2369 1578 2413 auctore
1610 2359 1652 2429 (l
1692 2359 1810 2414 Car.

217 2447 331 2517 γη)
363 2467 374 2499 :
407 2463 504 2502 nec
528 2446 723 2502 idcirco
753 2450 1017 2503 restitutio
1041 2449 1220 2503 mundi
1256 2449 1685 2518 praijudieabitnr
1709 2450 1810 2524 (9.),

211 2541 337 2608 quia
362 2542 450 2596 Dci
478 2557 612 2610 opus
642 2551 740 2595 est.
778 2542 841 2596 Et
867 2542 1050 2611 utique
1080 2543 1122 2595 si
1157 2542 1474 2596 universitas
1503 2541 1814 2597 irreforma-

212 2635 340 2688 bilis
370 2647 490 2703 post
537 2633 851 2700 decessum,
899 2634 1024 2706 quid
1058 2634 1269 2704 portio?
1300 2634 1490 2700 l’lane,
1543 2635 1584 2688 si
1639 2636 1813 2703 portio

211 2726 550 2781 universitati
579 2727 905 2796 atlzrqttatttr.
941 2727 1018 2781 Ad
1043 2726 1347 2781 distantiam
1379 2728 1520 2781 enim
1554 2741 1808 2795 provoca-

211 2837 354 2875 mus.
385 2821 559 2875 Primo
580 2822 792 2891 quidem
818 2863 831 2886 ,
862 2821 1002 2890 quod
1035 2821 1208 2874 omnia
1257 2836 1505 2876 sermone
1558 2821 1647 2875 Dei
1678 2819 1812 2875 facta

209 2922 368 2974 sunt,
397 2922 450 2965 et
479 2912 593 2966 siue
624 2913 714 2964 illo
754 2912 904 2965 nihil.
937 2909 1073 2965 Caro
1110 2921 1284 2965 autem
1327 2922 1381 2966 et
1423 2927 1669 2967 sermone
1723 2913 1813 2967 Dei

209 3004 449 3058 constitit
477 3013 690 3072 propter
710 3001 935 3058 formam
957 3045 971 3067 ,
998 3019 1064 3056 ne
1091 3002 1214 3072 quid
1242 3002 1358 3057 sine
1386 3017 1668 3056 sermone:
1707 3002 1812 3055 Fa-

209 3097 408 3149 ciamus
451 3096 593 3150 enim
635 3096 904 3160 hominem,
931 3104 1055 3150 ante
1105 3095 1379 3165 praemisit.
1428 3094 1496 3148 Et
1548 3097 1811 3165 amplius,

212 3203 376 3242 mann
399 3228 413 3252 ,
449 3198 664 3257 propter
693 3188 1059 3258 prmlationem
1083 3229 1096 3250 ,
1129 3202 1192 3240 ne
1223 3187 1551 3241 universitati
1592 3203 1810 3256 compa-

1919 1985 2034 2022 mus
2065 1971 2113 2022 in
2145 1986 2334 2027 manus
2369 1975 2479 2038 Dei,
2509 1990 2861 2047 quacumque
2885 1988 3028 2045 sunt,
3065 1983 3298 2050 pervenit
3321 2024 3334 2046 ,
3385 1987 3515 2042 satis

1919 2063 2132 2130 beatus,
2183 2068 2279 2120 ctsi
2333 2068 2670 2123 snluuuuodo
2713 2081 3011 2127 eontactus.
3061 2074 3193 2141 Quid
3243 2078 3416 2143 enim,
3469 2081 3514 2134 si

1917 2157 2060 2208 nullo
2090 2158 2317 2228 amplius
2342 2175 2536 2228 opere,
2568 2162 2747 2216 statim
2799 2163 3107 2233 figmentum
3153 2167 3219 2222 de
3266 2180 3515 2226 coularttl

1920 2247 2008 2302 Dei
2039 2249 2398 2305 constitisset?
2429 2251 2576 2306 Adeo
2605 2268 2788 2323 magna
2824 2271 2909 2309 res
2935 2258 3188 2326 agebatur
3211 2301 3226 2326 ,
3270 2278 3369 2329 qua
3418 2263 3514 2318 ista

1919 2340 2135 2394 materia
2168 2342 2558 2398 exstruebatur.
2591 2343 2771 2414 Itaque
2805 2348 2996 2402 totiens
3025 2348 3350 2417 honoratur,
3379 2371 3515 2422 quo-

1919 2433 2052 2486 tiens
2085 2447 2271 2487 manus
2305 2433 2393 2488 Dei
2425 2436 2649 2504 patitur,
2687 2435 2813 2490 dmn
2848 2440 3078 2509 tangitur
3106 2481 3119 2503 .
3149 2440 3271 2495 dum
3317 2443 3509 2498 dere:-

1917 2525 2058 2593 pitur
2078 2567 2092 2590 ,
2113 2525 2240 2579 dum
2262 2525 2574 2593 deducitur,
2599 2529 2723 2583 dum
2752 2529 3041 2602 effingitur.
3067 2532 3318 2605 Recogita
3346 2546 3514 2591 totum

1919 2615 1990 2668 illi
2025 2616 2187 2670 Deum
2217 2628 2530 2687 occupatum
2562 2634 2622 2672 ac
2665 2619 2901 2674 deditum
2934 2622 3015 2694 (4)
3041 2665 3055 2686 ,
3087 2640 3279 2691 manu,
3309 2641 3469 2681 stetisti
3497 2669 3512 2693 ,

1917 2724 2081 2779 opere
2108 2751 2121 2773 ,
2151 2710 2406 2774 consilio,
2443 2712 2700 2781 sapientia
2721 2753 2734 2776 ,
2765 2714 3092 2782 providentia
3122 2758 3137 2782 ,
3169 2727 3223 2772 ct
3260 2719 3368 2789 ipsa
3412 2721 3481 2775 im
3501 2752 3514 2762 -

1921 2803 2106 2872 primis
2133 2802 2446 2869 affectione,
2479 2820 2596 2874 qua:
2627 2805 2929 2862 liniamenta
2959 2807 3184 2864 ducebat
3209 2811 3306 2878 (ὅ).
3337 2813 3514 2878 Quod-

1918 2911 2144 2966 cumque
2171 2899 2311 2952 enim
2341 2897 2499 2952 limus
2519 2899 2945 2968 expritucbatur,
2992 2899 3063 2972 (ι)
3094 2902 3336 2960 Christus
3364 2909 3512 2976 cogi-

1919 2991 2127 3044 tabatur
2155 2989 2313 3043 homo
2360 2991 2568 3046 futurus
2596 3033 2609 3056 ,
2642 2993 2781 3061 quod
2815 3004 2866 3048 et
2909 2995 3097 3062 lintus,
3151 3007 3204 3052 et
3229 3015 3354 3052 caro
3403 3016 3516 3055 ser-

1919 3097 2005 3135 mo
2033 3080 2146 3151 (6),
2182 3081 2321 3151 quod
2350 3092 2402 3137 ct
2430 3091 2570 3138 terra
2599 3092 2740 3138 tunc.
2775 3085 2864 3137 Sic
2893 3087 3034 3140 enim
3066 3089 3308 3157 prtefatio
3338 3091 3515 3146 Patris

1919 3173 1983 3226 ad
2018 3172 2208 3227 Filium
2241 3191 2251 3226 :
2286 3172 2561 3229 Faciamus
2589 3175 2842 3229 hominem
2872 3177 2938 3230 ad
2967 3178 3236 3249 imaginem
3276 3192 3321 3234 et
3369 3184 3513 3236 simi-

214 3289 447 3333 ..arcmr.
480 3278 542 3332 Et
569 3280 748 3348 mm",
775 3281 943 3349 inquit
965 3322 977 3342 ν
1016 3278 1149 3332 De,“
1173 3279 1442 3331 [κηηίηεηι⁶
1473 3279 1673 3348 Magum
1702 3281 1816 3334 sine
1843 3299 1886 3359 Ο
1923 3263 2186 3317 litadinem
2211 3276 2452 3318 nostram.
2499 3263 2563 3318 Et
2594 3267 2708 3335 fecit
2757 3267 3009 3322 hominem
3061 3269 3214 3325 Deus.
3246 3272 3298 3326 Id
3335 3274 3516 3343 utique

211 3371 379 3423 dubio
400 3369 709 3424 tliﬂ‘erenti;e
737 3371 871 3423 ratio
893 3412 906 3434 ,
938 3386 1034 3440 pro
1055 3369 1359 3423 conditione
1382 3370 1585 3425 scilicet
1613 3387 1814 3426 rerum.

213 3464 419 3518 Minora
477 3463 618 3517 enim
666 3479 782 3532 qua:
816 3463 1044 3526 ﬁebant,
1084 3477 1150 3516 eo
1176 3462 1259 3516 cui
1291 3463 1506 3517 fiebant.
1541 3463 1813 3533 Siquidem

214 3556 421 3610 homini
455 3554 674 3617 fiebant,
707 3555 790 3610 cui
827 3572 947 3610 mox
976 3571 1004 3608 a
1034 3555 1144 3610 Deo
1185 3554 1395 3609 addicta
1440 3565 1584 3610 sunt.
1632 3556 1817 3610 Merito

213 3649 378 3718 igitur
399 3691 412 3714 ,
445 3646 523 3718 (τι)
563 3658 617 3700 ιιι
666 3648 855 3701 famula
879 3689 891 3708 ,
919 3648 1066 3716 jussu
1095 3657 1148 3702 ct
1180 3647 1402 3717 imperio
1426 3687 1440 3711 ,
1469 3656 1518 3700 et
1558 3648 1668 3702 Sola
1723 3665 1814 3701 vo-

211 3741 372 3795 cabili
420 3739 498 3810 (3)
536 3749 799 3810 potestate
841 3739 1089 3792 universa
1139 3747 1530 3809 processerant.
1585 3737 1817 3806 Contra,

215 3833 379 3885 homo
397 3873 411 3896 ,
439 3839 494 3885 ut
521 3831 771 3884 dominus
791 3847 977 3884 eorum
999 3873 1012 3896 ,
1041 3830 1091 3883 in
1117 3833 1216 3886 hoc
1243 3829 1310 3884 ab
1340 3831 1453 3899 ipso
1483 3833 1589 3886 Deo
1612 3843 1745 3888 esst:
1763 3850 1821 3888 u-

216 3934 340 3979 ctns
365 3935 475 3989 est,
512 3934 566 3978 ut
591 3924 839 3979 dominus
866 3939 985 3979 esse
1013 3933 1221 3994 posset,
1250 3923 1378 3979 dum
1410 3926 1480 3978 sit
1506 3939 1535 3977 a
1568 3924 1817 3980 Domino.

1922 3361 2061 3428 quod
2134 3359 2334 3423 finxit,
2413 3360 2476 3413 ad
2556 3361 2837 3431 imaginem
2920 3362 3012 3417 Dei

1925 3451 2129 3505 scilicet
2211 3451 2428 3506 Christi.
2502 3451 2568 3505 Et
2645 3454 2834 3507 Sermo
2900 3456 3044 3509 enim
3164 3458 3300 3514 Deus
3341 3503 3355 3524 ,
3423 3464 3512 3530 qui

1926 3545 1975 3595 in
2051 3542 2226 3612 eftigic
2302 3543 2390 3597 Dei
2444 3545 2763 3600 Constitulus
2808 3586 2823 3610 ,
2909 3545 3009 3619 (g)
3090 3565 3195 3605 non
3273 3554 3512 3622 rapinam

1923 3637 2242 3690 existimavit
2278 3637 2467 3706 pariari
2497 3637 2576 3708 (7)
2622 3638 2747 3692 Deo.
2789 3639 2864 3694 Ita
2897 3642 3056 3697 limus
3088 3644 3207 3711 ille,
3235 3645 3346 3716 jam
3386 3658 3511 3703 tunc

1925 3728 2208 3798 imaginem
2257 3728 2480 3782 induens
2510 3729 2707 3784 Christi
2750 3729 2912 3787 futuri
2944 3734 2994 3789 in
3021 3749 3203 3805 carne,
3238 3755 3342 3793 neu
3392 3751 3510 3795 latt-

1925 3830 2033 3874 tmn
2068 3820 2156 3874 Dei
2187 3835 2320 3886 0an
2366 3828 2500 3884 erat,
2529 3820 2624 3874 sed
2651 3832 2703 3875 et
2733 3823 2944 3893 pignus.
2999 3826 3116 3893 Quo
3159 3846 3298 3886 nunc
3348 3832 3471 3888 facit
3494 3877 3508 3898 ,

1925 3917 1988 3970 ad
2030 3914 2397 3970 infnscandam
2427 3915 2684 3984 originem
2709 3918 2906 3984 carnis,
2937 3935 3131 3976 nomen
3180 3933 3334 3981 terra:
3380 3943 3511 3985 vcn-

3105 3366 3226 3420 fecit
3309 3369 3451 3422 illum
3496 3412 3508 3433 ,

1471 4033 1852 4091 LECTIONES
1890 4027 2303 4088 VARIANTES.

276 4133 292 4192 (
308 4133 350 4192 t)
388 4131 756 4194 Vituperatione
779 4129 1058 4180 laudatione
1083 4129 1266 4194 dipnlsa
1291 4128 1440 4181 Illum.
1464 4127 1574 4180 cod.
1603 4126 1735 4180 Pith.

277 4195 350 4256 (2)
388 4193 734 4256 l’i'wjitdimtur
760 4195 908 4256 Rhea.

275 4253 347 4317 (ὃ)
390 4253 548 4306 V'ocali
577 4258 717 4305 Pam.
740 4253 890 4305 Rhea.

276 4316 352 4382 (4)
388 4318 674 4369 Dedicatum
698 4317 849 4369 Rhea.
878 4316 1028 4368 Seml.

1834 4288 1886 4346 Ι)

1974 4126 2045 4186 (5)
2086 4123 2328 4172 Ductahat
2349 4123 2491 4187 Papi.
2520 4121 2669 4171 Fran.
2697 4124 2909 4176 decebat
2929 4125 3078 4179 Rhen.
3105 4132 3317 4186 dictabat
3341 4134 3444 4187 alii.

1978 4189 2049 4250 (t3)
2082 4187 2257 4250 Sermo
2278 4190 2390 4234 car‘o
2407 4185 2560 4250 Fran:
2587 4187 2730 4250 Pam.

1974 4245 2040 4312 (η
2080 4249 2172 4298 Par
2198 4245 2347 4298 Rhea.
2370 4248 2500 4310 paria
2526 4247 2686 4298 Geten.
2715 4262 2881 4313 parem
2905 4265 3017 4303 esse
3041 4253 3145 4306 alii.

1577 4398 2136 4458 COMMENTARIUS.

288 4500 751 4570 CAl’.\’.—(a)lta
770 4517 859 4554 nos
877 4497 1407 4553 rhetoricaridlliuimc
1424 4497 1806 4570 libentergauli-

214 4576 307 4646 qui
354 4576 537 4646 Patres
560 4568 906 4646 philosophia:
925 4581 980 4646 et
998 4571 1313 4639 eloquentite
1338 4572 1478 4622 rivos
1505 4568 1804 4646 vertebant,

212 4641 352 4716 quos
383 4645 638 4716 modestia
671 4658 767 4716 sua
794 4642 1261 4716 continebant._ac
1302 4651 1578 4716 [ll‘OplQItfll
1621 4641 1804 4716 Situm:

213 4708 406 4785 magus
429 4715 503 4782 (ιι
523 4731 722 4785 recogn.
743 4714 801 4768 ll.
822 4710 1012 4780 Clem.)
1039 4710 1369 4785 c_t_.luliauus,
1395 4708 1808 4785 crtPurphyrius

215 4779 355 4856 apud
382 4779 688 4849 Eusebium,
709 4779 1028 4852 ohjieiebant
1046 4779 1364 4856 Christianis
1386 4779 1734 4856 philosophia:
1756 4790 1810 4835 et

215 4849 541 4928 eloquentia:
582 4849 929 4928 imperiiiatn;
963 4855 1054 4928 sed
1100 4867 1257 4928 q_uam
1301 4849 1452 4928 falso,
1485 4851 1809 4928 eonvincunt

215 4923 610 5000 elegantissima
641 4923 694 4981 et
720 4926 1069 5000 disertissima
1118 4923 1332 5000 Patrum
1374 4924 1669 5000 volumina,
1718 4923 1806 4991 qui

215 5004 284 5055 ab
306 4993 575 5055 ha-reticis
596 4999 763 5052 coacti
798 4998 946 5066 plena
980 4996 1175 5049 ﬂuenta
1203 4994 1475 5066 [ιιιιυιηιηιἐ
1501 4993 1627 5046 Lac.

289 5073 366 5142 (li)
395 5070 776 5142 Carpusculum,
794 5063 943 5142 :quod
974 5067 1163 5142 malum
1192 5066 1417 5142 denique.
1447 5063 1581 5142 Puto
1608 5067 1806 5142 Aucto-

217 5136 329 5198 rcm
349 5136 637 5211 respicere
668 5140 731 5193 ad
762 5136 1039 5194 Marcionis
1070 5137 1298 5191 ha'resiu
1328 5153 1342 5190 ;
1375 5137 1568 5211 quippe
1594 5136 1680 5202 qui
1699 5177 1712 5198 ,
1744 5151 1809 5188 co

217 5217 335 5284 ipso
365 5207 728 5282 quodicehat,
761 5225 955 5284 corpus
983 5216 1283 5284 creatuora
1318 5207 1475 5284 malo_
1507 5208 1612 5259 Deo
1643 5220 1692 5259 et
1741 5221 1806 5260 cx

217 5277 438 5340 materia
488 5285 662 5342 mala.
709 5277 962 5335 indirecte
1010 5277 1362 5333 concludebat
1409 5278 1566 5331 etiam
1612 5292 1807 5344 corpus

219 5358 417 5409 malum
447 5370 586 5410 esse.
618 5355 812 5409 Verum
838 5353 1072 5420 apertius
1100 5365 1223 5405 eum
1253 5364 1492 5403 errorem
1522 5356 1700 5418 postea
1721 5363 1807 5402 sc-

216 5430 321 5482 cuti
351 5436 476 5481 sunt
501 5425 793 5480 Manichmi.
829 5424 964 5480 Pu.

288 5499 364 5568 (c)
399 5495 466 5552 Ut
493 5495 772 5568 Menandro
799 5505 845 5549 et
877 5497 1054 5568 Marco
1080 5494 1264 5565 placet.
1288 5491 1522 5561 Angelos
1552 5487 1804 5568 mundum

215 5559 464 5634 creasse,
496 5577 549 5622 et
578 5567 796 5640 proinde
816 5569 974 5640 etiam
1006 5559 1285 5620 humanam
1311 5559 1524 5640 carnem
1543 5601 1556 5620 .
1588 5559 1803 5640 Meuan-

212 5643 294 5697 dri
327 5641 426 5694 fuit
475 5653 594 5711 cum
634 5637 855 5711 Simone
896 5638 1046 5711 Mago
1088 5638 1466 5711 suormagistro
1508 5637 1806 5711 coninmnis

213 5712 466 5774 heresis,
492 5708 648 5764 sicuti
673 5724 832 5778 supra
860 5702 1037 5762 videre
1066 5718 1148 5763 est
1175 5705 1268 5760 lib.
1302 5704 1364 5757 de
1385 5702 1682 5770 Prtescript.
1712 5703 1804 5754 ad-

211 5799 385 5837 versus
412 5781 671 5852 hatreticos
699 5797 817 5843 cap.
863 5779 948 5833 46.
981 5779 1114 5833 Ρη.
1143 5851 1149 5852 γ
1228 5848 1236 5852 Α
1409 5844 1420 5852 ,
1447 5845 1457 5852 α
1519 5842 1560 5852 _

285 5855 368 5918 (tl)
401 5851 468 5906 Ut
492 5853 705 5924 (urnula,
731 5842 876 5924 jussu
901 5861 946 5904 et
976 5848 1380 5924 imperio.Ac_tIle
1409 5844 1492 5898 hic
1519 5842 1802 5924 Tertullia-

210 5941 342 5990 nns,
364 5920 525 5992 ‘tttlttSi
548 5923 658 5993 jam
691 5933 813 5977 tunc
845 5923 896 5976 in
923 5937 1101 5977 rerum
1133 5920 1399 5975 creatione
1424 5931 1514 5973 eas
1542 5920 1682 5985 ipsas
1713 5920 1794 5969 iu-

1911 4503 2230 4569 anguraret,
2285 4507 2379 4569 seu
2429 4492 2714 4569 instrueret
2764 4493 2901 4550 Deus
2951 4499 3225 4569 servituti,
3277 4505 3508 4566 hominis

1913 4563 2154 4644 imperio.
2193 4564 2258 4618 Et
2280 4564 2428 4631 jussu
2461 4563 2780 4644 lactasunt;
2817 4581 2970 4644 secus
2997 4568 3188 4632 homo.
3213 4563 3303 4644 qui
3338 4563 3510 4634 domi:-

1914 4635 2012 4693 nus
2042 4639 2244 4720 [ultimus
2269 4645 2434 4717 esset,
2461 4651 2562 4688 non
2598 4635 2819 4720 imperio
2850 4635 3047 4705 factus,
3081 4645 3174 4698 sed
3206 4635 3270 4699 ad
3317 4649 3506 4720 inungi-

1915 4727 2033 4764 nem
2087 4709 2208 4768 Dei.
2241 4707 2329 4776 qui
2363 4707 2628 4774 imperans
2663 4716 2743 4759 est
2781 4747 2794 4768 .
2825 4721 3066 4775 suuunus
3098 4717 3263 4770 [actus
3309 4730 3391 4772 (εει
3423 4707 3506 4776 ῖιι,

1914 4780 2292 4860 ipsoDomiuo.
2324 4776 2452 4860 Nam
2476 4791 2595 4858 esse
2619 4777 2898 4843 imaginem
2928 4780 3018 4860 Dei
3045 4783 3312 4860 hominem
3339 4833 3350 4850 ,
3375 4793 3503 4860 jux-

1913 4848 1962 4926 ta
2000 4852 2210 4926 aliquos
2241 4848 2447 4926 Patres,
2478 4849 2746 4926 iit-rerum
2797 4853 3030 4926 omnium
3063 4855 3288 4926 imperio
3334 4848 3498 4918 stﬂctit.

1911 4916 2140 4977 Isidorus
2171 4921 2344 4974 Delus.
2377 4919 2468 4972 lib.
2499 4916 2584 4983 Ill,
2608 4917 2765 4987 epist.
2796 4920 2882 4975 95.
2911 4921 3041 4977 Lac.

1983 5016 2058 5080 (ρ)
2093 5011 2276 5072 llomo,
2313 5012 2364 5084 id
2393 5019 2465 5064 est
2500 5010 2672 5084 fimus.
2710 5028 2726 5059 ι
2768 5011 2957 5079 Adam,
2990 5014 3171 5084 homo,
3227 5021 3338 5074 sive
3396 5035 3503 5080 ter-

1914 5099 2093 5144 renns,
2125 5093 2217 5135 ant
2244 5082 2510 5150 indigena,
2542 5081 2621 5134 vel
2656 5091 2790 5134 terra
2821 5086 3000 5150 rubra,
3042 5107 3058 5137 ο
3106 5081 3179 5144 ait
3211 5091 3269 5145 D.
3306 5095 3498 5150 lliem-

1913 5169 2121 5227 nymus,
2148 5155 2210 5206 de
2244 5151 2396 5205 Nam.
2429 5151 2584 5205 Ilebr.
2621 5152 2751 5205 Eoo.

1980 5244 2302 5326 CAP.VI.—
2318 5243 2380 5313 (f)
2396 5242 2622 5297 Christus
2637 5244 2947 5326 cogitabatur
2968 5247 3116 5303 homo
3142 5256 3344 5326 futurus
3365 5262 3501 5326 quod

1910 5329 1953 5399 et
1982 5319 2132 5372 limus
2153 5360 2169 5399 _,
2196 5329 2239 5369 et
2262 5331 2598 5399 caroscrmo,
2625 5316 2761 5399 quod
2787 5327 2831 5370 et
2853 5328 2992 5399 terra
3011 5316 3157 5399 tunc:
3190 5325 3310 5382 [huc
3339 5316 3498 5399 aper-

1913 5390 2040 5443 liora
2079 5390 2323 5442 videntur
2349 5387 2776 5457 tlislinctionibus
2803 5387 3052 5444 adhibitis
3076 5435 3090 5457 ,
3126 5404 3180 5448 ut
3222 5399 3270 5451 itt
3319 5387 3501 5456 t-x'em-

1912 5461 2038 5540 plari
2061 5461 2337 5515 Pilhmano
2359 5456 2614 5511 :Chrislus
2643 5459 2953 5540 cogitabatur
2974 5456 3122 5518 homo
3143 5469 3343 5540 futui-ns
3364 5475 3501 5540 quod

1908 5541 1952 5585 et
1983 5533 2128 5586 limus
2159 5541 2205 5585 et
2233 5546 2384 5592 caro;
2413 5544 2573 5581 sermo
2599 5530 2734 5596 quod
2763 5539 2806 5581 et
2830 5541 2961 5585 terra
2989 5544 3124 5588 tunc.
3143 5530 3280 5593 'llto.

1979 5625 2058 5696 (g)
2090 5625 2206 5678 Non
2238 5625 2468 5694 rapinam
2496 5622 3013 5696 existimaritpariari
3047 5627 3170 5683 Duo.
3222 5633 3350 5688 Nam
3405 5640 3496 5695 Dei

1907 5707 1960 5752 et
1990 5692 2368 5769 DOtuini,_ltoc-.
2391 5693 2672 5769 estupatris
2697 5703 2765 5769 et
2794 5692 3013 5769 1"tlit__cx
3057 5716 3208 5769 a-quo
3243 5692 3498 5765 (Ιιγίηἰιείέ

1908 5778 2010 5849 est,
2043 5767 2208 5847 inquit
2224 5766 2443 5849 Gregor.
2467 5764 2691 5849 lla-tiens
2711 5763 2804 5849 Ililb.
2821 5766 2892 5849 .de
2909 5764 3036 5821 Fide
3053 5786 3064 5833 ;
3083 5763 3274 5849 deinde
3291 5763 3494 5849 adjicit;

1910 5843 1999 5922 Det
2033 5835 2174 5893 enim
2205 5840 2526 5922 voluntas‘et
2553 5835 2865 5903 cujuslibet,
2899 5852 3002 5894 non
3033 5850 3205 5899 tamen
3239 5847 3327 5903 Dei
3401 5835 3495 5922 ναξ

1907 5914 2043 5967 t'iare
2070 5925 2170 5964 non
2201 5917 2392 5978 potest.
2424 5908 2538 5960 Ilio.
