4250 6494
699 379 806 438 805

2114 379 2567 439 TEBTULLIANI

3881 379 4002 436 804

701 495 873 558 tilare,
909 502 962 548 ut
989 495 1272 558 sor-dentis,
1325 505 1378 549 ut
1421 497 1649 567 jacentis
1691 494 1986 552 elementi?
2028 507 2146 548 cum
2179 494 2278 548 etsi
2310 496 2358 555 Α
2387 508 2437 550 ct
2469 498 2594 560 Eva,
2623 497 2922 568 paradisum
2941 495 3112 562 exuti,
3139 495 3445 562 induerunt,
3476 496 3605 566 ipsa!
3629 504 3784 551 erunt
3803 497 3995 552 carnis

698 587 799 642 alii
855 589 1074 642 materia
1117 587 1451 643 est-ludendo
1505 589 1583 659 (I)
1634 589 1832 644 homini
1887 586 2232 650 continetis-set
2268 628 2281 649 ,

698 669 918 734 ariilicis
968 679 1230 747 fastigium
1306 680 1583 750 rceogitari
1639 685 1948 750 oporteret,
1997 693 2081 745 qui
2143 675 2284 729 illam

699 780 751 824 et
783 769 863 842 (Ξ)
914 769 1156 840 eligendo
1206 771 1418 841 dignam
1467 772 1780 842 jutticasset,
1813 783 1864 824 et
1895 769 2167 823 tractando
2205 769 2284 822 fc-

699 865 878 918 Ci>SCL
916 863 1122 918 Phidia:
1155 880 1363 928 manus,
1395 867 1470 934 ((ι)
1495 865 1677 920 Jovem
1702 865 2002 934 Oiympinm
2033 878 2096 914 ex
2123 862 2286 915 choro

697 953 896 1009 lnolit:e
928 997 942 1021 ,
977 956 1266 1010 adOrantur
1312 956 1410 1028 (5);
1454 973 1551 1010 nec
1597 957 1704 1025 jam
1759 957 1962 1018 Ιιιιδιὶςιι,
1992 966 2043 1008 ct
2073 952 2284 1023 quidem

699 1045 1093 1110 insulsissimae,
1129 1048 1264 1102 deus
1297 1061 1377 1102 est
1399 1089 1414 1112 ,
1447 1048 1540 1103 sed
1563 1064 1828 1101 summum
1853 1046 2031 1099 Sa-culi
2057 1060 2282 1107 numen;

700 1157 807 1196 non
837 1141 956 1211 quia
991 1141 1329 1212 elephantus,
1364 1142 1458 1196 sed
1487 1147 1608 1211 quia
1643 1140 1856 1194 Phidias
1889 1147 2062 1192 tantus
2097 1156 2109 1189 :
2147 1138 2285 1190 Deus

699 1233 870 1296 vivus,
903 1240 956 1288 ct
981 1234 1118 1288 Deus
1147 1249 1322 1299 verus,
1347 1250 1738 1304 quamcumque
1765 1236 1998 1286 materia:
2027 1231 2283 1284 vilitatem

699 1341 806 1380 non
838 1325 904 1380 de
932 1342 1023 1380 sna
1054 1329 1370 1396 operatione
1425 1337 1733 1397 purgasset,
1765 1335 1815 1379 ct
1845 1326 1910 1378 ab
1939 1322 2084 1378 omni
2137 1325 2280 1375 inﬁr-

701 1419 884 1473 mitate
931 1420 1216 1474 Sanasset?
1270 1422 1350 1472 An
1401 1419 1500 1473 hoc
1552 1420 1853 1488 sup.-rcrit,
1903 1427 1955 1469 ut
2011 1415 2285 1468 honestius

703 1509 862 1564 homo
894 1510 1083 1576 Deum,
1119 1527 1276 1580 quam
1326 1511 1593 1565 hominem
1641 1512 1776 1564 Deus
1827 1509 2076 1562 tinxerit?
2112 1507 2287 1572 Nunc,

700 1604 799 1656 etsi
833 1603 1141 1657 scandalum
1174 1603 1355 1667 limus,
1386 1602 1485 1655 alia
1511 1603 1619 1672 jam
1651 1618 1736 1656 res
1764 1608 1866 1656 est.
1901 1601 2125 1654 Carnem
2172 1599 2283 1667 jam

703 1706 881 1763 teneo,
917 1714 1020 1750 non
1067 1707 1301 1751 terrain:
1343 1697 1464 1750 licet
1488 1705 1541 1750 et
1583 1697 1657 1765 (1)
1711 1712 1836 1750 caro
1863 1695 2076 1760 audiat,
2134 1694 2289 1748 'l'erra

701 1809 772 1854 es,
805 1803 847 1844 et
875 1793 925 1844 in
955 1803 1142 1846 terram
1173 1793 1264 1847 ibis
1293 1809 1311 1853 ,°
1359 1793 1508 1861 origo
1540 1801 1866 1854 reccnsetur,
1901 1808 2005 1844 non
2036 1793 2286 1844 substano

2394 605 2459 644 ex
2495 591 2620 643 limo
2666 589 3006 652 reformatio;
3060 603 3178 641 cum
3211 587 3484 656 aliquanto
3535 589 3680 658 prius
3711 598 3764 642 et
3789 588 3996 651 Adam,

2396 683 2711 736 subsuuitia:
2741 697 2850 735 sua:
2898 682 3166 734 traducem
3201 683 3250 733 in
3285 679 3501 735 femina
3549 681 3667 748 (12)
3703 681 3814 749 jam
3863 695 3999 734 car-

2391 790 2508 827 nem
2526 775 2639 843 (15)
2661 775 3027 843 recognoverit
3042 775 3056 838 (
3073 772 3158 841 14)
3173 771 3306 825 :lloc
3325 789 3458 825 nunc
3475 789 3528 826 os
3551 789 3611 826 cx
3628 772 3821 827 ossibus
3841 772 3998 830 meis,

2391 879 2434 920 et
2461 884 2577 920 caro
2603 884 2664 919 ea;
2689 883 2839 920 carne
2865 881 3008 928 mea;
3035 875 3089 919 et
3117 865 3227 933 ipszi
3260 864 3512 918 dclihatio
3541 865 3765 919 masculi
3795 867 3846 917 in
3883 864 4000 918 ιω-

2391 963 2588 1015 minain
2617 977 2777 1014 carne
2805 960 3046 1028 suppleta
3077 960 3165 1022 sil,
3200 958 3357 1023 liuto,
3395 961 3617 1028 opinor,
3650 957 3958 1028 supplenda
3981 997 3998 1018 ,

2391 1053 2434 1105 si
2469 1054 2636 1106 Adam
2669 1052 2841 1106 adhuc
2873 1052 3052 1104 limus.
3086 1050 3409 1104 Obliteratus
3444 1053 3601 1119 igitur
3625 1059 3676 1104 ct
3699 1051 4002 1104 devoratus

2390 1155 2474 1201 est
2502 1148 2655 1200 liuius
2683 1148 2733 1199 in
2765 1161 3010 1200 carnem.
3043 1145 3266 1211 Quando
3293 1144 3316 1197 ?
3346 1159 3465 1197 cum
3518 1144 3686 1196 ﬂictus
3714 1153 3795 1196 est
3827 1143 4003 1196 homo

2393 1239 2448 1292 in
2473 1240 2706 1292 animam
2736 1239 2931 1303 vivam,
2961 1237 3029 1292 de
3065 1237 3152 1290 liei
3184 1237 3310 1292 ﬂatu
3335 1278 3348 1299 ,
3411 1251 3604 1306 vapore
3634 1236 3754 1303 (15)
3785 1235 4005 1289 scilicet

2392 1331 2584 1386 idoneo
2629 1333 2744 1401 (ιιι)
2800 1341 3005 1385 torrere
3047 1330 3441 1400 quodammodo
3498 1331 3681 1384 limum
3727 1332 3773 1382 in
3828 1329 4001 1384 aliain

2392 1425 2736 1493 qualitatem;
2780 1425 2929 1493 quasi
2977 1424 3026 1476 in
3081 1434 3272 1477 testam
3297 1465 3309 1487 ,
3349 1424 3417 1478 ita
3452 1425 3501 1475 in
3531 1438 3766 1476 carnem.
3817 1422 3911 1477 Sic
3940 1431 4002 1476 et

2394 1517 2552 1587 ﬁgulo
2591 1518 2712 1570 licet
2761 1516 3000 1585 argillam
3032 1527 3325 1584 temperato
3357 1517 3490 1586 ignis
3519 1516 3714 1568 adﬁatu
3745 1518 3792 1567 iu
3825 1524 4008 1568 matc-

2397 1614 2530 1667 riain
2584 1612 2938 1666 robustiorem
2996 1625 3341 1679 recorporarc
3364 1652 3376 1673 ,
3435 1619 3490 1664 et
3521 1609 3571 1663 in
3603 1611 3756 1662 aliain
3788 1625 3852 1662 ex
3886 1609 4007 1661 alia

2393 1703 2592 1772 lingere
2629 1701 2742 1772 (17)
2774 1703 3028 1771 speciem,
3061 1705 3319 1771 aptiorem
3355 1703 3605 1770 pristina,
3653 1712 3704 1756 et
3745 1703 3822 1754 sui
3875 1702 4003 1767 jam

2393 1797 2604 1867 generis
2629 1811 2689 1849 ac
2715 1797 2964 1849 nominis.
2993 1795 3122 1849 Nam
3156 1797 3256 1850 elsi
3280 1797 3534 1864 scriptum
3559 1804 3642 1849 est
3672 1796 3846 1862 (llam.
3875 1794 4006 1860 IX):

710 1889 779 1940 tia
812 1895 1112 1942 revocatur.
1172 1887 1357 1940 Datum
1403 1897 1484 1940 est
1550 1901 1670 1940 esse
1726 1884 1924 1953 aliquid
1969 1885 2048 1953 (ὃ)
2094 1884 2296 1952 origine
2328 1893 2373 1951 Β
2408 1886 2674 1956 Numquid
2702 1888 2886 1957 argilla
2908 1887 3036 1940 dicet
3067 1885 3180 1954 (18)
3212 1886 3370 1957 ligula
3397 1887 3418 1937 ?
3451 1887 3498 1939 id
3526 1897 3626 1950 est,
3659 1886 3816 1938 homo
3845 1884 4007 1947 Deo;

705 1980 1040 2049 generosius,
1067 1988 1121 2034 et
1147 1978 1514 2034 demutatione
1555 1977 1780 2031 felicius.
1831 1976 1958 2030 Nam
2006 1987 2061 2030 ct
2101 1993 2287 2031 aurum

707 2079 868 2134 terra,
902 2069 1022 2138 quia
1057 2069 1122 2122 de
1151 2078 1288 2122 terra
1319 2085 1332 2133 ;
1366 2069 1622 2122 hactenus
1652 2077 1826 2122 Lameu
1878 2078 2017 2122 terra
2046 2087 2056 2120 :
2090 2084 2154 2124 ex
2185 2085 2289 2137 quo

705 2176 914 2226 aurum,
951 2162 1105 2230 longe
1127 2161 1228 2214 alia
1263 2162 1506 2225 materia,
1559 2160 1890 2230 Splendidior
1938 2171 2094 2230 atque
2143 2162 2291 2214 nobi-

710 2255 810 2309 lior
839 2296 854 2323 ,
883 2255 950 2309 de
976 2255 1300 2309 obsoletiore
1327 2254 1402 2326 (6)
1433 2253 1673 2310 matrice.
1701 2253 1776 2323 (ὁ)
1802 2254 1873 2307 ha
1904 2264 1957 2308 ct
1985 2254 2093 2307 llco
2121 2254 2288 2325 licuit,

707 2350 884 2405 Carnis
904 2365 1114 2412 aurum,
1146 2349 1211 2404 de
1242 2350 1376 2412 limi,
1408 2350 1600 2418 quibus
1629 2358 1800 2416 putas,
1835 2346 2083 2400 sordibus
2125 2363 2288 2402 excu-

709 2451 826 2497 sato
847 2457 1034 2509 censu,
1056 2443 1343 2512 cliqnasse.

1321 2532 1546 2589 CAPUT
1589 2531 1700 2586 VII.

781 2629 882 2685 Sed
922 2626 1000 2700 (7)
1039 2628 1256 2683 dilutior
1301 2627 1537 2682 videatur
1595 2630 1883 2682 auctoritas
1923 2629 2130 2692 carnis,
2173 2631 2293 2698 quia

713 2740 815 2777 non
848 2725 1012 2793 ipsam
1049 2724 1258 2792 proprie
1285 2737 1472 2776 manus
1500 2721 1675 2774 divina
1709 2722 1986 2782 tractavit,
2041 2724 2177 2774 sicut
2229 2721 2294 2774 li-

713 2830 876 2869 tuum.
909 2813 1131 2883 Quando
1162 2816 1212 2868 in
1247 2814 1348 2868 hoc
1370 2815 1612 2867 tractavit
1643 2813 1846 2874 limum,
1878 2823 1932 2866 ut
1957 2813 2294 2880 postmodum

712 2923 835 2963 Caro
861 2910 1010 2962 ﬁeret
1042 2923 1108 2960 ex
1144 2906 1302 2970 limo,
1334 2906 1512 2960 carnis
1561 2903 1638 2976 (8)
1683 2907 1860 2974 utique
1883 2906 2148 2974 negotium
2174 2921 2296 2976 ges-

713 3001 799 3053 sit.
830 2998 932 3054 Sed
968 2996 1140 3050 adhuc
1175 2996 1332 3050 velim
1364 2995 1558 3058 discas,
1589 2999 1801 3066 quando
1829 3006 1883 3048 et
1923 2997 2190 3065 quomodo
2223 2995 2300 3064 (9)

716 3107 842 3146 caro
877 3091 1116 3146 ﬂoruerit
1148 3090 1262 3158 (10)
1293 3105 1356 3148 ex
1391 3089 1516 3142 lituo
1546 3090 1642 3155 (ε).
1683 3087 1862 3156 Neque
1893 3092 2066 3152 enim,
2102 3097 2154 3140 ιιι
2185 3089 2301 3155 qui-

713 3184 834 3239 dam
866 3183 1074 3250 volunt,
1109 3182 1214 3238 illa:
1269 3182 1492 3252 pellicia:
1523 3181 1567 3248 (1
1591 3183 1638 3249 1)
1669 3180 1891 3246 ιιιιιίοίι),
1944 3194 2077 3249 quas
2130 3179 2298 3235 Adam

2397 1989 2450 2034 et
2475 1981 2516 2032 si
2548 1979 2863 2046 Apostolus,
2887 1977 2952 2030 In
2977 1979 3222 2038 testaceis.
3255 1978 3328 2030 ait
3355 1976 3418 2047 (ll
3440 1976 3560 2031 Cor.
3596 1976 3682 2038 IV.
3712 1975 3786 2044 7),
3815 1992 4012 2030 vascu—

2397 2071 2462 2124 lis
2491 2086 2508 2134 ;
2533 2081 2705 2124 tamen
2735 2082 2786 2124 ct
2813 2071 3000 2139 argilla
3034 2070 3214 2134 homo,
3248 2071 3367 2138 quia
3399 2070 3559 2123 limus
3583 2079 3738 2132 ante;
3768 2078 3823 2122 et
3855 2078 4008 2122 testa

2395 2180 2540 2226 earn,
2561 2165 2760 2232 quiaex
2787 2164 2911 2216 limo
2932 2178 3024 2231 per
3045 2161 3161 2234 (19)
3185 2162 3410 2215 adﬂatus
3433 2161 3594 2214 divini
3616 2175 3862 2230 vaporem
3882 2159 4008 2228 (ά),

2400 2272 2560 2325 quam
2587 2265 2769 2324 postea
2805 2255 3025 2324 pelli-ia:
3057 2253 3270 2316 tunicae,
3304 2253 3353 2307 id
3381 2264 3480 2317 est,
3512 2263 3663 2307 cutes
3688 2252 4006 2321 superduc-

2406 2358 2494 2412 ιω,
2529 2349 2839 2403 vestierunt.
2877 2346 3057 2415 Usilue
3105 2347 3274 2411 adeo,
3329 2349 3373 2401 si
3430 2346 3728 2402 detraxeris
3769 2357 4008 2412 cutem,

2406 2441 2688 2495 nudaveris
2719 2456 2958 2493 carnem.
2995 2438 3095 2504 Ita,
3129 2439 3268 2508 quod
3295 2437 3454 2493 hodie
3475 2438 3700 2508 spoliqu
3739 2437 4009 2504 eﬁicitur,

2407 2534 2449 2585 si
2483 2530 2820 2594 detrahatur,
2859 2531 2957 2584 hoc
2988 2528 3084 2583 luit
3109 2530 3476 2584 indumentum
3505 2545 3628 2583 cum
3659 2539 4011 2598 superstruc-

2407 2625 2585 2677 hatur.
2625 2623 2754 2676 lliuc
2784 2633 2840 2678 et
2872 2623 3179 2692 Apostolus,
3207 2623 3668 2678 circumcisionem
3723 2623 4012 2690 despolia-

2404 2717 2598 2770 tionem
2628 2714 2802 2768 carnis
2842 2715 3050 2785 appella
3077 2731 3139 2780 is,
3176 2717 3408 2768 tunicam
3461 2723 3638 2768 cutem
3693 2716 4005 2769 conﬁrma-

2404 2810 2472 2861 vit
2505 2807 2642 2877 (ρο).
2676 2807 2798 2860 Ilmc
2824 2821 2946 2861 cum
2974 2809 3040 2860 ita
3073 2810 3198 2871 sint,
3247 2807 3414 2860 habes
3445 2818 3494 2859 et
3528 2807 3710 2859 limum
3733 2807 3800 2860 de
3831 2819 4013 2859 mauu

2404 2901 2496 2956 Dei
2521 2901 2832 2969 gloriosum,
2856 2910 2910 2955 et
2929 2916 3145 2955 carnem
3173 2901 3238 2955 de
3264 2901 3447 2955 afﬂatu
3477 2903 3570 2955 Dei
3599 2902 4014 2972 gloriosiorein,

2405 3011 2509 3065 quo
2539 2996 2736 3064 pariter
2761 3009 2886 3047 earo
2913 3003 2965 3047 et
2995 2995 3105 3047 limi
3131 2995 3428 3049 rudimenta
3485 2995 3759 3066 deposuit,
3790 3005 3843 3050 et
3872 2996 4014 3049 ani-

2407 3103 2507 3142 ma:
2534 3096 2847 3140 ornamenta
2876 3088 3129 3155 suscepit.
3164 3086 3278 3140 Non
3323 3103 3383 3142 es
3425 3088 3730 3158 diligentior
3757 3087 3883 3152 Deo,
3929 3089 4014 3145 uti

2410 3191 2463 3235 tu
2510 3180 2726 3250 quidem
2775 3179 3042 3251 scythicas
3067 3189 3119 3236 et
3151 3179 3351 3236 indicas
3381 3197 3644 3252 gemmas,
3670 3193 3725 3237 et
3756 3181 4015 3237 rubentis

1917 3318 2088 3374 LECT
2092 3318 2291 3376 1οΝΕὸ
2329 3319 2736 3377 VAllIANTES.

774 3442 847 3566 μ)
880 3439 1348 3510 Escudeudoﬂlien.
2325 3443 2370 3504 ρ

798 3503 846 3566 ..)
883 3504 936 3554 In
959 3505 1079 3566 add.
1108 3500 1210 3552 alit.
1427 3564 1456 3566 _
1596 3559 1648 3566 Η

798 3499 846 3569 :l)
883 3504 936 3569 in
959 3505 1079 3569 add.
1108 3499 1210 3552 alii.

779 3559 845 3627 ’5)
883 3565 1074 3616 Μοιιιιιι·
1097 3574 1149 3613 et
1171 3566 1392 3613 adoratur
1420 3564 1560 3612 Pam.
1588 3559 1738 3614 Rhea.

771 3569 844 3688 it)
879 3627 939 3678 Et
955 3627 1088 3678 deest
1107 3624 1234 3677 aliis.
1324 3685 1333 3688 _
1362 3685 1370 3688 Α

794 3629 844 3678 tl
879 3627 939 3678 Et
955 3627 1088 3678 deest
1107 3626 1234 3677 aliis.

778 3685 846 3754 (ὅ)
881 3690 935 3754 l_n
958 3690 1106 3754 inser.
1132 3688 1242 3739 cod.
1270 3685 1402 3754 Rith.

771 3750 843 3820 (ρ)
877 3752 1221 3820 Qtisotentiore
1253 3750 1403 3803 Rhen.
1429 3751 1548 3798 Jun.

793 3816 845 3878 7)
881 3814 954 3878 Ne
978 3814 1103 3878 add.
1125 3812 1230 3863 alii.

2471 3438 2570 3497 (tt)
2607 3436 2836 3486 Pelliceaa
2862 3436 3010 3497 sentt.
3038 3439 3180 3487 Pam.

2467 3495 2570 3556 (12)
2607 3498 2836 3548 Fleminae
2863 3495 3012 3548 Ithen.
3041 3500 3192 3550 Senil.

2466 3560 2569 3624 (l3)
2603 3561 2757 3610 t‘arne
2778 3560 2928 3610 Rlien.
2955 3561 3098 3612 senti.

2489 3624 2568 3684 11)
2601 3624 2906 3684 Coguovcrit,
2922 3625 3072 3674 Fran.

2495 3683 2568 3748 15)
2603 3683 2828 3748 Vaporco
2850 3683 2982 3748 then

2469 3745 2572 3809 (ιϐ’)
2609 3745 2842 3798 Ειίίηδετ.
2867 3745 3018 3798 Rhea.
3046 3749 3155 3798 cod.
3186 3745 3311 3798 Pitlt.

2465 3814 2480 3861 ι
2495 3812 2569 3872 17)
2605 3812 2866 3872 Stringere
2895 3809 3047 3862 ιυιεη.
3072 3809 3216 3861 sentt.

794 3871 844 3936 8)
880 3876 1018 3927 Carni
1043 3877 1195 3927 Blteu.
1494 3935 1500 3936 γ
2468 3873 2570 3936 (l8)
2606 3871 2860 3936 Dicitalii.

773 3933 842 4002 (at
885 3939 1136 3998 Quomodo
1161 3946 1212 3987 et
1229 3936 1422 4000 quando
1440 3935 1590 3988 Rlicn.
2477 3933 2559 3982 ’19⁷
2609 3934 2708 3983 Per
2731 3937 2862 3985 deest
2891 3933 2976 3994 niq
3026 3938 3146 3985 Ven.

773 4003 875 4060 (10)
913 4002 1132 4052 Fluxerit
1156 3999 1258 4050 alii.
2466 3937 2568 4060 iaci
2603 3997 2882 4047 Adﬁrmavit
2905 4001 3056 4048 Iuien.
3084 4007 3146 4048 se.

773 3996 875 4066 (10)
908 3996 1132 4052 Finxerit
1156 3996 1262 4050 alii:

2466 3996 2568 4060 (20)
2603 3997 2882 4047 Adﬁrmavit
2905 4001 3056 4048 Iuien.
3084 3996 3227 4048 sentt.

2088 4095 2636 4156 COMMENTARIUS.

788 4218 864 4290 (a)
901 4216 1077 4272 Jovem
1108 4215 1401 4286 Olympimn
1427 4229 1489 4290 ea:
1514 4212 1656 4290 ebore
1676 4253 1689 4272 ,
1732 4219 1838 4290 ctc.
1869 4208 2094 4290 Plinius
2116 4209 2205 4290 lih.
2237 4211 2304 4266 34

717 4280 900 4360 εθίιίὸ
926 4308 940 4344 :
964 4280 1255 4360 Minoribus
1285 4285 1583 4360 simulacris
1610 4283 1903 4360 signiSque.
1933 4280 2123 4348 inquit,
2157 4284 2306 4335 innu-

721 4354 869 4418 mera
902 4376 1068 4431 prope
1108 4357 1370 4431 artiﬁcum
1427 4355 1707 4431 multitudo
1734 4354 2010 4431 nobilitata
2043 4364 2154 4431 est;
2183 4364 2308 4431 ante

723 4421 915 4486 omnes
943 4421 1118 4485 taiuen
1169 4429 1381 4482 l’hidias
1435 4426 1815 4487 Atheniensis,
1867 4422 1998 4476 Jove
2059 4421 2307 4493 Olympio

725 4505 885 4570 facto,
911 4519 974 4557 ex
1007 4503 1168 4556 ebore
1199 4501 1435 4570 quidem,
1467 4496 1560 4550 sed
1611 4505 1663 4547 ct
1702 4510 1764 4548 cx
1812 4510 1941 4618 ιι·ιηίι
1961 4497 2110 4562 signa
2164 4496 2300 4548 fecit,

1947 4580 2068 4618 usa.

1947 4580 2068 4618 "EN.

802 4644 882 4717 (li)
923 4644 1004 4697 Ita
1033 4654 1079 4698 et
1115 4642 1220 4695 Deo
1248 4642 1384 4694 licuit
1430 4638 1596 4692 carnis
1641 4652 1844 4717 (ltll'lllll,
1879 4639 1939 4690 de
1971 4635 2078 4717 litui
2124 4636 2302 4705 quibus

733 4707 878 4788 pitius
927 4717 1155 4770 sordibus
1218 4721 1453 4788 excusato
1488 4725 1668 4788 censu,
1697 4707 1971 4787 eliquasse:
2014 4707 2304 4788 I'Ext-iisatus

734 4777 947 4850 ilicilur.
976 4798 1128 4842 extra
1155 4799 1367 4838 causam
1401 4783 1551 4851 legis,
1581 4779 1760 4832 Oneris
1782 4787 1876 4831 aut
1898 4777 2138 4831 criminis
2168 4779 2306 4848 posi-

737 4871 842 4914 tus.
889 4861 987 4925 Qui
1019 4858 1223 4910 scilicet
1249 4854 1428 4907 docuit
1463 4854 1512 4904 in
1557 4866 1616 4903 ea
1643 4866 1699 4925 se
1729 4865 1885 4902 causa
1933 4863 2036 4925 non
2067 4863 2218 4925 esse,
2252 4860 2307 4902 ut

738 4920 1099 4998 onere'aliquo
1120 4927 1232 4980 sive
1256 4925 1593 4998 accusatione
1618 4920 1792 4998 aliqua
1827 4922 2010 4998 ιιιριιιι2
2038 4921 2148 4973 sive
2191 4922 2306 4990 lege

739 5003 909 5068 aliqua
942 4991 1144 5053 censrri
1176 5007 1268 5049 aut
1299 4995 1464 5050 tem-ri
1495 4993 1703 5068 debeat.
1732 4993 1820 5068 Sic
1848 4991 1917 5044 Os
1943 4992 2054 5042 cibo
2089 5007 2304 5043 exuisti-

739 5064 849 5124 mus
869 5113 882 5132 ,
914 5074 1012 5124 hoc
1033 5079 1133 5132 cst,
1165 5068 1510 5122 abstinemus.
1540 5073 1592 5117 et
1613 5064 1858 5115 Cerviccni
1886 5071 2103 5114 nostrum
2126 5080 2155 5112 a
2174 5073 2310 5115 (unto

732 5143 857 5212 jugo
883 5151 1144 5195 excusant.
1187 5141 1276 5191 Sic
1305 5139 1460 5212 etiam
1496 5134 1602 5212 hic,
1638 5136 2043 5212 carnisturnsns
2091 5133 2191 5184 dici
2239 5135 2310 5186 ιι-

738 5205 928 5266 ιιυῖιιιιιη
955 5220 1244 5265 excusatus
1264 5208 1512 5262 sordibus
1541 5205 1669 5263 linzi,
1696 5207 1844 5272 quasi
1868 5205 2104 5256 sontium
2127 5219 2316 5257 exsors

740 5286 1068 5346 limuSarum,
1099 5290 1152 5334 cl.
1182 5281 1315 5332 libro
1345 5279 1406 5330 de
1448 5276 1590 5346 Virg.
1621 5275 1868 5336 relandis,
1899 5273 2018 5326 ("los
2060 5275 2316 5346 virgineus

737 5365 944 5406 rxcusat
966 5344 1237 5405 [nonanona
1269 5344 1555 5408 libidinem,
1578 5347 1676 5398 hoc
1699 5355 1800 5408 est,
1831 5355 2037 5398 recusat
2068 5344 2320 5399 humanm

738 5427 967 5477 libidinis
990 5425 1238 5476 maculas.
1275 5419 1648 5472 Verruntamcn
1674 5417 1930 5485 Septimio
1955 5424 2137 5468 nostro
2167 5432 2323 5470 mcu-

737 5505 839 5550 tcin
873 5496 1033 5550 fuisse
1062 5496 1216 5547 aliam
1246 5491 1510 5545 credimus
1539 5508 1551 5541 :
1582 5498 1632 5541 ct
1660 5503 1847 5540 aurmu
1894 5497 1946 5539 et
1985 5502 2202 5540 carnem
2257 5489 2323 5540 de

735 5581 874 5621 terra
929 5581 1045 5619 esse
1094 5567 1195 5627 ait;
1247 5573 1526 5629 utrumque
1574 5571 1750 5612 autem
1797 5559 2041 5612 manibus
2095 5558 2324 5612 artiﬁcis

731 5642 1024 5706 perfectum
1057 5638 1281 5689 transire
1299 5631 1665 5706 inmaterizun
1709 5630 1864 5706 longe
1892 5631 2092 5706 aliam,
2141 5631 2322 5706 splen-

727 5700 990 5762 didiorem
1019 5717 1178 5774 atque
1225 5702 1541 5758 nobiliorem
1589 5702 1656 5774 de
1699 5700 2039 5755 obsoletiore
2083 5700 2324 5774 matrice,

726 5789 785 5833 ut
805 5781 914 5848 jam
945 5793 1048 5832 non
1074 5771 1300 5848 amplius
1343 5783 1507 5848 terra,
1537 5771 1629 5826 sed
1672 5785 1866 5848 aurum
1891 5782 1944 5824 et
1971 5787 2099 5826 caro
2141 5772 2328 5848 dican-

721 5843 823 5907 tnr'.
856 5851 1043 5921 Imque
1067 5859 1120 5921 ut
1148 5843 1516 5903 Iicuitartitici
1555 5860 1740 5921 ani-uin
1769 5845 1834 5897 dc
1857 5851 1996 5898 terra
2041 5843 2328 5921 excmlere,

724 5950 751 5988 υ
807 5915 977 5981 runci-
1012 5920 1273 5978 violcuu’ri
1310 5926 1524 5975 coctum
1573 5917 1706 5972 adeo
1751 5930 1996 5988 purgare,
2027 5924 2082 5971 ut
2116 5915 2330 5971 tandem

2413 4215 2464 4268 in
2500 4212 2940 4282 perfectissimam
2975 4214 3217 4283 proﬁciat
3263 4217 3590 4282 bonitatem;
3636 4217 3706 4272 ita
3738 4218 3904 4272 etiam
3951 4219 4040 4270 \‘v-

2411 4286 2586 4340 (tuisse
2633 4300 2842 4338 summo
2889 4287 3126 4338 onminin
3177 4287 3368 4342 artilici
3419 4289 3549 4352 Deo,
3579 4290 3758 4343 carnis
3807 4301 4042 4342 nostra:

2415 4374 2600 4410 aurum
2625 4357 2691 4409 de
2722 4358 2848 4410 limo
2869 4359 3160 4420 excudere,
3185 4373 3246 4411 ac
3271 4359 3464 4412 virium
3492 4360 3804 4414 divinarum
3840 4362 4041 4412 torna-

2414 4430 2562 4482 ιιιιιιε
2589 4443 2865 4498 exeocium
2904 4439 2956 4480 ct
2993 4431 3285 4498 eliquatnm
3313 4431 3364 4482 in
3393 4431 3750 4485 nobili~siuue
3781 4431 4042 4486 materia:

2414 4515 2630 4553 ccusmn
2678 4496 2899 4562 relcrrc,
2951 4496 3172 4568 pristino
3207 4501 3297 4553 illo
3334 4511 3501 4556 terra:
3545 4517 3639 4554 seu
3697 4503 3810 4555 limi
3861 4518 4044 4556 censu

2334 4581 2383 4641 D
2413 4571 2658 4624 sordibus
2684 4581 2963 4623 excusato.
2994 4572 3230 4624 liensum
3299 4575 3576 4627 materiam
3617 4573 3789 4634 dixit,
3822 4574 4044 4641 qualis-

2409 4656 2636 4708 cumque
2667 4651 2968 4694 censeatur.
3002 4645 3336 4696 ltxcnsatum
3376 4661 3522 4702 vero.
3555 4661 3841 4704 escusnin,
3872 4645 3946 4694 ab
3974 4658 4045 4697 eo

2407 4715 2548 4782 quod
2593 4723 2674 4763 est
2724 4714 2921 4764 cudere
2950 4723 3004 4766 et
3033 4714 3337 4776 excudere,
3363 4715 3503 4768 unde
3533 4714 3737 4770 Cusare
3764 4727 3815 4769 et
3851 4715 4044 4768 Excu-

2409 4798 2550 4847 s'ire,
2581 4782 3028 4855 quemadmodum
3056 4785 3123 4836 al)
3173 4805 3239 4838 eo
3265 4788 3404 4854 quod
3438 4795 3520 4838 est
3546 4797 3794 4853 quatere,
3824 4787 4044 4855 jacere,

2413 4868 2654 4924 premere
2675 4895 2687 4914 ,
2713 4854 2936 4927 dicinms
2967 4870 3098 4923 quas
3125 4868 3264 4915 Sarc,
3309 4857 3531 4925 jactare,
3575 4854 3854 4927 pressare,
3891 4857 4048 4911 unde

2411 4937 2464 4980 ct
2517 4935 2864 4991 quassatum,
2918 4925 3227 4993 iactatum,
3295 4925 3632 4996 pressatum,
3703 4931 3851 4997 quod
3902 4929 4047 4982 alias

2415 5011 2685 5066 quassum,
2716 4997 2943 5063 iactum,
2979 5005 3033 5050 et
3066 5013 3330 5064 pt'eSsum.
3374 5001 3491 5054 lito.

2487 5067 2639 5120 CAP.
2691 5066 2980 5138 ιλιι-(ε)
3033 5067 3209 5139 Neque
3237 5076 3368 5124 enim
3395 5083 3445 5124 ut
3470 5073 3676 5140 quidam
3701 5071 3899 5126 volunt.
3939 5070 4050 5122 illa:

2419 5140 2623 5204 pcllitia:
2651 5142 2860 5203 cunicw,
2885 5156 3019 5207 quas
3048 5141 3208 5192 Adam
3239 5154 3283 5194 et
3316 5141 3420 5196 Eva
3447 5143 3740 5212 paradisum
3770 5142 3916 5212 exuti
3960 5142 4049 5212 iu-

2420 5212 2657 5271 ducrunt,
2691 5212 2814 5277 ipsa:
2846 5221 2994 5282 erant
3026 5213 3194 5264 carnis
3222 5228 3284 5266 ea:
3312 5211 3454 5268 limo?
3479 5213 3797 5282 reformatio.
3853 5211 4054 5279 Carpit

2423 5283 2746 5335 sententiain
2782 5281 3310 5346 \‘aleminiauornm,
3365 5285 3454 5353 qui
3511 5285 3783 5338 hominem
3839 5299 3867 5335 ει
3935 5284 4053 5336 Deo

2423 5363 2665 5404 creatum
2702 5354 2865 5425 luisse
2893 5353 3145 5408 dieebant
3174 5356 3430 5425 spiritalis
3467 5357 3782 5409 substantuc
3842 5369 4047 5414 censu,

2425 5433 2612 5497 postea
2642 5437 2770 5475 vero
2800 5423 2868 5476 de
2901 5425 3129 5492 paradisi
3163 5423 3382 5497 regione
3411 5427 3582 5496 ejects)
3607 5426 3887 5497 carnalem
3946 5442 4051 5497 su—

2429 5495 2703 5562 perﬁciem
2753 5504 3151 5562 supertextam,
3188 5495 3246 5551 ut
3281 5500 3390 5562 ait,
3444 5495 3703 5551 adversus
3755 5495 4049 5548 Valentia.

2434 5563 2526 5616 Vel
2561 5581 2612 5618 ιιι
2653 5563 2886 5619 lrenanis
2924 5568 3177 5622 adversus
3208 5571 3424 5623 eosdem
3475 5569 3704 5631 dixerat,
3731 5567 4057 5621 circumda-

2430 5643 2536 5708 tam
2596 5637 2762 5690 tuisse
2804 5637 3159 5692 dermatinam
3209 5642 3478 5703 tunicam,
3521 5643 3806 5708 δτρμήτινυν
3834 5651 4055 5704 χιτονι.

2430 5705 2518 5759 Sic
2561 5708 2899 5771 appellabant
2929 5723 3144 5762 carnem
3176 5711 3461 5766 obnoxiam
3510 5705 3714 5768 sensui.
3741 5716 3885 5764 “an
3922 5713 3978 5762 δὲ
4007 5717 4060 5762 τὲ

2436 5780 2668 5855 ςὶσθητόν
2716 5792 2903 5855 (parum
2937 5781 3060 5834 εἶναι
3083 5788 3284 5850 λέγουσι,
3320 5784 3481 5855 inquit
3509 5780 3648 5853 apud
3685 5780 4058 5850 Epiphaniuut

2438 5845 2694 5903 irenteus.
2740 5845 2858 5906 litt}.

2514 5920 2592 5994 (ιι)
2632 5919 2791 5990 Caro,
2824 5939 2972 5993 quam
2999 5931 3171 5998 postea
3204 5924 3417 5995 pelliciw
3439 5927 3647 5995 tunira',
3683 5923 3736 5978 id
3775 5933 3868 5992 est,
3922 5933 4063 5982 t'ttltl
