4250 6494
195 350 298 410 805

1332 358 1418 414 DE
1458 354 2031 416 RESURRECTIONE
2069 359 2338 420 CABNIS.

3372 369 3478 428 806

194 470 356 530 maris
407 483 571 540 grana
603 469 917 538 candentia;
968 485 1074 528 non
1103 471 1346 546 plumbo,
1381 487 1485 528 non
1517 489 1646 538 aere,
1677 489 1782 529 non
1811 474 1864 534 A
1888 470 2193 543 deputatur,
2233 491 2454 535 consors
2505 487 2560 536 et
2600 480 2909 540 cohaeredes
2939 483 3228 543 invenitur.
3261 484 3317 543 Si
3347 494 3481 544 tem-

195 561 360 629 ferro,
393 560 466 633 (α)
497 578 562 618 ne
593 573 814 634 argento
839 579 1052 634 quoque
1093 565 1416 636 oblaqnccs;
1448 565 1542 621 sed
1569 567 1782 622 eleCIis-

195 654 333 709 simo
385 665 438 709 et
464 657 680 726 insuper
705 657 1089 726 operosissiino
1117 657 1408 714 descrobes
1438 674 1602 726 auro;
1646 659 1783 713 vinis

196 750 320 804 item
350 749 428 823 (Ι)
455 760 510 805 et
553 753 838 822 unguentis
882 753 1284 823 pretiosissimis
1318 756 1618 827 quibusque
1659 771 1783 811 vas-

194 843 436 899 culorum
467 844 614 912 prius
638 846 1040 916 congruentiam
1083 862 1275 911 cures;
1307 847 1532 917 proinde
1560 847 1632 919 (b)
1662 863 1786 918 per-

191 938 344 994 fecta:
386 938 464 1011 (2)
511 940 792 1010 ferruginis
824 939 903 1011 (5)
944 940 1135 1011 gladiis
1188 942 1494 1011 vaginarum
1535 942 1785 1013 aquues

193 1031 508 1103 dignitatem
540 1050 555 1090 :
586 1034 726 1089 Deus
755 1048 884 1089 vero
922 1035 1116 1089 anima:
1147 1049 1257 1091 sute
1305 1036 1580 1103 umbram,
1623 1036 1784 1106 spiri-

193 1135 279 1182 tus
332 1127 414 1182 sui
442 1142 651 1195 auram,
695 1128 806 1183 oris
850 1127 932 1183 sui
960 1142 1204 1198 operam,
1235 1129 1500 1184 vilissimo
1528 1128 1597 1201 (e)
1626 1129 1782 1184 alicui

191 1219 524 1275 commiserit
579 1220 803 1289 capulo,
866 1230 921 1277 ct
964 1220 1180 1293 indigne
1238 1221 1552 1277 collocando
1600 1223 1782 1292 utique

191 1311 547 1367 damnaverit.
578 1308 876 1368 Collocavit
903 1324 1106 1379 autem,
1158 1327 1224 1366 an
1258 1314 1435 1382 potius
1476 1314 1701 1369 inseruit
1729 1322 1783 1368 et

191 1405 483 1460 immiscuit
524 1407 707 1475 carni,
752 1416 897 1462 tanta
929 1407 1144 1478 quidem
1187 1408 1571 1471 concretione,
1623 1416 1679 1462 ut
1706 1407 1787 1461 in-

190 1505 399 1552 certum
454 1497 638 1554 haberi
692 1500 861 1568 possit
916 1508 1165 1555 utrumne
1207 1514 1336 1555 caro
1387 1500 1662 1566 animam,
1717 1515 1787 1554 an

193 1602 416 1644 carnem
469 1589 648 1642 anima
687 1589 1054 1655 circumferat;
1111 1599 1358 1646 utrumne
1400 1591 1592 1644 animae
1635 1605 1785 1658 caro,

195 1697 264 1737 an
307 1681 483 1736 anima
527 1680 884 1753 appareat“)
915 1685 1083 1737 carni.
1127 1683 1232 1738 Sed
1274 1692 1329 1737 et
1355 1683 1431 1754 (5)
1475 1682 1644 1754 magis
1673 1683 1789 1737 ani-

1888 567 2168 635 poralium,
2222 583 2320 626 cur
2359 587 2466 628 non
2495 581 2550 629 et
2576 575 2946 632 aeternorum?

2476 662 2705 722 CAPUT
2735 665 2869 722 VIII.

1963 753 2031 808 Et
2054 754 2171 810 haec
2217 756 2455 828 quidem,
2503 760 2650 815 velut
2677 760 2745 816 de
2791 761 2998 832 publica
3034 762 3203 818 forma
3232 763 3481 821 humanae

1887 845 2206 902 conditionis
2244 849 2294 902 in
2356 847 2664 920 suffragium
2724 850 2803 924 (9)
2851 854 3000 909 carni
3049 859 3475 924 procuraverim.

1894 935 2178 994 Videamus
2220 956 2362 997 nunc
2390 941 2458 996 de
2500 944 2713 1013 propria
2742 945 2904 1000 etiam
2931 944 3209 1002 christiani
3243 950 3480 1004 nominis

1890 1027 2079 1095 forma,
2108 1042 2302 1100 quanta
2348 1034 2473 1089 huic
2501 1033 2832 1103 substantiae,
2866 1036 3071 1093 frivolae
3121 1054 3186 1094 ac
3211 1039 3440 1095 sordidae
3462 1081 3478 1106 ,

1889 1121 2025 1191 apud
2059 1122 2225 1178 Deum
2250 1127 2598 1195 prterogativa
2630 1127 2702 1182 sit
2731 1147 2744 1183 :
2778 1136 2832 1184 et
2852 1130 2896 1183 si
2919 1128 3188 1186 sufﬁceret
3215 1131 3311 1198 illi,
3337 1135 3478 1202 quod

1889 1216 2030 1270 nulla
2053 1217 2272 1272 omnino
2296 1225 2474 1273 anima
2498 1220 2724 1276 salutem
2752 1224 2926 1291 possit
2951 1224 3191 1294 adipisci,
3224 1226 3325 1280 nisi
3353 1226 3479 1282 dum

1888 1315 1969 1361 est
1998 1305 2113 1380 (IO)
2149 1308 2201 1362 in
2255 1323 2416 1365 carne
2456 1310 2780 1367 crediderit:
2813 1313 2948 1369 adeo
2989 1330 3116 1371 caro
3167 1318 3356 1374 salutis
3398 1330 3482 1375 est

1890 1399 2073 1454 cardo.
2139 1401 2379 1469 Denique
2429 1402 2565 1472 (ll)
2613 1419 2736 1458 cum
2795 1405 2974 1459 anima
3030 1406 3140 1463 Deo
3198 1409 3478 1478 allegitur,

1890 1492 2004 1563 ipsa
2036 1503 2120 1548 est
2165 1509 2285 1564 qua:
2329 1493 2495 1550 efficit
2534 1505 2590 1550 nt
2627 1497 2804 1551 anima
2845 1497 2998 1568 allegi
3031 1500 3218 1568 possit.
3266 1501 3486 1558 Scilicet

1895 1585 2009 1655 (12)
2040 1601 2167 1640 caro
2193 1585 2443 1653 abluitur,
2495 1598 2552 1642 ut
2597 1589 2775 1644 anima
2818 1591 3182 1657 emaculetur;
3215 1608 3342 1649 caro
3385 1612 3485 1650 un-

1891 1679 2052 1748 gitur,
2107 1687 2163 1732 ut
2203 1679 2381 1734 anima
2424 1694 2797 1749 consecretur;
2847 1698 2974 1740 caro
3017 1685 3277 1756 signatur,
3324 1697 3383 1744 ut
3429 1699 3482 1745 et

190 1792 343 1832 mam
367 1777 541 1831 invehi
571 1787 730 1848 atque
755 1776 1016 1833 dominari
1041 1777 1366 1834 credendum
1395 1787 1498 1841 est,
1532 1786 1591 1832 ut
1617 1777 1786 1847 magis
1815 1784 1864 1844 Β
1891 1771 2068 1824 anima
2106 1771 2401 1838 muniatur;
2442 1787 2569 1828 caro
2601 1789 2788 1840 manus
2814 1777 3152 1847 imPOSitione
3194 1781 3483 1838 adumbra-

191 1868 304 1924 Dco
331 1870 652 1939 proximam.
707 1869 818 1927 Hoc
847 1885 1061 1941 quoque
1089 1870 1154 1925 ad
1189 1871 1413 1940 gloriam
1443 1870 1620 1942 carnis
1649 1885 1786 1924 exu-

188 1962 367 2026 berat,
421 1962 562 2032 quod
610 1965 908 2033 proximam
950 1964 1060 2019 Deo
1108 1971 1162 2020 et
1204 1964 1468 2027 continet,
1516 1970 1569 2017 et
1618 1962 1786 2031 ipsius

189 2055 572 2111 dominationis
609 2066 910 2125 compotem
941 2065 1180 2126 praestat.
1210 2056 1377 2122 Quem
1406 2056 1549 2112 enim
1581 2065 1783 2111 natura:

188 2162 372 2211 usum,
401 2163 557 2218 quem
593 2148 774 2202 mundi
803 2147 1054 2216 fructum,
1097 2163 1252 2219 quem
1278 2149 1664 2204 elementorum
1697 2162 1785 2202 sa-

190 2256 405 2312 porem,
441 2255 545 2295 non
578 2255 670 2310 per
700 2255 915 2296 carnem
963 2242 1140 2295 anima
1180 2240 1518 2310 depascitur?
1562 2240 1785 2310 quidni?

187 2351 288 2406 per
337 2350 493 2405 quam
535 2335 683 2389 omni
739 2335 1094 2391 instrumento
1127 2349 1343 2391 sensum
1390 2335 1518 2389 fulta
1555 2344 1638 2390 est
1684 2334 1782 2406 (6),

187 2428 330 2493 visu,
364 2428 565 2492 auditu,
591 2436 767 2497 gustu,
795 2426 1042 2492 odoratu,
1071 2435 1351 2493 contactu;
1405 2441 1498 2495 per
1522 2441 1678 2495 quam
1705 2425 1788 2480 di-

187 2522 309 2573 vina
359 2528 620 2588 potestate
647 2533 892 2589 respersa
921 2527 1023 2582 est,
1049 2520 1178 2572 nihil
1208 2535 1312 2573 non
1341 2533 1593 2574 sermone
1623 2520 1785 2588 perli-

186 2615 341 2670 ciens
383 2613 464 2668 vel
493 2612 652 2666 tacite
685 2612 981 2682 pmmisso.
1017 2611 1077 2664 Et
1107 2625 1284 2665 sermo
1319 2611 1460 2666 enim
1490 2610 1558 2666 de
1585 2625 1786 2680 organo

186 2705 384 2762 carnis.
417 2716 533 2771 est;
581 2715 723 2761 artes
753 2720 849 2776 per
887 2719 1136 2769 carnem;
1171 2705 1368 2769 studia,
1419 2706 1659 2777 ingenia,
1696 2724 1789 2779 per

186 2813 444 2861 carnem;
473 2813 668 2868 opera,
703 2797 935 2868 negotia,
969 2795 1140 2850 ofticia
1163 2838 1177 2861 ,
1213 2811 1305 2865 per
1329 2811 1543 2852 carnem
1580 2817 1593 2852 :
1626 2809 1789 2870 atque

185 2889 329 2943 adeo
359 2888 439 2961 (ά)
488 2899 654 2942 totum
688 2889 863 2942 vivere
890 2887 1080 2941 animm
1129 2887 1306 2940 carnis
1349 2897 1451 2954 est,
1481 2888 1548 2959 (e)
1579 2899 1635 2943 ut
1680 2905 1786 2946 non

185 2981 377 3036 vivere
419 2981 611 3034 animm
650 2978 778 3032 nihil
827 2977 967 3031 aliud
1024 2977 1113 3037 sit.
1162 2991 1321 3046 quam
1350 2992 1378 3031 a
1410 2992 1572 3033 carne
1599 2979 1787 3035 dever-

1891 1875 1998 1930 tur,
2034 1875 2089 1920 ut
2139 1876 2194 1921 et
2234 1867 2411 1921 anima
2440 1867 2626 1936 spiritu
2675 1867 3036 1936 illuminetur;
3083 1887 3208 1928 caro
3253 1890 3481 1945 corpore

1891 1967 1945 2012 et
1973 1959 2229 2029 sanguine
2271 1957 2468 2014 Christi
2513 1960 2766 2027 vescitur,
2800 1970 2856 2015 ut
2898 1972 2952 2017 et
2989 1965 3163 2018 anima
3196 1965 3306 2021 Deo
3336 1970 3475 2038 sagi~

1891 2059 2048 2106 netur
2075 2050 2165 2123 (Γ).
2214 2050 2330 2106 Νοη
2367 2061 2604 2119 possunt
2649 2067 2776 2124 ergo
2827 2056 3065 2125 separari
3106 2057 3158 2111 in
3211 2061 3480 2126 mercede,

1892 2156 2026 2211 quas
2073 2156 2235 2212 opera
2282 2142 2574 2212 conjungit.
2627 2142 2760 2198 Nam
2796 2157 2851 2200 et
2887 2146 3147 2203 sacrificia
3177 2148 3288 2206 Deo
3311 2162 3481 2221 grata,

1891 2234 2311 2291 conflictationes
2337 2235 2457 2291 dico
2490 2237 2705 2304 animm,
2729 2237 2951 2308 jejunia,
2985 2249 3041 2295 et
3067 2256 3215 2297 seras
3234 2252 3289 2298 et
3307 2245 3486 2300 aridas

1891 2344 2064 2396 escas,
2095 2338 2151 2386 et
2178 2328 2255 2401 (g)
2287 2331 2612 2401 appendices
2642 2330 2800 2402 hujus
2835 2332 2994 2389 officii
3024 2335 3232 2399 sordes,
3265 2351 3392 2391 caro
3417 2339 3485 2394 de

1891 2421 2108 2492 proprio
2159 2436 2259 2478 suo
2299 2422 2638 2478 incommodo
2692 2423 2950 2480 instaurat
3002 2424 3142 2497 (15).
3195 2427 3484 2499 Virginitas

1889 2527 2098 2583 quoque
2124 2522 2178 2567 et
2208 2511 2456 2580 viduitas,
2490 2524 2545 2570 et
2574 2515 2654 2584 (Ii)
2693 2515 2934 2573 modesta
2985 2517 3038 2572 in
3061 2519 3270 2575 occulto
3301 2526 3483 2577 matri-

1889 2604 2053 2659 monii
2097 2602 2472 2669 dissimulatio,
2526 2614 2581 2661 et
2624 2622 2726 2662 una
2777 2608 2964 2663 notitia
3029 2613 3166 2679 ejus,
3213 2611 3281 2666 de
3330 2612 3486 2668 bonis

1891 2698 2071 2754 carnis
2099 2697 2210 2753 Deo
2238 2696 2526 2753 adolentur
2553 2697 2688 2768 (14).
2722 2701 2836 2770 Age
2859 2699 2992 2770 jam,
3023 2702 3148 2770 quid
3171 2702 3239 2757 de
3277 2719 3338 2758 ea
3363 2719 3487 2760 scn~

1895 2793 1984 2859 tis,
2015 2805 2138 2846 cum
2169 2790 2233 2861 (i)
2267 2806 2364 2861 pro
2386 2789 2617 2847 nominis
2645 2791 2749 2847 lide
2775 2792 2825 2846 in
2862 2791 3098 2848 medium
3135 2804 3404 2862 extracta,
3432 2808 3489 2852 et

1893 2885 2018 2940 odio
2062 2885 2276 2954 publico
2305 2884 2570 2954 exposita,
2603 2884 2883 2952 decertat;
2942 2901 3063 2942 cum
3097 2886 3149 2942 in
3179 2889 3484 2946 carceribus

1893 2987 2212 3041 maceratur,
2265 2977 2541 3032 teterrimo
2584 2977 2719 3032 lucis
2771 2979 2953 3042 exilio,
3005 2981 3225 3050 penuria
3264 2984 3483 3045 mundi.

188 3087 308 3129 tcrc
337 3092 349 3127 :
382 3074 458 3127 sic
488 3074 645 3127 etiam
691 3073 859 3143 ipsum
903 3072 1036 3126 mori
1071 3071 1248 3126 carnis
1298 3080 1397 3134 est,
1443 3072 1596 3142 cujus
1633 3084 1685 3128 et
1712 3075 1787 3129 vi-

1894 3069 2177 3140 squalore,
2229 3068 2482 3138 pmdore,
2537 3072 2862 3126 contumelia
2922 3074 3126 3141 victus;
3185 3091 3253 3131 ne
3297 3091 3488 3132 somno

184 3182 341 3223 vere.
372 3167 555 3230 Porro,
591 3166 634 3219 si
687 3166 927 3220 universa
958 3180 1053 3236 per
1090 3179 1306 3220 carnem
1351 3165 1628 3235 subjacent
1669 3169 1782 3223 ani-

184 3273 317 3323 inm,
344 3257 488 3312 carni
508 3272 716 3326 quoque
744 3257 1052 3325 subjztccant
1072 3255 1173 3326 (7),
1197 3272 1293 3326 per
1319 3258 1457 3326 quod
1482 3261 1646 3314 utaris
1678 3260 1777 3332 (8),

185 3362 418 3404 necesse
444 3358 544 3403 est.
578 3348 648 3402 Ita
677 3363 822 3414 caro,
851 3348 974 3402 dum
1007 3347 1247 3402 ministra
1269 3358 1323 3404 et
1362 3349 1559 3407 famula
1589 3352 1782 3409 animae

285 3513 334 3579 ι)
355 3513 498 3579 Υἰηίδ
515 3514 632 3563 item
657 3525 748 3579 tum
773 3511 996 3579 leguntur
1016 3509 1066 3562 in
1089 3510 1221 3579 Pith.
1248 3509 1402 3563 Rhea.

273 3578 329 3640 2)
355 3573 841 3640 PerspecuegFran."
857 3573 1079 3638 perfecte
1104 3574 1257 3628 Rhea.

277 3636 328 3699 5ξί
360 3638 685 3699 Ferrugineis
699 3636 868 3689 dilicti;

278 3697 334 3752 4)
361 3697 541 3751 Pareai
554 3697 703 3752 Eheu.
729 3699 883 3751 Seml.

251 3762 328 3824 (5)
356 3763 458 3814 Etsi
483 3765 626 3813 Pam.
653 3762 805 3824 Fran.

254 3823 337 3887 (6)
368 3825 620 3875 Fulciatur
643 3823 794 3887 Ithen.

250 3886 330 3954 (⁷7)
356 3889 622 3952 Subjacent
639 3886 747 3953 Rig.
784 3896 896 3938 Ven.
919 3886 1072 3938 Seml.
1101 3887 1286 3937 Forsan
1305 3887 1576 3950 subjaceat.
1600 3886 1724 3937 Enn.

1883 3164 2098 3238 quidem
2147 3162 2348 3227 libera,
2397 3163 2593 3233 quippe
2643 3165 2771 3235 ipsis
2819 3165 2979 3220 etiam
3010 3167 3273 3224 cubilibus
3310 3171 3486 3227 vincta

1886 3261 2124 3331 ipsisque
2172 3256 2479 3312 stramentis
2531 3256 2832 3324 lancinata;
2875 3272 2995 3313 cum
3034 3257 3146 3332 jam
3185 3269 3240 3315 et
3287 3261 3338 3315 in
3367 3263 3488 3318 luce

1885 3353 2030 3408 omni
2063 3349 2132 3423 (j)
2179 3356 2564 3403 tormentorum
2607 3349 3008 3407 machinatione
3045 3351 3307 3417 laniatur;
3363 3366 3485 3407 cum

1434 3444 1810 3503 LECTIONES
1846 3442 2260 3502 VARIANTES.

1979 3513 2030 3579 8)
2056 3514 2174 3579 Cum
2197 3527 2258 3563 eo
2280 3513 2434 3579 utaris
2454 3513 2574 3579 add.
2597 3516 2738 3579 I_’(Mt.
2774 3512 2883 3579 Rig.
2918 3524 3030 3566 Ven.

2048 3575 2299 3644 (Stili'ragia
2315 3573 2467 3644 Rhegi.
2495 3574 2643 3627 Seml.

1987 3634 2061 3691 10)
2081 3639 2168 3690 Est
2188 3634 2339 3688 οἱηὶει.
2363 3634 2467 3686 alii.

1981 3698 2062 3762 11)
2088 3700 2164 3749 De
2188 3713 2282 3762 qua
2314 3698 2472 3762 Rhea.»

1982 3759 2059 3814 12)
2084 3763 2183 3813 Sed
2208 3759 2261 3811 et
2275 3759 2425 3814 alien.
2450 3763 2592 3810 Pam.

1982 3820 2060 3875 15)
2087 3825 2389 3875 Instauratur
2406 3820 2558 3874 Rhea.

1956 3829 2038 3884 (l5
2087 3829 2389 3875 Instauratur
2406 3829 2558 3874 Rhea.

1956 3829 2062 3952 (ll)
2087 3886 2361 3938 Adolantur
2384 3885 2536 3938 Rhea.
2573 3885 2725 3935 Seml.

1569 3970 2130 4046 COMMENTARIUS.
2186 4012 2193 4016 .

179 4071 520 4143 superducta
535 4070 822 4143 vestierunt.
852 4067 1034 4138 Itaque
1055 4065 1348 4143 Septimius
1363 4065 1616 4143 pellicias
1648 4066 1789 4119 tuni-

178 4137 285 4198 ca's
314 4151 472 4228 cutes
499 4139 661 4196 fuisse
691 4147 904 4203 censet,
934 4137 1060 4204 non,
1087 4149 1145 4192 ut
1175 4137 1542 4201 Valentiniani,
1573 4151 1788 4191 carnem

179 4216 390 4284 ipsam.
437 4211 553 4268 th.

266 4285 347 4356 (ει)
377 4281 477 4356 ΔΝεξ
502 4291 708 4356 argento
724 4297 922 4356 quoque
947 4280 1229 4356 oviaguees.
1261 4278 1334 4332 Ita
1365 4286 1510 4356 recte
1535 4278 1793 4334 divinavit

181 4349 482 4423 legendum
505 4349 812 4415 Rhenanus,
835 4349 924 4423 qui
951 4351 1078 4406 illud
1103 4349 1365 4423 oblaquees
1386 4349 1788 4423 interpretatur,

179 4420 380 4489 id—est,
412 4425 735 4490 circumdes,
761 4420 964 4492 cingas,
1001 4420 1263 4480 includas.
1300 4432 1357 4475 ut
1385 4420 1515 4492 sita
1547 4420 1664 4475 lacu
1693 4421 1793 4475 de-

1896 4075 2105 4140 mortua
2131 4072 2243 4129 est,
2273 4063 2395 4119 ideo
2424 4077 2773 4140 cum-organa
2801 4064 2979 4140 carnis
3005 4065 3297 4140 materialia
3322 4070 3491 4140 impe-

1894 4138 2128 4202 diuntur,
2155 4143 2331 4204 torpet
2350 4136 2550 4198 anima,
2577 4142 2635 4187 ut
2659 4134 2729 4205 nil
2752 4136 2961 4203 operari
2991 4138 3178 4205 possit.
3204 4138 3328 4195 Haec
3348 4134 3490 4196 enim

1895 4209 1980 4264 lex
2011 4210 2120 4262 sive
2149 4207 2378 4261 societas
2404 4205 2506 4258 lata
2528 4213 2628 4266 est,
2658 4204 2783 4258 dum
2816 4216 2940 4260 sunt
2965 4204 3128 4262 unitas
3148 4222 3275 4264 caro
3305 4222 3357 4265 et
3378 4216 3492 4265 ani-

1897 4295 2001 4341 tna,
2023 4290 2075 4332 ut
2095 4278 2207 4331 haec
2223 4277 2422 4346 absque
2448 4274 2689 4330 subsidio
2709 4275 2848 4331 illius
2873 4277 2945 4331 nil
2972 4277 3191 4334 efﬁciat.
3224 4280 3491 4337 Prmteren

1896 4350 2257 4406 Tertullianus
2290 4363 2382 4416 per
2411 4347 2572 4401 vivere
2612 4354 2667 4401 et
2705 4348 2860 4400 vitam
2889 4349 3074 4403 anima:
3118 4348 3208 4405 hic
3237 4353 3488 4414 intelligit

1896 4420 2323 4476 informationem
2354 4419 2549 4471 animae
2569 4458 2584 4484 ,
2615 4427 2668 4490 et
2697 4419 2858 4472 vitam
2887 4434 3047 4490 quam
3076 4432 3290 4478 caussat
3321 4422 3488 4478 infor-

179 4487 417 4551 dnctnm
443 4496 665 4552 verbum
692 4487 958 4564 oblaqueo,
983 4493 1278 4562 cujusmodi
1307 4502 1359 4546 et
1381 4491 1792 4615 quod-sequitur
1815 4509 1870 4570 Ι)
1897 4493 2130 4547 matione
2159 4505 2253 4543 sna
2284 4491 2336 4544 in
2367 4502 2582 4570 corpus.
2619 4487 2747 4544 Lac.

180 4568 480 4615 descrebes-
517 4570 567 4615 id
619 4575 734 4615 est-
765 4567 1002 4615 inseras-
1031 4579 1060 4615 a
1086 4561 1260 4615 scrobe
1282 4604 1294 4615 .
1327 4561 1376 4615 id
1424 4571 1506 4615 est
1547 4577 1576 4614 a
1634 4577 1786 4615 ovea.
1966 4562 2119 4615 CAP.
2151 4561 2286 4615 VlIl.
2318 4591 2388 4601 --
2415 4558 2479 4615 (ll
2510 4558 2643 4615 Caro
2682 4561 2747 4613 ab

180 4568 480 4627 descrobes,
517 4570 568 4620 id
619 4575 735 4633 est,
765 4561 1002 4629 inseras,
1031 4561 1060 4617 a
1086 4561 1260 4618 scrobe
1282 4604 1294 4626 ,
1327 4561 1376 4616 id
1424 4571 1506 4617 est
1547 4577 1576 4614 a
1612 4561 1786 4618 fovea.

179 4639 293 4694 Est
320 4650 494 4692 autem
519 4637 818 4691 adnotanda
850 4637 1006 4706 Angl.
1036 4650 1136 4690 ms.
1165 4633 1408 4689 Vaticani
1438 4633 1649 4703 antiqua
1679 4634 1790 4689 lec-

181 4712 292 4774 tio,
327 4710 594 4780 farraginis
617 4723 710 4777 pro
742 4708 1034 4780 farraginis.
1075 4706 1212 4780 Part.

273 4774 358 4847 (li)
405 4774 648 4852 Perfecta:
673 4774 1218 4852 farraginisgladiunt.
1255 4774 1345 4852 Sic
1387 4774 1791 4832 etttendavimus

179 4869 258 4908 ex
283 4846 570 4906 Pithmaiio
599 4846 1158 4918 codicefquod'antca
1191 4846 1495 4918 legebatur_,
1520 4857 1791 4916 perspecta:

181 4924 492 4996 ferruginis.
529 4921 822 4996 Perfectam
852 4916 1172 4996 ferruginem
1205 4919 1331 4972 dicit
1357 4916 1608 4996 perfectae
1641 4919 1792 4996 boni-

182 4988 328 5070 iatis
345 4988 556 5048 'ferrutn
580 5035 593 5054 .
640 4992 793 5059 cujus
819 5000 910 5070 est_
935 4992 1079 5070 acies
1110 5005 1253 5070 mera
1279 5006 1292 5055 ;
1323 4988 1421 5070 nec
1445 4988 1619 5043 solum
1648 4990 1791 5070 inge-

180 5065 292 5121 nio
326 5079 479 5120 vente
509 5073 790 5132 praestans,
818 5062 912 5116 sed
940 5072 993 5116 et
1037 5062 1254 5132 factura,
1298 5060 1570 5132 sedinquzn
1601 5060 1791 5115 nobili-

184 5145 347 5199 tate,
375 5135 458 5189 cui
482 5131 710 5190 subinde
736 5134 974 5189 candens
1006 5131 1354 5200 immergitur.
1387 5131 1505 5186 th.

279 5206 354 5277 (c)
399 5207 562 5260 Alieni
599 5206 902 5260 commiserit
931 5205 1132 5277 capulo.
1160 5201 1367 5277 corpus
1394 5201 1642 5271 capulum
1674 5201 1790 5256 ani-

180 5272 308 5334 mae
331 5272 522 5349 S‘ocat,
558 5278 606 5349 id
635 5286 718 5332 est
745 5272 1158 5349 receptaculum.
1204 5272 1374 5349 eaex.

283 5348 365 5419 (d)
389 5347 432 5400 Τ
433 5341 570 5401 olnm
585 5341 744 5402 vivere
758 5341 942 5400 animae
961 5346 1127 5398 carnis
1156 5353 1242 5419 est.
1274 5343 1559 5419 Verissime
1576 5341 1792 5419 dictum,

182 5413 446 5477 ditni'est
477 5419 618 5473 unita
645 5419 857 5488 corpori
886 5421 1080 5479 anima,
1110 5415 1229 5488 quia
1261 5414 1388 5467 nihil
1417 5423 1666 5488 operatur
1695 5413 1797 5488 nisi

183 5507 305 5565 per
321 5505 519 5565 organa
539 5483 867 5565 carnis,'imo
896 5483 1184 5565 intellectio
1207 5486 1340 5565 ipsa,
1364 5501 1481 5553 qua:
1504 5483 1799 5565 ipsius‘vcl-

186 5554 282 5619 isti
326 5554 522 5614 anima:
551 5560 821 5632 peculium
849 5569 960 5632 est,
992 5573 1094 5612 non
1120 5559 1169 5632 lit
1204 5557 1303 5609 nisi
1333 5571 1454 5632 cum
1486 5554 1794 5632 dependen-

187 5635 278 5690 tia
309 5625 609 5700 specierum
640 5630 991 5684 materialium
1021 5638 1070 5682 et
1104 5626 1507 5700 phantasinatis.
1540 5625 1670 5700 Lac:

285 5696 363 5774 (e)
412 5702 479 5757 Ut
521 5718 620 5756 non
648 5703 809 5774 vivere
849 5701 1033 5774 anima:
1058 5699 1132 5752 nil
1160 5698 1304 5751 aliud
1343 5698 1440 5762 sit,
1474 5707 1577 5774 e_t_c.
1627 5696 1797 5774 Etiam

187 5767 314 5832 hoc
341 5767 546 5848 dictum
571 5773 808 5848 auctoris
833 5772 922 5848 illo
950 5786 1111 5848 sensu
1142 5785 1327 5825 verum
1355 5777 1456 5848 est.
1496 5767 1626 5822 Nam
1649 5808 1662 5831 ,
1697 5767 1798 5848 nisi

189 5861 310 5921 per
335 5845 632 5903 ministeria
662 5842 958 5912 corporalia
984 5841 1060 5898 nil
1086 5849 1336 5911 operatur
1370 5838 1543 5895 anima
1577 5849 1630 5894 et
1655 5838 1800 5894 velut

1966 4562 2119 4616 CAP.
2151 4561 2286 4616 VlIl.
2316 4591 2388 4634 1-
2415 4558 2483 4634 (l’)
2510 4558 2643 4634 Caro
2682 4560 2924 4634 abluitur,
2958 4578 3078 4616 caro
3105 4565 3342 4634 ungitur,
3373 4582 3493 4620 caro

1893 4635 2144 4705 signatur,
2175 4641 2277 4705 etc.
2309 4630 2676 4705 Strictim‘hoc
2696 4630 3136 4705 loco_recensuit,
3158 4630 3254 4705 sed
3274 4630 3459 4705 apposi
3476 4668 3496 4679 ο

1897 4700 2100 4759 tissime
2112 4704 2401 4775 declaravit
2419 4701 2771 4775 Baptismum,
2791 4700 3128 4775 Unct_ionem,
3149 4700 3492 4775 Signacuhnn

1896 4775 2089 4837 crucis,
2133 4774 2380 4828 Mannum
2428 4770 2862 4838 impositionem,
2906 4770 3316 4830 Eucharistiam.
3372 4778 3490 4832 Ille.

1909 4866 1914 4874 ο
1971 4845 2046 4916 (g)
2110 4843 2619 4916 Appendicesﬂlmjus
2663 4844 2835 4916 oﬂicii.
2872 4843 3015 4899 Alibi
3057 4844 3192 4901 dixit
3235 4847 3497 4904 horrorem

1899 4914 2082 4972 cineris
2109 4927 2155 4988 et
2183 4914 2582 4988 asperitudinem
2607 4917 2767 4988 sacci.
2803 4914 3006 4988 Quibus
3033 4917 3194 4988 etiam
3229 4917 3497 4988 addebant

1899 4989 2014 5042 hare
2038 4984 2344 5109 Lacilliaaa,
2376 4984 2630 5049 illuviem,
2655 4984 3027 5054 imbalnitiem,
3057 4986 3494 5056 imperfundiem,

1900 5059 2180 5109 incuriam.
2308 5067 2377 5109 te.

1899 5059 2180 5113 incuriam.
2260 5059 2377 5111 Rle.

1972 5127 2052 5199 (li)
2095 5127 2327 5182 Modesta
2365 5127 2650 5199 inocculto
2678 5127 2988 5181 ntalrimonii
3014 5127 3372 5184 dissimulatio.
3406 5132 3493 5186 Si-

1899 5198 2116 5269 gniliCat
2149 5199 2260 5270 ipsa
2293 5198 2615 5252 matrimonii
2643 5208 2872 5263 secreta,
2903 5213 3021 5270 qua;
3063 5199 3201 5253 libro
3240 5200 3308 5254 ad
3357 5201 3500 5255 Ua‘o-

1898 5289 2006 5325 rem
2047 5270 2118 5337 ll,
2161 5269 2323 5340 penes
2361 5277 2571 5340 sanctos
2616 5283 2736 5324 esse
2779 5269 3056 5340 aitioflicia
3084 5285 3281 5338 sexus,
3309 5286 3373 5327 ac
3399 5273 3497 5325 ile-

1901 5342 2030 5398 bere
2060 5339 2180 5396 cum
2214 5339 2417 5412 honore
2463 5339 2630 5410 ipsius
2674 5339 3042 5412 necessitatis,
3089 5351 3357 5412 tamquam
3402 5345 3500 5398 sub

1902 5413 2072 5469 oculis
2104 5412 2196 5467 Dei
2217 5451 2230 5473 ,
2260 5410 2502 5465 modeste
2522 5424 2585 5464 ac
2609 5410 2884 5481 moderate
2912 5411 3151 5481 transigi.
3217 5410 3353 5470 'Rte.

1975 5482 2038 5554 (i)
2081 5482 2187 5536 Pro
2230 5482 2444 5554 nominis
2491 5481 2610 5554 ﬁde.
2662 5479 2777 5554 Non
2835 5481 3001 5536 semel
3050 5479 3426 5538 adnotavimus
3470 5502 3499 5537 τι

1903 5551 2236 5610 Tertulliano
2253 5552 2383 5607 etB.
2404 5551 2670 5622 Cypriano
2687 5553 2938 5623 usitatum
2961 5568 3142 5607 nomen
3156 5569 3252 5623 pro
3268 5553 3501 5608 christia-

1899 5641 1966 5679 no
1988 5625 2208 5679 nomine.
2228 5624 2314 5678 Sic
2331 5623 2512 5689 etiam,
2526 5637 2644 5692 cap.
2664 5622 2754 5690 40,
2770 5623 3036 5692 suppliciis
3054 5622 3270 5681 nominis
3295 5641 3502 5679 caussa:

1904 5695 2297 5750 Tertullianicae
2327 5705 2452 5748 sunt
2476 5695 2633 5748 etiam
2667 5709 2850 5749 voces.
2892 5693 3029 5748 Pu.

1981 5765 2043 5838 (j)
2104 5764 2488 5838 Tormentorum
2531 5764 2907 5838 machinatione
2953 5765 3198 5838 laniatur.
3244 5764 3500 5838 Fertilem

1903 5846 1958 5895 et
1985 5835 2320 5908 ingeniosam
2345 5845 2695 5905 tyrannorum
2734 5835 2994 5892 saevitiam
3024 5836 3077 5894 in
3098 5835 3502 5897 adinveniendis
