4250 6494
798 353 902 414 807

2215 361 2678 420 TERTULLIANI
3975 367 4064 426 808

800 474 1030 547 denique
1073 476 1346 549 suppliciis
1393 485 1656 550 erogatur,
1692 475 1842 533 enisa
1899 475 2126 534 reddere
2171 477 2388 533 Christo
2413 480 2465 538 A
2493 477 2809 550 benignitas,
2839 481 3030 552 gratia,
3061 481 3452 549 misericordia,
3489 483 3667 541 omnis
3693 483 3774 540 vis
3805 483 3894 540 Dei
3915 483 4060 541 bene-

799 570 996 637 vieem,
1053 572 1332 627 moriendo
1371 587 1466 643 pro
1506 573 1644 642 ipso,
1674 579 1728 627 et
1772 569 1987 642 quidem
2021 586 2115 642 per
2144 571 2387 628 eamdem

801 676 1017 718 crucem
1062 678 1226 734 saepe,
1283 664 1481 720 nedum
1510 680 1607 734 per
1640 663 1904 718 atrociora
1938 678 2151 734 quoque
2178 664 2387 734 ingenia

801 755 1117 823 poenarum?
1163 754 1270 810 Nec
1322 755 1409 808 illa
1443 754 1746 810 beatissima
1783 764 1835 808 et
1875 753 2280 822 gloriosissima,
2308 753 2386 826 (a)

800 863 918 918 qua:
953 857 1128 918 potest
1156 847 1293 917 apud
1337 846 1607 902 Christum
1653 847 1939 901 Dominum
1970 861 2155 916 parere
2187 846 2262 918 (I)
2289 845 2384 901 de-

799 938 912 992 bito
957 948 1126 1004 tanto,
1174 949 1232 994 ut
1279 939 1382 996 hoc
1409 940 1578 994 solum
1611 937 1803 993 debeat
1830 938 1877 993 ei
1917 938 2057 1006 quod
2089 937 2136 992 ei
2189 937 2387 994 debere

797 1029 1053 1097 desierit;
1102 1032 1202 1087 hoc
1229 1035 1397 1103 magis
1436 1033 1645 1096 vincta,
1689 1031 1828 1101 qttod
1860 1030 1937 1102 (Ξ)
1981 1031 2242 1085 absoluta.

1421 1123 1646 1181 CAPUT
1675 1125 1766 1180 IX.

869 1217 1051 1288 Igitur,
1099 1230 1152 1274 ιιι
1183 1230 1416 1276 retexam
1462 1236 1620 1292 quam
1676 1222 1816 1277 Deus
1863 1219 2109 1274 manibus
2160 1219 2271 1275 suis
2316 1219 2384 1274 ad

798 1311 1082 1382 imaginem
1117 1313 1206 1368 Dei
1247 1297 1456 1378 struxit,
1488 1329 1646 1384 quam
1670 1312 1738 1369 de
1766 1328 1862 1368 suo
1901 1311 2095 1366 adﬂatu
2132 1312 2195 1365 ad
2229 1311 2380 1366 simi-

797 1406 1076 1460 litudinem
1109 1422 1218 1462 sua:
1249 1409 1546 1463 vivacitatis
1590 1408 1862 1473 animavit,
1915 1421 2072 1476 quam
2107 1406 2379 1469 ineolatui,

792 1498 1352 1573 fructui,dominatui,
1388 1501 1546 1555 totius
1573 1515 1685 1556 sua:
1709 1500 2036 1570 Operationis
2071 1503 2380 1570 praeposuit,

793 1605 952 1659 quam
977 1594 1326 1648 sacramentis
1360 1593 1469 1647 suis
1514 1591 1914 1664 disciplinisque
1942 1593 2151 1647 vestivit
2183 1610 2194 1645 :
2226 1592 2381 1663 cujus

795 1683 1086 1739 munditias
1137 1695 1302 1749 amat,
1355 1685 1505 1755 cujus
1547 1686 1924 1756 castigationes
1964 1685 2173 1756 probat,
2231 1685 2382 1754 cujus

793 1777 1073 1845 passiones
1091 1777 1190 1832 sibi
1215 1776 1509 1844 adpretiat;
1542 1779 1775 1834 hazceine
1793 1793 1896 1833 non
1922 1786 2162 1848 resurget
2185 1778 2380 1833 t0tiens

795 1869 926 1924 Dei?
950 1871 1120 1938 Absit,
1149 1871 1286 1926 absit
1310 1871 1409 1944 (5),
1428 1883 1482 1926 ut
1497 1872 1636 1928 Deus
1655 1887 1904 1927 manuum
1928 1886 2142 1927 suarum
2161 1887 2378 1942 operam

795 1966 992 2035 ingenii
1016 1966 1096 2020 sui
1128 1982 1329 2034 curam,
1356 1968 1582 2021 adﬂatus
1602 1967 1684 2022 sui
1703 1968 1965 2038 vaginam,
1993 1968 2066 2038 (ὁ)
2091 1967 2380 2022 molitionis

792 2074 906 2114 sua:
948 2059 1208 2128 reginam,
1246 2058 1578 2114 liberalitatis
1604 2072 1715 2113 sua:
1745 2061 2036 2126 lueredem,
2069 2058 2137 2132 (ο)
2169 2059 2379 2128 religio-

793 2154 997 2209 nissum
1018 2155 1374 2222 sacerdotem,
1407 2153 1696 2209 testimonii
1712 2153 1792 2208 sui
1813 2153 2058 2230 militem,
2082 2151 2158 2223 (ά)
2177 2151 2377 2208 Christi

792 2245 875 2298 sui
907 2260 1168 2312 sororem,
1195 2245 1247 2299 in
1277 2253 1534 2300 aeternum
1557 2243 1814 2299 destituat
1843 2242 2146 2298 interitum!
2171 2242 2378 2296 Bonum

791 2336 959 2391 Deum
993 2339 1266 2402 novimus;
1315 2336 1382 2408 (e)
1416 2337 1585 2392 solum
1641 2337 1898 2406 optimum
1948 2350 1978 2389 a
2032 2335 2244 2391 Christo
2267 2335 2382 2404 ejus

795 2430 873 2504 (4)
932 2431 1296 2497 addiscimus;
1354 2433 1442 2502 qui
1506 2431 1846 2486 dilectionem
1913 2429 2202 2497 mandans,
2259 2437 2382 2499 post

792 2537 964 2589 suam,
1001 2524 1049 2576 iu
1092 2525 1412 2593 proximum,
1459 2523 1620 2579 faciet
1646 2521 1699 2578 ei
1752 2523 1865 2593 ipse
1915 2523 2056 2594 quod
2089 2522 2376 2592 pra‘cepit:

792 2615 974 2687 diliget
993 2632 1230 2684 carnem,
1253 2628 1328 2672 tot
1348 2617 1519 2673 modis
1537 2618 1635 2671 sibi
1661 2617 1984 2687 proximam,
2005 2617 2104 2671 etsi
2123 2617 2380 2683 inﬁrmant

795 2709 1005 2778 (Matth.
1031 2709 1220 2774 XXVI,
1239 2710 1326 2779 41)
1353 2727 1365 2768 ;
1393 2709 1485 2764 sed
1517 2711 1671 2762 virtus
1715 2710 1768 2763 in
1785 2709 2079 2777 inﬁrmitate
2123 2709 2382 2778 perﬁcitur

797 2800 863 2870 (II
895 2801 1037 2869 Cor.,
1070 2801 1182 2867 XII,
1215 2801 1294 2872 9);
1328 2802 1428 2857 etsi
1472 2802 1828 2868 imbecillam;
1861 2803 1950 2856 sed
1978 2801 2225 2856 medicans
2279 2819 2380 2858 non

791 2895 1099 2962 desiderant,
1149 2897 1245 2951 nisi
1295 2897 1426 2950 male
1473 2895 1708 2951 habentes
1766 2895 1977 2968 (Matth.
2023 2895 2224 2966 XXII);
2279 2900 2381 2952 etsi

790 2988 1159 3053 inhonestam;
1197 2989 1263 3060 (Γ)
1293 2990 1389 3045 sed
1434 2991 1859 3044 inhonestioribus
1884 2991 2129 3053 maiorem
2159 2992 2376 3044 circum-

791 3081 970 3133 damus
999 3081 1235 3134 honorem
1260 3080 1325 3152 (II
1351 3080 1493 3145 Cor.,
1518 3079 1666 3152 XII);
1695 3081 1795 3135 etsi
1819 3081 2110 3150 perditam;
2144 3082 2236 3136 sed
2265 3099 2375 3152 ego,

2496 571 2618 640 lica,
2664 572 2932 630 vacuisset
2961 573 3065 646 (5).

3133 665 3359 724 CAPUT
3387 666 3457 722 X.

2565 756 2606 810 Τ
2610 771 2740 812 cnes
2776 755 3116 829 Scripturas,
3161 760 3356 830 quibus
3408 774 3536 815 caro
3579 759 3900 828 infuscatur;
3952 772 4058 820 tene

2491 849 2674 911 etiam,
2704 849 2894 918 quibus
2923 850 3256 906 inlustratur.
3287 851 3466 922 Legis,
3497 867 3618 907 cum
3645 853 3723 925 (6)
3753 869 3878 909 caro
3902 854 4059 924 depri-

2492 941 2689 996 mitur:
2718 941 2872 1011 adige
2897 943 3104 1010 oculos,
3151 952 3205 999 et
3256 960 3377 999 cum
3405 945 3634 1016 (7)earo
3682 947 3949 1002 relevatur
3974 950 4060 1020 (8).

2495 1035 2670 1088 Omnis
2708 1051 2828 1089 caro
2857 1039 3049 1106 fartum
3081 1034 3206 1108 (Is.,
3237 1036 3400 1108 XLI);
3424 1052 3528 1092 non
3557 1039 3657 1093 hoc
3681 1037 3759 1110 (9)
3777 1040 3945 1094 solum
3961 1056 4064 1109 pro-

2491 1130 2754 1185 utm'iavit
2785 1130 2997 1195 Esaias;
3026 1130 3118 1186 sed
3146 1140 3201 1186 et
3233 1149 3245 1185 :
3277 1131 3356 1202 (g)
3382 1130 3561 1186 Omnis
3582 1149 3701 1186 caro
3732 1133 3916 1187 videbit
3940 1135 4063 1188 salu-

2489 1231 2596 1275 tare
2628 1220 2718 1275 Dei
2751 1221 2957 1292 (lbid.).
2989 1220 3214 1277 Notatur
3243 1223 3294 1276 in
3325 1221 3516 1279 Genesi
3539 1223 3723 1280 dicens
3744 1226 3886 1281 Deus
3903 1225 4059 1296 (Gem,

2491 1314 2583 1382 VI)
2610 1334 2622 1368 :
2661 1315 2779 1369 Non
2793 1315 3012 1370 manebit
3031 1314 3256 1386 Spiritus
3272 1333 3410 1371 meus
3431 1317 3484 1371 in
3505 1318 3792 1373 hominibus
3814 1321 4063 1390 istis,quia

2487 1423 2605 1461 caro
2630 1416 2779 1471 sunt;
2809 1405 2904 1462 sed
2925 1417 2982 1462 et
3007 1406 3225 1462 auditur
3239 1421 3335 1477 per
3357 1407 3562 1464 Joelem
3578 1407 3764 1479 (Joel.,
3789 1410 3881 1481 Il):
3899 1409 4063 1478 Elian.

2487 1498 2603 1553 dam
2626 1499 2689 1554 de
2717 1498 3038 1569 Spiritumeo
3064 1499 3116 1552 in
3133 1515 3330 1554 omnem
3353 1515 3577 1554 carnem.
3607 1502 3927 1570 Apostolum
3954 1519 4066 1574 quo-

2486 1607 2588 1662 que
2607 1606 2671 1646 ne
2689 1591 2756 1647 de
2772 1607 2878 1646 uno
2893 1590 3034 1662 stylo
3056 1593 3223 1656 noris,
3246 1607 3350 1662 quo
3367 1606 3582 1647 carnem
3599 1593 3916 1664 plerumque
3935 1611 4064 1652 com-

2488 1686 2646 1756 pung'
2682 1726 2694 1740 .
2725 1684 2880 1751 Nam,
2914 1685 3016 1740 etsi
3046 1692 3206 1754 negat
3239 1684 3479 1740 habitare
3519 1686 3644 1741 boni
3692 1687 3977 1758 quicquam
4019 1690 4064 1744 in

2486 1792 2649 1832 carne
2677 1792 2810 1842 sua;
2841 1778 2942 1832 etsi
2989 1775 3234 1831 adfirmat
3275 1791 3368 1831 eos
3392 1777 3478 1858 qui
3512 1777 3564 1831 in
3594 1791 3757 1833 carne
3780 1780 3888 1834 sint
3909 1821 3922 1846 ,
3970 1781 4066 1836 Deo

2487 1870 2696 1939 placere
2727 1884 2836 1924 non
2865 1883 3043 1940 posse,
3081 1869 3204 1939 quia
3246 1868 3590 1938 concupiscat
3635 1868 3896 1926 adversus
3925 1873 4069 1943 spiri-

2485 1972 2633 2028 tum;
2665 1971 2740 2029 et,
2785 1961 2831 2016 si
2884 1975 2987 2032 qua
3017 1961 3118 2016 alia
3158 1962 3230 2016 ita
3274 1961 3449 2030 ponit,
3473 1969 3530 2015 ut
3558 1962 3737 2018 carnis
3767 1979 3876 2018 non
3907 1974 4069 2021 tamen

2484 2055 2808 2120 subsmntia,
2842 2054 2938 2110 sed
2975 2064 3126 2110 actus
3158 2054 3508 2110 inhonoretur
3538 2075 3551 2111 :
3583 2055 3828 2112 dicemus
3865 2059 4071 2128 quidem

2479 2148 2608 2204 alibi
2648 2147 2778 2202 nihil
2807 2147 3020 2217 proprie
3058 2147 3206 2201 carni
3253 2147 3565 2214 exprobrari
3592 2157 3869 2219 oportere,
3902 2150 4003 2206 nisi
4027 2151 4071 2205 in

2483 2243 2678 2298 animze
2727 2240 3184 2311 suggillationem,
3226 2255 3345 2311 qua:
3377 2254 3593 2296 carnem
3631 2243 3936 2298 ministerio
3983 2245 4072 2301 sibi

2488 2337 2685 2408 subigit
2709 2333 2848 2408 (10).
2878 2332 3073 2389 Verum
3093 2334 3307 2390 interim
3331 2334 3410 2405 (h)
3425 2346 3477 2390 et
3500 2335 3552 2390 in
3571 2335 3674 2390 illis
3690 2336 3866 2392 literis
3887 2337 4075 2395 Paulus

2486 2437 2586 2495 cst,
2621 2443 2741 2483 cum
2792 2427 3042 2497 stigmata
3092 2425 3294 2482 Christi
3347 2426 3399 2482 in
3451 2441 3676 2498 corpore
3725 2443 3828 2485 suo
3869 2440 4073 2501 portat;

2486 2536 2607 2576 cum
2637 2520 2749 2592 (11)
2768 2531 3030 2586 nostrum,
3057 2528 3113 2574 ut
3131 2519 3225 2574 Dei
3245 2520 3524 2588 templum,
3548 2520 3723 2576 vitiari
3750 2531 3936 2590 vetat;
3967 2539 4076 2579 cum

2485 2627 2711 2682 corpora
2756 2623 2941 2666 nostra
2985 2611 3225 2666 membra
3274 2608 3473 2666 Christi
3524 2610 3688 2678 facit;
3736 2627 3865 2668 eum
3907 2630 4079 2672 monet

2489 2703 2678 2758 tollere
2699 2712 2754 2758 et
2770 2701 3110 2774 magnificare
3138 2702 3304 2756 Deum
3331 2702 3382 2755 in
3401 2715 3626 2773 corpore
3641 2713 3849 2759 nostro.
3883 2705 4077 2778 Itaque,

2484 2797 2527 2851 si
2570 2797 2875 2866 ignominia:
2921 2796 3097 2850 carnis
3131 2794 3581 2851 resurrectionem
3612 2796 3732 2867 ejus
3774 2799 4076 2870 expellunt,

2484 2908 2579 2947 cur
2627 2906 2731 2944 non
2761 2890 3048 2959 dignitates
3089 2889 3266 2958 potius
3320 2887 3612 2944 inducent?
3660 2890 3934 2958 Quoniam
3981 2894 4082 2950 Deo

2485 2984 2656 3055 magis
2683 2983 2932 3054 congruit
2977 2983 3029 3036 in
3060 2982 3290 3037 salutem
3322 2981 3584 3053 redigere,
3611 2984 3753 3054 quod
3784 2987 4081 3056 reprobarit

2485 3077 2773 3141 interdum,
2827 3091 2986 3145 quam
3020 3077 3073 3130 in
3104 3074 3454 3144 perditionem
3483 3074 3716 3144 dedere,
3748 3079 3898 3148 quod
3928 3081 4081 3136 etiam

790 3171 981 3240 inquit,
1027 3171 1138 3224 veni
1165 3181 1219 3224 ut
1265 3141 1400 3241 quod
1447 3141 1593 3240 periit
1615 3141 2034 3243 salvum-faciam
2068 3141 2246 3243 (Lua,
2405 3141 2450 3204 Ο
2483 3168 2766 3240 aliquando
2798 3141 2910 3240 (I2)
2941 3141 3200 3237 probavit.

790 3263 890 3318 etsi
918 3265 1294 3332 peccatricem;
1328 3264 1420 3320 sed
1452 3267 1587 3319 malo
1615 3266 1757 3331 mihi,
1790 3266 1974 3336 inquit,
2006 3268 2219 3321 salutem
2263 3283 2380 3336 pec-

789 3355 991 3420 catoris,
1014 3371 1163 3426 quam
1185 3365 1393 3410 mortem
1417 3356 1654 3429 (Ezech.,
1678 3356 1900 3427 XVIII);
1930 3357 2028 3411 etsi
2049 3358 2373 3423 damnatam;

790 3446 884 3500 sed
911 3463 1025 3514 ego,
1051 3446 1436 3517 iuquit(Deut.,
1485 3447 1724 3519 XXXII),
1777 3450 2071 3517 percutiam,
2092 3460 2137 3503 et
2161 3453 2375 3506 sanabo.

790 3539 924 3604 Quid
953 3554 1011 3592 ea
1042 3540 1332 3609 exprobras
1358 3541 1525 3604 carni,
1556 3555 1672 3610 qum
1708 3541 1868 3596 Deum
1902 3551 2230 3610 exSpectant,
2259 3561 2378 3615 qua?

791 3633 842 3685 in
871 3633 1032 3687 Deum
1062 3641 1296 3703 sperant,
1328 3650 1444 3703 qua:
1474 3635 1804 3688 honorantur
1826 3635 2025 3701 abillo,
2046 3638 2235 3706 quibus
2255 3640 2377 3692 sub-

790 3726 968 3780 venit?
1009 3727 1189 3781 .tusim
1222 3726 1418 3791 dicere,
1453 3728 1497 3780 si
1529 3726 1642 3782 lnue
1677 3729 1831 3782 carni
1876 3745 1980 3782 non
2010 3729 2330 3784 accidissent
2357 3773 2370 3796 ,

3104 3257 3331 3315 CAPUT
3361 3259 3450 3314 XI.

2561 3355 2845 3425 Ηιιειιεψιο
2872 3353 2940 3409 de
2970 3353 3244 3422 prtecouio
3263 3354 3441 3408 carnis
3463 3352 3718 3408 adversus
3740 3355 4014 3420 inimicos,
4037 3369 4084 3412 et

2489 3447 2837 3502 nihilominus
2859 3445 3210 3500 amicissimos
3234 3444 3370 3513 ejus.
3403 3443 3571 3499 Nemo
3598 3447 3742 3500 enim
3769 3457 3878 3501 tam
3901 3463 4084 3503 carna-

2487 3539 2608 3592 liter
2636 3537 2783 3602 rivit,
2836 3552 2994 3607 quant
3026 3537 3115 3606 qui
3157 3545 3348 3606 negant
3383 3536 3557 3590 carnis
3603 3541 4080 3595 resurrectionem.

2487 3630 2748 3703 Negantes
2775 3631 2916 3686 enim
2950 3629 3066 3699 ejus
3097 3628 3215 3700 (15)
3249 3643 3482 3698 poenam,
3506 3628 3814 3699 deSpiciunt
3840 3643 3896 3688 et
3928 3634 4081 3689 disci~

2483 3729 2705 3800 plinam.
2750 3727 2825 3780 De
2871 3725 3065 3795 quibus
3116 3725 3413 3780 luculenter
3455 3734 3507 3779 et
3539 3723 3600 3797 (i)
3631 3726 3944 3783 Paracletus
3994 3745 4080 3799 per

1994 3843 2370 3904 LECTIONES
2396 3846 2486 3902 VA
2499 3843 2813 3901 IIIANTES.

882 3961 892 4022 t
906 3959 921 4021 )
953 3958 1046 4005 Par
1067 3970 1176 4006 esse
1195 3959 1296 4022 Lat.
1325 3958 1513 4020 pariare
1538 3955 1760 4008 Ciaccon.
2544 3961 2614 4022 (8)
2636 3958 2904 4022 Revelatur
2927 3955 3014 4006 alii
3023 3995 3030 4006 .

871 4018 920 4086 ξ)
944 4023 1214 4086 QnoPam.
1243 4018 1393 4086 Γνῶθι.
2545 4018 2618 4086 (9)
2639 4020 2748 4086 ΗρρΔ
2765 4018 2893 4086 abest
2915 4022 3110 4086 a__Pam.
3131 4020 3283 4070 Fran.

871 4080 922 4143 5)
951 4083 1084 4130 Absit
1108 4083 1268 4132 semel.
1290 4083 1440 4134 Rhea.
2545 4080 2561 4143 (
2575 4080 2646 4140 10)
2667 4083 2874 4143 Subjicit
2894 4080 2996 4132 alii.

849 4141 919 4208 (.t)
950 4144 1062 4206 Iijns
1078 4144 1204 4196 abest
1227 4159 1258 4194 a
1279 4144 1426 4208 Rhea.
1455 4143 1602 4194 Seml.
2543 4141 2562 4208 (
2575 4149 2584 4196 l
2603 4148 2616 4195 l
2633 4152 2646 4208 )
2666 4141 2849 4208 Corpus
2871 4145 2996 4208 add.
3011 4141 3333 4208 Rhen._Seml.

845 4205 918 4268 (ii)
945 4205 1224 4269 I’aeatissct
1245 4207 1348 4258 alii.
2545 4205 2647 4269 (12)
2674 4205 2943 4269 Aliquando
2965 4206 3094 4269 deest
3119 4205 3269 4269 Rhea.

847 4215 918 4268 (t‘i)
951 4215 1223 4257 \aeatissct
1245 4215 1348 4258 alti.
2571 4215 2626 4258 12
2674 4215 2943 4269 Aliquando
2965 4215 3094 4256 deest
3119 4215 3269 4255 lmen.

941 4269 1141 4357 Rttandlo
1163 4268 1313 4357 lyrica.
2399 4297 2452 4357 Β
2544 4215 2647 4336 (15)
2666 4270 2781 4332 Ejus
2804 4269 2934 4320 deest
2958 4267 3109 4320 Rhea.
3129 4265 3279 4320 Seml.

847 4331 920 4396 (7)
947 4331 1145 4392 Quando
1178 4333 1329 4385 Rhea.

2136 4397 2690 4456 COMMENTARIUS.

786 4511 1060 4584 suppliciis
1079 4513 1293 4584 “tangit.
1345 4511 1421 4584 D_e
1466 4511 1624 4584 variis
1666 4510 1772 4567 illis
1817 4519 1870 4567 et
1900 4510 2148 4568 inauditis
2198 4515 2370 4583 pmnis

787 4581 1048 4638 videndus
1075 4581 1356 4638 Eusebius.
1379 4581 1455 4638 Ls:
1489 4583 1581 4637 Pa.

862 4653 939 4726 (a)
981 4653 1108 4720 Qua:
1140 4662 1298 4722 potest
1313 4654 1465 4726 apud
1490 4653 2049 4726 ChristumDominum
2075 4671 2251 4725 parere
2278 4657 2370 4712 de-

785 4724 886 4778 bito
918 4735 1076 4778 tanta.
1117 4726 1204 4780 Sic
1243 4725 1438 4780 habent
1480 4724 1836 4794 exemplaria;
1871 4741 1968 4779 nec
1998 4737 2125 4795 pttto
2161 4737 2372 4783 mutan-

783 4795 910 4849 dum
937 4811 1056 4867 esse
1084 4797 1387 4867 quicquam,
1408 4797 1506 4851 etsi
1530 4797 1774 4867 maluerit
1800 4795 2113 4851 Ciacconius
2143 4801 2362 4867 pariare.

781 4866 1085 4936 Appellanti
1100 4866 1349 4921 creditori
1367 4866 1758 4930 paretdebitor,
1773 4881 1894 4920 eum
1909 4866 2180 4922 satisfacit.
2203 4869 2367 4924 Jubet

781 4937 870 5007 qui
902 4937 1082 5006 exigit,
1115 4946 1263 5007 paret
1285 4940 1371 5006 qui
1398 4947 1612 5007 praestat
1633 4938 1770 5007 quod
1797 4939 2054 5006 promisit.
2137 4941 2252 4996 lito.

836 5008 920 5061 CA
932 5009 985 5062 P.
1009 5007 1253 5079 IX.—(b)
1273 5008 1551 5062 Molitionis
1572 5009 1931 5079 suwreginam.
1954 5009 2272 5064 .‘llolitiunetn
2293 5013 2364 5065 di-

781 5078 852 5132 cit
868 5079 1213 5134 crcationem.
1228 5078 1435 5134 Creavit
1455 5090 1629 5134 autem
1648 5080 1783 5133 Deus
1807 5078 2074 5134 hominem
2096 5091 2358 5151 tamquam

783 5165 962 5213 regem
989 5151 1223 5204 omnium
1255 5165 1372 5218 quas
1399 5151 1450 5204 in
1484 5160 1644 5214 terra,
1677 5166 1793 5218 quin
1823 5152 1873 5204 in
1903 5152 2052 5205 mari.
2102 5151 2220 5207 Iitc.

857 5217 1249 5292 (e)7Religionis
1278 5217 1397 5275 sua:
1440 5217 1767 5275 sacerdotem.
1823 5222 2030 5277 Laudes
2073 5232 2126 5278 et
2170 5225 2367 5292 gratias

780 5291 1142 5344 immolantem
1187 5292 1318 5345 Deo.
1397 5292 1513 5347 Iitc.

855 5361 932 5432 (tl)
971 5361 1158 5434 Christi
1183 5364 1259 5415 sui
1289 5379 1530 5416 sororem.
1555 5363 1684 5428 Quia
1716 5374 1953 5434 cognata:
1971 5375 2024 5418 et
2049 5366 2365 5434 congeucris

783 5446 903 5484 eum
935 5447 1093 5503 carne
1119 5433 1337 5497 Christi,
1371 5451 1472 5487 non
1506 5444 1560 5487 ut
1588 5433 1826 5503 plerique
1849 5433 2218 5489 lueretieoru’m
2249 5437 2365 5490 illo-

785 5519 920 5562 rtnu,
949 5502 1210 5576 adversus
1235 5520 1366 5572 quos
1393 5502 1709 5576 digladiatur
1733 5502 1935 5568 auctor,
1965 5507 2217 5576 putabant
2242 5524 2362 5561 car-

786 5588 904 5627 nem
938 5573 1129 5627 Cltristi
1159 5575 1380 5628 diversa:
1405 5573 1623 5629 rationis
1653 5575 1834 5639 fuisse,
1867 5573 2359 5644 aut'pliantasticat,

786 5653 877 5695 aut
906 5643 1262 5718 sid_et'e:e,_aut
1285 5648 1549 5718 animalis.
1580 5657 1670 5700 aut
1696 5648 2004 5717 spiritualis,
2041 5648 2107 5704 de
2136 5643 2363 5718 quorum

787 5714 1078 5786 litercsihus
1104 5714 1194 5769 lib.
1222 5717 1449 5786 prteced.
1528 5718 1650 5771 Lac.

857 5783 931 5852 (e)
969 5784 1148 5840 Solum
1177 5783 1420 5858 optimum
1459 5805 1491 5843 a
1526 5788 1726 5844 Christo
1772 5790 1908 5860 ejus,
1955 5798 2059 5847 etc.
2105 5789 2365 5861 Operibus

2465 5579 2754 5650 Scriptura:
2779 5579 3094 5634 testimoniis
3120 5580 3262 5633 Pauli
3288 5594 3386 5632 vox
3413 5579 3645 5634 auditur.

2473 4514 2658 4585 gratia:
2684 4514 2916 4584 optimus
2937 4513 3074 4569 Deus
3103 4513 3315 4585 agnitus
3341 4522 3444 4568 est.
3473 4511 3670 4569 Contra
3695 4514 4081 4573 Marcionistas

2473 4587 2632 4641 etiam
2659 4586 2857 4658 dictum
2896 4593 2977 4658 est
3007 4585 3106 4639 hoc
3125 4628 3138 4651 ,
3172 4589 3259 4655 qui
3303 4599 3423 4640 eum
3453 4585 3589 4658 duos
3615 4585 3748 4658 deos
3779 4588 4082 4658 distingue-

2474 4667 2611 4718 rent,
2642 4657 2797 4712 deum
2831 4656 3027 4710 malum
3053 4665 3374 4721 creatorem,
3404 4665 3456 4710 et
3485 4655 3645 4712 deum
3675 4656 3909 4724 bonum,
3940 4655 4084 4713 lianc

2478 4728 2729 4783 dicebant
2785 4726 2946 4782 fuisse
2985 4729 3148 4782 Deum
3177 4727 3242 4782 ad
3269 4741 3427 4797 quem
3453 4725 3697 4782 Christus
3728 4732 4081 4797 pertinebat,

2478 4810 2534 4854 et
2561 4815 2654 4866 per
2681 4799 2948 4853 Christum
2981 4806 3160 4852 notam
3190 4799 3304 4867 ejus
3331 4799 3642 4854 bonitatem.
3723 4799 3864 4855 Lac.

2545 4868 2608 4941 (Γ)
2650 4869 2755 4941 Sed
2785 4870 3201 4924 inhonestiorihus
3226 4870 3468 4940 majorem
3495 4871 3880 4941 circumdatum
3920 4873 4088 4926 hono-

2470 4938 2596 5015 rem.
2636 4938 2764 5015 Quae
2790 4941 3204 5015 emn_nominari
3248 4938 3467 4996 necesse
3493 4950 3603 5007 est,
3634 4940 3910 4998 honorem
3942 4961 4086 5015 pnn-

2463 5011 2561 5066 lari
2592 5011 2846 5067 solemus.
2920 5011 3039 5067 th.

2531 5082 2681 5138 CAP.
2722 5082 2786 5136 X.
2809 5114 2879 5123 —
2899 5080 2975 5153 (g)
3007 5078 3184 5136 Omnis
3206 5098 3326 5137 caro
3358 5081 3540 5137 videbit
3575 5083 3805 5139 salutare
3843 5085 3968 5139 Dei.
3997 5085 4089 5140 In-

2471 5153 2546 5207 tra
2573 5169 2689 5223 cap.
2719 5153 2809 5219 59,
2839 5156 3038 5207 eaedem
3073 5153 3155 5208 hae
3183 5155 3473 5222 Scriptura:
3500 5153 3690 5208 iisdem
3721 5171 3869 5224 pene
3899 5158 4088 5212 verbis

2472 5225 2733 5298 citantur_._
2751 5226 2965 5295 Legitur
2976 5232 3149 5278 autem
3167 5224 3215 5279 id
3231 5224 3518 5298 secundum
3535 5224 3700 5290 LXX,
3716 5241 3830 5298 pro
3847 5243 3919 5281 eo
3935 5227 4084 5298 quml

2475 5295 2661 5349 beatus
2693 5295 3049 5366 Hieronymus
3079 5298 3236 5349 vertit
3260 5295 3555 5361 dumtaxat,
3601 5307 3648 5349 et
3675 5297 3874 5351 uidebit
3910 5295 4086 5351 omnis

2469 5383 2587 5421 caro
2609 5368 2830 5436 pariter:
2856 5381 3011 5434 quam
3037 5376 3314 5436 utramque
3331 5366 3612 5420 lectionem
3627 5368 3823 5423 eodem
3856 5369 4080 5423 recide-

2471 5453 2528 5491 re
2549 5481 2563 5505 ,
2599 5440 2815 5507 pulchre
2846 5437 3063 5491 deducit
3089 5439 3194 5492 Leo
3223 5440 3289 5491 de
3316 5436 3506 5491 Castro
3532 5440 3584 5492 in
3615 5439 3834 5494 lsoiam.
3872 5441 3955 5495 La
3984 5442 4080 5492 I’n.

2543 5511 2623 5579 (h)
2668 5509 2732 5562 Et
2769 5510 2821 5562 in
2851 5508 2955 5562 illis
2984 5509 3140 5562 literis
3172 5507 3371 5561 Paulus
3395 5517 3487 5562 est.
3521 5509 3630 5563 Iloc
3653 5521 3760 5571 est,
3789 5522 3854 5564 et
3888 5514 3944 5565 in
3973 5513 4082 5566 illts

2543 5583 2754 5635 riuturac
2779 5579 3094 5634 testimoniis
3120 5580 3262 5633 Pauli
3288 5594 3386 5632 vox
3413 5579 3645 5634 auditur.
3716 5580 3847 5635 th.

3769 5596 3847 5636 lC.

2537 5651 2688 5705 CAP.
2721 5650 2812 5704 XI.
2842 5680 2912 5690 —
2943 5651 3009 5718 (i)
3053 5650 3348 5721 Paracletus
3388 5666 3477 5719 per
3523 5654 3882 5721 praphetidem
3905 5694 3919 5716 ,
3967 5662 4079 5706 etc.

2468 5720 2799 5776 Paracletum
2822 5730 2974 5775 vocat
3015 5720 3245 5776 Montani
3273 5723 3546 5792 spiritum,
3577 5720 3662 5776 chi
3688 5725 3802 5792 jam
3837 5728 4084 5779 haeserat

2467 5803 2673 5861 auctor,
2698 5807 2818 5849 cum
2849 5792 2989 5849 hunc
3014 5802 3294 5850 tractatum
3315 5793 3552 5863 scripsit.
3571 5793 3754 5851 Prisca
3780 5811 3916 5852 vero
3943 5797 4084 5851 alias
