4250 6494
754 396 856 465 8H

759 610 966 669 literis:
997 609 1197 664 viribus
1230 603 1532 677 pradicavit
1559 612 1708 666 ante,
1742 615 1898 670 quam
1930 597 2169 652 vocibus.
2201 596 2347 650 Prte-

763 706 906 762 misit
943 701 1037 757 tibi
1075 708 1315 754 naturam
1360 696 1696 765 magistram,
1740 692 2102 746 sulnnissnrus
2141 698 2194 744 et
2230 702 2349 759 pro-

762 797 1028 865 phetiam,
1075 808 1180 861 quo
1219 789 1426 844 facilius
1463 770 1652 841 credas
1692 783 2017 855 proiibetim,
2059 780 2351 850 discipulus

764 898 1000 944 natura:
1050 900 1157 952 quo
1205 880 1383 935 statim
1430 876 1711 939 admittas,
1767 888 1887 929 cum
1932 872 2165 927 audieris
2211 869 2349 938 quod

761 981 955 1049 ubique
977 975 1057 1051 (I)
1076 978 1182 1043 jam
1207 990 1227 1024 ι
1243 972 1428 1035 ἱιιιιιιίες
1457 986 1556 1024 nec
1577 967 1789 1022 dubites
1812 967 1973 1021 Deum
1998 964 2170 1020 carnis
2192 964 2350 1018 etiam

761 1067 1217 1126 resuscitatorem.
1245 1078 1401 1133 quem
1429 1059 1508 1132 (Ξ)
1532 1060 1770 1114 (ιιιιιιίιιιιι
1797 1058 1946 1112 noris
1968 1056 2348 1111 restitutorem.

766 1162 834 1217 Et
863 1160 1044 1230 utique
1081 1157 1123 1211 si
1161 1157 1337 1209 omnia
1360 1152 1567 1207 homini
1600 1160 1913 1221 resurgunt,
1960 1150 2043 1204 cui
2075 1158 2353 1220 procurata

763 1263 917 1314 sunt.
961 1265 1119 1321 porro
1152 1263 1256 1302 non
1287 1245 1523 1311 homini,
1565 1244 1670 1297 nisi
1703 1251 1757 1297 ct
1791 1243 1969 1306 carni,
2012 1242 2165 1310 quale
2190 1251 2271 1293 est
2301 1249 2357 1294 ut

762 1346 876 1414 ipsa
917 1343 1170 1410 depereat
1209 1340 1260 1394 in
1300 1350 1501 1401 tomm,
1550 1345 1766 1407 propter
1802 1350 1963 1405 quam
1998 1344 2054 1389 ct
2093 1334 2176 1389 eui
2221 1332 2353 1388 nihil

761 1435 1008 1509 deperit?

1360 1559 1584 1617 CAI’U'I‘
1623 1558 1761 1614 XIIl.

831 1703 887 1758 Si
938 1716 1121 1771 parum
1169 1697 1488 1753 universitas
1537 1697 1983 1752 resurrccuonem
2036 1696 2260 1767 ﬁgurat,
2310 1696 2353 1749 si

767 1794 895 1850 nihil
929 1795 1033 1848 tale
1063 1790 1298 1847 COuditio
1328 1790 1497 1860 signat
1518 1830 1531 1848 .
1573 1790 1693 1858 quia
1730 1788 1933 1858 singula
1964 1787 2079 1856 ejus
2112 1803 2214 1840 non
2250 1796 2355 1841 tam

2159 381 2617 443 TERTULLIANI

758 533 898 575 rum.
949 508 1217 586 Operibus
1272 524 1388 566 eam
1441 502 1766 579 praescripsit
1822 502 1963 561 Deus
2019 508 2164 567 ante,
2195 514 2352 572 quam
2384 501 2429 560 Λ

3945 366 4054 427 812

3060 492 3286 552 CAPUT
3313 495 3452 551 XIV.

2523 590 2671 645 Talia
2727 587 2939 644 interim
2989 588 3289 642 divinarum
3334 589 3524 641 virium
3572 585 3877 639 liniamenta
3952 594 4061 635 non

2454 684 2628 737 minus
2653 682 2914 752 parabolis
2934 691 3152 750 operato
3185 682 3313 748 Deo,
3366 672 3747 749 quamlocutn,
3778 675 4065 731 veniamus

2453 784 2506 831 et
2527 774 2592 828 ad
2618 776 2728 845 ipsa
2760 773 2931 828 edicta
2966 784 3127 841 atque
3154 771 3369 826 det-rcta
3394 772 3529 839 ejus,
3556 785 3659 839 quo
3680 766 4065 821 cummaxime

2455 866 2768 921 divisionem
2812 866 2965 918 istam
3011 864 3248 917 materiae
3303 862 3631 916 ordinamus.
3669 859 3861 913 Exorsi
3912 858 4063 910 enim

2457 970 2641 1010 smnus
2667 956 2733 1027 ab
2761 956 3078 1011 auctoritate
3098 954 3296 1011 carnis.
3326 967 3392 1006 an
3422 967 3483 1006 ea
3512 950 3584 1004 sit
3607 951 3690 1004 cui
3720 949 3945 1017 dilapsa:
3975 960 4063 999 sa-

2456 1047 2540 1102 lus
2567 1055 2839 1113 competat
2870 1063 2882 1097 :
2912 1045 3140 1099 dehinc.
3173 1043 3442 1112 prosecuti
3474 1043 3541 1097 de
3570 1042 3803 1110 polentia
3846 1039 3964 1099 Dei,
3996 1054 4061 1091 an

2458 1151 2599 1196 tanta
2646 1142 2714 1195 sit
2766 1156 2885 1209 qme
2929 1140 3155 1193 salutem
3186 1140 3428 1193 conferre
3469 1137 3690 1205 dilapsa:
3732 1135 3808 1187 rei
3841 1134 4059 1188 soleat:

2458 1250 2621 1298 nunc,
2649 1234 2693 1289 si
2724 1233 3073 1303 probavimus
3101 1244 3407 1301 utrumque,
3439 1231 3596 1284 velim
3640 1230 3801 1285 etiam
3834 1229 3904 1281 dc
3936 1243 4065 1281 cauo

2458 1345 2515 1384 sa
2582 1328 2824 1397 requiras
2862 1344 2929 1381 an
2973 1328 3042 1381 sit
3078 1326 3252 1395 aliqua
3289 1335 3392 1379 tam
3420 1324 3611 1393 digna,
3638 1338 3756 1391 qua!
3784 1336 4067 1377 resurrec-

2459 1423 2656 1476 tionem
2683 1419 2861 1475 carnis
2884 1421 3264 1479 necessariam.
3290 1428 3344 1473 et
3367 1418 3559 1470 rationi
3580 1424 3726 1469 certe
3749 1412 4067 1468 omnimodo

2457 1514 2687 1569 debitam
2715 1513 2970 1577 vimlicct,
3002 1511 3126 1580 quia
3158 1511 3344 1567 subest
3372 1509 3574 1573 dicere,
3606 1509 3703 1560 etsi
3733 1522 3864 1559 caro
3896 1521 4066 1573 eam:

2459 1607 2686 1671 restitui,
2713 1605 3079 1661 etsidirinitas
3103 1603 3290 1657 idonea
3319 1601 3652 1663 restituendi,
3681 1600 3775 1654 St‘tI
3802 1599 3884 1671 (6)
3910 1613 4068 1653 caus-

2460 1714 2515 1754 sa
2542 1678 2895 1754 restitutionis
2916 1711 3147 1766 praeesse
3175 1695 3408 1750 debebit.
3440 1695 3633 1760 Acetpe
3658 1692 3817 1762 igitur
3838 1702 3889 1744 et
3917 1705 4070 1745 ωηε-

2460 1792 2708 1863 sam,qni
2753 1791 2891 1861 apud
2946 1789 3025 1862 (7)
3055 1789 3220 1843 Deum
3268 1787 3452 1850 discis,
3504 1784 3584 1854 (tt)
3617 1794 3721 1837 tam
3775 1784 4067 1852 optimum.

764 1887 931 1953 tnori,
967 1901 1123 1955 quam
1155 1884 1401 1939 desinere
1429 1882 1705 1948 dicantur,
1748 1897 1843 1935 nec
1875 1880 2227 1944 redanimari,
2259 1878 2353 1935 sed
2387 1900 2432 1959 Β
2460 1901 2616 1952 quam
2662 1895 2717 1941 et
2758 1886 2995 1959 justum;
3042 1883 3110 1937 de
3154 1896 3252 1935 suo
3297 1881 3558 1949 optimmn
3585 1920 3600 1942 ,
3651 1876 3719 1930 de
3750 1886 3942 1930 nostro
3982 1875 4071 1942 ju-

766 1978 1049 2035 reformari
1077 1977 1470 2034 existimentur.
1500 1974 1681 2042 accipe
1706 1973 2069 2042 plenissimum
2094 1971 2172 2045 (ὅ)
2197 1984 2357 2043 atque

767 2069 1129 2126 firmissimum
1159 2067 1314 2133 hujus
1345 2067 1457 2135 spei
1486 2065 1783 2135 specimen.
1813 2064 2085 2135 Siquidem
2114 2064 2358 2120 animalis

765 2172 846 2218 est
874 2176 992 2223 res.
1038 2168 1092 2215 et
1127 2160 1246 2212 vine
1276 2158 1530 2218 obnoxia.
1561 2164 1616 2212 et
1644 2156 1798 2210 morti
1818 2168 1834 2213 1
1856 2156 2001 2210 illum
2033 2156 2151 2211 dico
2179 2157 2356 2211 alitem

767 2252 1003 2309 Orientis
1046 2249 1397 2320 peculiarem,
1442 2248 1508 2303 dc
1549 2248 1915 2319 singularitate
1957 2250 2248 2312 famosum,
2292 2250 2360 2305 de

772 2344 1083 2411 posteritate
1101 2350 1524 2401 monstruosum;
1545 2336 1622 2411 (tt)
1649 2340 1735 2409 qui
1754 2341 2098 2410 semetipsum
2120 2341 2361 2395 lubenter

767 2440 1018 2492 funerans
1057 2442 1307 2496 renovat,
1349 2432 1507 2485 natali
1552 2433 1656 2486 liae
1691 2432 1954 2486 decedens
1987 2440 2150 2503 atque
2179 2447 2362 2486 succo-

769 2529 934 2591 deus;
974 2526 1165 2579 iterum
1202 2522 1449 2592 phmnix,
1492 2522 1580 2576 ubi
1616 2522 1724 2591 jam
1766 2536 1951 2587 nemo;
1993 2523 2182 2577 iterum
2217 2523 2359 2593 ipse,

770 2621 858 2689 qui
912 2634 1017 2672 non
1064 2619 1205 2685 jam;
1259 2614 1395 2668 alius
1445 2614 1607 2671 idem.
1660 2613 1795 2680 Quid
1849 2616 2155 2683 expressius
2202 2626 2363 2678 atque

769 2712 1029 2784 signatius
1060 2710 1111 2762 in
1144 2708 1281 2762 hanc
1311 2710 1563 2763 causam?
1603 2716 1689 2763 aut
1719 2708 1802 2762 cui
1835 2708 1922 2760 alii
1955 2708 2029 2761 rei
2064 2709 2167 2762 tale
2197 2707 2360 2762 docu-

770 2803 1045 2861 mentum?
1070 2803 1207 2857 Deus
1228 2802 1386 2856 etiam
1409 2800 1703 2869 Scripturis
1724 2800 1835 2855 suis
1858 2800 1961 2872 :(b)
1990 2800 2049 2853 lc‘t
2070 2801 2264 2872 ﬂoretvit
2286 2798 2365 2874 (4)

770 2899 945 2965 enim,
988 2896 1161 2966 inquit
1195 2893 1344 2969 (Ps,
1381 2893 1527 2957 XCI,
1563 2891 1694 2963 I5),
1734 2894 1864 2947 velut
1896 2893 2132 2964 phoenix;
2172 2894 2220 2947 id
2252 2903 2362 2957 est,

771 2994 838 3050 de
888 2999 1091 3054 morte,
1138 2989 1207 3043 de
1254 2986 1444 3043 funere
1478 2984 1589 3059 ;(r)
1629 2987 1702 3040 uti
1747 2986 1966 3052 credas,
2016 2987 2084 3042 de
2158 2987 2367 3057 ignibus

774 3098 989 3155 quoque
1050 3081 1404 3135 substantiam
1465 3080 1707 3148 corporis
1770 3078 1906 3147 exigi
1974 3093 2151 3147 posse.
2218 3077 2363 3133 λικι-

771 3177 835 3231 tis
862 3172 1152 3242 passeribus
1181 3171 1423 3225 antistare
1450 3187 1539 3224 nos
1581 3169 1838 3223 Dominus
1870 3170 2229 3238 pronuntiarit
2275 3188 2287 3224 :
2320 3172 2365 3226 si

2461 1986 2601 2033 stum
2653 1977 2763 2032 Nisi
2810 1950 2974 2030 cuim‘
3005 1974 3167 2027 homo
3192 1972 3526 2040 deliquisset,
3560 1968 3821 2031 optimum
3862 1982 3888 2019 s
3915 1967 4072 2019 elum-

2464 2069 2623 2125 modo
2659 2070 2823 2123 Deum
2853 2078 3031 2121 nosset
3060 2108 3072 2129 ,
3106 2081 3171 2121 ex
3204 2074 3406 2118 natura
3438 2061 3804 2132 proprietate;
3839 2069 3893 2112 at
3936 2073 4075 2113 nunc

2461 2163 2619 2217 etiam
2643 2161 2845 2232 jnetum
2874 2176 2997 2215 eum
3033 2160 3251 2228 patitur,
3275 2172 3339 2212 ex
3370 2170 3574 2210 caussa:
3605 2153 3685 2224 (8)
3714 2153 4074 2216 necessitate;

2464 2262 2638 2307 tamen
2670 2262 2723 2306 ct
2745 2252 2847 2305 hoc
2878 2253 2994 2320 ipso
3019 2251 3303 2317 Optimum,
3337 2249 3463 2301 dum
3487 2257 3533 2297 et
3564 2246 3793 2315 justum.
3830 2243 3899 2298 Et
3931 2245 4071 2297 bono

2464 2348 2604 2401 enim
2630 2345 2887 2415 jnvaudo,
2918 2354 2971 2398 et
3000 2344 3140 2397 malo
3192 2341 3480 2409 puniendo,
3502 2340 3759 2408 justitiam
3787 2337 4076 2399 exhibens,

2465 2448 2748 2505 utramque
2792 2435 3116 2491 sententiam
3156 2435 3297 2488 bono
3347 2440 3609 2501 praestat:
3645 2428 3767 2482 hine
3795 2429 4079 2482 vindicans

2467 2529 2627 2590 istud,
2664 2527 2789 2582 inde
2835 2541 3185 2581 remunerans
3221 2524 3372 2579 illud.
3405 2521 3474 2594 (ρ)
3522 2522 3623 2576 δε·ιί
3655 2536 3774 2575 com
3810 2520 4082 2575 Marciane

2469 2623 2675 2693 plenius
2704 2622 2902 2685 disces,
2930 2636 2995 2674 an
3022 2620 3123 2673 hoc
3149 2620 3218 2673 sit
3246 2619 3338 2673 Dei
3371 2629 3559 2671 totum.
3596 2616 3816 2670 Interim
3852 2616 3977 2668 talis
4005 2623 4084 2670 est

2468 2726 2684 2774 noster;
2716 2715 2909 2767 merito
2930 2712 3101 2780 judex
3125 2752 3139 2776 ,
3170 2711 3292 2780 quia
3329 2710 3621 2769 Dominus;
3668 2708 3867 2761 merito
3902 2707 4081 2760 Domi-

2468 2821 2588 2867 nus,
2620 2805 2740 2873 quia
2770 2813 2983 2865 auctor;
3021 2804 3211 2856 merito
3240 2811 3459 2861 auctor.
3490 2800 3610 2867 quia
3664 2799 3832 2853 Deus.
3863 2798 4005 2852 Ilinc
4034 2807 4083 2852 ct

2468 2896 2558 2951 ille
2605 2894 2946 2963 nescioquis
3008 2893 3414 2955 haereticorum,
3482 2891 3674 2945 merito
3745 2904 3855 2944 n0n
3896 2890 4081 2958 judex,

2471 3004 2577 3043 non
2602 2992 2744 3041 enim
2780 2987 2918 3040 Deus
2950 2983 3066 3058 (9);
3093 2984 3286 3038 merito
3316 3001 3416 3037 non
3462 2982 3754 3043 Dominus.
3790 2996 3900 3036 non
3942 2986 4082 3036 enim

2470 3090 2656 3137 auctor
2690 3100 2703 3136 :
2733 3082 2914 3135 nescio
2940 3080 3049 3147 jam
3077 3079 3120 3133 si
3149 3079 3288 3132 Deus
3310 3077 3409 3148 (f),
3447 3077 3535 3145 qui
3563 3091 3661 3130 nec
3692 3085 3907 3142 auctor,
3944 3074 4083 3143 quod

2476 3173 2634 3237 Deus,
2687 3188 2786 3227 nec
2835 3172 3110 3236 Dominus,
3135 3169 3276 3240 quod
3304 3179 3493 3223 auctor
3518 3167 3658 3236 (l0).
3693 3166 3863 3236 Igitur
3888 3168 3935 3219 si
3973 3166 4084 3236 (II)

770 3285 875 3323 non
907 3275 961 3322 et
982 3263 1336 3336 phtenicibus,
1369 3263 1498 3317 nihil
1524 3260 1905 3333 magnum.Sed
1920 3260 2000 3334 (5)
2020 3261 2264 3318 homines
2284 3278 2344 3319 se
2395 3286 2439 3349 ρ
2478 3267 2585 3320 Deo
2613 3279 2667 3320 et
2687 3266 2909 3321 Domino
2934 3274 2988 3318 et
3019 3262 3132 3334 (19.)
3161 3262 3364 3317 auctori
3396 3262 3941 3331 congruentissimum
3984 3266 4083 3326 est,

769 3360 873 3415 mel
923 3359 1234 3422 interibunt,
1260 3356 1446 3413 avibus
1476 3355 1685 3411 Arabia:
1735 3355 1802 3411 de
1843 3356 2233 3413 resurrectione
2278 3372 2367 3412 se-

774 3451 953 3507 curis?

2473 3356 2732 3428 judicium
2761 3357 2810 3410 in
2851 3356 3121 3409 hominem
3157 3352 3457 3417 destinare,
3482 3352 3550 3406 de
3585 3350 3688 3404 hoc
3722 3351 3842 3420 ipso
3877 3365 3949 3403 an
3981 3349 4084 3403 Do‘

2481 3449 2683 3504 minnm
2701 3456 2753 3503 et
2774 3456 3045 3503 auctorem
3067 3459 3218 3501 suum
3247 3445 3362 3514 (l5)
3392 3457 3685 3515 agnoscere
3712 3452 3767 3497 ct
3792 3441 4085 3497 observare

2025 3539 2399 3599 LECTIONES
2435 3542 2856 3599 VARIANTES.

862 3639 913 3699 l)
950 3635 1131 3699 Utique
1156 3642 1306 3684 Fraa.

862 3693 910 3763 Ξ)
946 3693 1212 3763 Qui
1233 3702 1398 3763 πυτ-η.

840 3755 912 3823 (5)
946 3755 1287 3823 inuisam!!!"
1311 3755 1449 3823 αλίίι.
1545 3815 1590 3823 ..

862 3813 914 3872 4)
948 3820 1173 3870 Florebis
1193 3814 1344 3870 Rhea.
1372 3815 1617 3867 etﬂorebit
1637 3813 1741 3865 alii.

864 3882 915 3935 5⁷1
943 3882 1141 3933 Scilicet
1162 3889 1277 3931 Jun.

864 3891 894 3935 ὅ
943 3891 1141 3933 Scilicet
1162 3891 1277 3931 Jun.

864 3950 893 3995 ϐ
950 3946 1013 3996 Et
1035 3942 1188 3997 Rhea.
1216 3951 1269 3992 et
1290 3943 1361 3991 sic
1380 3947 1495 3991 Jun.

864 3891 916 4073 7i
952 4008 1095 4068 Quia,
1125 4014 1239 4070 puto
1261 4006 1382 4055 Jun.

865 4006 916 4070 7)
952 4008 1095 4068 Quia,
1125 4014 1239 4070 puto
1261 4006 1382 4055 Jun.

2548 3630 2620 3694 (8)
2658 3631 2773 3680 Sua:
2797 3629 3097 3694 atld.___Fran.

2562 3690 2613 3757 9)
2652 3690 2987 3757 Doinmnslib
3027 3690 3195 3742 Ursin.
3222 3692 3409 3757 Wouw.

2681 3755 2820 3815 Quod
2864 3755 3150 3805 dominus...
3196 3754 3325 3818 quod
3349 3758 3517 3802 auctor
3570 3748 3742 3801 desunt
3786 3746 3873 3800 lib.
3924 3749 4085 3801 Ursin.

2606 3834 2619 3867 Ι
2654 3832 2683 3867 ⁸.

2558 3831 2683 3870 οιιιιο.

2571 3882 2644 3931 Ill
2685 3879 2758 3929 De
2780 3880 2930 3929 ittser.
2962 3887 3146 3928 trouw.

2568 3938 2647 3991 12)
2682 3941 2787 3991 Non
2808 3939 2959 3991 inser.
2986 3938 3137 3991 then.

2543 4000 2643 4066 (I5)
2680 4003 2743 4054 Et
2764 4010 3014 4054 auctorem
3046 4014 3186 4053 suum
3209 4000 3380 4052 desunt
3403 4000 3513 4051 catt.
3547 4000 3735 4050 Wouw.

2136 4109 2699 4171 COMMENTARIUS.

785 4208 978 4264 talium
1011 4205 1152 4261 serie
1181 4202 1533 4272 sapientiores
1565 4198 1865 4272 pbilosgpbi
1888 4200 2036 4272 istud
2068 4202 2373 4258 snhodorati

788 4289 941 4342 sunt,
991 4288 1047 4329 ιιι
1091 4269 1257 4330 Plato
1289 4275 1338 4327 in
1396 4271 1588 4325 Tinttco
1632 4280 1687 4325 et
1728 4269 2023 4335 Pltwtlone,
2076 4283 2129 4327 ut
2175 4273 2380 4330 Seneca

786 4352 943 4421 epist.
986 4350 1097 4403 '53:
1144 4345 1284 4421 tIlors
1320 4360 1469 4412 quam
1510 4344 1927 4421 pertimesritmts,
1973 4354 2017 4396 ct
2059 4361 2379 4409 accusamus,

787 4413 1067 4474 intermittit
1107 4418 1278 4476 vitam,
1323 4431 1425 4468 non
1461 4415 1629 4484 eripit;
1674 4413 1830 4466 reniet
1867 4414 2049 4467 iterum
2084 4417 2167 4479 qui
2206 4418 2295 4470 ltos
2332 4419 2384 4470 in

788 4495 952 4546 lucettt
977 4496 1189 4559 reponat
1215 4484 1521 4559 diesarldem
1554 4502 1637 4554 ep.
1672 4484 1762 4549 40,
1794 4484 1885 4552 92,
1912 4484 2035 4549 102,
2070 4496 2124 4540 et
2153 4488 2217 4541 ad
2250 4488 2386 4543 Mar-

788 4564 947 4627 ciam,
978 4556 1095 4624 cap.
1128 4557 1216 4613 '26.
1247 4556 1449 4627 Lean.

861 4625 1015 4687 CAI“.
1044 4628 1187 4683 XIII.
1217 4658 1287 4669 —
1316 4625 1391 4700 (a)
1418 4627 1524 4700 Qui
1552 4627 1877 4700 semetipsum
1902 4627 2114 4700 iibettter
2140 4633 2386 4700 {nueruns

861 4624 1015 4687 CAI'.
1044 4628 1187 4683 XIII.
1217 4658 1287 4669 —
1426 4627 1524 4691 Qui
1552 4627 1877 4698 semetipsum
1907 4627 2114 4682 libenter
2140 4633 2381 4700 {nuerunt

789 4701 1286 4758 renovat.Clemens
1311 4717 1339 4749 (ι
1404 4698 1691 4751 Corinthios
1718 4698 1796 4751 sic
1833 4697 2026 4752 refert:
2052 4699 2381 4765 Pltmnicem,

788 4790 909 4829 cum
949 4790 1007 4828 se
1043 4772 1199 4826 morti
1234 4769 1540 4843 proximum
1566 4771 1768 4843 sentit,
1811 4784 1839 4821 (ι
1877 4769 2032 4825 thure
2067 4787 2129 4825 ac
2168 4773 2382 4843 myrrha

787 4840 1459 4915 ceterisqueAhnjusmodi
1512 4839 1769 4915 odoribus
1820 4849 2031 4915 struere
2086 4843 2185 4896 sibi
2224 4839 2385 4905 ’σηκὸν

787 4910 1032 4990 (Plinius
1054 4910 1299 4985 nidum);
1339 4925 1404 4990 eo
1434 4926 1559 4965 mox
1593 4911 1773 4965 alitem
1802 4911 2081 4990 conditum.
2106 4916 2258 4990 mori.
2279 4915 2379 4990 LE;

788 4983 983 5043 mortui
1012 5000 1197 5051 carne,
1227 4983 1372 5036 nasci
1402 4996 1572 5051 primo
1596 4997 1692 5037 ceu
1721 4983 2087 5050 verinieulum,
2125 4986 2247 5040 inde
2271 4986 2383 5041 lieri

789 5059 1017 5183 (polluta.
1060 5057 1206 5111 IIanc
1246 5054 1402 5108 nobis
1440 5069 1467 5105 a
1511 5053 1618 5107 Deo
1655 5054 2061 5109 resurrectionis
2100 5057 2381 5127 imaginem

827 5144 926 5183 art.
1009 5144 1076 5183 to.

827 5144 926 5183 art.
960 5144 1076 5183 ιίιϐ.

862 5198 955 5271 (b)
986 5198 1048 5251 Et
1069 5195 1452 5271 ﬂgreltitenim,
1481 5195 1675 5271 inquit,_
1700 5195 1832 5248 velut
1862 5196 2085 5271 pluenix.
2111 5205 2171 5259 ὡς
2208 5209 2381 5267 φιίνιε,

789 5279 843 5323 nt
871 5264 1079 5339 palma,
1101 5269 1188 5339 Ps.
1212 5266 1326 5322 XII.
1361 5266 1620 5339 Deceptus
1648 5264 2025 5339 Auctorivocis
2045 5264 2233 5334 graeca:
2263 5288 2381 5322 :nn-

792 5337 1066 5412 bigttitata.
1097 5338 1339 5395 5ειι.-
1362 5338 1454 5412 Sic
1479 5337 1620 5412 solet
1644 5338 1932 5412 Septimius
1958 5340 2379 5412 Seripturamrad

790 5410 1121 5482 propositum
1163 5426 1315 5483 suum
1360 5410 1619 5483 latissime
1656 5410 2020 5483 interpretari.
2070 5411 2251 5483 Itaque
2296 5411 2382 5468 hic

793 5479 1055 5551 pluenicis
1091 5479 1404 5551 \‘ttcahttIItItt
1446 5482 1582 5551 inter
1621 5480 1798 5551 alitem
1838 5490 1891 5532 et
1929 5479 2177 5537 arborem
2212 5483 2380 5537 ambi-

793 5549 975 5623 guum,
1010 5566 1108 5624 pro
1139 5550 1384 5623 phoenice
1412 5549 1537 5605 alite
1589 5550 1816 5619 positum
1845 5551 2041 5624 voluit;
2072 5565 2127 5609 et
2157 5555 2378 5608 verbum

792 5623 1081 5695 [iorebiti'ad
1112 5624 1554 5695 resurrectmttt'm
1582 5623 1919 5695 accommoda
1934 5624 2024 5677 vit.
2057 5625 2163 5681 IiIG.

864 5694 940 5776 (ο)
984 5693 1066 5749 Uti
1088 5695 1263 5776 cr_c_tlas
1281 5691 1561 5776 .de'iguibas
1585 5707 1780 5776 qugque
1804 5693 2131 5776 :S-ttbslllttli-tttil
2154 5697 2380 5776 corporis

796 5762 928 5836 exigi
952 5781 1112 5832 posse.
1135 5763 1260 5818 Hice
1281 5762 1470 5815 iudicia
1492 5762 2019 5836 suut‘Tertullianum
2041 5768 2093 5820 in
2118 5768 2380 5835 phaanicis

795 5832 1014 5889 liisioria
1039 5843 1276 5890 secutum
1300 5847 1441 5896 esse,
1464 5847 1582 5904 qua:
1606 5832 1813 5904 fuerant
1833 5835 1978 5889 varie
2000 5836 2066 5888 ab
2090 5832 2249 5891 variis
2273 5848 2379 5892 tra-

792 5911 920 5976 dita;
961 5906 1253 5976 sumpsisse
1285 5911 1463 5960 autem
1489 5903 1573 5959 ’ab
1615 5903 1699 5971 iis,
1746 5919 1885 5976 quae,
1929 5905 2225 5965 tractationi
2266 5922 2377 5966 sua:

2481 4205 2661 4262 facere
2691 4207 2972 4276 plurimum
3000 4208 3149 4263 vidit.
3178 4208 3242 4261 Et
3274 4204 3563 4262 Clementis
3597 4205 3844 4273 epistola,
3889 4206 3961 4261 de
3994 4222 4087 4275 pu-

2485 4280 3030 4346 trrstseutepbmuicis
3058 4294 3238 4336 carne.
3259 4294 3362 4330 non
3395 4278 3461 4331 de
3490 4288 3744 4342 cremata,
3782 4278 4087 4345 phmnieetn

2487 4351 2692 4404 renasci
2738 4351 3047 4405 tradiderat.
3095 4350 3233 4419 Ergo
3274 4357 3329 4403 ut
3366 4363 3650 4417 corporum
3693 4349 4088 4403 restitutionem

2487 4422 2645 4475 etiam
2685 4421 2734 4474 in
2773 4436 2838 4476 eo
2878 4423 3062 4475 mortis
3099 4436 3326 4490 genere,
3370 4434 3476 4488 quo
3518 4419 3683 4488 magis
3718 4420 3931 4473 aboleri
3972 4434 4089 4487 spes

2492 4492 2841 4547 restitutionis
2880 4493 3175 4552 videbatur.
3215 4492 3590 4555 conlirmaret,
3633 4490 3696 4542 ad
3733 4506 3831 4545 eos
3868 4505 3929 4545 sc
3968 4507 4092 4545 eon-

2410 4537 2463 4598 Ῑ)
2491 4564 2645 4617 vertit
2668 4564 2754 4632 qui
2776 4563 2842 4618 de
2864 4564 3134 4618 cineribus
3159 4537 3379 4617 cremati
3407 4537 3671 4632 pbmnicis
3701 4578 3901 4613 novum
3934 4565 4087 4615 resti-

2492 4634 2562 4687 tui
2597 4640 2939 4701 scripserant.
2986 4632 3073 4689 Uti
3103 4634 3300 4695 credas,
3343 4635 3530 4703 inquit,
3571 4633 3633 4684 de
3663 4634 3866 4701 ignibus
3898 4650 4091 4702 qucque

2488 4704 2819 4759 substantiam
2843 4707 3069 4775 corporis
3093 4707 3226 4776 exigi
3255 4721 3417 4772 posse.
3448 4705 3596 4776 Quod
3626 4712 3678 4753 rt
3704 4706 3869 4776 citato
3894 4703 4088 4757 Psalmi

2490 4777 2753 4831 \‘et'siudo
2791 4778 3092 4847 suhjnugit,
3138 4775 3291 4847 quasi
3332 4777 3483 4831 fuerit
3522 4775 3574 4829 in
3614 4785 3799 4847 areale
3840 4775 4089 4830 Psalmu-

2487 4848 2671 4918 graphi
2702 4848 2766 4901 de
2797 4844 3041 4913 phthniée
3067 4844 3307 4902 cremato
3335 4848 3574 4899 historia.
3610 4844 3730 4900 RIG.

2560 4916 2709 4973 ιῑριρ.
2742 4917 2876 4992 XIV.
2911 4950 2981 4959 —
3007 4918 3257 4992 (d)_Ttnn
3305 4919 3724 4992 οριῂιιιιιιιιιιηιιιι
3771 4925 3822 4969 et
3863 4916 4087 4992 justum.

2486 4989 2823 5044 Manciouitas
2851 4989 2994 5055 fet-it,
3018 4988 3115 5059 ’ψει
3151 4993 3199 5043 in
3247 5005 3352 5043 uno
3400 4989 3509 5043 Deo
3543 4988 3807 5054 justitiam
3836 4998 3891 5059 et
3940 4990 4090 5042 honi-

2490 5069 2648 5115 tatem
2704 5076 2806 5115 non
2856 5056 3286 5130 couqiingebaut,
3320 5060 3412 5114 Sed
3466 5059 3797 5113 discidentes
3832 5056 4087 5130 divinam

2487 5134 2834 5185 substantiam
2887 5133 2937 5186 iu
2993 5129 3127 5186 duos
3173 5131 3327 5194 Deos,
3361 5132 3526 5184 alium
3575 5130 3775 5184 bonum
3810 5129 4087 5190 (licebant,

2486 5202 2645 5255 alium
2676 5204 2871 5256 malum
2902 5214 2955 5258 et
2979 5204 3201 5271 justum.
3237 5203 3386 5255 lltmc
3418 5200 3701 5271 Marcionis
3732 5215 3986 5271 errorem
4019 5216 4093 5255 re-

2489 5273 2607 5326 tulit
2634 5290 2753 5327 eum
2786 5275 2896 5328 suis
2926 5270 3603 5329 rationibus'I'heodoretus
3631 5270 3724 5325 lib.
3760 5270 3808 5325 ν
3840 5272 3908 5323 de
3938 5271 4084 5325 Decr.

2485 5344 2642 5397 divin.
2679 5345 2806 5400 Lac.

2560 5416 2638 5485 (ι’)
2706 5417 2808 5472 Sed
2860 5432 2975 5468 cum
3039 5414 3299 5469 Marciane
3354 5416 3550 5482 plenius
3598 5416 3778 5485 disces.
3845 5412 4090 5467 Rennuit

2484 5484 2736 5541 lectorem
2787 5488 2852 5541 ad
2898 5488 3080 5553 libros,
3112 5502 3243 5555 quos
3289 5487 3543 5541 adversos
3590 5484 3930 5539 Marrionem
3963 5487 4091 5539 scri-

2484 5561 2607 5627 psit.
2636 5557 2811 5612 Rtteu.

2555 5628 2629 5697 (t‘)
2660 5626 2842 5683 Nescio
2858 5630 2973 5700 jam
3001 5629 3045 5683 si
3087 5627 3248 5692 Deus,
3276 5637 3379 5684 etc.
3412 5628 3787 5700 Sensus_esse
3833 5625 4082 5700 videtur:

2481 5698 2673 5753 Nescio
2721 5717 2786 5753 an
2822 5696 2960 5754 Deus
3011 5700 3381 5755 Iucreticorum
3433 5700 3574 5754 Deus
3602 5696 3694 5759 sit.
3741 5698 3964 5767 quando
3991 5711 4083 5749 nec

2482 5781 2667 5824 auctor
2682 5782 2783 5835 eSI,
2812 5770 2951 5839 quod
2987 5779 3162 5825 tamen
3188 5786 3364 5836 verus,
3396 5770 3448 5825 id
3476 5781 3559 5825 εει
3586 5778 3771 5823 noster
3803 5768 3945 5839 Dens
3966 5784 4078 5821 esse

2482 5842 2683 5905 scitur;
2712 5856 2808 5897 nec
2832 5841 2959 5914 item
2986 5841 3236 5900 dominus
3277 5850 3378 5908 est.
3404 5841 3547 5914 quod
3589 5854 3711 5897 esse
3764 5838 3999 5895 debebat
4033 5840 4073 5892 si

2482 5921 2667 5968 auctor
2687 5923 2846 5971 esset.
2876 5913 3044 5969 linea.
