4250 6494
769 381 875 439 815

2180 378 2643 436 TERTULLIANI

3964 380 4069 437 816

772 497 923 552 licem
946 493 1262 563 damnari,si
1285 494 1405 566 quis
1425 507 1546 551 eum
1575 507 1782 550 veneno
1806 495 2251 564 tentperarit;uec
2277 495 2352 566 (a)
2381 497 2430 556 Λ
2461 498 2592 552 uteri
2643 504 2857 552 consata
2901 496 3048 569 (15),
3102 497 3453 564 conformata,
3513 500 3792 568 ceugeuita
3847 501 4065 566 animm,

768 588 1001 660 gladium
1031 589 1096 643 ad
1125 588 1325 643 bestias
1344 587 1672 657 pronuntiari
1697 627 1710 654 ,
1736 587 1777 641 si
1800 587 1920 656 quis
1943 602 2008 642 eo
2026 585 2360 643 latrrcinium

761 681 920 737 fuerit
946 691 1219 752 operatus.
1253 679 1371 736 Jam
1402 695 1529 751 ergo
1579 680 1835 755 innocens
1882 694 2029 747 caro,
2057 695 2121 735 ex
2179 695 2239 734 ea
2283 680 2362 752 (1)

767 781 915 844 parte
942 791 1043 842 qua
1074 789 1178 829 ﬂO'l
1205 774 1592 845 reputabuntur
1623 773 1694 827 illi
1736 782 1917 843 opera:
1958 773 2112 829 mala:
2143 794 2154 828 :
2187 783 2238 830 et
2276 775 2361 829 tti-

761 865 836 922 hil
868 866 1115 935 prohibet
1170 865 1488 921 innocentia:
1547 865 1763 920 nomine
1809 865 2011 920 salvam
2055 880 2172 920 eam
2223 866 2356 922 ﬁeri.

762 959 911 1015 Licet
938 959 1080 1014 enim
1112 972 1209 1014 nec
1258 959 1410 1014 bona:
1441 974 1619 1028 opene
1643 957 1723 1030 (2)
1749 967 2063 1027 repntentur
2093 958 2189 1022 illi,
2223 961 2362 1015 sicut

759 1067 861 1108 nec
882 1051 1034 1106 mala:
1062 1050 1180 1122 (3);
1212 1051 1405 1106 divina:
1429 1061 1604 1106 tamen
1647 1051 1950 1120 benignitati
2001 1052 2170 1121 magis
2208 1069 2358 1108 cont-

758 1143 889 1214 petit
917 1144 1227 1198 innocentes
1257 1143 1484 1197 liberare
1518 1161 1529 1195 :
1560 1142 1814 1197 beneﬁcis
1838 1143 1980 1197 enim
2008 1143 2185 1209 debet;
2222 1147 2358 1215 opti-

757 1237 826 1290 ttti
849 1243 935 1291 est
959 1233 1039 1306 (ὁ)
1064 1245 1263 1300 autem,
1287 1234 1446 1290 etiam
1476 1234 1616 1305 quod
1649 1251 1752 1288 noti
1783 1235 2006 1290 debetur
2033 1236 2115 1305 (5)
2143 1236 2354 1293 oﬂ'erre.

761 1326 1023 1381 Ettamen
1053 1325 1298 1389 calicem,
1328 1342 1430 1380 non
1459 1325 1579 1380 dico
1619 1326 1986 1391 venenarium,
2013 1327 2083 1394 (ὁ)
2120 1330 2169 1380 in
2197 1343 2352 1398 quem

758 1434 905 1474 tnors
933 1419 1105 1488 aliqua
1137 1418 1358 1473 ructarit
1390 1418 1491 1489 (6).
1517 1417 1610 1474 sed
1666 1419 1736 1490 (c)
1771 1420 1989 1474 liclrieis
2024 1419 2124 1492 (7),
2159 1422 2242 1475 vel
2269 1437 2358 1476 ar-

756 1513 964 1582 chigalli
999 1513 1100 1582 (8),
1130 1512 1213 1568 vel
1261 1511 1594 1582 gladiatoris,
1622 1520 1714 1566 aut
1736 1512 2001 1567 carniﬁcis
2047 1515 2236 1583 spiritu
2270 1515 2351 1568 itt-

753 1610 972 1671 1'ecntnt,
995 1621 1178 1678 quer
1218 1622 1284 1658 an
1332 1606 1506 1659 minus
1531 1604 1772 1670 damnes,
1800 1621 1956 1676 quant
2001 1606 2180 1661 oscula
2213 1608 2354 1676 ipso-

754 1701 912 1756 rum?
944 1699 1149 1755 Nostris
1176 1713 1387 1769 quoque
1431 1697 1677 1752 sordibus
1707 1698 1965 1763 nubilum,
1990 1699 2070 1753 vel
2119 1715 2224 1753 non
2256 1715 2351 1769 pro

752 1796 930 1850 aninto
959 1802 1332 1863 temperatum,
1375 1791 1577 1847 elidere
1604 1791 1862 1854 solemus,
1891 1806 1998 1862 quo
2022 1793 2188 1862 magis
2216 1808 2348 1863 pue-

2468 589 2628 642 etiam
2661 589 2711 641 in
2735 589 2878 643 omni
2910 588 3222 658 operatione
3251 589 3507 645 miscetur
3545 590 3641 645 illi.
3671 589 3803 646 Nam
3844 592 3947 646 etsi
3977 608 4069 646 vas

2467 691 2688 734 vocatur
2715 681 2855 750 apud
2884 682 3220 750 Aposmlum,
3253 698 3410 752 quam
3439 682 3588 754 jubet
3637 684 3688 738 in
3720 684 3924 739 honore
3955 697 4063 740 tra-

2464 772 2596 827 ctari
2627 772 2767 844 (l6),
2793 773 2979 828 eadem
3005 782 3182 828 tamen
3223 775 3291 829 ab
3306 773 3497 830 eodem
3530 774 3690 830 homo
3706 777 3947 832 exterirr
3971 792 4068 848 ap-

2465 863 2693 930 pellatur
2725 882 2738 916 :
2771 865 2858 920 ille
2888 865 3094 920 scilicet
3121 866 3296 929 limus,
3343 867 3432 936 qui
3463 867 3609 936 prior
3637 867 3790 923 titulo
3833 868 4073 924 hominis

2465 955 2661 1011 incisus
2689 965 2792 1022 est,
2825 973 2928 1012 non
2956 957 3159 1023 calicis,
3189 967 3280 1012 aut
3319 958 3504 1028 gladii,
3535 969 3621 1013 aut
3655 961 3853 1014 vasculi
3888 963 4070 1014 ullius.

2468 1047 2567 1102 Vas
2597 1049 2738 1104 enint
2765 1051 3075 1120 capacitatis
3105 1053 3323 1106 nomine
3374 1051 3512 1107 dicta
3544 1062 3626 1107 est
3647 1095 3662 1118 ,
3695 1069 3798 1122 qua
3830 1055 4072 1108 animam

2461 1142 2601 1209 capit
2630 1151 2682 1196 et
2707 1144 2979 1208 continet;
3020 1143 3180 1197 ltomo
3209 1158 3358 1210 vero,
3391 1143 3458 1198 de
3502 1146 3882 1200 communione
3917 1156 4076 1199 natu-

2463 1249 2556 1297 ναξ,
2587 1249 2707 1304 quae
2753 1250 2870 1290 eant
2923 1251 3028 1290 non
3080 1236 3493 1292 instrumentum
3551 1239 3602 1291 in
3660 1238 4072 1307 Operatimtihus

2462 1334 2711 1392 praestat.
2779 1325 2872 1381 scd
2950 1327 3329 1381 ministerium.
3413 1325 3484 1380 Ita
3570 1336 3622 1382 et
3704 1329 4071 1384 ministerium

2460 1416 2724 1472 tenebitur
2789 1417 3023 1487 judicio,
3071 1418 3172 1472 etsi
3224 1416 3340 1490 (17)
3397 1417 3464 1473 de
3517 1433 3616 1472 suo
3663 1418 3795 1473 nihil
3853 1423 4068 1490 sapiat;

2457 1509 2578 1576 quia
2643 1509 2817 1577 portio
2878 1520 2959 1564 cst
3020 1509 3137 1579 ejus
3191 1526 3311 1581 qua:
3381 1511 3555 1580 sapit.
3610 1526 3716 1565 nou
3793 1513 4067 1580 supellex.

2458 1599 2570 1654 Hoc
2617 1610 2673 1656 et
2711 1601 3002 1671 Apostolus
3048 1604 3254 1669 sciens,
3309 1603 3438 1656 nihil
3489 1618 3704 1658 carnem
3761 1619 3924 1674 agerc
3979 1620 4071 1672 per

2456 1693 2834 1762 setnetipsam,
2911 1694 3053 1764 quod
3122 1708 3226 1748 non
3292 1695 3484 1749 animm
3549 1695 3870 1764 deputetur,
3929 1696 4072 1750 nihi-

2457 1785 2687 1841 lominus
2786 1789 3134 1854 peccatricem
3206 1788 3412 1856 judicat
3503 1805 3765 1856 carnem,
3849 1806 3917 1844 ne
4006 1807 4070 1846 eo

752 1905 814 1943 ro
841 1889 1135 1942 irascamur
1169 1902 1181 1938 :
1215 1884 1447 1954 gladium
1494 1897 1622 1938 vero
1675 1881 1756 1953 (9)
1809 1883 2102 1936 latrociniis
2152 1883 2358 1939 ebrium
2391 1887 2438 1946 Β
2467 1877 2607 1946 quod
2637 1880 2703 1933 ab
2725 1881 2900 1934 anima
2933 1881 3380 1950 videturintpclli,
3409 1881 3609 1951 judicia
3635 1883 3856 1937 liberata
3881 1885 4070 1938 rreda-

750 1981 870 2050 quis
899 1993 1001 2033 non
1029 1992 1058 2032 a
1089 1977 1251 2031 domo
1278 1986 1408 2040 tota,
1441 1974 1634 2028 nedum
1665 1989 1693 2027 a
1725 1973 1992 2039 cubiculo,
2046 1974 2239 2029 nedum
2272 1977 2351 2045 (ιι)

749 2088 778 2124 a
802 2069 991 2139 capitis
1015 2069 1095 2123 sui
1124 2068 1298 2121 oilicio
1321 2065 1578 2136 relegabit
1602 2064 1738 2136 (10),
1770 2080 2101 2134 pratsuntens
2127 2067 2348 2131 scilicet,

749 2162 879 2217 nihil
908 2159 1050 2216 aliud
1081 2174 1138 2214 se
1168 2173 1325 2229 quam
1351 2156 1550 2211 iuludia
1579 2157 1693 2224 (11)
1724 2157 2026 2210 animarum
2058 2158 2352 2212 somniatu-

748 2271 888 2322 rnut,
942 2253 1243 2324 urgentium
1286 2262 1340 2307 et
1380 2250 1784 2321 inquietantium
1826 2250 1900 2320 (ε)
1951 2251 2221 2321 sanguinis
2269 2253 2351 2306 sui

751 2345 1388 2403 concubinum?i\tenim
1433 2351 1489 2398 et
1516 2343 1652 2397 calix
1681 2342 1818 2399 bene
1859 2343 1958 2397 sibi
1984 2344 2250 2409 conscius,
2299 2355 2350 2399 et

745 2439 813 2495 de
836 2437 1112 2508 diligentia
1139 2436 1417 2490 ministerii
1443 2435 1868 2495 commendatus.
1891 2435 1958 2490 de
1983 2435 2097 2507 (12)
2139 2437 2352 2492 comitis

745 2545 958 2602 quoque
1009 2528 1267 2599 potatoris
1291 2526 1372 2581 sui
1403 2525 1735 2580 inornabitur
1761 2527 1898 2594 (15),
1932 2539 2026 2580 aut
2070 2529 2351 2597 aspergine

750 2622 942 2678 ﬂorum
973 2618 1323 2674 honorabitur
1354 2636 1365 2671 :
1400 2628 1454 2672 et
1479 2616 1686 2687 gladius
1717 2617 1850 2671 bene
1880 2616 1946 2672 de
1979 2617 2123 2672 bello
2151 2633 2348 2673 cruen-

747 2725 862 2780 tus,
893 2711 962 2787 (ί)
986 2723 1040 2768 et
1067 2712 1256 2767 melior
1286 2711 1572 2776 homicida,
1609 2709 1816 2765 laudem
1861 2726 2012 2765 suam
2061 2727 2348 2767 consecra-

745 2809 892 2864 tione
925 2806 1184 2878 pensabit.
1215 2806 1310 2862 Est
1340 2805 1455 2877 (14)
1483 2821 1612 2876 ergo
1639 2813 1694 2859 et
1744 2805 1794 2858 in
1829 2804 2043 2858 vascula
2094 2814 2149 2860 et
2179 2806 2227 2859 in
2265 2805 2348 2860 in.

744 2899 1150 2973 strumenta(g)
1199 2899 1518 2955 sententiam
1565 2897 1768 2970 ﬁgere,
1816 2906 1871 2951 ut
1915 2897 2253 2955 dominorum
2297 2907 2351 2956 ct

741 3003 1020 3051 auctorum
1067 2993 1270 3048 meritis
1321 3001 1376 3048 et
1427 2992 1538 3062 ipsa
1615 2991 2049 3057 communicent;
2117 3004 2174 3045 ut
2226 2993 2350 3049 huic

742 3102 956 3160 quoque
984 3084 1429 3156 argumentatioui
1482 3082 1856 3145 satisfecerim,
1890 3083 2014 3139 licet
2061 3085 2130 3139 ab
2160 3100 2347 3140 exem-

747 3181 836 3251 plo
865 3187 1020 3234 vacet
1044 3177 1327 3233 diversitas
1357 3191 1554 3231 rerum.
1581 3176 1751 3230 Omne
1773 3173 1914 3229 enim
1939 3189 2028 3229 vas
2056 3176 2136 3230 vel
2157 3175 2350 3232 instru-

745 3280 985 3328 mentum
1013 3268 1227 3325 aliunde
1272 3267 1322 3322 in
1354 3283 1481 3323 usus
1512 3266 1682 3332 venit,
1713 3275 1967 3322 extranea
1996 3266 2214 3321 omnino
2243 3282 2348 3322 ma-

744 3363 879 3420 teria
909 3378 938 3416 a
966 3359 1263 3417 substantia
1307 3360 1536 3415 hominis
1566 3375 1580 3426 ;
1611 3373 1738 3415 caro
1782 3369 1960 3415 autem
2009 3359 2074 3414 ab
2125 3361 2350 3416 exordio

2461 1976 2565 2023 tur.
2595 1969 2684 2023 Sic
2706 1978 2760 2024 et
2787 1985 2907 2024 cum
2953 1971 3158 2042 aliquas
3218 1972 3389 2027 laudis
3440 1988 3630 2044 operas
3681 1977 3827 2028 carni
3882 1976 4071 2029 imlicit

2459 2060 2634 2131 (lCor.
2657 2061 2773 2133 XV)
2807 2061 3155 2132 :Gloriﬁcate,
3179 2063 3365 2135 inquit,
3400 2075 3447 2120 et
3478 2066 3591 2134 (18)
3617 2066 3777 2120 tollite
3812 2066 3984 2120 Drum
4015 2069 4068 2121 ia

2456 2169 2668 2223 corpore
2693 2165 2886 2221 vestro,
2913 2165 3094 2211 certus
3119 2165 3173 2212 et
3199 2155 3298 2212 hos
3347 2166 3571 2212 conatus
3601 2157 3669 2211 ab
3707 2160 3885 2211 anima
3939 2163 4024 2229 agi
4050 2177 4064 2224 ;

2459 2245 2658 2303 ideirco
2687 2259 2862 2305 tamen
2889 2260 2942 2304 et
2969 2249 3117 2305 carni
3149 2264 3242 2304 eos
3288 2249 3535 2316 mandat,
3566 2250 3689 2321 quia
3719 2259 3774 2305 et
3804 2251 3875 2303 illi
3922 2250 4068 2306 {ritc-

2457 2346 2569 2392 tum
2604 2341 2925 2408 repromittit
2954 2340 3090 2410 (19).
3125 2341 3373 2413 Alioquin
3406 2356 3504 2397 nec
3551 2341 3894 2412 exprobratio
3917 2357 4070 2396 eom-

2458 2434 2678 2501 petissct
2706 2435 2756 2488 in
2793 2434 3020 2489 alienam
3074 2434 3276 2504 culpm,
3322 2449 3420 2490 nec
3469 2433 3770 2489 adhortatio
3808 2436 3861 2488 in
3891 2446 4072 2489 extra-

2458 2539 2614 2579 neam
2666 2525 2849 2595 gloria:
2884 2542 2897 2581 :
2939 2536 2994 2581 et
3036 2526 3380 2596 exprobratio
3429 2527 3570 2582 enim
3596 2568 3612 2596 ,
3662 2538 3719 2582 et
3763 2529 4072 2583 exhortatio

2461 2628 2710 2670 vacarent
2756 2633 2878 2688 erga
2908 2634 3122 2674 carnem
3141 2661 3156 2686 ,
3183 2620 3226 2675 si
3255 2628 3468 2675 vacaret
3494 2627 3549 2674 et
3575 2632 3781 2676 merces
3800 2660 3818 2687 ,
3864 2635 3988 2692 qum
4018 2628 4070 2677 in

2455 2709 2846 2765 resurrectione
2867 2719 3130 2780 captatur.

3025 2799 3253 2857 CAPUT
3294 2800 3455 2856 XVII.

2543 2892 2846 2962 Simplicior
2871 2893 3096 2963 quisque
3153 2893 3326 2947 fautor
3351 2893 3631 2948 sententia:
3669 2903 3874 2948 nostrre
3911 2906 4065 2965 puta~

2457 2989 2552 3053 bit,
2586 3001 2804 3041 carnem
2832 2985 2993 3041 etiam
3055 2985 3251 3041 idcirco
3296 2987 3789 3056 reprtnsentandam
3821 3004 3946 3043 esse
3971 2990 4062 3060 jn-

2454 3085 2620 3149 dicio,
2656 3083 2732 3152 (h)
2761 3081 2881 3151 quia
2906 3081 3060 3135 aliter
3079 3081 3252 3135 anima
3285 3096 3389 3134 non
3419 3081 3593 3150 capiat
3619 3081 3928 3150 passionem
3961 3095 4069 3136 Ior-

2459 3177 2625 3232 menti
2656 3189 2751 3229 seu
2773 3171 3032 3243 refrigerii
3065 3214 3080 3238 ,
3133 3181 3316 3240 utpote
3365 3172 3716 3243 incorporalis
3744 3189 3758 3224 :
3791 3171 3896 3228 hoc
3917 3174 4063 3227 ci.i.it

2453 3269 2645 3339 vulgus
2664 3264 2955 3321 existimat.
2984 3263 3093 3318 Nos
3121 3273 3299 3318 autem
3335 3263 3567 3316 animam
3611 3261 3673 3334 (ἱ)
3721 3267 4064 3333 corporalem

2454 3371 2506 3418 et
2536 3360 2625 3414 hic
2648 3356 2960 3427 proﬁtemur
2983 3395 3000 3422 ,
3031 3365 3085 3410 et
3109 3355 3160 3408 in
3188 3368 3287 3411 suo
3306 3354 3577 3409 volumine
3606 3354 3900 3425 probamus
3927 3398 3940 3424 ,
3968 3355 4064 3410 ha-

1973 3472 2353 3535 LECTIONES
2391 3471 2804 3534 VARIANTES.

834 3590 850 3640 1
908 3589 973 3639 Ea
992 3585 1170 3653 neglig.
1194 3589 1339 3637 Pam.
1367 3586 1520 3636 Frau.

834 3654 859 3700 Ξ
915 3652 1046 3700 Bona
1069 3665 1100 3697 o
1120 3663 1217 3698 tera
1241 3646 1391 3700 Rhea.
1419 3650 1520 3698 Sen;

834 3715 861 3762 5
916 3712 1038 3763 Mala
1062 3665 1216 3762 Rhea.
1243 3710 1384 3762 sentt.

838 3777 859 3824 1
913 3775 1175 3825 Beneﬁcus
1208 3775 1339 3823 enim
1377 3781 1453 3823 est
1487 3782 1520 3823 a'

828 3646 882 3700 2)
915 3646 1217 3700 Boua'on'era
1241 3646 1391 3700 Rhea.
1419 3650 1567 3698 Sentt.

829 3710 881 3763 5)
916 3712 1038 3763 Mala
1062 3710 1216 3762 Rhea.
1243 3710 1384 3762 sentt.

838 3770 879 3837 1)
913 3775 1175 3825 Beneﬁcus
1208 3775 1339 3823 enim
1377 3781 1453 3823 est
1487 3776 1636 3836 atque
1661 3773 1888 3837 Optimus.
1927 3770 2094 3824 Debet
2125 3774 2340 3826 Rheuau.

916 3899 1203 3949 Deberetur
1229 3895 1381 3948 Rhea.
1410 3896 1561 3947 Serui.

833 3964 863 4013 ϐ
921 3961 1156 4011 Ructaret
1177 3960 1330 4010 Rhea.

807 3901 884 4089 i7}
916 4023 1138 4074 Fictricis
1160 4021 1310 4073 Rhea.
1356 4017 1505 4071 Seml.
1539 4018 1561 4068 1';

806 3591 828 3840 l

807 3947 884 4088 (i5)
918 3947 1156 4032 Ructaret
1177 3947 1330 4010 Rhea.

829 4028 856 4075 7
916 4023 1138 4074 Fictrtcis
1160 4021 1310 4073 Rhea.

829 4017 880 4076 7)
916 4023 1138 4074 Fictricis
1160 4021 1310 4073 Rhea.
1356 4017 1505 4071 Seml.
1539 4018 1856 4072 fascinalricis
1889 4019 1974 4072 lib.
2021 4022 2185 4075 Ursin.
2228 4025 2339 4076 cod.

757 4089 1115 4215 ﬁgitqlhraeis
1137 4145 1217 4197 vel
1240 4145 1357 4209 galli
1380 4144 1603 4198 ϐίαι-οη.
1631 4147 1938 4209 architltreys
1974 4148 2052 4198 vel
2089 4149 2341 4213 archigalli

747 4215 996 4264 Ctmterus.

809 4274 881 4342 (9)
917 4273 1010 4326 Vel
1027 4269 1174 4325 Rhea.
1203 4272 1354 4322 Semt.

2511 3587 2616 3655 (10)
2649 3582 3381 3655 Relegaritfam.Erratilnig.
3419 3587 3536 3655 Ven.
3714 3645 3743 3655 _.
3823 3647 3878 3655 __

2538 3645 2612 3712 ll)
2650 3647 2849 3712 invidia
2863 3645 3012 3712 Rhea.
3038 3647 3145 3699 cod.
3172 3645 3351 3699 Pithaei
3370 3649 3599 3698 invidiam
3614 3645 3793 3710 coajic.
3817 3647 3928 3712 R‘g.

2537 3708 2618 3762 12)
2654 3711 2732 3760 De
2755 3708 2906 3761 antiit.
2926 3711 3078 3759 Rhea.

2539 3769 2610 3831 15;"
2648 3772 2922 3835 inorabitur
2947 3769 3096 3821 Semt.
3116 3770 3226 3835 Rig.
3259 3771 3649 3822 Vea.ornabitur
3667 3769 3823 3826 Rhea.
3852 3786 4060 3824 corona-

2447 3833 2579 3887 bitur
2596 3833 2700 3886 alii.

2510 3897 2613 3958 lli)
2648 3896 2722 3946 Ne
2749 3894 2870 3946 add.
2899 3893 3050 3958 Rhea.
3083 3892 3236 3958 Seatl.

2538 3955 2610 4012 15)
2651 3958 2842 4011 Consita
2867 3956 3017 4010 Rhea.
3045 3955 3194 4008 Serui.

2540 4021 2615 4073 liii
2651 4022 2885 4071 Tractare
2906 4024 3060 4073 Rhea.
3083 4021 3234 4071 Semt.

2539 4081 2614 4136 17)
2653 4084 2714 4133 Ut
2737 4081 2885 4134 Rhea.
2913 4081 3053 4134 seml.

2536 4141 2613 4208 18)
2651 4148 2831 4208 lnquit,
2853 4153 2905 4195 et
2923 4146 3053 4195 abest
3071 4157 3102 4208 ᾳ
3126 4141 3276 4208 Rhea.
3302 4145 3369 4208 ait
3391 4143 3472 4194 ille
3498 4146 3531 4194 .1
3539 4158 3621 4194 tut.

2536 4201 2614 4272 19)
2647 4201 3014 4272 Repromittunt
3037 4205 3188 4260 Rhea.
3208 4201 3361 4256 Seml.

2136 4378 2699 4440 COMMENTARIUS.

814 4494 890 4573 (a)
919 4491 1159 4573 Gladium
1187 4494 1254 4548 ad
1274 4493 1455 4573 (testia:
1482 4493 1821 4573 pro_auutiari.
1850 4492 1925 4573 Ad
1952 4493 2148 4573 bestias
2175 4495 2327 4549 dam.

2514 4497 2590 4570 (l)
2644 4497 2710 4552 Et
2769 4497 2945 4552 melior
2997 4495 3274 4551 homicida.
3329 4493 3577 4570 Gladium
3617 4495 3687 4550 de
3739 4497 3887 4551 bello
3934 4514 4062 4553 ωηο

746 4564 915 4659 pare,
944 4569 1182 4659 boe‘e‘st
1227 4566 1293 4619 ad
1337 4564 1679 4659 pugnanti-um
1723 4579 1844 4618 cum
1891 4565 2104 4659 belluis,
2138 4568 2188 4620 in
2233 4583 2329 4659 nslu
2361 4564 2628 4659 Dentu'm.
2673 4570 2993 4651 homicidam
3045 4577 3234 4659 vocati.
3290 4566 3752 4659 sedqmcliOIrelm.
3805 4571 4061 4659 ul'cnlgi-

750 4644 914 4698 fuisse
944 4638 1080 4708 apud
1110 4638 1380 4708 Romanos
1404 4644 1600 4708 norunt
1639 4649 1847 4708 omnes,
1878 4644 1937 4689 ut
1960 4645 2014 4689 et
2042 4639 2105 4692 ad
2145 4640 2336 4694 metal-

755 4717 835 4781 la,
859 4711 923 4766 ad
952 4704 1285 4780 lapidieiuas,
1309 4706 1620 4781 adiusulas.
1651 4704 1726 4781 Ls
1760 4706 1852 4781 P_n.

822 4775 902 4856 (h)
925 4781 988 4836 In
1007 4775 1318 4856 attemptare
1340 4775 1508 4847 aliqua
1529 4777 1761 4856 ructarit.
1782 4775 1853 4856 ln_
1868 4792 2025 4847 quem
2048 4779 2347 4856 aliquis-ce-

751 4848 962 4912 ler‘itate
989 4848 1177 4906 veneni
1209 4857 1512 4917 correptam
1558 4848 1788 4900 animam
1841 4849 1981 4903 inter
2020 4851 2342 4907 sorbendum

757 4942 878 4982 cum
907 4931 1058 4980 ructu
1077 4921 1358 4976 elﬁaverit.
1394 4918 1507 4972 llic.

824 4995 898 5068 (ν)
930 4995 1035 5050 Sed
1060 4993 1265 5068 lictricis
1290 4990 1373 5068 vel
1397 4988 1683 5060 archigalli.
1718 4988 2021 5068 Legendum
2067 5001 2208 5068 esset
2239 4993 2345 5050 for-

757 5061 851 5122 san
881 5061 1566 5135 't'rictricis,sicquelocutus
1598 5071 1738 5135 esset
1768 5061 2130 5135 'l‘ertullianus
2157 5065 2222 5118 de
2253 5081 2345 5134 po-

751 5131 894 5193 culis
910 5152 1030 5207 qua:
1049 5131 1308 5207 lrictrices
1331 5132 1442 5207 illze
1463 5131 2090 5207 propudipqe‘ntulieres,
2128 5150 2221 5187 seu
2247 5131 2310 5190 eu
2329 5163 2344 5174 -

756 5200 942 5264 ttnchi'
963 5223 1082 5261 cunt
1115 5205 1297 5260 osculo
1339 5200 1648 5256 sorbebant.
1681 5201 1754 5253 L1?
1789 5200 1880 5254 Pa.
1909 5231 1979 5241 —
2011 5201 2244 5259 Fictriris
2270 5208 2345 5261 vel

748 5279 1041 5349 archigalli.
1096 5274 1380 5349 Archigalli
1423 5273 1700 5349 principes
1748 5282 1867 5349 sunt
1925 5275 2184 5349 gallorum
2234 5279 2345 5333 sive

746 5341 1324 5412 exsec'torum,au'ctore
1349 5343 1491 5399 Julio
1524 5341 1957 5396 FirmicoNeuus
1975 5345 2025 5397 in
2048 5345 2253 5400 decimo
2279 5350 2345 5403 ab

751 5430 1050 5490 horoscopo
1074 5420 1213 5482 loco,
1235 5417 1363 5471 facit
1404 5413 1752 5490 eunuchosct
1793 5415 2137 5490 archigallus.
2169 5419 2341 5474 Caete-

749 5510 864 5549 rum
896 5484 996 5546 hoe
1017 5491 1288 5545 hominum
1309 5501 1475 5557 genus
1501 5486 1648 5557 velut
1675 5484 2085 5557 inauspicatum,
2119 5502 2341 5544 exosum

748 5580 870 5621 esse
899 5563 1056 5626 solet,
1085 5571 1139 5617 et
1161 5555 1376 5631 propter
1405 5572 1500 5612 eos
1530 5555 1617 5631 qui
1641 5555 1776 5609 tales
1805 5555 2003 5612 habent
2035 5557 2085 5610 in
2109 5558 2337 5627 deliciis,

750 5637 910 5691 etiam
940 5645 1093 5703 turpe
1114 5626 1174 5687 et
1196 5626 1538 5703 ﬂagitiosum.
1565 5626 1737 5703 Rusti.

839 5704 896 5776 d)
923 5707 965 5759 Α
983 5696 1173 5776 capitis,
1192 5696 1480 5776 chief/icio.
1507 5703 1550 5776 ,ᾗ
1573 5697 1882 5776 cervicalis.
1905 5696 2022 5751 Rte.

839 5705 896 5776 d)
923 5707 965 5759 Α
983 5705 1164 5772 capitis
1192 5705 1480 5768 chief/icio.
1507 5705 1546 5752 Α
1573 5705 1871 5752 cervicalis.
1905 5705 2022 5751 itte.

815 5705 892 5847 ir)
922 5775 1201 5846 Sanguinis
1234 5769 1697 5847 suiconcubiaunt.
1724 5769 1884 5832 Quasi
1904 5783 2162 5847 caesorum
2210 5787 2333 5826 san.

741 5840 884 5919 gumi
916 5840 1144 5905 incubet,
1170 5842 1513 5919 quigladiuut
1542 5855 1803 5894 laesorum
1828 5840 2085 5908 sanguine
2114 5843 2333 5898 tim-tum

742 5912 987 5976 Ecrvicali
1016 5912 1432 5987 suppo'suit'suo.
1465 5912 1582 5967 llic.

2451 4651 2563 4697 tare
2598 4643 2752 4696 liccat
2781 4641 3014 4710 pejorem
3059 4653 3178 4695 esse
3207 4637 3528 4710 homicidam
3570 4637 3808 4709 gladium
3859 4640 3932 4694 de
3978 4637 4062 4694 la-

2454 4714 2678 4767 trucittio
2708 4709 3008 4767 cruentum.
3037 4712 3126 4765 Ait
3173 4710 3333 4776 igitur
3381 4709 3526 4763 illum
3571 4725 3692 4765 esse
3737 4711 4059 4774 meliorem,

2450 4783 2543 4838 sed
2575 4795 2748 4838 tamen
2801 4783 3142 4837 homicidam.
3177 4781 3390 4836 Etenim
3417 4780 3554 4835 bella
3597 4795 3790 4851 gerere
3833 4785 4062 4838 nolebat

2447 4855 2799 4908 Christianos.
2833 4855 2952 4910 lite.

2523 4925 2597 4997 (ε)
2624 4927 2936 4997 Scatrutiam
2955 4925 3128 4996 ﬁgere.
3165 4923 3278 4979 lloc
3303 4931 3407 4989 est,
3437 4922 3702 4994 intrepide
3717 4933 3775 4978 et
3798 4933 4060 4980 constan-

2450 5004 2529 5051 lcr
2557 4996 2817 5051 asserere.
2845 4996 2962 5051 Bia.

2519 5064 2840 5122 CAP.X\'II.
2870 5064 2952 5138 (h)
2977 5067 3110 5138 Quia
3135 5066 3282 5120 aliter
3309 5067 3487 5120 anima
3513 5081 3612 5118 non
3635 5065 3810 5138 capiat
3841 5070 4059 5136 passio-

2449 5155 2559 5191 nent
2581 5140 2834 5202 tormenti,
2864 5137 2968 5192 etc.
3003 5137 3150 5193 Adeo
3179 5138 3306 5191 olitn
3335 5138 3495 5191 etiam
3528 5137 3744 5191 lacessit
3769 5141 4058 5206 negotiunt

2451 5209 2550 5262 hoc
2598 5223 3002 5280 argutiientum,
3032 5223 3138 5274 quo
3175 5217 3329 5280 pacto
3372 5208 3592 5280 spiritus
3633 5209 3736 5280 igni
3776 5222 4058 5280 corporeo

2451 5277 2847 5349 torquerentur,
2881 5290 2938 5334 ut
2961 5291 3014 5334 et
3042 5279 3372 5334 Tertulliano
3393 5277 3496 5332 non
3532 5278 3649 5333 lere
3681 5277 4059 5349 fueril,:itque

2450 5351 2498 5404 iu
2527 5367 2678 5405 Suum
2715 5352 3036 5421 paradoxum
3067 5350 3134 5404 de
3165 5351 3541 5421 corporalit-tte
3570 5350 3766 5403 anima:
3815 5365 4060 5416 praes-cr-

2450 5424 2541 5474 tim
2573 5420 2895 5491 impelleret,
2923 5431 2978 5477 et
3009 5421 3345 5492 AuguSIinus
3375 5420 4055 5492 videaturaliquantulum

2448 5492 2724 5547 litesitasse
2749 5509 2842 5549 seu
2861 5509 2966 5548 non
2991 5491 3201 5564 penitus
3222 5491 3482 5548 refellisse
3501 5493 3572 5564 ob
3584 5491 3725 5564 idem
3750 5506 4059 5561 argumen-

2447 5571 2554 5617 tum
2582 5565 2861 5635 Daamones
2879 5561 3168 5635 corporeos
3189 5578 3310 5618 esse
3327 5605 3342 5630 ,
3361 5563 3607 5634 quamvis
3627 5561 3852 5617 demum
3880 5579 4058 5620 cons-

2447 5635 2550 5705 titit
2579 5634 2692 5691 haec
2719 5634 3013 5698 sententia,
3046 5646 3105 5691 ut
3148 5635 3369 5705 spiritus
3412 5643 3633 5705 possent
3678 5637 3934 5705 torqueri
3959 5637 4054 5692 illo

2447 5651 2550 5688 tittt
2579 5651 2692 5691 inec
2719 5651 3013 5698 sententia,
3046 5651 3105 5691 ut
3148 5651 3174 5689 s
3216 5651 3369 5690 tritus
3412 5651 3633 5705 possent
3678 5651 3688 5688 l

2443 5704 2582 5777 igne.
2611 5710 2830 5777 A_ugust.
2850 5707 2943 5761 lib.
2970 5707 3033 5760 21
3068 5707 3131 5759 de
3159 5651 3266 5760 ἂν.
3293 5719 3412 5775 cap.
3439 5704 3526 5777 19.
3559 5703 3688 5777 hac.

2516 5773 2579 5846 (i)
2616 5773 2940 5844 Cofporalcm
2959 5786 3005 5830 et
3029 5777 3108 5829 ltic
3129 5773 3455 5844 proﬁteatur-
3477 5775 3551 5830 De
3581 5775 3682 5846 hoc
3697 5774 4056 5832 Tertulliani

2443 5861 2504 5900 eu
2531 5845 2681 5902 ttzcvo
2704 5851 2761 5902 lt.
2795 5851 3013 5912 August.
3040 5863 3157 5916 cap.
3187 5847 3276 5908 89,
3307 5851 3371 5900 de
3395 5848 3574 5901 luet-es.
3608 5845 3672 5899 ad
3702 5846 3866 5913 Quod
3907 5851 3997 5900 vn!
4028 5877 4055 5888 ο

2446 5920 2629 5983 licunt,
2655 5927 2707 5975 ct
2737 5921 2796 5973 1).
2830 5919 3024 5975 Thotn.
3050 5918 3089 5974 ll
3111 5915 3287 5973 contra
3315 5915 3518 5985 Gentes,
3558 5932 3676 5987 cap.
3695 5919 3784 5974 86.
3825 5916 3977 5975 [ως.
