2125 3247
88 213 143 243 825

593 213 695 241 LIBER
721 212 764 241 DE
783 211 1070 242 RESURRECTIONE
1088 211 1222 241 CARNIS.

1683 211 1736 241 826

89 269 200 297 nubibus
225 277 282 296 cum
307 269 416 305 plurimo
436 272 566 304 potentatu
585 275 608 296 et
629 269 719 304 gloria.
743 269 791 296 Ubi
810 275 893 296 autem
907 271 930 300 Λ
946 270 1011 297 bons
1022 268 1091 305 (Col.
1108 269 1128 303 1,
1139 269 1197 302 29‘,
1211 273 1323 297 mortuos
1336 270 1414 306 fuisse
1427 277 1474 298 nos
1486 270 1626 304 aliquando
1638 270 1737 298 alicun-

90 316 212 349 rteperiut
239 316 287 343 ista
302 315 369 350 fieri,
385 316 514 351 entergrtis
532 315 583 351 (l),
606 320 630 342 et
660 315 787 342 clet‘abitis
808 316 892 348 rapito

90 367 185 394 rostra,
201 361 269 398 quod
295 362 434 397 redemptio
452 366 535 389 vestra
553 361 764 397 appropinquat-it
785 360 835 397 (‘2).
859 361 893 388 Et

92 413 183 434 tamen
197 407 403 442 adpropinquare
419 414 478 434 eam
494 406 578 439 dixit,
593 413 657 439 tton,
671 405 766 434 adesse
779 406 833 441 jam
846 413 853 437 ;
866 410 893 433 et

90 454 275 489 cuntmpetiut
295 455 343 481 ista
364 454 432 489 fieri,
448 461 513 486 non,
529 461 589 480 cum
605 456 673 481 tacta
689 452 806 485 fuerint;
831 453 893 488 quia

91 509 156 528 cum
173 500 240 528 facta
255 500 353 528 fuerint
364 521 370 532 ,
383 505 446 528 tunc
460 500 546 528 aderit
558 499 707 535 redemptio
717 504 818 531 nostra,
833 507 893 535 quae

91 554 127 574 co
150 554 234 582 uSque
254 547 469 582 appropinquare
491 546 597 577 dicitur.
613 546 718 581 erigens
738 545 843 573 interim
866 551 893 574 et

91 594 215 621 excitans
228 594 332 621 animos
345 593 378 621 ad
393 593 542 628 proximum
555 593 610 628 jam
626 593 682 628 spei
698 593 823 620 fructum.
838 592 893 620 Cu-

90 639 138 673 jus
160 639 241 666 etiatn
261 639 385 674 parabole
406 639 554 667 subtexitur
574 639 796 667 tenerescentium
815 639 895 666 arbo-

92 692 154 711 rum
170 684 196 711 in
209 684 312 712 caulem
326 684 416 718 ﬂoris,
432 689 459 712 et
477 684 574 712 dehinc
595 684 697 715 ﬂorent.
715 684 796 720 frugis
817 689 893 719 astte-

91 738 231 758 cursorem
245 739 252 757 :
269 730 311 758 Ita
325 736 348 757 et
360 739 403 758 vos
413 739 471 758 eunt
480 731 592 758 videritis
604 731 689 758 omnia
700 731 748 758 ista
762 731 829 765 ﬁeri,
842 731 893 758 sei-

93 781 145 803 tote
159 777 186 803 iu
206 777 321 811 proximo
333 785 386 804 esse
397 785 500 812 regnum
520 776 579 805 Dei.
601 776 708 813 Vigilate
719 785 778 813 ergo
788 778 855 805 omni
868 778 894 805 in

92 829 217 859 tempore,
239 829 265 850 ut
287 825 358 859 digni
378 824 521 851 ltobeomiui
542 824 653 860 effugere
672 825 759 852 omnia
779 825 843 856 ista,
869 831 894 852 et

91 873 164 898 stetis
177 875 236 898 ante
246 871 329 905 [ilium
341 871 451 898 hominis
464 880 470 898 :
486 871 577 906 utique
593 879 640 906 per
658 872 893 905 resurrectionem,

91 917 219 945 omnihtts
231 922 293 944 ante
309 918 458 945 transactis.
479 918 528 950 lla,
548 917 597 945 etsi
613 917 638 944 in
658 918 793 953 agnitione
807 925 894 945 saera-

945 321 992 347 tus,
1008 322 1031 343 et
1046 316 1159 343 inimicos
1176 324 1264 343 sensus
1281 316 1321 352 (7)
1349 315 1469 348 Domini,
1500 325 1558 344 cum
1581 318 1607 344 in
1621 318 1738 352 operibus

945 364 1058 398 pessimis
1084 363 1245 399 agebamus;
1268 363 1375 395 dehinc,
1399 363 1559 399 eonsepultos
1586 364 1687 391 Christo
1709 364 1737 391 in

945 410 1103 446 baptismate,
1120 414 1142 436 et
1162 410 1369 437 conresuscitntos
1382 410 1408 437 in
1423 418 1452 437 eo
1469 419 1514 445 per
1526 410 1603 445 fidem
1625 410 1740 446 rﬂicacia:

948 455 1005 487 Dei,
1019 456 1062 491 qui
1078 455 1151 482 illum
1177 456 1302 483 suscitarit
1321 455 1361 492 (8)
1381 465 1398 483 α
1416 457 1531 484 mortuis.
1556 456 1590 483 Et
1616 465 1659 484 eos
1683 465 1741 484 cum

945 502 1037 528 ntortui
1057 501 1143 528 essetis
1163 502 1190 528 iu
1212 502 1309 529 delictis
1326 507 1349 529 et
1379 502 1573 537 pmputiatioue
1596 503 1636 540 (9)
1657 503 1742 530 contis

945 551 1045 580 vestrm,
1061 546 1195 581 oioi/ieaoit
1212 554 1269 574 eum
1279 555 1319 579 eo,
1335 547 1435 575 donatis
1455 548 1524 575 vobis
1539 549 1653 575 outuiltus
1675 548 1741 575 deli-

944 593 1001 619 ctis.
1012 592 1045 619 Et
1057 600 1149 619 rursus
1163 600 1170 620 :
1183 592 1214 619 Si
1226 600 1283 619 cum
1299 592 1398 620 Christo
1411 594 1504 621 mortui
1518 594 1575 620 estis
1590 593 1620 620 ob
1631 594 1742 621 elemen-

945 639 978 666 tis
998 639 1085 666 mundi
1099 660 1105 670 ,
1121 639 1247 674 quomodo
1268 639 1382 674 quidam,
1410 640 1483 673 quasi
1509 640 1567 677 (10)
1591 642 1697 668 viventes
1716 640 1743 667 in

945 685 1040 712 mundo
1050 706 1057 717 .
1073 685 1222 712 sententiam
1243 686 1315 721 fertis
1327 685 1340 712 2
1361 684 1414 714 Sed
1433 693 1494 714 cum
1509 686 1544 714 ita
1561 694 1609 714 nos
1623 691 1743 715 mortuos

945 730 1025 759 faciat
1048 731 1212 766 spiritaliter,
1243 735 1272 758 ut
1299 735 1387 759 tamen
1413 736 1440 760 et
1461 733 1636 767 corporaliter
1657 740 1743 768 quau-

945 777 1033 812 doque
1057 776 1201 805 morituros
1226 781 1361 812 agitoscat,
1391 777 1482 813 utique
1512 783 1539 805 et
1572 778 1744 806 resuscitatus

947 822 1058 858 proinde
1095 822 1249 857 spiritaliter
1284 823 1433 859 deputans,
1469 832 1544 859 aeque
1576 832 1628 852 non
1667 828 1745 860 negat

946 868 1025 896 etiatu
1064 868 1241 903 corporaliter
1283 873 1492 897 resut'rcetnros.
1534 869 1652 905 Denique
1680 879 1686 896 :
1714 869 1745 897 Si

945 915 1133 947 resurrexistis,
1155 915 1257 950 inquit,
1277 923 1335 942 cum
1362 914 1483 948 Christo,
1510 923 1539 942 ea
1564 924 1621 951 qua:
1645 924 1745 944 sursum

90 964 175 990 tuenti
199 963 305 990 fruticet
328 962 379 999 (3),
404 963 451 991 sed
477 963 503 990 in
528 963 630 990 Dontini
657 964 893 998 repraesentatione
909 969 932 999 Β
945 967 1003 989 sunt
1015 962 1129 997 quttrite,
1145 962 1187 989 ubi
1202 967 1237 989 est
1250 961 1366 989 Christus
1389 963 1417 989 iu
1433 962 1536 989 dextera
1552 962 1597 989 Dei
1611 963 1743 991 residens:

92 1009 210 1036 ﬂorescit
222 1014 301 1045 atque
316 1009 452 1044 frugeseit.
469 1009 532 1043 Quis
552 1017 616 1044 ergo
632 1009 773 1037 Dominum
788 1014 840 1037 tam
857 1010 898 1036 itt-

94 1056 267 1090 tempestive,
277 1061 330 1083 tam
339 1055 436 1084 acerbe
446 1055 568 1083 excitavit
577 1055 631 1091 jam
643 1055 675 1082 ad
687 1055 824 1083 dexteram
840 1056 898 1090 Dei,

90 1102 123 1130 ad
140 1102 359 1138 cottfringcndatn
376 1107 474 1130 terram
489 1102 635 1130 secmtdum
646 1102 828 1138 Esai:tm.qu:e
836 1108 899 1138 puto

89 1148 181 1175 adhuc
202 1148 304 1183 integra
319 1149 382 1177 est?
397 1150 455 1183 quis
472 1149 593 1176 inimicos
605 1148 704 1176 Christi
715 1149 770 1183 jam
785 1147 898 1185 Snbjecil

91 1194 206 1229 pedibus
226 1195 296 1229 ejus,
318 1194 465 1223 secundum
482 1194 574 1228 David,
589 1194 663 1229 quasi
678 1195 794 1222 velocior
809 1195 897 1229 Patre,

89 1241 165 1268 omni
192 1241 233 1276 (α)
256 1241 344 1269 adltttc
361 1242 526 1276 popularium
546 1247 618 1270 coetu
640 1242 771 1270 clamante
789 1243 840 1278 (6),
861 1242 897 1280 (b)

88 1287 257 1315 Christianos
273 1287 306 1315 ad
321 1288 423 1315 leonem
438 1288 449 1315 ?
463 1288 522 1322 quis
541 1288 612 1316 coelo
624 1288 830 1316 descendentem
851 1289 898 1317 Je-

89 1341 151 1361 snm
184 1334 262 1361 talem
277 1333 427 1369 conspexit,
443 1333 548 1369 qualem
573 1333 763 1361 ascendentem
779 1334 897 1369 Apostoli

90 1379 230 1412 viderant,
254 1379 401 1407 seetmdnm
423 1380 581 1414 angelorum
605 1379 802 1407 constitutum?
821 1380 897 1407 Nulla

91 1426 124 1453 ad
139 1426 296 1453 hodiernum
314 1426 398 1454 tribus
420 1426 453 1453 ad
476 1426 574 1453 tribum
595 1430 702 1461 pectora
722 1425 896 1460 exciderunt,

89 1477 267 1506 agnoscentes
280 1480 359 1507 quem
375 1476 544 1507 pupugerunt
557 1479 563 1498 :
590 1479 669 1500 nemo
692 1471 780 1500 adhuc
793 1475 899 1508 excepit

91 1516 193 1544 lleliatn
207 1525 213 1543 :
227 1524 307 1544 nemo
327 1516 363 1553 (c)
383 1516 471 1544 adhuc
495 1516 561 1551 fugit
582 1516 766 1545 anticltristnm
783 1526 790 1545 :
819 1526 898 1547 nemo

89 1562 180 1589 adhuc
207 1561 349 1598 Babylonis
375 1563 475 1590 exitum
498 1562 580 1590 ﬂevit.
612 1561 646 1589 Et.
665 1563 705 1598 (5)
733 1568 773 1591 est
783 1563 837 1599 jatu
852 1565 897 1599 qtti

89 1608 268 1636 resurrexerit
289 1607 330 1643 (ϐ)
356 1608 407 1636 nisi
429 1607 592 1636 ltmrcticus?
605 1607 646 1644 (tl)
665 1608 736 1636 Exiit
753 1609 830 1644 plane
842 1610 896 1645 jam

949 1018 979 1037 ea
986 1017 1041 1043 qua:
1051 1017 1151 1036 sursum
1164 1014 1223 1036 sunt
1234 1010 1324 1042 sopite,
1336 1017 1386 1036 non
1400 1017 1456 1044 qua:
1465 1009 1592 1037 deorsum.
1605 1010 1642 1038 lla
1655 1011 1745 1039 animo

949 1055 1067 1082 ostendit
1084 1062 1241 1090 resurgere,
1257 1062 1310 1091 quo
1323 1055 1381 1082 ειιιο
1396 1056 1484 1083 adhuc
1501 1064 1643 1091 possumus
1663 1057 1744 1085 scele-

950 1103 998 1130 stia
1012 1103 1158 1138 attingere;
1174 1110 1232 1138 qua:
1248 1110 1300 1130 non
1314 1110 1496 1138 quzt-reremus
1511 1103 1534 1139 (1
1544 1104 1554 1131 l
1565 1103 1586 1139 ),
1604 1111 1653 1131 nec
1667 1112 1746 1140 sape-

950 1156 1052 1182 remus,
1068 1148 1091 1176 si
1105 1148 1312 1184 possidt'remns.
1327 1148 1438 1183 Snbjicit
1454 1149 1534 1176 etiam
1551 1158 1556 1175 :
1573 1149 1668 1177 ΜονΙηί
1680 1151 1746 1178 enim

950 1195 1018 1226 estis,
1029 1195 1132 1222 scilicet
1140 1194 1253 1227 delictis,
1265 1202 1323 1222 non
1330 1196 1422 1227 vobis;
1437 1194 1524 1231 τιμε)
1535 1196 1583 1222 vita
1593 1202 1675 1224 vestra
1687 1196 1745 1233 (l3)

950 1240 1098 1268 abscondita
1113 1245 1149 1267 est
1163 1248 1220 1267 tum
1235 1240 1334 1268 Christo
1353 1240 1378 1267 iu
1396 1240 1458 1268 Deo.
1475 1240 1596 1268 Nondum
1618 1249 1682 1277 ergo
1695 1250 1744 1278 ap-

951 1287 1082 1320 prehensa
1101 1291 1157 1319 est,
1175 1294 1235 1322 qua:
1257 1287 1413 1315 abscondita
1433 1292 1483 1314 est.
1504 1288 1549 1315 Sic
1567 1292 1590 1316 et
1607 1288 1743 1317 Joannes:

951 1332 984 1360 Et
995 1333 1117 1366 nondum,
1132 1332 1182 1364 ait,
1199 1332 1388 1367 manifestatum
1399 1331 1457 1368 (14)
1471 1336 1506 1360 cst
1517 1354 1525 1365 ,
1542 1333 1602 1368 quid
1616 1333 1695 1368 futuri
1708 1335 1744 1361 si-

950 1386 1008 1406 mus
1117 1378 1219 1406 Scimus
1232 1379 1292 1413 quia
1310 1378 1331 1405 si
1347 1379 1542 1414 munifestuverit
1558 1379 1615 1416 (Ib)
1626 1401 1632 1412 ,
1652 1380 1745 1407 similes

949 1426 1003 1461 ejus
1025 1425 1083 1462 (l7)
1105 1425 1207 1452 erimus.
1232 1424 1318 1452 Tanto
1336 1425 1429 1457 abest,
1455 1429 1483 1453 ιιι
1501 1426 1584 1453 simus
1599 1426 1654 1461 jam
1674 1427 1745 1462 quod

949 1472 1086 1500 nescimus
1103 1481 1108 1498 :
1121 1471 1212 1506 utique
1225 1471 1329 1504 scituri,
1345 1472 1367 1499 si
1379 1472 1434 1507 jam
1448 1480 1579 1500 essemus.
1594 1473 1668 1501 Adeo
1678 1482 1743 1501 eou-

950 1518 1087 1552 templatio
1096 1522 1137 1546 est
1147 1517 1204 1552 spei
1217 1517 1244 1545 in
1256 1517 1306 1545 hoc
1316 1519 1403 1553 spatio
1415 1526 1462 1553 per
1474 1519 1565 1551 fidem,
1582 1527 1633 1547 non
1646 1527 1745 1555 tcpra':

949 1565 1063 1593 sentatio
1078 1564 1148 1601 (l8).
1165 1572 1214 1593 nec
1226 1565 1371 1600 posmssio,
1388 1565 1435 1592 sed
1450 1567 1625 1601 exspecmtio.
1643 1567 1678 1594 De
1692 1575 1744 1602 qua

950 1619 997 1647 spe
1008 1616 1035 1639 et
1048 1610 1248 1646 exspectatione
1258 1610 1354 1638 Paulus
1364 1610 1396 1638 ad
1408 1610 1515 1639 Galatas
1529 1611 1600 1648 (Cal.
1616 1612 1636 1640 ν
1646 1613 1671 1648 );
1690 1612 1745 1640 Nos

89 1654 125 1681 tle
138 1655 259 1689 corporis
276 1655 410 1690 sepulcro,
424 1654 460 1690 (c)
473 1655 552 1682 etiam
567 1662 637 1681 nunc
652 1653 769 1683 febribus
779 1660 806 1683 ει
819 1656 893 1684 ulce-
906 1651 929 1682 C
946 1659 1109 1694 euimspiritu
1123 1666 1154 1685 ea:
1162 1658 1214 1692 fide
1222 1665 1292 1692 spent
1299 1657 1408 1693 juslilitl‘
1419 1662 1615 1693 exspectamus:
1628 1668 1680 1686 non
1694 1662 1742 1693 ait,

90 1701 166 1728 ribus
188 1701 319 1729 obnoxius
336 1709 343 1733 ;
358 1705 386 1729 et
400 1701 562 1729 conculcavit
584 1701 640 1736 jam
662 1701 796 1734 inimicos,
812 1702 891 1730 etiam

90 1754 163 1774 nunc
177 1746 271 1774 luctari
287 1747 387 1774 habens
397 1754 458 1775 cum
470 1747 561 1774 mttndi
578 1747 739 1782 potentibus.
756 1746 787 1774 Et
801 1748 893 1783 utique

85 1794 143 1829 jam
164 1798 269 1830 regnat,
291 1794 371 1822 etiam
389 1801 460 1821 nunc
483 1792 583 1821 Caesari
611 1800 671 1828 qua:
695 1798 757 1821 sunt
779 1793 892 1822 Caesaris

87 1841 203 1869 debetis.

377 1886 491 1915 CAPUT
512 1886 606 1914 XXIII.

137 1934 220 1962 Docet
250 1933 358 1970 quidem
391 1934 556 1969 Apostolus,
586 1934 789 1963 Colossensibus
823 1935 891 1963 scri-

948 1713 1078 1736 teuemtts.
1098 1705 1212 1733 Justitize
1227 1709 1316 1732 autem
1336 1704 1381 1732 Dei
1398 1703 1479 1738 dicit,
1502 1713 1534 1732 ex
1552 1705 1665 1740 jutlit-io,
1688 1714 1742 1741 qtto

940 1752 1120 1789 judicabimur
1138 1750 1196 1788 (l9)
1211 1750 1245 1778 de
1263 1749 1395 1778 mercede.
1419 1750 1457 1777 Ad
1478 1758 1557 1786 quant
1579 1751 1697 1786 pendens
1717 1757 1745 1780 et

943 1799 1000 1834 ipso
1012 1819 1019 1831 ,
1044 1805 1105 1825 cum
1125 1796 1339 1832 l’hilippeusibus
1357 1796 1450 1824 scribit
1473 1795 1596 1833 (Philip.
1617 1797 1671 1833 111)
1686 1806 1691 1825 :
1709 1797 1739 1825 Si

943 1853 993 1879 qua
1012 1844 1085 1881 (ΞΟ).
1111 1843 1213 1878 inquit,
1234 1849 1383 1869 concurram
1403 1843 1431 1869 iu
1447 1843 1663 1870 resusciltttiouem
1682 1843 1742 1880 (2|)

943 1899 999 1928 quis
1009 1896 1044 1919 est
1057 1900 1074 1930 ᾳ
1088 1890 1193 1918 mortuis
1206 1896 1216 1917 :
1229 1897 1279 1917 non
1288 1909 1296 1923 ,
1307 1889 1366 1924 quia
1377 1888 1434 1925 jam
1448 1890 1534 1925 accepi
1546 1909 1554 1922 ,
1567 1893 1611 1916 aut
1624 1897 1741 1917 comunt-

711 1990 899 2020 LECTIONES
919 1990 1126 2019 VARIANTES.

120 2048 157 2081 (t)
174 2050 306 2081 Evergetls
316 2048 371 2075 cod.
389 2048 483 2081 Wouw.

119 2079 158 2112 (2)
175 2079 495 2137 Adpromaveritnhen.

119 2116 126 2137 t
131 2113 157 2137 31
176 2113 258 2137 Fructt
322 2115 356 2136 'et
367 2110 444 2137 Rhea.
458 2111 584 2137 fructthcat

1043 2049 1131 2084 Eobis,
1143 2048 1187 2073 sed
1195 2048 1266 2084 _Seml
1289 2048 1362 2074 nheri.

974 2081 982 2110 (
990 2082 1026 2110 l5)
1043 2080 1131 2110 Nostra
1143 2080 1221 2106 Puris.

1017 2240 1027 2364 ἐ

176 2106 357 2149 Eructihmsset
363 2110 444 2149 .Rheu;
453 2111 584 2149 rfrqctilicat
593 2110 646 2136 alii.
1045 2106 1197 2149 hitttilicstlt‘ttt
1207 2111 1280 2149 lth_en.
1292 2110 1367 2149 βεηιί.

131 2113 148 2137 3
176 2113 356 2138 Fructilleasset
367 2113 444 2137 Rhea.
458 2113 646 2137 frttctilicatalii.
975 2113 1026 2143 (Il)
1045 2113 1197 2137 Manifestum
1207 2113 1280 2137 lthen.
1292 2113 1355 2137 Seml

119 2113 157 2179 id
175 2141 501 2179 Βεειέικηυιῑζυιειιμεειῑιιι
978 2144 1031 2179 ΗΞ)
1048 2142 1308 2179 .S.“m.'151l"en-_S¢m!-

174 2174 207 2211 ΕΙ.
216 2173 283 2199 abest
293 2172 396 2211 ouk/teis.
409 2172 485 2200 Seml.
1048 2174 1216 2211 Manifestalus
1224 2174 1299 2211 fuerit
1309 2173 1362 2199 alii.

119 2204 157 2244 (ἓξ
174 2204 390 2244 ἓθῗἯτὲξίὶέἕίίίέ.
395 2236 407 2244 .
413 2236 425 2244 λ

1089 2206 1164 2244 Rhea.
1174 2206 1248 2244 simul].

118 2235 152 2267 (τ’
175 2236 257 2261 Seusu
268 2236 357 2267 conjic.
368 2236 435 2261 Edd.
974 2235 1026 2267 (I8'
1046 2237 1205 2261 Praisenlatio
1218 2236 1292 2261 Ilhm.
1305 2235 1381 2261 Scml.

130 2269 145 2293 8
172 2267 304 2293 Snseitavit
314 2265 369 2292 alii.
990 2269 1016 2293 l'.)
1043 2268 1195 2293 iudicabitur
1209 2268 1280 2292 Ii/IeIt.
1293 2266 1368 2292 Serui.

118 2240 157 2331 (9i
170 2298 298 2331 Pt‘gpulio
308 2297 361 2331 ᾳιξε.
596 2330 600 2331 7
611 2329 617 2331 _
718 2330 727 2331 ί
1044 2300 1167 2328 Quomodo
1179 2298 1229 2324 alii.

130 2269 156 2330 8)
172 2269 369 2304 διιωιαγίιιιᾷῇ.
974 2269 1026 2363 (ω)
1043 2269 1195 2293 Judtealiitur
1207 2272 1229 2303 in

130 2300 145 2324 9
174 2298 298 2331 Praepttllo
308 2297 361 2323 ala.
983 2299 1015 2324 20
1044 2300 1167 2328 Quomodo
1179 2299 1229 2324 ttln.

130 2330 177 2363 ,10)
196 2329 268 2363 Quasi
280 2329 380 2363 quidem
392 2333 468 2355 non.
480 2332 548 2355 Pam.
560 2329 620 2362 quid
630 2330 698 2362 quasi
710 2330 770 2355 Jun.
905 2353 930 2363 ﬁ
986 2331 1011 2356 2|
1045 2331 1229 2356 ltcsurrectionc

120 2329 177 2394 (10)
196 2329 268 2359 Quasi
280 2329 380 2361 quidem
392 2333 468 2355 non.
480 2332 548 2355 Pam.
560 2329 620 2362 quid
630 2330 698 2362 quasi
710 2330 770 2355 Jun.
975 2329 1026 2364 (2|)
1045 2331 1258 2356 ltcsurrectionem
1270 2331 1340 2356 Pam.
1353 2334 1428 2356 Fran.

135 2362 157 2386 11
193 2361 337 2390 Quaeremus
352 2362 413 2386 Ven.
904 2353 931 2382 Ι)

790 2414 884 2443 C0.\|M
889 2415 1069 2445 ENTARIUS.

123 2473 163 2510 (a)
176 2473 253 2510 Omni
267 2473 352 2500 adhuc
362 2474 524 2510 popularium
536 2473 748 2510 mtu_clao_taut_e,
765 2477 817 2510 etc.
833 2472 891 2501 Hoc

87 2508 138 2542 est,
154 2508 282 2537 universo
297 2509 405 2544 populo.
423 2513 478 2537 toto
496 2509 578 2537 circo.
596 2508 629 2536 Et
649 2508 694 2535 lib.
714 2508 746 2535 de
769 2509 889 2544 Spectac.

88 2545 245 2572 Discrimina
264 2543 427 2580 populariter:
439 2565 446 2576 ,
471 2545 521 2572 ltoe
541 2549 592 2574 est.
607 2543 720 2580 populus
734 2551 783 2580 pro
801 2544 891 2578 cujus-

86 2588 140 2616 que
154 2579 310 2608 conditione
325 2585 352 2608 et
366 2585 436 2607 statu
449 2580 602 2608 distinctus.
620 2579 890 2613 Juvenalis—Quem-

87 2618 147 2644 libet
159 2616 279 2651 occidunt
290 2616 458 2651 populariter.
478 2615 537 2644 Βιθ-

123 2652 164 2687 (b)
185 2650 345 2679 Christianos
366 2651 401 2679 ad
420 2652 528 2679 leonetn.
553 2651 625 2685 Quos
647 2651 709 2678 odio
728 2650 889 2686 implacabili

86 2686 321 2723 prosequebantur
335 2687 398 2723 olim
414 2687 537 2723 gentiles,
555 2687 604 2714 hos
615 2687 648 2714 ad
661 2687 770 2723 bestias,
785 2686 817 2714 ad
831 2686 889 2713 len-

86 2722 136 2751 ites
150 2722 331 2751 destinabant.
346 2722 502 2755 Christiani,
512 2729 637 2757 tanquam
649 2722 721 2749 natio
740 2729 831 2753 exoso,
856 2729 890 2750 eo

86 2759 428 2795 aiﬂciehantursupplicio.
456 2758 586 2786 Eusebius
612 2758 636 2784 in
660 2757 798 2795 martyrio
810 2757 889 2793 Poly-

85 2795 160 2829 carpi
171 2794 254 2830 refert
267 2792 366 2830 dictum
381 2801 414 2830 τᾳ
427 2797 573 2829 nat-iuipr
591 2795 683 2822 λίινι-ι.
698 2793 765 2822 Vide
779 2792 889 2829 Cypria-

86 2837 151 2857 num
167 2837 210 2863 ep.
228 2829 274 2857 55.
288 2829 325 2857 Ls:
339 2829 388 2856 Pu.

124 2864 164 2901 (c)
174 2863 270 2905 .Netuo
282 2864 366 2905 adhuc
378 2865 442 2900 fugit
453 2864 645 2905 Antio/uiuunt,
658 2869 711 2892 etc.
729 2864 807 2904 Prius
817 2864 887 2905 istud

85 2899 197 2927 disertis
217 2900 306 2927 verbis
321 2908 372 2928 non
386 2901 499 2928 habetur
511 2908 537 2927 tn
559 2900 683 2928 Apocal..
698 2900 744 2927 sed
758 2905 822 2926 satis
846 2908 885 2926 tn-

85 2907 197 2927 msertts
217 2907 306 2927 verbis
321 2908 372 2928 non
386 2907 499 2928 llaDelur
511 2908 537 2927 tn
559 2907 683 2934 Αροαιι..
698 2907 744 2927 seu
758 2907 822 2926 satis
846 2908 885 2926 tn-

85 2935 178 2976 uuitur
188 2942 249 2976 cap.
264 2934 313 2976 i2,
323 2935 371 2976 ub_i_
380 2935 477 2963 dicitur
492 2935 598 2976 mulier.
613 2936 684 2976 quod
704 2940 744 2962 est
758 2934 888 2975 Ecclesia,

86 2970 191 3007 fugisse
211 2970 238 2998 in
264 2970 436 3000 solitudinem
455 2978 470 2999 a
489 2971 559 2999 facie
571 2970 706 3003 draconis,
723 2975 750 2998 et
773 2970 890 2998 maxime

941 2481 1001 2510 cap.
1017 2474 1060 2507 l8,
1088 2473 1131 2502 ubi
1158 2473 1265 2510 iubetur
1277 2474 1391 2510 populus
1403 2474 1477 2502 exire
1492 2474 1526 2502 de
1547 2474 1693 2510 Babylone.
1712 2480 1742 2503 et

942 2509 1052 2543 insuper
1065 2510 1160 2543 legitur
1173 2518 1180 2536 :
1192 2509 1223 2536 Et
1236 2509 1332 2544 ﬂebunt
1340 2515 1364 2537 et
1384 2509 1509 2545 (plangant
1525 2518 1552 2537 se
1572 2509 1649 2544 super
1668 2510 1740 2538 illum

941 2553 1012 2580 reges
1025 2550 1099 2582 terrm
1110 2553 1119 2571 :
1135 2552 1217 2582 quare
1227 2549 1257 2582 et
1280 2545 1365 2572 solum
1382 2544 1453 2573 hunc
1472 2546 1558 2573 locum
1582 2545 1615 2573 ad
1643 2547 1741 2582 margi-

942 2588 1003 2608 nem
1017 2580 1215 2607 adnotavimus.
1226 2580 1295 2607 Psu.

979 2615 1020 2652 (di
1042 2615 1119 2652 Ea'iitr
1133 2616 1209 2652 plane
1221 2616 1276 2651 jam
1290 2615 1321 2642 de
1331 2616 1443 2652 corporis
1456 2616 1580 2651 sepulcro.
1598 2616 1683 2644 Ironiu
1698 2622 1742 2645 est

942 2651 992 2679 ista
1011 2651 1045 2679 de
1059 2651 1176 2683 Christo,
1191 2660 1241 2685 qua
1253 2653 1324 2684 (mea
1339 2651 1445 2686 quidem
1457 2652 1588 2679 sententia
1601 2652 1609 2685 )
1633 2653 1737 2687 opinio.

942 2695 1003 2715 nem
1017 2695 1110 2715 eorttm
1125 2687 1310 2714 ltarretieorum
1325 2687 1426 2720 irridet,
1445 2687 1489 2722 qui
1501 2687 1636 2714 Christum
1651 2695 1741 2716 resur-

942 2724 1044 2750 rexisse
1063 2722 1170 2758 quidem
1193 2722 1353 2754 fatebantur,
1368 2722 1518 2758 setlratllutc
1534 2723 1683 2758 mortalem,
1698 2723 1740 2749 al-

941 2759 1034 2785 lttdens
1055 2757 1256 2788 itilercatacite.
1273 2762 1328 2784 tnttt
1350 2757 1382 2784 ad
1403 2757 1467 2784 illttd
1485 2757 1579 2792 Ep/tes.
1605 2758 1639 2785 6:
1658 2757 1739 2786 Nobis

940 2794 1085 2821 colluctatio
1109 2800 1145 2821 est
1165 2793 1285 2820 adversus
1308 2793 1397 2819 mutuli
1416 2799 1534 2826 rectores,
1550 2795 1606 2821 sive
1630 2799 1657 2821 ιιι
1683 2794 1740 2828 ipse

940 2830 1029 2861 vertit,
1045 2830 1135 2856 mundi
1151 2833 1272 2864 potentes.
1293 2828 1362 2864 quod
1377 2835 1465 2863 gratcc
1478 2834 1519 2857 cst
1539 2833 1737 2864 κοσμιιράτορις,

941 2869 968 2890 et
991 2866 1023 2891 ad
1051 2865 1113 2893 illud
1128 2863 1221 2892 Matth.
1245 2863 1281 2891 22
1297 2863 1425 2891 :lledtlite
1451 2870 1508 2900 qua:
1532 2869 1593 2892 sunt
1618 2863 1737 2899 C(vsuris,

941 2899 1046 2927 Ctetttri.
1062 2901 1128 2927 Pius.

987 2901 1046 2928 tari.
1062 2901 1128 2928 Pius.

979 2935 1017 2971 (e)
1039 2936 1122 2963 Etiam
1148 2943 1216 2963 itum:
1235 2934 1347 2970 febribus
1367 2941 1389 2962 st
1410 2936 1544 2963 ulceribus.
1559 2936 1658 2963 Sensus
1682 2941 1733 2969 est,

942 2972 1002 3006 quia
1018 2972 1134 3000 bmretici
1147 2971 1314 3006 nugabantur
1327 2973 1550 3000 resurrectionem
1558 2971 1613 3006 jam
1626 2971 1734 3006 laetam,
