4250 6494
716 353 823 410 827

2132 352 2590 413 TERTULLIANI

3840 390 3841 393 η
3917 357 4040 419 828

723 485 888 528 matus
920 489 1050 529 sum.
1083 474 1149 530 Et
1178 473 1362 547 utique
1389 471 1714 538 crediderat.
1739 481 1791 531 et
1822 471 1899 548 (a)
1931 475 2107 529 omnia
2139 489 2318 528 sacra-
2348 469 2403 530 Α
2434 474 2838 529 resurrectionis
2867 476 3083 547 exponit
3107 476 3292 533 dicens
3320 475 3376 548 (1
3405 474 3579 533 Thess.
3607 475 3673 532 Ill
3712 486 3759 533 et
3798 474 3893 549 IV)
3922 496 3933 530 :
3968 480 4037 531 Si

724 576 903 624 menta
932 578 1261 641 cognoverat
1281 610 1293 629 .
1328 584 1421 625 vas
1447 568 1728 624 electionis
1748 610 1763 634 ,
1787 568 1977 624 doctor
2005 569 2313 631 nationum;

724 670 774 717 et
812 670 987 715 tamen
1035 660 1257 731 adjicit:
1289 659 1573 729 Persequor
1615 671 1781 715 autem
1819 662 1865 715 si
1913 660 1991 734 (l)
2031 661 2316 729 apprehen-

726 752 843 806 dam
871 755 922 807 in
960 770 1060 823 quo
1089 771 1202 807 sum
1230 754 1578 823 apprehensus
1605 770 1636 806 a
1666 752 1887 807 Christo.
1935 753 2013 807 Eo
2040 753 2268 820 amplius
2302 769 2315 805 :

727 845 840 918 Ego
870 865 967 913 me,
993 848 1201 918 fratres,
1226 866 1326 903 non
1351 858 1471 917 puto
1492 848 1907 920 apprehendisse.
1939 848 2109 902 linum
2133 851 2281 915 plane
2304 863 2317 900 :

725 937 910 993 oblitus
936 940 1272 1010 posteriorum
1299 986 1312 1002 ,
1339 942 1393 994 in
1417 940 1589 1008 priora
1610 956 1687 994 me
1712 939 1984 993 extendens
2005 981 2019 1005 ,
2049 940 2323 993 secundum

726 1048 935 1101 scopum
971 1049 1248 1103 persequor
1278 1032 1354 1107 (b)
1384 1032 1452 1087 ad
1491 1033 1715 1103 palmam
1747 1032 2203 1096 incrimiuatioais,
2239 1048 2327 1099 per

727 1140 878 1193 quant
904 1141 1257 1179 concurrerem
1290 1140 1308 1178 :
1336 1124 1520 1193 utique
1548 1124 1599 1177 in
1634 1124 2097 1178 resuscitationcm
2127 1138 2155 1176 a
2181 1137 2327 1176 mor—

733 1218 869 1281 tuis;
892 1232 990 1275 suo
1014 1225 1191 1272 tamen
1221 1227 1485 1290 tempore,
1512 1218 1651 1272 sicut
1672 1218 1735 1270 ad
1761 1216 1979 1271 Galatas
2004 1214 2022 1288 (
2047 1215 2162 1270 Cal.
2194 1214 2324 1288 Vl):

733 1308 869 1364 Bene
908 1319 1075 1363 autem
1118 1309 1358 1381 facientes
1400 1326 1463 1364 ne
1510 1311 1691 1364 tradeat
1732 1325 1751 1364 .'
1788 1319 2013 1377 tentpore
2056 1310 2191 1363 enim
2237 1325 2329 1363 suo

733 1412 971 1457 metemus
1015 1401 1115 1476 (9.).
1160 1404 1304 1459 Sicut
1330 1411 1384 1459 ct
1422 1401 1487 1457 ad
1518 1402 1859 1457 Timotheum
1898 1401 1979 1475 (11
2014 1402 2147 1457 Tim.
2180 1400 2330 1475 l)de

734 1493 1071 1562 Onesiphoro
1098 1513 1112 1549 :
1143 1493 1238 1547 Det
1278 1494 1362 1548 illi
1388 1493 1633 1547 Dominus
1663 1494 1886 1547 invenire
1926 1493 2325 1551 misericordium

733 1590 787 1639 in
816 1587 908 1641 illo
933 1587 1030 1640 die.
1062 1585 1119 1640 In
1148 1601 1304 1657 quem
1336 1585 1475 1641 diem
1504 1600 1566 1640 ac
1598 1596 1842 1656 tempus,
1872 1595 1924 1640 et
1956 1586 2052 1654 ipsi
2084 1585 2322 1655 praecipit

734 1679 942 1753 (lTim.
978 1678 1084 1753 Vl)
1112 1680 1365 1734 custodire
1410 1680 1706 1733 mandatum
1748 1680 2149 1742 immaculatum,
2203 1680 2333 1733 irre-

736 1771 1105 1844 prehensibile,
1151 1772 1203 1825 in
1254 1773 1608 1842 apparentiam
1665 1770 1873 1825 Domini
1916 1771 2041 1824 Jesu
2091 1770 2317 1831 Christi.

2419 564 2551 616 enim
2576 565 2824 619 credimus
2848 567 2984 636 quod
3008 567 3155 623 Iesus
3182 558 3411 623 mortuus
3437 574 3502 624 sit
3522 612 3536 633 ,
3568 578 3616 624 et
3649 574 3995 625 resurrea'erit
4019 586 4038 633 ;

2419 656 2491 709 sic
2520 666 2563 709 et
2597 656 2728 712 Deus
2753 675 2836 711 eos
2856 661 2941 728 qui
2968 660 3302 721 dormierunt.
3336 679 3427 735 per
3451 663 3629 717 Jesum
3653 664 3878 717 adducet
3912 681 4038 717 cum

2420 746 2551 814 ipso.
2593 746 2703 801 Hoc
2736 752 2871 803 enim
2898 753 3114 806 dicimus
3140 754 3275 807 vobis
3309 756 3360 807 in
3392 770 3623 808 sermone
3658 754 3874 809 Domini
3916 755 4002 830 (9)
4025 798 4040 817 ,

2423 843 2557 910 quod
2580 860 2671 896 uos
2696 846 2779 906 qui
2807 845 3015 899 vivimus
3035 888 3048 909 ,
3077 848 3163 916 qui
3187 864 3506 902 remtmentus
3535 850 3587 901 in
3617 849 3896 903 adventum
3933 849 4042 904 Da-

2426 934 2549 986 mini
2576 936 2752 1000 nostri,
2782 953 2881 991 non
2906 939 3274 1008 prmveniemns
3295 957 3379 994 eos
3404 941 3488 1009 qui
3516 940 3853 995 dormierunt.
3885 942 4007 1007 Quo
4028 977 4040 986 ι

2428 1024 2564 1077 niam
2600 1026 2706 1096 ipse
2744 1026 2997 1083 Dominus
3034 1031 3087 1082 in
3128 1030 3275 1095 iussu
3312 1040 3358 1083 et
3396 1031 3449 1084 in
3490 1046 3609 1085 voce
3642 1032 3952 1102 archangeli
3992 1047 4041 1086 et

2431 1120 2547 1172 tuba
2578 1118 2672 1173 Dei
2698 1121 2962 1176 descendet
2983 1124 3045 1177 de
3071 1123 3200 1177 caelo
3220 1165 3235 1189 ,
3278 1132 3325 1178 et
3350 1124 3539 1178 mortui
3560 1125 3613 1178 in
3641 1122 3851 1179 Christo
3880 1127 4040 1195 primi

2430 1221 2731 1282 resurgeut;
2767 1212 2951 1267 deinde
2985 1230 3076 1267 nos
3099 1214 3187 1282 qui
3208 1214 3458 1280 vivimus;
3487 1216 3572 1285 qui
3596 1215 3753 1269 simul
3777 1232 3899 1270 cum
3930 1217 4043 1270 illis

2433 1303 2669 1357 tollemur
2700 1304 2751 1357 iu
2786 1304 2997 1359 nubibus
3036 1305 3231 1359 obviam
3266 1304 3467 1361 Christo
3499 1304 3615 1381 (10)
3646 1309 3699 1361 in
3738 1325 3914 1362 aerem
3935 1350 3949 1372 ,
3999 1320 4045 1361 rt

2435 1395 2507 1448 ita
2529 1412 2727 1465 semper
2754 1412 2868 1451 eum
2901 1396 3121 1452 Domino
3150 1399 3356 1453 erimus.
3388 1399 3519 1465 Qua:
3555 1414 3657 1453 vox
3689 1399 4043 1469 archangeli,

2436 1504 2554 1555 qua:
2584 1490 2709 1544 tuba
2742 1490 2835 1544 Dei
2865 1491 3046 1545 audita
3069 1491 3217 1561 jam?
3249 1490 3349 1545 nisi
3375 1490 3510 1547 forte
3539 1492 3592 1546 in
3626 1491 3893 1546 cubiculis
3928 1492 4045 1545 hm-

2438 1582 2747 1637 reticornm.
2790 1581 2921 1637 Nam
2946 1584 3046 1638 etsi
3078 1584 3200 1638 tuba
3235 1584 3326 1639 Dei
3354 1584 3630 1655 evangelii-
3650 1600 3704 1639 .ts
3724 1598 3914 1639 sermo
3940 1585 4047 1637 dici

2441 1681 2647 1742 potest,
2676 1675 2762 1743 qui
2807 1674 2927 1729 illos
2962 1675 3070 1741 jam
3116 1685 3330 1731 vocaret
3369 1676 3529 1749 (tt);
3572 1676 3665 1732 sed
3709 1686 3805 1731 aut
3844 1678 4049 1731 mortui

2440 1774 2599 1819 erunt
2624 1766 2731 1831 jam
2757 1768 3132 1837 corporaliter.
3157 1778 3213 1822 ut
3241 1769 3665 1835 resurrexerint;
3697 1782 3747 1824 et
3769 1770 4051 1841 quomodo

738 1879 891 1929 quam
934 1863 1040 1917 suis
1095 1864 1403 1934 temporibus
1433 1863 1658 1918 ostendet
1701 1862 1876 1917 beatus
1906 1873 1951 1916 et
1980 1862 2118 1916 solus
2163 1871 2329 1931 poten-
2365 1864 2416 1924 B
2444 1859 2661 1925 vivunt?
2695 1873 2787 1915 aut
2828 1861 2878 1914 in
2911 1862 3083 1916 nubes
3110 1862 3277 1933 erepti
3306 1878 3320 1926 ;
3360 1871 3413 1916 et
3443 1863 3714 1933 quomodo
3751 1864 3839 1918 ltic
3876 1864 4053 1917 sunt?

744 1963 914 2019 tator,
954 1963 998 2007 et
1029 1970 1120 2008 rea:
1164 1956 1519 2025 regnantium,
1568 1965 1614 2005 et
1646 1953 1893 2006 'dominus
1932 1953 2335 2015 dominantium;

741 2044 808 2101 tlc
853 2047 959 2101 Deo
999 2046 1203 2102 dicens.
1246 2048 1320 2100 De
1356 2048 1549 2117 quibus
1595 2047 1927 2117 temporibus
1969 2056 2018 2102 et
2053 2048 2244 2101 Petrus
2284 2048 2336 2101 itt

744 2137 889 2193 Actis
922 2137 943 2211 (
959 2138 1072 2193 Act.
1100 2137 1164 2192 III
1188 2136 1209 2210 )
1242 2156 1256 2195 ;
1286 2137 1534 2192 Pwniteat
1562 2140 1731 2207 itaque
1760 2155 1865 2204 vos,
1899 2149 1944 2193 et
1970 2139 2250 2208 resipiscite
2273 2138 2341 2190 ad

743 2230 991 2285 abolenda
1030 2231 1213 2285 delicta
1231 2240 1434 2294 vestra,
1471 2243 1519 2282 ut
1550 2240 1781 2298 tempora
1817 2231 1953 2284 vobis
1984 2231 2341 2297 superveniunt

743 2321 995 2390 refrigerii
1024 2338 1086 2375 ea:
1114 2338 1330 2392 persona
1365 2321 1459 2375 Dei
1477 2363 1489 2383 ,
1521 2333 1567 2375 et
1596 2323 1760 2375 mittat
1789 2322 2220 2393 prtedesignatum
2258 2338 2344 2375 vo-

746 2412 820 2467 bis
862 2410 941 2485 (5)
992 2412 1249 2467 Christum
1273 2430 1286 2477 ;
1316 2429 1463 2484 quem
1491 2422 1687 2482 oportet
1716 2413 1946 2483 accipere
1969 2413 2120 2467 stelas
2140 2453 2155 2477 ,
2193 2412 2345 2466 adus-

747 2522 844 2576 que
891 2517 1119 2576 tetnpora
1172 2505 1498 2560 exhibiticnis
1552 2505 1778 2559 onmium
1806 2546 1819 2571 ,
1875 2520 1989 2575 qua:
2031 2505 2227 2559 locutus
2275 2514 2345 2559 est

750 2599 889 2654 Deus
908 2642 921 2665 ,
958 2615 1043 2654 ore
1066 2609 1359 2655 sanctorum
1387 2599 1766 2670 praphetarum.

1317 2687 1544 2746 CAPUT
1587 2689 1776 2745 XXIV.

823 2782 955 2850 Qum
1008 2782 1123 2838 hare
1166 2780 1245 2855 (4)
1291 2790 1553 2851 tempora,
1620 2797 1740 2837 cum
1782 2780 2350 2839 Thessalonicensibns

753 2874 919 2930 disce.
955 2873 1205 2945 Legimus
1248 2872 1475 2947 euim(l
1509 2872 1684 2927 Thess.
1711 2871 1764 2945 1)
1804 2891 1818 2930 :
1858 2873 2087 2940 Qualiter
2128 2875 2353 2928 conversi

756 2969 868 3023 sitis
894 2970 957 3022 ab
996 2968 1148 3021 idolis
1171 3010 1186 3033 ,
1246 2967 1315 3020 ad
1351 2968 1670 3021 serviendum
1704 2968 1815 3021 vivo
1852 2976 1900 3020 et
1961 2982 2077 3021 vero
2108 2966 2244 3032 Deo,
2285 2965 2353 3019 ad

757 3061 1150 3131 exspectandum
1184 3077 1211 3115 e
1236 3057 1315 3133 (5)
1347 3060 1486 3114 nalis
1527 3058 1718 3113 Filium
1744 3061 1853 3130 ejus
1872 3100 1888 3122 .
1912 3076 2060 3130 quem
2096 3060 2354 3113 suscitavit

759 3169 822 3208 ea:
864 3152 1111 3218 mortuis,
1157 3152 1354 3205 Jesum.
1406 3150 1472 3205 Et
1516 3165 1702 3205 rursus
1738 3148 1793 3224 (.l
1838 3149 2015 3206 Thess.
2052 3148 2179 3221 Il):
2228 3151 2356 3216 Qua!

2443 1951 2726 2007 miserrimi
2756 1968 2940 2008 revera
2962 1995 2977 2019 ,
3011 1962 3068 2008 ut
3102 1954 3396 2023 Apostolus
3428 1956 3823 2026 pronuntiavit,
3870 1956 3963 2025 qui
4001 1956 4051 2009 iu

2443 2042 2539 2096 ista
2559 2053 2762 2097 tantum
2782 2044 2886 2098 vita
2902 2053 3184 2112 sperantes
3199 2045 3557 2111 habebuntur,
3574 2048 3895 2102 excludendi
3912 2047 4047 2119 (l2).

2444 2134 2569 2189 dunt
2606 2136 2950 2204 pra-ripitutt,
2977 2137 3118 2205 quod
3156 2146 3276 2205 post
3307 2138 3449 2192 illam
3476 2140 3907 2209 repromittitnr;
3940 2140 4053 2192 fru-

2445 2230 2598 2283 strati
2632 2230 2775 2283 circa
2806 2230 3113 2293 veritatem,
3146 2247 3252 2285 non
3280 2231 3456 2284 minus
3485 2248 3643 2302 quam
3675 2232 3974 2302 Pbygellns
4004 2245 4053 2286 et

2448 2322 2835 2394 Hermogenes.
2880 2325 2946 2379 Et
2989 2325 3111 2380 ideo
3140 2325 3392 2395 maiestas
3420 2325 3654 2397 Spiritus
3688 2326 3879 2381 Sancti
3928 2341 4053 2396 per-

2447 2416 2626 2485 spicax
2658 2417 2919 2487 ejusmodi
2952 2434 3206 2474 sensuum
3229 2462 3241 2479 .
3272 2430 3323 2474 et
3353 2422 3403 2474 in
3436 2421 3546 2489 ipsa
3579 2420 3695 2493 (l3)
3723 2420 3788 2474 ad
3816 2420 4057 2475 Thessa-

2449 2510 2751 2566 lonicenses
2774 2511 3015 2582 Epistola
3044 2512 3321 2587 suggerit(
3344 2512 3362 2567 I
3393 2513 3570 2568 Thess.
3602 2513 3646 2567 ν
3666 2512 3719 2585 ):
3755 2512 3831 2567 De
3861 2523 4058 2582 tempo-

2449 2605 2587 2659 ribus
2610 2616 2774 2659 autem
2802 2616 2847 2661 et
2877 2618 3160 2675 temporum
3188 2607 3389 2675 spatiis,
3425 2611 3628 2677 fratres,
3657 2622 3761 2659 non
3783 2614 3859 2659 est
3887 2621 4057 2659 neces-

2452 2699 2577 2752 sitas
2619 2697 2873 2752 scribendi
2911 2699 3049 2753 vobis
3083 2715 3102 2753 :
3132 2699 3231 2770 ipsi
3273 2697 3407 2752 enim
3441 2698 3718 2752 certissime
3747 2696 3893 2750 scitis
3924 2694 4059 2764 quod

2453 2790 2561 2844 dies
2588 2789 2795 2843 Domini
2818 2832 2829 2851 ,
2855 2790 3005 2861 quasi
3030 2791 3114 2859 [ur
3133 2798 3278 2844 nocte
3298 2832 3311 2854 ,
3340 2790 3412 2843 ita
3433 2788 3683 2844 adveniet.
3714 2786 3846 2842 Cant
3867 2788 4056 2849 dicent,

2455 2898 2583 2952 pax,
2623 2891 2671 2936 et
2711 2892 2817 2935 tuta
2845 2892 2963 2937 sunt
2991 2883 3189 2947 omnia,
3234 2891 3352 2935 tunc
3393 2882 3500 2936 illis
3533 2882 3828 2952 repentinus
3866 2880 4059 2933 insistet

2455 2973 2711 3027 interitus.
2741 2973 2807 3029 Et
2836 2974 2886 3028 in
2914 2973 3170 3037 secunda,
3202 2972 3438 3043 pleniore
3459 2971 3819 3028 sollicitudine
3840 2970 3911 3024 ad
3937 2984 4060 3024 ens-

2456 3066 2577 3121 dem
2605 3068 2630 3137 (
2644 3066 2687 3121 ll
2719 3065 2891 3120 Thess.
2933 3064 3046 3138 ll):
3082 3063 3300 3120 Obsecro
3338 3075 3507 3118 autem
3538 3060 3660 3137 (Η)
3691 3079 3802 3127 vos,
3835 3065 4059 3132 fratres.

2459 3176 2549 3231 per
2573 3159 2841 3213 adventum
2874 3157 3084 3213 Domini
3111 3159 3274 3212 nostri
3302 3156 3430 3211 Iesu
3459 3155 3671 3220 Christi,
3702 3165 3752 3208 et
3783 3169 4059 3224 congrege-

762 3245 892 3299 enim
924 3260 1038 3313 spes
1066 3253 1263 3306 nostra,
1291 3242 1371 3297 vel
1399 3242 1664 3313 gaudium,
1690 3242 1768 3296 vel
1789 3243 2114 3297 exultationis
2143 3259 2350 3304 corona,

2458 3251 2643 3304 tionem
2666 3261 2891 3305 nostram
2910 3252 2977 3303 ad
3001 3250 3169 3315 illum,
3196 3265 3259 3302 ne
3286 3250 3384 3302 cito
3410 3247 3837 3301 commoveantiui
3868 3246 4059 3305 animo.

762 3354 913 3404 quam
942 3345 987 3389 et
1038 3334 1116 3408 (6)
1162 3351 1248 3390 vos
1274 3351 1445 3389 coram
1472 3334 1685 3388 Domino
1711 3346 1882 3389 nastro
1903 3335 2029 3390 Jesu
2047 3334 2247 3391 Christo
2268 3378 2279 3399 ,
2303 3337 2357 3390 in

764 3430 983 3483 adventu
1024 3427 1229 3491 ipsius?
1277 3427 1405 3480 Item
1451 3426 1507 3498 (I
1554 3424 1732 3481 Thess.
1767 3424 1855 3498 ll)
1887 3443 1899 3478 :
1934 3426 2116 3480 Corum
2164 3426 2273 3481 Deo
2316 3437 2361 3480 et

769 3521 927 3576 Patre
970 3531 1177 3582 nostro,
1231 3521 1285 3573 in
1337 3520 1555 3573 adventu
1616 3518 1696 3592 (7)
1769 3510 1978 3574 Domini
2029 3522 2185 3575 nostri
2231 3519 2359 3576 Jesu

769 3612 979 3675 Christi,
1011 3628 1127 3664 cum
1150 3612 1395 3665 universis
1421 3612 1610 3665 sanctis
1637 3612 1765 3682 ejus.
1802 3612 1876 3665 De
1903 3627 2128 3682 qnormn
2160 3612 2363 3667 dormi-

769 3707 915 3762 tione
945 3704 1121 3760 minus
1147 3704 1419 3762 mouenda
1463 3704 1543 3779 (8)
1571 3705 1793 3773 docens,
1852 3706 2011 3760 simul
2040 3715 2094 3761 ct
2117 3714 2360 3776 tempora

2458 3359 2615 3407 neque
2639 3343 2928 3408 tttrbemiui,
2952 3358 3112 3411 neque
3142 3358 3231 3412 per
3255 3340 3527 3409 spiritum,
3560 3329 3720 3410 neque
3742 3356 3837 3411 per
3870 3354 4064 3391 sermo-

2462 3453 2595 3500 nem,
2623 3437 2826 3492 scilicet
2858 3434 3445 3505 pseudopropltemrum
3475 3430 3620 3505 (15),
3654 3446 3817 3500 neque
3848 3447 3941 3500 per
3964 3429 4067 3496 epi-

2462 3528 2644 3583 stolstm
2665 3570 2680 3595 ,
2720 3528 2926 3582 scilicet
2955 3525 3493 3597 psentlaposmlorum
3520 3520 3639 3595 (16)
3662 3564 3674 3581 ,
3697 3538 3762 3575 ac
3793 3521 3839 3575 si
3867 3537 3957 3589 per
3981 3535 4068 3572 uo-

2461 3629 2654 3680 stram.
2688 3620 2834 3689 quasi
2858 3620 3055 3673 insistat
3091 3615 3211 3689 (l7)
3246 3616 3353 3670 dies
3380 3614 3608 3668 Domini.
3637 3611 3719 3667 Ne
3742 3614 3859 3679 quis
3883 3628 3969 3665 vos
3994 3628 4064 3665 se-

2465 3713 2613 3766 ducat
2659 3712 2764 3766 ullo
2807 3712 2957 3765 modo
3000 3729 3012 3764 :
3060 3708 3133 3781 (c)
3175 3708 3418 3780 quoniam
3462 3705 3563 3760 nisi
3602 3704 3772 3761 veniat
3817 3703 4066 3759 abscessio

1983 3798 2366 3856 LECTIONES
2411 3802 2819 3861 VARIANTES.

943 3914 1050 3973 Otto
1071 3913 1214 3964 modo
1234 3911 1356 3963 add.
1379 3910 1480 3963 alii.

944 3977 1187 4043 Metemnr
1212 3979 1354 4026 Pam.
1386 3985 1527 4043 [γαπ.
1556 3975 1664 4043 Rig.
1695 3978 1816 4027 Ven.

860 4036 910 4094 5)
944 4043 1095 4094 Nobis
1118 4041 1261 4092 Ithen.
1289 4036 1441 4091 Seml.

864 4101 912 4157 4)
947 4106 1066 4156 Ησδο
1088 4105 1218 4156 abest
1238 4117 1270 4153 a
1288 4102 1439 4154 Rhea.
1460 4101 1612 4153 Seml.

840 4162 913 4227 (5)
951 4171 990 4218 Α
1018 4166 1159 4219 Rhea.
1186 4162 1336 4227 Seml.

862 4222 913 4291 6)
948 4232 1101 4291 Quam
1125 4238 1176 4279 ut
1199 4236 1251 4279 et
1272 4225 1376 4291 alii,
1398 4239 1491 4291 qua
1515 4236 1567 4291 et.
1591 4222 1740 4277 Scml.

862 4233 893 4280 6
948 4233 1101 4291 Quam
1125 4238 1176 4279 ut
1199 4236 1251 4279 et
1272 4233 1376 4285 atii,
1398 4239 1491 4288 qua
1515 4236 1567 4275 et

864 4296 893 4344 7
952 4294 1225 4343 Adventum
1250 4288 1401 4340 Rhea.
1424 4288 1572 4339 Semt.

842 4233 916 4419 isi
952 4355 1225 4419 gliseranda
1248 4349 1382 4419 alii._

846 4412 919 4481 (9)
954 4417 1051 4468 Dei
1076 4414 1222 4467 Rhea.
1248 4412 1398 4466 Seml.

836 3916 888 4038 ὃ

891 3916 912 4167 l

952 4355 1225 4405 Miseranda
1248 4349 1353 4402 alii.

2534 3919 2635 3989 (Ψ)
2670 3919 2879 3989 ἓοπηίτὲο
2902 3928 3045 3989 ’1'?"-

2533 3980 2640 4099 ii
2670 3981 2998 4093 veiiiiiiieiiiii;
3011 4039 3161 4092 Rhea.
3187 4037 3328 4090 Seml.
3354 4035 3415 4097 ni

2564 4037 2640 4115 lg)
2677 4042 2989 4115 Excludeutlo
3187 4037 3328 4090 Saul.
3354 4037 3465 4103 Εἰς.
3482 4038 3607 4088 Ven.

2540 4048 2617 4099 ΗΞ
2677 4048 2989 4093 Excludemlo
3011 4048 3161 4092 Rhea.
3187 4048 3328 4090 sentt.
3354 4048 3419 4102 un

2537 4048 2643 4231 tsi
2679 4100 3239 4219 inerrare...
3264 4158 3419 4214 5......

2571 4220 2650 4291 ιδ’)
2686 4228 3176 4291 Pseudapostolorum
3200 4224 3344 4291 Rhea.
3366 4220 3516 4291 Sensi.

2572 4234 2629 4281 t5
2686 4233 3176 4291 Pseudapostolorum
3200 4233 3344 4275 Rhea.
3366 4233 3516 4276 Sensi.

2572 4233 2650 4355 tui
2681 4291 3223 4355 Pseudopmpbetarum
3246 4284 3399 4340 Rhea.
3424 4279 3583 4337 Sensi.

2546 4359 2650 4421 (t7)
2690 4356 2841 4406 [astat
2870 4357 2990 4405 Ven.

2167 4482 2728 4549 COMMENTARIUS.

784 4639 881 4695 per
931 4600 1090 4676 vitam
1135 4619 1448 4689 Spiritalem.
1501 4625 1555 4672 et
1598 4613 1893 4695 quamdam
1931 4607 2447 4695 remotionemetD

786 4679 1177 4765 septrationeui
1208 4709 1234 4742 a
1276 4704 1518 4765 corpore,
1560 4679 1635 4765 uti
1660 4686 1705 4740 ad
1746 4682 2049 4765 sepulcrum
2098 4679 2369 4765 dicebant,

787 4749 908 4822 cuin
935 4769 1109 4818 anima
1131 4778 1158 4815 a
1187 4749 1431 4830 corporis
1474 4749 1699 4830 legibus,
1744 4749 1819 4830 eti
1838 4754 2087 4828 pondere
2119 4749 2379 4830 quodam-

791 4837 952 4894 modo
981 4851 1039 4889 se
1068 4825 1338 4888 assereret
1372 4838 1426 4885 et
1451 4825 1754 4884 absolveret
1780 4825 1975 4892 (neque
2006 4825 2147 4876 enim
2179 4829 2382 4874 tantum

792 4906 1167 4977 loquebantur,
1198 4904 1265 4957 de
1304 4901 1650 4977 emersipnea
1696 4908 2091 4977 corpotjenqnm
2135 4894 2191 4945 tlt
2228 4901 2385 4977 .uatu~

791 4963 888 5036 rati
921 4963 1359 5043 morte),'argute
1402 4982 1455 5025 et
1498 4970 1698 5043 ironiee
1726 4965 1896 5043 inquit
1944 4966 2159 5043 Auctor.
2228 4963 2387 5043 bene,

795 5035 951 5107 emat
997 5050 1064 5102 de
1099 5035 1344 5115 carperis
1380 5040 1626 5115 sepulcro
1669 5037 1951 5115 lia-reticns
1990 5035 2298 5098 suscitatus,
2341 5041 2394 5114 at

796 5106 1064 5193 Quomodo
1092 5106 1327 5193 febribus
1358 5122 1412 5168 et
1438 5106 1707 5193 ulceribus
1744 5106 2024 5171 obnoxius,
2060 5121 2179 5175 qum
2227 5106 2396 5158 sarci-

798 5182 919 5248 tiam
949 5188 1189 5257 corporis
1215 5192 1462 5257 arguunt.
1496 5182 1627 5257 Lac.

872 5260 1027 5316 CAP.
1048 5244 1246 5313 'XXIII.
1277 5244 1358 5330 (τι)
1389 5252 1579 5330 _O_mn_ia
1604 5258 1925 5330 sacramenta
1953 5255 2273 5330 cognoverat.
2304 5244 2404 5330 Sa:

804 5341 1086 5389 cramonta
1128 5317 1565 5393 vocat‘q'uidqnid
1596 5323 1660 5378 ad
1698 5334 2007 5393 veram_seu
2057 5317 2404 5393 eh‘ristianam

807 5403 965 5459 iidem
1012 5401 1261 5472 pertinet.
1292 5388 1659 5472 supra_dixit.
1706 5391 1929 5446 veritatis
1961 5388 2279 5472 .atp‘titionem
2305 5428 2317 5451 ,
2351 5393 2407 5440 et

808 5473 945 5530 infra
979 5459 1101 5526 aiax
1133 5470 1292 5533 dicet,
1329 5459 1637 5539 agnitionem
1665 5460 1989 5539 sacramenti.
2030 5459 2146 5514 Βία.

883 5541 963 5615 (lt)
988 5542 1067 5615 Ad
1083 5528 1303 5615 palmam
1322 5528 1771 5615 in'crintinationis.
1795 5533 1886 5615 Sic
1916 5530 2235 5615 igiturapufl
2264 5528 2407 5598 Apo~

812 5602 1010 5673 stoltun
1038 5602 1162 5681 legit
1193 5611 1504 5680 Septimius,
1525 5612 1602 5662 ὶτί
1628 5614 1682 5662 τὸ
1699 5609 1922 5675 βριεεῑον
1950 5602 2373 5681 τῖς-ᾀνεγκλῆσεως
2396 5642 2408 5665 ,

814 5672 920 5743 tton
967 5695 1022 5739 ttt
1065 5672 1223 5738 Hodie
1271 5672 1522 5750 legimus,
1552 5695 1639 5741 τῆς
1668 5672 1764 5730 an.
1790 5682 2018 5750 κλειστῳς.
2046 5672 2163 5750 lito.

895 5755 970 5828 (c)
1012 5755 1262 5828 Quoniam
1282 5741 1391 5828 nisi
1412 5741 1599 5828 venerit
1619 5748 1869 5828 abscessit)
1894 5747 2096 5828 primo:
2136 5741 2415 5828 huius‘u-ti-

823 5812 919 5895 qui‘
949 5812 1090 5881 beo‘ai
1141 5825 1295 5881 Pauli
1334 5822 1602 5895 sententia
1630 5828 1713 5873 est
1752 5816 1777 5895 ιν
1810 5812 1998 5895 Epist;
2024 5814 2089 5895 ad
2136 5814 2241 5895 Enr
2405 5854 2420 5879 ,

830 5883 857 5952 Ii
911 5918 1044 5963 ιιοθς
1081 5912 1441 5968 umor-spina;
1467 5902 1521 5950 τὸ
1561 5893 1727 5945 λοιπὸν
1762 5883 1903 5944 ἰστὸν.
1954 5885 2111 5942 Unde
2138 5883 2426 5941 Tertullia-

2475 4617 2573 4656 nns
2595 4596 2864 4653 transtulit
2892 4608 3044 4648 suum
3076 4591 3226 4657 illud,
3263 4588 3587 4661 TempusAest
3615 4588 3671 4642 in
3698 4586 3934 4649 collecto.

2486 4674 2592 4726 alio
2612 4684 2775 4724 sensu
2802 4666 3095 4725 posteriore
3117 4678 3210 4718 sua
3233 4657 3430 4717 Petrus
3454 4659 3710 4718 afﬁrmat.
3739 4673 3848 4712 non
3873 4657 4073 4711 tardare

2487 4744 2627 4799 dicm
2660 4738 2889 4802 Domini,
2919 4736 3007 4807 qui
3038 4734 3238 4807 sanctis
3263 4729 3749 4807 promissagaudia
3782 4742 4073 4807 repracsen-

2492 4798 2584 4869 tet.
2635 4798 3079 4880 H-tjnsce'aitteut
3117 4798 3502 4880 admonitionis
3542 4798 3922 4880 interpretatio
3957 4811 4077 4868 quo-

2492 4871 2740 4941 rumdam
2770 4896 2801 4935 c
2833 4880 2985 4946 plebe
3011 4874 3576 4946 Thessalonicensinm
3618 4871 3917 4946 christiana
3948 4884 4077 4924 metr

2499 4969 2576 5010 tes
2605 4940 2880 5015 ambiguas
2909 4951 2987 5004 sic
3020 4949 3211 5012 tenuit,
3243 4954 3301 5001 ut
3329 4947 3439 5013 jam
3468 4945 3790 5015 inciperent.
3821 4940 3970 5015 velut
3992 4955 4074 5015 ex_-

2498 5010 2791 5093 spectando
2832 5023 2985 5093 fessi.
3011 5034 3135 5089 spes
3163 5010 3288 5072 snas
3318 5010 3505 5093 inanes
3532 5014 3713 5093 dicere
3737 5055 3759 5093 ,.
3794 5011 3972 5093 ache
4002 5010 4081 5093 ad:

2503 5083 2661 5151 ventu
2710 5094 2915 5146 homini
2957 5083 3273 5158 desperare,
3310 5086 3553 5158 adeoque
3590 5084 4004 5158 sollicitantibus
4025 5083 4078 5133 ad

2505 5167 2858 5223 deiectionem
2889 5154 3197 5233 itttpostttris
3224 5154 3665 5233 auresprirbere:
3694 5154 3829 5233 Quis
3865 5168 3971 5207 non
3990 5164 4061 5233 sto

2508 5249 2658 5309 peat,
2693 5236 2935 5289 ltontines
2968 5225 3133 5309 ipsius
3163 5225 3612 5309 apostolidivlna
3649 5225 3920 5309 mandata
3948 5225 4079 5276 mini-

2509 5299 2731 5365 strantis
2772 5299 3112 5361 sermonibus
3161 5302 3458 5374 ft)l'rl_ll:tl05.
3498 5299 3648 5374 bene
3690 5304 4080 5374 conceptapnu

2513 5364 2818 5435 continere.
2858 5388 2961 5430 tant
2996 5373 3206 5430 futiles?
3240 5372 3379 5441 Ergo
3404 5364 4082 5446 periculose_lal_mrantibtts

2516 5434 2780 5506 succurrit
2813 5448 3040 5509 Paulus,
3087 5434 3342 5515 regaturne
3372 5434 3441 5496 ne
3471 5438 3753 5495 temeraria
3794 5437 4006 5490 levitate
4032 5434 4081 5487 li-

2512 5523 2635 5579 dem
2663 5536 2811 5575 suam
2829 5516 3134 5590 labefactari
3163 5515 3451 5590 patiantur,
3473 5521 3743 5570 memores
3771 5518 4083 5590 contraque

2516 5577 2695 5651 coram
2738 5592 2840 5645 illis
2877 5590 2941 5643 tle
2980 5588 3085 5642 line
3120 5577 3322 5659 είῇαιιιί,
3348 5577 4085 5659 ῥυίιιιβηειιρτεηιὶῙξιίῇίοἰίμιὶε

2518 5649 2928 5731 disceptaverat.
2971 5659 3085 5714 Non
3116 5657 3300 5731 adfore
3329 5649 3469 5731 diem
3500 5652 3651 5707 illum
3683 5649 3901 5731 Domini
3934 5649 4083 5731 priuso

2522 5716 2685 5806 diuini
2712 5716 2967 5806 acciderit
2993 5730 3253 5806 discessio
3294 5727 3555 5806 primum.
3589 5737 3653 5806 ac
3679 5719 3911 5806 subinde
3933 5716 4083 5806 lienu-

2929 5784 3168 5876 itntuinis
3212 5784 3526 5871 perditionis
3546 5784 3563 5857 ς
3581 5791 3763 5876 factio
3804 5784 4081 5876 manifesta.

2530 5862 2619 5937 Ᾰὶι
2648 5862 2804 5947 igitur
2832 5862 3151 5945 Apostolus,
3178 5862 3283 5929 non
3308 5884 3427 5926 esse
3452 5864 3596 5938 quod
3622 5862 3700 5918 illi
3728 5873 4081 5917 commovean-
