4250 6494
752 363 859 421 827

2169 378 2627 439 TERTULLIANI

3876 432 3879 433 ν
3950 401 4063 463 828

758 496 923 540 matus
954 501 1085 543 sum.
1118 487 1185 545 Et
1214 489 1397 563 utique
1424 489 1749 558 crediderat.
1773 502 1825 551 et
1857 492 1934 570 (a)
1967 499 2142 553 omnia
2174 513 2353 553 sacra-
2383 496 2439 557 Α
2469 504 2873 560 resurrectionis
2902 510 3121 580 exponit
3142 509 3327 568 dicens
3356 515 3372 584 (
3395 512 3412 569 l
3440 512 3614 571 Thess.
3642 515 3707 572 Ill
3747 527 3792 573 et
3831 517 3924 591 IV)
3953 538 3965 573 :
3998 524 4060 575 Si

758 588 936 635 meum
966 593 1295 654 cognoverat
1315 627 1327 645 .
1362 601 1455 641 vas
1481 587 1762 643 electionis
1782 630 1797 655 ,
1821 589 2012 645 doctor
2040 593 2347 658 nationum;

758 680 807 727 et
845 680 1020 727 tamen
1068 674 1290 745 adjicit:
1321 676 1606 748 Persequor
1648 690 1813 734 autent
1853 683 1899 736 si
1946 682 2025 756 (l)
2064 686 2349 753 apprehen-

758 764 875 818 dam
904 766 954 819 in
992 784 1092 836 quo
1121 784 1235 821 sum
1262 771 1610 839 apprehensus
1637 789 1668 825 a
1698 772 1919 828 Christo.
1968 776 2046 830 Eo
2072 778 2301 845 amplius
2335 796 2347 832 :

758 856 871 929 Ego
901 877 998 925 me,
1024 861 1233 931 fratres,
1258 882 1358 919 nun
1382 875 1502 933 puto
1523 868 1939 938 apprehendisse.
1970 870 2140 925 linum
2164 876 2313 939 plane
2336 890 2348 926 :

756 948 941 1005 oblitus
965 954 1302 1023 posteriorum
1329 1002 1341 1019 ,
1370 958 1423 1010 in
1446 958 1619 1025 priora
1640 975 1718 1014 me
1742 960 2014 1015 extendens
2035 1004 2050 1028 ,
2079 965 2353 1018 secundum

756 1058 965 1113 scopum
1001 1064 1277 1115 persequor
1307 1048 1383 1123 (ὸ)
1413 1050 1481 1104 ad
1520 1051 1745 1120 palmam
1776 1055 2199 1110 incriminatiouis
2218 1099 2233 1121 ,
2269 1074 2356 1123 per

756 1151 907 1203 quam
933 1154 1285 1194 concurrerent
1319 1157 1337 1195 :
1364 1142 1548 1211 utique
1577 1143 1628 1196 in
1663 1146 2126 1200 resuscitatinucm
2155 1162 2184 1201 a
2210 1163 2356 1201 mor-

761 1228 897 1293 tuis;
920 1244 1019 1286 suo
1042 1239 1219 1287 tamen
1249 1243 1512 1307 tempore,
1539 1237 1678 1291 sicut
1700 1238 1763 1291 ad
1788 1237 2005 1293 Galatas
2032 1238 2050 1311 (
2075 1239 2189 1294 Gal.
2222 1240 2352 1314 Vl):

760 1318 896 1376 Bene
935 1333 1103 1377 autem
1145 1324 1385 1395 facientes
1427 1344 1489 1382 ne
1536 1330 1718 1383 ta'deat
1758 1346 1778 1384 :
1814 1340 2039 1399 tempore
2083 1334 2217 1388 enim
2264 1352 2356 1389 suo

759 1423 998 1470 metemus
1041 1416 1141 1491 (ἓ).
1186 1419 1331 1474 Sicut
1356 1429 1410 1476 ct
1447 1420 1513 1475 ad
1544 1421 1884 1477 Timotheum
1923 1423 2004 1497 (11
2040 1425 2172 1482 Tim.
2206 1425 2356 1500 l)de

759 1504 1096 1575 Onesiphoro
1124 1527 1136 1563 :
1168 1507 1264 1563 Det
1302 1511 1387 1565 illi
1412 1510 1658 1567 Dominus
1687 1515 1911 1569 invenire
1951 1517 2350 1575 misericordium

758 1601 811 1651 iu
841 1599 932 1653 illo
957 1600 1055 1653 die.
1085 1598 1143 1654 ln
1173 1617 1328 1671 quem
1360 1602 1499 1658 diem
1528 1619 1590 1658 ac
1622 1614 1830 1677 tempus
1849 1647 1865 1669 ,
1895 1617 1948 1661 et
1981 1608 2075 1676 ipsi
2107 1611 2345 1680 praecipit

758 1690 964 1764 (ITim.
1001 1692 1107 1766 VI)
1136 1695 1388 1750 custodire
1432 1698 1728 1752 mandatum
1770 1701 2172 1767 immaculatum,
2226 1705 2356 1759 irre-

758 1783 1127 1854 prehensibile,
1174 1786 1226 1840 in
1276 1790 1630 1857 apparentia»:
1687 1790 1895 1846 Domini
1937 1793 2064 1847 Jesu
2113 1794 2339 1857 Christi,

2453 592 2585 644 enim
2610 595 2858 650 credimus
2882 599 3018 669 quod
3042 600 3190 657 Iesus
3216 592 3445 660 mortuus
3470 612 3536 662 sit
3557 651 3571 673 ,
3602 618 3650 663 et
3682 616 4060 677 "surrexerit;

2452 683 2524 737 sic
2554 696 2596 738 et
2630 685 2761 743 Dens
2786 706 2869 742 eos
2889 693 2975 760 qui
3001 693 3335 761 dormierunt,
3369 716 3460 772 per
3484 700 3662 756 Jesum
3685 705 3905 759 adducet
3940 724 4059 761 cum

2452 774 2583 842 ipso.
2624 776 2735 831 Hoc
2768 783 2902 835 enim
2930 785 3147 841 dicimus
3172 790 3308 843 vobis
3342 792 3393 843 in
3425 808 3655 848 sermone
3689 794 3900 851 Domini
3942 798 4060 874 (9).

2454 872 2588 938 quod
2611 889 2702 926 nos
2728 877 2811 937 qui
2838 877 3046 932 vivimus
3066 921 3079 943 ,
3108 883 3194 950 qui
3218 899 3537 941 remanemus
3566 888 3618 940 in
3648 888 3921 945 adventum
3959 892 4062 947 Do-

2457 962 2580 1015 mini
2606 967 2782 1031 nostri,
2812 984 2911 1023 non
2935 974 3305 1040 preveniemus
3326 993 3409 1031 eos
3434 980 3518 1047 qui
3547 979 3880 1037 dormierunt.
3910 985 4028 1049 Quo
4048 1021 4059 1030 -

2457 1052 2594 1106 niam
2629 1056 2735 1125 ipse
2774 1057 3026 1116 Dominus
3063 1065 3117 1116 in
3157 1065 3304 1129 iussu
3342 1077 3388 1120 et
3426 1069 3479 1122 in
3519 1085 3638 1124 voce
3671 1073 3977 1145 archangeli
4014 1091 4061 1130 et

2460 1147 2576 1199 tuba
2608 1147 2701 1203 Dei
2726 1151 2991 1208 descendet
3011 1157 3073 1211 de
3100 1158 3228 1211 creto
3248 1200 3264 1224 ,
3306 1168 3355 1214 et
3380 1164 3569 1216 mortui
3588 1164 3642 1218 in
3669 1162 3876 1221 Christo
3902 1171 4059 1238 primi

2458 1251 2759 1311 resurgent;
2794 1243 2979 1299 deinde
3012 1263 3103 1301 nos
3126 1249 3214 1316 qui
3236 1249 3485 1318 vivimus;
3514 1255 3600 1323 qui
3622 1255 3778 1310 simul
3800 1274 3921 1311 cum
3954 1259 4061 1313 illis

2460 1330 2696 1385 tullemur
2726 1335 2778 1388 in
2813 1336 3024 1392 nubibus
3063 1339 3258 1395 obviam
3292 1341 3493 1399 Christo
3525 1343 3641 1419 (10)
3671 1348 3724 1401 in
3763 1366 3937 1404 aerem
3957 1394 3971 1416 ,
4017 1364 4061 1405 rt

2460 1422 2531 1476 ita
2555 1440 2753 1493 semper
2780 1444 2894 1481 cum
2927 1428 3146 1486 Domino
3176 1434 3382 1489 erimus.
3414 1436 3545 1502 Qum
3581 1454 3683 1492 vox
3714 1441 4059 1512 archangeli,

2461 1532 2579 1582 quae
2609 1520 2733 1574 tuba
2767 1520 2860 1575 Dei
2890 1524 3070 1577 audita
3094 1525 3242 1594 jam?
3274 1526 3373 1582 nisi
3400 1528 3535 1585 forte
3564 1530 3616 1585 in
3650 1532 3913 1587 cubiCulis
3948 1535 4061 1587 ba:-

2462 1610 2771 1666 reticorum.
2813 1612 2944 1668 Nam
2970 1617 3070 1671 etsi
3102 1618 3224 1673 tuba
3259 1620 3351 1675 Dei
3378 1623 3653 1694 evangelir
3674 1640 3728 1679 λε
3748 1641 3932 1682 sermo
3960 1628 4062 1681 dici

2464 1710 2670 1769 potest.
2699 1706 2786 1773 qni
2831 1706 2950 1761 illos
2984 1708 3093 1773 jam
3139 1722 3353 1767 vocaret
3392 1714 3552 1786 (ll);
3595 1716 3687 1771 sed
3732 1726 3827 1772 aut
3865 1722 4063 1774 mortui

2462 1804 2621 1848 erunt
2644 1795 2753 1861 jam
2779 1801 3153 1869 corporaliter,
3180 1813 3235 1857 ut
3263 1808 3687 1874 resurrexcrint;
3720 1823 3768 1865 et
3788 1813 4065 1883 quomodo

759 1890 913 1939 quam
956 1876 1061 1929 suis
1116 1880 1424 1948 temporibus
1454 1882 1680 1936 ostendet
1722 1882 1897 1938 beatus
1926 1895 1971 1938 et
2000 1886 2139 1940 solus
2184 1896 2350 1955 poten-
2386 1890 2437 1951 Β
2464 1886 2682 1953 vivunt?
2716 1904 2807 1945 aut
2848 1892 2899 1945 in
2932 1895 3104 1950 nubes
3131 1898 3298 1968 erepti
3327 1915 3341 1962 ;
3380 1909 3433 1954 et
3463 1902 3736 1971 quomodo
3772 1904 3859 1959 hic
3893 1918 4016 1959 sunt
4044 1908 4067 1961 ἲ

764 1974 935 2031 tator,
975 1976 1018 2020 et
1049 1984 1140 2022 rex
1184 1973 1539 2040 regnantium,
1588 1983 1634 2025 et
1666 1973 1912 2028 'dominus
1952 1976 2354 2041 dominantium;

761 2055 828 2112 de
873 2058 979 2113 Deo
1018 2059 1222 2117 dicens.
1264 2063 1340 2117 De
1375 2065 1569 2133 quibus
1614 2068 1946 2137 temporibus
1987 2079 2036 2124 et
2072 2072 2264 2125 Petrus
2303 2075 2356 2127 in

763 2148 908 2203 Actis
940 2150 961 2223 (
978 2151 1090 2207 Act.
1119 2152 1183 2207 111
1208 2151 1227 2225 )
1260 2171 1273 2211 :
1304 2154 1553 2209 Pwniteat
1580 2158 1749 2227 itaque
1778 2176 1884 2226 vos,
1916 2171 1962 2215 et
1988 2162 2269 2232 resipiscite
2292 2164 2359 2216 ad

760 2241 1008 2296 abolenda
1048 2244 1230 2299 delicta
1249 2256 1451 2311 .vestra,
1488 2260 1537 2300 ut
1567 2258 1797 2318 tempora
1834 2253 1970 2306 vobis
2000 2256 2359 2321 superveniant

760 2332 1011 2402 refrigerii
1040 2352 1103 2388 ea:
1130 2353 1347 2406 persona
1382 2338 1505 2401 Dei,
1537 2351 1583 2393 et
1613 2343 1777 2395 mittat
1805 2345 2237 2416 praedesignatum
2274 2364 2361 2401 vo-

762 2423 837 2478 bis
878 2422 957 2496 (5)
1008 2425 1264 2481 Christum
1289 2446 1301 2493 ;
1332 2445 1479 2500 quem
1507 2442 1703 2500 oportet
1730 2434 1961 2505 accipere
1984 2437 2135 2490 (telas
2155 2478 2171 2501 ,
2208 2437 2361 2492 adus-

762 2532 859 2586 que
905 2528 1133 2589 tempora
1186 2522 1513 2577 exhibiticuis
1566 2525 1793 2579 omnium
1820 2567 1833 2592 ,
1889 2542 2003 2597 qua:
2046 2528 2241 2584 locatus
2288 2541 2360 2586 est

764 2610 903 2665 Deus
921 2653 935 2677 ,
972 2628 1057 2667 ore
1079 2624 1373 2669 sanctorum
1400 2617 1780 2687 prophetarum.

1330 2704 1557 2764 CAPUT
1600 2708 1789 2766 XXIV.

835 2793 966 2861 Qum
1020 2796 1134 2852 hate
1178 2795 1257 2871 (4)
1303 2806 1564 2869 tempora.
1632 2816 1752 2856 cmn
1794 2802 2361 2864 Thessalonicensibns

765 2885 931 2942 disce.
966 2886 1216 2959 Legimus
1259 2892 1401 2945 enim
1424 2890 1484 2964 (1
1520 2891 1696 2946 Thess.
1722 2892 1775 2966 l)
1814 2912 1829 2951 :
1868 2896 2098 2962 Qualiter
2138 2902 2363 2954 conversi

767 2980 878 3034 sitis
904 2982 968 3035 ab
1006 2981 1159 3036 idolis
1181 3025 1196 3049 ,
1256 2984 1325 3036 ad
1361 2986 1679 3041 serviendum
1714 2989 1825 3043 rivo
1862 2998 1910 3042 et
1972 3005 2086 3044 vero
2116 2990 2253 3057 Deo,
2294 2992 2363 3045 ad

767 3075 1160 3143 exspectandum
1194 3092 1220 3130 e
1245 3073 1324 3148 (5)
1356 3078 1495 3131 emlis
1536 3077 1727 3133 Filium
1753 3082 1896 3151 ejus,
1921 3098 2068 3152 quem
2104 3086 2363 3140 suscitavit

768 3180 830 3218 ea:
872 3165 1119 3232 mortuis,
1165 3167 1362 3221 Jesum.
1414 3168 1481 3222 Et
1524 3184 1710 3226 rursus
1746 3170 1801 3245 (.l
1847 3170 2023 3228 Thess.
2059 3173 2187 3246 ll):
2236 3176 2363 3242 Qiue

2463 1979 2746 2036 miserrimi
2776 1999 2961 2040 revera
2982 2028 2997 2052 ,
3031 1996 3088 2042 ttt
3122 1989 3416 2057 Apostolus
3448 1996 3843 2064 pronuntiavit,
3886 1998 3979 2068 qui
4015 2000 4065 2052 in

2462 2070 2558 2124 ista
2578 2082 2781 2127 tantum
2801 2076 2905 2129 vita
2921 2087 3203 2145 sperantes
3219 2080 3576 2149 habebuntur,
3593 2088 3910 2143 excludendi
3926 2090 4063 2162 (l2).

2462 2162 2587 2217 dum
2625 2166 2969 2234 pra~ripiuut,
2995 2171 3137 2239 quod
3174 2182 3294 2239 post
3325 2175 3467 2230 illam
3495 2180 3921 2247 repromittitur;
3955 2183 4065 2235 l'ru-

2462 2258 2615 2312 strati
2650 2259 2793 2313 circa
2822 2262 3130 2328 veritatem,
3164 2282 3269 2319 non
3298 2268 3473 2321 minus
3502 2286 3660 2340 quam
3692 2272 3989 2343 Phygellus
4017 2289 4066 2329 et

2464 2350 2851 2423 Hermogenes.
2896 2357 2963 2411 Et
3005 2359 3127 2415 ideo
3157 2361 3408 2431 maiestas
3436 2363 3670 2434 Spiritus
3705 2366 3892 2422 Sancti
3942 2384 4066 2438 per-

2462 2445 2641 2513 spicax
2673 2447 2934 2517 ejusmodi
2968 2467 3221 2509 sensuum
3244 2497 3256 2516 .
3287 2466 3338 2509 et
3369 2458 3418 2511 in
3451 2458 3561 2527 ipsa
3594 2459 3710 2533 (15)
3739 2462 3803 2515 ad
3833 2461 4069 2517 Thessa-

2464 2538 2765 2595 lonicenses
2789 2542 3030 2613 Epistola
3058 2549 3296 2618 suggerit
3316 2548 3337 2622 (
3359 2549 3376 2603 l
3407 2550 3584 2606 Thess.
3616 2552 3660 2606 ν
3680 2551 3734 2625 ):
3769 2553 3847 2608 De
3874 2565 4071 2625 tempo-

2462 2633 2601 2688 ribus
2622 2646 2787 2690 autem
2816 2648 2861 2692 el
2890 2650 3173 2708 temporum
3201 2643 3403 2710 spatiis,
3439 2648 3642 2714 fratres,
3671 2662 3773 2700 non
3796 2656 3871 2700 est
3896 2664 4069 2701 neces-

2463 2727 2589 2780 sitas
2631 2728 2886 2783 scribendi
2924 2732 3062 2786 vobis
3096 2749 3114 2787 :
3144 2733 3244 2804 ipsi
3285 2733 3419 2788 enim
3454 2736 3732 2791 certissime
3759 2738 3902 2791 scitis
3932 2738 4071 2807 quod

2465 2817 2572 2872 dies
2599 2817 2807 2873 Domini
2829 2864 2840 2883 ,
2866 2824 3017 2892 quasi
3041 2824 3125 2892 fur
3144 2834 3290 2879 nocte
3309 2869 3323 2891 ,
3352 2826 3424 2879 ita
3444 2826 3695 2883 adveniet.
3726 2827 3857 2883 Cum
3876 2830 4066 2893 dicent,

2465 2926 2592 2979 pax,
2633 2921 2681 2966 et
2721 2923 2827 2965 tnta
2855 2925 2973 2969 sunt
3001 2917 3200 2982 omnia,
3245 2926 3363 2972 tunc
3404 2919 3511 2973 illis
3544 2921 3841 2991 repentium
3874 2922 4070 2975 insistet

2464 3001 2720 3057 interitus.
2751 3004 2817 3060 Et
2845 3006 2895 3060 in
2924 3006 3179 3072 secunda,
3211 3007 3448 3079 pleniore
3469 3010 3829 3067 sollicitudine
3849 3012 3917 3066 ad
3946 3026 4069 3066 eos-

2464 3093 2586 3149 dem
2613 3096 2697 3166 (ll
2727 3096 2900 3152 Thess.
2941 3096 3055 3171 Il):
3091 3097 3308 3155 Obsecro
3346 3113 3516 3155 autent
3547 3100 3669 3175 (14)
3701 3119 3810 3167 vos,
3844 3106 4033 3173 fratres
4056 3144 4068 3161 .

2466 3204 2557 3258 per
2581 3188 2849 3243 adventum
2882 3190 3092 3245 Domini
3118 3194 3283 3247 nostri
3309 3192 3438 3248 Jesu
3467 3192 3678 3259 Christi,
3712 3205 3760 3248 et
3789 3211 4067 3266 congrega-

769 3256 900 3310 ειιίηι
932 3273 1045 3326 ψει
1074 3268 1270 3322 ηοεινίις
1298 3259 1378 3313 vel
1406 3261 1671 3331 gaudium.
1698 3262 1776 3317 νει
1796 3265 2120 3321 εεηίιαιίοηίε
2149 3284 2356 3331 corona.
2385 3281 2431 3344 C
2464 3280 2649 3333 tionem
2673 3292 2898 3335 nostram
2916 3285 2984 3335 ad
3008 3283 3176 3350 illum,
3202 3301 3266 3337 ne
3292 3286 3391 3339 cito
3417 3288 3844 3340 commoveamini
3873 3288 4067 3348 animo.

768 3365 920 3415 quam
949 3358 994 3402 et
1044 3348 1123 3422 (6)
1169 3366 1255 3405 vos
1280 3367 1450 3405 coram
1478 3352 1691 3408 Domino
1717 3367 1888 3411 nastro
1909 3357 2035 3412 Iesu
2052 3358 2253 3416 Christo
2273 3404 2285 3425 ,
2309 3364 2362 3417 in

770 3440 988 3493 adventu
1029 3441 1235 3503 ipsius?
1282 3442 1410 3496 Item
1456 3444 1475 3515 (
1497 3443 1512 3498 Ι
1560 3443 1737 3501 Thess.
1772 3445 1860 3520 Il)
1892 3466 1904 3500 :
1938 3448 2121 3503 Coram
2168 3451 2278 3506 Deo
2320 3463 2365 3506 et

775 3531 931 3587 Patre
974 3545 1181 3596 nostro,
1236 3536 1289 3589 in
1342 3537 1559 3591 adventu
1620 3538 1701 3611 (7)
1773 3532 1982 3596 Domini
2033 3547 2189 3599 nostri
2234 3545 2361 3602 Jesu

773 3623 983 3689 Christi,
1014 3640 1131 3678 cum
1154 3627 1398 3682 universis
1424 3630 1613 3683 sanctis
1640 3632 1768 3701 ejus.
1806 3633 1879 3687 De
1906 3649 2131 3704 quorum
2162 3636 2366 3694 dormi-

773 3718 918 3774 tione
948 3718 1124 3774 minus
1150 3721 1421 3777 mmrenda
1465 3721 1544 3796 (8)
1572 3723 1795 3793 docens,
1855 3727 2013 3782 simul
2042 3738 2095 3784 ct
2119 3739 2362 3802 tempora

2464 3387 2621 3435 nequc
2645 3374 2933 3439 turbeiitiai,
2958 3392 3118 3445 neque
3146 3393 3237 3447 per
3260 3377 3533 3445 spiritum,
3566 3368 3727 3450 neque
3747 3396 3842 3451 per
3873 3397 4070 3433 seruio-

2467 3481 2599 3530 nem,
2628 3467 2831 3523 scilicet
2863 3468 3450 3539 pseudoprophetarum
3481 3468 3625 3542 (15),
3659 3487 3822 3540 neque
3851 3488 3944 3541 per
3969 3472 4073 3539 epi-

2465 3558 2647 3611 stolam
2669 3600 2683 3625 ,
2723 3559 2929 3615 scilicet
2958 3560 3497 3630 pseudapostolorum
3525 3559 3642 3634 (16)
3666 3604 3677 3619 .
3702 3578 3765 3615 ac
3796 3562 3843 3616 si
3868 3578 3961 3630 per
3984 3578 4074 3615 no-

2464 3657 2623 3703 stram
2645 3691 2657 3711 ,
2690 3652 2837 3719 quasi
2860 3652 3058 3705 insistat
3094 3650 3214 3724 (l'i)
3248 3652 3357 3706 dies
3384 3651 3611 3706 Domini.
3640 3651 3723 3707 Ne
3745 3655 3861 3720 quis
3883 3662 3973 3707 vas
3998 3671 4069 3707 sc-

2467 3741 2615 3794 ducat
2661 3742 2766 3796 ullo
2808 3744 2958 3797 modo
3001 3761 3013 3798 :
3062 3741 3135 3815 (c)
3177 3744 3419 3815 quoniam
3464 3744 3565 3799 nisi
3605 3745 3772 3800 veniat
3818 3745 4071 3801 abscessio

1984 3822 2367 3883 LECTIONES
2412 3830 2818 3891 VARIANTES.

944 3927 1051 3986 Ouo
1072 3928 1214 3978 modo
1234 3927 1356 3978 add.
1379 3927 1480 3980 alii.

944 3990 1187 4062 Metemnr
1211 3993 1354 4062 Pam.
1385 4001 1527 4062 tjran.
1556 3994 1663 4062 Rig.
1695 3998 1816 4049 Ven.

945 4056 1094 4106 Nobis
1116 4055 1260 4105 Rhea.
1287 4051 1440 4105 Seml.

946 4118 1064 4169 Hmc
1086 4118 1216 4168 abest
1236 4131 1268 4167 α
1286 4117 1438 4169 Rhea.
1459 4119 1611 4169 Seml.

838 4177 911 4237 (5)
948 4183 988 4230 Α
1015 4178 1155 4231 Rhea.
1182 4177 1334 4230 Seml.

860 4243 911 4304 6)
945 4243 1097 4303 Quam
1122 4251 1173 4292 ut
1196 4250 1248 4293 et
1269 4240 1374 4304 alii,
1396 4255 1490 4304 qua
1513 4253 1565 4292 et
1589 4241 1737 4294 Seml.

861 4303 911 4355 7)
948 4305 1220 4354 Adventum
1246 4303 1398 4355 Rhea.
1416 4303 1570 4355 Seml.

861 4364 912 4417 8)
948 4367 1220 4417 Miseranda
1244 4364 1349 4416 alii.

841 4426 915 4491 (9)
950 4429 1046 4479 Dei
1071 4426 1217 4479 Rhea.
1244 4427 1394 4480 Seml.

2534 3948 2552 4010 (
2565 3948 2636 4010 10)
2672 3948 2877 4001 Domino
2900 3960 3045 4003 Praa.

2532 4011 2639 4128 ii
2670 4012 2996 4125 ἔξὲῗιῖἷιίρῗέῖἔ
3008 4073 3159 4125 Rhea.
3185 4073 3327 4126 Seml.
3353 4072 3415 4126 Ri

2562 4072 2639 4140 lg)
2676 4072 2987 4140 Excludendo
3008 4073 3159 4140 Rhett.
3185 4073 3327 4126 Seml.
3353 4072 3464 4140 Rig.
3481 4076 3606 4126 Ven.

2565 4134 2639 4199 15)
2680 4141 2817 4199 Forte
2841 4137 2989 4199 prima
3015 4134 3164 4199 Seml.

2564 4195 2640 4251 14)
2677 4195 2854 4247 Auteai
2880 4198 3012 4251 abest
3032 4212 3063 4248 a
3086 4196 3237 4250 Rhea.
3262 4195 3417 4250 Seml.

2543 4262 2647 4323 [15)
2682 4260 3173 4323 Pseudapostolornm
3196 4259 3341 4323 Rhea.
3363 4259 3512 4313 Seml.

2538 4317 2641 4383 (16)
2676 4317 3220 4387 Pseudopmphetarum
3242 4320 3395 4376 Rhea.
3420 4317 3578 4375 Seml.

2542 4388 2646 4449 (l7)
2685 4385 2836 4436 Instat
2864 4385 2985 4437 Ven.

2161 4512 2721 4574 COMMENTARIUS.

777 4649 874 4705 per
925 4612 1084 4688 vitam
1129 4634 1442 4703 spiritalem,
1495 4641 1549 4689 et
1592 4632 1885 4705 quamdam
1924 4634 2280 4705 remotionem
2307 4642 2361 4688 et
2387 4634 2440 4693 D
2468 4646 2566 4705 nus
2588 4627 2856 4682 transtulit
2885 4641 3037 4705 suum
3070 4624 3580 4705 illud,_Tempus_est
3609 4628 3665 4682 in
3691 4627 3927 4690 collecto.
3970 4626 4078 4705 _Nec

779 4703 1167 4775 septrationem
1200 4724 1227 4756 a
1269 4720 1512 4773 corpore,
1559 4703 1628 4773 qu
1654 4704 1699 4758 ad
1739 4703 2041 4771 sepulcrum
2090 4703 2362 4767 dicebant,

779 4774 900 4833 cum
927 4781 1100 4831 anima
1123 4791 1150 4829 a
1179 4779 1422 4845 corporis
1466 4775 1692 4851 legilms,
1737 4784 1789 4851 et
1831 4776 2079 4851 pondere
2110 4774 2371 4844 quodam-

782 4849 943 4904 modo
972 4863 1031 4901 se
1060 4858 1330 4902 assereret
1364 4854 1417 4901 et
1443 4846 1745 4901 absolveret
1772 4845 1967 4914 (neque
1997 4845 2139 4899 enim
2171 4854 2373 4899 tantum

782 4919 1158 4990 loquebantur,
1188 4918 1256 4971 do
1294 4918 1641 4996 entersionca
1687 4931 2082 4996 comat-etquae
2126 4918 2182 4969 lit
2218 4926 2375 4996 patu-

780 4987 878 5046 rali
911 4988 1122 5057 morte),
1163 4998 1350 5051 arguto
1391 4998 1445 5041 et
1488 4988 1688 5068 ironiee
1716 4987 1885 5066 inquit
1934 4988 2148 5068 Auctor.
2187 4987 2376 5068 bene,

784 5071 941 5118 exeat
985 5063 1053 5115 de
1086 5056 1334 5129 Corporis
1369 5058 1615 5140 sepulcro
1660 5056 1940 5140 lia-relictis
1980 5058 2287 5123 suscitatus,
2330 5066 2383 5140 at

784 5131 1053 5203 quomodo
1080 5126 1315 5203 febribus
1346 5139 1399 5184 et
1427 5130 1696 5203 ulceribus
1733 5126 2012 5194 obnoxius,
2049 5144 2169 5197 qum
2216 5128 2385 5184 sarci-

786 5199 907 5258 tiam
936 5201 1177 5269 corporis
1203 5210 1449 5271 arguunt.
1484 5199 1614 5255 Lsc.

858 5271 1013 5328 CAP.
1038 5268 1234 5328 XXIII.
1267 5268 1345 5345 (δ)
1377 5268 1565 5345 Qntnia
1590 5279 1911 5345 sacramenta
1940 5279 2261 5345 cognoverat.
2292 5269 2391 5323 Sa-

790 5354 1072 5400 cramonta
1114 5341 1551 5409 vocat'q'uidquid
1582 5341 1645 5396 ad
1684 5356 1863 5393 veram
1900 5356 1993 5394 seu
2044 5341 2391 5394 christianam

792 5415 951 5471 tidem
998 5416 1247 5485 pertinet.
1278 5414 1450 5481 Supra
1482 5410 1645 5474 dixit,
1691 5412 1915 5465 veritatis
1947 5412 2267 5485 _ag_nitionem
2292 5454 2304 5475 ,
2338 5420 2394 5467 et

792 5485 933 5555 infra
964 5481 1085 5539 nm
1118 5484 1277 5549 dicet,
1313 5484 1621 5555 agnitionem
1650 5482 1974 5555 sacramenti.
2015 5481 2131 5537 RtG.

867 5554 947 5627 (li)
972 5556 1052 5608 Ad
1068 5556 1288 5622 palmam
1306 5553 1754 5609 incriminationis.
1780 5553 1870 5608 Sic
1899 5554 2059 5623 igitur
2086 5554 2221 5622 apud
2248 5553 2393 5624 Apo‘

794 5628 994 5684 stultum
1022 5627 1145 5696 It‘git
1176 5627 1487 5695 Septimius,
1507 5630 1585 5679 ἰτί
1611 5633 1665 5681 τό
1682 5630 1905 5695 βραϐεῖον
1933 5640 2016 5686 τῖς
2033 5627 2359 5696 singultim»;
2381 5667 2394 5691 ,

796 5714 902 5754 non
949 5708 1004 5752 ut
1047 5697 1205 5753 hodie
1257 5698 1504 5766 legimus,
1534 5713 1621 5759 τῆς
1650 5704 1746 5749 ἄνω
1772 5703 2001 5757 adserere.
2030 5695 2146 5751 1110.

877 5767 952 5840 (c)
993 5768 1244 5840 Quoniam
1274 5771 1372 5823 nisi
1394 5768 1580 5840 venerit
1601 5768 1851 5840 abscessio
1880 5769 2078 5840 prima.
2119 5768 2269 5840 huius
2298 5767 2398 5840 uti-

804 5836 900 5906 que
930 5836 1071 5894 ἱέροηί
1123 5839 1276 5895 Pauli
1315 5839 1584 5895 sententia
1612 5848 1693 5892 est
1733 5836 1753 5890 I
1791 5837 1961 5905 Epist.
2005 5837 2071 5890 ad
2118 5837 2223 5891 Cor
2269 5839 2361 5896 VII
2386 5881 2402 5905 ,

811 5913 837 5964 ὅ
890 5931 1024 5975 «tum
1060 5938 1245 5969 emat.
1260 5928 1421 5983 Αμτνος
1447 5918 1502 5967 τὸ
1542 5911 1708 5963 λοιπὸν
1742 5914 1883 5964 ἐστιν.
1936 5906 2092 5965 Unde
2120 5908 2407 5966 Tertullia-

2478 4702 2584 4755 alio
2604 4715 2767 4754 sensu
2794 4698 3088 4757 posteriore
3109 4712 3202 4751 sua
3226 4696 3423 4754 Petrus
3447 4697 3704 4758 aftirrnat.
3731 4714 3839 4753 non
3863 4699 4077 4753 tardare

2479 4773 2619 4827 dictu
2651 4770 2880 4833 Domini,
2910 4770 2998 4840 qni
3029 4769 3235 4825 sanctis,
3255 4769 3521 4840 promissa
3549 4768 3740 4838 gaudia
3771 4785 4075 4840 repracsen-

2483 4853 2575 4897 tet.
2626 4841 2857 4911 Hujusce
2893 4839 3069 4911 autem
3107 4839 3492 4895 admonitionis
3532 4839 3910 4911 interpretatio
3949 4854 4080 4911 quo-

2482 4910 2729 4968 rumdam
2760 4927 2791 4966 e
2823 4913 2974 4977 plebe
3001 4910 3566 4967 Thcssalonicensium
3608 4910 3904 4966 christiana
3938 4910 4080 4966 men-

2489 4997 2565 5037 tes
2594 4984 2869 5047 ambiguas
2899 4983 2976 5037 sic
3010 4983 3199 5048 lenuit,
3232 4990 3291 5036 ut
3318 4984 3429 5050 jam
3458 4984 3777 5050 inciperent.
3809 4982 3961 5037 velut
3987 4999 4077 5037 ex-

2487 5056 2779 5121 spectando
2821 5055 2976 5135 fessi.
3000 5069 3123 5123 spes
3152 5068 3277 5107 suas
3308 5055 3494 5135 inanes
3521 5053 3702 5135 dicere
3725 5053 3965 5135 ,Aachc
3997 5054 4085 5135 ad:

2492 5134 2649 5179 ventu
2697 5126 2903 5177 Ilotttiui
2945 5124 3261 5192 desperare.
3298 5123 3542 5195 adeoque
3578 5124 3999 5195 sollicitantibus
4022 5128 4081 5178 ad

2493 5198 2845 5251 deiectionem
2876 5195 3184 5259 imposturis
3210 5210 3369 5250 aures
3392 5195 3653 5263 pnebere:
3682 5194 3815 5263 Quis
3850 5210 3961 5249 non
3983 5208 4063 5250 sm

2496 5278 2645 5337 peat,
2679 5267 2922 5321 homines
2954 5267 3119 5334 ipsius
3150 5264 3390 5337 Apostoli
3421 5266 3599 5321 divina
3636 5267 3895 5320 mandata
3937 5268 4083 5320 mini.

2496 5336 2716 5393 Strautis
2758 5338 3098 5419 sermonibus
3146 5336 3444 5419 impiatus,
3483 5337 3635 5419 bene
3678 5345 4083 5419 cmiceptadnnn

2498 5408 2775 5463 continere
2796 5419 2946 5488 ._tat_n
2980 5407 3191 5463 futiles?
3226 5408 3364 5477 Ergo
3388 5407 4086 5488 periculoselalmrantibus

2501 5482 2765 5535 succurrit
2798 5481 3023 5543 Paulus,
3070 5488 3327 5549 rogatque
3356 5495 3427 5533 ne
3456 5478 3737 5533 temeraria
3778 5478 4000 5531 levitate
4028 5478 4083 5530 li-

2497 5551 2619 5607 dem
2647 5567 2795 5605 suam
2812 5551 3117 5631 labefactari
3146 5551 3434 5631 patianlttr,
3457 5562 3726 5608 memores
3753 5562 4084 5631 eorumque

2500 5638 2678 5678 coram
2721 5624 2823 5676 illis
2860 5622 2924 5675 de
2953 5622 3067 5701 line
3103 5618 3304 5701 stimuli,
3329 5618 4084 5701 dequensupremij.:tdicii.tlie

2502 5694 2920 5771 disceptaverat._
2953 5692 3067 5771 Non
3097 5692 3281 5771 adfore
3311 5690 3452 5771 diem
3482 5691 3633 5746 illum
3664 5690 3882 5771 Domini
3919 5690 4082 5771 prius.-

2504 5758 2663 5834 quam
2694 5765 2948 5840 acciderit
2975 5764 3234 5840 discessio
3275 5764 3536 5840 primum.
3570 5776 3633 5840 ac
3661 5760 3892 5840 subinde
3916 5758 4079 5840 homi-

2508 5827 2594 5892 nis
2633 5835 2867 5915 peccati,
2917 5834 3148 5915 hominis
3192 5827 3742 5915 perditimtis,_l‘actio
3784 5827 4076 5885 manifesta.

2511 5908 2601 5965 Ait
2629 5902 2785 5977 igitur
2812 5905 3130 5975 Apostolus,
3158 5902 3262 5962 non
3288 5921 3407 5961 esse
3432 5903 3576 5976 quod
3602 5902 3682 5957 illi
3710 5915 4076 5957 eonnuureau-
