4250 6494
176 361 278 420 833

175 491 294 531 nem
323 475 560 532 colentes
593 474 852 530 adversus
881 473 1235 531 conditorem.
1271 475 1470 530 Bulbos
1500 484 1552 529 et
1584 474 1766 529 tubera
1795 475 1849 532 Α

176 570 228 623 in
260 578 416 625 terra:
457 567 536 640 (l)
567 567 725 623 bonis
776 567 1076 638 deputabis,
1107 567 1332 622 Domino
1359 567 1767 637 pronuntiante,

177 679 242 718 ne
293 663 342 715 in
393 676 526 731 pane
566 660 778 730 quidem
822 660 1083 714 victurum
1130 659 1420 716 hominem.
1449 659 1539 715 Sic
1563 659 1772 725 Judzei,

180 764 392 810 terrena
444 751 784 808 solummodo
836 751 1134 821 sperando,
1189 752 1428 807 coelestia
1483 753 1771 815 amittunt,

181 848 486 917 ignorantes
526 855 582 902 et
612 860 801 914 panem
840 844 908 900 de
936 844 1140 900 etelesti
1168 845 1574 914 repromissum,
1605 854 1657 900 ct
1699 842 1775 914 (a)

178 941 359 996 oleum
390 938 585 992 divina:
613 937 898 1002 unctionis,
944 947 998 992 et
1028 951 1220 1005 aquam
1252 937 1492 1005 spiritus.
1520 945 1573 990 et
1597 938 1774 990 vinunt

181 1033 260 1104 (2)
309 1033 499 1087 auium
553 1031 842 1101 vigorantis
869 1046 936 1085 ex
969 1031 1073 1084 vite
1101 1028 1319 1084 Christi.
1353 1029 1500 1084 Sicut
1523 1039 1576 1083 et
1610 1030 1776 1098 ipsam

183 1134 380 1180 terram
411 1122 970 1192 sanctam,jinlaicum
1019 1121 1232 1193 proprie
1280 1121 1489 1185 solum,
1536 1131 1781 1190 reputant

182 1233 402 1274 carnem
448 1218 624 1288 potius
671 1215 877 1270 Domini
908 1214 1384 1283 interpretandam,
1418 1228 1536 1284 qua:
1580 1213 1781 1269 exinde

184 1322 234 1365 ct
285 1312 336 1364 iu
376 1309 627 1364 omnilms
670 1307 942 1362 Christum
988 1305 1217 1371 indutis,
1266 1314 1448 1360 sancta
1495 1307 1563 1361 sit
1595 1315 1778 1360 terra:

184 1419 314 1457 vere
342 1410 522 1457 saneta
552 1399 628 1472 (b)
662 1415 753 1469 per
782 1398 1071 1454 incolatum
1118 1397 1347 1466 Spiritus
1396 1398 1614 1462 Sancti;
1659 1414 1784 1454 vere

187 1496 327 1549 lacte
373 1504 425 1548 et
459 1494 617 1548 melle
667 1507 910 1556 manans,
957 1505 1052 1560 per
1082 1491 1396 1545 suavitatem
1424 1491 1536 1560 spei
1585 1491 1780 1561 ipsius;

188 1602 318 1642 vere
347 1585 549 1646 Iudaea,
587 1599 679 1654 per
713 1582 800 1637 Dei
835 1581 1250 1637 familiaritatem
1282 1601 1293 1636 :
1325 1598 1427 1636 non
1450 1583 1589 1636 enim
1618 1584 1705 1653 qui
1732 1586 1782 1636 in

186 1677 499 1742 manifesto,
538 1674 781 1745 judicus;
829 1673 923 1729 sed
971 1674 1060 1744 qui
1093 1674 1144 1726 iu
1177 1673 1407 1728 oceulto.
1443 1673 1510 1730 Ut
1553 1684 1607 1728 et
1647 1685 1780 1729 lCllt-

186 1772 335 1840 plum
370 1769 461 1823 Dei
517 1767 596 1839 (5)
642 1765 830 1822 eadem
859 1765 948 1830 sit,
993 1773 1049 1820 et
1080 1764 1436 1830 Hierusalem,
1467 1764 1693 1820 audiens
1721 1766 1787 1821 ab

1183 359 1385 417 LIBER
1429 359 1514 416 DE
1555 355 2127 416 RESURRECTIONE
2167 356 2432 415 CARNIS.

3367 356 3473 414 856

2430 471 2658 529 CAPUT
2702 470 2914 528 XXVII.

1949 564 2216 621 Habemus
2247 565 2407 621 etiam
2441 567 2881 622 vestimentorum
2909 566 2962 620 in
2987 564 3279 636 Scripturis
3310 581 3470 622 n;cu-

1880 656 2078 712 tionem
2101 657 2167 711 ad
2198 671 2349 726 Spem
2380 657 2558 711 carnis
2585 657 2950 726 allegorizarc,
2977 656 3099 727 quia
3129 668 3182 710 et
3210 657 3473 730 Apocaly-

1880 750 1988 818 psis
2014 749 2236 804 Joannis
2275 748 2540 822 (Apocul..
2570 749 2632 802 lll
2660 760 2713 803 et
2757 747 2845 820 IV)
2875 767 2885 800 :
2911 747 2976 802 Ili
3003 759 3136 813 sunt,
3173 749 3266 812 ait,
3298 749 3368 821 (τ)
3390 751 3476 819 qui

1879 844 2170 896 vestimenta
2213 859 2305 895 sua
2350 859 2451 896 non
2492 843 2942 912 coinquinavertmt
2982 859 3097 895 eum
3143 843 3474 906 mulieribus;

1882 936 2115 1003 virgines
2135 935 2339 990 scilicet
2366 935 2695 1005 signiﬁcans,
2724 943 2778 989 et
2805 934 2892 1005 qui
2925 936 3241 1005 semetipsos
3268 946 3470 989 eastra-

1884 1037 2072 1081 verunt
2104 1035 2321 1096 propter
2348 1041 2508 1095 regna
2537 1026 2819 1081 ccelornm.
2854 1026 3037 1094 Itaque
3066 1027 3116 1080 in
3148 1026 3283 1081 albis
3323 1035 3480 1080 erunt

1884 1117 2140 1182 veStibus,
2170 1117 2218 1171 id
2246 1129 2346 1182 εει,
2395 1119 2444 1171 in
2477 1117 2717 1172 claritate
2745 1117 2824 1188 (ά)
2859 1117 3068 1172 innuba:
3107 1120 3300 1174 carnis.
3336 1120 3394 1173 Et
3427 1120 3478 1173 itt

1890 1208 2224 1279 Evangelio,
2287 1209 2654 1265 indumentum
2712 1209 2947 1279 nuptiale
3002 1212 3257 1265 sanctitas
3303 1212 3482 1266 carnis

1886 1303 2100 1370 agnosci
2132 1309 2322 1370 potest.
2353 1301 2536 1371 Itaque
2572 1301 2758 1357 Esaias
2786 1303 3010 1369 docens,
3043 1303 3482 1374 qualejejunium

1887 1395 2107 1463 elegerit
2131 1394 2404 1456 Dominus.
2430 1410 2548 1448 cum
2580 1394 2794 1461 subjicit
2820 1396 2885 1449 de
2913 1395 3159 1451 mercede
3189 1396 3441 1452 bonitatis
3466 1414 3480 1451 :

1890 1487 1958 1558 (ε)
1990 1488 2155 1554 Tunc,
2201 1489 2369 1558 inquit
2410 1488 2555 1557 (13.,
2583 1487 2740 1542 LVIII
2768 1489 2806 1556 ),
2842 1488 3008 1543 lumen
3057 1499 3199 1544 tuum
3228 1500 3483 1560 tempora-

1891 1599 2041 1636 neum
2081 1591 2327 1650 erumpet,
2375 1590 2420 1634 et
2460 1583 2751 1636 vestimenta
2779 1591 2867 1635 tua
2909 1583 3054 1637 citius
3079 1584 3304 1637 orientur
3334 1599 3351 1638 :
3381 1600 3486 1639 non

1890 1674 2218 1728 snbscricam
2252 1671 2365 1743 (II)
2400 1673 2602 1742 utique,
2639 1688 2735 1728 nec
2766 1674 3003 1743 pallium,
3037 1674 3129 1730 sed
3158 1691 3372 1729 carnem
3396 1693 3490 1730 vo-

1893 1768 2009 1822 lens
2035 1767 2226 1838 accipi,
2257 1774 2431 1820 ortum
2460 1767 2638 1821 carnis
2669 1780 3054 1822 rosuri-cetum
3082 1767 3150 1822 tle
3179 1769 3366 1824 mortis
3404 1785 3489 1824 oc-

186 1864 347 1919 Esaia
377 1862 396 1934 (
419 1861 521 1926 13.,
557 1859 682 1932 Ll):
717 1860 947 1928 Exurge,
977 1875 1185 1930 exurge,
1216 1857 1561 1923 Hierusalem,
1587 1860 1794 1916 induere
1823 1863 1870 1922 B
1899 1876 2025 1916 casu
2059 1860 2388 1930 praedicavit.
2422 1859 2569 1914 Adeo
2600 1860 2752 1914 nobis
2782 1874 2991 1930 quoque
3021 1863 3253 1932 suppetit
3289 1863 3490 1934 allego-

186 1958 268 2030 (4)
304 1956 655 2026 fortitudinem
704 1954 894 2007 brucltii
939 1953 1047 2018 tui;
1105 1969 1297 2024 exurge
1325 1955 1452 2006 sicut
1492 1955 1544 2006 in
1572 1955 1779 2021 primor-

186 2052 275 2104 dio
303 2050 404 2103 diei
444 2047 548 2120 (5);
576 2047 780 2102 scilicet
815 2047 865 2100 in
918 2046 1006 2100 illa
1051 2046 1353 2114 integritate
1398 2062 1517 2116 qua:
1547 2045 1626 2118 (ϐ)
1677 2050 1790 2103 tue-

189 2155 276 2200 rat
309 2153 432 2198 ante
459 2145 711 2199 delictum
746 2140 1202 2210 transgressionis.
1235 2139 1365 2206 Qua:
1393 2141 1534 2194 enim
1581 2141 1631 2194 in
1672 2157 1790 2196 eam

190 2234 522 2290 llierusalem
554 2248 712 2289 voces
763 2231 1024 2301 ejusmodi
1065 2241 1436 2300 competerent
1466 2230 1543 2303 (7)
1597 2232 1793 2286 exhor-

190 2328 411 2382 tationis
459 2336 514 2380 ct
561 2323 960 2388 advocationis,
993 2338 1112 2392 qua:
1158 2322 1354 2376 occidit
1398 2324 1707 2394 prephetas,
1740 2334 1794 2379 et

190 2418 449 2488 lapidavit
476 2418 540 2472 ad
565 2432 622 2473 se
653 2417 868 2477 missos.
899 2424 956 2469 et
999 2415 1171 2483 ipsum
1204 2426 1475 2484 postremo
1507 2416 1793 2474 Dominum

188 2526 350 2565 suum
377 2510 637 2564 confixit?
677 2508 781 2564 Sed
823 2522 921 2562 nec
950 2507 1042 2562 ulli
1073 2507 1293 2562 omnino
1326 2518 1485 2564 terra:
1540 2509 1618 2582 (8)
1651 2512 1795 2567 salus

191 2601 608 2673 repromittitur,
638 2615 798 2671 quam
829 2609 1102 2668 oporteret
1131 2615 1252 2653 cum
1297 2601 1456 2655 totius
1487 2604 1670 2658 mundi
1703 2603 1795 2659 ha-

193 2696 309 2751 bitu
354 2695 648 2764 pra-terim.
682 2692 888 2757 Etiam,
935 2691 978 2743 si
1029 2691 1146 2759 quis
1190 2693 1408 2747 audebit
1436 2701 1632 2750 terram
1673 2713 1794 2752 sau-

194 2800 340 2844 ctam
391 2785 697 2856 paradisum
760 2783 933 2852 potius
974 2784 1372 2852 argumentari,
1415 2801 1571 2855 quam
1624 2795 1678 2843 et
1720 2788 1798 2861 (9)

196 2895 414 2954 patrum
444 2879 547 2934 dici
573 2879 770 2948 capiat,
804 2875 935 2931 Atla:
961 2877 1164 2931 scilicet
1197 2889 1249 2930 et
1285 2877 1412 2932 Eva:
1443 2896 1458 2934 :
1493 2881 1716 2950 proinde
1745 2894 1798 2938 et

197 2979 250 3032 in
303 2972 608 3046 paradisum
653 2971 921 3025 restitutio
968 2971 1114 3024 carni
1144 2970 1410 3027 videbitur
1441 2979 1794 3045 repromissa,

195 3085 320 3140 qua:
352 3081 476 3122 cum
505 3063 738 3119 incolare
759 3069 815 3116 et
841 3060 1114 3115 custodire
1145 3063 1334 3117 sortita
1363 3075 1467 3129 est,
1500 3077 1557 3120 ut
1589 3069 1708 3124 talis
1737 3072 1798 3124 il-

196 3163 289 3216 lue
318 3159 480 3215 homo
508 3165 804 3218 revocetur,
835 3153 1007 3224 qualis
1035 3154 1156 3209 inde
1183 3155 1367 3226 pulsus
1409 3156 1526 3230 (10)
1554 3171 1654 3218 est.

1895 1955 2004 2010 rica
2034 1954 2277 2008 defensio
2318 1953 2616 2023 corporalis
2656 1954 3086 2009 resurrectionis.
3116 1955 3248 2010 Nam
3275 1966 3328 2011 et
3367 1973 3489 2014 cum

1898 2049 2123 2116 legimus
2149 2047 2165 2117 (
2191 2044 2291 2110 ls.,
2325 2043 2534 2117 XXVI)
2576 2063 2587 2098 :
2620 2044 2855 2111 Populus
2888 2063 3048 2109 meus.
3078 2047 3281 2101 introire
3311 2050 3360 2101 in
3385 2050 3491 2102 eel-

1894 2140 1972 2193 [σε
2002 2154 2206 2208 promus
2233 2139 2553 2204 qtmntnlum,
2579 2137 2738 2191 donec
2760 2138 2838 2190 ira
2861 2154 2971 2191 mea
2993 2149 3256 2208 premerent
3277 2182 3291 2206 ,
3315 2141 3496 2210 sepul-

1897 2247 1985 2286 cra
2015 2229 2342 2284 cruntcellze
2385 2245 2605 2299 promte,
2642 2231 2695 2283 in
2724 2231 2916 2300 quibus
2944 2234 3213 2302 paulisper
3255 2236 3496 2304 requies-

1896 2340 2021 2381 cere
2049 2324 2342 2391 habebunt,
2366 2325 2455 2394 qui
2489 2326 2540 2379 in
2574 2325 2765 2382 littibus
2802 2327 3008 2391 stcculi,
3056 2329 3156 2383 sub
3181 2330 3361 2384 ultima
3393 2332 3493 2397 ira,

1897 2433 1993 2489 per
2017 2417 2331 2473 Antichristi
2352 2418 2457 2472 vim
2481 2420 2834 2475 excesserint.
2859 2421 2961 2475 Aut
2980 2437 3074 2476 cur
3095 2423 3352 2478 cellarum
3374 2441 3499 2494 pro.

1900 2528 2104 2566 marum
2138 2511 2315 2580 potius
2346 2511 2606 2566 vocabulo
2638 2527 2766 2567 usus
2797 2523 2899 2579 εει,
2936 2523 2990 2569 et
3017 2530 3121 2569 non
3147 2515 3372 2588 alicujus
3394 2517 3498 2572 loci

1900 2605 2215 2675 reccptorii,
2261 2605 2361 2659 nisi
2391 2605 2514 2674 quia
2548 2603 2631 2675 (Γ)
2678 2606 2728 2659 in
2759 2607 2910 2661 cellis
2938 2609 3138 2676 promis
3183 2624 3313 2664 caro
3347 2611 3499 2664 salita

1899 2710 1954 2754 et
2002 2698 2118 2752 usui
2171 2697 2402 2766 reposita
2455 2707 2738 2765 servatur,
2801 2699 3162 2769 depromenda
3215 2702 3363 2757 illinc
3404 2718 3504 2759 suo

1903 2790 2180 2861 tempore?
2217 2787 2446 2843 Proinde
2490 2790 2632 2844 enim
2679 2799 2734 2845 et
2772 2806 2999 2859 corpora
3031 2794 3290 2850 medicata
3321 2795 3506 2850 cotidi-

1903 2884 2098 2939 mentis
2127 2880 2440 2952 sepultum,
2473 2882 2762 2937 tuausoleis
2790 2893 2843 2937 et
2873 2888 3242 2941 monumentis
3280 2902 3503 2956 seques-

1904 2988 2131 3039 trantur,
2165 2987 2477 3044 processura
2505 2973 2629 3029 inde
2655 2991 2776 3028 eum
2799 2976 3019 3045 jusserit
3050 2979 3325 3034 Dominus.
3351 2980 3502 3046 Quod

1903 3085 2022 3126 cum
2048 3069 2117 3121 ita
2151 3064 2374 3133 intelligi
2405 3075 2694 3134 congruat;
2724 3076 2912 3136 ctqmc
2939 3069 3081 3122 enim
3113 3070 3179 3124 ab
3203 3071 3276 3124 ira
3306 3071 3396 3125 Dei
3428 3071 3507 3140 (ῃ)

1833 3165 1877 3228 C
1911 3160 2248 3222 cellariorum
2270 3172 2366 3212 nos
2389 3155 2590 3227 refugio
2625 3158 2949 3214 servabunt?
2968 3157 3073 3216 hoc
3093 3162 3207 3233 ipso
3227 3163 3365 3234 quod
3394 3163 3511 3235 (l2)

1517 3300 1900 3368 LECTIONES
1925 3293 2344 3362 VABIAN'I‘ES.

267 3414 343 3479 tl)
378 3415 532 3479 Terra
562 3411 703 3479 tmen.
730 3408 881 3461 Seml.

270 3474 344 3545 ('2')
379 3477 555 3546 Vinum
577 3475 799 3546 spiritus,
825 3479 1071 3546 et'aquam
1101 3477 1220 3526 Ven.
1260 3474 1435 3540 Rigalt.
1474 3480 1582 3532 cod.
1624 3482 1802 3537 Pitlue.

201 3535 399 3600 Aq‘uam
422 3535 621 3600 spiritus
645 3535 840 3600 etabest
873 3535 1023 3600 Fran.

293 3602 348 3715 ii
381 3594 692 3713 Rﬁlﬂbﬁi’w‘i
704 3594 869 3710 ’ίὲἓῖἔίι
879 3595 1029 3648 se”

271 3667 324 3728 (4
382 3667 532 3713 Indue
559 3667 707 3712 Rhea.
735 3667 884 3712 Semt.

386 3725 494 3794 Diei
519 3726 651 3794 abest
671 3720 870 3794 a_Rlien.
896 3721 1048 3774 Serul.

273 3783 348 3854 (ὃ)
387 3789 492 3849 Qua
515 3783 666 3839 Rhea.
692 3786 841 3837 Semt.

1997 3418 2047 3472 7)
2085 3413 2375 3472 Competent
2398 3410 2539 3472 Pam.
2560 3406 2710 3459 IUten.

1997 3421 2022 3468 7
2085 3420 2375 3472 tiompetent
2398 3420 2539 3457 ram.
2560 3420 2710 3459 tmen.

1975 3420 2047 3542 (Β)
2083 3476 2254 3542 '_I_‘err:e
2272 3468 2570 3542 (Σῦρμα-1119.
2600 3475 2717 3521 l'en.

1997 3534 2048 3592 9)
2084 3538 2241 3588 Etiam
2266 3536 2408 3583 Puni.
2439 3534 2592 3583 Fran.

1999 3594 2077 3664 Ib)
2117 3595 2370 3664 pepulsus
2391 3594 2494 3664 alii.

2001 3618 2018 3655 ι
2064 3618 2077 3664 )
2120 3618 2370 3658 υενυιδυδ
2391 3618 2494 3645 mu.

2001 3618 2075 3726 1?)
2112 3660 2421 3726 Subscribam
2449 3653 2591 3708 Itlten.
2620 3658 2924 3711 subserivam
2946 3668 3058 3711 Jun.

2002 3722 2074 3789 12)
2111 3722 2218 3782 Quo
2244 3728 2390 3770 Fran.

1607 3893 2166 3956 COMMENTARIUS.

288 4039 367 4111 (a)
399 4038 579 4095 Oleum
607 4038 790 4093 divina:
815 4036 1064 4092 unctionis
1085 4077 1098 4101 ,
1145 4044 1251 4091 etc.
1285 4036 1516 4111 Delicias
1555 4036 1805 4111 Ecclesiae

207 4108 488 4178 recenset,
535 4112 635 4166 tria
681 4111 932 4164 nimirum
982 4118 1337 4168 sacramenta.
1393 4108 1801 4170 Eucharistiam,

209 4186 526 4240 Extremam
558 4184 885 4246 unctionem,
927 4179 1274 4249 Baptismum.
1305 4179 1532 4236 Easdem
1565 4189 1811 4234 recenset

209 4257 312 4311 lib.
344 4253 364 4308 l
392 4255 507 4307 adv.
541 4253 870 4314 Marcionem,
901 4265 1015 4318 cap.
1051 4249 1156 4305 M:
1188 4251 1295 4306 Sed
1317 4253 1401 4305 ille
1429 4252 1630 4318 quidem
1658 4267 1812 4320 usque

211 4343 357 4380 nunc
381 4342 470 4380 nec
496 4340 677 4393 aquam
704 4321 1008 4393 reprobauit,
1035 4337 1154 4393 qua,
1172 4338 1290 4376 suos
1320 4322 1499 4385 abluit,
1531 4339 1619 4376 nec
1645 4321 1812 4376 oleum

210 4414 318 4469 quo
350 4412 468 4449 suos
499 4392 659 4469 ungit.
685 4392 774 4469 nec
802 4408 983 4469 partem
1017 4406 1115 4456 quo
1140 4392 1306 4469 ipsum
1343 4409 1525 4462 corpus
1554 4410 1703 4469 stium
1734 4409 1813 4445 re-

212 4463 517 4538 praesentat.
570 4463 783 4538 Accepit
837 4463 1089 4538 animone
1105 4463 1413 4531 vigorantem
1467 4478 1560 4538 pro
1593 4463 1817 4533 vigorem

211 4532 573 4610 accipientem2
605 4532 876 4610 passivum
919 4532 1275 4605 signiﬁcatum
1307 4551 1401 4604 pro
1426 4535 1620 4599 activo,
1649 4532 1706 4588 tit
1732 4548 1816 4587 so-

219 4611 300 4666 let
325 4606 634 4666 aliquando.
666 4606 796 4662 an.

296 4678 379 4752 (b)
407 4674 514 4752 Per
528 4679 804 4752 incoltttmn
827 4674 1274 4752 $piritus_Sancti_.
1292 4675 1554 4752 Incolatus
1575 4685 1654 4752 est
1677 4675 1824 4752 urbs,

215 4746 380 4820 cujus
431 4751 552 4820 quis
602 4764 708 4803 non
755 4747 925 4820 civis,
974 4747 1066 4820 sed
1125 4747 1295 4820 incola
1345 4758 1445 4820 est.
1499 4746 1827 4820 Modesdnus

219 4825 260 4878 I.
283 4817 461 4878 XXXI
473 4822 532 4887 V,
567 4821 628 4876 D.
649 4823 710 4874 de
725 4835 831 4872 mu.
846 4818 964 4871 Itan.
981 4817 1228 4871 :iucolant
1249 4833 1364 4872 vero
1380 4819 1690 4872 domicilium
1712 4817 1834 4887 facit

219 4895 260 4949 1.
298 4891 390 4952 IlI.
415 4891 476 4948 C.
507 4892 569 4944 de
593 4892 748 4945 incol.
777 4889 971 4945 Verum
1003 4899 1058 4943 ut
1087 4887 1327 4944 Alciatus
1353 4888 1421 4943 de
1445 4890 1729 4944 verborum
1759 4889 1830 4941 si-

217 4965 361 5036 gttil'.
389 4962 607 5034 inquit,l
618 4963 764 5016 ncola
777 4960 980 5030 proprie
994 4970 1087 5036 est,
1114 4960 1222 5036 qui,
1243 4976 1358 5014 cum
1382 4961 1577 5036 aduena
1606 4968 1751 5036 esset,
1776 4959 1829 5012 in

219 5029 735 5106 aliquant-civitatem
761 5029 817 5086 eu
847 5029 1010 5084 mente
1039 5030 1506 5106 ltabitatunrpenit,
1544 5041 1594 5083 ut
1716 5046 1830 5106 per-

225 5099 385 5178 petuo
407 5107 493 5178 sit,
522 5118 867 5178 summumque
891 5117 1296 5178 l:et‘ttllt_8ttat'ttttt
1320 5102 1389 5178 ibi
1417 5103 1614 5155 habeat.
1644 5099 1832 5154 Merito

226 5171 395 5248 igitur
432 5176 490 5232 S.
522 5174 1041 5248 Spiritusincolatus
1068 5171 1165 5226 fuit
1207 5172 1482 5248 Christus;
1512 5183 1832 5248 perpetuum

226 5243 501 5319 siquidem
549 5243 879 5319 domicilium
928 5258 1196 5319 nunquam
1245 5244 1610 5299 intermissum
1665 5243 1716 5297 in
1768 5255 1833 5296 co

227 5314 488 5389 deposuit
512 5317 676 5389 pleno
703 5316 922 5371 ﬂuento.
957 5314 1088 5369 an.

309 5382 391 5461 (ς)
424 5382 524 5454 Qui
557 5388 849 5461 uestimenta
877 5402 981 5461 sua
1010 5402 1110 5440 non
1141 5385 1607 5461 coinquinaverunt.
1652 5382 1837 5461 Miscet

229 5454 536 5531 Scriptura:
564 5458 795 5531 diversa,
820 5467 875 5512 ut
903 5457 1042 5531 solet
1065 5454 1466 5524 nonnunquam,
1487 5454 1716 5531 loc_a,vel
1743 5468 1837 5522 po-

229 5534 346 5588 tius
366 5525 566 5585 'alludit
607 5529 674 5584 ad
704 5529 912 5585 diversa
944 5529 1060 5582 loca
1105 5543 1173 5582 ex
1201 5542 1445 5598 quorum,
1465 5525 1645 5598 verbis
1679 5539 1836 5598 comg

229 5602 414 5674 pingit
440 5601 653 5674 tertiam
681 5599 1004 5674 sententiam
1035 5595 1312 5669 explicans
1339 5597 1504 5654 verba
1548 5595 1702 5650 unius
1730 5595 1838 5650 loci

232 5669 604 5747 ᾑθιῖίᾳιιεξιοίυδ⁸
619 5671 798 5728 verba.
836 5669 967 5747 Lac:

314 5744 398 5816 (d)
444 5742 662 5798 lunuba:
708 5745 892 5796 curuis.
941 5741 1226 5811 Virginem,
1253 5738 1419 5797 codex
1450 5737 1591 5864 Ρίίῖὶ.
1632 5736 1834 5791 inuubc.

1587 5825 1654 5864 ιο.

1587 5825 1654 5865 IG.

318 5887 394 5961 (ε)
427 5886 591 5953 Tunc,
617 5885 797 5956 inquit,
829 5886 992 5941 lumen
1021 5893 1161 5940 tuum
1194 5893 1571 5954 temporaneum
1590 5889 1835 5952 erumpet.

1916 4033 2083 4088 Vertit
2113 4031 2314 4086 Auctor
2341 4030 2491 4084 lsaize
2523 4027 2682 4083 LVIII
2725 4037 3123 4097 temporaneum,
3161 4045 3256 4101 pro
3285 4047 3347 4088 co
3375 4034 3518 4101 quod

1913 4107 2001 4160 alii
2050 4104 2376 4156 matutinum.
2402 4101 2714 4173 Gratcavox
2749 4109 2959 4168 πρώϊμον
2993 4117 3195 4170 praecox
3235 4103 3517 4173 signiticat.

1921 4174 2124 4230 Deinde
2161 4174 2287 4242 legit
2332 4177 2527 4243 ipo’cgur,
2563 4170 2613 4243 id
2645 4178 2727 4224 est
2753 4175 3097 4243 vestimenta,
3150 4187 3246 4242 pro
3272 4170 3338 4228 eo
3379 4177 3520 4243 quod

1915 4248 2073 4318 grarci
2101 4241 2314 4300 codices
2348 4242 2613 4318 hodierni,
2641 4249 2695 4294 ct
2719 4241 2928 4318 quidam
2963 4241 3202 4318 veterum
3231 4241 3437 4318 ξάματᾴ,
3469 4247 3521 4300 id

1917 4311 1998 4373 cst
2039 4318 2368 4372 curaliOnCS.
2418 4314 2618 4383 Duplex
2666 4320 2749 4366 est
2793 4311 2948 4383 ltujtts
2979 4312 3080 4367 loci
3128 4315 3323 4382 lectio,
3358 4322 3522 4371 etiam

1918 4387 2059 4457 apud
2112 4387 2363 4442 Greeos:
2417 4382 2935 4457 namAeonsentiunt
2989 4383 3355 4453 Tertulliano,
3415 4406 3521 4442 non

1924 4453 2082 4513 modo
2109 4459 2167 4512 Β.
2215 4453 2657 4529 Cyprianus._lib.
2705 4453 2768 4506 de
2793 4454 3024 4529 eleemos.
3061 4466 3108 4529 et
3146 4459 3396 4529 operibus,
3425 4461 3524 4511 sub

1847 4556 1898 4616 Β
1926 4525 2272 4616 principium,
2298 4525 2361 4582 ac
2395 4527 2486 4580 lib.
2519 4525 2989 4616 (ξε-,ξι-ιιι..ςίρηιξςίἰ
3020 4525 3341 4616 Sttb'ﬁnent,
3381 4542 3432 4584 et
3463 4530 3521 4583 ll.

1936 4595 2262 4669 Augustinus
2312 4595 2679 4669 θρηνεῖ-172]
2749 4597 2858 4669 ξράᾷ
2891 4597 3051 4651 etiam
3082 4597 3521 4669 Chrysostomns.

1938 4666 2082 4726 hom.
2117 4671 2204 4736 55,
2231 4671 2281 4723 in
2310 4687 2425 4735 cup.
2458 4667 2579 4738 XVI
2611 4666 2800 4720 Matth.
2833 4667 2907 4721 De
2927 4682 3034 4737 quo
3062 4666 3357 4738 vide-plura
3385 4673 3524 4736 apud

1938 4742 2169 4796 Leonem
2199 4741 2444 4795 Castrum
2478 4742 2529 4792 in
2563 4737 2786 4800 Isaiam;
2831 4738 2918 4792 ubi
2943 4740 3101 4793 etiam
3130 4737 3222 4794 eos
3252 4743 3338 4808 qui
3371 4743 3526 4795 aliter

1938 4815 2136 4884 legunt.
2170 4812 2342 4884 locum
2377 4812 2516 4865 hunc
2544 4809 2782 4865 ostendit
2823 4808 2891 4864 de
2921 4812 3313 4866 resurrectione
3361 4813 3526 4868 inter-

1939 4885 2154 4955 pretari.
2189 4883 2324 4955 Pan.

2012 4957 2076 5026 (t)
2105 4952 2170 5006 In
2198 4953 2353 5026 cellis
2375 4951 2564 5021 promis
2589 4951 2901 5026 caro_snl_ita.
2931 4950 3073 5026 Quas
3104 4950 3190 5026 hic
3218 4953 3381 5008 cellas
3403 4970 3528 5011 mox

1938 5020 2078 5080 dicet
2106 5025 2342 5087 cellaria,
2373 5020 2480 5091 quo
2509 5023 2767 5075 vocabulo
2794 5021 3054 5090 Sulpitius
3099 5020 3329 5078 Severus
3362 5029 3528 5079 utitur

1940 5097 2032 5151 lib.
2058 5095 2100 5150 ll
2135 5095 2269 5148 Hist.
2288 5110 2415 5158 sua,
2445 5094 2529 5146 tibi
2555 5093 2621 5147 de
2643 5093 2920 5162 Episcolus
2948 5094 3241 5148 Ariminum
3265 5111 3529 5150 convoca—

1941 5168 2008 5221 tis
2041 5190 2052 5222 ;
2087 5166 2277 5232 Quibus
2308 5164 2558 5225 omnibus,
2608 5164 2798 5233 inquit,
2827 5180 3058 5218 annonas
3091 5175 3136 5217 et
3169 5166 3375 5220 cellaria
3405 5168 3530 5222 dare

1941 5236 2228 5308 Imperator
2254 5245 2577 5308 pt'a'cepct'trt.
2594 5235 2725 5308 1116.

2013 5305 2088 5381 ('g)
2127 5307 2485 5381 Celluriormn.
2514 5307 2795 5360 Cellarium
2830 5305 3042 5381 proprie
3068 5307 3253 5381 esuin
3285 5325 3390 5376 quo
3412 5311 3528 5364 eol-

1942 5377 2174 5448 ligiuitur
2202 5377 2498 5448 ministeria
2524 5390 2826 5430 mensarum
2845 5378 2965 5448 Lv'el
3005 5395 3121 5442 «pne
3149 5380 3307 5434 victui
3339 5396 3528 5434 unt-es-

1941 5445 2077 5506 saria
2110 5459 2414 5518 supersunt.
2461 5445 2562 5501 Sed
2603 5448 2666 5501 ad
2700 5463 2813 5500 rem
2847 5447 3160 5502 Tertulliani
3190 5451 3527 5506 observatum

1942 5534 2018 5576 est
2043 5521 2352 5583 discrimen,
2381 5519 2514 5573 inter
2542 5520 2964 5588 promptuarium
2995 5526 3047 5571 rt
3066 5519 3363 5578 cellarium.
3389 5523 3529 5587 quod

1944 5593 1996 5647 in
2042 5594 2141 5645 hoc
2172 5591 2506 5659 deponantur
2533 5606 2650 5657 qua:
2693 5604 2981 5657 paucorum
3026 5589 3232 5642 dierum
3275 5608 3426 5657 sunt;
3476 5595 3528 5647 in

1943 5663 2314 5732 promptuario
2366 5675 2492 5714 vero
2534 5676 2652 5728 quae
2699 5661 3161 5732 longitemporis.
3201 5660 3378 5728 Quare
3423 5679 3528 5718 non

1944 5731 2249 5790 diuturnam
2280 5733 2390 5785 fore
2414 5741 2640 5785 mortetn
2666 5745 2760 5799 per
2787 5731 2984 5784 cellarii
3013 5732 3327 5785 vocalmlum
3351 5733 3528 5787 admo-

1945 5808 2058 5860 nuit
2103 5804 2487 5858 Tcrlttlliatius.
2543 5801 2702 5856 Vocis‘
2727 5802 2921 5853 cellarii
2951 5803 3191 5856 meminit
3232 5803 3289 5858 S.
3331 5803 3533 5872 Grego-

1945 5880 2054 5933 rius
2085 5877 2219 5946 Mag.
2254 5875 2342 5930 lib.
2379 5873 2440 5941 ll,
2473 5873 2577 5926 dial
2612 5916 2623 5939 ,
2653 5888 2770 5942 cap.
2805 5872 2874 5926 28
2902 5891 2913 5925 :
2939 5871 3238 5940 Monac/tus,
3263 5875 3348 5944 qui
3379 5871 3531 5932 cella-
