4250 6494
759 373 866 435 835

2216 372 2675 432 TERTULLIANI

3942 365 4040 428 858

757 497 848 558 ait,
901 491 1059 550 donec
1106 491 1186 548 ira
1241 497 1528 565 printereat,
1586 506 1704 564 quas
1741 490 2018 564 extinguet
2082 492 2346 548 Anticliri—
2375 494 2428 553 Α
2454 508 2598 560 care,
2627 491 2955 550 contrarium
2979 492 3114 565 ejus,
3142 499 3290 551 carni
3311 489 3544 552 animam
3568 493 3771 553 referre
3788 504 3905 560 est;
3928 511 4046 552 caro

755 598 919 653 stum,
950 596 1069 655 post
1093 587 1224 641 iram
1254 586 1488 642 ostendit
1516 600 1888 656 processuram
1916 600 2134 640 carnem
2162 584 2229 639 de
2264 599 2348 640 se-

755 679 942 750 pulcro
979 676 1080 751 (l),
1113 678 1293 748 inquo
1337 687 1460 733 ante
1491 678 1622 731 iram
1658 676 1813 731 luerit
1844 678 2008 732 illata.
2051 677 2180 730 Nam
2205 677 2348 731 etde

753 771 986 828 cellariis
1033 787 1139 824 non
1172 770 1312 825 nliml
1344 769 1587 832 cli'crt'ur,
1620 785 1779 839 quam
1805 769 1943 839 quod
1993 768 2252 832 infertur;
2294 777 2349 822 ct

755 873 874 935 post
901 862 1213 919 Antichristi
1241 863 1658 918 eratlicatioucm
1685 863 1972 932 agitabitur
2001 865 2344 918 remrrectio.

1285 953 1513 1010 CAPUT
1557 953 1791 1008 XXVIII.

825 1046 1036 1101 Scimus
1077 1051 1277 1108 autem,
1304 1046 1444 1100 sicut
1475 1043 1716 1109 vocibus,
1739 1045 1820 1098 “ita
1849 1054 1904 1099 et
1934 1045 2092 1100 rebus
2125 1044 2350 1116 prophe-

752 1146 931 1194 tarum
962 1179 977 1202 ,
1010 1146 1115 1192 tam
1155 1137 1329 1208 pictis,
1360 1152 1518 1206 quam
1547 1147 1602 1192 ct
1629 1138 1782 1192 factis
1815 1137 2131 1206 [)I‘;l.‘tIlC:tllll‘
2172 1155 2346 1194 resur-

753 1234 942 1289 rectio.
973 1230 1105 1287 Cum
1139 1230 1347 1302 Moyses
1377 1245 1591 1285 manum
1620 1230 1671 1284 in
1714 1231 1888 1285 sinum
1933 1231 2135 1298 condit,
2177 1231 2254 1304 (α)
2294 1240 2350 1287 ct

751 1337 1050 1381 eniortuam
1084 1323 1306 1394 profert,
1349 1321 1425 1397 (b)
1449 1335 1505 1380 et
1532 1339 1719 1379 rursus
1751 1326 2002 1387 insinuat.
2036 1333 2091 1380 et
2117 1327 2346 1381 vividam

750 1416 1002 1488 explicat,
1035 1433 1214 1472 nonne
1247 1417 1346 1470 hoc
1368 1416 1435 1470 de
1463 1423 1573 1470 toto
1602 1415 1820 1472 homine
1846 1417 2148 1486 portendit?
2173 1417 2347 1488 Siqui-

749 1509 870 1564 dem
916 1509 1051 1564 trina
1081 1511 1252 1564 virtus
1282 1509 1397 1572 Dei,
1448 1524 1542 1578 per
1574 1509 1662 1562 illa
1696 1509 1830 1564 tt'ina
1873 1512 2024 1580 signa
2055 1511 2346 1566 denotaba-

751 1609 836 1656 tur
878 1599 959 1675 (2)
1001 1616 1120 1656 cum
1150 1617 1248 1657 suo
1275 1601 1463 1656 ordine
1487 1619 1499 1653 :
1525 1602 1700 1672 primo
1719 1601 1988 1657 diabolum
2017 1614 2344 1674 serpentem,

748 1709 1053 1764 quanquam
1093 1691 1484 1748 formidabilem
1510 1735 1526 1758 ,
1557 1693 1842 1748 subactura
1885 1693 2118 1758 homini;
2151 1695 2346 1751 dehinc

747 1798 964 1840 Carnem
1013 1785 1082 1840 dc
1127 1784 1244 1839 sinu
1301 1786 1487 1839 mortis
1545 1794 1841 1840 relraclura
1894 1785 2005 1860 (5),
2053 1797 2213 1858 atque
2274 1789 2344 1844 ita

2463 597 2706 658 resurgat
2737 602 2961 643 necesse
2985 597 3088 653 est,
3117 587 3202 641 cui
3241 588 3414 642 anima
3448 604 3541 658 per
3567 590 3896 645 occisionem
3934 603 4046 643 crc-

2451 689 2559 751 pta,
2595 679 2875 735 referenda
2906 689 2988 735 est
3015 696 3110 751 per
3143 681 3576 736 viriticatiooem.

3009 771 3238 828 CAPUT
3288 772 3486 828 XXIX.

2522 860 2710 932 Igitur,
2740 863 2783 916 si
2812 874 2861 917 et
2888 861 2962 936 (e)
2997 862 3298 933 allegoriae
3326 866 3624 933 scripturae,
3653 874 3708 919 et
3735 875 4042 934 argumenta

2452 970 2653 1018 rerum,
2703 963 2759 1008 el.
2799 955 3074 1024 simplices
3121 970 3300 1016 votes,
3351 960 3803 1010 resurrectionem
3851 957 4042 1023 carnis,

2450 1061 2772 1116 quamquam
2805 1047 2920 1100 sine
2953 1046 3318 1101 nominatione
3349 1047 3516 1115 ipsius
3545 1049 3859 1102 substantire
3879 1089 3894 1113 ,
3929 1046 4048 1099 sub-

2451 1140 2662 1194 radiant
2719 1137 2837 1212 (7);
2878 1149 3077 1209 quanto
3109 1139 3298 1209 tmtgis,
3333 1156 3450 1208 quo
3509 1140 3646 1194 lianc
3685 1141 3924 1210 speciem
3973 1136 4044 1210 (8)

2451 1234 2502 1287 in
2533 1234 2674 1303 ipsas
2704 1233 3034 1288 substantias
3063 1233 3372 1302 corporales
3402 1233 3619 1303 speciali
3647 1233 3924 1286 mentione
3963 1232 4048 1284 de-

2452 1327 2760 1391 terminaut,
2787 1341 2891 1380 non
2915 1333 3074 1379 erunt
3094 1324 3423 1379 tleducendm
3448 1326 3498 1377 in
3522 1325 3875 1392 quaestionem
3905 1327 3918 1376 ι
3951 1325 4044 1378 Ac-

2449 1419 2568 1488 cipe
2587 1418 2917 1472 Ezecliielem
2933 1417 2949 1486 (
2964 1416 3172 1483 Ezecli.,
3187 1415 3454 1483 XXXVII)
3479 1435 3490 1469 :
3511 1415 3576 1469 Et
3591 1422 3834 1487 (ortaest,
3855 1415 4044 1484 inquit,

2448 1528 2600 1581 super
2613 1528 2689 1564 me
2702 1528 2882 1564 manus
2900 1509 3370 1576 Dontini,ete:rtulit
3397 1525 3472 1560 nte
3498 1509 3550 1561 in
3565 1509 3745 1578 spiritu
3771 1507 4042 1569 Dentium,

2449 1613 2498 1657 et
2528 1605 2694 1670 posuit
2717 1620 2795 1656 nte
2814 1603 2867 1656 in
2889 1604 3055 1655 medio
3093 1603 3260 1671 campi
3299 1617 3318 1655 :
3357 1602 3400 1654 is
3430 1611 3536 1654 erat
3568 1602 3762 1655 ossibus
3790 1604 4011 1670 refertus
4030 1641 4042 1663 ,

2451 1705 2494 1748 et
2521 1694 2860 1747 circumduxit
2889 1711 2966 1747 me
2989 1711 3142 1761 super
3168 1709 3226 1745 ea
3257 1709 3347 1762 per
3372 1692 3676 1757 circuitum;
3708 1705 3751 1744 et
3781 1709 3895 1745 erce
3923 1693 4048 1746 utul-

2451 1797 2502 1841 ta
2547 1803 2699 1856 super
2730 1789 2912 1859 facient
2941 1788 3138 1857 campi,
3185 1795 3231 1839 et
3261 1802 3373 1839 ecce
3401 1786 3550 1838 arida
3581 1785 3724 1838 satis.
3779 1784 3844 1837 Et
3873 1786 3950 1837 ait
3977 1785 4042 1837 ad

747 1892 961 1932 omnem
984 1877 1296 1948 sanguinem
1335 1887 1653 1934 exsecutum
1683 1876 1764 1952 (4)
1791 1879 2008 1949 judicio.
2045 1879 2117 1954 (c)
2149 1883 2221 1938 De
2241 1898 2348 1952 quo
2377 1886 2424 1946 Β
2451 1895 2532 1932 me
2566 1895 2584 1932 :
2615 1877 2721 1932 Fili
2743 1879 2981 1939 hominis,
3016 1879 3058 1931 si
3091 1879 3272 1941 virent,
3297 1895 3410 1931 ossa
3440 1877 3536 1930 ista
3560 1878 3585 1929 .9
3626 1875 3692 1930 Et
3719 1878 3829 1930 dixi
3860 1892 3880 1930 :
3912 1877 4049 1929 Ado-

744 1968 883 2039 apud
909 1969 1157 2024 eumdem
1183 1968 1474 2039 propheten
1498 1968 1578 2042 (5)
1625 1968 1644 2042 (
1665 1969 1815 2033 Gem.
1841 1972 1914 2027 IX
1936 1972 1954 2046 )
1975 1991 1987 2026 :
2007 1974 2258 2041 Quoniam
2291 1986 2338 2030 et

744 2071 984 2128 rastrum,
1015 2062 1184 2132 inquit
1214 2062 1375 2128 Deus,
1400 2064 1696 2133 sanguinein
1723 2066 1983 2135 exquirant
2015 2067 2078 2120 de
2106 2069 2337 2125 omnibus

743 2152 934 2219 bestiis,
962 2160 1009 2205 et
1035 2152 1098 2206 de
1123 2167 1276 2207 manu
1315 2153 1558 2220 hominis,
1591 2165 1637 2208 et
1667 2155 1732 2209 de
1759 2173 1912 2210 manu
1941 2159 2115 2226 fratris
2157 2161 2333 2229 exqui-

742 2262 854 2299 ram
887 2261 1024 2300 eum.
1070 2245 1237 2300 Porro
1282 2245 1413 2300 nihil
1445 2247 1765 2318 exquiritur,
1801 2251 1898 2304 nisi
1927 2251 2068 2320 quotl
2103 2253 2336 2321 reposci-

745 2347 858 2403 tnr;
904 2335 1037 2394 nihil
1080 2339 1408 2409 reposcitur,
1443 2341 1542 2394 nisi
1577 2341 1716 2410 quod
1749 2353 1799 2395 et
1833 2343 2106 2398 reddetur.
2142 2345 2204 2398 Et
2231 2346 2335 2410 uti,-

741 2447 846 2499 que
874 2430 1128 2486 reddetur
1151 2432 1290 2501 quod
1317 2432 1533 2486 ultionis
1567 2434 1781 2487 nomine
1816 2446 2128 2502 reposcetur
2149 2447 2204 2493 et
2243 2453 2338 2492 ex-

741 2523 1000 2592 quiretur.
1033 2521 1216 2590 Neque
1242 2523 1385 2576 enim
1435 2523 1688 2578 vindicari
1725 2527 1920 2592 poterit
1946 2527 2087 2594 quod
2115 2531 2335 2583 omnino

741 2629 846 2666 non
890 2615 1066 2669 luerit.
1103 2614 1217 2668 Erit
1244 2624 1421 2668 autem
1463 2615 1587 2669 dum
1623 2617 1951 2684 restituitur,
1987 2619 2058 2672 uti
2101 2621 2335 2676 vindice-

741 2715 843 2761 tur.
875 2706 926 2760 ln
947 2723 1160 2762 carnem
1186 2708 1361 2778 itaque
1381 2707 1644 2778 dirigitur,
1662 2710 1912 2778 quicquid
1938 2713 1988 2765 in
2019 2715 2330 2782 sanguinem

738 2797 1077 2866 praedicatur,
1123 2799 1238 2852 sine
1264 2815 1365 2868 qua
1393 2815 1498 2852 non
1530 2802 1630 2854 erit
1658 2802 1896 2870 sanguis.
1929 2803 2068 2857 Caro
2108 2806 2336 2858 suscita-

737 2890 904 2957 bitur,
935 2902 991 2944 ut
1016 2891 1234 2962 sanguis
1259 2891 1579 2948 vindicetur.
1605 2892 1811 2947 Suntet
1837 2894 2082 2963 quaedam
2106 2895 2177 2950 ita
2202 2913 2331 2967 pro—

737 2985 1000 3050 nuntiata,
1032 2991 1088 3038 ut.
1111 2984 1381 3054 allegoriae
1406 2984 1621 3054 quidem
1658 2985 1839 3040 nubilo
1870 2997 2108 3053 careant,
2134 2991 2328 3044 nibilo-

735 3080 912 3133 minus
943 3087 1122 3132 tamen
1149 3077 1313 3147 ipsius
1342 3077 1701 3147 simplicitatis
1728 3093 1840 3133 sua:
1869 3082 2051 3134 sitiant
2073 3082 2330 3152 interpre-

735 3171 987 3226 tationem
1013 3188 1026 3225 :
1055 3167 1135 3242 (ά)
1162 3170 1319 3240 quale
1339 3177 1420 3224 est
1440 3170 1578 3238 apud
1609 3171 1838 3235 Esaiam,
1872 3171 1982 3243 Ego
2004 3174 2250 3237 occidam,
2281 3186 2329 3230 et

2442 1972 2531 2024 nai
2562 1967 2807 2033 Domine,
2834 1980 2886 2022 tu
2917 1969 3033 2023 sris.
3073 1968 3136 2022 Et
3175 1970 3246 2022 ait
3291 1969 3360 2020 ad
3409 1985 3486 2022 me
3519 1985 3537 2021 :
3571 1967 3832 2039 Propheta
3863 1969 3917 2021 in
3939 1986 4051 2023 ossa

2441 2063 2577 2124 haec.
2608 2072 2655 2116 et
2684 2063 2822 2116 dices
2868 2078 2886 2116 :
2921 2060 3051 2115 Ossa
3103 2061 3273 2127 arida,
3303 2061 3478 2114 audite
3505 2078 3784 2114 sermonent
3817 2060 4046 2116 Domini.

2444 2153 2570 2207 ch
2598 2153 2718 2206 dicit
2762 2151 3017 2208 Dmtinus
3067 2151 3275 2206 Δάοιιαί
3325 2153 3523 2206 ossibus
3564 2153 3673 2206 istis
3718 2167 3736 2205 :
3785 2152 3921 2206 Ecce
3964 2171 4049 2223 ego

2439 2245 2602 2311 a/l'ero
2623 2248 2675 2301 in
2704 2261 2792 2300 ros
2820 2247 3074 2315 spiritum,
3095 2257 3140 2297 et
3163 2245 3352 2310 vivetis,
3372 2253 3418 2297 et
3445 2244 3578 2296 dabo
3604 2245 3653 2297 in
3678 2259 3766 2297 vos
3788 2245 4044 2313 spiritum,

2439 2350 2485 2393 ct
2505 2341 2741 2393 reducam
2760 2340 2810 2390 in
2829 2354 2916 2391 vos
2954 2336 3035 2408 (9)
3072 2354 3270 2402 carnes,
3304 2347 3348 2389 et
3389 2336 3713 2390 circumdabo
3750 2337 3894 2390 vobis
3939 2337 4046 2408 (10)

2438 2444 2622 2495 cutem,
2657 2444 2701 2487 et
2724 2433 2853 2486 dabo
2874 2434 2926 2484 in
2952 2432 3090 2485 vobis
3128 2433 3383 2500 spiritum,
3415 2441 3461 2484 et
3489 2431 3659 2484 vieetis
3706 2431 3760 2500 (I
3780 2433 3854 2500 ι),
3892 2442 3940 2485 et
3969 2449 4045 2485 co-

2440 2525 2689 2596 gnoscetis
2733 2525 2868 2594 quod
2891 2541 2982 2593 ego
3007 2523 3277 2577 Dominus.
3313 2521 3379 2576 Et
3405 2523 3705 2592 pt'opltetavi
3758 2522 4039 2577 secundum

2438 2627 2766 2687 praeceptum,
2798 2626 2844 2670 et
2863 2633 2973 2670 ecce
3001 2632 3115 2682 rex,
3135 2616 3253 2668 dum
3274 2615 3540 2685 propheta.
3571 2627 3618 2669 et
3642 2632 3756 2669 ecce
3782 2627 3974 2681 motus,
3999 2626 4045 2668 et

2437 2712 2742 2764 accedebant
2781 2728 2898 2764 ossa
2942 2710 3011 2762 ad
3058 2726 3194 2763 ossa.
3234 2708 3294 2760 lit
3325 2709 3460 2772 vidi,
3492 2719 3537 2761 et
3564 2725 3675 2763 ecce
3720 2725 3880 2779 super
3928 2725 4040 2763 ossa

2437 2804 2654 2869 uerri,“
2669 2819 2786 2856 caro
2808 2803 3054 2865 ascendit,
3073 2801 3504 2870 etcircumpositte
3523 2810 3637 2853 sunt
3667 2801 3738 2855 eis
3751 2811 3893 2854 cutes
3907 2799 4039 2872 (η),

2435 2906 2482 2949 et
2501 2896 2709 2963 spiritus
2741 2895 2790 2946 in
2814 2895 2884 2947 eis
2928 2909 3028 2947 non
3077 2901 3204 2956 erat,
3235 2901 3278 2945 et
3307 2893 3374 2944 ait
3399 2891 3467 2944 ad
3497 2907 3575 2946 me
3610 2907 3628 2945 :
3663 2890 4031 2961 PrOpheta-ad

2438 2991 2696 3060 spiritum,
2731 2989 2809 3056 [ili
2839 2988 3096 3050 hominis;
3128 2986 3396 3057 propheta,
3429 2995 3475 3040 et
3500 2987 3639 3040 dices
3669 2985 3736 3037 ad
3763 2986 4036 3054 spiritum:

2443 3082 2567 3137 Hcec
2591 3084 2713 3136 dicit
2744 3081 2988 3136 Dominus
3017 3081 3219 3134 Adonai
3238 3097 3257 3134 :
3296 3081 3339 3134 Α
3373 3089 3591 3150 quatuor
3620 3080 3776 3133 ventis
3803 3081 3921 3134 teni
3943 3081 4039 3150 spio

2432 3180 2581 3238 ritus,
2615 3187 2659 3229 et
2689 3177 2830 3244 spira
2856 3177 2906 3228 iu
2929 3176 3037 3228 istis
3060 3173 3396 3242 interemptis,
3423 3182 3470 3226 et
3496 3172 3684 3226 vivant.
3717 3169 3785 3225 Et
3817 3173 4038 3242 prophe-

734 3261 1012 3327 virilicabo.
1059 3259 1217 3316 Certe
1268 3272 1611 3331 posteaquam
1667 3263 1956 3329 occiderit,
2017 3268 2324 3324 virilicabit.
2358 3278 2402 3338 ρ
2437 3271 2536 3324 tavi
2565 3270 2632 3321 ad
2661 3269 2928 3337 spiritum,
2962 3269 3090 3322 sicut
3122 3268 3358 3337 prtccepit
3394 3266 3539 3331 mihi,
3575 3276 3620 3318 et
3656 3267 3886 3319 introii-it
3917 3267 3970 3318 in
3985 3282 4040 3319 ea

732 3355 878 3427 Ergo
913 3372 1005 3426 per
1032 3363 1258 3410 mortem
1291 3354 1559 3417 occidens,
1595 3371 1689 3426 per
1717 3359 2164 3415 resurrectionem
2196 3363 2326 3416 vivi-

731 3448 930 3504 ﬁcabit.
962 3446 1099 3502 Caro
1125 3457 1208 3502 est
1247 3455 1424 3502 autem
1455 3463 1576 3518 qua:
1605 3449 1865 3504 occiditur
1917 3448 1996 3523 (6)
2038 3468 2132 3522 per
2183 3470 2327 3508 mor-

734 3552 872 3605 tem;
905 3555 1032 3594 care
1079 3540 1256 3608 itaque
1284 3548 1339 3592 et
1365 3539 1715 3594 rivilicabitur
1739 3556 1834 3610 per
1856 3546 2322 3602 resurrectionem.

729 3631 908 3699 Certe,
938 3631 982 3685 si
1011 3629 1256 3686 occidere
1284 3631 1428 3685 carni
1472 3631 1706 3685 animum
1750 3633 1961 3702 eripere
2000 3645 2103 3699 est,
2147 3638 2318 3692 viviﬁ-

2425 3362 2653 3431 spiritus,
2685 3372 2731 3413 et
2761 3361 3012 3426 vixerunt,
3044 3369 3089 3412 et
3146 3359 3476 3412 constiterunt
3515 3357 3632 3428 (I5)
3695 3373 3855 3426 super
3897 3359 4040 3424 pedes

2426 3472 2546 3509 suos
2576 3453 2794 3507 valentia
2817 3471 3000 3524 magna
3021 3454 3143 3508 satis
3165 3453 3256 3524 (ι’).
3287 3451 3356 3506 Et
3382 3453 3453 3506 ait
3476 3452 3544 3505 ad
3587 3468 3666 3505 me
3693 3469 3706 3505 :
3737 3450 3848 3506 Fili
3871 3453 4038 3506 Itami-

2428 3551 2525 3615 nis,
2559 3566 2674 3602 ossa
2717 3550 2816 3602 ista
2861 3549 3025 3602 omnis
3077 3547 3260 3600 domus
3304 3545 3470 3602 Israel
3513 3553 3606 3599 est.
3647 3543 3763 3615 Ipsi
3812 3545 4027 3600 dicunt:

2431 3641 2758 3695 Exarueraut
2781 3656 2894 3693 ossa
2925 3649 3120 3706 nostra,
3149 3647 3196 3692 et
3217 3637 3348 3709 perit
3382 3653 3497 3707 spes
3517 3647 3715 3703 nostra,
3749 3636 3920 3690 avulsi
3952 3652 4036 3689 su-

1950 3747 2330 3810 LECTIONES
2372 3752 2784 3810 VAIIIANTES.

795 3864 866 3928 (l)
905 3863 1156 3928 Sepulcris
1179 3871 1327 3928 nm.

813 3927 864 3978 2)
898 3927 1168 3978 Notabatur
1189 3927 1311 3975 Par.

813 3932 842 3978 2
898 3931 1168 3978 Notabatur
1189 3931 1311 3975 Par.

791 3931 864 4052 Isi
899 3990 1236 4040 Retractatura
1253 3983 1367 4052 _ﬂig.
1399 3989 1520 4037 Ven.

792 4050 866 4116 (4)
900 4053 1216 4116 Exquisitura
1232 4050 1360 4116 1Iun.

815 4109 866 4187 ζῇ)
900 4109 1364 4187 ξιιόρμθιιιειιιιΡαιιι.
1390 4110 1630 4176 propheta
1657 4113 1778 4162 Ven.
1796 4109 1960 4162 mead.

814 4171 864 4228 6i
900 4171 1146 4228 Occiderit
1170 4171 1316 4224 "heu.

791 4235 864 4305 (7)
897 4239 1162 4292 Obradiant
1178 4235 1281 4288 alii.

2515 3865 2566 3916 8i
2602 3867 2750 3916 Spem
2775 3869 2917 3916 Pam.
2946 3863 3090 3916 Rhea.

2515 3870 2545 3916 8
2602 3867 2636 3915 S
2673 3881 2750 3916 em
2775 3869 2917 3916 Pam.
2946 3865 3090 3916 Rhea.

2494 3865 2574 4042 δὲ
2604 3882 2704 3978 Vitis
2726 3931 2776 3978 in
2800 3927 2949 4001 ttheu.
2977 3927 3119 3979 seml.

2494 3992 2534 4042 II
2581 3993 2594 4042 l
2630 3991 2683 4041 In
2709 3994 2842 4041 \‘ttblS
2866 3988 3015 4042 Rhen.
3043 3992 3119 4040 Set

2489 3986 2594 4054 (10)
2630 3991 2683 4041 In
2709 3994 2842 4041 Vobis
2866 3988 3015 4042 Rhen.
3043 3986 3192 4040 Sentl.

2492 4051 2595 4119 (lt)
2631 4055 2692 4119 Et
2712 4054 2838 4104 dabo
2862 4056 2896 4102 i.
2924 4070 2969 4102 ν.
2997 4067 3038 4102 s.
3065 4060 3120 4102 et
3138 4066 3181 4101 ι·.
3209 4054 3244 4100 i.
3268 4065 3316 4101 ν.
3337 4064 3383 4102 c.
3407 4057 3566 4103 etc.c.
3588 4064 3695 4102 v.c.
3718 4055 3775 4103 et
3794 4051 3848 4100 d.
3868 4053 3903 4102 i.
3923 4065 3969 4102 ν.
3991 4065 4032 4100 s.

2428 4116 2608 4166 viv'etis
2627 4116 2795 4167 absunt
2819 4132 2849 4164 a
2881 4119 3047 4166 Venet.

2519 4179 2591 4242 l2)
2633 4179 2816 4242 Games
2837 4175 2985 4242 then.
3016 4174 3125 4242 cod:
3153 4171 3331 4242 Pitlue.

2519 4180 2591 4242 l2)
2633 4180 2816 4229 Carnes
2837 4180 2985 4230 Rhen.
3016 4180 3125 4228 cod.
3153 4180 3237 4225 Pit.

2490 4180 2594 4305 I15)
2629 4241 2887 4292 Steterunt
2913 4239 3059 4291 Rhea.
3085 4234 3237 4289 Sentl.

2074 4340 2631 4404 COMMENTARIUS.

724 4487 857 4541 rium
884 4482 1096 4541 tenebrat.
1140 4479 1327 4533 audivit
1353 4477 1554 4547 quidem
1582 4475 1806 4547 jubentis
1844 4474 2104 4531 Benedicti
2130 4477 2307 4546 verba,

725 4559 816 4614 sed
842 4555 1048 4619 implere
1073 4551 1287 4605 distulit.
1317 4549 1453 4604 Ptul.

797 4618 948 4682 CAP.
980 4622 1214 4678 XXVIII.
1233 4651 1302 4662 --
1326 4618 1402 4692 (a)
1430 4619 1492 4672 Et
1512 4628 1786 4692 emortuam
1809 4622 2020 4689 profert.
2053 4619 2221 4672 Exodi
2249 4619 2313 4675 IV

725 4696 1082 4756 referturltaac
1111 4691 1351 4752 historia,
1385 4701 1440 4746 et
1469 4691 1640 4744 solum
1667 4695 1859 4762 elisi/In
1887 4700 1914 4750 ἡ
1940 4695 2041 4762 χτὶρ
2067 4695 2212 4747 νῦτιῦ
2237 4696 2316 4743 λε-

724 4781 908 4842 πρῶσα.
924 4772 1199 4842 etfactaest
1209 4780 1389 4842 manus
1401 4763 1509 4832 ejus
1521 4762 1742 4842 leprosx,
1762 4761 2001 4842 habetur.
2033 4762 2220 4842 verum
2239 4764 2317 4842 in:

724 4831 951 4910 namcap,
967 4831 1056 4900 55,
1074 4831 1652 4910 nitidittsremexplicat
1669 4851 1682 4885 :
1699 4834 2136 4910 ututatur,inquit,
2149 4831 2314 4910 Moysi

725 4903 926 4976 manus,
947 4909 1203 4977 etquidem
1229 4906 1296 4959 ad
1315 4907 1471 4977 instar
1493 4913 1750 4964 emortum,
1775 4906 2062 4968 exsanquis,
2087 4914 2185 4957 etc.
2219 4903 2314 4958 lIic

725 4985 866 5038 enim
914 4974 1258 5036 similitudine
1299 4974 1527 5046 quadam
1574 4985 1871 5046 etnortunn
1906 4977 2054 5032 dicit,
2086 4989 2208 5046 non
2254 4990 2312 5030 re

727 5056 860 5126 ipsa.
892 5052 952 5126 S.
983 5044 1338 5126 Hieronymus
1356 5054 1544 5126 contra
1573 5044 1722 5098 Joan.
1752 5045 1963 5126 Iberos.
1996 5045 2185 5126 eodem
2215 5046 2316 5099 uti-

727 5113 812 5181 titr
841 5125 1146 5180 teSIimonio
1167 5113 1230 5174 ad
1259 5119 1585 5186 probandam
1619 5119 2086 5170 resurrectionem.
2129 5113 2314 5170 Manus

728 5197 896 5267 Moysi
919 5203 1107 5248 mutata
1131 5202 1202 5245 est
1233 5193 1283 5243 in
1303 5189 1522 5267 candore
1550 5188 1676 5267 nivis
1703 5199 1748 5240 et
1777 5189 2009 5267 deinceps
2027 5186 2188 5267 colori
2211 5189 2315 5267 pri-

726 5259 856 5322 stitio
883 5267 1112 5320 restituta
1133 5267 1184 5316 in
1216 5272 1424 5329 utraque
1450 5259 1731 5329 diversitate
1757 5275 1932 5310 manus
1965 5260 2076 5327 fuit.
2115 5259 2190 5312 LE
2215 5260 2309 5314 Plt.

801 5337 879 5409 (b)
908 5335 974 5409 Et
1008 5349 1184 5409 rursus
1221 5328 1461 5388 insinuat.
1501 5328 1652 5396 Quod
1683 5330 1845 5383 modo
1875 5330 2028 5396 dixit,
2057 5331 2106 5382 iu
2147 5331 2314 5382 sinunt

727 5406 916 5466 condit.
949 5407 1023 5462 Le
1051 5406 1146 5461 Pu.

800 5480 874 5553 (υ)
911 5480 982 5553 De
1002 5495 1098 5540 quo
1119 5476 1256 5547 apud
1268 5474 1495 5528 eutndent
1519 5473 1836 5537 prophetam.
1859 5471 2062 5553 Nempe
2072 5471 2311 5553 Moysen,

732 5542 890 5606 tacite
931 5542 1308 5603 inttttens'euut
1351 5561 1468 5600 esse
1500 5554 1772 5597 auctorem
1820 5554 1873 5596 et
1918 5542 2084 5596 Exodi
2117 5554 2172 5598 et
2210 5542 2316 5598 Ge-

732 5636 941 5686 nesoos,
967 5637 1032 5674 ex
1061 5620 1251 5688 quibus
1300 5617 1413 5671 Inee
1443 5615 1745 5688 testimonia
1785 5615 1932 5688 citat,
1978 5625 2142 5684 atque
2181 5615 2315 5688 adeo

730 5704 785 5749 et
811 5684 969 5746 totius
998 5684 1364 5746 Pentateuclti.
1394 5688 1552 5741 Certe
1585 5685 1652 5738 de
1682 5684 1868 5739 Exodo
1893 5694 1951 5738 et
1983 5687 2197 5738 iteuter.
2230 5685 2314 5738 id-

729 5770 902 5832 ipsum
951 5768 1200 5832 patere:
1235 5760 1524 5832 Scriptura:
1566 5757 1745 5832 verbis
1770 5753 1970 5832 Exod,
2016 5755 2230 5832 XX_I_V_’,_
2261 5764 2319 5811 et

785 5827 964 5900 cutem,
990 5831 1194 5899 XXXI;
1220 5839 1274 5887 et
1298 5827 1373 5884 de
1403 5837 1513 5900 toto
1542 5842 1709 5900 opere
1734 5827 1784 5900 id
1799 5837 2076 5900 _asscrttnt
2115 5827 2272 5886 Philo
2296 5866 2316 5897 ,

731 5907 825 5972 lib.
854 5906 916 5964 de
937 5897 1146 5974 ntuudo,
1174 5897 1237 5959 ac
1262 5899 1530 5972 Iosephus
1555 5897 1770 5957 alicubi.
1799 5897 1939 5956 Psu.

2492 4482 2571 4556 (ti)
2603 4483 2766 4548 Quale
2787 4493 2858 4537 est
2879 4483 3018 4556 apud
3049 4481 3274 4547 Esaiam,
3297 4490 3402 4556 etc.
3433 4481 3606 4535 Verba
3636 4496 3756 4547 qua:
3779 4495 3847 4535 ex
3902 4480 4033 4536 Isaia

2339 4557 2392 4616 D
2417 4555 2581 4609 rclerl
2607 4555 2965 4609 'l‘erlullianus
2992 4555 3045 4608 iit
3081 4563 3189 4608 tota
3223 4555 3500 4622 prophetia
3529 4557 3782 4618 αὖτολέξςι
3807 4567 3913 4605 non
3937 4568 4026 4607 re-

2422 4628 2732 4694 periuntur;
2763 4627 2937 4696 colligi
2983 4635 3163 4680 tamen
3211 4632 3438 4696 possunt
3463 4640 3526 4678 rx
3561 4625 3623 4676 iis
3660 4625 3794 4677 loris
3826 4625 3879 4676 in
3907 4624 4027 4692 qui-

2423 4699 2524 4754 bus
2547 4699 2686 4751 Deus
2715 4695 3008 4764 potentiam
3039 4711 3189 4749 suam
3221 4695 3455 4750 ostendit
3486 4712 3548 4749 ex
3577 4711 3642 4748 eo
3667 4697 3808 4764 quod
3859 4709 4030 4765 popu-

2422 4768 2526 4822 luttt
2558 4770 2608 4822 in
2652 4773 2922 4836 angustias
2953 4767 3139 4820 mortis
3173 4767 3408 4838 dejicere
3452 4767 3744 4838 ptiSsil,_el
3785 4780 3815 4838 a
3862 4776 4033 4838 Ittorte

2419 4854 2690 4892 revocare.
2715 4835 2925 4893 Clarius
2955 4839 3215 4892 habentur
3239 4835 3357 4892 haec
3400 4838 3412 4888 I
3449 4837 3602 4903 licia.
3639 4835 3679 4890 II
3719 4857 3732 4891 ι
3781 4835 4032 4889 Dominus

2418 4911 2687 4978 morti/ient
2725 4922 2769 4962 et
2797 4911 3038 4976 vivi/ient,
3069 4919 3122 4963 et
3159 4909 3211 4963 in
3245 4909 3378 4979 psal.
3419 4909 3529 4962 Etsi
3579 4906 3728 4960 Isaia:
3759 4906 4029 4962 XXXVIII

2418 4983 2674 5052 sei-iptum
2735 4985 2985 5051 legatur:
3038 4980 3297 5050 Corripies
3354 4996 3434 5033 me
3490 4989 3538 5033 et
3583 4979 3874 5102 silvifragis
3927 4995 4027 5033 me.

3715 5066 3747 5102 ε
3827 5066 3884 5102 n.

3715 5066 3747 5102 Ε
3781 5066 3884 5102 νει.

2489 5143 2642 5199 CAP.
2675 5143 2870 5198 XXIX.
2909 5175 2978 5184 —-
3009 5142 3085 5215 (c)
3137 5141 3440 5212 Allegoricm
3467 5142 3738 5215 scriptura:
3777 5150 3828 5193 et
3874 5157 4032 5215 argu-

2419 5226 2605 5275 menta,
2622 5225 2723 5268 etc.
2743 5213 3157 5285 ἀν-’κ-φοσλαξίωςιν
3181 5215 3404 5285 instituit
3424 5213 3886 5285 testimoniorum,
3901 5213 4024 5279 qui-

2420 5287 2516 5342 bus
2545 5288 2866 5340 resurrectio
2893 5280 3220 5340 mortuorum
3243 5284 3646 5338 demonstratur
3697 5280 3774 5335 Lt:
3803 5281 3907 5336 Pa.

2490 5399 2554 5470 (ι’)
2593 5399 2763 5468 Super
2793 5399 2944 5467 pedes
2973 5416 3092 5452 suos
3122 5398 3342 5452 valentia
3367 5414 3554 5470 magna
3581 5396 3726 5450 satis.
3765 5395 3823 5448 In
3853 5395 4033 5462 primo

2418 5469 2543 5525 casn
2571 5483 2649 5524 est
2679 5487 2776 5524 Vox
2813 5471 3019 5532 isdtaec,
3054 5485 3156 5522 non
3189 5471 3237 5522 in
3261 5478 3436 5523 sexto.
3461 5469 3644 5522 Graece
3667 5485 3680 5521 :
3705 5470 3790 5520 ausi
3822 5474 4032 5525 tmen

2419 5547 2497 5598 ἰπὶ
2524 5561 2614 5597 τῶν
2645 5547 2794 5597 ποδῶν
2813 5547 2967 5599 αὐτῶν
2985 5548 3065 5596 καὶ
3091 5552 3331 5611 συνενδιγή
3349 5541 3508 5595 πολλῆ
3523 5542 3717 5609 σφόδρα.
3738 5536 4028 5611 vulgatus:

2421 5614 2779 5682 Stetcruutque
2817 5628 2971 5680 super
3014 5613 3164 5681 pedes
3207 5608 3325 5665 suos
3369 5616 3619 5666 exercitus
3639 5608 3852 5679 grandis
3876 5608 4031 5682 uineis

2420 5687 2591 5738 valde.
2630 5679 2734 5738 Per
2765 5679 3050 5737 valentium
3081 5683 3327 5752 intelligit
3348 5679 4026 5745 Tcrtullianuspotentiam

2421 5770 2668 5824 magnam
2700 5756 2974 5821 comarum
3011 5765 3064 5808 et
3107 5759 3376 5808 exercitus
3415 5753 3726 5824 congregati
3749 5758 4026 5824 ,_sgx:t_ttus

2421 5820 2820 5880 translationem
2871 5827 3076 5896 Aquila:
3131 5835 3184 5879 et
3242 5820 3661 5896 'I'lieodotiouis',
3705 5821 3793 5893 qui
3837 5820 4020 5888 habet,

2421 5902 2614 5970 ὃὺνιμις
2641 5903 2862 5972 μεγάλη,
2918 5895 2990 5955 vis
3026 5911 3232 5970 magna.
3276 5895 3404 5954 [μω.
