4250 6494
189 400 295 464 837

193 627 330 695 [ario
353 626 589 695 sepulcra
620 631 869 685 restru;et
892 620 1096 673 ebenum
1124 634 1208 671 vos
1236 618 1299 671 de
1325 618 1570 686 sepulcris
1597 618 1790 681 vestris,

192 716 418 785 populus
449 732 618 779 mens;
644 724 687 769 et
720 712 959 767 inducam
989 728 1075 765 vos
1096 712 1148 763 in
1172 720 1359 764 (errant
1386 708 1549 764 Israel
1566 726 1583 768 .'
1614 720 1661 761 et
1700 725 1790 763 co-

191 809 449 877 gnoscesis
494 808 630 878 quod
684 822 774 878 ego
821 804 1070 858 Dominus
1114 809 1398 872 aperuerint
1447 804 1529 872 (l)
1560 802 1793 871 sepulcra

193 910 399 964 vestra,
444 910 489 955 et
538 902 799 955 eduxerim
844 914 928 952 ros
954 898 1016 951 de
1044 899 1293 967 sepulcris
1340 898 1544 962 vestris,
1578 898 1794 965 papulas

194 1009 370 1057 ineas;
404 1003 449 1047 et
478 993 609 1046 dabo
640 992 775 1046 vobis
812 990 893 1059 (ἓ)
916 990 1173 1061 spiritum,
1198 999 1243 1042 et
1265 988 1454 1051 rivetis,
1504 999 1550 1041 et
1578 991 1797 1059 requies-

194 1084 321 1136 cetis
367 1085 419 1136 in
472 1093 607 1137 terra
652 1092 845 1147 vestra,
890 1092 933 1135 et
964 1084 1277 1150 cognoscetis
1316 1082 1451 1149 quod
1490 1096 1581 1151 ego
1614 1080 1792 1133 Domi-

196 1193 294 1231 nus
329 1178 528 1231 locutus
553 1178 649 1231 sint
673 1186 717 1231 et
742 1176 945 1248 fecerim
963 1215 975 1235 .
1002 1175 1124 1227 dicit
1152 1173 1419 1228 Dominus.

770 1268 998 1325 CAPUT
1041 1266 1208 1323 XXX.

276 1361 423 1417 llane
472 1377 683 1434 quoque
732 1361 1169 1432 prmdicationem
1202 1358 1312 1413 scio
1341 1359 1568 1429 qualiter
1593 1373 1794 1413 concu-

202 1458 337 1509 tiant
370 1456 420 1509 in
454 1456 725 1525 allegoria;
771 1454 1292 1525 argumentationem
1323 1492 1335 1504 .
1371 1452 1493 1521 quia
1546 1450 1796 1517 dicendo,

204 1546 339 1600 Ossa
364 1548 464 1600 ista
506 1547 670 1601 omnis
711 1546 891 1599 domus
939 1543 1109 1598 Israel
1155 1553 1227 1597 est
1273 1540 1370 1614 (ὃ).
1403 1545 1684 1613 imaginem
1735 1556 1797 1596 ea

196 1638 392 1692 fecerit
447 1637 718 1710 (a)lsrael
770 1636 851 1709 (ι)
925 1648 980 1692 et
1058 1634 1139 1708 (5)
1210 1634 1426 1705 promis
1492 1634 1801 1688 Conditione

205 1730 574 1794 transtulerit;
626 1740 791 1800 atque
832 1734 901 1782 ita
950 1730 1230 1800 figuratam
1278 1744 1431 1792 esse,
1482 1744 1585 1781 non
1622 1742 1799 1781 veram

207 1824 613 1877 resurrectionis
658 1822 1108 1892 priuilicationem.
1150 1823 1352 1876 Statum
1402 1822 1541 1875 enim
1592 1820 1803 1873 .Iudmu-

1194 403 1395 463 LIBER
1454 405 1542 462 DE
1582 402 2156 464 RESURRECTIONE
2194 401 2460 463 CARNIS.

191 547 307 587 mus
335 531 385 586 in
407 533 496 586 eis.
532 530 814 601 Propterea
835 521 1082 598 prafiheta
1109 523 1179 577 ad
1207 540 1290 578 eos
1320 538 1337 577 :
1366 523 1496 578 Ecce
1526 539 1615 593 ego
1639 533 1778 593 pale-
1812 524 1860 583 Α
1891 521 1990 576 sibi
2043 538 2150 592 quo
2218 522 2309 577 alii
2375 520 2739 594 configuretur
2791 538 2804 577 :

3383 407 3486 467 858

2863 518 2930 580 de
2974 538 3144 581 vacuo
3193 524 3487 581 similitudo

1896 630 2000 669 non
2026 617 2315 685 competit;
2358 616 2427 671 de
2457 616 2604 671 nullo
2645 616 2899 687 paraliola
2947 636 3050 673 non
3102 622 3368 675 convenit.
3414 620 3487 675 Ita

1895 710 2165 779 oportebit
2206 712 2407 765 ossium
2453 726 2669 781 quoque
2720 711 2865 766 credi
2922 715 3384 769 revisceratiouetn
3434 722 3491 769 et

1896 803 2305 872 respirationem
2337 802 2511 871 qualis
2564 803 2780 869 dicitur,
2805 804 2869 858 de
2892 820 2991 874 qua
3052 806 3221 875 possit
3262 806 3487 877 exprimi

1896 895 2238 951 Judaicarum
2270 912 2450 951 rerum
2484 896 2798 951 reformatio
2823 899 2997 967 qualis
3048 898 3330 968 affingitur.
3382 898 3489 953 Sed

1899 987 2066 1057 magis
2100 988 2409 1058 religiosum
2448 998 2564 1053 est,
2609 975 2885 1043 veritatem
2927 990 2993 1043 de
3032 1005 3142 1044 sua:
3178 992 3492 1046 auctoritate

1897 1077 1976 1149 (9)
2002 1079 2357 1148 simplicitatis
2406 1077 2645 1143 defendi,
2704 1095 2862 1148 quam
2926 1082 3115 1134 s'eusus
3147 1081 3337 1135 divina:
3368 1098 3489 1151 pro-

1901 1170 2175 1241 posilimtis
2202 1173 2535 1239 expostulat.
2582 1171 2637 1225 Si
2670 1172 2811 1225 enim
2840 1170 2905 1224 ad
2935 1186 3020 1225 res
3064 1171 3311 1227 Judaicas
3341 1189 3491 1243 spee-

1903 1274 2037 1319 taret
2066 1263 2179 1317 hare
2207 1264 2363 1329 visio,
2391 1265 2571 1318 statim
2606 1265 2843 1319 revelazo
2890 1268 2993 1318 situ
3025 1266 3264 1332 ossium,
3313 1267 3491 1335 subje-

1900 1356 2080 1422 cisset,
2120 1354 2250 1410 Ossa
2287 1357 2406 1415 ista.
2435 1356 2599 1409 omnis
2638 1356 2818 1409 domus
2846 1354 3057 1410 lsraelis
3084 1366 3191 1421 est;
3217 1366 3272 1411 et
3300 1367 3491 1412 caetera

1901 1450 2174 1519 deinceps.
2219 1450 2289 1504 At
2330 1464 2449 1502 cum
2494 1448 2727 1502 ostensis
2770 1449 3015 1515 ossibus,
3045 1450 3113 1504 de
3140 1451 3350 1519 propria
3397 1464 3493 1519 sle

1902 1560 2085 1598 eorum
2117 1543 2241 1613 quid
2286 1541 2399 1614 (l0)
2432 1542 2758 1612 obloquitur,
2811 1542 3045 1596 nondum
3102 1544 3375 1596 nominato
3413 1542 3493 1598 ls-

1904 1636 2069 1701 raele,
2103 1645 2156 1689 et
2201 1634 2357 1689 fidem
2414 1643 2581 1687 tentat
2632 1634 2935 1704 prophetae:
2988 1632 3106 1688 Fili
3149 1635 3402 1701 hominis,
3452 1636 3498 1689 si

1903 1732 2064 1785 vivent
2091 1745 2205 1783 ossa
2228 1731 2332 1781 Ita’c
2363 1726 2479 1800 (Il)
2506 1728 2527 1780 ?
2552 1736 2609 1781 ut
2628 1739 2681 1782 et
2706 1729 2791 1781 ille
2820 1728 3168 1797 respoadcret
3192 1746 3205 1794 ;
3259 1727 3492 1795 Domine,

1906 1823 2118 1883 tuscis;
2163 1838 2267 1874 non
2305 1824 2484 1887 utique
2517 1820 2653 1873 Deus
2683 1821 2954 1888 propheta:
3002 1820 3157 1874 fidem
3208 1820 3275 1875 de
3327 1836 3389 1875 ea
3438 1837 3497 1875 re

205 1931 324 1969 rum
348 1916 660 1979 deformari,
680 1916 908 1985 quodam
940 1916 1099 1985 modo
1120 1924 1418 1969 emortuum
1446 1924 1498 1967 et
1518 1914 1791 1966 exaridum
1828 1921 1871 1981 Β
1901 1921 2177 1974 tentasset,
2204 1928 2330 1979 qua?
2358 1910 2531 1965 futura
2566 1927 2669 1964 non
2700 1920 2867 1976 esset,
2911 1927 3069 1980 quam
3104 1927 3372 1981 mmqnam
3416 1911 3493 1968 ls-

203 2018 257 2061 et
305 2007 605 2078 dispersum
653 2007 703 2061 in
750 2022 941 2076 campo
981 2006 1146 2059 orliis.
1192 2006 1373 2073 Itaque
1420 2014 1471 2057 et
1513 2005 1793 2074 imaginem

206 2099 620 2152 resurrectionis
673 2101 722 2152 in
774 2099 918 2152 illtuu
969 2098 1337 2166 allegorizari,
1394 2097 1513 2166 quia
1563 2095 1796 2165 reColligi

204 2190 401 2247 habeat
426 2201 480 2246 et
509 2206 668 2246 reion
695 2192 834 2262 pingi
879 2206 940 2245 os
962 2191 1027 2244 ad
1060 2207 1141 2257 os,
1173 2191 1221 2243 id
1249 2199 1349 2255 est,
1388 2191 1554 2244 tribus
1598 2190 1661 2243 ad
1701 2190 1796 2244 tri-

203 2284 332 2337 lmm
355 2325 368 2347 ,
402 2293 455 2338 et
483 2284 705 2353 populus
735 2285 799 2335 ad
826 2284 1111 2353 pupulum,
1165 2292 1219 2337 et
1267 2284 1596 2351 recorporari
1626 2285 1801 2336 carui-

206 2377 309 2430 lius
375 2374 680 2429 facoltatum
737 2374 817 2446 (6)
869 2387 923 2429 et
978 2374 1157 2429 nervis
1214 2376 1391 2443 regni;
1436 2384 1594 2442 atque
1638 2374 1706 2427 ita
1734 2374 1801 2428 de

208 2468 465 2537 sepulcri,
496 2468 545 2520 id
576 2478 679 2527 est.
714 2467 780 2520 de
810 2466 1125 2521 habitaculis
1144 2465 1802 2535 captivitatistristissiniis

204 2570 367 2628 atque
420 2560 709 2611 teterrimis
752 2558 940 2621 educi,
967 2570 1021 2612 et
1050 2559 1313 2628 refrigerii
1362 2558 1578 2611 nomine
1628 2560 1800 2627 respi-

205 2668 347 2715 rare,
376 2659 430 2704 et
464 2651 642 2705 riverc
680 2652 876 2707 exinde
922 2653 973 2706 in
1019 2662 1159 2706 terra
1212 2666 1303 2705 sua
1335 2650 1536 2706 Juda-a.
1584 2652 1647 2705 l'lt
1675 2651 1802 2720 quid

208 2752 331 2810 post
358 2741 515 2798 lucc?
541 2744 835 2797 Moriemur
864 2745 979 2797 sine
1005 2744 1186 2799 dubio.
1236 2744 1299 2797 Et
1330 2743 1454 2812 quid
1499 2754 1616 2814 post
1662 2760 1804 2797 inor-

208 2835 353 2887 tcm?
375 2833 545 2901 Nulla,
565 2850 599 2891 ο
640 2837 775 2902 inor,
804 2838 1162 2904 resuscitalio,
1192 2839 1235 2891 si
1269 2854 1373 2891 ntm
1400 2838 1512 2893 lucc
1537 2840 1639 2892 erit
1668 2839 1801 2907 ipsa,

203 2944 327 2995 qua:
363 2926 630 2982 Ezecliieli
661 2930 953 2984 rerelatur.
995 2930 1097 2984 Sed
1122 2932 1264 2984 enim
1293 2940 1347 2984 et
1371 2932 1502 2983 alias
1544 2929 1769 2995 pnedica
1792 2961 1804 2971 -

210 3030 298 3071 tur
342 3021 665 3075 resurrectio
709 3038 722 3074 :
795 3036 924 3090 ergo
978 3034 1031 3075 et
1088 3019 1167 3093 (7)
1221 3023 1333 3077 haec
1383 3024 1517 3087 erit,
1589 3033 1643 3076 et
1722 3033 1799 3076 te-

217 3124 367 3163 mere
399 3111 450 3163 in
474 3119 672 3164 statum
712 3126 830 3165 eam
870 3111 1212 3166 Judaicarum
1243 3128 1421 3166 rerum
1466 3123 1805 3167 convertunt.

210 3205 321 3256 Aut
349 3202 393 3256 si
420 3202 517 3255 alia
548 3214 631 3257 est
676 3202 764 3256 illa
810 3219 967 3271 quam
999 3203 1352 3266 defendimus,
1384 3205 1510 3257 nihil
1560 3220 1674 3259 mea
1730 3206 1809 3259 in-

1905 2005 2011 2059 rael
2060 2004 2322 2066 audisset,
2350 2019 2507 2072 quam
2556 2002 2705 2057 credi
2738 2018 2843 2057 non
2895 2015 3186 2071 oporteret.
3230 2004 3333 2058 Sed
3361 2020 3497 2074 quo-

1905 2099 2045 2151 niam
2076 2097 2463 2167 praedicabatur
2511 2097 2728 2166 quidem
2774 2100 3098 2153 resurreCtio
3132 2110 3494 2165 mortuorum,

1907 2189 2068 2244 Israel
2104 2202 2229 2243 vero
2262 2204 2358 2257 pro
2381 2203 2479 2242 sua
2512 2188 2885 2243 incredulitate
2917 2190 3203 2255 dissidens,
3236 2189 3501 2245 scandali-

1905 2284 2157 2344 Zaliatnr;
2189 2291 2243 2336 et
2267 2283 2533 2350 aspiciens
2562 2282 2640 2352 (ά)
2676 2281 2919 2336 habitum
2962 2284 3292 2338 senescentis
3322 2287 3502 2353 sepul-

1907 2384 2071 2434 turm.
2122 2373 2441 2441 deSpeiabat
2486 2374 2971 2439 resurrectionem;
3013 2375 3095 2429 vel
3126 2391 3231 2429 non
3280 2377 3330 2430 in
3382 2392 3498 2432 eam

1910 2468 2082 2536 potius
2103 2467 2339 2519 aniuuun
2369 2466 2652 2535 dirigebat,
2682 2465 2774 2520 sed
2800 2469 2849 2519 in
2878 2466 3307 2523 circumstantias
3338 2486 3493 2537 suas;

1909 2560 2109 2614 idtit’Ctt
2141 2561 2297 2623 Deus,
2330 2570 2383 2613 et
2428 2560 2764 2629 prophetam,
2812 2562 2960 2630 quasi
2991 2559 3104 2632 (I2)
3134 2572 3187 2617 et
3218 2563 3387 2632 ipsum
3412 2564 3503 2619 du-

1909 2652 2075 2711 bium,
2102 2654 2408 2720 praestituit
2432 2651 2496 2705 ad
2520 2654 2875 2706 constantiam
2901 2654 3319 2722 ιιι-τιτάιοειιίθιιίε,
3351 2671 3504 2711 reve-

1911 2744 2017 2797 lato
2046 2745 2232 2799 ordine
2264 2746 2709 2811 resurrectionis;
2748 2755 2803 2801 et
2845 2746 3040 2816 popqu
3085 2747 3137 2800 id
3178 2749 3503 2805 credendum

1909 2836 2198 2901 mandavit,
2227 2836 2367 2906 quod
2394 2837 2561 2906 propli
2602 2848 2665 2891 t;e
2692 2840 2973 2903 revelavit,
3005 2843 3150 2909 ipsos
3175 2840 3363 2895 dicens
3388 2858 3506 2897 esse

1910 2944 2029 2983 Ossa
2054 2945 2173 2997 quae
2215 2940 2366 2982 erant
2415 2938 2799 2985 resurrectura.
2831 2931 2918 2999 qui
2952 2946 3064 2985 non
3095 2931 3383 2987 credebant
3420 2949 3507 2990 reo

1913 3031 2241 3076 surrectura.
2272 3022 2509 3091 Denique
2530 3022 2580 3075 in
2600 3022 2832 3076 clausula
2861 3041 2873 3075 :
2894 3034 2943 3076 et
2959 3027 3290 3095 cognoscetis,
3316 3025 3505 3095 inquit,

1910 3116 2045 3185 quod
2070 3132 2160 3185 ego
2191 3114 2437 3168 Dominus
2468 3116 2664 3168 locutus
2711 3117 2825 3180 sim,
2873 3127 2918 3170 ct
2974 3119 3214 3188 fecerim;
3244 3119 3293 3171 id
3325 3121 3508 3190 utique

1914 3208 2170 3271 facturus,
2214 3207 2353 3277 quod
2384 3204 2557 3261 fuerat
2584 3207 2816 3272 loculus;
2846 3220 3098 3263 eretermn
3142 3227 3245 3266 non
3271 3211 3318 3265 id
3345 3211 3512 3267 factu-

208 3304 402 3356 terest.
431 3300 557 3351 dum
588 3297 658 3352 sit
682 3308 738 3354 et
778 3313 1065 3370 corporum
1103 3299 1447 3363 resurrectio,
1478 3298 1612 3352 sicut
1640 3308 1695 3354 et
1725 3316 1806 3354 re-
1835 3315 1879 3377 ρ
1914 3316 2003 3354 rus
2029 3300 2167 3371 quod
2198 3300 2428 3365 loeutus,
2464 3301 2505 3353 si
2534 3301 2687 3354 aliter
2713 3300 2965 3356 facturus.

211 3408 332 3445 rum
374 3390 738 3446 Judaiearum.
775 3394 1031 3464 Denique,
1089 3393 1189 3447 hoc
1227 3393 1341 3464 ipso
1385 3392 1524 3463 quod
1558 3393 1815 3447 recidiva-

208 3492 300 3535 tus
328 3480 539 3537 Judaici
562 3494 734 3538 status
758 3483 825 3538 de
851 3482 928 3556 (b)
956 3485 1395 3553 recorporatione
1424 3492 1478 3539 et
1506 3484 1810 3538 redanima-

208 3574 360 3628 tione
409 3572 488 3645 (8)
542 3575 742 3630 ossium
787 3576 1065 3647 figuratur,
1122 3578 1171 3631 id
1216 3594 1430 3649 quoque
1494 3586 1809 3633 eventurum

207 3667 430 3721 ossibus
489 3668 768 3737 probatur.
795 3668 908 3723 Non
930 3671 1077 3724 enim
1106 3680 1286 3738 posset
1308 3672 1375 3723 de
1397 3670 1619 3724 ossibus
1644 3670 1809 3739 ﬁgura

208 3758 493 3827 componi,
520 3760 565 3813 si
596 3774 701 3815 non
731 3760 961 3831 idipsum
992 3760 1270 3817 etossibus
1293 3774 1612 3817 eventurum
1647 3773 1807 3817 esset.

211 3850 293 3924 (c)
320 3849 455 3905 Nam
485 3852 585 3905 etsi
625 3850 935 3923 ﬁgmentum
964 3854 1198 3909 veritatis
1222 3856 1273 3908 in
1294 3855 1522 3925 imagine
1547 3864 1651 3920 est,
1685 3856 1816 3909 inia-

214 3959 287 4013 go
318 3944 434 4013 ipsa
464 3941 515 3997 in
549 3945 772 3999 veritate
794 3953 876 4000 est
928 3946 1040 4009 sui;
1103 3961 1323 4003 necesse
1360 3959 1444 4003 est
1496 3962 1617 4003 esse
1672 3949 1818 4017 prius

2478 3391 2705 3446 CAPUT
2744 3391 2931 3445 XXXI.

1990 3482 2152 3536 Plane
2179 3483 2221 3535 si
2248 3490 2297 3536 et
2325 3482 2554 3553 populus
2586 3484 2873 3553 allegorice
2902 3486 3212 3542 tuussitaret
3248 3502 3369 3543 ossa
3415 3503 3510 3546 sua

1914 3575 2183 3641 arefacta,
2231 3585 2285 3630 et
2322 3592 2471 3644 Spem
2515 3593 2667 3631 suam
2713 3579 2971 3647 perditam
3022 3582 3371 3651 diSpersionis
3401 3587 3514 3640 exi-

1917 3676 1971 3722 tu
2002 3667 2117 3741 (15)
2150 3668 2426 3737 querulus,
2490 3669 2685 3724 merito
2732 3670 3002 3727 videretur
3028 3672 3146 3745 (Μ)
3189 3685 3243 3730 et
3273 3677 3410 3732 Deus
3440 3677 3513 3751 (e)

1919 3758 2195 3829 figuratam
2235 3760 2661 3829 desperationem
2687 3762 2907 3832 ﬁgurata
2948 3767 3302 3834 promiSsioue
3326 3785 3518 3825 conso-

1921 3853 2079 3907 latus.
2118 3852 2185 3924 (f)
2236 3852 2342 3907 Sed
2368 3868 2490 3908 cmn
2516 3852 2868 3924 dispersionis
2908 3858 3123 3927 quidem
3163 3859 3355 3929 injuria
3386 3879 3517 3917 non-

1921 3946 2047 4000 dum
2083 3946 2276 4017 pupula
2303 3946 2608 4014 accidisset,
2637 3950 3045 4007 resurrectionis
3068 3968 3195 4008 vero
3229 3968 3351 4025 spes
3377 3957 3516 4027 apud

1413 4058 1704 4115 LECTION
1712 4059 1793 4117 ES
1836 4056 2243 4115 VARIANTES.

284 4170 358 4243 (ῃ
392 4170 576 4243 {Aperui
594 4170 746 4243 Itfteir.

284 4234 359 4297 (2)
396 4233 451 4297 lii
477 4248 563 4297 vos
580 4234 683 4285 alii.

285 4292 361 4359 (ᾇ)
397 4296 480 4359 list
504 4296 674 4353 Israel.
695 4298 741 4359 in
768 4292 918 4359 (then:
940 4292 1087 4359 Seml.
1120 4294 1272 4359 Israel
1298 4306 1395 4357 est,
1422 4298 1470 4347 in
1492 4299 1633 4347 Pam.

286 4355 361 4483 (ιζ
397 4357 565 4407 Israeli
592 4358 740 4409 Seml.
769 4355 966 4407 lsraelis
988 4358 1097 4408 cod.
1122 4355 1256 4409 Pitlt.

286 4423 338 4483 (ξ
396 4420 494 4483 Sed
521 4418 669 4469 thcn.
696 4419 837 4483 sentt.
937 4481 945 4483 Α
1178 4481 1185 4483 Α

286 4418 361 4539 ἓΞῖ
395 4418 837 4533 ἓξῗυέἲῗὲιιῗὲιῖιῑ

307 4480 361 4545 β)
395 4481 565 4533 Carnis
587 4482 863 4533 facultatem
887 4481 1036 4533 Rhea.
1062 4481 1205 4532 seml.

308 4544 363 4609 7)
394 4545 493 4593 Aut
513 4546 636 4593 Jun.

286 4546 361 4672 ξε)
396 4605 636 4657 Readuna‘

309 4590 361 4671 ὃς
395 4590 769 4657 ἰξὲἐὰιιιιξιιὶοιιθ
803 4607 954 4657 Fran.
982 4606 1357 4659 readuntatione
1395 4610 1537 4657 Pam.
1580 4610 1822 4658 mendose.
1849 4590 1901 4650 D

1923 4167 2318 4283 wé?)Pxfrllale
2342 4168 2496 4223 Rhea.
2525 4168 2674 4223 Seml.
2700 4174 2763 4224 de
2787 4187 2875 4226 sua
2900 4177 3191 4230 auctoritate
3216 4185 3271 4230 et
3290 4147 3521 4249 simplici-

1986 4293 2087 4415 ἔξω
2123 4294 2213 4381 qui
2240 4295 2391 4345 Fran.

2048 4360 2091 4415 Ι)
2128 4358 2244 4406 Ηιυα
2263 4358 2391 4409 abest

2016 4358 2091 4424 ll)
2128 4358 2244 4424 [huc
2263 4358 2394 4424 alges!
2415 4372 2447 4409 α
2469 4358 2620 4424 then.
2647 4358 2799 4413 Seml.

2018 4419 2089 4485 lg)
2126 4420 2229 4485 Qua
2255 4419 2364 4485 Rig.
2398 4425 2519 4485 Ven.

2016 4484 2092 4545 15)
2130 4481 2349 4545 Exedunt
2376 4482 2526 4545 Blten.
2550 4481 2701 4535 Seml.

2023 4544 2093 4609 Η)
2130 4544 2337 4595 Videtur
2354 4544 2457 4596 alii.

1596 4692 1967 4747 COMMENTA
1981 4694 2155 4750 RIUS.

295 4803 452 4860 CAP.
486 4803 653 4859 XXX.
678 4834 747 4845 —
769 4803 845 4877 (a)
886 4802 1163 4875 Imaginem
1190 4822 1249 4860 ea
1279 4807 1450 4875 fecerit
1482 4804 1663 4859 Israel.
1714 4805 1816 4859 Lo-

222 4892 322 4932 cus
349 4878 419 4931 de
440 4892 544 4945 quo
570 4876 655 4932 Inc
677 4879 901 4947 quaestio
932 4892 1052 4931 meo
1073 4877 1273 4946 judicio
1297 4892 1325 4929 a
1360 4877 1688 4929 'l‘ertulliano
1720 4892 1797 4946 ον’

223 4950 360 5004 time
380 4947 445 5002 de
476 4947 873 5003 resurrectione
901 4961 1231 5002 inortuorum
1281 4949 1610 5017 explicatur;
1646 4964 1817 5016 neque

224 5021 375 5073 cuitu
419 5033 479 5073 ea
530 5019 658 5073 mihi
687 5018 967 5073 allubeseit
1008 5020 1374 5088 interpretatio
1422 5034 1579 5088 quant
1623 5018 1818 5073 refellit

225 5090 455 5153 Auctor,
485 5104 708 5160 quaeque
728 5094 1083 5144 recentiorum
1128 5101 1211 5145 est
1258 5093 1366 5143 fere
1406 5091 1661 5160 omnium.
1694 5089 1814 5145 Pari

228 5164 442 5217 ratione
476 5161 535 5216 Β.
574 5159 930 5232 Hieronymus
973 5162 1025 5215 in
1064 5177 1181 5232 cap.
1237 5159 1481 5215 XXXVII
1521 5161 1816 5214 Ezerltielis

228 5244 566 5288 mortuorum
598 5236 1043 5287 resurrectionem
1072 5236 1298 5298 evincit,
1338 5250 1403 5285 eo
1439 5235 1576 5300 quod
1613 5242 1816 5287 restau-

231 5305 376 5357 ratio
402 5303 608 5358 .Iudaici
642 5303 820 5373 populi
855 5304 1217 5372 promittatur,
1251 5304 1604 5372 fulciaturquc
1634 5319 1818 5357 resur-

229 5376 495 5440 reCtioue,
520 5393 638 5445 qua:
663 5376 705 5429 si
732 5389 837 5428 non
860 5385 1025 5436 esset.
1054 5390 1185 5427 vana
1218 5384 1360 5429 esset
1398 5376 1713 5443 promissio;
1754 5375 1821 5429 de

231 5446 400 5501 rebus
422 5448 563 5500 enim
615 5462 718 5499 non
764 5447 1115 5505 exstantibus.
1152 5446 1331 5499 nullus
1372 5447 1503 5499 certi
1532 5447 1819 5514 quidquam

233 5528 416 5587 potest
438 5519 681 5580 probare.
714 5516 845 5571 Vide
865 5523 1057 5570 locum.
1101 5514 1175 5570 LE
1207 5517 1299 5570 Pu.

308 5586 388 5660 (b)
423 5588 913 5660 liecorporatioueet
939 5588 1358 5642 redanimatione.
1381 5586 1471 5660 Est
1495 5592 1816 5654 ἀναψύχωσιςς

232 5658 379 5714 male
428 5661 731 5725 Corriguut,
780 5658 870 5728 qui
921 5660 1285 5713 reudtmutione
1320 5659 1579 5712 scribunt.
1616 5659 1693 5712 LE
1724 5659 1819 5712 Pu.

310 5728 385 5800 (c)
418 5728 556 5784 Nam
583 5732 694 5783 etsi
725 5732 1018 5801 ﬁgmentum
1068 5731 1308 5783 veritatis.
1365 5729 1679 5797 Exemplum
1732 5745 1824 5784 seu

238 5814 415 5871 potius
448 5805 841 5871 metaphoram,
870 5811 962 5855 aut
991 5801 1414 5861 similitudinem,
1447 5802 1554 5855 vult
1584 5804 1825 5868 innuere,

236 5870 817 6001 ξιιίπξυέὶιῧὲιὲίὲω
868 5886 964 5930 seu
1012 5872 1497 5943 repraesentandam
1548 5873 1829 5929 veritatem

351 5960 365 6001 t
531 5982 545 6001 .
758 5985 771 6001 .

351 5960 545 6001 ιιιειυτ.
568 5960 648 6001 ιιι
676 5960 771 6001 I’I.

2000 4805 2079 4878 (ά)
2120 4806 2357 4887 [lubitum
2383 4812 2682 4867 senescentis
2711 4815 3007 4883 sepulturae.
3054 4819 3285 4879 Venuste
3323 4825 3521 4882 dictum

1926 4894 2022 4947 pro
2038 4895 2155 4932 sera
2190 4891 2237 4965 et
2271 4880 2517 4933 diuturna
2544 4898 2690 4964 mora
2720 4880 3183 4955 sépulturm,sicut
3211 4906 3261 4949 et
3290 4899 3376 4965 qui
3402 4880 3524 4953 diu;

1928 4959 2081 5037 tui-ua
2131 4962 2184 5003 et
2228 4952 2467 5037 longaeva
2494 4965 2615 5006 Sttnt
2647 4952 3128 5037 vita.'seuescmtt;
3159 4966 3235 5019 sic
3262 4952 3375 5037 cap.
3412 4952 3520 5025 372:

1928 5022 2093 5087 Quum
2115 5021 2374 5088 capulum,
2398 5028 2910 5110 quam.sepulcrum,
2927 5047 3078 5099 quant
3107 5021 3303 5091 senium
3328 5021 3525 5110 requie;

1923 5102 2033 5169 ιω,Δ
2050 5095 2495 5169 arguerecontlitte
2516 5096 2739 5169 ali_c_ujtts
2765 5095 3057 5169 sepulturte.
3091 5105 3224 5161 Lac.

1995 5161 2152 5248 CAP.
2176 5162 2361 5216 XXXI.
2384 5164 2547 5246 —’(e)
2577 5161 2879 5248 Figuratum
2912 5172 3332 5243 desperationem.
3369 5180 3528 5248 Figu-

1928 5243 2045 5309 rata
2070 5242 2211 5287 enim
2243 5242 2497 5309 partemin
2550 5242 2887 5309 expliealiant
2925 5260 3073 5299 suam
3106 5261 3399 5303 extremam
3430 5242 3522 5307 ca-

1926 5304 2253 5393 fatuitatem,
2308 5308 2579 5393 dicentes:
2614 5304 2867 5393 {irucrunt
2920 5332 3033 5393 ossa
3087 5332 3298 5387 nostra;
3328 5304 3523 5393 eosque

1929 5377 2066 5453 Dens
2110 5378 2294 5453 eodem
2330 5387 2516 5453 tenore
2556 5384 2760 5438 solatur
2794 5386 3042 5441 vaticinia
3089 5390 3180 5444 illo
3221 5377 3292 5447 et,
3322 5377 3525 5453 visuine

1925 5450 2125 5499 ossium
2161 5448 2451 5501 aridorum.
2491 5450 2617 5506 l..tc.

1999 5518 2063 5589 (Γ)
2106 5515 2211 5600 Sed
2236 5536 2345 5600 cum
2383 5522 2709 5590 dispersiouis
2734 5528 2937 5593 quidem
2968 5530 3173 5600 injuria,
3210 5544 3313 5589 etc.
3361 5537 3522 5593 Vide—

1926 5597 2009 5642 tur
2040 5598 2280 5664 puL-isse
2308 5594 2506 5664 Auctor
2533 5605 2654 5648 ante
2685 5594 3039 5653 calamitatem
3075 5594 3215 5657 illam
3254 5608 3524 5664 ISi-ai-luiei

1910 5662 2127 5742 .populi.
2144 5661 2377 5745 edidisse
2409 5662 2810 5745 lluCﬂOl'Jctlllttlt
2855 5670 3191 5745 Ezccliielem
3218 5692 3230 5735 ;
3262 5682 3401 5745 quod
3433 5661 3527 5732 ιι)ιέ

1931 5731 2310 5819 suinvidetur,
2342 5749 2470 5819 crum.
2494 5734 2793 5792 Ezechielis
2842 5741 3121 5819 proplietia
3176 5731 3355 5801 luisset
3410 5731 3526 5819 poSI

1935 5804 2318 5884 captivitatem.
2368 5804 2471 5859 Sed
2519 5818 2697 5884 potest
2740 5804 2910 5880 accipi
2943 5804 3373 5884 "fertullianns,
3410 5804 3525 5877 'non

1936 5874 2079 5954 quod
2108 5874 2335 5954 voluerit
2386 5874 2605 5954 otunino
2649 5890 2771 5935 ante
2799 5874 3158 5954 captivitatem
3186 5929 3199 5950 ,
3256 5874 3372 5946 sed.
3405 5874 3528 5949 ante

1940 5944 2149 6015 plenam
2178 5945 2588 6019 dispersionem,
2616 5960 2667 6007 et
2694 5944 3095 6025 oppressionem
3125 5944 3526 6021 acerbissnnam
