4250 6494
200 416 310 480 81νό

1220 422 1420 480 LIBER
1457 421 1549 479 DE
1588 417 2162 480 RESURRECTIONE
2186 420 2450 481 CARNIS.

3390 428 3494 493 846

199 537 259 593 Si
298 538 419 610 quis
454 554 705 595 arcanum
745 536 960 609 aliquod
1009 552 1204 607 corpus
1253 538 1483 603 inducit,
1525 535 1792 603 ostendat,
1823 538 1877 597 Α
1903 535 2001 593 bus
2027 546 2080 594 et
2110 538 2354 609 pedibus,
2383 548 2566 610 utpote
2603 539 2691 613 qui
2718 556 2837 598 cum
2868 558 3095 617 corpore
3124 548 3375 605 surrexit.
3401 548 3491 607 Sic

202 632 429 698 revelet,
469 634 655 703 probet
683 633 851 701 ipsmn
885 646 1005 686 csso
1033 631 1193 685 etiam
1234 632 1374 701 quod
1415 629 1689 684 occidatur
1732 629 1801 684 ab

201 723 444 790 homine,
473 736 525 779 et
556 725 622 778 de
653 724 744 779 illo
776 726 877 779 erit
902 723 1120 777 dictum.
1160 722 1286 776 Item
1314 724 1357 777 si
1385 724 1577 776 animm
1606 735 1799 790 corpus

199 820 493 888 Opponitur
538 818 641 889 (l),
680 818 888 873 vacabit
924 819 1135 871 astutia.
1187 817 1325 871 Cum
1348 818 1488 871 enim
1514 824 1801 885 utrumque

201 909 520 977 propoiiitur
544 950 557 971 ,
600 924 795 979 Corpus
824 919 981 977 atque
1008 908 1240 962 animam
1267 952 1279 972 ,
1310 909 1481 964 occidi
1516 910 1565 962 iu
1598 908 1801 978 gehen-

200 1016 328 1054 nam
355 1042 367 1060 .
410 1000 752 1072 distinguitur
797 1017 991 1070 corpus
1034 1006 1103 1056 ab
1141 1004 1316 1057 anima
1344 1045 1359 1069 ,
1390 1014 1437 1058 et
1483 1002 1801 1071 relinquitur

200 1092 422 1160 intelligi
454 1108 650 1162 corpus
675 1093 723 1148 id
756 1093 897 1164 quod
928 1094 977 1146 in
1014 1104 1258 1163 prompttt
1290 1095 1387 1158 sit;
1418 1110 1542 1149 caro
1571 1095 1797 1157 scilicet,

198 1198 323 1251 quae
362 1183 496 1237 sicut
520 1183 791 1238 occidetur
846 1182 924 1255 (‘2)
978 1184 1028 1238 in
1061 1184 1394 1253 gehennam,
1424 1188 1465 1238 si
1495 1200 1600 1239 non
1632 1186 1799 1254 magis

198 1289 227 1327 a
262 1276 370 1328 Deo
404 1277 638 1329 timuerit
689 1275 900 1339 Occidi,
936 1276 1003 1329 ita
1055 1288 1105 1331 et
1154 1273 1505 1331 viviﬁcabitur
1553 1278 1602 1329 in
1636 1279 1796 1331 vitam

199 1380 457 1423 atternam
479 1412 492 1433 ,
525 1370 568 1424 si
614 1370 862 1423 maluerit
914 1368 980 1423 ab
1012 1369 1314 1424 hominibus
1345 1370 1520 1440 potius
1550 1370 1795 1424 interﬁci.

200 1460 434 1515 Proinde
476 1460 519 1514 si
572 1461 690 1529 quis
745 1462 1070 1515 occisionem
1114 1462 1291 1516 carnis
1332 1471 1490 1529 atque
1519 1463 1712 1515 animae
1744 1461 1798 1516 in

197 1550 500 1619 gehennam
551 1550 615 1604 ad
662 1552 931 1606 interitum
961 1565 1011 1606 et
1046 1552 1203 1606 linem
1237 1554 1511 1622 utriusque
1548 1553 1797 1607 substan-

198 1643 287 1695 lizc
316 1642 566 1711 arripiet,
600 1658 704 1695 non
733 1644 796 1694 ad
828 1643 1147 1711 supplicium
1178 1685 1191 1707 ,
1226 1644 1376 1711 quasi
1406 1644 1802 1698 consumenda-

197 1751 342 1799 rum,
371 1749 476 1789 non
504 1735 655 1803 quasi
691 1735 1077 1803 puniemlarmn
1103 1777 1115 1797 ,
1162 1733 1472 1790 recordetur
1508 1736 1680 1806 ignem
1708 1752 1799 1805 ge-

198 1825 392 1880 henna:
439 1837 696 1881 :cternam
750 1826 1024 1895 prauiicari
1076 1828 1127 1880 in
1170 1842 1380 1897 poenam
1428 1837 1711 1894 atternam,
1745 1838 1799 1883 et

1905 642 2113 700 ergoet
2144 632 2459 689 recumbere
2485 633 2655 704 ipsum
2688 635 2737 689 in
2768 636 2859 691 Dei
2892 653 3060 709 regno
3083 682 3098 706 ,
3131 651 3185 696 et
3222 642 3411 698 sedere
3439 643 3490 697 in

1905 723 2113 779 thronis
2155 723 2234 796 (9)
2286 726 2515 792 Chrisﬁ,
2584 736 2635 781 ct
2702 728 2956 785 assistere
3012 740 3139 787 tunc
3186 734 3250 787 ad
3306 734 3493 791 dexte-

1904 814 2146 887 ram(10)
2176 816 2256 870 vel
2304 818 2597 885 sinistram,
2641 828 2696 875 et
2722 819 2882 877 cdere
2909 822 2977 876 de
3022 823 3165 895 ligno
3193 827 3332 889 vitm,
3368 842 3489 881 cor-

1905 908 2483 979 poralisdispositionis
2507 909 2814 967 ﬁdelissima
2862 914 3055 971 indicia
3100 931 3243 973 sunt.

2452 1003 2679 1059 CAPUT
2720 1004 2961 1062 XXXVI.

1977 1090 2267 1147 Videamus
2321 1108 2461 1148 nunc
2522 1109 2587 1148 an
2635 1106 2690 1151 et
2733 1095 3149 1154 Sadduczcm'um
3206 1104 3494 1158 versutiam

1904 1183 2140 1244 elidens,
2176 1192 2413 1238 nostram
2445 1186 2611 1255 magis
2639 1190 2955 1243 sententiam
2990 1194 3240 1247 erexerit.
3270 1194 3492 1263 Caussa,

1904 1276 2114 1345 opinor,
2146 1278 2478 1344 qumstiouis,
2512 1278 2605 1333 l'uit
2636 1279 2928 1336 destructio
2958 1287 3385 1343 resurrectionis.
3410 1287 3495 1343 Si-

1902 1369 2119 1440 quidem
2142 1369 2419 1427 Sadducaai
2447 1370 2544 1443 (a),
2572 1388 2740 1443 neque
2762 1377 2975 1442 auiune,
2998 1393 3172 1449 neque
3194 1382 3372 1435 earuis
3398 1382 3493 1437 ad-

1904 1463 2120 1517 mittunt
2158 1465 2384 1521 salutem
2416 1482 2430 1518 :
2472 1476 2526 1521 et
2562 1466 2681 1523 ideo
2720 1486 2785 1523 ex
2815 1486 2915 1538 qua
2948 1472 3025 1525 vel
3056 1475 3285 1530 maxime
3314 1479 3495 1545 Specie

1905 1557 2312 1611 resurrectionis
2354 1557 2484 1613 ﬁdes
2520 1558 2903 1628 labefactatur,
2948 1579 3013 1619 ex
3062 1581 3121 1618 ea
3169 1567 3283 1637 (11)
3336 1584 3498 1638 argu-

1906 1656 2141 1701 mentum
2184 1648 2503 1719 prpblemati
2544 1666 2642 1705 suo
2687 1656 3227 1711 accommodaverunt
3266 1674 3279 1710 :
3326 1657 3400 1731 (b)
3432 1661 3499 1716 de

1903 1742 2079 1794 carnis
2110 1742 2314 1798 scilicet
2341 1743 2561 1798 obtentu
2586 1785 2599 1808 ,
2632 1757 2873 1815 nupturae
2898 1790 2913 1811 ,
2944 1765 3146 1817 necne,
3180 1764 3297 1819 post
3323 1769 3503 1809 resur-

1905 1835 2234 1900 rectionem,
2261 1836 2361 1890 sub
2405 1837 2522 1905 ejus
2561 1838 2801 1893 mulieris
2843 1855 3069 1905 persona
3097 1879 3110 1901 ,
3144 1855 3263 1909 quae.
3292 1852 3498 1911 septem

196 1919 327 1974 inde
362 1920 714 1974 :elernitatcm
755 1921 1041 1973 occisionis
1071 1932 1356 1989 agnoscat,
1390 1930 1669 1990 propterea
1702 1922 1799 1974 hu-
1829 1936 1876 1994 Β
1908 1924 2157 1977 fratribus
2189 1937 2384 1992 nupta,
2412 1928 2463 1978 in
2494 1926 2657 1979 dubio
2686 1925 2989 1996 haberetur,
3020 1932 3104 1985 Cui
3127 1947 3309 1987 eorum
3339 1941 3499 1990 resti-

194 2028 394 2076 manm,
420 2022 475 2065 ut
500 2013 798 2080 temporali,
833 2014 1252 2079 prn‘litllcttdam.
1299 2011 1449 2065 Tune
1489 2022 1540 2064 et
1570 2022 1797 2064 rternas

194 2102 527 2155 substantias
576 2100 759 2155 credet
790 2144 803 2165 ,
852 2117 1074 2171 quarum
1128 2114 1326 2155 :rtet'na
1379 2103 1444 2154 sit
1496 2103 1697 2155 occisio
1746 2102 1795 2155 in

195 2210 432 2264 pomum.
476 2193 637 2247 Certe
681 2209 798 2245 cum
834 2203 950 2261 post
981 2194 1429 2247 resurrectionem
1459 2208 1652 2262 corpus
1676 2210 1795 2247 cum

194 2289 374 2342 anima
419 2286 589 2341 occidi
628 2285 818 2340 haheat
874 2301 903 2339 a
956 2287 1061 2339 Deo
1095 2287 1172 2359 (5)
1213 2288 1261 2339 in
1289 2289 1622 2357 gehennam,
1672 2289 1800 2340 satis

192 2381 261 2436 de
296 2392 516 2449 utroque
543 2378 806 2433 coostahit
834 2420 847 2433 .
873 2388 925 2432 et
962 2377 1029 2433 de
1067 2379 1268 2434 carnali
1306 2380 1722 2445 reSari-ectione,
1749 2388 1802 2433 et

194 2476 265 2529 tle
320 2484 518 2527 mlcrna
570 2473 857 2527 occisione.
924 2471 1379 2525 Absurdissimum
1437 2471 1697 2541 alioquin,
1755 2473 1798 2524 si

195 2568 399 2622 idcirco
426 2566 739 2620 resuscitata
786 2579 915 2618 caro
960 2564 1234 2617 occidatur
1265 2565 1315 2617 in
1342 2564 1644 2635 gehennam
1677 2607 1692 2630 ,
1726 2566 1798 2619 uti

193 2662 451 2724 ﬁniatur,
497 2659 636 2728 quod
677 2672 729 2713 et
772 2675 876 2712 non
916 2659 1227 2713 resuscitala
1281 2670 1570 2728 pateretur.
1615 2660 1670 2713 lu
1700 2660 1801 2715 hoc

192 2755 401 2809 scilicet
450 2751 720 2807 reﬁcietur
744 2794 758 2816 ,
794 2765 860 2807 ne
908 2752 977 2806 sit
1008 2794 1021 2817 ,
1056 2754 1139 2807 eui
1169 2768 1271 2806 non
1309 2768 1427 2808 esse
1454 2754 1563 2823 jam
1596 2756 1796 2809 evenit.

198 2845 389 2900 I'Zidcm
430 2858 529 2899 nos
569 2844 681 2915 spei
726 2842 952 2899 fulciens
997 2860 1274 2913 passerum
1320 2862 1532 2916 quoque
1576 2847 1799 2913 subjun-

189 2940 267 3008 git
296 2935 373 3009 (t)
405 2936 751 3007 exemplum,
805 2935 945 3003 quod
992 2953 1055 2990 ex
1097 2937 1292 2991 duobus
1341 2955 1440 2991 non
1480 2938 1629 2991 cadat
1673 2955 1802 2992 unus

192 3031 274 3100 (5)
324 3033 378 3083 in
420 3042 607 3084 (errant
632 3029 739 3083 sine
782 3027 876 3083 Dei
923 3030 1177 3083 voluntate
1203 3046 1220 3083 .'
1250 3038 1385 3085 utet
1413 3046 1653 3097 Carnem,
1684 3047 1801 3100 qua:

189 3122 449 3178 ceciderit
516 3122 567 3174 in
614 3128 810 3174 terram
840 3160 853 3180 ,
904 3120 1127 3188 proinde
1176 3121 1366 3176 credas
1416 3131 1470 3175 et
1515 3137 1797 3192 resurgere

191 3229 352 3285 posse
382 3227 479 3281 per
500 3210 740 3280 ejusdem
773 3210 861 3263 Dei
890 3210 1243 3265 voluntatem.
1294 3211 1425 3266 Nam
1478 3213 1577 3266 etsi
1622 3227 1803 3282 passe-

189 3306 341 3360 ribus
369 3304 470 3357 hoc
502 3319 606 3359 non
647 3303 807 3366 licet,
847 3302 941 3358 sed
982 3320 1079 3358 nos
1112 3305 1295 3360 multis
1327 3307 1632 3376 passeribus
1658 3306 1799 3359 auti-
1828 3318 1872 3381 ρ
1908 3306 2159 3361 rectionis
2236 3305 2515 3374 appellavit
2570 3305 2685 3379 (16)
2712 3351 2724 3370 ,

189 3411 421 3461 stamus,
448 3412 514 3452 co
538 3396 679 3466 quod
703 3396 955 3451 cadentes
1000 3413 1364 3474 resurgamus.
1416 3398 1654 3465 Quorum
1707 3399 1804 3453 de-

192 3494 357 3561 nique
413 3491 639 3559 capillos
687 3491 879 3561 capitis
926 3506 1115 3545 omnes
1161 3500 1470 3546 numeratos
1528 3490 1607 3562 (h)
1660 3490 1804 3544 afﬁr-

187 3582 472 3654 nians(7),
501 3583 677 3638 salvos
732 3582 913 3650 utique
968 3583 1312 3651 repromittit.
1354 3582 1631 3637 Perituros
1657 3582 1800 3636 enim

183 3694 313 3746 qua:
336 3681 474 3733 ratio
496 3681 545 3733 in
579 3697 857 3736 numerum
878 3680 1191 3751 redegisset,
1225 3674 1325 3737 nisi
1348 3674 1469 3743 quia
1494 3672 1595 3727 hoc
1617 3684 1719 3737 est,
1745 3681 1801 3725 ut

184 3786 340 3823 omne
373 3771 509 3835 quod
548 3772 704 3826 Pater
731 3772 854 3826 mihi
879 3772 1016 3827 dedit
1042 3814 1055 3835 ,
1088 3786 1188 3823 non
1226 3766 1435 3837 perdant
1466 3781 1528 3819 ea:
1569 3781 1625 3817 eo
1653 3766 1799 3833 quic-

182 3877 344 3929 quam
380 3860 555 3932 (Jouu.
590 3864 705 3935 Vl).
741 3866 791 3919 id
817 3875 900 3919 est
920 3906 932 3930 ,
960 3879 1061 3919 nec
1085 3861 1360 3932 capillum,
1384 3858 1525 3913 sicut
1554 3873 1651 3913 nec
1674 3873 1801 3913 ocu-

184 3951 301 4006 lum
333 3993 349 4017 ,
396 3970 493 4011 nec
539 3956 798 4012 dentem?
842 3955 1109 4012 Cteterum
1157 3953 1297 4009 unde
1349 3952 1451 4007 erit
1498 3950 1652 4006 ﬂetus
1685 3992 1700 4013 ,
1746 3958 1801 4003 et

183 4044 434 4099 dentium
470 4047 686 4102 freudor
716 4050 765 4103 in
814 4048 1091 4118 geheuna,
1125 4046 1226 4100 nisi
1273 4060 1339 4099 ex
1394 4044 1563 4098 oculis
1609 4053 1663 4098 et
1719 4041 1798 4114 (8)

185 4136 487 4191 dentibus?
508 4140 687 4193 occiso
712 4140 916 4195 scilicet
941 4140 1101 4194 etiam
1130 4151 1357 4207 corpore
1386 4136 1438 4189 in
1469 4135 1794 4205 gehennam,

184 4237 243 4282 et
273 4226 497 4285 detruso
524 4230 573 4284 in
606 4231 855 4287 tenebras
878 4230 1195 4295 exteriores,
1226 4244 1343 4297 quae
1368 4228 1645 4281 oculorum
1670 4239 1793 4294 pro-

185 4320 308 4389 pria
339 4329 465 4374 sunt
514 4330 806 4387 tormenta,
848 4322 891 4376 si
936 4322 1057 4392 quis
1096 4321 1147 4374 in
1176 4319 1375 4389 nuptiis
1408 4318 1584 4373 minus
1618 4316 1795 4387 dignis

183 4412 444 4482 operibus
466 4412 621 4470 fuerit
646 4415 861 4471 indutus
883 4457 899 4483 ,
922 4412 1371 4487 constringendus
1408 4412 1589 4467 statim
1619 4410 1793 4465 mani-

1905 2021 2159 2067 tueretur.
2212 2013 2379 2067 Porro
2412 2056 2426 2079 ,
2476 2026 2757 2071 serventur
2795 2034 2986 2075 sensus
3036 2032 3139 2077 tam
3190 2027 3502 2095 qurestionis

1904 2120 2060 2170 quam
2099 2107 2465 2174 res‘ponsionis
2496 2150 2510 2173 ,
2540 2120 2593 2162 ct
2641 2113 3021 2167 controversim
3064 2130 3344 2173 occursum
3396 2129 3498 2176 est.

1902 2195 1956 2248 Si
1976 2196 2115 2249 enim
2142 2196 2416 2252 Sadducmi
2436 2199 2648 2267 quidem
2674 2203 2997 2271 respuebant
3018 2209 3495 2279 resurrectionem,

1906 2288 2161 2344 Dominus
2181 2300 2360 2347 autem
2384 2290 2458 2362 (c)
2479 2308 2595 2347 eam
2622 2296 2971 2353 conlirmabat
3021 2299 3156 2372 (12),
3180 2313 3230 2357 et
3265 2304 3503 2375 Scriptu-

1905 2397 2083 2436 rarum
2118 2384 2332 2453 ignaros
2362 2385 2646 2457 increpans
2672 2428 2684 2447 ,
2719 2403 2906 2444 earum
2938 2392 3143 2447 scilicet
3171 2410 3287 2465 qua:
3320 2411 3503 2453 resur-

1906 2476 2198 2529 reCIioncm
2233 2477 2613 2546 pnedicassent
2638 2522 2651 2545 ,
2691 2490 2743 2534 et
2790 2480 2999 2537 virtutis
3039 2484 3129 2539 Dei
3177 2487 3500 2554 incredulos,

1907 2567 2113 2620 itionem
2146 2570 2327 2637 utique
2361 2572 2586 2622 mortuis
2618 2573 3007 2630 resuscitandis
3034 2616 3049 2638 ,
3081 2588 3350 2646 postremo
3378 2583 3505 2635 sub-

1901 2657 2137 2727 jieiens:
2177 2658 2431 2725 Quoniam
2472 2660 2590 2729 (15)
2648 2672 2813 2716 autem
2849 2663 2930 2737 (ιι)
2982 2670 3167 2721 mortui
3211 2685 3499 2742 resurgunt,

1906 2751 2022 2804 sine
2047 2750 2207 2804 dubio
2253 2759 2307 2803 ct
2338 2750 2709 2806 eouﬁrmando
2744 2769 2863 2810 esse
2904 2758 3044 2825 quod
3090 2760 3415 2829 negabatur;
3451 2764 3500 2819 id

1904 2853 2030 2909 est,
2098 2846 2546 2901 resurrectionem
2602 2858 2935 2905 mortuorunt
2988 2852 3127 2921 apud
3174 2854 3339 2910 Deum
3387 2858 3502 2927 (14)

1908 2939 2169 3004 virorum,
2202 2939 2363 2994 talem
2394 2955 2605 3010 quoque
2632 2956 2749 2994 eam
2776 2944 3129 2999 conlirmabat
3154 2963 3304 3015 esse,
3331 2951 3503 3019 qualis

1909 3029 2199 3096 negabatur
2231 3070 2245 3093 ,
2294 3030 2568 3099 utriusque
2617 3032 2823 3087 scilicet
2864 3035 3177 3091 substantia:
3230 3039 3496 3096 humanm.

1906 3118 2088 3189 Neque
2124 3121 2266 3173 enim
2297 3120 2342 3173 si
2371 3106 2630 3175 n‘unturos
2672 3132 2797 3176 tunc
2828 3126 3078 3195 negavit,
3130 3129 3249 3183 ideo
3282 3146 3380 3186 nec
3413 3149 3501 3186 rc-

1909 3223 2246 3268 surrecturos
2288 3213 2671 3267 demonstravit
2709 3215 2847 3286 (15).
2899 3219 3097 3288 Atquin
3151 3220 3288 3276 ﬁlios
3322 3239 3502 3279 resur-

2784 3325 2875 3378 per
2935 3327 3052 3368 eam
3107 3314 3503 3384 quodammodo

1912 3399 2058 3454 nasci
2100 3398 2357 3452 habentes
2378 3438 2393 3461 ,
2424 3409 2540 3465 post
2570 3414 2727 3467 quam
2778 3418 2881 3454 non
2928 3404 3131 3457 nubent
3156 3447 3168 3464 ,
3197 3408 3290 3461 sed
3325 3425 3504 3465 restis.

1909 3491 2052 3546 citati
2079 3532 2092 3553 ,
2123 3490 2326 3544 similes
2352 3490 2495 3545 enim
2534 3501 2689 3545 erunt
2727 3493 2948 3562 angelis;
2983 3493 3054 3566 (te)
3084 3512 3187 3566 qua
3233 3514 3337 3553 non
3368 3517 3503 3571 nup.

1909 3583 2034 3645 turi,
2058 3585 2177 3653 quia
2206 3597 2304 3637 nec
2330 3584 2607 3647 morituri;
2648 3585 2742 3639 sed
2778 3600 2879 3653 qua
2909 3591 3183 3646 transituri
3224 3593 3275 3647 in
3303 3606 3499 3651 statum

1907 3673 2202 3744 angelicum
2225 3715 2241 3741 ,
2276 3689 2370 3742 per
2407 3673 2775 3729 indumentum
2806 3676 2932 3731 illttd
2956 3678 3497 3755 incorruptibilitatis,

1907 3782 2002 3838 per
2045 3766 2393 3829 subSIantiae,
2432 3769 2764 3823 resuscitatte
2806 3780 3016 3837 tamen,
3055 3772 3496 3836 dcmutatioucm.

1904 3858 2170 3914 Caeterum
2196 3901 2209 3925 ,
2255 3875 2355 3915 nec
2391 3871 2721 3928 quarreretur
2751 3904 2766 3927 ,
2810 3866 3022 3934 nupturi
3073 3867 3187 3923 sive
3232 3872 3497 3941 morituri,

1906 3967 2097 4019 necne,
2126 3966 2311 4007 rursus
2339 3967 2580 4008 essemus
2604 3995 2617 4018 ,
2646 3954 2691 4009 si
2721 3970 2824 4009 non
2856 3957 2973 4026 ejus
3000 3959 3086 4014 vel
3114 3963 3344 4020 maxime
3373 3967 3500 4021 sub-

1904 4044 2113 4098 stantiae
2144 4044 2413 4099 restitutio
2444 4044 2494 4097 in
2521 4044 2740 4100 dubium
2781 4058 3064 4105 vocaretur
3085 4093 3101 4118 ,
3138 4070 3256 4123 qua:
3279 4059 3499 4127 proprie

1901 4147 1956 4191 et
2002 4146 2176 4191 morte
2218 4146 2272 4190 ct
2315 4137 2513 4206 nuptiis
2556 4137 2793 4208 fungitur
2819 4181 2834 4207 ,
2875 4141 2925 4196 id
2952 4154 3035 4197 est
3077 4148 3274 4203 carnis.
3320 4149 3496 4207 llabes

1898 4228 2057 4298 igitur
2118 4228 2396 4281 Dominum
2446 4229 2857 4285 conﬁrmantem
2910 4234 3170 4293 adversus
3214 4238 3497 4299 bzereticos

1898 4318 2225 4382 Judieorum,
2248 4319 2389 4388 quod
2413 4329 2466 4374 et
2494 4336 2635 4375 nunc
2665 4333 2886 4392 negatur
2910 4326 3047 4395 apud
3075 4327 3145 4399 (Ῑ)
3172 4329 3496 4391 Sadducatos

1896 4410 2344 4477 Christianorum,
2376 4410 2601 4468 solidam
2636 4416 3100 4473 resurrectionem.

1376 4521 1759 4579 LECTIONES
1798 4522 2214 4583 VABIANTES.

254 4616 330 4681 (l)
365 4617 577 4681 Qpponit
599 4621 739 4681 Pam.
769 4621 921 4671 Frmt.

254 4678 330 4745 (ξ)
369 4678 618 4745 φρέεὶόίιιιι·
640 4680 747 4745 _Rig.
778 4685 901 4745 Yon.

253 4739 329 4857 (Ξ)
364 4739 404 4787 Α
427 4740 535 4813 D530
557 4739 877 4814 οηιὶιιξιυιση.
905 4741 1044 4792 send.

317 4803 331 4857 )
368 4801 631 4857 Subjumut
654 4807 762 4857 th.
796 4805 915 4851 Ven.

278 4801 331 4868 ᾗ)
368 4801 631 4868 Subjunxit
654 4801 762 4868 Περ.
796 4805 915 4868 Ven.

252 4863 329 4929 (ὃ)
364 4863 501 4929 alter
521 4879 681 4917 onmes
695 4863 873 4929 p'rreler
892 4866 1011 4913 Jun.

255 4924 330 4989 (6‘)
368 4924 815 4989 Enmneratos'ltig.
838 4929 958 4977 Ven.

254 4988 331 5046 t7)
366 4989 595 5040 Adﬁrmat
612 4991 720 5046 Riq.
755 4994 875 5042 Ven.

255 5004 331 5046 tl)
366 5004 595 5040 Anurmat
612 5004 669 5042 ut
708 5027 720 5039 .
759 5004 875 5042 ven.

255 5051 329 5123 ei
461 5051 582 5123 αςιάε
609 5004 761 5123 Maca;
790 5047 941 5104 Semi-

256 5112 333 5174 (9)
368 5112 637 5164 Duodecim
658 5116 780 5167 add.
807 5125 957 5165 Frun.

1810 4615 1860 4674 D
1949 4613 2055 4742 (10}
2088 4616 2161 4665 Ad
2183 4617 2442 4665 dexteram
2468 4622 2583 4665 tunc
2606 4617 2706 4680 Itig.
2740 4626 2854 4669 Ven.

1981 4678 2026 4726 ll
2090 4678 2161 4742 lix
2180 4690 2279 4741 quo
2299 4678 2377 4727 vel
2403 4692 2468 4728 m.
2513 4691 2629 4741 spes
2653 4693 2853 4734 resurre

1978 4678 2055 4790 1P1!)
2084 4678 2161 4790 513x
2180 4690 2279 4741 quo
2299 4678 2377 4727 vel
2403 4692 2468 4728 ιιι.
2513 4691 2629 4741 spes
2653 4678 3028 4738 resurrectionis
3056 4688 3373 4746 labefactatur
3390 4732 3404 4759 ,
3432 4712 3495 4751 ex

2057 4755 2081 4790 ι·
2134 4780 2144 4789 .

1892 4752 1954 4791 (⁸0
1978 4752 2144 4791 ναι-ιε.

1984 4801 2058 4865 1'2)
2096 4802 2352 4865 Conﬁrmat
2375 4800 2522 4852 Itlteu.
2551 4801 2704 4865 sentt.

1984 4862 2060 4925 15')
2095 4864 2248 4925 Onam
2274 4862 2427 4917 Rite".
2455 4864 2605 4915 Sentl.

1986 4930 1997 4978 1
2020 4924 2060 4979 il
2099 4924 2358 4977 Dominum
2384 4925 2535 4979 Itltcu.
2562 4924 2717 4978 Seml.

1960 4991 2063 5053 (l5)
2100 4991 2371 5053 Negabit...
2393 4991 2756 5053 demonstrabit.
2776 4992 2928 5047 R/tt’u.
2955 4998 3106 5049 Seml.

1959 5050 2063 5115 (1(5)
2098 5050 2324 5115 Appellat.
2342 5050 2493 5105 Itlten.
2512 5054 2653 5105 sentt.

1578 5193 2133 5260 COMMENTARIUS.

266 5323 421 5381 CAP.
450 5323 692 5399 XXXVI.
722 5358 801 5399 -ν
838 5325 912 5399 (a)
957 5324 1220 5399 Siquidem
1266 5320 1547 5399 Sudducwi
1571 5361 1585 5383 ,
1640 5334 1799 5387 neque

190 5398 384 5451 unitum
430 5407 533 5450 etc.
566 5398 639 5450 l)c
660 5398 765 5451 illis
796 5391 1059 5451 Ii;rrcticis
1082 5412 1187 5450 non
1211 5394 1376 5451 semel
1404 5392 1504 5443 hoc
1532 5391 1581 5443 in
1612 5404 1797 5457 opere,

189 5480 250 5523 et
278 5468 398 5522 aliis
427 5471 606 5521 monui
640 5468 828 5521 alicubi
858 5469 1049 5521 anima:
1087 5464 1563 5525 imntortaliLaletn,
1594 5471 1648 5513 ct
1676 5476 1800 5514 cor-

194 5556 388 5611 porum
411 5541 879 5611 _resurrcctioncm
913 5552 1155 5611 negasse.
1204 5536 1277 5590 LE
1309 5536 1403 5611 Pu.

271 5608 355 5680 (b)
402 5608 474 5662 De
501 5611 667 5663 curuis
699 5612 880 5663 scilicet
921 5600 1140 5662 obtentu.
1191 5608 1453 5680 Quoniam
1484 5602 1701 5680 deerant
1737 5600 1802 5655 ad

194 5674 472 5751 probanda
518 5691 815 5735 commenta
850 5681 1082 5734 rationes
1113 5680 1382 5751 legitimis,
1415 5676 1569 5751 ﬁctas
1606 5674 1801 5727 obten-

191 5744 399 5807 debant
425 5752 705 5806 Satldqui
728 5794 743 5817 ,
776 5744 1190 5819 quaerehzmtque
1230 5766 1259 5803 a
1296 5744 1513 5819 (Christo
1539 5744 1806 5819 de‘uxore

196 5804 519 5878 maritorum
546 5804 766 5891 septeni,
796 5804 947 5891 cujus
974 5804 1115 5876 essel
1136 5836 1268 5875 uxor
1290 5818 1342 5872 in
1368 5804 1760 5891 resttrreclionc
1787 5831 1802 5877 ;

199 5893 349 5965 quod
378 5887 624 5965 [rivulum
648 5910 752 5950 non
781 5887 1085 5965 modo,_sed
1111 5891 1414 5965 ridiculum.
1457 5887 1660 5965 Lt:_l’u.

278 5962 355 6040 (e)
391 5962 519 6020 Eant
566 5965 918 6036 conﬁrmabat.
948 5958 1081 6020 Non
1127 5962 1265 6017 male
1314 5962 1488 6015 l'orsan
1541 5958 1807 6026 legeretur

1909 5311 2174 5391 conﬁrmat
2198 5351 2213 5376 ,
2258 5308 2358 5395 hoc
2404 5310 2571 5395 magis
2610 5310 2877 5395 placeret;
2912 5318 2961 5372 id
2986 5322 3127 5378 enim
3157 5330 3393 5395 pressius
3420 5332 3499 5389 lo-

1909 5383 2091 5451 quimr
2117 5391 2169 5433 et
2196 5378 2583 5434 Vehementius.
2614 5378 2697 5436 LF.
2729 5383 2825 5438 Pu.

1981 5452 2058 5521 (ά)
2080 5451 2282 5535 ’Μορκὶ
2312 5460 2592 5521 resurgunt.
2628 5452 2880 5525 Legerem
2912 5476 3197 5535 resurgunt,
3228 5471 3310 5524 vel
3336 5490 3505 5530 retur.

1908 5535 2045 5595 gent.
2080 5522 2153 5575 LE
2182 5521 2276 5576 Pu.

1982 5595 2055 5673 (e)
2092 5595 2205 5660 Qua
2231 5596 2588 5673 uoanupturi,
2619 5595 2737 5663 quia
2768 5614 2856 5650 nec
2885 5604 3132 5659 morituri.
3168 5610 3296 5666 Post
3320 5632 3500 5673 resur-

1912 5668 2520 5744 rectionemnuptiarum
2544 5678 2670 5744 usus
2698 5683 2799 5721 non
2828 5676 3057 5728 exstabit
3083 5694 3095 5741 ;
3130 5694 3247 5733 cum
3266 5668 3409 5739 enim
3432 5668 3505 5744 ad

1908 5741 2122 5813 generis
2154 5743 2357 5813 tantum
2383 5734 2608 5813 humani
2632 5743 3067 5809 proliagationem
3086 5734 3482 5813 'iusﬁtutai‘sint‘

1912 5802 1997 5861 ubi
2027 5814 2201 5895 cessat
2231 5804 2318 5884 illa
2336 5804 2611 5895 .nioriendi
2632 5802 2945 5895 necessitas,
2972 5802 3505 5895 cessatquoque-illa

1913 5876 2308 5947 prapagationis
2335 5875 2528 5947 ῐυνιῃιι.
2560 5875 2632 5931 LE
2662 5878 2754 5933 l’lt.

1986 5948 2051 6022 (t‘)
2084 5944 2399 6003 Sadducwus
2427 5944 2850 6010 Christianorum.
2893 5955 2959 6013 Ut
2984 5958 3261 6021 Sadducxi
3291 5968 3505 6029 Judao.
