4250 6494
197 361 304 424 849

1243 364 1442 423 LIBER
1480 363 1571 422 DE
1609 361 2184 423 RESURRECTIONE
2220 362 2490 422 CARNIS.

3373 361 3482 422 850

194 478 400 547 spectni
425 475 697 544 subdidit,
728 485 908 547 posset
933 477 1113 550 utique
1139 486 1194 534 et
1235 487 1574 550 resurgentes
1612 479 1779 534 oculis
1805 481 1856 538 Δ
1885 478 2051 533 videri
2083 479 2388 535 rescindere
2411 522 2426 544 ,
2461 478 2618 536 Iidem
2666 478 3076 537 resurrectionis
3118 477 3304 550 utique
3345 491 3473 534 con-

195 571 448 627 exhibere
473 573 591 628 sine
610 586 793 626 carne.
843 573 911 626 At
931 587 1030 641 ego
1053 572 1218 626 Deum
1245 571 1383 626 malo
1411 572 1657 640 decipere
1681 587 1784 626 non

196 679 378 735 posse,
407 666 472 720 de
502 665 702 719 fallacia
733 665 1072 720 solummodo
1102 667 1388 727 infirmum,
1415 680 1481 718 ne
1508 665 1661 718 aliter
1685 663 1784 717 do-

193 767 440 811 cumenta
465 757 810 826 prtemisisse,
832 772 990 826 quam
1017 771 1127 811 rem
1151 755 1481 824 dispOsuisse
1505 755 1744 810 videatur
1769 774 1781 809 :

194 848 306 902 imo
331 891 343 912 ,
377 865 440 902 ue
465 849 508 902 si
541 848 844 917 exemplum
877 847 1287 902 resurrectionis
1322 847 1440 902 sine
1477 861 1639 903 carne
1679 863 1782 902 nou

196 940 358 993 raluit
406 939 690 1005 inducere,
722 938 889 992 multo
925 938 1093 1009 magis
1139 938 1518 1008 plenitudinem
1551 939 1783 1008 exempli

194 1031 248 1086 in
269 1031 455 1086 eadem
478 1031 771 1086 substantia
795 1030 1054 1086 exhibere
1081 1045 1184 1085 non
1211 1031 1394 1100 possit.
1425 1031 1635 1086 Nullum
1658 1046 1785 1086 vero

190 1125 494 1193 exemplum
527 1125 700 1194 majus
745 1133 826 1179 est
872 1139 957 1190 eo,
990 1125 1142 1194 cujus
1191 1125 1491 1195 exemplum
1532 1137 1629 1180 est.
1673 1125 1782 1180 hla-

184 1216 275 1284 jus
317 1215 500 1288 est(l)
553 1227 766 1283 autem,
797 1217 840 1272 si
888 1217 1082 1271 anima:
1133 1232 1254 1272 cum
1296 1232 1522 1287 corpore
1559 1218 1784 1272 resusci-

189 1308 444 1362 tabnntnr
499 1306 580 1379 (ἓ)
649 1308 700 1362 in
745 1307 1124 1362 documentum
1182 1307 1298 1363 sine
1338 1322 1562 1378 corpore
1603 1321 1784 1362 resur-

188 1400 346 1470 gendi
371 1443 382 1460 ,
409 1409 464 1454 ut
493 1409 600 1454 tota
631 1400 864 1455 hominis
891 1401 1036 1455 salus
1065 1399 1299 1455 dimidim
1328 1400 1782 1470 patrocinaretur;

187 1491 403 1561 quando
447 1492 818 1560 exemplorum
854 1489 1092 1545 conditio
1121 1490 1249 1544 illud
1285 1490 1458 1560 potius
1487 1498 1781 1558 expeteret,

187 1585 330 1653 quod
359 1585 534 1640 minus
563 1583 884 1650 haberetur,
913 1584 1107 1638 anima:
1146 1583 1269 1639 dico
1318 1584 1483 1638 solius
1515 1598 1786 1638 resurrec-

188 1679 432 1742 tionem,
494 1677 637 1733 velut
687 1688 898 1747 gustum
941 1678 1123 1732 carnis
1163 1678 1321 1732 etiam
1379 1676 1458 1748 (5)
1513 1691 1784 1732 resurrec-

189 1779 326 1823 tur:e
369 1783 466 1822 suo
534 1769 586 1823 in
635 1778 894 1838 tempore.
949 1771 1125 1840 Atque
1177 1768 1310 1823 adeo
1337 1769 1440 1840 (4),
1495 1769 1786 1824 secundum

1893 572 2138 625 tirtnahat
2188 573 2478 628 secundum
2527 573 2858 639 Phariszeos,
2898 588 3156 643 respuens
3197 580 3478 642 negatores

1889 663 2004 732 ejus
2027 663 2372 719 Saddncteos.
2407 664 2640 719 Proinde
2673 675 2724 719 ct
2762 665 2902 735 apud
2929 665 3235 736 Agrippam,
3260 663 3390 718 nihil
3419 676 3478 715 se

1889 755 1962 808 ait
2011 753 2290 824 proferre,
2337 756 2470 809 citra
2517 771 2676 825 quam
2727 758 3002 825 propheta:
3048 754 3471 808 aununtiassent.

1889 845 2029 916 Ergo
2071 846 2317 902 servabat
2358 847 2806 902 resurrectionem
2847 860 3076 918 quoque,
3107 846 3315 916 qualem
3349 859 3474 913 pro-

1889 937 2063 1008 pheta:
2091 937 2489 992 annnntiarant.
2535 935 2667 991 Nam
2714 947 2768 991 et
2806 937 2872 993 de
2912 936 3305 992 resurrectione
3331 949 3474 990 mor-

1889 1040 2096 1086 tuorum
2128 1031 2268 1102 apud
2306 1030 2522 1103 Moysen
2552 1030 2810 1098 scriptum
2858 1043 3316 1093 commemorans,
3346 1042 3467 1082 coro

1891 1124 2123 1192 poralem
2151 1137 2268 1176 eam
2314 1132 2506 1185 norat;
2540 1123 2590 1177 in
2630 1136 2733 1193 qua
2760 1121 2964 1176 scilicet
2999 1120 3215 1191 sanguis
3246 1119 3476 1174 hominis

1888 1216 2092 1285 exquiri
2123 1215 2356 1270 habebit.
2389 1215 2569 1287 Itaque
2603 1214 2757 1270 talem
2793 1214 3150 1285 praedicabat,
3179 1213 3388 1284 qualem
3421 1221 3475 1266 et

1889 1305 2141 1360 Pharisari
2185 1316 2562 1376 susceperant,
2592 1315 2646 1362 et
2690 1307 2945 1362 Dominus
2985 1307 3099 1377 ipse
3147 1305 3475 1366 defenderat.

1887 1408 1942 1452 et
1970 1397 2277 1462 Sadduciei,
2302 1413 2370 1454 ne
2411 1399 2567 1454 talem
2612 1413 2824 1470 quoque
2861 1397 3185 1464 crederent,
3223 1397 3275 1451 iu
3306 1406 3472 1451 totum

1889 1503 2011 1545 esse
2057 1490 2354 1546 noluerant.
2402 1490 2506 1546 Sed
2539 1505 2636 1546 nec
2672 1491 3028 1547 Atheuienses
3066 1491 3222 1545 aliam
3266 1490 3475 1546 intelle-

1891 1593 2078 1636 xerant
2117 1600 2142 1634 a
2183 1581 2348 1637 Paulo
2387 1581 2631 1652 portendi
2665 1599 2678 1636 :
2723 1581 2954 1652 denique
3007 1583 3284 1637 irriserant
3309 1623 3325 1647 ,
3368 1598 3473 1637 non

1891 1673 2099 1728 irrisuri
2146 1675 2384 1738 omnino,
2411 1674 2454 1727 si
2480 1673 2673 1728 animae
2703 1674 2872 1728 solius
2902 1674 3292 1730 resﬁtutionem
3321 1674 3479 1729 abeo

1891 1766 2197 1828 audissent;
2228 1766 2588 1834 suscepissent
2617 1767 2761 1821 enim
2808 1767 3103 1822 vernaculae
3141 1782 3253 1822 suae
3303 1767 3479 1838 philo-

190 1869 430 1915 nostram
483 1859 594 1914 veri
648 1859 727 1931 (5)
776 1859 1184 1914 :estimationem
1237 1858 1350 1931 (6),
1397 1860 1636 1930 exempla
1701 1859 1786 1913 illa
1819 1869 1865 1929 Β
1893 1857 2534 1928 sophia:frequentiorum
2560 1858 3048 1928 prmsumptionem.
3081 1859 3146 1912 At
3186 1858 3272 1912 ubi
3305 1858 3478 1912 natio-

191 1961 526 2006 mortnorum
567 1966 596 2004 a
641 1950 866 2006 Domino
918 1951 1294 2006 suscitatorum
1341 1950 1790 2006 commendabant

190 2042 407 2114 quidem
454 2053 509 2096 et
543 2042 721 2098 carnis
755 2051 810 2096 et
845 2043 1036 2097 anima:
1077 2044 1524 2098 resurrectionem
1547 2085 1560 2108 ,
1594 2059 1660 2098 ne
1705 2045 1786 2097 cui

193 2134 508 2188 substantia:
547 2141 834 2203 negaretur
863 2133 965 2188 hoc
993 2133 1229 2198 donum;
1257 2148 1378 2204 qua:
1406 2144 1582 2188 tamen
1611 2150 1790 2190 exom-

195 2223 280 2293 pla
311 2239 377 2277 eo
409 2225 582 2277 minus
615 2223 814 2292 aliquid
839 2222 1071 2280 edebant
1097 2223 1226 2296 (non
1265 2225 1408 2280 enim
1452 2227 1503 2280 in
1544 2227 1788 2296 gloriam,

195 2331 298 2370 nec
323 2315 896 2386 anorruptibilitatem,
923 2315 1018 2369 sed
1043 2317 1093 2370 in
1130 2325 1358 2372 mortem
1380 2317 1539 2372 aliam
1562 2320 1784 2374 suscita-

193 2407 436 2476 bantur),
471 2421 630 2478 quam
655 2405 884 2462 ediderit
921 2406 1186 2462 Chiistus.

749 2538 976 2597 CAPUT
1017 2541 1260 2596 XXXIX.

280 2674 754 2730 Resurrectioucm
823 2675 1116 2747 apostolica
1173 2693 1383 2749 quoque
1441 2680 1794 2737 instrumenta

198 2776 490 2821 testantur.
537 2765 670 2822 Nam
718 2775 774 2822 et
818 2768 1088 2838 Aposmlis
1117 2769 1319 2825 nullum
1350 2772 1489 2827 aliud
1531 2779 1794 2845 negotium

199 2861 306 2916 fuit
335 2901 350 2924 ,
399 2859 676 2913 dumtaxat
720 2859 858 2930 apud
915 2859 1166 2916 lsraelem
1196 2901 1211 2928 ,
1263 2879 1419 2931 quam
1472 2869 1547 2936 (a)
1606 2869 1798 2922 veteris

200 2950 540 3006 Testamenti
569 2950 906 3021 resignaudi,
943 2961 998 3005 et
1041 2953 1161 3006 novi
1208 2956 1550 3024 consignaudi
1579 2995 1591 3018 .
1626 2958 1800 3025 potius

197 3041 315 3111 jam
340 3041 431 3096 Dei
457 3043 506 3094 in
531 3040 742 3096 Christo
763 3042 1136 3096 concionantli.
1158 3044 1232 3098 Ita
1256 3047 1393 3100 etde
1411 3050 1799 3105 I'CSUI‘I'Ct'liOIIC

203 3134 342 3188 nihil
394 3134 514 3187 novi
589 3133 880 3188 intulerunt
923 3135 1004 3206 (7)
1034 3177 1050 3201 ,
1109 3137 1206 3191 nisi
1255 3139 1394 3206 quod
1436 3148 1490 3192 et
1535 3140 1700 3209 ipsam
1750 3143 1799 3196 in

1894 1965 1990 2004 nes
2018 1950 2343 2020 praeconium
2383 1950 2797 2006 resurrectionis
2822 1991 2838 2016 ,
2878 1949 3127 2004 inaudita:
3155 1959 3299 2004 retro
3320 1991 3335 2014 ,
3366 1949 3478 2018 ipsa

1895 2044 2130 2099 novitate
2172 2045 2480 2108 concussit,
2524 2053 2578 2099 et
2617 2043 2775 2114 digna
2809 2042 3152 2098 incredulitas
3195 2043 3273 2097 rei
3316 2050 3476 2096 tantm

1893 2137 2277 2207 qumstionibus
2353 2136 2509 2191 tidem
2565 2145 2812 2207 torquere
2871 2135 2951 2209 (8)
2994 2137 3190 2205 cmpit,
3244 2144 3367 2190 tunc
3424 2145 3480 2190 et

1894 2229 2180 2300 Apostolus
2225 2227 2296 2299 (c)
2339 2243 2434 2299 per
2475 2237 2644 2283 totum
2692 2243 2828 2296 pene
2864 2230 3275 2284 instrumentum
3322 2227 3481 2281 fidem

1898 2319 2056 2388 hujus
2085 2321 2197 2390 spei
2229 2321 2579 2375 corroborare
2607 2321 2816 2374 curavit
2845 2361 2858 2384 ,
2889 2331 2943 2375 et
2982 2335 3103 2374 esse
3145 2333 3263 2374 eam
3301 2327 3484 2373 osten—

1896 2413 2048 2477 deus,
2079 2422 2133 2469 et
2164 2414 2399 2469 nondum
2429 2423 2748 2469 transactam
2775 2453 2790 2479 ,
2817 2423 2871 2469 et
2900 2413 2988 2485 (dc
3013 2429 3118 2483 quo
3148 2411 3316 2482 magis
3341 2427 3482 2481 Qtlzu-

1898 2505 2133 2577 rehatnr)
2162 2507 2492 2576 corporalem
2520 2549 2534 2572 ,
2566 2515 2620 2562 et
2659 2505 2836 2577 (quod
2863 2506 3081 2577 insuper
3123 2503 3486 2573 dubitabatur)

1898 2614 2003 2655 non
2032 2601 2188 2656 aliter
2237 2601 2593 2671 corporalem.

2504 2690 2733 2749 CAPUT
2774 2691 2883 2746 XL.

1973 2784 2110 2841 Nihil
2154 2792 2330 2840 autem
2376 2784 2612 2850 mirum,
2642 2786 2684 2838 si
2723 2797 2775 2840 ct
2822 2799 2886 2838 ex
2920 2783 3087 2852 ipsius
3131 2783 3488 2838 instrumento

1901 2886 2182 2948 raptentur
2225 2885 2568 2948 argumenta,
2599 2890 2720 2930 cum
2766 2884 3012 2946 oporteat
3055 2875 3289 2930 Ilzllﬂ‘SCS
3330 2887 3488 2934 0580;

1903 2985 2019 3038 qua
2046 2983 2166 3024 esse
2194 2984 2296 3026 nou
2327 2978 2574 3038 possent,
2607 2969 2649 3022 si
2675 2982 2779 3022 non
2816 2975 2872 3022 et
2898 2982 3175 3036 perperam
3205 2965 3493 3035 Scriptttrze

1905 3060 2123 3130 intelligi
2158 3069 2391 3129 possent.
2440 3058 2620 3114 Nacta:
2668 3059 2750 3131 (9)
2797 3058 3027 3129 denique
3082 3059 3315 3112 Inercses
3360 3056 3498 3110 duos

1907 3152 2149 3208 homines
2175 3154 2242 3208 ab
2272 3152 2530 3223 Apostolo
2574 3153 2747 3208 editos
2770 3193 2786 3215 ,
2818 3152 3146 3215 interiorem,
3184 3152 3232 3204 id
3271 3159 3353 3206 est
3379 3151 3498 3203 auio

203 3227 438 3297 gloriam
465 3227 658 3282 Christi
687 3229 1103 3294 annuntiabaut;
1131 3229 1196 3284 de
1225 3240 1421 3286 castero
1445 3274 1460 3297 ,
1489 3234 1714 3303 simplLei
1750 3249 1797 3290 et

1910 3261 2047 3299 mam
2071 3287 2083 3307 ,
2117 3253 2172 3298 et
2213 3245 2557 3321 exteriorem,
2584 3243 2634 3298 id
2655 3253 3000 3308 estearnem;
3035 3243 3254 3298 salutem
3279 3241 3494 3312 quidem

205 3332 339 3376 nota
386 3322 496 3390 jam
561 3320 664 3376 fide
715 3332 1022 3391 reet‘ptam,
1091 3323 1164 3392 (b)
1214 3324 1327 3378 sine
1388 3325 1489 3378 ulla
1535 3327 1804 3395 qualitatis

205 3415 514 3486 quastione
535 3457 549 3479 ,
578 3415 706 3468 solis
734 3414 1119 3484 refragantibus
1149 3415 1474 3472 Sadducais.
1501 3419 1650 3473 Adi-0
1679 3419 1804 3475 faci-

207 3507 318 3562 Iin.
343 3508 435 3560 fuit
469 3510 646 3578 negari
677 3508 726 3560 in
769 3519 935 3562 tottttn
977 3520 1304 3563 mortuormu
1332 3513 1802 3580 resurreCtionem,

208 3617 376 3673 q-tam
407 3601 562 3656 aliter
601 3601 842 3672 intelligi.
893 3602 1068 3657 Habes
1113 3603 1360 3666 Paulum.
1394 3607 1530 3676 apud
1570 3622 1808 3663 summos

210 3693 528 3749 sacci-detes
554 3695 651 3747 sub
683 3695 895 3749 tribuno
918 3696 1054 3750 inter
1085 3697 1406 3753 Sadducieos
1432 3710 1483 3755 et
1511 3700 1810 3757 I’harismos

215 3785 344 3839 Iitlei
403 3801 515 3840 sua:
565 3785 974 3856 professorem:
1022 3788 1126 3842 Viri
1151 3831 1165 3855 ,
1211 3791 1417 3861 inquit,
1460 3795 1678 3863 fratres,
1721 3814 1811 3868 ego

213 3879 508 3946 pharisaeus
538 3894 646 3931 sum
665 3920 678 3939 ,
712 3880 848 3944 ﬁlius
876 3881 1278 3947 plmrisworttm;
1305 3884 1368 3938 de
1396 3900 1485 3952 spe
1513 3903 1647 3940 nunc
1679 3897 1724 3941 et
1751 3889 1815 3942 de

215 3970 588 4023 resurrrctione
617 3970 826 4040 judiror
863 3972 1001 4042 apud
1031 3988 1152 4035 vos;
1183 3975 1364 4043 utique
1409 3981 1714 4042 communi;
1747 3995 1814 4036 ne

216 4063 343 4129 quia
368 4062 476 4129 jam
524 4070 886 4130 transgressor
925 4061 1056 4130 legis
1098 4063 1410 4129 videbatur,
1452 4066 1518 4121 de
1547 4069 1815 4139 praecipuo

218 4155 346 4208 liclci
382 4154 542 4209 totius
569 4154 792 4208 articqu
815 4196 828 4216 .
866 4154 914 4207 id
942 4154 1110 4210 estde
1137 4159 1549 4224 resurrectione,
1583 4162 1646 4215 ad
1679 4162 1812 4218 Sad-

218 4246 447 4303 ducteos
500 4261 688 4317 sapere
744 4247 1157 4304 existimaretur.
1224 4249 1334 4316 Ita,
1385 4268 1542 4322 quam
1599 4258 1810 4313 nolebat

1907 3341 2098 3394 animae
2122 3380 2137 3401 ,
2172 3338 2220 3391 id
2252 3347 2336 3393 est
2362 3338 2598 3393 interiori
2632 3337 2832 3393 homini
2861 3377 2876 3400 ,
2907 3335 3128 3391 exitium
3170 3350 3296 3389 vero
3321 3333 3493 3398 carni,

1909 3429 1959 3483 id
1997 3439 2080 3483 est
2117 3428 2401 3491 exteriori,
2431 3427 2901 3497 adjudicaverunt;
2954 3427 3076 3497 quia
3128 3425 3382 3495 scriptum
3429 3424 3500 3478 sit

1909 3519 2244 3576 Corinthiis:
2289 3519 2425 3575 Nam
2474 3523 2566 3575 etsi
2617 3522 2767 3575 homo
2798 3530 2966 3574 noster
3013 3521 3229 3574 exterior
3272 3535 3499 3572 corrum-

1911 3619 2066 3684 pitur,
2099 3613 2183 3668 sed
2231 3614 2437 3667 interior
2464 3624 2733 3667 renovatur
2758 3613 2820 3667 de
2844 3611 2957 3684 (IO)
2980 3613 3062 3666 die
3089 3620 3135 3665 et
3161 3613 3262 3665 die.
3308 3610 3497 3672 Porro,

1915 3723 2012 3762 nec
2037 3708 2215 3761 anima
2249 3722 2347 3776 per
2377 3707 2733 3778 semetipsam
2768 3707 2948 3773 homo,
2975 3721 3093 3776 quae
3124 3707 3374 3776 figmento
3391 3705 3502 3773 jam

1919 3803 2118 3857 homini
2177 3801 2292 3873 (II)
2326 3800 2592 3869 appellato
2624 3809 2804 3869 postea
2846 3794 3043 3854 inserta
3085 3807 3198 3863 cst;
3248 3810 3346 3852 nec
3374 3810 3501 3850 caro

1916 3898 2032 3951 sine
2057 3896 2229 3949 anima
2257 3894 2438 3958 homo,
2470 3907 2609 3962 qum,
2646 3903 2764 3963 post
2789 3893 3006 3948 exilium
3029 3893 3243 3956 animm,
3270 3889 3499 3945 cadaver

1920 3989 2244 4043 inscribitur.
2289 3985 2366 4040 Ita
2407 3984 2724 4040 vocabulum
2769 3984 2917 4039 homo
2960 3993 3327 4039 consertarum
3368 3981 3497 4036 sub-

1919 4079 2232 4134 stantiarum
2283 4076 2507 4131 duarum
2552 4075 2785 4147 quodam
2838 4075 2998 4130 modo
3043 4074 3202 4129 fibula
3251 4081 3333 4127 est
3361 4091 3373 4126 :
3403 4069 3504 4126 sub

1918 4187 2025 4242 quo
2051 4170 2332 4234 voeabuIO,
2359 4181 2462 4224 non
2497 4177 2717 4238 possunt
2761 4182 2880 4223 esse
2921 4167 3019 4221 nisi
3060 4165 3176 4238 (1‘2)
3219 4164 3503 4221 cohzcren-

1911 4274 2012 4318 tes.
2042 4263 2118 4335 (tt)
2140 4262 2324 4326 Porro,
2348 4259 2630 4331 Apostolus
2660 4259 2972 4315 interiorem
2994 4257 3284 4322 hominem,
3310 4255 3502 4328 (e)non

1445 4343 1823 4409 LECTIONES
1864 4352 2273 4411 VARIANTES.

315 4436 366 4495 1)
400 4433 544 4484 Esset
563 4431 673 4484 cod.
707 4433 892 4483 Wouw.

312 4497 365 4556 ‘2)
401 4496 826 4546 Resuscitarentur
849 4496 959 4546 cod.
995 4496 1178 4547 Wouw.

317 4559 371 4677 ὃ)
407 4558 562 4608 Etiam
582 4561 709 4609 abest
731 4571 762 4606 a
785 4566 933 4607 Fran.

317 4623 348 4668 ι
402 4619 520 4669 Ideo
535 4620 645 4670 rod.
678 4621 865 4670 Wouw.

313 4619 368 4670 4)
402 4619 520 4669 Ideo
535 4620 645 4670 rod.
678 4621 865 4670 Wouw.

319 4685 371 4746 ὅ)
406 4682 538 4746 Υιτο
568 4685 687 4746 Ven.

314 4743 369 4810 6)
403 4743 820 4795 Existimationem
847 4745 996 4795 Fran.
1025 4749 1162 4796 Pam.

305 4898 461 4982 CAP.
492 4895 739 4982 XXXIX.
763 4931 834 4982 τ-
856 4899 943 5026 Si)
982 4901 1167 4958 Veteris
1206 4903 1508 4959 Tcstantenti
1541 4909 1832 4977 resignonrti

314 4987 431 5026 novt
459 4974 808 5026 consumendi.
907 4975 1062 5026 ntitna
1094 4975 1405 5026 metaphora
1436 4987 1582 5026 notat
1603 4982 1829 5026 Αικιςιη-

231 4983 283 5046 et
314 4971 432 5026 novi
459 4972 808 5046 consignandi.
856 4971 1062 5046 Optima
1094 4975 1405 5044 metaphora
1436 4987 1582 5031 notat
1603 4971 1829 5046 Aposto-

231 5045 321 5098 los
356 5041 675 5110 explicuisse
718 5051 869 5096 vetus
910 5041 1308 5099 Testamentum
1340 5091 1353 5106 ,
1384 5056 1438 5101 et
1476 5041 1667 5102 novum
1699 5065 1830 5104 con-

231 5115 502 5189 firmasse.
526 5112 1024 5189 fl‘estantenti‘enint
1048 5125 1129 5189 est
1153 5117 1347 5184 aperiri
1377 5120 1752 5189 resignatioue,
1778 5131 1833 5175 et

235 5184 645 5256 consignatione
697 5184 946 5237 smhiliri.
1003 5185 1175 5242 Labor
1228 5189 1385 5256 igitur
1442 5184 1833 5256 pfzdicationis

235 5254 552 5326 apostolica:
576 5253 674 5326 fuit
695 5257 889 5310 veteris
916 5257 1200 5326 explicatio
1223 5253 1324 5325 [et
1353 5253 1475 5314 novi
1505 5260 1830 5316 Testamenti

235 5324 598 5380 confirmatio.
641 5325 770 5379 Lsc.

315 5392 396 5464 (b)
428 5393 550 5449 Sine
589 5393 1327 5473 ulla_qualitt_1_tis‘qumstione.
1378 5400 1435 5455 Id
1476 5410 1601 5466 est,
1633 5402 1834 5473 absque

235 5467 350 5543 ulla
392 5466 754 5543 controversia
792 5468 966 5543 qua|i_s
994 5467 1220 5543 fuisset,
1257 5487 1447 5541 nempe
1487 5466 1836 5543 itu-corporis

235 5538 328 5592 vel
359 5537 590 5600 anima);
621 5551 743 5589 nam
773 5552 893 5590 cum
921 5538 1229 5594 Sadducmis
1259 5558 1363 5596 non
1385 5537 1518 5597 'erat
1560 5537 1836 5598 dissidium

240 5620 366 5662 sitm
416 5606 738 5661 resurrectio
787 5606 960 5663 futura
1005 5619 1148 5665 esset
1188 5615 1378 5666 anima:
1424 5629 1490 5667 an
1539 5615 1749 5674 carnis.
1785 5625 1841 5669 ut

236 5687 434 5734 contra
463 5677 741 5748 haereticos
779 5677 1012 5747 disputat
1046 5682 1272 5748 Auctor,
1301 5683 1392 5737 sed
1436 5683 1504 5739 de
1543 5686 1838 5741 substantia

243 5747 681 5827 [esitrrectjonim
735 5764 892 5819 quam
933 5751 1173 5808 absolute
1218 5747 1270 5809 et
1325 5755 1526 5826 integre
1578 5756 1843 5827 negabant

244 5817 550 5876 Sadduca-i.
585 5818 717 5874 Lac.

323 5887 398 5961 (e)
428 5887 527 5944 Per
550 5899 707 5946 totum
730 5906 856 5960 pene
879 5891 1280 5951 instrumentum.
1313 5895 1370 5952 Β.
1397 5897 1543 5954 Pauli
1572 5898 1842 5973 Epistolas

1602 4741 1968 4875 COMMElBI‘A

1987 4449 2058 4512 (7)
2091 4448 2363 4512 Intulerant
2385 4443 2536 4512 nam.

1984 4505 2056 4573 (8)
2089 4510 2401 4573 Eixtorquere
2422 4507 2571 4560 Rhen.
2595 4505 2744 4559 Sonat.

2009 4569 2060 4637 9)
2079 4572 2230 4637 ΔΝέῐειθ
2254 4569 2404 4637 litters.

2015 4630 2092 4694 lit)
2128 4633 2204 4683 De
2225 4632 2375 4683 0min.
2395 4630 2504 4694 Rig.
2531 4640 2643 4680 Ven.

2015 4695 2090 4746 Hi
2126 4695 2333 4746 Homine
2359 4695 2504 4744 Rhen.

2014 4754 2087 4808 l2)
2124 4758 2221 4808 Nisi
2243 4755 2370 4808 ώεδι
2388 4768 2420 4805 a
2442 4754 2588 4806 tmen.

2025 4821 2150 4876 IUS.

1937 4913 2134 4966 indicat
2155 4919 2287 4966 teste
2312 4910 2589 4970 Rbenano,
2617 4911 2666 4964 in
2688 4909 2880 4970 quibus
2902 4907 3088 4962 valida:
3111 4907 3518 4964 resurrectionis

1936 4984 2272 5052 probationes
2317 4979 2633 5036 afferuntur.
2686 4979 2843 5036 Vides
2875 4980 2976 5052 hoc
3004 4981 3054 5032 in
3081 4980 3254 5052 e_apit_e
3292 4994 3395 5033 non
3425 4994 3513 5034 se-

1935 5049 2035 5108 mel
2068 5053 2396 5117 Scrip'uram
2429 5053 2836 5105 instrumentum
2864 5051 3079 5105 dixisse.
3105 5050 3178 5105 LE
3208 5049 3304 5104 Pa.

2008 5125 2154 5179 (IAP.
2186 5121 2296 5177 XL.
2323 5151 2393 5162 —
2422 5121 2500 5191 (ιι)
2545 5121 2706 5176 Porro
2754 5122 3023 5190 Apostolus
3067 5122 3372 5184 interiorem,
3413 5130 3517 5175 etc.

1937 5195 2153 5250 Diverse
2182 5192 2376 5261 accipit
2405 5193 2686 5260 Apostolus
2731 5192 3067 5251 interiorem.
3094 5201 3254 5261 atque
3283 5193 3521 5261 exterio-

1937 5281 2046 5319 rem
2071 5259 2356 5327 hominetu,
2386 5259 2502 5332 cap.
2528 5263 2618 5318 VII
2645 5261 2709 5316 ad
2733 5261 2887 5316 Rom.
2912 5275 2974 5315 ac
2993 5263 3045 5315 in
3074 5261 3115 5315 ll
3136 5260 3261 5316 Cor.
3285 5259 3372 5316 IV:
3400 5277 3520 5315 nam

1939 5336 2047 5390 illic
2129 5335 2363 5389 exterior
2424 5334 2583 5388 homo
2632 5343 2711 5387 est
2779 5333 3204 5400 concupiscentia
3237 5373 3250 5396 ,
3306 5333 3526 5387 interior

1938 5406 2166 5460 eharitas
2195 5413 2248 5458 et
2283 5404 2503 5474 spiritus
2532 5421 2545 5468 ;
2576 5403 2776 5460 scilicet
2824 5402 2983 5474 homo
3023 5406 3406 5473 concupiscens
3425 5444 3440 5469 ,
3471 5414 3527 5458 et

1941 5478 2102 5531 homo
2139 5473 2328 5545 spiritu
2371 5484 2674 5529 renovatus.
2717 5474 2787 5529 At
2826 5475 2925 5545 hic
2962 5473 3121 5545 homo
3162 5475 3396 5545 exterior
3444 5483 3529 5529 est

1943 5550 2056 5614 ipse
2083 5543 2376 5612 corporalis
2403 5547 2562 5600 homo
2590 5555 2852 5613 quatenus
2880 5543 3124 5601 visibilis,
3142 5543 3444 5614 tangibilis,
3475 5555 3530 5600 et

1943 5613 2170 5688 denique
2201 5616 2465 5670 sensibilis
2489 5624 2546 5671 et
2581 5615 2843 5688 patibilis,
2879 5624 2933 5668 et
2962 5615 3050 5683 qui
3080 5613 3300 5683 injurias
3323 5616 3529 5670 extrin-

1945 5685 2100 5745 seCus
2128 5689 2398 5756 suscipere
2429 5689 2630 5757 possit;
2665 5685 2886 5757 interior
2907 5695 3534 5757 vero,gquatci_tustnente

1945 5760 2196 5816 invisibili
2223 5755 2465 5822 constat,
2486 5773 2603 5826 qua:
2635 5756 2877 5826 corporis
2903 5755 3219 5812 afﬂictiones
3243 5755 3449 5812 fortiter
3477 5765 3536 5812 et

1949 5833 2167 5901 egregie,
2184 5830 2426 5883 sustinet.
2450 5830 2580 5884 Lsc.

2021 5898 2098 5974 (e)
2121 5900 2239 5956 Non
2277 5909 2378 5954 tam
2408 5901 2630 5956 animum
2674 5914 2824 5970 quam
2864 5906 3073 5953 mentem
3104 5907 3150 5953 et
3170 5898 3412 5967 animum,
3432 5905 3539 5956 etc.
