4250 6494
751 373 847 433 851

2160 375 2623 434 TERTULLIANI

3926 383 4036 442 852

751 498 856 542 tam
910 486 1175 557 animum,
1229 502 1389 562 quam
1453 497 1687 548 mentem
1749 499 1909 564 atque
1972 491 2205 548 animum
2261 493 2340 546 in-
2366 498 2414 552 Λ
2442 505 2619 560 reputo
2647 494 2778 550 enim
2817 511 2918 551 non
2954 497 3135 570 dignas
3175 514 3282 556 esse
3310 500 3568 569 passiones
3600 498 3752 574 hujus
3796 503 4039 571 temporis

756 583 916 654 telligi
962 585 1184 650 mavult,
1219 583 1269 638 id
1299 595 1421 652 est,
1445 601 1551 640 non
1596 587 1944 641 substantiam
1996 588 2160 655 ipsam
2193 628 2206 648 ,
2243 586 2333 640 sed

752 673 1061 729 substantia:
1083 691 1348 746 saporem.
1399 677 1672 748 Siquidem
1706 679 1948 746 Ephesiis
1984 678 2242 739 seribens,
2284 679 2334 730 in

754 771 1057 824 interiorem
1089 773 1358 826 hominem
1397 772 1634 827 habitare
1673 771 2060 844 Citristttttt(a‘,
2092 771 2336 825 sensibus

757 864 936 931 utique
999 862 1072 933 (b)
1145 864 1493 917 intimandum
1540 864 1618 936 (l)
1673 865 1948 918 Dominum
1995 863 2332 932 signiﬁcavit.

755 950 990 1021 Denique
1030 954 1270 1022 adjnnxit
1311 953 1471 1025 (Eph.
1508 953 1594 1024 III)
1637 971 1648 1006 :
1685 953 1784 1006 Per
1815 953 2000 1022 ﬁdem,
2034 963 2087 1007 et
2127 953 2192 1006 In
2220 971 2330 1005 cor-

751 1042 895 1097 dibus
924 1045 1096 1098 vestris
1115 1087 1128 1108 ,
1157 1057 1209 1097 et
1238 1042 1301 1098 In
1345 1045 1610 1099 dilectione
1627 1061 1646 1107 ;
1675 1044 1831 1100 Iidem
1855 1045 2069 1115 quidem
2096 1055 2148 1097 ct
2175 1046 2334 1099 dilec-

750 1135 970 1201 tionem,
1008 1153 1110 1189 non
1159 1138 1487 1193 substantiva
1527 1140 1719 1193 anima:
1762 1155 1965 1209 ponens
1992 1181 2005 1204 ,
2060 1139 2152 1193 sed
2205 1154 2334 1191 con-

748 1229 975 1296 ceptiva.
1012 1228 1064 1283 In
1097 1229 1346 1285 cordibus
1387 1241 1563 1286 autem
1595 1233 1780 1287 dicens
1802 1275 1816 1298 ,
1846 1249 1964 1303 quae
2008 1231 2333 1286 substantiva

749 1329 873 1374 sunt
899 1322 1092 1386 carnis,
1123 1324 1495 1393 jametipsnm
1540 1325 1847 1378 interiorem
1881 1324 2149 1379 hominem
2185 1325 2332 1378 carni

745 1412 1060 1481 deputavit,
1088 1431 1244 1485 quem
1290 1417 1339 1468 in
1380 1416 1541 1470 corde
1593 1417 1888 1470 constituit.
1939 1415 2142 1486 Inspice
2193 1432 2334 1470 nunc

746 1505 1012 1574 quomodo
1082 1509 1404 1563 exteriorem
1453 1509 1668 1578 quidem
1727 1509 1997 1565 hominem
2063 1511 2333 1580 corrumpi

751 1597 1012 1668 allegarit,
1077 1600 1385 1655 interiorem
1445 1617 1571 1656 vero
1633 1604 1875 1656 renovari
1921 1603 1988 1658 de
2032 1602 2110 1675 (2)
2142 1603 2228 1657 die
2272 1618 2335 1657 ac

745 1687 850 1742 die.
885 1687 994 1744 Nec
1024 1690 1166 1744 illam
1194 1693 1550 1762 corruptelam
1578 1695 1752 1747 carnis
1782 1692 2048 1758 afﬁrmes,
2077 1709 2236 1763 quam
2266 1709 2332 1748 ex

744 1778 831 1832 die
884 1781 1072 1835 mortis
1121 1783 1171 1836 in
1228 1794 1537 1853 perpetuum
1590 1784 1860 1840 defectura
1907 1787 2140 1857 patiatur
2180 1803 2192 1838 :
2235 1785 2330 1840 sed

2441 589 2510 640 ατΙ
2535 593 2758 657 futuram
2795 592 3038 661 gloriam,
3069 609 3181 662 qua:
3206 595 3257 647 in
3289 611 3378 648 nos
3405 595 3552 649 habet
3589 598 3826 652 revelari.
3869 597 3933 650 Et
3957 596 4039 650 hic

2443 682 2548 732 inin
2576 697 2644 732 't‘u
2681 684 2914 736 Uilt'lttlil
2952 684 3288 738 incommoda
3323 687 3560 754 prmmiis
3586 689 3714 742 suis.
3761 688 3929 742 Porro
3951 730 3963 746 ,
3995 689 4036 738 si

2445 788 2536 839 μω·
2561 787 2772 826 carnem
2807 779 3189 842 ronipatimur,
3219 777 3372 844 cujus
3401 787 3482 831 cst
3521 780 3732 848 proprie
3775 779 4039 848 passioni-

2443 862 2537 914 bus
2565 867 2870 934 corrumpi,
2895 867 3132 933 ejusdem
3163 868 3265 920 erit
3291 878 3339 921 et
3370 869 3509 937 quod
3538 885 3630 936 pro
3663 873 4038 938 Contpassioae

2443 955 2830 1019 reproniittitur
2874 958 3047 1024 Atque
3068 958 3362 1011 adeocarni
3386 961 3634 1012 adscribit
3657 976 4033 1028 preSSurar-nm

2443 1045 2842 1112 proprietatem,
2993 1055 3051 1101 ut
3080 1059 3133 1103 et
3176 1064 3333 1116 supra
3357 1050 3498 1103 dic:tt
3541 1049 3619 1120 (8)
3647 1070 3657 1102 ε
3685 1049 3810 1103 Cum
3829 1052 4040 1104 venisse-

2440 1151 2552 1188 mus
2581 1146 2744 1189 autem
2770 1140 2822 1190 in
2855 1138 3240 1205 Macedoniam,
3275 1141 3466 1194 trullam
3489 1143 3834 1195 remissionem
3865 1142 4038 1195 habuit

2438 1246 2556 1282 caro
2587 1241 2779 1284 nostra.
2836 1231 3074 1296 Dehinc,
3133 1243 3189 1286 ut
3218 1233 3297 1306 (9)
3347 1237 3538 1288 animae
3589 1237 3740 1289 daret
3786 1251 4037 1304 comprs-

2439 1323 2644 1375 siouem
2683 1339 2694 1374 :
2741 1322 2816 1394 (Ῑ)
2852 1322 2914 1376 In
2954 1325 3217 1389 omnibus,
3247 1326 3416 1395 inquit
3447 1326 3509 1396 (ll
3538 1326 3654 1380 Cor.
3706 1325 3854 1393 VII),
3905 1343 4038 1380 com-

2439 1414 2595 1482 pressi
2616 1429 2633 1467 :
2652 1417 2959 1470 extrinsecus
2979 1433 3182 1486 pugme,
3203 1417 3532 1471 debellantcs
3549 1419 3748 1472 scilicet
3774 1434 3997 1472 carnem
4022 1436 4034 1480 ;

2438 1505 2738 1558 intrinsecus
2766 1507 2934 1570 timor,
2962 1505 3226 1561 aﬂiictans
3254 1508 3458 1562 scilicet
3483 1509 3736 1562 animam.
3763 1508 3920 1563 Adeo
3942 1511 4037 1562 etsi

2437 1596 2798 1665 corrumpitur
2843 1598 3002 1652 homo
3029 1600 3266 1653 exterior
3292 1642 3306 1665 ,
3334 1614 3438 1652 non
3469 1611 3526 1652 ut
3565 1601 3818 1654 amittens
3851 1616 4037 1654 resur-

2439 1689 2728 1743 rectionem
2751 1731 2764 1753 ,
2793 1689 2886 1744 sed
2933 1701 2988 1743 ut
3034 1692 3304 1745 sustinens
3351 1692 3686 1746 vexationem
3717 1732 3729 1750 .
3763 1691 4039 1760 corrumpi

2440 1781 2765 1849 intelligetur
2791 1781 2929 1853 (10).
2975 1783 3039 1836 Iit
3074 1782 3172 1837 hoc
3214 1799 3316 1836 non
3359 1785 3475 1838 sine
3511 1784 3785 1837 interiore.
3823 1782 3899 1835 Ita
3925 1800 4036 1836 am-

744 1888 900 1939 quam
948 1873 998 1926 in
1032 1873 1183 1928 istius
1223 1875 1346 1929 vita:
1375 1876 1548 1944 spatio
1576 1917 1589 1938 ,
1624 1887 1747 1932 ante
1779 1887 2043 1943 mortem,
2077 1887 2130 1930 et
2162 1892 2330 1945 usque
2361 1889 2408 1948 Β
2438 1873 2624 1926 borum
2674 1874 2772 1927 erit
2807 1876 2968 1928 etiam
3014 1875 3399 1944 congloril‘teari
3425 1916 3440 1938 ,
3481 1875 3617 1928 sicut
3664 1886 3716 1930 et
3771 1877 4026 1944 compati.

745 1963 808 2016 ad
866 1974 1090 2019 mortem
1123 2006 1138 2026 .
1186 1970 1558 2023 vexationibus
1609 1978 1662 2022 et
1713 1971 1979 2039 pressuris
2007 2011 2021 2033 ,
2054 1972 2336 2026 tormentis

742 2063 900 2120 atque
926 2057 1220 2126 suppliciis,
1252 2059 1480 2113 nominis
1521 2075 1707 2115 caussa
1755 2063 2081 2131 experietur.
2113 2061 2241 2116 Nam
2284 2071 2337 2116 et

742 2147 901 2202 homo
924 2149 1144 2205 interior
1166 2152 1249 2205 hic
1276 2152 1457 2220 utique
1483 2153 1725 2208 renovari
1759 2154 1971 2209 habebit
2003 2171 2096 2223 per
2119 2169 2335 2224 sugges-

741 2252 848 2295 tum
868 2243 1104 2312 Spiritns,
1141 2244 1419 2313 proﬁciens
1449 2245 1553 2300 ﬁde
1580 2255 1635 2300 et.
1662 2247 1939 2314 disciplina
1971 2246 2038 2300 de
2056 2245 2134 2318 (5)
2161 2247 2246 2301 die
2272 2261 2335 2301 ac

740 2333 824 2388 die
855 2375 869 2400 ,
902 2349 1005 2389 non
1036 2335 1175 2400 illic,
1207 2335 1258 2391 id
1289 2347 1399 2403 est,
1429 2354 1531 2391 non
1558 2349 1677 2409 post
1716 2340 2162 2394 resurrectionem
2191 2380 2204 2403 ,
2243 2339 2328 2394 ubi

742 2441 844 2478 non
887 2429 1067 2498 utique
1109 2429 1176 2483 de
1215 2431 1295 2502 (4)
1342 2431 1428 2486 die
1452 2446 1516 2485 ac
1543 2432 1630 2485 die
1653 2431 1895 2485 renovari
1926 2430 2202 2495 habemus,
2235 2431 2327 2486 sed

738 2520 903 2574 semel
932 2521 998 2573 ad
1019 2537 1304 2576 summam.
1332 2523 1404 2578 De
1425 2525 1770 2592 sequentibus
1794 2524 1942 2579 disce
1974 2542 1986 2577 :
2023 2524 2171 2590 Quod
2196 2525 2328 2577 enim

738 2614 804 2662 ad
831 2628 1053 2680 prwsens
1083 2625 1185 2679 est,
1225 2614 1394 2685 inquit
1424 2615 1486 2687 (II
1516 2615 1634 2670 Cor.
1659 2615 1781 2685 IV),
1826 2617 2104 2686 temporale
2147 2627 2194 2668 et
2226 2621 2328 2670 leve

737 2725 986 2775 pressura?
1027 2721 1210 2764 nostra?
1255 2709 1349 2782 (c),
1407 2729 1495 2782 per
1557 2729 1973 2783 supergressum,
2020 2714 2074 2766 in
2145 2732 2324 2782 supcr-

737 2822 965 2876 gressum
986 2803 1087 2878 (5),
1129 2816 1372 2859 teternum
1414 2807 1591 2877 gloria:
1638 2806 1835 2874 pondus
1883 2807 2102 2876 perﬁciet
2151 2807 2200 2859 in
2246 2805 2324 2879 (6)

735 2901 904 2962 nobis,
939 2915 1040 2953 non
1071 2900 1377 2952 intuentibus
1402 2915 1511 2963 quia
1544 2899 1773 2952 videntur
1793 2940 1807 2960 ,
1835 2899 1888 2950 id
1927 2909 1997 2951 est
2028 2900 2323 2970 passiones;

732 2993 820 3046 sed
849 3007 962 3063 qua:
991 3007 1092 3044 non
1127 2991 1359 3043 videntur
1381 3031 1395 3055 ,
1434 2992 1486 3042 id
1520 3000 1592 3043 est
1621 2991 1868 3044 mercedes
1898 3007 1915 3043 :
1946 3006 2058 3058 qua:
2083 2991 2214 3044 enim
2243 2991 2320 3042 vi-

735 3085 937 3147 dentur,
966 3083 1265 3153 temporalia
1287 3093 1436 3149 sunt;
1465 3099 1580 3154 qua:
1605 3100 1716 3137 vero
1738 3099 1835 3136 non
1857 3085 2104 3148 videntur,
2134 3094 2321 3137 aeterna

732 3187 850 3230 sunt
881 3175 979 3248 (7).
1012 3176 1299 3230 Pressuras
1352 3177 1492 3229 enim
1539 3185 1594 3230 et
1641 3175 1901 3238 laesuras,
1955 3173 2147 3244 quibus
2198 3190 2318 3228 cor-

2439 1965 2740 2021 Secundum
2792 1968 3012 2036 Collegia
3059 1968 3298 2022 laborum
3325 2007 3340 2032 ,
3380 1967 3646 2022 consortia
3683 1967 3845 2022 etiam
3913 1969 4026 2039 (ll)

2437 2060 2723 2116 decurrant
2761 2075 2979 2116 necesse
3007 2071 3082 2115 est
3119 2063 3480 2131 prremiorum.

3028 2153 3254 2209 CAPUT
3297 2154 3433 2208 XLI.

2508 2245 2758 2300 Eamdem
2790 2246 2965 2300 adhuc
3003 2247 3320 2300 sententiam
3353 2248 3666 2315 exequitur,
3713 2260 4029 2300 remunera-

2435 2338 2604 2392 tiones
2640 2338 3015 2392 vexatiouibus
3059 2338 3364 2405 phalereus.
3412 2337 3613 2392 Scimus
3658 2338 3812 2402 eunti,
3861 2338 4030 2406 inquit

2432 2431 2499 2498 (Π
2551 2429 2667 2485 Cor.
2719 2430 2818 2499 V),
2874 2431 3110 2498 quoniam
3143 2471 3158 2492 ,
3205 2431 3296 2484 etsi
3351 2440 3548 2484 terrena
3605 2431 3787 2483 domus
3859 2441 4032 2483 nostra

2432 2523 2584 2593 hujus
2625 2522 2740 2595 (η)
2784 2524 3089 2577 tabernaculi
3144 2524 3479 2589 dissolvetur,
3536 2524 3777 2577 habemus
3817 2524 4026 2577 domum

2431 2633 2532 2669 non
2562 2621 2904 2686 mtmufactam
2926 2660 2940 2681 ,
2972 2629 3212 2670 teternam
3243 2619 3293 2670 in
3321 2620 3499 2681 caelis;
3543 2620 3590 2672 id
3622 2629 3704 2674 est
3726 2661 3742 2683 ,
3793 2635 3892 2688 per
3937 2619 4038 2674 hoc

2428 2707 2567 2777 quod
2591 2708 2909 2761 dissolvetur
2936 2725 3062 2762 caro
3093 2718 3270 2762 nostra
3301 2724 3396 2779 per
3425 2710 3717 2777 passiones,
3774 2709 3892 2779 (I3)
3946 2711 4038 2762 do-

2430 2800 2683 2854 micilium
2749 2800 3084 2854 consecuturi
3144 2814 3328 2854 sumus
3387 2799 3437 2853 in
3492 2800 3660 2854 caelis.
3721 2799 4038 2855 Meminerat

2428 2892 2762 2962 Evangelicre
2819 2891 3149 2946 deﬁnitionis
3199 2892 3312 2962 (Μ)
3367 2891 3581 2965 (Matth.
3612 2891 3721 2963 V'):
3762 2892 3910 2947 Beati
3951 2896 4035 2963 qui

2423 2986 2815 3055 persecutionem
2849 2985 3108 3051 patiuntur
3136 2995 3340 3054 propter
3356 2987 3632 3055 justitiam,
3679 2987 3798 3056 quia
3826 2986 4036 3040 illorum

2422 3086 2491 3130 est
2517 3093 2722 3146 regnum
2755 3076 3013 3130 (telorum.
3054 3076 3169 3130 Non
3214 3087 3387 3131 tamen
3429 3079 3603 3131 carnis
3637 3080 4031 3134 restitutionem

2423 3172 2650 3240 negavit,
2669 3169 2710 3222 si
2726 3172 3214 3237 compensationem
3229 3170 3490 3223 mercedis
3507 3173 3778 3240 Opposuit;
3795 3187 3916 3224 cum
3935 3173 4033 3240 ipsi

733 3270 996 3336 rumpitur
1037 3268 1197 3322 homo
1244 3268 1510 3328 exterior,
1565 3275 1623 3320 ut
1673 3267 1816 3320 lercs
1865 3277 1914 3320 ct
1977 3265 2316 3334 letttptiralcs,
2347 3280 2390 3342 ρ
2425 3261 2792 3329 compensatio
2831 3260 3111 3325 debeatur,
3139 3263 3222 3314 cui
3252 3262 3531 3315 diSsttlnlitt
3566 3262 3856 3333 deputatur
3895 3263 4027 3334 (I5),

734 3361 934 3413 idcirco
963 3354 1386 3414 contemnendas
1415 3359 1660 3422 allirmat,
1696 3358 1983 3426 pral‘crens
2015 3357 2317 3410 mercedum

732 3461 1074 3515 :cternarum,
1099 3450 1463 3516 invisibilium,
1481 3462 1527 3505 et
1549 3451 1731 3519 gloriae
1758 3449 1976 3518 pondus,
2003 3451 2319 3518 incompert-

730 3545 989 3598 Sotionem
1035 3543 1311 3605 laborum,
1345 3559 1477 3612 quos
1507 3541 1590 3595 hic
1632 3557 1756 3596 euro
1796 3543 2044 3611 patiendo
2084 3557 2322 3595 currunt-

732 3637 892 3700 pitur.
946 3635 1096 3689 Adeo
1125 3651 1229 3689 non
1260 3635 1344 3687 illa
1380 3643 1461 3689 est
1490 3633 1761 3702 corruptio
1788 3675 1801 3697 ,
1833 3650 1991 3703 quam
2039 3635 2089 3686 in
2140 3648 2322 3701 perpe-

730 3739 878 3782 tuum
903 3729 1079 3782 carnis
1100 3729 1368 3784 interitum
1397 3729 1459 3781 ad
1482 3731 1926 3784 resurrectionem
1951 3729 2318 3797 CXiICIICIItlalII

736 3821 989 3875 exteriori
1023 3820 1221 3874 homini
1263 3821 1592 3876 adscribunt.
1631 3821 1719 3874 Sic
1755 3831 1807 3873 et
1833 3819 1953 3874 alibi
1989 3839 2001 3873 :
2035 3820 2318 3890 Siquidem,

728 3912 990 3986 ait(Rom.
1024 3911 1275 3986 \‘lll),(,d)
1304 3915 1659 3985 compatimur,
1685 3915 1757 3967 uti
1786 3924 1831 3967 et
1845 3912 2319 3984 conglori/icemur;

2427 3354 2629 3407 scilcet
2658 3353 2822 3406 carni.
2856 3353 2959 3407 Sed
2988 3355 3106 3420 quia
3148 3353 3360 3407 domum
3396 3354 3598 3406 dixerat
3638 3369 3879 3420 carnem,
3925 3357 4032 3410 ele-

2426 3455 2611 3516 gantcr
2625 3445 2786 3500 voluit
2813 3447 2929 3499 etin
2956 3446 3216 3500 mercedis
3233 3448 3630 3515 comparatione
3654 3447 3916 3502 vocabulo
3936 3450 4030 3503 do—

2429 3554 2548 3591 mus
2577 3541 2684 3601 uti;
2739 3539 2834 3605 ipsi
2858 3538 3058 3603 domui,
3084 3555 3202 3608 qum
3235 3539 3557 3593 dissolvetur
3580 3558 3671 3608 per
3699 3543 4025 3608 passionem,

2432 3629 2708 3684 meliorem
2739 3629 2952 3682 domum
2988 3631 3365 3698 repromittens
3396 3647 3490 3700 per
3531 3636 4022 3699 re~urrectionern;

2431 3735 2551 3775 nam
2599 3729 2654 3774 et
2699 3721 2954 3773 DOIIIitIttS
3006 3722 3190 3774 multas
3233 3723 3556 3786 mansiones,
3605 3725 3759 3793 quasi
3810 3725 4023 3793 domus,

2426 3812 2562 3882 apud
2597 3813 2802 3866 Patrem
2835 3813 3151 3880 reprmnittit
3187 3811 3368 3885 (Joau.
3403 3812 3544 3883 XIV)
3577 3832 3588 3866 :
3622 3831 3945 3886 quamquam
3974 3829 4026 3873 et

2425 3907 2540 3981 (l6)
2568 3906 2633 3959 de
2651 3906 2920 3961 domicilio
2953 3906 3225 3979 tnundi(g)
3255 3917 3427 3978 potest
3459 3909 3700 3981 intelligi,
3720 3926 3827 3981 quo
3854 3913 4024 3967 disso-

1954 4001 2330 4059 LECTIONES
2368 3999 2786 4056 VARIANTES.

792 4097 862 4157 (l)
897 4097 1188 4148 lnitiandum
1212 4095 1312 4159 Βία.
1341 4100 1460 4159 Ven.

790 4159 859 4223 l2,
883 4163 932 4218 3,
953 4160 1003 4222 4)
1041 4160 1115 4209 De
1137 4157 1318 4210 abesto
1339 4157 1486 4210 Rhea.
1514 4160 1620 4223 Rig.
1655 4168 1764 4209 Ven.
1792 4157 1942 4223 seml.

786 4221 859 4283 (5)
897 4223 949 4284 In
969 4221 1344 4284 supergressum
1367 4229 1517 4284 onutt.
1544 4221 1693 4275 Ithen.
1715 4221 1866 4272 Seml.
1886 4225 2026 4272 Pam.

788 4281 860 4347 (6)
900 4281 1068 4333 Per-ﬁci
1083 4298 1122 4347 ra
1145 4281 1295 4347 Rhea.
1320 4282 1471 4333 Seml.

814 4348 864 4403 7)
900 4348 1024 4396 Sunt.
1040 4346 1170 4396 abest
1195 4345 1300 4409 Rig.
1331 4357 1440 4409 ken.

809 4410 859 4472 8)
892 4411 1012 4472 Dicit
1033 4410 1185 4472 Rhea.
1211 4407 1361 4460 Seml.

807 4469 857 4535 9)
893 4471 955 4522 Et
975 4471 1093 4522 add.
1120 4470 1271 4523 Rhea.
1299 4469 1447 4521 Seml.

2512 4092 2584 4148 10)
2622 4091 2997 4153 [intelligeretur
3011 4087 3162 4153 Rhen.
3188 4090 3337 4142 Seml.

2515 4155 2588 4212 II)
2623 4152 2830 4215 Quoque
2857 4153 3000 4202 nheri.
3029 4152 3180 4204 Seml.

2484 4215 2584 4277 (1‘2)
2621 4215 2780 4264 Nostri
2810 4215 2952 4264 Ithen.
2978 4215 3133 4277 ,Seinl.

2483 4276 2585 4340 (l5)
2622 4280 2756 4336 Quod
2781 4277 2901 4327 add.
2926 4276 3075 4340 then.

2484 4339 2586 4403 (tt)
2622 4340 2930 4403 Diﬂinitionis
2957 4339 3102 4403 sthen.
3124 4339 3274 4403 Sentl.

2626 4402 2897 4466 Iieputatur
2918 4401 3070 4454 Rhea.
3098 4399 3248 4453 Seml.

2513 4405 2568 4453 I5
2626 4403 2897 4466 “epulatur
2918 4403 3004 4454 Rhl

2338 4452 2393 4512 Ι)
2481 4403 2589 4528 illi;
2619 4465 2722 4515 Nec
2741 4463 2850 4530 Rig.
2884 4468 3004 4516 Ven.

2097 4548 2643 4609 COMMENTARIUS.

723 4650 1016 4706 Discrimen
1052 4648 1190 4703 inter
1231 4649 1460 4702 animam
1501 4657 1551 4704 et
1587 4648 1821 4703 animum
1856 4646 2196 4718 Philosophi,
2226 4647 2308 4718 vel

721 4733 927 4782 notant,
957 4723 1038 4773 vel
1063 4730 1387 4788 supponunt.
1412 4721 1635 4774 Animus
1666 4721 1806 4772 enim
1837 4735 1933 4788 pro
1965 4717 2142 4773 mente
2173 4717 2311 4771 acci-

720 4795 862 4864 pitur
886 4835 898 4852 .
933 4791 1134 4845 scilicet
1167 4801 1319 4858 prout
1351 4791 1581 4859 fungitur
1613 4791 2058 4864 intellectualibtts
2085 4788 2307 4852 ofﬁciis;

721 4861 893 4918 anima
926 4877 1052 4915 vero
1104 4871 1258 4928 prout
1297 4876 1488 4930 corpus
1528 4871 1774 4930 vegetat,
1804 4870 1856 4916 et
1903 4861 2143 4914 olliciuas
2191 4876 2312 4915 sen-

717 4951 872 4989 suum
902 4946 948 4985 et
986 4933 1346 4986 membrorum
1375 4932 1550 5002 omnia
1583 4943 1849 5000 procurat.
1893 4932 2015 4985 ll:rc
2055 4932 2312 5002 accipitur

719 5022 815 5075 pro
865 5014 1048 5059 natura
1075 5013 1128 5058 et
1155 5003 1450 5057 substantia
1473 5001 1569 5067 rei,
1620 5003 1708 5057 ille
1728 5018 1825 5073 pro
1850 5002 2058 5072 egregia
2085 5001 2314 5071 disposi-

715 5081 877 5132 tione.
922 5075 1048 5129 Lac.

787 5169 860 5239 (a)
897 5167 920 5220 l
931 5186 962 5220 η
984 5168 1267 5239 interiorem
1285 5165 1541 5239 hominem
1572 5165 1798 5220 habitare
1824 5165 2097 5218 Christum.
2132 5164 2305 5221 Etiam

715 5238 802 5293 hic
853 5238 1122 5306 expressit
1156 5238 1295 5306 q00d
1325 5252 1499 5306 graece
1535 5246 1617 5290 est
1648 5256 1659 5290 ζ
1701 5242 1766 5299 τὶς
1807 5249 1883 5291 τὸν
1919 5246 2005 5291 ἴσω
2043 5243 2301 5307 ἄν”ρωπον,

717 5311 1044 5379 conjungens
1083 5308 1292 5361 interim
1325 5307 1450 5379 illud
1482 5309 1828 5377 sequentilms
1851 5349 1864 5370 ,
1896 5324 2015 5361 cum
2048 5309 2163 5360 alia:
2190 5309 2304 5362 cdt-

714 5383 885 5435 tiones
923 5378 1128 5444 binnes,
1169 5380 1328 5434 etiam
1359 5378 1597 5449 Syriaca,
1636 5379 1958 5449 conjungant
1996 5380 2301 5448 prmcedeu-

709 5455 866 5508 tibus.
915 5451 1052 5505 Ρη.

785 5546 864 5615 (1))
924 5543 1295 5597 lntimandum.
1356 5541 1681 5615 Vocabulum
1735 5541 1851 5615 ejus
1910 5543 2081 5615 artatis
2137 5543 2297 5614 vulgo

704 5612 974 5684 frequens.
1019 5615 1268 5668 Intimare
1297 5628 1393 5682 pro
1433 5613 1672 5667 intimum
1705 5612 1946 5669 reddere.
1979 5613 2150 5669 Busa.

777 5708 853 5778 (c)
897 5705 996 5778 l’er
1019 5721 1395 5778 supergressum
1433 5705 1487 5778 in
1523 5721 1921 5776 supergressum.
1963 5704 2062 5778 ‘Sic
2101 5706 2292 5776 legitur

706 5779 758 5833 in
785 5775 1197 5845 esetiiplaribus.
1241 5775 1513 5842 Expressit
1556 5775 1733 5832 autem
1762 5791 1931 5845 graeca
1962 5775 2104 5829 I’auli
2138 5775 2291 5831 ἵκεθ’

702 5853 950 5919 (ag-pedis
997 5852 1062 5909 εἰς
1101 5852 1380 5919 exspoliis.
1433 5847 1520 5900 Sic
1548 5847 1734 5919 infra,
1785 5863 2086 5919 superquam
2133 5865 2287 5918 supra

697 5917 890 5992 gravati
916 5935 1085 5973 sumus
1104 5919 1231 5972 citra
1256 5917 1400 5982 vires,
1419 5918 1559 5986 quod
1591 5918 1784 5972 Paulus
1807 5918 1940 5972 dixit
1969 5933 1980 5969 :
2012 5919 2118 5971 καθ’
2141 5926 2283 5990 ὺπρρ·

2409 4645 2556 4696 Colit;
2588 4649 2707 4712 ὑπὲρ
2727 4645 2943 4708 δύναμιν.
2977 4639 3090 4696 RIG.

2489 4714 2566 4783 (d)
2595 4709 2974 4779 Coinpatimur,
3015 4713 3092 4764 uti
3129 4722 3179 4765 et
3216 4711 3673 4782 conglori/icemur.
3715 4713 3813 4769 Hic
3852 4717 4011 4771 etiam

2416 4783 2670 4838 transfert
2699 4784 2912 4852 proprie
2955 4797 3111 4836 VttCOS
3138 4798 3351 4854 gra'CasA
3383 4791 3517 4853 n‘rp
3544 4826 3555 4842 .
3608 4787 3898 4854 siquidem,
3951 4803 4011 4843 ac

2412 4851 2816 4928 σ-υνῖοξισοῶμνν,
2846 4851 3303 4928 congloriﬁcemur.
3334 4851 3461 4928 Item
3487 4851 3767 4924 ὀργίζομαι,
3805 4870 4009 4928 reputo.

2415 4925 2644 4995 Compati
2675 4937 2866 4997 autem
2899 4926 3186 4997 accipitur,
3221 4941 3316 4993 pro
3346 4925 3500 4978 simul
3540 4930 3678 4993 pati,
3706 4937 3758 4981 et
3784 4925 4012 4997 preinde

2415 4998 2575 5050 etiam
2607 4998 2682 5050 sic
2709 4995 3044 5064 intelligenda
3070 5038 3082 5060 ,
3107 5011 3266 5066 quam
3303 5012 3425 5050 mox
3459 4997 3622 5051 habet
3646 4995 3855 5053 Auctor
3885 5015 4006 5067 vos,

2415 5069 2718 5138 compassio.
2767 5067 2901 5121 PAu.

2487 5136 2562 5210 (c)
2605 5138 2672 5193 Ut
2705 5148 2753 5190 et
2785 5153 2939 5204 supra
2970 5136 3104 5191 dicat
3123 5137 3340 5210 (nempe
3373 5137 3583 5207 Paulus)
3603 5155 3619 5194 :
3640 5137 3767 5192 Cum
3791 5143 4010 5197 venisse.

2411 5225 2543 5272 mus,
2573 5219 2674 5263 etc.
2714 5210 2914 5263 Auctor
2945 5225 3038 5277 per
3079 5209 3240 5274 illud,
3274 5226 3464 5278 supra.
3522 5211 3766 5280 intelligit
3813 5214 4006 5268 iterum

2411 5279 2581 5349 Epist.
2612 5280 2653 5334 Il
2683 5280 2748 5333 ad
2791 5280 3028 5333 Corinth.
3075 5280 3143 5334 de
3180 5281 3333 5345 cujus
3365 5279 3707 5350 potissinnnn
3730 5282 3867 5336 locis
3905 5284 4006 5339 hoc

2409 5366 2529 5421 cap.
2563 5362 2785 5411 tractat;
2821 5365 2941 5403 nam
2972 5353 3239 5420 reperitur
3261 5350 3374 5405 lucc
3398 5353 3654 5416 scriptura
3679 5350 3722 5405 II
3747 5351 4003 5410 Corinth.

2403 5420 2513 5476 NiSi
2545 5423 2679 5476 forte
2726 5421 2866 5475 malit
2910 5423 3027 5490 quis
3069 5436 3191 5476 eum
3224 5421 3372 5490 sequi
3413 5423 3651 5477 ordinem
3705 5423 4002 5480 Marcionis

2405 5493 2626 5548 inlibris
2646 5494 2767 5565 adv.
2794 5494 3040 5545 eumdem
3077 5493 3680 5565 observatutn,__quij-pe
3726 5495 3820 5562 qui
3877 5497 4001 5565 Epi—

2401 5566 2590 5617 stolam
2617 5565 2681 5618 ad
2720 5563 3006 5619 Romanos.
3037 5579 3098 5616 ex
3129 5579 3228 5633 qua
3265 5563 3567 5616 immediate
3596 5573 3721 5618 ante
3749 5563 4000 5622 testimo—

2399 5634 2545 5688 nintn
2591 5635 2938 5704 produxerat,
2974 5645 3254 5704 poSIpouat
3285 5633 3536 5702 Epistolis
3563 5634 3990 5758 a$Corinthios.

3651 5721 3740 5758 Al.

3651 5721 3740 5759 Al.

2466 5776 2547 5849 (l)
2579 5776 2642 5832 In
2672 5775 2937 5839 omnibus,
2967 5775 3160 5849 inquit,
3208 5776 3501 5842 compressi.
3553 5776 3730 5849 Etiant
3778 5775 3884 5832 hoc
3924 5778 3990 5834 ad

2391 5846 2612 5904 νεὲὺὺτη
2654 5864 2718 5905 8X
2745 5862 2919 5914 grteco
2951 5865 2963 5901 ε
2996 5846 3108 5902 ἀλλ’
3137 5854 3180 5901 ιν
3202 5851 3341 5901 παντὶ
3380 5851 3666 5915 θλιϐόμενοι.
3703 5847 3841 5902 ΡΑΙ.

2460 5920 2613 5976 CAP.
2690 5918 2825 5973 XLI.
2881 5949 2951 5960 —-
2990 5922 3066 5987 lg)
3123 5916 3443 5986 Quamquam
3505 5929 3552 5972 et
3603 5919 3666 5972 de
3723 5919 3984 5975 domicilio
