4250 6494
198 397 305 454 853

1195 399 1395 454 LIBER
1443 397 1528 454 DE
1571 398 2137 456 RESURRECTIONE
2175 401 2444 459 CARNIS.

3372 402 3479 459 854

194 517 304 570 luto
333 560 344 580 ,
376 524 571 569 αξιοι-τιτι
613 512 769 570 sedes
817 513 1216 585 repromittatur
1261 515 1313 568 in
1360 515 1543 577 etclis;
1575 515 1695 584 quia
1727 524 1780 569 et
1808 520 1856 576 Α
1884 531 1984 586 qua
2029 515 2519 584 deprehendenmr;
2571 514 2690 587 quia
2738 517 2946 589 gravari
2995 530 3093 572 nos
3137 517 3228 580 ait,
3254 517 3340 585 qui
3383 533 3471 570 su-

192 626 314 678 qttzc
355 619 685 678 sequuntur,
735 608 800 662 ad
848 623 1063 663 carnem
1114 609 1393 662 manifeste
1446 610 1780 676 pertinentia,

191 701 478 755 ostendunt
507 703 683 771 priora
721 702 938 754 omnino
995 701 1074 772 (l)
1127 701 1192 756 ad
1245 717 1461 756 carnem
1495 701 1778 766 pertinere.

195 793 518 847 Divisionem
546 794 687 846 enim
726 792 845 846 facit
879 793 1186 861 Apostolus,
1211 809 1330 846 cum
1357 793 1566 861 snbjieit
1601 809 1611 843 :
1649 791 1784 845 Nam

191 895 238 938 et
304 886 395 937 hoc
459 885 686 953 geminus
885 886 1194 938 domicilium
1239 895 1504 944 nostrum,
1553 886 1687 954 quod
1724 887 1786 938 de

190 977 319 1028 ca’lo
364 978 772 1038 est.superindui
800 977 1159 1036 desiderantes,
1184 978 1429 1046 siquidem
1475 978 1638 1029 induti
1682 976 1781 1046 l5),

191 1084 295 1120 non
327 1068 446 1119 nudi
490 1069 834 1130 inveniamur;
868 1071 916 1121 id
945 1078 1057 1130 est,
1091 1079 1214 1122 ante
1252 1070 1500 1124 volumus
1543 1069 1784 1136 superin-

189 1158 360 1212 tlnere
409 1159 652 1213 virtutem
704 1161 982 1215 caelestem
1023 1162 1371 1223 :eternitatis,
1423 1177 1578 1229 quam
1623 1175 1786 1214 carne

190 1266 470 1304 exuamur.
505 1252 670 1320 Ilujus
696 1254 837 1307 enim
869 1255 1053 1322 gratia:
1082 1253 1409 1322 privilegium
1439 1255 1554 1308 illos
1584 1265 1781 1317 manet,

189 1342 283 1410 qui
319 1343 382 1394 ab
415 1343 642 1395 adventu
677 1343 882 1397 Domini
915 1343 993 1415 (a)
1026 1345 1491 1414 deprcheinlentur
1519 1347 1568 1398 in
1599 1361 1782 1410 carne,

188 1443 244 1486 et
269 1445 486 1502 propter
510 1435 730 1488 duritias
754 1446 1051 1508 temporqu
1081 1438 1388 1492 Antichristi
1420 1439 1782 1503 merebuntur,

188 1526 513 1592 compendio
541 1528 726 1581 mortis
755 1544 846 1597 per
875 1529 1286 1584 demtttationcm
1328 1544 1625 1597 expunctus.
1658 1547 1787 1585 cun-

189 1631 409 1671 currcre
435 1633 554 1672 eum
583 1621 1012 1689 resurgentibus;
1045 1623 1177 1675 sicut
1213 1622 1780 1677 Thcssalonicensilnis

188 1711 378 1764 scribit
409 1711 452 1783 (I
483 1711 662 1768 T/n'ss.
696 1713 784 1785 IV)
825 1733 835 1767 :
868 1713 982 1768 Hoc
1012 1716 1139 1768 enim
1179 1716 1391 1769 dicimus
1430 1715 1562 1769 vobis
1597 1717 1648 1768 in
1681 1733 1787 1769 ser-

190 1818 343 1855 mone
372 1802 594 1867 Domini,
624 1807 758 1874 quod
785 1824 874 1860 nos
903 1809 988 1876 qui
1015 1808 1243 1870 vivimus,
1278 1809 1363 1876 qui
1387 1824 1706 1861 remanemus
1735 1808 1786 1860 in

1891 624 2008 662 mus
2062 609 2174 680 (11)
2217 610 2267 662 in
2315 609 2686 673 tabernaculo;
2716 609 2860 680 quod
2904 609 3136 665 nolimus
3182 611 3304 666 exui
3333 652 3350 676 ,
3379 609 3472 662 sed

1889 702 2061 767 potius
2089 701 2392 770 superindui
2417 719 2429 761 ;
2461 702 2534 754 ιιιὶ
2571 701 2855 755 devoretur
2883 701 3104 756 mortale
3133 717 3160 754 ιι
3193 703 3296 754 vita
3322 743 3335 764 ,
3373 703 3476 754 sei-

1889 793 2011 845 Iicrt
2058 793 2181 845 dum
2223 793 2528 846 dominatur
2574 793 2730 862 (I2),
2774 792 3364 862 superinducudoquod
3395 804 3476 844 est

1888 884 1953 937 dc
1977 884 2146 938 cmlis.
2180 884 2308 949 Quis
2337 884 2480 938 cnim
2513 902 2614 939 non
2653 884 3008 948 desiderabit,
3042 886 3165 937 dum
3218 886 3267 937 ili
3311 900 3473 938 carae.

1888 985 2012 1037 est,
2065 976 2449 1044 superinduch
2505 975 2957 1030 immortalitatem
2991 1018 3004 1042 ,
3059 986 3113 1030 et
3166 977 3477 1029 continuare

1891 1069 2046 1122 vitam
2073 1112 2086 1132 ,
2118 1069 2384 1122 lnrrilacta
2428 1079 2598 1122 morte
2628 1084 2720 1137 per
2751 1069 2996 1122 viCariam
3033 1067 3473 1131 demutationem,

1891 1176 1957 1214 nc
1988 1162 2183 1214 inleros
2209 1161 2529 1230 experiatur,
2557 1174 2724 1229 usque
2755 1159 3097 1212 novissimum
3126 1158 3476 1227 quadrantem

1889 1253 2212 1306 CXaCIUI'OS?
2242 1252 2507 1304 Cile'lltII
2529 1293 2542 1314 ,
2572 1251 2989 1305 demutatiouetn
3021 1251 3180 1304 etiam
3229 1259 3344 1316 post
3391 1266 3477 1301 ro-

1889 1343 2273 1396 surrot-tionem
2305 1352 2688 1396 Consecuturns
2714 1351 2792 1395 est
2817 1384 2829 1403 ,
2858 1340 3056 1396 inferos
3076 1343 3182 1408 jam
3205 1350 3476 1410 expertus.

1890 1435 2100 1490 Abhinc
2167 1435 2307 1487 enim
2377 1434 2704 1498 detinimus,
2770 1449 2983 1487 carnem
3051 1433 3264 1502 quidem
3332 1432 3479 1485 onmi

1890 1528 2048 1582 modo
2094 1526 2211 1596 (l3)
2262 1536 2708 1590 resurrecturum,
2750 1537 2906 1593 atque
2937 1526 3024 1578 illa
3057 1527 3105 1592 (1
3128 1526 3172 1594 I)
3203 1541 3266 1579 cx
3289 1523 3480 1578 demu-

1893 1619 2091 1672 talione
2121 1627 2505 1685 superventura
2539 1657 2553 1675 .
2589 1617 2822 1670 habitum
2872 1617 3167 1682 angelicum
3207 1625 3481 1682 susceptu-

1892 1728 2025 1765 ram.
2063 1710 2168 1766 Ant
2206 1712 2248 1763 si
2283 1710 2334 1763 in
2363 1710 2443 1763 his
2492 1711 2619 1764 solis
2664 1711 2752 1778 qui
2807 1711 3144 1787 invenientur
3199 1712 3248 1762 in
3297 1723 3478 1781 earnc,

1891 1804 2153 1860 demutari
2202 1819 2325 1860 eum
2381 1803 2651 1871 oportebit
2681 1845 2695 1867 ,
2745 1804 2817 1857 uti
2862 1803 3147 1857 devoretur
3193 1801 3419 1856 utoitale
3451 1819 3480 1853 ει

187 1896 412 1950 adrentu
445 1897 681 1960 Domini,
715 1915 816 1953 non
845 1902 1209 1966 prazreniemus
1235 1917 1319 1954 eos
1340 1903 1423 1967 qui
1453 1902 1782 1954 dormierunt.
1819 1905 1861 1963 Β
1893 1898 1996 1952 vita
2023 1938 2038 1962 ,
2070 1896 2118 1950 id
2158 1907 2240 1950 est
2284 1911 2408 1950 raro
2437 1896 2503 1949 ab
2535 1896 2624 1949 illo
2667 1895 3140 1964 superindumento
3179 1894 3380 1948 caelesti
3429 1903 3488 1947 et

193 1989 450 2052 Quoniam
487 1991 594 2060 ipse
636 1989 950 2045 Dominusiu
971 1997 1110 2057 iussu
1131 2005 1179 2046 et
1200 2010 1315 2048 rore
1357 1993 1782 2064 Arelumgeliﬂ),

188 2091 237 2132 et
269 2081 319 2132 in
349 2083 470 2133 tuba
497 2079 612 2147 Dei,
646 2084 908 2138 descendet
935 2087 996 2138 de
1022 2086 1181 2150 cazlo;
1212 2097 1257 2140 et
1288 2087 1472 2140 mortui
1508 2088 1558 2140 in
1585 2086 1786 2141 Christo

189 2185 456 2244 resurgent
525 2176 677 2244 primi
711 2177 936 2231 :deltiuc
997 2195 1087 2232 nos
1144 2195 1258 2230 eum
1335 2180 1456 2248 ipsis
1511 2179 1662 2232 simul
1707 2180 1786 2249 (5)

189 2268 450 2337 rapientur
494 2267 547 2319 in
591 2269 804 2320 nubibus
845 2270 1037 2322 obviam
1067 2268 1283 2324 Domino
1311 2269 1386 2340 (li)
1416 2271 1466 2324 in
1489 2287 1628 2338 aera,
1653 2282 1695 2324 et
1718 2273 1787 2324 ita

188 2375 389 2425 seniper
426 2376 539 2412 cum
576 2359 792 2414 Domino
820 2364 1029 2418 erimus.

786 2452 1016 2509 CAPUT
1059 2455 1219 2510 XLII.

271 2541 470 2596 Ilorum
520 2542 941 2599 demutitionem
984 2547 1048 2600 ad
1094 2546 1398 2601 Corinthios
1441 2547 1484 2620 (l
1517 2547 1633 2602 Cor.
1671 2548 1788 2617 XV)

190 2632 371 2686 reddit
423 2635 523 2703 (7),
568 2633 800 2690 dicens:
842 2633 1026 2691 Onmes
1073 2639 1273 2704 quidem
1320 2655 1663 2710 resurgemus,
1689 2656 1789 2694 non

193 2736 367 2778 autem
399 2743 568 2781 onmes
613 2730 983 2782 demutabimur
1005 2773 1018 2789 .
1049 2733 1098 2784 in
1136 2743 1302 2786 atomo
1325 2774 1336 2795 ,
1365 2734 1415 2785 in
1445 2743 1791 2787 momentaneo

194 2829 338 2871 rtiotu
366 2820 521 2880 oculi,
553 2819 605 2872 in
633 2821 901 2873 novissima
929 2821 1079 2884 tuba;
1105 2824 1195 2876 sed
1225 2824 1295 2877 illi
1328 2825 1531 2878 scilicet
1555 2826 1675 2888 Soli,
1701 2826 1788 2894 qui

196 2911 538 2964 invenientur
589 2914 638 2964 in
687 2927 869 2966 carne.
916 2912 982 2965 Et
1033 2917 1255 2980 mortui,
1288 2917 1492 2984 inquit,
1533 2927 1791 2985 resurgent

193 3003 397 3072 primi,
447 3002 611 3071 (1(8)
661 3020 751 3056 nos
813 3005 1200 3059 demutabimur.
1261 3006 1370 3063 Hac
1449 3023 1578 3077 ergo
1650 3010 1791 3074 prius

195 3094 551 3163 dispositione
619 3094 694 3165 (9)
751 3108 1072 3167 prospecta,
1148 3097 1348 3172 reliqua
1403 3099 1679 3154 revocabis
1725 3100 1791 3154 ad

197 3186 533 3254 Superiorem
573 3201 807 3242 sensum.
843 3190 973 3243 Nam
1006 3207 1124 3244 cum
1171 3188 1350 3261 adjicit
1380 3208 1391 3242 :
1426 3190 1636 3260 Oportet
1661 3194 1792 3247 enim

1891 1999 2124 2051 aiterno;
2158 2003 2285 2058 ergo
2315 1987 2404 2057 qui
2434 1986 2626 2040 mortui
2650 1985 3118 2052 deprchendemur
3138 2028 3152 2051 ,
3182 1987 3340 2038 vitam
3375 1998 3478 2038 non

1889 2090 2305 2141 consequentur,
2341 2079 2527 2146 privati
2548 2077 2654 2146 jam
2681 2079 2923 2142 materia,
2949 2088 3021 2138 et,
3046 2087 3100 2131 ut
3132 2079 3201 2131 ita
3231 2077 3478 2140 dixerim,

1889 2184 2010 2225 esca
2035 2171 2152 2224 vita:
2171 2211 2186 2233 ,
2211 2169 2260 2223 id
2287 2179 2369 2224 est
2389 2185 2572 2223 carne.
2601 2171 2700 2222 Aut
2726 2185 2944 2223 necesse
2969 2181 3049 2223 εει
3085 2172 3341 2238 recipiant
3361 2184 3480 2224 eam

1891 2272 1944 2317 ct
1973 2263 2066 2325 illi,
2103 2271 2157 2314 ut
2183 2271 2238 2316 et
2267 2261 2318 2314 in
2351 2262 2480 2328 ipsis
2508 2262 2734 2315 mortale
2762 2261 3006 2315 devorari
3039 2263 3204 2329 possit
3224 2279 3251 2314 ιι
3277 2265 3404 2323 vita,
3436 2265 3481 2316 si

1891 2357 2051 2410 vitam
2081 2364 2208 2410 sunt
2231 2357 2593 2411 consecuturi.
2626 2354 2731 2411 Sed
2765 2357 2814 2408 in
2844 2357 3071 2410 mortuis
3092 2397 3107 2420 ,
3138 2356 3343 2427 inquis,
3370 2356 3480 2424 jam

1890 2447 2199 2502 devoratum
2229 2450 2331 2504 erit
2357 2449 2578 2504 mortale
2601 2448 2762 2504 istud.
2791 2449 2904 2503 Non
2929 2449 3108 2520 utique
3133 2451 3183 2504 in
3211 2449 3478 2504 omnibus.

1891 2540 2130 2607 Quantos
2160 2540 2302 2595 enim
2334 2540 2514 2595 licebit
2540 2541 2620 2593 vel
2659 2540 2930 2610 pridiauos
2971 2541 3192 2596 inveniri
3220 2583 3234 2603 ,
3261 2551 3365 2595 Iatlt
3395 2557 3481 2596 re-

1893 2635 2066 2690 centia
2111 2633 2412 2696 cadavera,
2472 2642 2527 2686 ut
2558 2633 2690 2686 nihil
2740 2635 2790 2687 in
2841 2632 2958 2704 (15)
3013 2635 3116 2688 illis
3167 2633 3482 2700 devoratum

1894 2729 2058 2782 videri
2106 2727 2305 2797 possit!
2390 2725 2583 2794 Utique
2633 2727 2774 2779 enim
2825 2725 3134 2780 devoratum
3186 2741 3289 2778 non
3340 2726 3482 2779 aliud

1893 2820 2187 2880 existimas.
2213 2833 2370 2889 quam
2405 2821 2793 2889 interceptum,
2829 2833 2986 2887 quam
3015 2818 3294 2883 abolitum,
3324 2835 3480 2887 quam

1894 2914 2038 2968 Omni
2089 2926 2248 2965 sensu
2291 2920 2531 2979 ereptum
2561 2953 2574 2974 ,
2597 2910 2737 2980 quod
2769 2925 3080 2980 comparere
3110 2911 3252 2964 omni
3288 2926 3483 2979 genere

1895 3009 2207 3065 cessaverit.
2231 3008 2338 3062 Nec
2352 3007 2617 3077 gigantum
2639 3017 2812 3062 autem
2832 3007 3197 3075 antiquissima
3221 3007 3482 3060 cadavera

1895 3103 2149 3158 devorata
2201 3102 2457 3156 c0nstabit
2491 3141 2506 3163 ,
2557 3116 2781 3170 quorum
2829 3109 3004 3153 crates
3050 3097 3224 3167 adhuc
3278 3099 3482 3150 vivont.

1899 3197 2138 3252 Diximus
2203 3194 2310 3265 jam
2368 3194 2434 3248 de
2494 3195 2595 3247 isto
2645 3195 2788 3247 alibi.
2845 3194 2949 3248 Sed
3013 3202 3066 3254 et
3130 3194 3368 3262 proxime.
3433 3196 3483 3244 in

197 3281 548 3347 corruptivum
593 3281 727 3333 istud
771 3281 981 3335 induere
1025 3283 1451 3352 incorruptelam,
1495 3293 1541 3338 et
1581 3285 1795 3340 mortale
1823 3296 1865 3358 ρ
1901 3289 1998 3343 ista
2038 3287 2274 3350 civitate,
2325 3283 2398 3356 (b)
2454 3299 2572 3339 cum
2632 3285 2761 3338 Odei
2804 3285 2917 3356 (Ili)
2973 3284 3314 3340 fundamenta
3341 3329 3354 3350 ,
3413 3297 3489 3340 tot

196 3371 339 3424 istud
379 3371 584 3426 induere
622 3374 1083 3436 immortalitatem;
1134 3377 1231 3430 hoc
1261 3380 1362 3430 erit.
1395 3378 1532 3432 istud
1563 3377 1788 3434 domici-

199 3463 333 3517 lium
363 3462 428 3516 dc
455 3465 591 3518 casto
617 3504 631 3525 ,
659 3465 798 3534 quod
831 3473 1104 3534 gementes
1132 3467 1181 3520 in
1221 3467 1318 3522 hac
1356 3483 1514 3522 carne
1541 3472 1790 3539 superin-

199 3552 372 3607 duere
414 3553 526 3624 (10)
573 3553 968 3620 desideramus;
1027 3558 1208 3626 utique
1243 3572 1402 3630 super
1444 3575 1658 3615 carnem
1691 3601 1705 3624 ,
1740 3564 1790 3616 in

1891 3389 2130 3436 veterum
2178 3379 2568 3448 sepulturarum
2625 3378 2878 3448 sacrilega
2905 3378 3018 3448 (c),
3065 3379 3481 3438 collocarentur.

1893 3473 2296 3542 quingentorum
2365 3469 2475 3524 fere
2513 3485 2774 3524 annormu
2815 3484 2936 3525 ossa
2964 3471 3066 3542 (ἀ),
3109 3470 3282 3526 adhuc
3336 3486 3430 3524 suc
3464 3501 3491 3512 -

1894 3563 2046 3626 cida,
2082 3563 2157 3630 (e)
2221 3571 2275 3617 et.
2315 3562 2537 3632 capillos
2606 3561 2812 3616 olentes
2887 3562 3114 3632 populus
3177 3563 3479 3618 exhorruit.

1430 3670 1806 3730 LECTIONES
1845 3673 2253 3730 VARIANTES.

271 3782 346 3903 ill
380 3784 992 3903 ln°lloi”5?tesnft’li£fi"t

382 3847 434 3910 In
460 3848 550 3897 hoc
575 3849 936 3910 ingemiscimus
958 3853 1100 3902 Pam.
1128 3851 1276 3901 Fran.

293 3909 347 3960 5)
382 3909 523 3959 Exuti
547 3909 698 3960 Seml.

305 3969 349 4034 l)
383 3972 553 4034 Auge-li
580 3972 725 4034 alien.
749 3969 897 4023 Seml.

297 4033 346 4086 ὃ)
383 4033 532 4082 Simul
557 4033 681 4084 abest
701 4049 732 4084 α
749 4034 898 4086 ΙίΙιειι,
926 4036 1065 4085 seml.

296 4094 348 4149 6)
384 4094 571 4147 Christo
593 4095 744 4147 Rhea.
771 4095 920 4148 Seml.

297 4157 348 4218 7)
386 4156 534 4207 Dedit
558 4161 694 4209 Pam.
721 4160 870 4210 Fran.

298 4219 350 4282 8)
386 4219 550 4279 Primi,
577 4227 738 4272 etnon
761 4221 868 4272 hab.
889 4219 1036 4272 Rhea.
1063 4221 1213 4272 Seml.

1983 3794 2035 3854 9)
2069 3794 2318 3843 Positione
2330 3789 2489 3854 _Rhen.
2517 3787 2664 3854 Seirtl.

1993 3852 2067 3919 I0)
2100 3852 2395 3919 Superindui
2420 3854 2556 3902 Pam.
2586 3852 2736 3901 Fran.

1993 3919 2063 3967 lIt
2102 3918 2261 3967 Simus
2277 3911 2426 3966 Rhea.
2454 3912 2606 3964 Seml.

1989 3973 2065 4028 I2i
2100 3979 2420 4028 Demutamus
2439 3973 2542 4027 alii.

1965 4035 2066 4102 (15)
2105 4040 2244 4090 Omni
2269 4042 2410 4088 modo
2432 4039 2627 4098 quidem
2654 4036 2800 4086 Rhea.
2822 4035 2974 4086 Seml.

1967 4105 2069 4166 (ll)
2105 4103 2241 4166 illam
2264 4104 2404 4152 Pam.
2429 4102 2572 4166 l‘rau.

1967 4159 2066 4231 (liii
2107 4165 2159 4231 l9
2185 4159 2714 4231 αυεοιρηίιφιτεξῖειι-
2774 4220 2802 4231 ..

1970 4220 2068 4290 (16)
2106 4226 2261 4276 Hodie
2286 4225 2434 4278 then.
2461 4224 2544 4272 dei
2567 4220 2656 4272 alii
2678 4236 2740 4272 eo
2757 4220 2840 4271 die
2863 4221 2972 4272 cod.
3014 4223 3198 4273 Woute.

1572 4325 2126 4387 COMMENTARIUS.

209 4439 395 4512 agundi
423 4481 436 4501 ,
477 4449 582 4512 etc.
631 4439 928 4495 Humanum
977 4457 1171 4512 corpus
1220 4440 1423 4496 duabus
1478 4444 1800 4511 metaphoris

211 4509 512 4578 signiﬁcat,
554 4509 806 4566 domicilii
843 4524 896 4565 et
937 4501 1265 4578 indumenti,
1307 4514 1554 4568 domicilii
1609 4501 1656 4568 in
1705 4517 1801 4569 hac
1827 4501 1878 4560 D

214 4581 326 4654 vita
351 4622 364 4642 ,
398 4591 450 4634 et
472 4582 764 4638 indumenti
792 4584 972 4652 glorim
1014 4585 1063 4637 in
1089 4584 1276 4640 altera.
1309 4587 1508 4639 Seneca
1537 4587 1646 4650 ipse
1682 4601 1801 4654 pro.

215 4651 375 4727 fanus
399 4651 982 4727 ntran‘ique‘agimsccre
1005 4655 1231 4723 videtur,
1258 4658 1478 4726 primam
1496 4658 1650 4727 epist.
1679 4651 1799 4720 ΗΟ,

217 4722 447 4774 alteram
472 4724 628 4789 epist.
657 4722 748 4777 93.
789 4724 864 4778 LI:
891 4724 986 4779 PR.

299 4790 376 4862 (ει)
406 4791 850 4866 Depretiendentur
892 4798 943 4849 in
969 4811 1139 4850 carne.
1182 4795 1277 4850 llic
1321 4797 1552 4866 loquitur
1602 4797 1669 4851 de
1707 4799 1804 4851 ad-

217 4872 390 4918 ventu
409 4864 889 4938 set-undoDomini,
919 4867 969 4920 in
987 4883 1090 4937 quo
1107 4868 1267 4936 judex
1290 4864 1523 4921 omnium
1545 4871 1808 4938 expendet

219 4944 278 4988 et
307 4937 536 5007 excutiet
573 4937 1381 5007 tle-licta.Quideprchendemur
1413 4939 1462 4991 in
1493 4937 1674 4996 carne.
1711 4941 1809 4993 hoc

221 5015 329 5065 est.
355 5005 610 5061 viventes.
629 5005 814 5061 eadem
845 5023 963 5061 cum
991 5005 1151 5062 earne
1172 5024 1348 5062 coram
1376 5010 1596 5064 Domino
1619 5012 1810 5065 sistent

222 5091 328 5138 se;
369 5075 457 5143 qui
491 5078 538 5129 in
569 5091 732 5132 carne
756 5093 858 5134 non
898 5079 1394 5148 dcprehendentnr,
1424 5094 1636 5135 carnem
1663 5097 1811 5134 assu-

224 5155 380 5200 ment
412 5165 421 5197 :
452 5148 552 5201 crit
590 5149 730 5200 enim
768 5149 927 5213 judcx
974 5151 1209 5205 vivorum
1251 5160 1302 5203 et
1343 5159 1692 5205 mortuorum.
1757 5150 1810 5205 Id

222 5218 694 5291 cxponit,on:rst.‘
716 5218 812 5273 109
837 5262 849 5274 .
885 5223 942 5273 Β.
975 5219 1215 5275 Iustinus
1244 5237 1256 5272 :
1305 5225 1354 5274 οὗ
1381 5227 1544 5282 πάντες
1583 5230 1812 5291 κοιμηθη-

224 5292 410 5355 σόμερα
429 5323 444 5340 ο
477 5293 629 5358 κρέντῖ
648 5287 722 5341 ιῦν
746 5297 919 5353 garrit;
940 5301 1046 5357 μὶν.
1073 5298 1191 5364 τούξ-
1210 5317 1312 5348 τοτα
1336 5296 1528 5364 {out-tite.
1556 5287 1736 5364 v-xpsbg
1765 5296 1813 5345 δὶ

225 5370 344 5432 τοὺς
363 5365 690 5432 ἀνισταμένης
716 5367 766 5414 lx
791 5379 878 5431 τῶν
901 5380 1086 5432 rupae.
1139 5360 1259 5416 Non
1294 5378 1462 5414 omnes
1487 5360 1811 5427 dormiemus,

216 5429 477 5498 iudicabit
515 5434 680 5500 itaque
714 5429 930 5487 viventes
965 5429 1050 5498 qui
1091 5443 1208 5486 tunc
1234 5441 1376 5486 erum
1397 5473 1410 5496 ,
1452 5445 1675 5488 mortuos
1701 5449 1814 5486 vero

228 5501 317 5568 qui
345 5516 378 5551 a
400 5501 608 5553 mortuis
634 5505 922 5556 resurrexit.
949 5502 1025 5557 LE
1050 5503 1142 5558 Pn.

304 5570 471 5643 (ῼΑΡ.⁸
505 5569 662 5624 XLII.
713 5602 782 5612 —
822 5574 899 5640 (b)
928 5574 1052 5627 Cum
1098 5574 1211 5629 odei
1254 5574 1600 5643 fundamenta.
1662 5575 1816 5631 Varia

237 5640 422 5715 Roma:
451 5640 596 5696 fuere
623 5643 753 5696 odva
771 5686 784 5704 ,
816 5645 927 5698 sive
956 5645 1068 5699 loca
1113 5647 1163 5698 in
1186 5640 1374 5715 quibus
1391 5645 1673 5714 aliquando
1701 5660 1818 5702 sese

234 5712 565 5790 recipiebant
615 5723 940 5790 spectatores
969 5731 1000 5770 e
1052 5712 1297 5790 theatro.
1339 5721 1380 5772 si
1427 5712 1597 5790 pluvia
1636 5734 1820 5790 super-

237 5784 475 5854 venisset
501 5825 515 5847 ,
539 5799 660 5854 nam
689 5784 756 5838 ibi
786 5787 1018 5854 porticus
1053 5796 1223 5839 erant.
1259 5785 1369 5842 Hoc
1399 5784 1449 5842 in
1474 5789 1590 5844 loco
1622 5784 1818 5844 recita—

239 5853 438 5910 bantur
478 5853 637 5908 etiam
677 5853 948 5923 poemata,
988 5871 1050 5912 ac
1087 5857 1290 5912 venalia
1333 5859 1595 5916 frumenta
1624 5861 1819 5932 exponi

1903 4447 2159 4501 solebant.
2187 4444 2240 4498 In
2268 4458 2331 4497 eo
2353 4444 2511 4496 etiam
2538 4457 2738 4497 caussae
2756 4440 3112 4496 frumentaria
3139 4443 3491 4510 agitabantur.

1905 4517 1993 4570 Sic
2017 4517 2222 4572 Pollux.
2243 4515 2333 4568 llll.
2360 4514 2468 4568 VI"
2496 4533 2506 4567 :
2531 4521 2612 4575 τὰς
2643 4517 2689 4565 δὲ
2711 4516 2789 4566 ἰπὶ
2811 4535 2874 4580 τῳ
2899 4527 3016 4581 σίτῳ
3038 4518 3170 4576 δίκας
3198 4522 3242 4569 ἓν
3263 4526 3326 4582 τῷ
3353 4518 3434 4566 ὠδ-
3452 4527 3499 4583 ’ῳ

1907 4593 2139 4654 ἔδικαζεν·
2166 4599 2289 4647 aries;
2317 4589 2360 4639 ἓξ
2392 4593 2513 4640 ετξ-ιν
2542 4594 2592 4636 αἱ
2620 4586 2907 4650 θρηλὸμηυι
2932 4590 3116 4653 τρυφαὶ.
3154 4586 3345 4638 Causas
3367 4585 3501 4638 (ἱὺιι-

1905 4661 2010 4712 rias
2046 4660 2095 4727 in
2128 4659 2270 4709 odeio
2301 4656 2678 4725 disceptabant;
2709 4654 2846 4706 ribus
2884 4669 2997 4708 vero
3026 4666 3098 4708 est
3124 4655 3378 4727 quodlibet
3404 4657 3502 4710 uli-

1909 4739 2148 4782 mentum.
2192 4729 2268 4782 LE
2316 4728 2413 4781 Pn.

1982 4799 2067 4870 (ς)
2109 4799 2341 4870 Veterum
2388 4796 2762 4870 sepulturarum
2801 4795 3502 4870 sacrilega.ete_.(_2nmiacc-

1911 4865 2095 4926 rcntur
2135 4869 2267 4923 Oilei
2307 4868 2644 4923 fundamenta
2676 4867 2896 4930 (novum
2933 4865 3128 4934 quippe
3153 4865 3355 4921 Odeum
3385 4885 3504 4923 ear-

1913 4941 2122 5007 thagine
2151 4949 2448 4994 extructum
2479 4937 2679 4997 fuerat,
2707 4937 2772 4990 de
2802 4950 2908 5002 quo
2942 4935 3025 4990 hic
3056 4937 3187 4990 forte
3222 4938 3499 5005 loquitur),

1913 5022 2059 5066 eruta
2092 5019 2214 5064 sunt
2251 5025 2369 5063 ossa
2413 5009 2690 5062 innumera
2728 5007 2962 5059 nomium
2999 5017 3249 5077 corrupta
3288 5019 3374 5062 aut
3410 5013 3507 5064 ab-

1913 5093 2120 5150 sumpta
2149 5122 2163 5146 ,
2214 5080 2387 5150 etiam
2440 5080 2706 5150 gigantum
2737 5119 2750 5139 ,
2795 5093 2912 5142 qua:
2965 5089 3282 5150 portentosa,
3327 5090 3500 5134 erant.

1913 5147 2048 5206 Illud
2095 5169 2218 5205 vero
2255 5149 2536 5221 sacrilegio
2584 5147 2746 5202 aliine
2768 5157 2912 5221 erat;
2940 5153 3077 5221 'nam
3111 5148 3158 5201 vi
3183 5149 3287 5203 ιΙςιιί
3311 5150 3504 5221 ξςρριιι-

1915 5223 1992 5278 eri
2034 5223 2235 5277 facinus
2279 5217 2634 5289 sacrilegium,
2664 5229 2718 5289 et
2739 5217 2875 5289 actio
2900 5218 2952 5270 in
2979 5218 3283 5273 violatorem
3307 5217 3508 5284 irroga:

1916 5294 2207 5348 infamiam.
2249 5291 2353 5345 Nec
2386 5288 2607 5351 mirum,
2636 5288 2680 5343 si
2714 5288 2762 5340 id
2794 5303 2898 5341 non
2938 5289 3134 5342 oblitus
3180 5291 3336 5344 fuerit
3376 5292 3508 5345 'I‘er-

1919 5366 2169 5419 tnllianns
2209 5364 2258 5415 in
2303 5363 2420 5431 jure
2473 5359 2867 5414 versatissimus
2897 5400 2912 5422 ,
2943 5360 3011 5413 de
3057 5376 3162 5428 quo
3191 5362 3507 5415 monuimus

1917 5435 2062 5490 alibi.
2093 5436 2168 5489 LE
2197 5434 2293 5487 Pn.

1993 5505 2072 5578 (d)
2117 5505 2537 5578 Quingentorum
2575 5505 2677 5571 fere
2718 5516 2863 5578 auu._
2895 5499 3024 5578 Quis
3077 5501 3218 5556 Ilier.
3261 5502 3508 5578 partiario

1921 5570 2078 5632 Iidem
2099 5570 2380 5640 dabitfqui
2411 5570 2581 5640 patris
2594 5585 2789 5640 corpus
2813 5570 2884 5625 ob
2905 5572 3078 5625 varias
3099 5573 3508 5629 exercitationes

1920 5658 1974 5703 et
1999 5655 2239 5702 exactam
2265 5643 2474 5715 vivendi
2503 5643 2759 5715 rationem
2799 5643 3059 5711 integrum
3111 5645 3370 5699 mansisse
3416 5660 3511 5715 per

1925 5718 2106 5787 viginti
2134 5732 2300 5771 annos
2330 5714 2532 5787 refert?
2563 5712 2639 5768 Lr.
2665 5713 2763 5787 P_tt_.

1983 5782 2423 5915 se).Et.capillos
2457 5785 2664 5838 olentes.
2696 5784 2838 5838 Idem
2863 5782 3134 5863 Car-dantis
3161 5784 3359 5867 scripto
3386 5800 3511 5855 pro-

2023 5871 2060 5915 ιι
2085 5875 2136 5915 ιιι
2165 5859 2255 5915 hb.
2284 5871 2477 5912 variar.
2501 5853 2635 5915 VIII.
2665 5871 2714 5910 c.
2739 5855 2794 5911 ι.
2821 5852 3062 5910 Tulliolae
3091 5855 3365 5913 Ciceronis
3391 5871 3511 5912 cor-

1925 5852 2062 5917 didit
2085 5863 2136 5915 in
2165 5859 2255 5915 lib.
2273 5852 2477 5912 'variar.
2501 5853 2635 5920 VIII,
2665 5871 2714 5910 c.
2739 5855 2794 5911 ι.
2821 5852 3062 5910 Tulliolae
3091 5852 3365 5913 Ciceronis
3390 5852 3514 5912 cor-
