4250 6494
742 364 848 426 855

2164 373 2628 430 TERTULLIANI

3927 375 4037 434 856

741 482 821 549 (α)
852 480 1092 552 Constat,
1141 499 1245 541 non
1274 490 1474 539 tantum
1501 498 1622 540 ossa
1649 483 1860 548 durare,
1893 501 2077 540 verum
2101 495 2154 540 et
2198 486 2330 539 dm-
2358 485 2404 542 A
2435 489 2568 541 ciem
2600 489 2764 559 magis
2791 488 3116 554 inecdamus,
3145 505 3304 560 quam
3333 505 3426 561 per
3452 490 3644 557 ﬁdem;
3673 505 3770 562 per
3794 507 3907 545 rem
3941 507 4036 560 po-

744 584 825 625 tes
874 577 1208 646 incorruptos
1243 593 1574 647 perennare;
1604 596 1721 648 quas
1767 589 1821 632 ut
1861 581 2062 634 Sl‘lllIllﬂ
2101 581 2330 634 relincu-

742 675 827 719 tur
867 667 1229 722 fruetiticatnri
1262 670 1502 737 corporis
1545 671 1595 724 in
1653 673 2062 726 resurrectione.
2114 671 2330 724 Postre-

745 775 868 821 tuo,
925 761 1024 815 etsi
1084 771 1207 816 tune
1268 761 1579 818 devoratum
1645 763 1942 819 invenietur
1999 765 2220 818 mortale
2278 766 2328 819 in

743 851 991 905 omnibus
1014 854 1254 918 mortuis,
1298 863 1445 909 certe
1473 869 1500 905 ει
1531 866 1722 921 morte,
1754 866 1900 911 certe
1930 856 1997 909 ab
2025 872 2161 918 :evo,
2189 867 2332 911 certe

747 959 839 1010 per
865 957 1111 1009 :etateut;
1146 947 1396 1015 numquid
1428 963 1454 1000 a
1488 945 1565 1018 (1)
1597 947 1719 1009 vita,
1752 947 2004 1017 numquid
2035 965 2061 1001 a
2091 949 2332 1018 superiu-

743 1039 1020 1103 dumcnto,
1046 1041 1301 1108 numquid
1325 1041 1390 1095 ab
1417 1042 1827 1097 immortalitatis
1859 1044 2107 1113 ingeslu?
2138 1043 2325 1109 Porro,

743 1130 831 1197 ipsi
860 1131 926 1184 ab
955 1132 1032 1183 bis
1065 1132 1144 1205 (2)
1172 1134 1246 1187 ait
1275 1134 1585 1189 devoratum
1627 1136 1688 1189 iri
1720 1137 1964 1202 mortale,
1998 1136 2065 1190 ab
2092 1137 2210 1190 aliis
2242 1153 2333 1192 ue.

741 1225 905 1291 gavit.
941 1225 1005 1279 Iit
1036 1231 1214 1295 utique
1245 1228 1344 1282 hoc
1377 1243 1406 1282 a
1434 1228 1626 1282 divinis
1666 1229 1887 1292 viribus,
1918 1245 2020 1283 non
2051 1245 2079 1282 a
2113 1239 2330 1284 natura-

743 1318 882 1373 libus
939 1319 1146 1388 legibus
1194 1320 1376 1390 perﬁci
1427 1325 1774 1390 przestarique
1827 1323 2144 1377 conveniet!
2191 1323 2332 1390 Ergo

741 1424 863 1462 cum
889 1426 916 1462 a
950 1410 1052 1463 vita
1083 1410 1273 1465 habeat
1298 1412 1538 1466 devorari
1567 1414 1708 1482 quod
1735 1413 1958 1467 mortale
1986 1423 2086 1477 est,
2111 1414 2159 1465 id
2183 1414 2330 1467 exhi-

741 1503 852 1556 beri
878 1504 1209 1559 omnifariam
1238 1521 1458 1561 necesse
1480 1516 1583 1571 est,
1616 1518 1672 1562 ut
1714 1506 2031 1572 devoretur,
2075 1519 2127 1562 et
2170 1510 2333 1563 devo-

738 1595 865 1659 rari,
902 1604 957 1648 nt
981 1596 1300 1650 demutetur.
1335 1596 1390 1652 Si
1425 1600 1597 1666 ignem
1629 1598 1775 1652 dicas
1799 1600 2016 1654 accendi
2058 1612 2329 1668 Oportet'e,

742 1702 848 1739 non
891 1695 1040 1754 potes
1069 1687 1116 1741 id
1147 1702 1240 1757 per
1268 1688 1408 1758 quod
1440 1689 1770 1755 accenditur,
1799 1691 1924 1744 alibi
1973 1694 2330 1746 necessarium

742 1779 1027 1833 :nllirmare
1048 1823 1060 1840 ,
1092 1780 1213 1834 alibi
1249 1796 1372 1834 non.
1399 1780 1486 1835 Sic
1531 1791 1582 1835 et
1612 1797 1729 1835 cum
1776 1781 1978 1837 infnlcit
2010 1802 2020 1835 :
2069 1784 2331 1851 Siquidem

2436 581 2560 644 tius,
2611 597 2766 649 quam
2810 598 2902 649 per
2931 597 3096 650 spem.
3127 582 3288 636 Vides
3316 600 3473 651 quam
3510 593 3564 638 et
3619 584 3703 638 bic
3731 585 3812 655 (ἶ)
3839 600 4034 649 corp-i-

2436 688 2550 726 rum
2573 682 2936 741 contemptum
2963 675 3028 727 ad
3060 676 3437 745 martyriorum
3479 677 3838 743 prastantiam
3893 675 4036 727 rete-

2435 774 2536 818 ral.
2572 765 2735 818 Nemo
2757 767 2896 819 enim
2929 767 3294 836 peregrinatus
3323 781 3615 836 acorpore,
3633 768 3812 821 statim
3837 767 4036 820 immo-

2434 867 2580 912 ratur
2608 873 2768 927 penes
2802 858 3106 923 Dominmu,
3139 858 3236 911 nisi
3267 873 3329 912 ex
3373 858 3611 929 martyrii
3642 858 4032 928 przrrogativa;

2435 949 2680 1018 paradiso
2717 950 2918 1004 scilicet
2950 948 3050 1020 (8).
3105 965 3212 1004 non
3266 949 3483 1008 inferis.
3539 949 3859 1004 deversurus
3928 949 4033 1020 (9).

2435 1038 2514 1112 (d)
2539 1039 3038 1095 Defecerantautem
3070 1041 3324 1109 Apostolo
3354 1040 3508 1095 verba
3531 1040 3596 1094 ad
3628 1040 4036 1111 signiﬁcatulunt

2433 1132 2500 1186 de
2521 1147 2745 1201 corpore
2778 1134 3202 1187 οχοθεςιιιιιϊΛιι
3229 1133 3435 1186 ratiOne
3474 1133 3634 1186 etiam
3690 1149 3827 1186 nove
3857 1133 4003 1198 lmpti
4022 1163 4034 1171 -

2434 1225 2560 1278 tur?
2586 1223 2955 1293 'l‘emporalem
3003 1223 3146 1278 enim
3174 1225 3493 1278 abstentiam
3527 1240 3553 1275 a
3585 1239 3811 1292 c0rpore
3852 1225 4039 1278 volens

2433 1316 2754 1384 signiﬁcare,
2781 1315 3105 1385 peregrinari
3135 1329 3232 1368 nos
3273 1315 3340 1367 ab
3368 1329 3434 1368 eo
3473 1314 3626 1377 dixit,
3657 1317 3914 1382 quoniam
3947 1317 4036 1383 ιιιιί

2437 1408 2821 1477 peregrinatur,
2852 1409 3011 1462 etiam
3039 1418 3334 1462 revertetur
3362 1410 3413 1460 in
3444 1407 3790 1462 domicilium.
3825 1407 4034 1461 Exinde

2434 1500 2593 1554 etiam
2663 1499 2728 1553 ad
2779 1515 2968 1555 omnes
3026 1517 3038 1552 :
3101 1499 3166 1553 Et
3220 1499 3332 1552 ideo
3380 1498 3494 1570 (l0)
3549 1501 3812 1568 gestimus,
3867 1501 4038 1568 inquit

2435 1593 2501 1664 (11
2556 1589 2671 1647 Cor.
2707 1592 2793 1662 ν),
2817 1595 2918 1647 sive
2949 1595 3341 1663 peregrinantes,
3375 1594 3476 1646 sive
3503 1594 3844 1654 immorantrs,
3878 1594 4040 1660 piari-

2437 1688 2559 1740 bilcs
2589 1686 2695 1739 Deo
2724 1704 2831 1740 esse
2861 1687 2998 1757 (II).
3035 1686 3220 1741 Omnes
3248 1688 3381 1739 enim
3408 1687 3722 1756 munifestari
3747 1702 3838 1738 nos
3880 1702 4039 1752 opor-

2438 1788 2502 1831 tet
2534 1795 2624 1846 pro
2650 1778 2886 1830 tribunali
2915 1775 3026 1847 (12)
3055 1775 3238 1830 Christi
3264 1777 3406 1830 Jesu.
3444 1773 3500 1832 Si
3525 1792 3728 1838 omnes,
3765 1787 3817 1830 ct
3845 1785 3992 1828 tutos
4025 1795 4035 1827 τ

742 1871 880 1920 ι’,τιιιὶ
900 1911 913 1934 ,
948 1886 1045 1922 non
1064 1871 1187 1923 nudi
1207 1871 1522 1924 inueniamur
1548 1872 1648 1942 (5),
1674 1872 1738 1927 de
1761 1875 1838 1927 eis
1867 1874 2072 1928 scilicet
2101 1876 2187 1943 qui
2223 1891 2325 1928 non
2358 1873 2404 1931 B
2434 1872 2475 1923 si
2509 1880 2664 1934 totos,
2691 1881 2742 1922 ct
2773 1871 3050 1923 interiores
3071 1868 3454 1931 ctexteriores,
3487 1867 3534 1920 id
3562 1878 3662 1931 est,
3695 1876 3801 1921 tant
3831 1869 4041 1920 animas

743 1960 794 2011 iu
824 1961 951 2023 vita,
987 1975 1082 2014 nec
1124 1962 1172 2014 in
1206 1977 1364 2015 carne
1394 1963 1866 2030 deprebciulentur
1895 1979 1921 2016 a
1966 1965 2051 2018 die
2086 1966 2325 2026 Domini;

743 2067 849 2105 non
882 2052 1012 2105 alias
1043 2053 1253 2120 negavit
1305 2053 1493 2112 nudus,
1528 2068 1658 2118 quos
1693 2053 1933 2122 pra'dixit
1977 2064 2184 2117 exutos,
2230 2057 2328 2111 uisi

741 2143 862 2210 quia
887 2143 1169 2197 reveslitos
1193 2143 1359 2197 voluit
1387 2144 1605 2213 intelligi
1646 2145 1829 2199 eadem
1871 2147 2185 2211 substantia,
2226 2163 2328 2217 qua

740 2239 948 2287 Inerant
994 2237 1224 2304 Spoliati.
1276 2239 1341 2291 Ut
1388 2237 1511 2290 nttdi
1563 2238 1703 2292 enim
1760 2241 2140 2304 invenientur,
2170 2255 2331 2294 carne

742 2329 1003 2396 deposita,
1033 2330 1114 2382 vel
1159 2345 1223 2383 ex
1257 2340 1404 2396 parte
1453 2331 1698 2394 discissa,
1732 2333 1843 2385 sive
1871 2331 2063 2386 detrita
2097 2349 2111 2385 :
2153 2343 2207 2386 et
2233 2333 2333 2388 ltoc

743 2421 885 2472 cnim
920 2420 1125 2474 nuditas
1176 2431 1346 2490 potest
1389 2423 1516 2475 diri.
1553 2423 1750 2476 Dehinc
1781 2424 1859 2499 (4)
1893 2426 2149 2493 recipient
2191 2443 2330 2488 cam,

747 2521 821 2572 ut,
847 2511 1109 2565 redintluti
1142 2527 1379 2575 carnem,
1409 2515 1526 2566 licri
1557 2515 1758 2581 possint
1799 2515 1958 2569 etiam
2000 2517 2330 2585 superinduti

746 2604 1226 2659 immortalitatem.
1279 2606 1597 2676 Superindui
1643 2610 1807 2674 enim,
1840 2610 1936 2663 nisi
1969 2611 2159 2664 vestito
2200 2610 2332 2681 jam,

745 2695 1031 2750 convenire
1064 2713 1164 2751 non
1200 2698 1410 2766 poterit.

1324 2835 1548 2892 CAPUT
1579 2835 1760 2890 XLIII.

787 2967 1055 3033 (Proinde
1095 2983 1214 3022 rum
1262 2967 1387 3022 dicit
1432 2968 1657 3040 :Itaque
1686 2967 1760 3041 (ὑ)
1803 2970 1981 3038 con/isi
2035 2987 2248 3043 semper,
2293 2982 2338 3025 et

751 3060 962 3114 scientes
996 3062 1131 3129 quod
1151 3079 1263 3116 Cum
1286 3063 1356 3134 (ιτ)
1384 3064 1712 3116 immorantur
1759 3063 1810 3115 in
1853 3080 2081 3134 corpore,
2115 3067 2338 3135 peregri-

751 3168 932 3204 numur
962 3151 1041 3224 (5)
1085 3170 1114 3205 (ι
1145 3152 1360 3208 Domino
1388 3170 1403 3209 :
1433 3172 1520 3225 per
1554 3155 1704 3223 ﬁdem
1750 3157 1880 3207 enim
1920 3157 2215 3218 incedimus,
2241 3173 2339 3210 non

2435 1978 2592 2031 quam
2620 1973 2672 2015 et
2701 1976 2922 2030 Corpora
2955 1980 2965 2013 :
2999 1961 3069 2031 (ρ)
3088 1959 3175 2014 Uti
3201 1961 3561 2029 unusquisque,
3595 1959 3782 2028 inquit,
3818 1972 4041 2019 reponet

2435 2055 2548 2126 (15)
2570 2072 2654 2124 per
2667 2071 2848 2125 corpus
2869 2054 3142 2106 secundum
3168 2068 3282 2120 qua:
3293 2054 3464 2122 gessit,
3489 2053 3694 2114 bonum,
3717 2068 3806 2103 seu
3823 2053 4040 2104 malum.

2436 2149 2665 2214 llucjam
2693 2147 2958 2214 quomodo
2976 2146 3138 2212 legas,
3162 2162 3377 2214 (puero;
3407 2145 3556 2214 quasi
3576 2145 3643 2215 (ί)
3669 2147 3882 2197 turbate
3902 2147 4044 2198 enim

2438 2256 2530 2308 per
2558 2238 2887 2309 bypcrbatOn
2918 2236 3111 2289 struxit
3139 2235 3185 2305 (1
3209 2236 3254 2304 1)
3287 2253 3298 2288 :
3325 2245 3571 2288 utrumne
3597 2249 4042 2304 qnzepercorpns

2438 2330 2752 2400 reportanda
2779 2339 2958 2393 erunt,
2986 2345 3050 2381 an
3083 2342 3199 2397 qtlzl‘.
3233 2343 3326 2393 per
3348 2342 3542 2395 Corpus
3570 2335 3718 2395 gesta
3743 2338 3862 2378 sunt
3884 2327 3905 2377 ?
3931 2326 4038 2379 Sed

2438 2435 2484 2478 ct
2517 2425 2557 2476 si
2590 2439 2706 2493 qua:
2740 2438 2832 2492 per
2859 2436 3054 2489 Cttl‘ptls
3082 2419 3402 2489 reportanda
3437 2429 3556 2472 μιιιιι
3586 2460 3598 2478 ,
3629 2419 3931 2485 corporalis
3962 2421 4042 2470 in-

2438 2517 2673 2570 dubitate
2705 2516 3025 2567 resurrectio
3063 2524 3146 2566 eSL
3174 2531 3185 2566 :
3211 2513 3327 2565 etsi
3361 2527 3477 2578 «pne
3520 2527 3612 2577 per
3654 2526 3852 2578 corpus
3895 2523 4040 2577 gesm

2440 2617 2562 2661 sunt
2595 2606 2691 2678 (ιι),
2719 2622 2811 2675 per
2840 2620 3034 2675 corpus
3064 2608 3242 2672 utique
3275 2604 3543 2672 pensanda
3573 2615 3724 2668 smn,
3759 2621 3853 2672 per
3905 2604 4043 2671 quad

2441 2711 2494 2754 et
2521 2711 2664 2769 gesta
2692 2709 2833 2756 sunt.
2868 2701 2936 2751 Ita
2964 2709 3017 2752 et
3041 2708 3182 2751 totus
3212 2698 3296 2750 hic
3320 2715 3348 2751 a
3376 2699 3548 2766 capite
3595 2707 3851 2749 tracmtus
3906 2699 4048 2761 Apo—

2441 2795 2585 2855 stoli,
2633 2795 2719 2848 tali
2768 2793 3004 2847 claumla
3061 2792 3308 2845 detextus
3357 2808 3458 2858 qua
3499 2791 3676 2843 carnis
3721 2792 4043 2846 resurrectio

2441 2885 2756 2950 ostenditur,
2783 2885 3076 2940 secundum
3107 2888 3217 2936 hzec
3249 2883 3348 2936 crit
3378 2881 3750 2950 intelligendus
3775 2897 3895 2951 quae
3922 2897 4040 2936 eum

2442 2979 2674 3036 clausula
2701 2985 3018 3033 consonant.

3011 3108 3239 3166 CAPUT
3279 3107 3463 3165 XLIV.

749 3258 839 3310 per
865 3244 1114 3311 speciettt,’
1148 3245 1539 3299 manifestatum
1567 3254 1650 3299 cst
1694 3246 1793 3299 hoc
1823 3261 2032 3314 quoque
2078 3263 2179 3301 non
2214 3263 2334 3316 per-
2364 3258 2408 3320 C
2514 3252 2568 3307 Si
2591 3251 2732 3304 enim
2755 3247 2926 3302 adhuc
2948 3245 3012 3300 ad
3041 3245 3314 3314 superiora
3347 3251 3642 3312 re'spectes,
3675 3243 3816 3298 unde
3844 3249 4045 3298 mentio

749 3333 918 3386 tinere
945 3333 1013 3387 ad
1037 3333 1437 3390 nII‘uscationem
1461 3336 1655 3398 carnis,
1680 3337 1827 3405 quasi
1853 3339 2148 3406 separantis
2180 3354 2275 3393 nos
2303 3356 2332 3394 a

754 3427 996 3482 Domino.
1036 3428 1101 3482 Et
1127 3428 1213 3483 hic
1235 3429 1376 3483 enim
1406 3430 1706 3484 exhortatio
1729 3429 2056 3485 fastidienda:
2085 3433 2202 3485 vita:
2238 3431 2335 3485 bu-

744 3520 833 3587 jus
879 3520 1211 3586 obvertilttr;
1265 3523 1524 3593 siquidem
1590 3526 1988 3594 peregrinantur
2033 3540 2060 3577 a
2113 3525 2338 3582 Domino

751 3612 1001 3682 quamdiu
1028 3615 1282 3680 vivimus,
1316 3631 1408 3685 per
1435 3615 1590 3670 tidem
1620 3615 1946 3680 incedentes,
1977 3631 2080 3670 non
2109 3633 2202 3685 per
2221 3631 2339 3685 Spe-

750 3707 910 3772 ciem,
938 3706 990 3760 id
1018 3717 1097 3761 est
1126 3722 1240 3776 5pc,
1273 3723 1376 3761 non
1401 3725 1487 3765 re:
1522 3719 1573 3762 et
1611 3708 1730 3763 ideo
1754 3708 2021 3780 subjungit
2056 3729 2068 3763 :
2102 3709 2342 3765 Fidentes

750 3808 936 3863 autem,
980 3810 1024 3852 et
1051 3799 1237 3854 bonum
1259 3801 1492 3855 ducentes
1513 3798 1592 3872 (ϐ)
1621 3802 1781 3872 magis
1819 3803 2129 3872 peregrinari
2169 3818 2198 3854 a
2226 3819 2342 3856 cor-

752 3905 893 3958 pore,
923 3901 968 3944 et
998 3891 1256 3946 immorari
1284 3892 1352 3945 ad
1395 3891 1667 3947 Dominum
1694 3894 1930 3951 :seilicet
1976 3905 2030 3948 ut
2076 3911 2170 3963 per
2217 3910 2343 3965 spe-

2439 3342 2670 3398 bomiuis
2695 3338 2976 3405 exterioris
3002 3348 3055 3392 ct
3100 3338 3363 3391 interioris
3392 3335 3604 3390 inducta
3635 3344 3749 3398 cst,
3781 3352 3962 3390 nonne
3990 3348 4041 3390 et

2439 3436 2748 3507 dignitatem
2768 3443 2820 3487 et
2846 3445 2992 3500 Spem
3019 3430 3194 3484 carnis
3212 3431 3466 3498 integram
3494 3427 3757 3482 Fnrenics?
3773 3427 3906 3482 Dum
3932 3428 4045 3498 (15)

2440 3530 2582 3585 enim
2630 3527 2696 3581 de
2755 3525 2970 3586 lumine,
3020 3522 3160 3590 quod
3232 3521 3462 3574 illnxerit
3509 3519 3645 3573 Deus
3695 3520 3748 3572 in
3795 3520 4045 3574 eurdibus

2444 3619 2661 3677 nostris,
2692 3615 2756 3668 ad
2788 3613 3225 3668 illuminationem
3266 3609 3552 3679 agnitionis
3587 3608 3772 3678 gloriae
3820 3623 3955 3673 suae,
3995 3611 4042 3662 in

2444 3724 2667 3780 persona
2694 3705 2910 3767 Christi,
2953 3703 3081 3757 dicit
3110 3703 3306 3757 habere
3334 3716 3429 3756 nos
3457 3703 3766 3755 thesaurum
3797 3702 3960 3754 istmn
3995 3703 4042 3756 in

2445 3801 2688 3856 testaceis
2712 3797 2873 3859 vasis,
2908 3795 3112 3849 scilicet
3143 3794 3191 3846 iu
3219 3808 3407 3856 carne;
3442 3803 3690 3846 utrumne
3721 3793 3846 3861 quia
3881 3803 4043 3846 testa-

2441 3907 2534 3949 cea
2563 3900 2667 3953 est,
2693 3886 2984 3944 secundum
3015 3884 3274 3956 originem
3305 3885 3357 3940 iu
3384 3884 3499 3956 (16)
3530 3884 3678 3952 limo,
3702 3884 4041 3950 desuuetur;

1935 4009 2312 4066 LECTIONES
2352 4008 2438 4062 VA
2450 4004 2760 4061 RIANTES.

815 4095 832 4157 (
846 4096 889 4156 l)
923 4094 962 4145 Ε
987 4097 1137 4149 Rhea.
1164 4098 1315 4158 sentt.
2511 4098 2582 4158 (9)
2617 4096 2914 4158 Diversnrtts
2932 4089 3034 4158 alii.

821 4150 894 4277 (2)
929 4159 1052 4216 Quia
1079 4160 1152 4234 bis
1179 4157 1324 4210 alteri.
1349 4159 1490 4234 Seml.
2511 4150 2616 4266 (10)
2653 4157 2714 4208 Et
2737 4158 2848 4206 ideo
2875 4155 2971 4228 del.
3001 4151 3150 4205 Rhea.
3177 4150 3326 4202 Seml.

842 4225 870 4270 5
928 4220 1236 4272 Invememur
1259 4224 1371 4272 nudi
1392 4221 1547 4273 Rhen.
1578 4225 1699 4275 Ven.
2516 4224 2614 4277 _ll)
2649 4220 2854 4268 Placere
2877 4218 2942 4266 IIII
2967 4221 3089 4267 Par.
3117 4217 3269 4265 Frau.

845 4161 894 4285 ‘2)
929 4161 1052 4216 Quia
1079 4161 1152 4210 bis
1179 4161 1324 4210 nheri.
1349 4161 1490 4210 senti.
2511 4161 2616 4266 (10)
2653 4161 2714 4208 Et
2737 4161 2848 4206 ideo
2875 4161 2971 4228 del.
3001 4161 3150 4205 Rhea.
3177 4161 3269 4202 seu

842 4225 870 4285 5
928 4220 1236 4285 [ηνροίειιιυιι
1259 4224 1371 4272 nudi
1392 4221 1547 4273 nheri.
1578 4225 1699 4275 Ven.
2516 4224 2614 4285 ι11)
2649 4218 2942 4285 Placet-calli
2967 4221 3089 4285 Ifur.
3117 4217 3269 4285 Frart.

819 4278 893 4347 (4)
926 4282 987 4347 δι
1009 4284 1129 4333 αιίά·
1156 4293 1292 4334 ΡαἭ-
1321 4295 1467 4335 Ιττίυιι
1632 4346 1639 4347 ί
2511 4278 2613 4347 (12)
2649 4284 2776 4332 Ante
2799 4280 3005 4347 tribunal
3030 4282 3170 4347 Parit:
3200 4278 3349 4347 Frqn.

816 4341 891 4406 (ῖς)
926 4343 1312 4406 Βθνοετίιιριιιιιι-
1338 4347 1480 4397 triten.
1507 4346 1657 4399 Seml.
2511 4341 2615 4406 (l3)
2649 4347 2767 4405 Qua:
2789 4343 2908 4392 add.
2936 4352 3082 4406 tjrau.
3111 4341 3224 4406 Rig._
3250 4341 3370 4389 Ven.

819 4401 891 4470 (ti)
925 4401 1162 4470 picentes
1185 4407 1334 4459 Rhen.
1355 4408 1498 4460 Seml.
2516 4401 2619 4470 (It)
2660 4401 2894 4470 [astruxit
2921 4401 3242 4470 ttltert..Seml.

818 4462 890 4531 t7)
931 4468 1017 4531 Hic
1035 4479 1085 4520 et
1107 4472 1249 4520 Pam.
1279 4472 1429 4520 Fran.
2369 4514 2422 4531 ἢ
2513 4462 2614 4531 (15)
2652 4468 2768 4531 Cum
2798 4466 2941 4516 Rhea.
2964 4462 3102 4514 Seml.

818 4473 866 4516 (7
931 4473 1017 4518 Hic
1035 4479 1085 4520 et
1107 4473 1249 4520 Pam.
1279 4473 1429 4520 Fran.
2513 4473 2614 4531 (15)
2652 4473 2768 4520 Cum
2798 4473 2941 4516 alien.
2964 4473 3102 4514 Seml.

818 4473 890 4593 (Β)
926 4530 1125 4583 Scilicet
1146 4534 1363 4597 paradiso
1386 4532 1536 4586 Rhea.
1565 4533 1714 4584 Seml.
2369 4514 2423 4573 D
2517 4533 2613 4596 (16)
2650 4530 2848 4580 Scilicet
2875 4541 2934 4578 ex
2962 4531 3098 4578 Pam.
3125 4527 3271 4575 Fran.

2114 4636 2671 4694 COMMENTARIUS.

757 4790 854 4848 ιιιις
903 4787 1170 4848 repertum
1221 4777 1360 4833 Sixti
1417 4777 1483 4832 IV
1533 4773 2050 4848 temporibus._sine
2104 4772 2206 4826 nlla
2255 4773 2337 4848 sui

750 4844 978 4916 jactura?
1025 4849 1158 4916 Quin
1197 4849 1305 4903 imo
1349 4849 1399 4902 in
1443 4863 1508 4902 eo
1547 4844 1759 4915 implexi
1802 4844 2115 4898 videbantur
2160 4844 2336 4911 capilli

755 4935 920 4971 aureo
952 4920 1205 4979 reticulo.
1236 4921 1286 4974 in
1324 4933 1457 4988 quos
1496 4928 1550 4970 ut
1594 4928 1644 4970 ct
1684 4918 1734 4970 in
1767 4924 1932 4988 totum
1973 4917 2335 4988 etgrrpus,nibil

755 5000 995 5060 potuerat
1023 5007 1110 5044 an.
1144 4985 1415 5060 plusquam
1449 4989 1591 5045 1500
1618 4988 1864 5060 spatium.
1896 4985 1970 5039 Le
1999 4985 2095 5039 Ριι.

832 5065 904 5128 (ιι)
945 5057 1155 5114 Constat
1201 5057 1299 5114 non
1354 5071 1546 5113 tantum
1612 5074 1726 5112 ossa
1794 5057 2023 5119 durare,
2073 5071 2240 5107 rerum
2294 5064 2339 5107 et

753 5129 939 5182 dentes.
974 5131 1122 5184 ΡΙτιιο
1151 5132 1200 5184 Ill
1227 5131 1500 5185 Phaedone
1531 5148 1544 5182 ε
1577 5137 1678 5184 ἔνια
1726 5131 1773 5180 δὲ
1814 5135 1934 5196 μέρη
1979 5134 2060 5181 ταῦ
2101 5135 2333 5192 σώματις,

751 5207 830 5253 sui
856 5207 932 5254 ἒὶν
960 5207 1238 5265 σαπῇ,ὂώ
1257 5224 1304 5256 τε
1321 5206 1405 5255 καὶ
1433 5209 1570 5270 rapa.
1595 5204 1677 5255 καὶ
1706 5204 1766 5253 τὰ.
1783 5205 1985 5254 τθιαῦται
2012 5203 2164 5252 πάντα,
2192 5204 2333 5264 ὅμως,

750 5278 807 5330 ὡς
841 5281 944 5334 ἓττς
977 5277 1157 5333 εἴτι-ἲν,
1189 5278 1406 5328 ἀθάνατᾶ
1437 5279 1575 5327 ἐστιν.
1609 5270 1722 5325 RIG.

821 5341 974 5396 CAP.
1010 5343 1196 5423 XLIII.
1225 5373 1296 5382 —
1323 5343 1402 5466 (1))
1439 5341 1634 5410 Con/isi
1662 5355 1876 5408 semper.
1911 5338 1988 5393 Ex
2015 5353 2190 5408 grmco
2218 5345 2335 5406 θαρο

821 5425 881 5464 ’ν-
911 5444 929 5466 ε
961 5415 1242 5466 transmlit.
1269 5413 1342 5466 Le
1395 5417 1466 5466 ιιι.

747 5420 881 5482 ῥιῖν-
911 5444 929 5474 ς
961 5414 1242 5469 transmlit.
1269 5413 1342 5467 LE
1374 5413 1466 5466 l’n.

824 5485 896 5554 (ρ)
929 5483 1266 5554 [inmorantur
1291 5485 1590 5550 incorpore,
1625 5481 2062 5554 peregrinrnnttna
2091 5479 2331 5534 Domino.

751 5550 884 5609 Illod'
907 5555 1064 5607 etiam
1092 5553 1276 5608 Graece
1300 5558 1590 5621 ἐκδομὸυντρς
1610 5550 1855 5620 explicat.
1880 5552 1953 5605 Li:
1990 5550 2084 5604 Pa.

821 5626 899 5696 (d)
943 5623 1242 5696 Defecerant
1291 5634 1455 5696 autem
1528 5623 1768 5691 Apostolo
1820 5625 1984 5676 verba.
2047 5621 2335 5696 Admonuit

752 5693 1181 5766 Th'eoplrylactus
1218 5695 1506 5763 prudenter
1542 5697 1728 5748 mortis
1759 5705 1811 5748 et
1845 5696 1966 5748 vita:
2007 5693 2218 5766 nomina
2255 5702 2330 5766 taf

745 5770 921 5822 cnisse
945 5764 1279 5835 Apostolnm,
1309 5776 1360 5820 et
1383 5776 1604 5820 mortem
1647 5779 1865 5820 vocasse
1902 5764 2232 5833 praesentiam
2263 5764 2325 5818 ad

744 5834 1052 5904 Dominum,
1099 5839 1210 5893 sive
1250 5838 1707 5905 immorationem,
1739 5837 1899 5890 vitam
1929 5850 2056 5890 vero
2085 5834 2322 5906 peri-gri-

2443 4771 2712 4826 nationem
2737 4778 2792 4823 et
2811 4766 3126 4822 absentiam.
3156 4764 3285 4820 Lac.

2513 4839 2586 4912 (ιι)
2609 4839 2695 4895 Uti
2719 4839 3073 4912 unusquisque,
3096 4837 3282 4912 inquit,
3303 4832 3826 4912 reportet.V_ttlgattts_,
3854 4836 4037 4912 referat

2441 4904 2779 4979 unusguisqne
2821 4904 3028 4976 proin-in
3085 4908 3326 4979 corporis.
3375 4905 3746 4979 liivcr-sitatcm
3796 4904 4042 4979 lectionis

2442 4974 2610 5036 unica:
2657 4974 2856 5034 tantum
2903 4980 3071 5033 literae
3115 4977 3352 5031 defectus
3393 4977 3535 5029 fecit.
3578 4974 3837 5043 Vulgalus
3869 4975 4037 5043 legit:

2443 5058 2543 5108 ἴδιοι
2572 5060 2652 5108 τοῦ
2690 5063 2931 5117 σώματιςς
2957 5059 3011 5103 at
3049 5047 3428 5107 'I'crtulliauns,
3467 5050 3549 5099 διὰ
3583 5053 3663 5101 τοῦ
3694 5055 3912 5111 sapam;
3942 5064 3956 5099 :
3990 5057 4040 5098 et

2448 5126 2498 5178 in
2553 5124 2740 5192 granis
2786 5121 2905 5174 eod.
2961 5122 3028 5192 ita
3078 5119 3389 5192 Iegitu_r._et
3435 5127 3732 5192 sequuntur
3762 5119 4037 5192 Syriacus,

2439 5187 2683 5262 ΤΙιρῖιρΙι,
2706 5191 3082 5247 (Eeumenius.
3104 5189 3251 5262 Antid
3280 5188 3677 5262 Tertulliannm,
3694 5187 3856 5250 C0d.,
3881 5189 4035 5258 Angl.

2444 5259 2688 5326 habebat,
2729 5263 2979 5330 pru'tcrita
3002 5261 3246 5329 corporis.
3278 5259 3407 5312 Lac.

2511 5335 2575 5408 (l')
2611 5327 2830 5388 Turbato
2856 5334 2987 5408 enim
3033 5327 3119 5401 per
3161 5332 3470 5401 hyperbaton
3497 5329 3722 5408 struxit:
3743 5327 4036 5408 Ilyperbati

2443 5400 2605 5475 ﬁgura
2640 5407 3006 5476 grammatica,
3031 5400 3148 5456 cun.
3195 5401 3548 5476 transgressio
3581 5400 3724 5476 verbi
3771 5401 3829 5451 lit
3881 5401 4034 5476 quasi

2445 5471 2666 5531 ttirbata'
2695 5487 2740 5528 et
2788 5475 3034 5542 impedita
3072 5474 3313 5528 oratione
3343 5471 3356 5524 ὲ
3393 5473 3598 5540 longius
3634 5472 3775 5524 cnim
3809 5471 4034 5524 verbum

2441 5549 2666 5616 positum
2701 5545 2823 5599 facit
2850 5547 3286 5616 lryperbatoi.,_ut
3307 5544 3351 5596 si
3385 5542 3531 5604 illud,
3563 5557 3650 5611 per
3677 5557 3888 5609 corpus,
3913 5555 4034 5594 eum

2441 5613 2599 5672 verbo
2629 5619 2776 5684 gessit
2808 5625 3171 5670 connectatur.
3203 5613 3331 5667 Lac.

2507 5691 2586 5760 (g)
2623 5680 2722 5743 Per
2748 5704 2931 5751 corpus
2948 5688 3127 5760 utique
3151 5684 3408 5760 pensanda
3432 5692 3568 5760 sunt.
3585 5680 3800 5760 Lueuda
3824 5696 3917 5735 seu
3947 5699 4033 5760 re-

2434 5753 2756 5815 muneranda
2785 5766 2927 5812 sunt.
2948 5753 3313 5810 Tlteodoretus
3339 5754 3582 5807 similiter
3611 5753 3852 5818 exponit,
3877 5753 4025 5807 colli-

2429 5846 2559 5901 gens
2585 5847 2706 5888 cum
2740 5829 3064 5887 Tertulli-ano
3093 5824 3559 5883 resurrectionem.
3596 5822 3726 5878 Lsc.
