4250 6494
183 402 290 462 857

1195 406 1400 464 LIBER
1441 405 1528 463 DE
1565 403 2144 464 RESURRECTIONE
2181 406 2450 466 CARNIS.

3367 407 3474 466 858

182 537 252 577 an
281 522 401 593 quia
431 521 510 596 (α)
537 521 701 579 divini
744 499 980 580 thesauri
1011 523 1363 580 conditorium
1402 534 1504 589 est,
1546 524 1768 578 extolle-
1801 525 1848 582 A
1877 523 2150 579 clausula:
2178 523 2424 585 Scientes,
2457 523 2547 586 ait,
2598 523 2734 594 quod
2777 522 2866 594 qui
2910 523 3168 580 suscitauit
3196 521 3397 582 Jesum.
3432 533 3480 595 et

184 618 313 669 tur?
340 619 555 686 Atquin,
586 617 628 670 si
670 617 845 672 lumen
892 618 1061 686 ipsum
1104 616 1183 687 (i)
1227 616 1352 671 illud
1402 633 1603 684 verum,
1637 620 1775 686 quod

183 720 270 762 est
303 710 354 762 in
390 724 614 776 persona
665 710 884 774 Christi,
911 711 1070 764 vitam
1117 711 1168 763 in
1211 725 1271 766 se
1309 711 1564 770 continet.
1610 726 1778 779 eaque

184 799 294 852 vita
346 815 466 853 cum
519 800 715 854 lumine
759 801 1110 855 committitur
1159 801 1211 855 in
1263 816 1516 866 carnem;
1547 803 1779 870 peritura

183 902 290 952 est.
317 892 368 945 in
400 908 557 961 quam
591 895 693 948 vita
718 894 1106 948 committitur?
1133 893 1299 950 Plane
1324 938 1338 961 ,
1362 895 1406 949 si
1439 896 1700 964 periturus
1728 904 1782 949 et

186 984 303 1052 ipse
335 984 930 1052 thesauruszperituris
981 986 1124 1041 enim
1185 988 1414 1056 peritura
1460 987 1777 1051 creduntur;

184 1079 324 1132 sicut
352 1079 617 1134 veteribus
641 1081 864 1143 utribus,
895 1096 1088 1136 novum
1114 1084 1315 1137 vinum.
1343 1080 1474 1136 Cum
1505 1083 1627 1136 item
1655 1080 1781 1137 sub—

179 1171 342 1239 jit-it:
379 1168 591 1239 Semper
631 1174 1070 1242 morti/icationem
1113 1173 1304 1230 Christi
1340 1175 1466 1230 Jrsu
1513 1176 1779 1244 circumfe-

183 1273 348 1319 rentes
373 1266 424 1318 in
450 1282 660 1332 corpore
686 1279 889 1332 nostro;
919 1269 1092 1338 qualis
1123 1270 1217 1322 ista
1264 1284 1350 1323 res
1386 1278 1488 1331 est,
1516 1283 1634 1337 qua:
1666 1277 1784 1337 post

190 1354 284 1409 Dei
313 1357 583 1426 templum.
611 1357 721 1425 jam
751 1368 806 1413 et
859 1360 1158 1428 sepulcrum
1189 1359 1385 1415 Christi
1438 1369 1612 1429 potest
1641 1359 1784 1414 dici?

181 1445 295 1498 Cur
321 1459 497 1501 autem
529 1449 992 1506 mortificationem
1025 1453 1231 1506 Domini
1263 1454 1685 1507 circumlerimus
1731 1453 1784 1508 in

182 1541 452 1608 corpore?
505 1540 590 1595 Uti
638 1553 681 1594 et
722 1544 818 1596 ritu
869 1545 980 1614 (2),
1023 1545 1209 1614 inquit,
1242 1547 1610 1614 mani/'estetur.
1649 1545 1786 1600 Ubi?

183 1628 251 1681 In
287 1644 496 1700 corpore
542 1631 642 1702 (3).
697 1632 997 1703 Inquo?ln
1054 1636 1276 1688 mortali.
1331 1635 1469 1704 Ergo
1519 1637 1569 1689 iit
1600 1651 1782 1702 carne,

182 1723 341 1791 plane
365 1725 574 1778 mortali
601 1726 894 1779 secundum
925 1726 1154 1798 culpam,
1190 1727 1284 1782 sed
1310 1740 1362 1782 et
1392 1728 1533 1782 vitali
1591 1743 1785 1784 secun-

181 1814 314 1868 dum
341 1819 583 1883 gratiam.
622 1816 752 1871 Vide
792 1829 1041 1888 quantam
1075 1837 1087 1873 :
1124 1819 1192 1874 Ut
1231 1821 1283 1873 in
1333 1821 1425 1873 illa
1469 1823 1569 1875 vita
1601 1820 1789 1876 Christi

1882 638 1972 672 nos
2017 621 2272 673 suscitabit
2330 637 2445 673 cum
2499 621 2632 690 ipso,
2685 621 2802 689 quia
2843 623 2956 690 jam
2999 621 3274 674 resurrexit
3323 618 3401 691 (Ἰ)
3449 636 3480 671 a

1881 716 2132 767 mortuis:
2164 714 2264 768 nisi
2313 714 2432 783 quia
2485 730 2598 766 cum
2648 714 2756 782 ipso
2799 715 2934 767 sicut
2975 713 3148 781 ipsmu
3195 712 3369 782 sapit?
3424 711 3480 766 Si

1883 820 2012 861 vero
2038 807 2175 861 sicut
2201 810 2395 876 ipsum,
2430 821 2535 859 non
2561 806 2740 872 utique
2770 805 2885 858 sine
2911 819 3097 859 carne.

2477 896 2707 953 CAPUT
2737 897 2898 955 XLV.

1957 993 2062 1048 Sed
2093 1003 2145 1047 et
2175 1007 2358 1046 rursus
2383 992 2483 1045 alia
2513 992 2754 1046 ececitate
2781 991 2833 1045 in
2856 991 2990 1046 duos
3015 989 3258 1044 homines
3286 988 3481 1057 impin-

1883 1096 2032 1154 gum,
2090 1086 2138 1138 in
2187 1095 2422 1139 veterem
2454 1092 2510 1138 et
2557 1083 2608 1136 in
2656 1098 2873 1147 novum,
2920 1090 3172 1137 monente
3226 1080 3484 1150 Apostolo

1885 1175 2048 1247 (Eph.
2080 1174 2194 1244 IV).
2226 1176 2477 1245 deponere
2510 1191 2601 1228 nos
2630 1185 2841 1230 veterem
2871 1175 3122 1227 hominem
3149 1173 3222 1246 (ὸ)
3263 1173 3348 1237 qui
3373 1189 3485 1226 cor-

1886 1269 2140 1337 rumpitur
2169 1284 2257 1336 per
2282 1267 2736 1335 concupiscentiam
2757 1266 3098 1328 sednctionis;
3132 1266 3361 1318 renovari
3387 1281 3482 1316 au-

1889 1370 1986 1414 tem
2011 1361 2192 1430 spiritu
2219 1375 2415 1423 sensus,
2439 1369 2486 1412 et
2515 1359 2723 1412 induere
2748 1373 2928 1412 novum
2974 1358 3244 1416 hominem.
3274 1357 3361 1426 qui
3407 1372 3484 1410 se-

1889 1452 2110 1507 cundum
2141 1450 2305 1505 Deum
2327 1451 2562 1504 conditus
2587 1460 2658 1504 est
2686 1451 2738 1503 in
2758 1450 2963 1519 justitia
2993 1444 3040 1503 et
3086 1449 3329 1518 religione
3356 1451 3484 1503 ueri-

1889 1547 2040 1610 tatis;
2072 1555 2128 1599 ut
2177 1556 2230 1600 et
2287 1545 2371 1599 hic
2415 1545 2481 1598 ad
2535 1544 2667 1599 duas
2718 1545 3040 1598 substantias
3083 1541 3481 1611 distinguendo.

1888 1646 2206 1693 vetustatem
2251 1638 2316 1692 ad
2367 1652 2604 1700 carnem,
2651 1636 2940 1691 novitatem
2991 1636 3056 1690 ad
3088 1637 3337 1699 animam,
3366 1651 3484 1689 eor—

1891 1732 2191 1798 ruptionem
2240 1739 2552 1800 perpetuam
2584 1731 2748 1783 veteri
2792 1727 3062 1790 defendat,
3093 1729 3144 1782 id
3188 1737 3270 1782 est
3314 1729 3480 1781 carni.

1893 1821 2081 1887 Porro,
2138 1822 2179 1875 si
2233 1820 2523 1876 secundum
2563 1820 2905 1884 substantias,
2941 1834 3037 1874 nec
3084 1821 3259 1874 anima
3317 1834 3485 1874 novus

181 1910 554 1971 manifestctar.
589 1909 644 1963 In
679 1926 734 1965 re
761 1927 890 1981 ergo
917 1913 1088 1966 aliena
1116 1913 1303 1968 salutis
1328 1914 1406 1985 (4)
1447 1915 1496 1968 in
1538 1916 1782 1970 snlistan-
1816 1914 1860 1972 B
1892 1913 2072 1977 homo,
2125 1913 2246 1983 quia
2297 1913 2594 1982 posterior;
2653 1927 2750 1966 nec
2800 1926 2928 1964 caro
2975 1911 3092 1966 ideo
3137 1923 3307 1978 vetus,
3361 1914 3484 1983 quia

182 1996 253 2050 tia
283 2009 551 2069 perpetua:
572 2000 957 2067 dissolutionis,
995 2003 1422 2059 tuanifestahitur
1451 2007 1553 2059 vita
1585 2003 1780 2061 Christi

182 2102 410 2155 asterna,
441 2093 602 2162 iugis,
633 2097 933 2165 incorrupta
955 2136 969 2159 ,
995 2097 1100 2164 jam
1133 2106 1187 2150 et
1219 2097 1309 2151 Dei
1339 2098 1482 2152 vita?
1508 2110 1597 2153 aut
1632 2101 1784 2170 cujus

183 2188 443 2256 temporis
475 2190 577 2242 vita
621 2189 831 2244 Domini
885 2192 1313 2248 manifestabitur
1343 2196 1392 2248 in
1433 2211 1659 2266 corpore
1691 2215 1784 2252 no-

183 2278 310 2331 tro‘?
339 2278 424 2331 Illa
452 2280 667 2349 quidem
701 2297 857 2349 quam
900 2283 978 2354 (5)
1011 2285 1139 2338 vixit
1171 2300 1336 2355 usque
1363 2287 1415 2340 in
1449 2290 1780 2356 passionem;

181 2383 254 2437 qu
277 2385 305 2420 e
337 2385 439 2423 non
471 2371 630 2424 modo
651 2371 788 2441 apud
809 2372 1023 2429 Iudaeos
1051 2376 1102 2429 in
1136 2377 1416 2432 manifesto
1449 2377 1564 2441 fuit,
1598 2396 1781 2436 verum

183 2461 347 2512 etiam
373 2461 622 2514 omnibus
649 2479 788 2516 nunc
813 2466 1060 2533 gentibus
1093 2468 1297 2535 prodita
1340 2480 1443 2523 est.
1472 2470 1622 2525 Adeo
1666 2488 1782 2526 eam

182 2553 468 2619 significat,
495 2569 614 2623 qua}
654 2566 836 2622 portas
863 2556 1232 2612 adamantiuas
1277 2561 1484 2626 mortis,
1513 2571 1566 2616 et
1607 2579 1784 2618 teneas

184 2658 337 2696 seras
369 2643 657 2700 inferorum
687 2648 918 2718 infregit,
953 2667 1070 2720 qua}
1100 2651 1292 2707 exinde
1308 2652 1418 2722 jam
1451 2664 1628 2709 nostra
1677 2665 1778 2710 est.

188 2736 456 2806 Denique.
496 2741 924 2796 manifestabitur
973 2743 1022 2796 iu
1073 2758 1182 2813 eor;
1203 2758 1316 2800 ore.
1366 2747 1627 2814 Quando?
1657 2749 1785 2803 Post

185 2841 437 2884 mortem.
469 2831 787 2899 Quomodo?
815 2837 948 2888 Dum
982 2836 1376 2907 resurgimusin
1406 2854 1649 2910 corpore,
1683 2843 1783 2896 sic-

185 2929 238 2971 ut
295 2931 349 2974 et
395 2921 655 2979 Christus.
701 2925 775 2980 Ne
827 2927 968 2981 enim
1022 2928 1142 2997 quis
1185 2940 1603 2999 argumentetur,
1642 2949 1782 2987 nune

183 3011 388 3067 habere
417 3016 744 3070 manifestari
780 3020 938 3072 vitam
960 3019 1085 3075 Jesn
1119 3023 1167 3075 in
1194 3037 1419 3092 corpore
1466 3034 1648 3080 nostro
1691 3042 1783 3094 per

181 3105 522 3172 disciplinam
567 3111 881 3175 sanctitatis,
925 3124 978 3167 et
1017 3115 1309 3183 patientiae,
1346 3128 1400 3172 et
1439 3119 1658 3185 justitiie
1683 3162 1696 3184 ,
1727 3133 1781 3176 et

182 3196 482 3262 Sapientiae,
517 3199 708 3268 quibus
743 3202 948 3256 Domini
983 3205 1086 3257 vita
1117 3205 1390 3275 floruerit,
1421 3210 1778 3279 providentis-

1890 2008 2050 2075 prior.
2083 2006 2405 2073 Quantulum
2457 2004 2598 2058 enim
2647 2005 2900 2070 temporis
2947 2005 3085 2058 inter
3131 2019 3341 2057 manum
3392 2005 3482 2057 Dei

1887 2107 1938 2151 ct
1968 2097 2252 2160 adflatum;
2281 2097 2450 2150 ausim
2481 2094 2678 2158 dicere,
2709 2096 2915 2149 etiamsi
2964 2094 3132 2149 multo
3175 2095 3317 2162 prior
3366 2093 3483 2147 ani-

1887 2208 1970 2244 nia
1996 2207 2152 2260 quam
2183 2208 2327 2255 caro,
2361 2205 2425 2244 eo
2448 2190 2563 2258 ipso
2592 2189 2732 2257 quod
2760 2191 2936 2242 anima
2961 2187 3166 2257 impleri
3201 2203 3258 2242 se
3288 2202 3483 2258 expec-

1889 2287 2036 2348 tavit,
2066 2285 2298 2353 piiorem
2343 2299 2458 2338 eam
2501 2282 2644 2336 fecit.
2676 2280 2861 2336 Omnis
2909 2284 3050 2334 enim
3097 2281 3485 2334 consummatio

1888 2389 2045 2447 atque
2075 2377 2348 2446 perii-etio,
2374 2375 2445 2448 (c)
2477 2375 2575 2429 etsi
2609 2375 2798 2427 ordine
2860 2381 3148 2441 posttunat,
3190 2371 3381 2425 elfeetu
3411 2381 3486 2425 ta-

1889 2486 2009 2524 men
2034 2469 2113 2541 (8)
2159 2469 2438 2537 anticipat.
2492 2465 2654 2535 Magis
2705 2464 2832 2518 illud
2882 2464 3026 2533 prius
3080 2472 3179 2524 est,
3217 2463 3332 2516 sine
3380 2478 3485 2529 quo

1891 2564 2064 2630 priora
2121 2577 2224 2614 non
2278 2568 2517 2629 possunt.
2566 2559 2620 2613 Si
2667 2571 2794 2611 caro
2844 2565 2994 2610 vetus
3052 2553 3232 2617 homo,
3265 2554 3478 2621 quando

1888 2654 2066 2709 istud?
2095 2669 2124 2707 a
2172 2652 2505 2722 primordio?
2535 2650 2715 2720 atquin
2740 2648 2909 2704 Adam
2954 2664 3120 2701 novus
3148 2657 3308 2711 totus,
3340 2656 3391 2700 et
3417 2663 3480 2700 ex

1889 2765 2025 2803 novo
2055 2758 2209 2804 vetus
2249 2761 2425 2800 nemo.
2456 2744 2586 2798 Nam
2617 2755 2669 2797 et
2713 2741 2904 2797 eximie
2932 2757 2958 2793 a
2991 2742 3357 2795 benedictione
3399 2753 3479 2806 ge-

1888 2842 2096 2904 niturar,
2127 2855 2253 2895 caro
2303 2850 2459 2908 atque
2512 2839 2687 2889 anima
2728 2834 2886 2888 simul
2931 2834 3093 2895 tiunt,
3127 2834 3240 2886 sine
3281 2831 3485 2886 calculo

1889 2935 2171 3002 temporis:
2196 2942 2249 2987 et
2276 2932 2354 3003 (9)
2376 2947 2494 3001 qua:
2525 2929 2682 2983 simul
2713 2928 2827 3000 (10)
2857 2928 2904 2980 in
2939 2942 3087 2980 inero
3132 2926 3292 2979 etiam
3323 2925 3484 2978 semi-

1887 3037 2079 3086 nantur
2118 3023 2254 3094 (11),
2302 3023 2441 3092 quod
2493 3021 2770 3074 docuimus
2804 3021 2852 3070 in
2882 3018 3249 3072 Commentario
3278 3016 3481 3078 animm,

1885 3125 2291 3186 eonteinporaut
2307 3117 2454 3177 fretu,
2469 3121 2696 3167 eoretant
2712 3111 2727 3182 (
2744 3111 2825 3180 ΙΞ)
2843 3121 2963 3163 natu
2985 3109 3063 3180 (ιι)
3079 3109 3213 3162 duos
3233 3110 3360 3162 istos
3391 3108 3486 3160 ho-

1886 3213 2076 3276 mines,
2108 3224 2236 3263 sane
2261 3223 2322 3261 ex
2348 3206 2645 3260 substantia
2676 3203 2893 3271 duplici.
2925 3217 3028 3253 non
3067 3210 3244 3253 tamen
3273 3209 3326 3252 et
3353 3211 3483 3252 reta—

178 3290 316 3342 sima
353 3292 592 3360 Apostoli
629 3296 849 3349 intentio
896 3296 1086 3367 ingerit
1119 3317 1130 3351 :
1166 3299 1226 3352 Si
1256 3302 1388 3354 enim
1434 3320 1523 3358 nos
1551 3306 1636 3373 qui
1658 3306 1781 3359 uivi-
1813 3299 1855 3360 C
1891 3316 1961 3360 te.
1985 3305 2074 3359 Sic
2104 3318 2264 3356 unum
2292 3299 2455 3354 edunt
2477 3339 2491 3362 ,
2516 3298 2642 3350 dum
2672 3296 2816 3364 prior
2845 3301 3032 3346 neuter
3060 3301 3157 3346 est.
3189 3288 3353 3345 Citius
3380 3299 3481 3354 est,

178 3396 314 3436 nus.
343 3381 397 3434 in
443 3393 650 3436 mortem
693 3387 949 3439 tradimur
975 3399 1180 3458 propter
1206 3390 1403 3455 Jesum,
1453 3404 1505 3444 ut
1545 3397 1643 3448 vita
1671 3397 1781 3465 ejus

175 3477 599 3545 munifesteturin
619 3494 828 3547 corpore
848 3491 1018 3534 nostro
1037 3485 1236 3536 mortali
1254 3501 1272 3548 ;
1290 3483 1416 3539 ldeo
1555 3487 1781 3543 defunc-

174 3568 245 3622 tis
277 3567 564 3624 nobishoc
591 3571 663 3624 ait
687 3570 920 3626 futurum
954 3574 1004 3627 in
1049 3590 1273 3643 corpore
1309 3587 1512 3631 nostro.
1546 3580 1696 3647 Quod
1736 3582 1780 3635 si

173 3668 329 3727 tunc,
373 3661 671 3731 quomodo,
704 3665 802 3719 nisi
849 3668 1162 3722 resuscitato
1205 3670 1307 3725 eo?
1339 3670 1569 3726 Proinde
1623 3683 1678 3728 et
1724 3675 1774 3728 iu

1889 3408 2026 3450 tutos
2050 3411 2144 3450 nos
2175 3392 2291 3466 (l5)
2322 3401 2409 3444 aut
2448 3398 2653 3444 veteres
2683 3398 2773 3440 aut
2802 3401 2968 3441 noviis
2998 3401 3116 3439 esse
3149 3401 3162 3437 :
3191 3400 3294 3453 qua
3343 3383 3482 3435 enim

1885 3489 2109 3542 alterum
2184 3487 2448 3554 possimus
2497 3497 2649 3548 esse,
2703 3480 2991 3534 nescimus.
3045 3476 3148 3531 Sed
3198 3474 3484 3542 Apostolus

1887 3592 2119 3637 veterem
2176 3579 2444 3633 hominem
2505 3574 2782 3630 manifeste
2823 3581 2969 3626 notat
3027 3587 3038 3622 :
3104 3568 3316 3637 Expone
3368 3570 3482 3638 (ιι)

1885 3675 2067 3737 enim,
2132 3672 2338 3741 inquit,
2396 3669 2671 3725 secundum
2733 3666 2997 3736 pristinam
3057 3662 3481 3716 conversationem

1425 3803 1711 3862 LECTION
1721 3807 1800 3864 ES
1841 3807 1882 3862 V
1894 3810 1932 3863 Α
1944 3805 2052 3860 RIA
2065 3803 2265 3860 NTES.

239 3939 317 3996 (1)
352 3936 447 3987 Dei
470 3937 589 3989 add.
615 3941 755 3989 Pam.
785 3941 935 3990 Fran.

267 4002 317 4052 2)
353 4000 474 4049 Jesu
496 4001 615 4051 add.
643 4004 783 4050 Pam.
814 4003 962 4052 Fran.

264 4062 318 4116 5)
354 4062 531 4112 Nostro
554 4063 674 4112 add.
701 4067 840 4114 Pam.
871 4075 1015 4116 Fran.

264 4123 318 4188 ι)
353 4125 506 4176 Saluti
527 4123 679 4188 ῙίΙιειι.
709 4125 842 4177 Sent!
851 4165 861 4176 .

239 4187 315 4247 (5)
352 4190 454 4247 Qua
482 4187 623 4237 (then.
651 4189 802 4239 Seml.

240 4249 317 4311 (6)
355 4252 492 4299 Adeo
516 4253 657 4300 Pam.
681 4262 828 4301 Han.

243 4310 320 4374 (7)
357 4312 711 4365 Resurrexerit
733 4311 886 4366 Rhea.
906 4310 1062 4364 Seml.

1943 3944 2014 4006 (78)
2050 3943 2233 3992 Tamen
2259 3937 2437 4006 neglig.
2465 3936 2620 4006 Ιίζιιιηιἒ
2641 3934 2783 3988 send.

1946 4000 2017 4070 (υ)
2055 4005 2116 4070 L't
2143 4009 2281 4070 Pam.
2310 4000 2460 4070 Rhea.
2489 4000 2638 4051 Scml.

1971 4067 2040 4124 ιιι)
2084 4069 2234 4116 Simul
2256 4083 2364 4129 quae
2391 4067 2533 4113 I’um.

1973 4131 2046 4192 l1)
2085 4126 2374 4192 Figurantur
2395 4130 2537 4193 Pam.
2569 4126 2746 4193 ξ’νιιιι.⁸
2776 4183 2785 4193 .

1941 4194 2044 4256 (12)
2080 4193 2384 4256 ςιυιυιςιιιρειιιι
2408 4192 2549 4238 Pani.
2579 4191 2698 4238 Par.
2729 4191 2838 4250 Itig.

1940 4254 2043 4312 (l3)
2081 4255 2183 4303 Non
2208 4254 2356 4304 Rhen.
2390 4256 2526 4301 Vena

1942 4309 2052 4380 (14⁷)
2089 4317 2406 4378 Exwiientes
2440 4317 2581 4363 Pam.
2610 4313 2758 4362 Fran.
2790 4321 3047 4372 exiionens
3068 4309 3189 4357 Jun.

1542 4419 2100 4480 COMMENTARIUS.

249 4536 408 4592 CAP.
442 4535 621 4593 XLIV.
657 4569 725 4619 τ-
746 4537 822 4619 (a)
850 4536 1023 4619 Diuini
1043 4539 1262 4619 thesauri
1284 4538 1638 4619 conditorium.
1667 4537 1767 4619 ινφ
1797 4538 1849 4596 D
1876 4549 2040 4619 autem
2071 4539 2470 4619 spii‘ititseiisiis.
2505 4551 2599 4618 pro
2633 4551 2781 4619 sensit
2817 4533 3027 4619 spiritus
3051 4550 3068 4619 τ’
3099 4529 3369 4619 tnm‘qtti‘ia.
3398 4531 3476 4611 sic

171 4619 266 4660 cat
291 4623 506 4662 carnem
533 4609 890 4663 conditorium
915 4609 1083 4664 divini
1128 4610 1383 4673 thesauri,
1417 4625 1521 4662 non
1550 4611 1665 4662 siue
1695 4609 1771 4659 al-

173 4679 392 4751 lusione
424 4679 488 4732 ad
518 4680 647 4751 ritus
675 4682 941 4749 antiquos,
966 4690 1020 4735 et
1041 4681 1307 4751 vulgatum
1333 4696 1634 4734 sermonem
1659 4679 1774 4747 phi-

173 4750 550 4810 losoiihorum.
603 4750 876 4806 Voeahant
915 4753 1055 4805 enim
1098 4750 1312 4806 carnem
1358 4752 1680 4820 sepulcrum.
1721 4759 1776 4803 ut

171 4837 242 4872 ex
270 4821 490 4874 Platone
511 4820 620 4888 jam
659 4821 802 4886 dedi,
828 4831 882 4876 et
909 4823 1021 4892 ipse
1049 4821 1410 4876 Tertullianus
1448 4822 1694 4890 capulmn
1722 4830 1775 4874 et

171 4891 485 4960 sepulcrum
513 4893 752 4953 vocavit;
785 4891 939 4961 atqui
960 4895 1009 4946 in
1042 4894 1302 4960 sepulcris
1327 4893 1457 4945 olim
1493 4899 1775 4946 thesauros

171 4963 504 5023 condebant,
533 4978 638 5032 quo
683 4963 813 5016 nihil
861 4966 1059 5017 notius.
1099 4963 1368 5030 Ejusmodi
1400 4964 1555 5031 igitur
1593 4963 1773 5030 sepul-

170 5047 331 5086 crum
361 5043 438 5086 est
467 5047 614 5094 caro,
638 5042 694 5087 ιιι
725 5033 1033 5088 tltrsaurtnn
1075 5035 1310 5088 divinum
1339 5034 1570 5086 includat
1616 5033 1772 5085 simul

170 5119 301 5158 eum
327 5105 523 5158 anima.
561 5104 727 5158 Porro
751 5105 1083 5159 conditorium
1121 5105 1425 5172 sepulcrum
1450 5114 1551 5157 est.
1584 5103 1772 5157 Petro-

172 5176 301 5228 nius
342 5175 580 5229 arbiter:
613 5174 676 5227 In
721 5177 1058 5231 conditorium
1100 5177 1251 5230 etiam
1292 5189 1551 5243 prosecuta
1590 5185 1660 5227 est
1689 5179 1773 5226 ile-

171 5247 446 5320 functmn,
479 5247 790 5320 positumque
831 5248 884 5301 in
923 5251 1190 5320 hypoya'o,
1225 5262 1389 5316 graeco
1420 5262 1576 5312 more,
1601 5256 1771 5298 custo-

171 5317 291 5367 dire
319 5317 486 5382 capit.
521 5315 647 5369 Lac.

253 5385 404 5442 CAP.
431 5385 588 5441 XLV.
618 5417 685 5425 —
712 5385 789 5456 (li)
817 5387 916 5454 Qui
935 5391 1274 5458 corrumpitur
1299 5406 1386 5458 per
1411 5387 1772 5452 concupiscen-

172 5459 304 5510 tiam
335 5458 526 5511 seduct.
559 5457 711 5525 Quod
742 5459 827 5512 hic
847 5475 955 5527 per,
981 5457 1607 5522 vertitinfra'secnndnm,
1633 5458 1772 5524 quod

171 5529 350 5598 magis
394 5539 547 5582 sanat
592 5544 692 5581 vox
734 5544 905 5597 grieca
943 5540 1088 5584 κατὰ.
1129 5531 1220 5582 Ισὶει
1253 5532 1457 5584 interim
1508 5531 1774 5594 peculiare

167 5601 419 5664 Auetori,
455 5608 508 5654 et
555 5608 674 5667 post
712 5615 832 5653 eum
879 5600 1099 5665 Hilario,
1142 5600 1213 5652 ΙΙΙ)
1238 5600 1327 5654 XII
1359 5602 1419 5653 de
1446 5599 1614 5659 Trin,
1644 5600 1771 5653 illud

169 5672 642 5738 concupiscentiam
672 5671 998 5736 seductionis,
1030 5673 1280 5739 singulari
1312 5687 1552 5728 numero.
1581 5686 1676 5738 pro
1707 5687 1772 5723 eo

217 5745 320 5794 uod
349 5743 467 5795 aliae
493 5756 681 5798 omnes
717 5743 978 5805 editioan
1008 5741 1195 5809 plurali
1250 5757 1470 5794 numero
1503 5743 1550 5794 id
1600 5743 1773 5805 legant

217 5759 320 5794 llOll
349 5759 467 5795 alia!
493 5759 681 5798 omnes
717 5759 978 5805 eﬂlllﬂnt‘s
1008 5759 1195 5809 pllll'all
1250 5759 1470 5794 numero
1503 5759 1550 5794 lu
1600 5759 1769 5805 tegant

166 5759 372 5881 (liphes.
401 5812 467 5868 IV
490 5855 504 5876 ,
539 5824 643 5867 tam
674 5811 881 5883 syriaca
915 5824 967 5867 et
995 5827 1188 5883 graeca,
1221 5827 1375 5880 quam
1405 5812 1583 5883 latina.
1613 5813 1769 5879 Atqui

168 5885 404 5954 legimus
429 5884 648 5940 omnino
677 5882 967 5940 sceunduin
996 5882 1104 5942 tres
1137 5883 1252 5938 Vat.
1270 5884 1388 5938 cod.
1421 5882 1515 5936 Ms.
1540 5884 1770 5935 renovari

1879 4611 2037 4662 etiam
2095 4602 2217 4677 legit
2268 4609 2307 4660 B
2374 4608 2692 4679 Cyprianus,
2729 4605 2818 4660 lib.
2855 4602 2940 4665 Ill,
2988 4603 3111 4670 epist
3163 4602 3230 4652 ad
3272 4602 3472 4679 Qnirin.

1879 4697 1995 4748 cap.
2021 4680 2091 4741 (ἐς
2142 4672 2249 4732 funi
2281 4672 2620 4748 quod'igrmce
2641 4679 2706 4730 sit
2738 4693 2801 4746 τῷ
2826 4681 3058 4741 τιν-ὑματι
3084 4672 3475 4748 Topicaqiiod

1879 4744 2061 4820 spiritu
2093 4752 2268 4803 mentis
2301 4744 2576 4802 transtulit
2609 4744 3120 4820 latintiskinterpres.
3159 4744 3293 4796 Pan.

1952 4821 2028 4892 (c)
2062 4821 2124 4873 Et
2175 4822 2217 4873 si
2268 4822 2444 4873 ordine
2476 4815 3168 4892 νοειιιηιαιτλδρτὶιιιξιιάιιιιιΔ
3201 4824 3473 4892 postulunt,

1880 4884 1986 4946 non
2013 4884 2351 4960 ’ροκιΙιιιιιιαη
2398 4901 2445 4942 et
2476 4884 2659 4958 'snpra
2730 4889 2861 4960 lib.”
2891 4887 3005 4938 adv.
3077 4884 3472 4960 Valentinianos,

1877 4977 1996 5031 cap.
2026 4955 2115 5027 55,
2145 4964 2279 5016 etin
2334 4955 2611 5029 Scorpiaco
2659 4963 2774 5013 adv.
2821 4958 3001 5031 Cnost.
3055 4965 3298 5031 patet‘ev
3334 4955 3473 5031 anti-

1878 5025 1996 5097 quis
2026 5025 2491 5087 monumentorum
2534 5030 2966 5099 inscriptionibus
3023 5025 3385 5099 apudAAldnm
3421 5027 3472 5077 in

1878 5094 2290 5172 Orthographia.
2345 5103 2576 5174 ldipsum
2626 5094 2786 5174 etiam
2833 5094 3473 5174 adnotavit_Gullieluius

1877 5165 2353 5228 Canterus'novat.
2398 5165 2516 5228 lect.
2574 5175 2662 5228 lib.
2696 5173 2759 5232 Il.
2787 5187 2906 5248 cap.
2933 5169 3023 5234 10,
3053 5167 3256 5222 addens
3285 5165 3474 5248 deduci

1877 5257 2170 5314 postumum
2217 5261 2319 5299 non
2364 5255 2614 5314 tanquam
2663 5253 2772 5309 post
2826 5244 3348 5314 Itttntntninpatrem,
3401 5244 3473 5314 uti

1880 5307 2051 5371 Ilhen.
2085 5326 2137 5368 et
2165 5317 2400 5385 plerique
2427 5307 2670 5378 censent,
2695 5315 2786 5367 sed
2815 5309 3154 5385 abadverhio
3181 5319 3313 5378 post,
3356 5307 3474 5385 vel-

1879 5397 1936 5439 ιιι
1969 5391 2032 5438 ah
2064 5378 2205 5440 extra
2241 5378 2494 5448 extumus,
2518 5397 2567 5440 et
2612 5401 2638 5437 a
2676 5386 2800 5437 citra
2847 5384 3092 5441 citunms,
3127 5387 3284 5447 atque
3335 5378 3472 5431 adeo

1881 5457 2191 5512 indifferens
2248 5473 2390 5522 esse,
2444 5456 2663 5530 tatnad
2714 5472 2834 5509 eum
2890 5449 3469 5530 quiposlrenmIOCO.

1877 5545 2034 5597 quam
2069 5531 2155 5597 qui
2186 5539 2302 5596 post.
2331 5530 2495 5597 patris
2527 5529 2730 5581 obitum
2767 5521 2920 5578 natus
2960 5525 3062 5587 sit,
3105 5521 3245 5590 quod
3295 5522 3465 5587 ipsum

1879 5601 2072 5654 alicuhi
2105 5602 2256 5652 habet
2289 5597 2554 5668 Cujucius.
2589 5599 2721 5651 Pan.
3220 5658 3236 5670 I
3347 5659 3357 5670 ⁸

1950 5671 2027 5741 (d)
2073 5658 2463 5740 ϐοηιοηιροιῗηηι
2532 5671 2692 5738 fietu,
2748 5675 2960 5721 comtant
3035 5672 3173 5715 natu.
3220 5658 3472 5741 Inusitata

1881 5738 2195 5796 luee'verha
2240 5738 2522 5805 formavit,
2582 5742 3371 5813 quoniamcontemporaneus
3418 5738 3474 5784 et

1876 5823 2176 5866 coaetaneus
2203 5826 2358 5868 voces
2387 5802 2726 5867 suntlatinw.
2762 5811 2863 5866 Sed
2899 5810 3015 5879 plus
3050 5818 3201 5874 atquo
3245 5802 3343 5855 Sibi
3385 5817 3473 5859 ar-

1877 5897 2046 5950 rogat.
2079 5884 2151 5937 LE
2187 5884 2277 5937 Pn.
