4250 6494
728 378 832 437 859

2143 390 2607 448 TERTULLIANI

3911 405 4024 464 860

728 507 940 551 ueterem
965 495 1238 565 hominem,
1272 514 1377 555 non
1424 500 1714 558 secundum
1750 504 1973 574 alicujus
2003 507 2313 562 substanti-t-
2348 518 2392 572 Α
2422 507 2540 559 liter
2584 510 2853 575 viverent;
2895 510 3105 581 placere
3142 524 3318 570 autem
3364 515 3476 573 Deo
3506 517 3645 588 illos,
3684 519 3774 593 qui
3810 522 3864 575 in
3903 539 4025 575 rar-

729 590 959 641 seuium.
992 588 1173 659 Neque
1217 592 1360 647 enim
1410 609 1625 650 Carnem
1681 600 1913 666 pra‘cipit
1964 598 2315 666 deponimus,

729 680 823 733 sed
848 699 964 749 ιμιςυ
991 696 1043 737 et
1070 685 1192 738 alibi
1219 686 1446 739 carnalia
1475 688 1746 751 ostendit;
1778 703 1957 757 opera,
1991 708 2093 745 non
2126 708 2308 761 Corpo-

729 789 1085 841 riai-rusans,
1115 776 1183 831 de
1223 779 1414 848 quibus
1455 788 1509 833 et
1563 780 1648 833 hic
1698 781 1951 847 sobjiett:
2006 782 2319 853 Deponentes

728 868 1066 935 mendacium,
1098 870 1355 940 loquimini
1405 875 1660 928 veritatem
1691 878 2027 947 unusquisque
2056 881 2121 930 ad
2149 896 2239 947 pro
2253 881 2321 930 ri-

728 979 866 1017 mum
892 980 1056 1028 suum,
1100 966 1336 1033 quoniam
1368 966 1585 1020 membra
1614 969 1911 1021 alterutrum
1953 987 2140 1023 smnus.
2180 970 2321 1023 Iras-

728 1055 898 1109 cintini
952 1065 1152 1121 autent,
1209 1066 1256 1110 et
1299 1058 1455 1110 nolite
1488 1058 1794 1127 delinquere.
1855 1060 1949 1114 Sol
1975 1071 2073 1113 nan
2124 1063 2319 1114 occidat

727 1163 880 1217 super
895 1148 1211 1202 iracundiam
1236 1160 1471 1205 vestram.
1511 1150 1686 1220 Neque
1720 1152 1956 1207 dederitis
1999 1156 2161 1207 locum
2203 1155 2310 1208 dia-

727 1244 842 1298 bolo
1002 1243 1101 1309 Qui
1128 1244 1392 1313 furabatur
1416 1244 1516 1316 (‘2),
1532 1247 1642 1313 jam
1662 1264 1758 1299 non
1783 1248 1999 1315 foretur,
2028 1250 2128 1299 imo
2156 1250 2321 1317 potius

730 1336 940 1402 laboret,
972 1337 1227 1406 operando
1255 1336 1503 1401 manibus,
1522 1340 1593 1391 uti
1608 1337 1785 1391 habeat
1806 1342 2069 1409 impnrtire
2088 1341 2288 1409 indigen
2301 1370 2320 1381 -

728 1432 785 1485 ti.
817 1429 995 1485 Omnis
1022 1447 1181 1485 sermo
1214 1432 1376 1498 turpis
1421 1448 1519 1485 non
1556 1434 1795 1502 procedat
1824 1450 1885 1486 ex
1907 1451 1993 1486 ore
2018 1444 2199 1495 vestro,
2234 1435 2323 1487 sed

728 1526 816 1597 qui
844 1526 908 1580 sit
929 1527 1149 1597 Optimus
1173 1527 1241 1579 ad
1279 1528 1664 1594 a'diﬁcationem
1717 1529 1853 1592 ﬁdei,
1883 1540 1936 1583 ut
1979 1534 2195 1601 gratiam
2230 1548 2323 1585 au-

729 1618 977 1672 dientibus
1031 1630 1248 1686 praestet.
1302 1621 1368 1673 Et
1420 1622 1573 1674 nolite
1611 1624 1907 1675 contristare
1957 1624 2203 1691 Spiritum
2231 1623 2322 1679 Dei

730 1711 996 1778 Sanctum,
1028 1715 1080 1766 in
1107 1730 1203 1781 quo
1223 1714 1408 1783 signati
1434 1716 1570 1778 estis,
1600 1716 1651 1767 in
1673 1717 2031 1783 redemptionis
2057 1719 2156 1771 die.
2194 1718 2320 1772 0m-

730 1805 809 1858 nis
833 1806 1143 1869 amaritudo,
1165 1817 1209 1858 et
1232 1807 1329 1871 ira,
1362 1817 1407 1860 et
1437 1810 1649 1874 clamor,
1672 1819 1717 1861 et
1749 1811 2059 1881 blasphemia
2080 1853 2093 1875 ,
2116 1822 2159 1864 et
2186 1811 2321 1864 indi-

2426 616 2491 651 ue
2544 602 2734 669 positi,
2774 604 3064 658 sccizndum
3116 607 3358 675 spiritum
3407 610 3745 667 incederent.
3794 614 3866 669 Et
3905 631 4025 668 rur-

2424 706 2514 745 sus
2542 711 2553 745 :
2586 694 2783 763 Corpus
2822 697 3045 764 quidem,
3079 698 3184 763 ait,
3231 710 3521 768 mortuum,
3563 706 3656 759 sed
3692 705 3772 778 (u)
3812 718 4026 777 prapttr

2425 785 2858 857 delinquentiam;
2888 792 3027 845 sicut
3056 793 3293 859 spiritum
3320 796 3473 848 vitam
3505 808 3710 868 propter
3738 801 4023 867 justitiam.

2430 877 2596 930 Vitam
2638 890 2819 933 autem
2863 884 3017 936 morti
3062 898 3340 953 opponens
3380 887 3430 941 in
3477 902 3640 944 carne
3685 892 4024 955 constitute,

2425 972 2539 1024 sine
2572 971 2736 1025 dubio
2768 974 2874 1027 illic
2903 986 2956 1028 et
3000 976 3163 1029 vitam
3207 979 3507 1043 repromisit
3553 995 3616 1035 ex
3653 980 3891 1050 justitia,
3929 985 4020 1037 ubi

2426 1073 2651 1116 mortem
2678 1063 3054 1119 determinavit
3083 1082 3147 1121 ex
3175 1067 3559 1139 deliuqueutia.
3603 1072 3871 1127 Caeterum
3911 1074 4027 1129 fru-

2425 1167 2533 1209 stra
2560 1158 2808 1226 opposuit
2838 1160 3001 1213 vitam
3035 1162 3226 1229 morti,
3254 1163 3298 1217 si
3330 1178 3435 1217 non
3470 1172 3553 1218 est
3584 1164 3693 1219 illic
3724 1163 3813 1219 ubi
3850 1175 3939 1220 est
3969 1176 4028 1221 et

2427 1248 2567 1317 ipsa,
2607 1250 2691 1303 cui
2720 1266 2839 1304 cam
2871 1254 3120 1321 opposuit
3141 1295 3156 1318 ,
3198 1254 3549 1310 excludenda:
3588 1257 3772 1325 utique
3800 1256 3870 1311 de
3902 1272 4026 1312 cur-

2428 1355 2573 1407 pore.
2607 1340 2775 1395 Porro
2795 1384 2807 1404 ,
2836 1343 2879 1396 si
2904 1344 3008 1397 vita
3036 1355 3263 1400 mortem
3287 1346 3355 1401 de
3380 1361 3605 1415 corpore
3630 1348 3886 1411 excludit,
3914 1364 4027 1403 non

2428 1441 2601 1499 potest
2643 1432 2691 1486 id
2738 1435 3027 1503 perlicere,
3078 1437 3175 1490 uisi
3226 1437 3350 1491 illuc
3391 1437 3469 1510 (6)
3507 1450 3771 1508 penetret,
3810 1440 3901 1495 ubi
3943 1452 4028 1495 est

2426 1525 2564 1591 quod
2596 1526 2848 1581 excludit.
2880 1527 2947 1581 Et
2967 1527 3093 1597 quid
3120 1544 3221 1599 ego
3251 1530 3508 1585 nodosius
3528 1573 3542 1595 ,
3570 1546 3692 1585 cum
3726 1534 4027 1601 Apostolus

2425 1618 2761 1673 absolutius?
2804 1618 2866 1674 Si
2903 1621 3071 1687 enim,
3115 1623 3306 1692 inquit,
3348 1625 3557 1693 spiritus
3587 1625 3699 1694 ejus
3730 1626 3815 1683 qui
3857 1628 3997 1679 susei

2427 1710 2548 1761 tavit
2578 1710 2789 1775 Iesum,
2821 1712 3013 1765 habitat
3058 1714 3110 1767 in
3152 1716 3328 1779 vobis;
3366 1716 3453 1786 qui
3493 1717 3750 1771 suscitavit
3784 1716 3969 1771 Iesum
3996 1736 4028 1770 a

2428 1804 2658 1866 mortuis,
2685 1805 2945 1857 suscituhit
2967 1803 3048 1877 (7)
3070 1815 3113 1859 et
3140 1808 3381 1861 mortalia
3404 1824 3621 1879 corpora
3646 1820 3835 1873 vestra,
3866 1828 4028 1881 prop-

728 1898 901 1967 gnatio
931 1896 1011 1967 (5)
1042 1898 1302 1965 auferatur
1339 1916 1369 1950 (ι
1396 1898 1531 1953 vobis
1550 1942 1563 1963 ,
1594 1918 1707 1953 cum
1735 1903 1873 1953 omni
1912 1904 2123 1956 malitia.
2155 1902 2325 1956 Estote
2358 1901 2401 1958 Β
2430 1904 2501 1945 (εν
2522 1892 2886 1947 ίηίιπδίιαηιευι
2914 1897 3148 1963 εμὶνίιυηι
3170 1898 3279 1967 fit“
3300 1898 3352 1951 δη
3375 1898 3548 1963 vom";
3572 1910 3626 1953 υῑ
3648 1910 3699 1955 οι
3721 1901 3765 1953 Si
3787 1902 4027 1955 τηιίιηειηι

731 1997 899 2041 autem
926 1992 978 2041 in
1007 1990 1302 2042 alterutrum
1331 1991 1552 2061 benigni,
1585 1993 1950 2055 misericordes,
1976 1999 2218 2047 donantes
2246 1995 2323 2046 in-

731 2083 910 2140 vicem,
940 2080 1069 2133 sicut
1098 2090 1145 2133 et
1176 2081 1309 2134 Deus
1333 2083 1466 2136 vobis
1492 2083 1696 2137 donavit
1726 2085 1776 2137 in
1802 2083 2001 2139 Christo
2048 2085 2208 2155 Igitur
2233 2088 2321 2154 qui

731 2185 944 2225 carnem
987 2181 1219 2226 veterem
1243 2172 1511 2228 hominem
1553 2176 1879 2241 existimant,
1908 2193 2003 2231 cur
2048 2194 2149 2230 uou
2182 2194 2321 2231 utor-

732 2273 836 2319 tem
864 2266 962 2319 sibi
996 2275 1302 2333 properaut,
1330 2278 1407 2333 ut,
1437 2278 1619 2323 vetere
1646 2268 1863 2324 homine
1892 2270 2153 2339 deposito,
2179 2288 2319 2340 pra--

734 2358 907 2425 ceptis
939 2356 1180 2425 Apostoli
1203 2359 1523 2412 occurrunt?
1551 2358 1658 2413 Nos
1678 2361 1819 2413 enim
1847 2362 1935 2430 qui
1969 2372 2131 2414 totam
2166 2362 2319 2415 tidem

740 2450 790 2502 iu
824 2464 984 2503 carne
1016 2449 1487 2505 :ulministraudam
1516 2453 1859 2517 credidimus,
1886 2457 1993 2508 imo
2020 2466 2071 2510 et
2097 2474 2319 2525 percar-

735 2557 879 2606 uem,
910 2542 1061 2612 cujus
1090 2554 1170 2596 est
1196 2553 1249 2597 ct
1270 2559 1331 2598 os
1356 2544 1421 2599 ad
1452 2544 1823 2614 proferendum
1856 2550 2112 2617 optimum
2137 2566 2322 2618 quent-

730 2652 834 2705 que
862 2651 1189 2701 sermonem,
1222 2647 1276 2692 et
1304 2639 1477 2705 lingua
1505 2639 1570 2694 ad
1606 2655 1709 2695 non
1740 2641 2235 2711 lilasphemaudnu:,
2266 2654 2323 2698 et

731 2743 825 2781 cor
849 2728 913 2781 ad
939 2744 1043 2782 nou
1072 2729 1449 2799 indignandum
1469 2774 1481 2797 ,
1513 2742 1566 2785 et
1603 2748 1792 2787 manus
1820 2734 1884 2786 ad
1913 2735 2241 2802 (sperandum
2268 2746 2322 2789 et

733 2818 1094 2888 largiendum;
1129 2829 1233 2874 tam
1264 2833 1577 2876 vetustatem
1625 2823 1871 2888 hominis,
1903 2841 2060 2895 quam
2114 2829 2318 2880 novita-

735 2922 861 2978 tem,
895 2913 959 2966 ad
984 2914 1262 2979 moralem,
1292 2932 1395 2969 non
1429 2916 1491 2970 ad
1535 2918 1937 2973 substantialem
1966 2919 2320 2975 dill‘ercntizun

733 3006 1003 3074 pertinere
1028 3005 1386 3063 defendimus.
1413 3012 1586 3080 Atque
1615 3013 1705 3073 ita,
1739 3014 1935 3081 pariter
1963 3030 2099 3083 agno
2130 3016 2318 3081 cimus,

734 3096 1003 3153 hominem
1056 3101 1143 3166 qui
1195 3102 1483 3156 secundum
1530 3104 1810 3173 pristinam
1860 3108 2319 3161 conversationem

732 3199 882 3244 vetus
911 3190 1355 3257 fuerit,eumtlom
1397 3204 1448 3249 et
1490 3199 1759 3266 corrumpi
1801 3198 1866 3251 ita
1909 3199 2108 3253 dictum
2134 3215 2325 3254 secun-

2428 1985 2546 2053 quis
2604 2000 2799 2054 corpus
2850 1987 3076 2042 mortale
3130 1997 3577 2060 praesumpserit,
3632 2007 3751 2045 cum
3811 1992 3915 2047 hoc
3973 2004 4032 2047 et

2427 2090 2644 2130 carnem
2676 2094 2875 2147 negare
2915 2095 3019 2133 non
3054 2081 3257 2149 possit.
3284 2084 3463 2137 carnis
3490 2098 3703 2154 quoque
3730 2086 4028 2139 resuscita-

2429 2172 2628 2224 tiooem
2659 2180 2883 2241 cogatur
2907 2188 3220 2242 agnoscere,
3254 2176 3550 2229 secundum
3577 2175 3820 2245 ejusdem
3851 2186 4031 2230 status

2425 2264 2877 2317 communionem.
2925 2264 3002 2317 Es
3046 2266 3399 2334 sequentibus
3426 2265 3602 2321 adhuc
3632 2268 3835 2331 discas,
3860 2284 4029 2337 opem

2425 2355 2601 2407 carnis
2626 2352 2888 2416 damnari,
2932 2369 3037 2408 non
3079 2356 3247 2423 ipsam
3276 2374 3289 2407 :
3336 2352 3539 2427 Itaque,
3570 2361 3776 2427 fratres,
3807 2358 3903 2423 ait,
3941 2362 4033 2409 de-

2424 2443 2608 2497 bitores
2629 2461 2823 2509 smnus,
2853 2460 2951 2498 non
2981 2446 3145 2510 carni,
3171 2455 3225 2499 ut
3253 2446 3333 2518 (Β)
3354 2448 3630 2501 secundum
3656 2464 3863 2501 carnem
3886 2449 4031 2502 viva-

2424 2555 2534 2591 mus
2555 2554 2572 2591 :
2600 2539 2644 2591 si
2675 2540 2811 2593 enim
2840 2539 3120 2593 secundum
3160 2556 3363 2594 carnem
3389 2542 3615 2595 vixeritis
3634 2583 3649 2606 ,
3687 2542 3923 2611 futurum
3953 2554 4033 2595 est

2423 2642 2477 2682 ut
2508 2632 2832 2691 moriamini.‘
2866 2633 2909 2685 si
2946 2647 3062 2686 vero
3088 2633 3272 2701 spiritu
3298 2634 3469 2688 carnis
3506 2644 3649 2689 actus
3677 2636 4002 2703 mortiﬁcnee

2424 2727 2570 2790 ritis,
2610 2726 2806 2779 vinetis.
2850 2724 3055 2789 Porro,
3099 2735 3156 2779 ut
3192 2725 3258 2779 ad
3290 2727 3494 2796 singula
3525 2742 3753 2797 quaeque
3794 2744 4032 2797 respon-

2424 2817 2647 2871 den-imus
2673 2859 2687 2881 ,
2721 2820 2765 2871 si
2809 2818 2860 2871 iu
2887 2832 3050 2872 carne
3080 2819 3385 2873 constitutis
3405 2858 3421 2884 ,
3455 2820 3747 2874 secundum
3774 2820 4033 2889 spiritum

2426 2921 2600 2966 tatueu
2630 2911 2967 2981 degentibus,
2996 2912 3141 2967 salus
3162 2913 3553 2981 repromittitur
3575 2930 3590 2979 ;
3616 2912 3726 2982 jam
3759 2930 3867 2966 non
3896 2929 4035 2967 caro

2424 3006 2740 3059 adversatur
2782 3006 2981 3068 saluti,
3030 3006 3126 3061 sed
3169 3007 3414 3076 Operatio
3454 3007 3653 3062 Carnis.
3690 3007 4034 3077 Operatiom:

2426 3110 2600 3154 autem
2635 3100 2814 3154 carnis
2842 3098 3063 3153 exclusa
3082 3140 3095 3161 ,
3138 3115 3259 3169 quze
3292 3114 3480 3154 caussa
3509 3112 3589 3155 est
3618 3102 3808 3155 mortis
3828 3142 3845 3167 ,
3874 3102 4035 3155 salva

2422 3192 2531 3260 jam
2556 3206 2679 3246 caro
2709 3190 3028 3254 ostenditur,
3051 3205 3241 3245 caussa
3265 3206 3456 3246 carens
3479 3194 3688 3247 mortis.
3716 3192 3827 3246 Lex
3851 3196 4035 3256 enim,

732 3281 857 3336 dum
889 3287 1375 3353 concupiscentiam
1406 3288 1753 3353 seductionis,
1786 3292 2237 3360 quemadmodum
2273 3303 2323 3347 et

2431 3282 2599 3349 inquit
2623 3322 2637 3345 ,
2670 3281 2879 3349 spiritus
2910 3281 3024 3334 vita
3052 3281 3127 3353 (b)
3155 3282 3207 3334 in
3237 3280 3442 3336 Christo
3468 3280 3597 3337 Iesu
3622 3284 3923 3337 manumisit
3958 3302 4045 3337 me

733 3383 967 3428 veterem
1006 3376 1299 3431 secundum
1355 3379 1630 3447 pristinam
1679 3384 2174 3448 conversationem,
2220 3399 2324 3436 non

733 3468 1025 3522 secundum
1074 3484 1290 3524 carnem
1347 3485 1441 3541 per
1495 3473 1766 3529 interitum
1821 3485 2175 3544 perpetuum;
2225 3491 2328 3529 cm-

737 3565 942 3624 terum,
988 3574 1149 3613 carne
1194 3573 1299 3615 tam
1380 3562 1584 3617 salvum
1651 3581 1811 3634 quam
1879 3567 2165 3627 eumdem.
2239 3579 2327 3621 ut-

737 3658 861 3718 pote
952 3652 1195 3707 vitiosam
1288 3654 1666 3725 discipliuam,
1758 3673 1860 3712 uon
1939 3661 2325 3729 corpulentiam

738 3748 976 3796 exutum.

1305 3840 1531 3899 CAPUT
1572 3843 1750 3900 XLVI.

816 3927 1001 3984 Talem
1039 3932 1236 4003 ubique
1266 3935 1579 4004 Apostolum
1620 3953 2003 4007 recognoscas,
2037 3940 2108 3997 ita
2152 3941 2330 3996 carnis

742 4036 905 4091 opera
930 4023 1295 4092 damnantem,
1327 4037 1383 4085 ut
1416 4044 1630 4086 carnem
1656 4031 1909 4087 damnare
1936 4032 2208 4100 videatur;
2238 4036 2329 4091 sed

744 4129 812 4168 ne
850 4116 918 4173 ita
956 4118 1075 4185 quis
1114 4120 1414 4186 evistimet,
1457 4138 1519 4176 ex
1562 4124 1786 4178 aliorum
1829 4124 1911 4178 vel
1948 4125 2329 4181 coluerentium

743 4220 996 4259 sensuum
1069 4219 1321 4278 suggestu
1391 4225 1779 4281 procurantem.
1841 4215 1971 4270 Nam
2044 4227 2099 4272 et
2149 4216 2333 4272 dicens

743 4295 918 4368 (Rom.
944 4299 1113 4371 VIII),
1132 4320 1214 4361 eos
1239 4304 1324 4372 qui
1360 4305 1409 4358 in
1432 4322 1582 4360 carne
1599 4318 1715 4360 sunt
1736 4307 1834 4379 (4),
1861 4306 1969 4361 Deo
2002 4310 2200 4378 placere
2234 4326 2333 4362 non

745 4405 922 4457 posse,
953 4393 1130 4447 statim
1157 4393 1221 4448 de
1268 4410 1431 4464 pravo
1460 4398 1730 4452 intellectu
1784 4398 1850 4452 ad
1883 4400 2144 4464 integrum
2180 4415 2334 4453 revo-

742 4489 848 4547 cat,
874 4482 1168 4549 adjiciens:
1204 4484 1305 4539 Vos
1333 4497 1501 4540 autent
1548 4506 1648 4541 non
1696 4490 1813 4543 estis
1864 4491 1916 4543 in
1950 4506 2134 4553 carne,
2168 4491 2256 4545 sed
2281 4493 2332 4544 in

742 4572 944 4641 spiritu.
973 4572 1079 4628 Eos
1111 4576 1254 4630 enim
1287 4592 1419 4647 quos
1459 4578 1509 4632 iu
1534 4594 1694 4634 carne
1740 4594 1861 4635 esse
1894 4581 2203 4642 constabat.
2244 4598 2334 4635 ne-

745 4664 918 4733 gando
971 4667 1022 4720 in
1069 4682 1231 4723 carne
1273 4684 1425 4736 csse,
1481 4672 1529 4724 iu
1569 4672 1819 4740 aperibus
1854 4673 2035 4727 carnis
2068 4688 2171 4727 non
2210 4656 2329 4730 esse

2430 3391 2461 3427 a
2505 3375 2611 3445 lege
2639 3374 2997 3444 delinquentia:
3024 3384 3070 3427 et
3098 3376 3318 3439 mortis;
3360 3384 3507 3431 Certe
3552 3391 3710 3446 quam
3770 3378 4049 3447 prmmisit

2432 3465 2657 3518 habitare
2705 3466 2760 3518 in
2799 3466 3032 3519 membris
3079 3466 3264 3519 nostris
3314 3465 3417 3537 (9).
3444 3466 3588 3538 Ergo
3621 3466 3733 3537 jam
3786 3468 4047 3522 membra

2432 3566 2611 3610 nostra
2652 3555 2770 3626 lege
2806 3556 2993 3609 mortis
3034 3572 3139 3609 non
3171 3558 3527 3625 tenebuntur,
3572 3560 3694 3629 quia
3726 3574 3827 3613 nec
3854 3559 4045 3613 delin-

2431 3650 2684 3718 queutiae,
2714 3664 2745 3703 a
2774 3649 2967 3718 quibus
2992 3650 3323 3704 manumissa
3354 3660 3502 3704 sunt.
3534 3650 3685 3718 Quod
3713 3651 3851 3704 enim
3880 3652 4048 3705 iam-

2433 3741 2593 3795 [idum
2613 3750 2719 3795 erat
2741 3741 2887 3813 legis,
2916 3743 2970 3794 in
3000 3758 3098 3811 quo
3125 3742 3483 3809 inﬁrmabatur
3513 3759 3603 3813 per
3627 3760 3855 3809 cautem,
3877 3746 4049 3798 misso

2435 3834 2572 3887 Dens
2604 3833 2739 3888 Filio
2765 3849 2858 3887 suo
2886 3834 2936 3886 in
2965 3835 3239 3888 simulacro
3272 3836 3441 3893 carnis
3462 3835 3845 3905 delinquentite,
3867 3847 3920 3888 et
3951 3854 4052 3905 per

2434 3926 2828 3996 delinquentium
2854 3923 2966 3997 (10)
2996 3925 3256 3980 damnavit
3276 3926 3733 3997 delinquentiumin
3745 3943 4051 3995 carne,no:i

2436 4033 2650 4079 carnem
2675 4020 2726 4073 in
2745 4019 3109 4090 delinquentis
3137 4039 3151 4075 :
3171 4036 3344 4090 neque
3368 4026 3512 4075 enim
3533 4021 3726 4076 domus
3741 4037 3864 4077 cum
3886 4021 4055 4078 habi-

2438 4124 2608 4171 tatore
2636 4112 2998 4168 damnabitur.
3044 4114 3294 4169 Habitare
3331 4116 3473 4170 enim
3500 4126 3775 4187 peccatum
3803 4116 3945 4172 dixit
3998 4122 4053 4173 in

2437 4220 2663 4274 corpore
2708 4214 2914 4259 nostro.
2961 4206 3215 4259 Damnata
3246 4215 3427 4261 autem
3467 4206 3835 4277 delinquentis
3860 4249 3875 4273 ,
3911 4223 4054 4265 caro

2438 4298 2677 4351 absoluta
2709 4305 2821 4351 est:
2862 4298 3019 4361 sicut,
3054 4295 3359 4353 indemnato
3391 4312 3485 4361 ea,
3515 4298 3617 4368 legi
3648 4300 3840 4352 mortis
3868 4308 3929 4353 et
3962 4300 4054 4355 de-

2442 4390 2747 4459 Iinquentiae
2775 4388 3026 4443 obstricta
3058 4398 3158 4442 est.
3182 4387 3273 4443 Sic
3299 4398 3354 4443 et
3386 4388 3505 4459 (Il)
3549 4403 3770 4444 sensum
3815 4390 4010 4444 carnis
4031 4433 4048 4454 ,

2441 4491 2670 4537 mortem
2698 4481 3014 4551 appellavit;
3052 4479 3247 4535 dehinc
3278 4490 3333 4536 et
3363 4481 3697 4536 inimicitiam
3734 4481 3799 4535 ad
3836 4480 4016 4537 Deum
4036 4525 4052 4546 ,

2442 4578 2535 4633 sed
2568 4592 2671 4630 non
2702 4590 2919 4631 carnem
2964 4575 3154 4644 ipsam.
3184 4571 3280 4629 Cui
3309 4589 3459 4645 ergo,
3492 4574 3675 4637 dices,
3707 4576 4059 4643 reputabitur

2437 4685 2626 4731 sensus
2652 4668 2849 4731 carnis,
2882 4667 2924 4721 si
2959 4680 3063 4721 oon
3092 4664 3403 4721 substantia:
3436 4666 3572 4735 ipsi?
3614 4665 3801 4730 Plane,
3831 4666 3876 4719 si
3916 4682 4055 4736 pro-

744 4766 1104 4829 nioustra.iat;
1147 4767 1306 4831 atque
1340 4762 1406 4815 ita
1440 4762 1519 4832 (5)
1560 4763 1679 4817 illos
1718 4763 1933 4817 domum
1984 4764 2089 4818 Deo
2119 4764 2331 4833 placere
2355 4778 2409 4838 D
2438 4762 2647 4818 baveris
2684 4758 2881 4829 aliquid
2921 4773 3141 4812 carnem
3170 4756 3237 4813 de
3268 4772 3369 4812 suo
3405 4772 3618 4827 sapere.
3664 4757 3720 4811 Si
3766 4772 3899 4813 vero
3930 4760 4058 4815 sine

745 4861 849 4901 non
890 4863 1073 4919 posse,
1111 4867 1213 4906 nou
1259 4853 1348 4923 qui
1381 4855 1433 4908 in
1466 4870 1627 4910 carne
1665 4866 1865 4921 essent,
1904 4856 1999 4911 sed
2028 4858 2117 4927 qui
2144 4873 2331 4913 carna-

2438 4857 2613 4909 anima
2643 4852 2839 4907 nullius
2876 4860 2960 4906 est
2990 4863 3213 4916 sensus,
3241 4848 3477 4920 intellige
3508 4862 3729 4905 sensum
3756 4850 3953 4905 carnis
3982 4851 4054 4905 ad

1946 4985 2321 5046 LECTIONES
2362 4984 2663 5044 VARIANT
2672 4983 2775 5039 ES.

807 5090 880 5152 (t)
914 5092 1116 5143 Diabolo
1138 5094 1297 5144 locum
1325 5095 1455 5147 Rhen
1494 5095 1647 5149 Seml.

832 5156 881 5213 Ξ)
920 5154 1125 5206 Furatur
1146 5156 1297 5208 Rhea.
1321 5158 1471 5209 Seml.

831 5216 883 5342 5)
919 5216 979 5289 Et
1001 5220 1270 5279 Indignatio
1292 5234 1385 5271 non
1406 5219 1518 5272 Itab.
1541 5219 1689 5273 Rhea.
1712 5222 1862 5273 Seml.

832 5277 859 5324 4
916 5278 1020 5342 sint
1046 5279 1194 5342 Rhea.
1221 5281 1358 5333 Seml

832 5277 882 5333 ἢ
916 5278 1020 5327 Sint
1046 5277 1194 5332 Rhea.
1221 5281 1358 5333 Seml

834 5340 883 5408 ξ)
918 5340 991 5408 Ita
1014 5340 1164 5408 omitt.
1188 5342 1299 5408 Βία.
1334 5349 1456 5397 Ven.

831 5404 883 5466 6)
918 5402 1043 5453 Illud
1064 5408 1205 5457 Plan.
1226 5402 1374 5458 lihen.
1402 5405 1552 5460 Seml.
1580 5410 1676 5460 illa:
1697 5409 1805 5460 cod.
1833 5418 2014 5460 Wouw.

2498 5096 2573 5220 (7)
2608 5093 3043 5166 ViviﬁcabitPam.
3072 5094 3226 5145 Fran.
3354 5156 3365 5168 .

2525 5162 2574 5220 8)
2612 5156 2684 5207 Ad
2707 5157 2963 5207 vivendum
2984 5170 3027 5205 at
3048 5156 3202 5209 Ithen.
3227 5158 3289 5209 ad
3322 5169 3365 5207 Vt

2603 5156 2963 5269 gldeivendum
2984 5157 3027 5205 si
3048 5156 3202 5209 Ithen.
3227 5158 3289 5209 ad
3322 5155 3582 5209 vivendum
3618 5158 3897 5210 secundum
3940 5171 4063 5210 car-

2441 5235 2506 5271 ne
2565 5236 2652 5269 ..t
2719 5234 2800 5269 un.

2536 5402 2612 5457 tt)
2646 5404 2751 5455 Etsi
2773 5402 2924 5457 Rhea.
2950 5404 3102 5457 Seml.

2108 5512 2667 5574 COMMENTARIUS.

820 5622 897 5705 (fl)
933 5622 1084 5705 CAP.
1111 5627 1296 5685 XLVI.
1316 5662 1386 5705 έ-
1416 5631 1633 5705 Propter
1649 5635 2062 5702 delinquentium.
2089 5632 2203 5689 Vox
2228 5630 2345 5705 h:_ec

2449 5628 2719 5683 servitutis
2761 5642 2790 5681 a
2839 5628 3038 5684 nostris
3071 5626 3377 5683 cervicibus
3402 5629 3662 5685 excussit.
3708 5628 3807 5684 Hic
3840 5643 4061 5687 manu-

748 5696 1313 5777 muttotiesusurpatur
1331 5704 1397 5777 ab
1414 5696 1739 5777 hoc'auctorn
1755 5696 2085 5777 propeccato;
2104 5706 2188 5777 ubi
2204 5703 2347 5777 enim
2451 5700 2723 5753 missionis
2752 5699 3193 5777 nomine_utitur_
3213 5699 3625 5777 Iurisconsultis
3649 5700 3878 5755 solemni
3902 5745 3921 5766 ,
3966 5705 4066 5773 qui

750 5763 1483 5845 Apgﬁlolusiieccfatum‘dicit,
1513 5763 1906 5845 delinquentium
1936 5763 2105 5833 vocai.
2138 5775 2213 5829 Lg
2244 5773 2336 5827 Pa.

823 5833 903 5907 (b)
943 5834 1008 5891 In
1051 5833 1253 5897 Christo
1288 5842 1413 5900 Iesu
1450 5833 1740 5900 manumisit
1781 5865 1877 5901 me.
1924 5847 2077 5902 Servi
2125 5859 2341 5901 eramus

1051 5908 1261 5969 Satanae
1300 5927 1616 5989 mancipati,
1668 5919 1763 5973 sed
1800 5915 1999 5974 Christi
2041 5919 2127 5972 lex
2152 5917 2341 5987 jugum

753 5920 940 5962 ωιιηιε
970 5920 1025 5964 et

2454 5780 2564 5825 tres
2594 5769 3027 5825 manumissionis
3054 5772 3261 5841 species
3298 5773 3619 5833 observant.
3650 5786 3747 5841 per
3777 5769 4022 5829 censuris
4048 5818 4066 5840 ,

2445 5856 2541 5912 per
2572 5842 2893 5907 vindictam,
2941 5850 2995 5897 et
3038 5857 3133 5911 per
3179 5852 3583 5912 testamentum.
3629 5841 3829 5899 Tribus
3858 5855 4061 5901 autem

2447 5911 2620 5967 modis
2645 5912 2748 5966 illis
2775 5928 2872 5967 nos
2899 5914 3206 5967 manumisit
3227 5911 3496 5969 Christus.
3548 5912 3626 5967 Ls
3653 5913 3753 5965 Ps.
