4250 6494
206 389 315 449 861

1254 385 1457 443 LIBER
1500 387 1585 443 DE
1628 385 2202 445 RESURRECTIONE
2243 388 2508 447 CARNIS.

3395 389 3505 449 862

208 511 448 563 animam
490 521 612 564 esse
653 504 1028 569 referendum,
1076 504 1221 559 carni
1274 502 1539 558 interdum
1586 503 1807 573 dcputa-
1836 507 1882 563 Α
1915 503 2056 557 liberi
2083 504 2255 572 [actia
2280 505 2645 584 delinqttentia,
2671 502 2909 577 famulati
2936 513 3100 561 autem
3144 507 3283 574 Deo,
3311 506 3504 563 habetis

211 612 326 655 tum
360 601 465 673 (1),
494 604 615 673 quia
645 600 725 675 (Ξ)
756 616 852 670 per
875 613 1090 654 carnem
1117 596 1524 651 administratur
1549 612 1562 660 ;
1608 605 1658 649 et
1687 596 1806 649 ideo

209 696 459 750 habitare
482 695 555 749 ait
584 695 999 765 delinquentium
1032 692 1083 745 in
1110 705 1294 756 carne,
1320 696 1439 759 quia
1468 699 1521 743 et
1550 692 1746 751 anima,
1776 704 1805 742 a

208 802 315 856 qua
351 787 431 859 (5)
460 786 822 854 deliuquentia
856 784 1154 847 inducitur,
1197 782 1452 853 inquilina
1485 790 1567 835 cst
1597 783 1804 841 Curitis,

210 878 551 934 utortilicata:
572 879 820 949 quidem,
848 878 940 932 sed
974 892 1078 931 non
1112 890 1212 931 suo
1231 916 1244 939 ,
1274 890 1461 929 verum
1493 874 1809 943 delinquen-

209 972 301 1026 tiie
338 973 574 1027 nomine.
620 972 753 1027 Nam
795 981 849 1026 et
876 970 1041 1026 alihi:
1091 968 1379 1035 Quomodo,
1424 968 1590 1037 inquit
1616 1010 1629 1031 ,
1655 967 1805 1020 etiant

208 1082 348 1119 nunc
368 1107 383 1131 ,
415 1066 544 1120 velut
578 1067 794 1120 viventes
825 1066 877 1118 in
912 1063 1121 1128 mundo,
1156 1063 1452 1117 sententiam
1484 1060 1664 1129 fertis?
1700 1075 1805 1115 non

208 1156 277 1211 ad
302 1168 544 1212 mortuos
563 1158 827 1223 scribens,
850 1155 945 1212 sed
969 1155 1033 1210 ad
1050 1170 1145 1211 eos
1169 1155 1258 1223 qui
1276 1153 1525 1208 desinere
1548 1153 1807 1209 deberent

210 1249 563 1304 mundialiter
583 1251 784 1305 vivere.

769 1338 993 1397 CAPUT
1055 1337 1262 1394 XLVII.

283 1431 412 1487 Haec
433 1433 576 1488 enim
599 1433 702 1488 erit
728 1433 831 1487 vita
860 1431 1165 1495 mundialis,
1214 1428 1292 1502 (a)
1331 1444 1432 1500 qua
1460 1428 1538 1501 (4)
1570 1438 1803 1484 veterem

206 1523 484 1581 hominem
524 1527 665 1581 dixit
691 1527 959 1581 conlisum
985 1540 1107 1579 esse
1133 1524 1377 1588 Christo,
1412 1540 1520 1578 non
1552 1537 1806 1591 corpora-

206 1615 445 1682 litatem,
488 1618 580 1673 sed
636 1619 992 1673 moralitatem
1039 1614 1139 1689 (5).
1174 1614 1471 1680 Caeterum,
1505 1617 1547 1668 si
1586 1631 1689 1669 non
1733 1616 1801 1669 ita

204 1710 531 1781 accipimus,
565 1727 668 1766 non
702 1722 786 1765 est
822 1711 1175 1781 corporalitas
1215 1719 1398 1764 nostra
1426 1711 1632 1764 conhxa
1653 1751 1668 1775 ,
1701 1724 1801 1764 nec

201 1818 423 1858 crucem
453 1802 650 1858 Christi
680 1818 807 1858 caro
835 1814 1016 1858 nostra
1046 1816 1296 1873 perpessa
1323 1811 1439 1866 est;
1480 1800 1572 1855 sed
1609 1816 1800 1871 quem-

1910 597 2128 665 fructum
2152 610 2367 653 vestrum
2390 600 2441 652 in
2462 600 2791 667 sanctiﬁciunz
2813 599 2948 672 (l2);
2970 602 3122 668 [ineat
3142 610 3330 668 autem,
3350 601 3503 655 vitam

1910 700 2172 742 a'ternam.
2210 688 2288 762 (tt)
2316 690 2589 759 Stipendia
2627 692 2758 744 enim
2787 692 3174 760 delinquentite,
3205 708 3340 746 mors
3359 708 3377 755 ;
3412 693 3505 745 do-

1911 783 2136 833 nativum
2162 793 2327 835 autem
2350 782 2467 847 Dei,
2489 784 2588 835 vita
2618 794 2806 838 a'terna
2834 784 2886 835 itt
2915 781 3116 837 Christo
3138 780 3173 836 Ι
3179 799 3265 837 esu
3286 782 3505 837 Damino

1910 881 2101 925 nostra.
2133 873 2203 925 Ita
2229 915 2243 936 ,
2275 888 2369 941 per
2400 882 2561 927 totam
2590 873 2705 946 (15)
2744 874 2880 929 hanc
2909 888 3162 928 sensuum
3191 876 3409 940 seriem,
3437 876 3506 929 ab

1912 962 2165 1030 injustitia
2207 974 2259 1018 et
2301 965 2662 1033 delinquentia
2706 965 2941 1019 membra
2988 975 3167 1020 nostra
3203 965 3501 1032 divelleris,

1910 1064 1963 1108 et
1996 1053 2216 1121 iustitia:
2252 1064 2302 1108 et
2335 1056 2703 1109 sanctimonia:
2733 1056 3059 1126 adjuugeus,
3093 1065 3147 1110 et
3177 1056 3504 1112 transferens

1910 1144 2097 1199 eadem
2125 1162 2153 1198 a
2182 1146 2451 1216 stipendio
2476 1148 2663 1207 mortis
2688 1146 2752 1201 ad
2781 1147 3089 1201 donativum
3115 1147 3239 1201 vita:
3264 1158 3503 1214 uterum,

1909 1240 2058 1293 carui
2092 1240 2273 1309 utique
2301 1242 2795 1310 compensationem
2825 1242 3013 1296 salutis
3043 1244 3384 1312 repromittit.
3416 1243 3503 1298 eui

1909 1330 2109 1384 nullam
2143 1332 2360 1387 omnino
2387 1334 2731 1402 competisset
2761 1333 3008 1402 imperari
3043 1334 3313 1403 propriam
3341 1348 3501 1389 sanc-

1912 1423 2149 1477 timonia:
2192 1435 2247 1478 et
2284 1426 2503 1494 justitim
2537 1426 2871 1496 disciplinam
2894 1468 2908 1491 ,
2950 1427 2993 1481 si
3037 1441 3140 1481 non
3172 1427 3338 1495 ipsius
3363 1438 3507 1484 esset

1907 1523 1961 1568 et
2009 1516 2287 1584 prmminm
2335 1516 2675 1585 disciplinae:
2730 1516 2825 1571 sed
2873 1532 2970 1571 nec
3020 1518 3193 1587 ipsum
3242 1517 3503 1587 baptisma

1905 1609 2200 1673 committi,
2250 1610 2293 1661 si
2350 1607 2466 1679 (14)
2527 1624 2620 1677 per
2650 1609 3144 1675 regenerationem,
3196 1624 3300 1663 nou
3340 1612 3502 1664 etiam

1906 1699 2233 1754 restitutiOui
2278 1700 2704 1769 inauguraretur,
2749 1701 2850 1754 hoc
2880 1716 3093 1770 quoque
3128 1700 3390 1771 Apostolo
3416 1703 3500 1754 in-

1905 1802 2165 1860 gerente:
2214 1793 2290 1844 An
2334 1792 2612 1860 ignoratis,
2657 1792 2794 1861 quod
2834 1793 3132 1863 quicumque
3159 1794 3211 1845 in
3245 1791 3503 1847 Christum

203 1895 494 1949 admodum
522 1895 745 1965 adjecit:
782 1895 866 1950 Uti
898 1894 972 1968 (b)
994 1904 1264 1949 evacuetur
1289 1909 1473 1961 corpus
1499 1894 1797 1964 delinquen-
1831 1880 1879 1940 Β
1906 1882 2083 1942 Jesum
2123 1883 2239 1957 (15)
2266 1886 2406 1938 tiucti
2435 1901 2628 1947 sttnms,
2664 1887 2716 1938 iu
2742 1894 2951 1939 mortem
2981 1888 3088 1953 eius
3126 1888 3269 1940 tincti
3292 1886 3504 1941 sumus?

203 1987 292 2039 tia:
319 2000 338 2039 :
380 2001 473 2054 per
492 1987 923 2041 emendationem
949 1988 1091 2052 vine,
1123 2000 1228 2040 non
1258 2000 1352 2055 per
1372 1986 1644 2040 interitum
1672 1984 1802 2040 sub-

201 2079 447 2143 stantiae;
471 2079 723 2134 sicutait:
757 2078 846 2133 Uti
872 2080 1107 2133 hactenus
1128 2079 1483 2147 delinquentia:
1503 2078 1799 2144 serviamus,

200 2180 256 2226 et
286 2180 379 2237 ut,
412 2170 512 2226 hac
556 2173 762 2227 ratione
810 2173 1131 2227 commortui
1160 2170 1240 2245 (6)
1261 2170 1495 2237 Christo,
1521 2171 1802 2227 credamus

201 2262 347 2331 quod
380 2263 542 2317 etiam
581 2264 927 2321 cenvivamus
957 2262 1035 2336 (7)
1076 2263 1171 2318 illi.
1202 2262 1292 2319 Sic
1319 2264 1481 2326 enim,
1527 2264 1724 2334 inquit,
1754 2274 1801 2317 et

199 2368 287 2407 vos
310 2363 539 2422 reputate
561 2368 786 2409 mortuos
810 2354 1011 2424 quidem
1036 2370 1154 2418 vos;
1184 2354 1428 2409 cuinam?
1454 2358 1597 2410 carni
1614 2356 1637 2407 ‘t
1656 2353 1795 2421 Non,

199 2445 296 2499 sed
327 2445 732 2515 delinquemus.
779 2446 924 2517 Ergo
962 2448 1092 2503 salvi
1132 2461 1288 2503 erunt
1318 2448 1507 2510 carui;
1558 2450 1799 2502 viventes

198 2544 379 2591 autem
413 2538 521 2593 lico
548 2538 598 2592 in
630 2537 843 2593 Christo
870 2530 1168 2609 Jesufper
1195 2555 1412 2595 carnem
1458 2542 1669 2611 utique,
1712 2543 1795 2596 cui

200 2631 399 2686 mortui
436 2647 542 2687 non
580 2642 767 2697 erunt;
808 2632 1189 2701 deliuqnentia:
1220 2636 1426 2688 scilicet
1452 2634 1532 2706 (8)
1566 2636 1793 2696 mortui,

200 2738 308 2778 non
342 2725 512 2779 carni.
546 2725 677 2779 Nam
707 2734 761 2780 et
784 2725 958 2781 adhuc
990 2728 1181 2795 ingerit
1209 2744 1221 2779 :
1260 2725 1341 2781 Ne
1369 2744 1487 2796 ergo
1516 2729 1797 2797 regnaverit

197 2819 251 2873 in
283 2834 497 2887 corpore
518 2829 680 2873 vestro
709 2822 911 2873 mortali
945 2822 1310 2891 delinquentia,
1331 2821 1400 2874 ad
1425 2822 1796 2875 obaudiundum

195 2908 293 2975 illi,
316 2918 365 2963 et
387 2909 458 2963 ad
482 2911 817 2965 exhibendum
835 2913 1054 2965 membra
1072 2922 1231 2966 t-estra
1251 2930 1393 2966 arma
1412 2914 1697 2979 iniustitite,
1717 2914 1799 2968 de-

194 3004 487 3073 linquentis:
500 3019 519 3056 :
534 3005 622 3058 sed
632 3004 857 3058 exhibete
882 3006 1207 3073 vosmetipsos
1222 3002 1350 3071 Deo,
1366 3006 1497 3059 velut
1514 3021 1575 3059 ex
1588 3007 1795 3060 mortuis

194 3097 367 3161 vivos;
400 3112 504 3151 non
530 3096 672 3152 velut
702 3098 872 3162 vivos,
902 3099 995 3153 sed
1030 3098 1173 3154 velut
1201 3114 1263 3155 ex
1295 3100 1519 3153 mortuis
1541 3100 1719 3162 vivos;
1750 3109 1794 3152 et

194 3188 419 3242 membra
431 3201 617 3257 vestra,
638 3206 780 3243 arma
802 3191 1027 3254 iustitiae.
1051 3191 1117 3244 Et
1144 3205 1329 3245 rursus
1352 3209 1363 3243 :
1400 3190 1545 3245 Sicut
1567 3191 1796 3244 exhibui-

1908 1975 2201 2046 Consepulti
2228 1995 2345 2049 ergo
2373 1977 2452 2032 illi
2478 1995 2650 2033 sumus
2679 1995 2767 2049 per
2794 1979 3045 2049 baptisma
3070 1981 3123 2034 in
3149 1990 3359 2035 mortem
3377 2023 3391 2045 ,
3424 1982 3504 2035 uti

1904 2069 2331 2139 quemadmodum
2357 2072 2577 2123 surrexit
2605 2069 2839 2125 Christus
2874 2089 2905 2123 ιι
2946 2073 3155 2125 mortuis
3175 2114 3189 2137 ,
3227 2073 3299 2127 ita
3326 2083 3371 2127 et
3401 2090 3493 2128 nos

1905 2160 1957 2214 in
1985 2162 2204 2214 novitate
2224 2162 2341 2217 vitat
2360 2163 2674 2219 incedamus.
2722 2162 2798 2217 Ac
2830 2179 2897 2218 ne
2925 2163 2991 2218 de
3031 2165 3129 2219 ista
3154 2175 3365 2220 tantum
3393 2166 3500 2221 vita

1906 2261 2059 2321 putes
2087 2253 2320 2319 dictum,
2353 2269 2473 2322 quae
2500 2268 2566 2307 ex
2597 2254 2698 2308 [ide
2732 2270 2824 2322 per
2865 2256 3127 2325 baptisma
3169 2258 3221 2310 in
3261 2258 3497 2314 novitate

1904 2345 2129 2401 vivenda
2164 2344 2181 2417 (
2195 2344 2279 2416 l6)
2318 2354 2417 2408 est,
2457 2346 2922 2413 providentissime
2951 2347 3219 2404 adstruit:
3262 2349 3323 2405 Si
3364 2352 3498 2404 enim

1904 2439 2232 2507 complantati
2262 2437 2375 2510 (l7)
2417 2440 2661 2506 fuerimus
2686 2441 2958 2495 simulacro
2989 2444 3162 2497 mortis
3190 2443 3396 2511 Christi,
3429 2448 3500 2499 ita

1903 2540 1949 2583 et
1975 2531 2353 2584 resurrectionis
2380 2532 2586 2583 erimus.
2622 2530 2694 2603 (ε)
2724 2532 2827 2590 Per
2852 2533 3197 2590 simulacrum
3223 2536 3365 2591 enim
3387 2553 3498 2592 mo-

1902 2625 2069 2677 rimur
2113 2625 2163 2679 in
2220 2626 2575 2694 ltaplistttale,
2620 2626 2711 2679 sed
2773 2642 2865 2696 per
2918 2629 3195 2684 veritatem
3254 2633 3495 2702 resurgi-

1903 2734 2022 2774 mus
2047 2719 2164 2791 (IS)
2195 2720 2247 2774 in
2274 2728 2457 2789 carne,
2490 2727 2626 2777 sicut
2649 2733 2705 2779 et
2730 2723 2971 2779 Clu-isms
2999 2724 3122 2788 :Ut,
3156 2726 3283 2779 sicut
3308 2742 3493 2794 regna-

1900 2817 1967 2867 vit
1997 2816 2049 2867 iu
2079 2826 2240 2868 ntorte
2269 2816 2540 2881 delictum,
2570 2818 2641 2869 ita
2671 2827 2719 2871 et
2750 2819 2914 2887 gratia
2942 2828 3112 2888 regnet
3136 2834 3225 2889 per
3240 2820 3494 2889 justitiam

1901 2907 1952 2959 in
2000 2907 2153 2960 vitam
2198 2908 2555 2972 sempiternam
2602 2926 2692 2978 per
2718 2908 2897 2963 .lcsunt
2918 2908 3176 2965 Christum
3219 2910 3494 2964 Dominam

1901 3012 2148 3053 nostrum.
2198 2998 2479 3067 Quomodo
2522 3002 2591 3054 ita
2616 3001 2770 3073 (l9),
2810 3002 2853 3056 si
2893 3016 2996 3056 non
3040 3017 3191 3073 aeque
3220 3002 3272 3057 iu
3300 3003 3494 3057 carne?

1900 3091 2000 3148 Ubi
2033 3091 2177 3147 enim
2206 3108 2375 3159 mors,
2404 3094 2474 3147 ibi
2504 3104 2558 3149 et
2583 3096 2689 3149 vita
2714 3104 2835 3165 post
2864 3105 3118 3159 mortem;
3149 3096 3271 3164 quia
3300 3104 3355 3150 et
3383 3097 3490 3152 vita

1899 3185 1967 3240 ibi
2014 3194 2167 3249 ante;
2214 3186 2302 3240 ubi
2342 3196 2525 3256 postea
2565 3203 2731 3242 mors.
2791 3187 2922 3242 Nam
2957 3191 2997 3242 si
3040 3204 3261 3260 regnum
3302 3192 3489 3245 mortis

192 3282 284 3336 stis
314 3280 390 3353 (c)
421 3283 644 3337 membra
681 3292 843 3338 vestra
870 3284 1066 3354 [aurata
1106 3282 1443 3337 immunditiis
1468 3293 1513 3336 et
1544 3284 1784 3353 iuiquita-
1817 3270 1861 3332 C
1897 3277 2030 3331 nihil
2060 3288 2342 3347 operatur,
2372 3295 2532 3348 quam
2571 3280 2748 3334 carnis
2791 3280 3233 3345 dissnlutimtettt;
3266 3281 3489 3351 proinde

192 3373 256 3427 tis
299 3373 380 3445 (9)
429 3377 499 3428 ad
536 3376 887 3438 iniquitatem;
932 3375 1004 3427 ita
1038 3384 1086 3429 et
1130 3391 1265 3428 nunc
1306 3376 1532 3428 exhibete
1569 3374 1791 3428 membra

192 3474 358 3518 rutra
394 3466 592 3533 [amula
609 3467 847 3536 justitite,
878 3467 931 3519 in
961 3467 1298 3526 sancti/icium
1324 3466 1459 3539 (10).
1490 3465 1617 3519 Cum
1656 3468 1789 3520 enim

185 3556 320 3609 servi
362 3557 535 3609 essetis
564 3556 919 3627 deliuqueutia:
941 3596 955 3621 ,
1006 3557 1149 3609 liberi
1176 3557 1328 3609 eratis
1344 3557 1583 3626 justilite.
1627 3557 1788 3620 Quem

185 3662 312 3717 ergo
341 3649 563 3716 fructum
591 3646 848 3701 habebatis
875 3663 1027 3716 super
1053 3649 1131 3700 his
1148 3689 1162 3712 ,
1192 3648 1255 3701 de
1281 3648 1462 3717 quibus
1506 3665 1639 3702 nunc
1663 3666 1787 3703 con—

185 3738 511 3808 fundimiui?
556 3740 675 3808 ﬁnis
713 3737 982 3812 euim(ll)
1020 3738 1226 3793 illorum
1269 3755 1423 3794 mors.
1475 3737 1631 3793 Nunc
1677 3756 1792 3795 vero

1897 3372 2077 3432 vitam,
2110 3373 2430 3426 contrariam
2460 3374 2638 3437 morti,
2673 3374 2997 3427 contrarium
3019 3382 3229 3442 oportet
3254 3375 3484 3439 operari,

1896 3464 1947 3519 id
1972 3474 2078 3527 est,
2107 3465 2285 3518 carnis
2312 3464 2852 3535 redintegrationem;
2882 3466 2955 3519 uti
2978 3465 3115 3519 sicut
3136 3464 3485 3520 devoraverat

1896 3571 2041 3610 mors
2090 3552 2494 3622 invalescendo,
2536 3558 2603 3610 ita
2640 3565 2695 3610 et
2742 3556 2951 3609 mortali
2994 3554 3256 3610 devorato
3289 3554 3357 3609 ab
3387 3555 3486 3608 im-

1897 3647 2237 3708 mortalitate,
2268 3647 2452 3700 audire
2482 3647 2647 3715 possit
2680 3664 2694 3703 :
2722 3646 2790 3720 (Ι)
2824 3645 2921 3702 Ubi
2951 3656 3043 3714 est,
3084 3662 3241 3710 mors,
3279 3647 3484 3701 aculeus

1897 3739 2051 3793 tuus?
2077 3739 2159 3792 ubi
2190 3750 2283 3805 est,
2314 3755 2469 3806 mors,
2495 3742 2747 3796 contentio
2781 3743 2909 3796 tua?
2935 3741 3023 3798 Sic
3051 3742 3195 3797 enim
3223 3752 3278 3797 et
3312 3744 3480 3811 gratia

1421 3852 1800 3911 LECTIONES
1838 3852 2243 3909 VARIANTES.

278 3944 328 4010 1)
364 3946 707 4010 Deputandum
734 3944 877 3996 Rhea.
897 3947 1018 3995 Jun.

272 4006 325 4071 2)
365 4006 569 4071 Propter
590 4021 786 4071 carnem
812 4009 1004 4071 etadd.
1030 4006 1179 4060 then.
1205 4007 1359 4059 Setnl.

270 4068 326 4134 5)
361 4068 547 4134 Animae
570 4068 719 4121 Rhea.
746 4069 897 4134 Sentl.
922 4070 1052 4122 abest
1074 4082 1103 4119 a
1122 4084 1233 4134 qua.

271 4130 321 4192 si
361 4133 513 4192 Quam
538 4135 688 4184 Rhcu.
716 4130 867 4183 Setttl.

249 4194 328 4262 (ff)
364 4194 705 4262 Mortalitatetn
732 4197 874 4262 Pu_m.
906 4196 1058 4262 Frtm.
1081 4196 1190 4262 Rig.
1221 4198 1345 4247 Ven.
1420 4226 1421 4229 η

272 4254 326 4310 ϐ)
363 4256 417 4305 ln
440 4254 592 4310 inser.
612 4255 761 4307 Rhea.
787 4254 937 4310 Seml.

272 4318 325 4369 7)
361 4318 684 4369 Convivemus
704 4321 846 4369 Pam.
874 4320 1025 4369 Fran.

270 4379 325 4432 8)
361 4381 562 4431 Scilicet
579 4382 709 4432 abest
727 4395 759 4431 tt
779 4379 929 4433 Rhesi.
954 4379 1106 4433 Seml.

269 4443 327 4509 9)
343 4442 671 4509 ieiunitatem
691 4442 798 4509 alii.

277 4504 353 4570 lit)
392 4506 686 4557 Sacriﬁcium
708 4504 858 4559 Rhea.
882 4504 1034 4558 Seml.

1956 3945 2060 4007 (ll)
2094 3946 2225 4007 Ergo
2244 3942 2396 3997 Rhea.
2420 3942 2574 4007 Seml.

1953 4006 2056 4071 (l2)
2093 4006 2567 4071 Sacriticiumtthen.
2588 4008 2740 4060 Seml.
2768 4011 2890 4060 Ven.

1981 4067 2055 4120 15)
2094 4068 2290 4119 Portam
2314 4067 2419 4120 alii.

1978 4131 2054 4184 Mi
2091 4131 2140 4179 Si
2165 4134 2312 4184 omitt.
2342 4131 2492 4183 Rhea.
2518 4132 2671 4181 Seml.

1981 4195 2054 4255 15)
2087 4192 2257 4244 Jesum
2279 4192 2428 4245 omitt.
2449 4192 2595 4244 Rhea.
2622 4193 2773 4244 Seml.

1980 4255 2055 4314 16)
2093 4256 2367 4306 lnecdenda
2392 4259 2532 4306 Pam.
2559 4258 2681 4306 Par.
2708 4265 2857 4307 t‘ran.

1977 4318 2057 4369 17)
2092 4318 2283 4369 Cons-oti
2308 4321 2444 4369 Pcm.
2472 4321 2591 4368 Par.
2621 4328 2767 4369 Ft'wt.

1982 4379 2055 4431 18)
2089 4379 2426 4431 Resurtremns
2442 4383 2582 4431 Pam.
2610 4382 2766 4431 Fran.

1982 4443 2055 4505 l9)
2091 4442 2185 4492 ists
2210 4442 2356 4493 Itheu.
2384 4443 2541 4495 Seml.

1546 4611 2108 4670 COMMENTARIUS.

262 4705 420 4763 CAP.
453 4707 659 4763 XLVII.
684 4738 756 4749 —
787 4706 864 4834 (a)
900 4708 1013 4776 Qua
1040 4718 1250 4762 veterem
1288 4708 1560 4761 hominem.
1594 4708 1783 4762 Existi-
1807 4710 1858 4769 D

262 4779 415 4833 ibant
435 4779 562 4833 olim
596 4780 792 4834 nonnul
819 4782 831 4834 i
861 4790 1094 4834 veterem
1128 4779 1396 4833 hominem
1426 4794 1545 4832 esse
1565 4794 1776 4834 cornus.

183 4779 415 4833 mabant
435 4779 562 4833 olim
596 4779 831 4834 nonnulli
861 4790 1094 4834 veterem
1128 4779 1396 4833 hominem
1426 4794 1545 4832 esse
1565 4794 1776 4847 corpus,

196 4864 402 4903 novum
432 4865 557 4905 vero
586 4851 854 4916 animam;
905 4860 957 4904 st
990 4851 1361 4920 interpretatio
1399 4850 1483 4903 illa
1532 4867 1634 4901 non
1683 4850 1780 4905 ad-

184 4921 449 4974 mittitur.
483 4920 613 4975 Nam
644 4921 968 4991 Apostolus,
1020 4921 1169 4974 llam.
1203 4920 1272 4976 VI
1297 4963 1310 4981 ,
1345 4920 1474 4974 nihil
1510 4920 1653 4974 aliud
1688 4937 1781 4987 per

180 5000 428 5062 veterem
471 4993 742 5048 hominem
786 4991 1067 5062 intelligit,
1101 5006 1259 5062 quam
1286 4993 1443 5044 vitam
1476 4998 1776 5062 anteactam

179 5061 240 5114 iu
272 5063 545 5131 peccatis;
600 5081 696 5131 per
725 5079 917 5117 novum
946 5060 1124 5116 autem
1159 5061 1593 5116 reformationem
1628 5060 1771 5114 illam

173 5132 576 5202 qumaChristo
605 5134 765 5196 facta,
795 5134 918 5188 dum
946 5134 1148 5188 scelera
1178 5143 1357 5186 nostra
1385 5133 1646 5201 sanguine
1676 5146 1774 5186 suo

171 5203 371 5265 abluit,
396 5213 469 5268 ut,
502 5215 760 5260 evacuate
792 5205 881 5259 illo
909 5215 1088 5259 vetere
1118 5205 1352 5270 homine,
1387 5205 1436 5256 in
1467 5218 1644 5257 veram
1674 5217 1772 5259 nos

173 5285 451 5328 assereret
481 5273 799 5331 libertatem.
844 5278 923 5330 Le
962 5275 1057 5329 Pu.

254 5342 336 5416 (h)
375 5342 665 5400 Evacuetur
710 5362 894 5416 corpus
938 5346 1311 5415 delinquentitc.
1363 5346 1439 5401 De
1485 5344 1585 5400 hac
1637 5361 1769 5401 voce

173 5428 456 5488 postrema
513 5416 625 5485 jam
671 5420 995 5488 monuimus.
1045 5416 1270 5487 Vulgata
1318 5416 1530 5473 versio:
1583 5423 1635 5467 at
1681 5417 1769 5470 de-

172 5487 408 5559 struatur
453 5502 639 5557 corpus
685 5490 898 5559 peccati.
948 5487 1177 5559 Pmpius
1220 5488 1283 5542 ad
1320 5503 1536 5559 sensum
1575 5502 1767 5557 grzeca:

172 5557 329 5613 vocis
355 5566 630 5632 καταργηθῇ
657 5557 887 5616 vertisse
917 5557 1289 5615 mihividetur
1315 5558 1694 5683 Tertiillizilpits.

1498 5646 1529 5683 ε
1602 5645 1653 5683 ιι.

1498 5646 1529 5684 Ε
1558 5645 1653 5683 ιίι.

251 5699 328 5771 (c)
373 5700 599 5756 Membra
646 5711 810 5757 vestra
845 5702 1044 5774 famula
1082 5702 1440 5774 immunditiaz.
1477 5699 1771 5774 Muresuo

211 5786 409 5843 meam
465 5787 652 5828 vocem
712 5771 861 5829 δοῦλά
908 5774 1179 5843 exprimit.
1256 5772 1584 5827 Famulautia
1634 5771 1772 5843 dixit

224 5885 239 5900 .
272 5842 631 5917 Hieronymus
668 5844 735 5899 ad
772 5842 993 5900 Parnm.
1008 5854 1195 5900 contra
1230 5842 1727 5970 Joann.lllie;)osol.

1493 5930 1522 5968 ε
1605 5930 1657 5968 u.

1493 5930 1522 5968 Ε
1563 5930 1657 5968 ιἰι.

1957 4706 2036 4779 (d)
2079 4707 2346 4779 Stipendia
2374 4709 2508 4763 enim
2546 4708 2902 4778 delinquentia:
2925 4749 2940 4773 ,
2972 4723 3148 4771 mors;
3186 4708 3478 4764 donativum

1884 4778 2055 4832 autem
2086 4778 2210 4841 Dei,
2243 4789 2348 4835 etc.
2382 4779 2716 4848 Stipendium
2750 4794 2957 4834 merces
2981 4788 3101 4833 erat
3129 4781 3351 4834 militum
3385 4781 3477 4848 qui

1887 4850 2191 4912 ιιιυνυιιηιιις
2244 4850 2555 4904 donativum
2602 4860 2779 4904 autem
2817 4848 3017 4903 donum
3056 4858 3173 4904 erat
3216 4851 3476 4905 militibus

1882 4921 1949 4975 ab
1978 4922 2299 4989 imperatore
2329 4923 2533 4986 erogari
2559 4922 2797 4991 Solitum:
2825 4920 3289 4991 Quemadmodum
3315 4924 3476 4991 igitur

1882 5006 2015 5045 voce
2036 4994 2296 5045 castrensi
2324 4992 2634 5055 stipendium
2665 5007 2730 5045 ex
2762 4990 2824 5045 Β.
2852 4989 2999 5045 Pauli
3035 4989 3476 5060 interpretatione

1881 5077 2015 5135 usus
2045 5062 2250 5127 fuerat,
2285 5074 2407 5131 apte
2438 5062 2573 5135 hanc
2603 5076 2787 5135 vo_ectn
2830 5061 2885 5116 iu
2930 5062 3119 5117 eadem
3162 5063 3473 5135 metaphora

1877 5133 2174 5202 persistens
2206 5135 2500 5200 usurpavit.
2554 5132 2630 5187 Le
2661 5131 2756 5186 Pa.

1948 5201 2023 5276 (ei
2052 5201 2157 5257 Per
2197 5203 2524 5256 simulacrum
2568 5204 3007 5276 euim__morimur
3059 5205 3110 5257 in
3153 5205 3471 5276 baptismate.

1877 5273 2217 5342 Baptizamur
2265 5290 2362 5343 pro
2407 5277 2650 5328 mortuis.
2700 5274 2987 5343 Mergimur
3036 5275 3185 5343 quasi
3243 5285 3469 5331 mortem

1874 5346 2182 5399 subeamus.
2224 5345 2587 5413 Emergimus,
2626 5352 2682 5399 ut
2715 5347 3119 5401 reviviscentes.
3156 5346 3274 5402 lito.
3299 5376 3368 5387 -—
3396 5347 3474 5402 Ne

1872 5417 2259 5487 responderent
2318 5416 2551 5470 lueretici
2601 5416 2789 5471 eodem
2850 5416 3007 5471 modo
3056 5428 3460 5472 resurrecturus

1874 5485 1997 5541 eum
2039 5485 2292 5552 Christo,
2343 5488 2481 5542 sicut
2526 5498 2578 5542 ct
2616 5488 2808 5542 mortui
2856 5502 3063 5551 sumus,
3106 5488 3310 5543 st-ilicet
3347 5490 3469 5557 quia

1876 5560 2101 5631 mystice
2122 5568 2174 5615 et
2200 5560 2419 5631 ligurate
2444 5568 2644 5631 tantum
2670 5560 2861 5613 ttutrtui
2889 5573 3013 5628 eum
3045 5558 3257 5631 Christo
3281 5573 3469 5631 smnus

1874 5629 2265 5698 in'baptismo',
2297 5633 2375 5685 sic
2416 5630 2577 5684 etiam
2610 5639 3011 5684 resurrecturos
3038 5629 3211 5699 solum
3244 5629 3471 5699 mystice

1874 5711 1929 5755 ct
1981 5700 2360 5769 spiritualtter,
2423 5715 2525 5754 non
2579 5716 2733 5763 vere;
2794 5702 3044 5756 observat
3094 5698 3467 5760 Tertulliantts

1873 5779 2055 5842 typum
2089 5780 2141 5825 et
2171 5770 2479 5841 mysterium
2519 5785 2639 5825 esse
2669 5774 2944 5825 dumtaxat
2971 5772 3023 5824 in
3053 5779 3229 5826 morte
3256 5781 3461 5837 nostra,

1873 5843 2511 5913 noninﬁresurreetionc,
2544 5856 2665 5913 nam
2695 5857 2819 5897 vere
2848 5856 3214 5913 resurgentes.
3256 5842 3388 5898 Lac.

1946 5910 2011 5987 (l)
2054 5912 2152 5969 Ubi
2191 5922 2261 5967 est
2296 5929 2430 5967 mors
2461 5911 2666 5967 aculeus
2710 5912 2864 5967 tuus’
2908 5910 3156 5985 Sic'leg.
3228 5928 3347 5984 cap.
3396 5912 3460 5969 5|
