4250 6494
714 346 819 407 863

2089 347 2550 407 TERTULLIANI

3902 346 4018 402 ΒΜ

714 465 819 519 illic
869 464 1324 535 superabundabit
1363 464 1474 538 (I),
1527 464 1616 520 ubi
1663 472 1719 521 et
1761 465 2014 536 iniquitas
2061 464 2298 520 abunda-
2329 465 2373 523 Α
2405 461 2466 515 Si
2493 473 2658 515 autent
2697 459 2923 516 Christus
2957 461 3291 530 pradicatur,
3328 463 3462 532 quod
3505 477 3538 516 a
3577 461 3790 515 mortuis
3839 477 4020 515 resur-

712 561 786 611 vit
822 558 920 626 (-2).
981 558 1070 614 Sic
1136 567 1189 613 et
1238 559 1404 613 virtus
1466 558 1518 612 in
1580 558 1887 613 inﬁrmitate
1963 558 2294 626 perlicietur,

713 650 788 720 (ap)
816 649 955 717 quod
995 650 1150 719 periit
1189 649 1882 721 (3)5alvumlaciens,quod
1923 659 2191 703 mortuum
2219 659 2301 700 est

711 745 1023 805 viviticans,
1057 743 1196 814 quod
1231 757 1540 812 percussum
1569 753 1651 798 est
1681 757 1898 805 sanans.
1926 742 2067 813 quod
2101 743 2302 810 languit

711 836 1008 900 medicans,
1044 836 1185 904 quod
1213 846 1458 905 ereptum
1481 847 1564 892 est
1592 835 1884 900 redimens,
1916 835 2057 905 quod
2088 835 2303 888 famula-

712 937 822 982 tum
853 938 933 981 cst
959 929 1220 991 liberans,
1255 929 1398 999 quod
1426 927 1704 984 seductum
1731 939 1814 984 est
1841 945 2131 994 revocans,
2162 928 2302 999 quod

712 1020 900 1072 elisum
932 1028 1016 1074 est
1043 1021 1338 1085 suscitans;
1374 1032 1426 1074 et
1455 1021 1668 1090 quidem
1715 1021 1780 1076 de
1813 1032 1952 1077 terra
1986 1024 2037 1076 in
2064 1022 2258 1076 caelum
2285 1065 2298 1085 ,

716 1110 802 1163 nhi
849 1121 1092 1164 nostrum
1141 1112 1522 1180 municipatum
1569 1112 1942 1184 Philippenses
1989 1129 2195 1183 quoque
2239 1114 2306 1167 ab

719 1201 980 1267 Apostolo
1031 1201 1280 1255 discunt:
1338 1202 1487 1256 Unde
1523 1213 1568 1257 et
1613 1205 2032 1273 salutiﬁcatorent
2082 1216 2306 1258 nostrum

715 1301 1066 1359 exspectamus
1112 1291 1290 1347 Jcsum
1343 1293 1746 1363 Christum,qui
1794 1296 2176 1367 lransﬁgnrabit
2229 1295 2307 1368 (4)

717 1399 904 1450 corpus
945 1392 1136 1437 nostra:
1173 1385 1511 1450 Innailitatis,
1551 1387 1866 1456 con/armalc
1895 1388 2096 1456 corpori
2134 1388 2311 1458 gloria:

716 1490 822 1527 sua:
843 1491 859 1537 ;
894 1475 1009 1530 sine
1049 1475 1211 1530 dubio
1254 1489 1366 1546 post
1411 1479 1897 1546 resurrectionem,
1920 1481 2042 1550 quia
2072 1495 2171 1534 nec
2199 1481 2311 1550 ipse

719 1567 967 1622 Christus
993 1567 1321 1637 glorilicatus
1361 1579 1438 1624 est
1471 1579 1595 1625 ante
1629 1573 1952 1640 passionem.
2004 1571 2128 1627 Ilaec
2154 1580 2311 1627 erunt

717 1675 948 1730 eorpora
1009 1671 1224 1726 nostra,
1271 1678 1388 1728 qua:
1434 1664 1705 1718 Romanos
1762 1665 2008 1720 obsecrat
2057 1665 2312 1721 cxldberc

719 1752 948 1805 hostiam
998 1754 1200 1817 vivam,
1235 1767 1505 1820 sanctam,
1550 1758 1848 1826 placibilem
1895 1757 1977 1830 (5)
2013 1759 2139 1813 Deo.
2169 1757 2313 1824 Quo-

2403 557 2532 610 rea'it
2575 553 2730 627 (11),
2761 555 3012 624 quomodo
3034 555 3241 626 quidam
3275 555 3450 609 dicunt
3489 556 3541 608 in
3569 554 3708 608 vobis
3749 570 4018 609 resurrec~

2409 650 2598 702 tionem
2647 658 2964 702 mortuorum
3010 665 3110 701 non
3158 649 3306 702 esse?
3349 662 3463 716 quae
3514 648 3557 700 si
3609 663 3710 700 non
3760 656 3874 711 est,
3923 661 4018 696 me

2403 735 2633 794 Christus
2661 741 2954 794 resurrexit.
2985 740 3046 795 Si
3091 750 3257 794 autem
3293 738 3410 812 (I2)
3437 740 3668 793 Christus
3709 756 3810 791 non
3841 755 4018 791 resur-

2404 832 2532 885 rexit
2562 830 2702 902 (I5),
2729 832 2896 885 inanis
2910 841 2982 886 est
3009 832 3303 900 praedicatio
3329 841 3504 885 nostra
3533 829 3649 903 (14)
3668 849 3680 884 :
3697 831 4018 882 inveniemur

2405 927 2534 979 enim
2557 926 2674 997 (I5)
2703 927 2823 994 falsi
2853 936 3000 981 testes
3023 924 3240 995 Dei,qui
3272 926 3610 980 testimonium
3640 924 3862 978 diximus
3887 924 4010 994 (I6)

2406 1021 2540 1084 quod
2584 1020 2956 1074 resuscitaoerit
2995 1018 3286 1082 Christum,
3324 1033 3476 1090 quem
3517 1034 3619 1070 non
3662 1017 4013 1070 resuscitauit.

2411 1112 2546 1166 Nam
2576 1114 2619 1168 si
2652 1114 2838 1166 mortui
2867 1128 2966 1166 non
2993 1123 3284 1183 resurgunt,
3319 1128 3408 1165 nec
3434 1108 3670 1165 Christus
3697 1111 4012 1164 resurrexit.

2411 1201 2473 1260 Si
2500 1203 2733 1259 Christus
2764 1220 2864 1257 aoa
2891 1205 3166 1258 resurrexit
3191 1244 3204 1266 ,
3236 1217 3366 1256 uana
3397 1212 3469 1254 est
3497 1203 3624 1269 ﬁdes
3654 1211 3818 1254 reslra
3842 1215 3860 1262 ;
3888 1200 4016 1270 quia

2411 1299 2574 1352 adhuc
2615 1299 2667 1351 ia
2709 1297 2904 1351 delictis
2933 1297 3108 1351 vestris
3137 1296 3255 1350 estis
3283 1311 3302 1350 :
3336 1305 3383 1349 et
3421 1296 3507 1365 qui
3553 1295 3605 1347 in
3643 1292 3850 1347 Christo
3886 1294 4015 1345 dor—

2412 1392 2659 1456 mierunt,
2707 1391 2979 1460 perierunt.
3025 1389 3128 1444 Per
3173 1388 3289 1442 haec
3335 1388 3420 1443 cui
3471 1401 3569 1442 nos
3616 1386 3694 1440 rei
3722 1385 4017 1441 credenda:

2413 1485 2623 1540 videtur
2638 1483 2950 1539 exstruere?
2973 1481 3395 1546 Resurrectioni,
3420 1481 3614 1549 inquis,
3647 1487 4017 1540 marmorum,

2413 1594 2531 1648 qum
2564 1576 2874 1646 negabatur.
2904 1573 3062 1630 Certe
3089 1573 3190 1628 sub
3211 1571 3468 1642 exemplo
3495 1571 3790 1626 Dominieze
3824 1584 4010 1623 resur-

2413 1669 2664 1725 rectionis
2690 1669 2874 1723 volens
2897 1683 3016 1722 cam
3043 1667 3226 1722 credi?
3251 1665 3430 1728 Certe,
3462 1665 3658 1734 inquis.
3688 1663 4010 1731 Exemplum

2415 1777 2578 1833 porro
2605 1777 2670 1815 cx
2701 1760 3018 1814 diversitate
3044 1801 3060 1824 ,
3099 1773 3165 1812 an
3205 1772 3273 1812 ex
3324 1756 3590 1825 parilitate
3627 1754 4019 1823 componitur?

721 1844 880 1898 modo
911 1846 1093 1908 vivam,
1128 1849 1169 1900 si
1219 1849 1450 1917 peritura
1505 1851 1664 1903 sunt?
1689 1851 1958 1920 quomodo
1987 1861 2233 1915 sanctam,
2265 1853 2310 1907 si
2341 1854 2387 1912 B
2416 1853 2926 1922 Utique,inqnis,ex
2954 1848 3240 1920 parilitate.
3260 1845 3545 1916 Quomodo
3565 1857 3742 1899 autem
3764 1842 4020 1898 Christus

722 1938 994 2008 prophana
1035 1942 1192 1994 sunt?
1221 1942 1490 2010 quomodo
1540 1942 1824 2012 placibilem
1860 1945 1962 2016 (6),
1989 1945 2031 1998 si
2058 1945 2306 1998 damnata

722 2031 882 2085 sunt?
916 2032 1028 2101 Age
1075 2034 1207 2101 jam,
1237 2033 1378 2102 quod
1405 2033 1472 2088 ad
1497 2034 2004 2091 Thessalonicenses
2034 2036 2113 2109 (7)
2143 2036 2308 2108 ipsius

722 2123 850 2178 soli.~
883 2125 1031 2178 radio
1058 2134 1236 2193 putem
1264 2128 1551 2195 scriptum,
1584 2129 1651 2182 ita
1680 2128 1875 2194 claret,
1907 2129 2138 2199 qualiter
2166 2130 2308 2182 acci-

723 2216 871 2284 pient
917 2216 1160 2287 lucifugae
1203 2219 1288 2275 isti
1318 2219 1754 2288 Scripturarum?
1803 2220 1925 2292 Ipse
1965 2235 2131 2275 autem
2175 2221 2310 2274 Deus

725 2310 868 2376 pacis
916 2311 1196 2378 sanctiﬁcet
1239 2328 1322 2366 ros
1387 2324 1538 2367 totos.
1589 2314 1702 2368 Non
1750 2315 1967 2377 sufﬁcit,
2001 2317 2093 2370 sed
2125 2317 2201 2388 (8)
2231 2333 2310 2371 se-

728 2399 912 2467 quitur
938 2417 950 2452 :
985 2398 1052 2454 Et
1073 2402 1320 2472 integrant
1351 2420 1534 2473 corpus
1565 2417 1801 2465 vestrum.
1834 2417 1880 2460 et
1907 2411 2097 2472 anima,
2130 2419 2175 2461 et
2203 2410 2311 2479 spi-

725 2490 854 2542 ritas
898 2492 1007 2545 sine
1045 2495 1251 2561 querela
1292 2506 1647 2549 conseruentur
1689 2499 1740 2550 in
1771 2501 2041 2566 pra’seatia
2085 2499 2309 2555 Domini.

729 2587 904 2641 Ilahes
924 2603 1135 2642 omnem
1159 2588 1511 2643 substantiam
1539 2591 1768 2644 hominis
1788 2593 1947 2646 saluti
1971 2592 2312 2653 destinatam.

728 2695 828 2733 nec
858 2681 961 2733 alio
991 2689 1230 2751 tempore
1255 2697 1412 2752 quam
1435 2683 1487 2738 in
1511 2684 1740 2738 adventu
1772 2685 1976 2740 Domini
2033 2688 2124 2758 qui
2154 2687 2317 2743 clavis

729 2781 812 2825 est
837 2772 1267 2828 resurrectionis.

1268 2866 1495 2922 CAPUT
1538 2867 1762 2923 XLVIII.

802 2955 906 3011 Sed
933 2974 1073 3023 caro,
1110 2959 1282 3029 inquis
1309 3001 1321 3022 ,
1356 2970 1402 3013 et
1431 2966 1638 3032 sanguis
1663 2979 1874 3033 regnum
1904 2962 1999 3017 Dei
2027 2965 2322 3019 [hereditate

735 3050 992 3118 possidere
1016 3068 1116 3105 non
1153 3063 1381 3122 possunt.
1421 3052 1631 3108 Scimus
1658 3054 1761 3109 hoc
1789 3070 2000 3125 quoquc
2030 3058 2321 3126 scriptum;

735 3142 827 3196 sed
857 3143 923 3197 de
953 3142 1206 3198 industria
1234 3144 1534 3200 distulimus
1557 3146 1849 3218 Imeusqnc,
1875 3150 2106 3220 ut,qnod
2135 3152 2326 3206 adver—

2413 1946 2747 2002 resnrrexit?
2775 1947 2825 1999 in
2849 1959 3034 2008 carne,
3055 1941 3271 1997 annon?
3296 1940 3412 1994 sine
3434 1938 3620 1999 dubio,
3645 1937 3692 1992 si
3720 1946 4016 1996 mortuum,

2412 2043 2455 2094 si
2505 2039 2772 2110 sepultum
2821 2037 2976 2092 audis
3024 2034 3317 2091 secundum
3365 2032 3694 2100 Scripturas,
3730 2044 3840 2082 non
3887 2028 4024 2081 alias

2413 2151 2571 2205 quam
2605 2134 2655 2187 in
2684 2147 2868 2192 carne,
2894 2146 3044 2199 :eque
3070 2128 3445 2183 resuscitatum
3469 2126 3519 2178 in
3548 2138 3713 2177 carne
3737 2119 4020 2176 concedis.

2416 2227 2591 2298 Ipsum
2621 2228 2764 2281 enim
2792 2223 2934 2294 quod
2964 2222 3162 2277 cecidit
3191 2222 3242 2273 in
3283 2227 3456 2273 morte
3499 2216 3638 2286 (l7),
3684 2214 3826 2284 quod
3855 2213 4028 2282 jacuit

2417 2323 2469 2374 in
2503 2319 2773 2388 sepultura
2793 2359 2806 2380 ,
2840 2315 2941 2369 hoc
2971 2323 3026 2369 et
3055 2311 3384 2374 resurrexit,
3411 2323 3518 2363 non
3555 2319 3660 2361 tam
3685 2304 3940 2361 Christus
3972 2302 4026 2355 in

2417 2427 2604 2473 carne,
2633 2424 2793 2478 quam
2817 2420 2944 2461 caro
2975 2406 3025 2460 in
3053 2401 3291 2459 Christo.
3329 2399 3512 2470 Igitur,
3538 2399 3581 2452 si
3612 2395 3680 2451 ad
3712 2394 4027 2464 exemplum

2419 2503 2615 2560 Christi
2641 2513 2984 2570 resurgemus
3003 2538 3017 2562 ,
3038 2497 3128 2565 qui
3157 2493 3455 2550 resurrexit
3477 2492 3530 2546 in
3552 2504 3747 2551 carne.
3768 2487 3882 2558 jam
3919 2501 4030 2540 non

2421 2598 2484 2651 ad
2515 2595 2818 2663 exemplum
2850 2589 3049 2646 Christi
3078 2600 3444 2656 resurgemus,
3474 2584 3519 2636 si
3555 2596 3659 2636 non
3693 2580 3747 2634 in
3777 2592 3946 2632 carne
3978 2585 4034 2629 et

2422 2697 2475 2743 et
2516 2687 2614 2756 ipsi
2643 2696 2986 2754 resnrgemus
3011 2697 3024 2746 ;
3053 2679 3172 2748 quia
3209 2694 3298 2748 per
3334 2676 3609 2738 hominem,
3638 2673 3830 2741 inquit,
3863 2685 4031 2734 mors,

2424 2789 2469 2834 et
2497 2796 2585 2847 per
2612 2777 2865 2831 hominem
2891 2772 3191 2828 resurrectio
3211 2785 3230 2824 :
3253 2779 3306 2822 ut
3329 2776 3602 2838 separaret
3642 2765 3758 2836 (I8)
3807 2763 4035 2832 quidem

2425 2881 2706 2934 auctores,
2758 2867 2948 2922 mortis
2997 2863 3202 2928 Adam,
3256 2862 3528 2916 Christum
3573 2856 4034 2918 resurrectionis;

2426 2964 2665 3034 ejusdem
2708 2968 2885 3015 antem
2934 2957 3286 3012 constitueret
3320 2953 3634 3008 substantiae
3670 2948 4038 3004 rcsurrecﬁo-

2430 3070 2572 3117 nem,
2601 3055 2755 3120 cujus
2778 3059 2834 3105 et
2863 3059 3112 3113 mortem,
3145 3061 3241 3116 per
3271 3046 3508 3114 ipsorum
3535 3051 3809 3096 auctorum
3843 3041 3892 3093 in
3931 3054 4038 3093 no-

2430 3149 2574 3202 mine
2605 3145 2832 3199 hominis
2861 3142 3335 3212 rornparatiouem.
3356 3136 3413 3192 Si
3438 3137 3604 3199 enim,
3628 3136 3766 3188 sicut
3789 3135 3841 3187 in
3859 3135 4040 3188 Adam

736 3235 862 3287 sarii
903 3235 953 3287 in
1003 3235 1169 3302 prima
1199 3237 1376 3289 statim
1408 3242 1522 3292 acie
1548 3240 1866 3304 obstruunt,
1901 3242 1951 3294 in
1983 3241 2163 3295 ultima
2191 3260 2324 3296 eon-
2353 3240 2397 3302 C
2432 3252 2620 3291 (nones
2661 3234 2992 3294 moriuntur,
3043 3232 3112 3284 ita
3153 3237 3207 3283 et
3239 3229 3290 3282 in
3343 3226 3558 3283 Christo
3603 3239 3793 3279 omnes
3856 3223 4042 3276 viviﬁ-

739 3328 1016 3395 gressionc
1056 3337 1558 3397 prosterneremus,
1607 3332 1857 3386 omnibus
1902 3335 2285 3402 qumstionibns
2310 3377 2324 3401 ,

739 3422 886 3489 quasi
915 3421 1127 3475 auxiliis
1153 3422 1287 3492 ejus,
1307 3431 1431 3477 ante
1459 3423 1822 3492 dejectis.Scd
1853 3436 1906 3481 et
1934 3443 2074 3482 nunc
2101 3443 2328 3496 οχςιιορο

743 3520 854 3564 teut
882 3509 958 3582 (9)
983 3513 1333 3580 pra-cedentia
1363 3515 1694 3583 recognosci.
1721 3524 1778 3569 ιιι
1800 3525 1855 3570 et
1881 3518 2002 3572 huic
2029 3520 2208 3573 sensui
2237 3536 2329 3574 sua

743 3603 892 3671 origo
921 3605 1247 3672 pra-jmlicet.
1265 3603 1612 3675 (l0)0pinor,
1638 3607 1946 3676 Apostolus,
1978 3609 2050 3681 (ὁ)
2078 3612 2332 3680 disposita

745 3693 810 3747 ad
853 3695 1162 3749 Corinthios
1197 3697 1341 3749 omni
1369 3697 1715 3753 distinctione.
1753 3700 2130 3756 ecclesiastirze
2158 3703 2336 3757 disci—

748 3787 940 3855 plinae,
984 3803 1246 3841 sunnnam
1289 3798 1344 3843 et
1374 3790 1454 3843 sni
1490 3791 1759 3862 Evangelii
1800 3803 1854 3847 et
1893 3793 2013 3848 ﬁdei
2045 3795 2254 3850 illorum
2285 3797 2334 3849 in

750 3877 1041 3936 Dominicis
1096 3881 1286 3935 tnorlis
1342 3893 1394 3936 et
1455 3886 1865 3940 resurrectionis
1927 3885 2337 3943 demandatione

750 3971 1114 4036 coneluscrat;
1153 3972 1226 4045 (c)
1275 3984 1407 4029 utet
1434 3984 1634 4030 nostra:
1673 3979 1786 4047 spei
1830 3980 2063 4049 regulam
2094 3982 2216 4036 inde
2243 3981 2339 4037 de-

749 4063 987 4128 duceret,
1018 4064 1159 4121 nnde
1180 4075 1468 4122 constaret.
1496 4066 1676 4139 Itaque
1700 4069 1914 4140 subjicit
1941 4070 1984 4143 (Ι
2006 4071 2150 4139 Cor.,
2198 4072 2337 4145 XV):

2433 3332 2714 3394 cabnntur;
2749 3343 2908 3382 carne
2960 3323 3365 3379 viviﬁcabuntur
3405 3320 3458 3374 in
3500 3317 3731 3384 Christo,
3792 3317 3937 3370 sicut
3989 3317 4045 3370 in

2435 3427 2604 3482 Adam
2621 3438 2780 3479 carne
2799 3422 2914 3495 (I9)
2932 3420 3247 3474 moriuntur.
3268 3414 3642 3485 Unusquisque
3661 3420 3838 3467 autem
3868 3410 3924 3464 in
3941 3423 4050 3464 suo

2436 3519 2646 3583 ordine,
2670 3515 2878 3570 scilicet
2904 3514 3025 3582 quia
3056 3521 3111 3566 et
3138 3511 3188 3564 in
3219 3525 3319 3564 suo
3344 3521 3591 3576 corpore.
3613 3504 3758 3560 Ordo
3770 3504 3919 3559 enim
3935 3517 4049 3556 non

2438 3597 2603 3672 aliud,
2635 3621 2795 3676 quam
2832 3608 3143 3659 meritorum
3165 3600 3454 3670 diSpositor
3485 3597 3617 3666 (20).
3643 3595 3828 3651 Merita
3860 3607 4051 3648 autem

2440 3718 2559 3756 cum
2582 3699 2791 3769 corpori
2810 3712 3024 3766 quoque
3045 3695 3440 3756 adscribantnr,
3465 3690 3600 3745 ordo
3616 3703 3828 3759 quoque
3843 3701 4051 3756 corpo-

2443 3810 2559 3850 rum
2589 3793 2906 3862 disponatur
2933 3802 3152 3844 necesse
3167 3797 3268 3852 est,
3288 3784 3532 3855 utpossit
3558 3795 3678 3836 esse
3702 3777 4053 3834 meritorum.

2442 3889 2498 3944 Si
2533 3896 2708 3942 autem
2748 3896 2799 3940 et
2834 3883 3170 3954 baptizantnr
3210 3879 3427 3950 quidam
3471 3873 3590 3950 (21)
3641 3888 3739 3945 pro
3790 3871 4053 3936 mortuis,

2445 3980 2743 4036 videbimus
2772 3993 2837 4031 an
2885 3977 3119 4038 ratione;
3163 3981 3310 4028 certe
3353 3970 3440 4024 illa
3485 3965 3903 4039 praesumptione
3951 3961 4061 4016 hoc

2448 4087 2543 4128 eos
2583 4070 2881 4126 instituisse
2931 4063 3202 4122 contendit
3235 4061 3383 4133 (Ξῖ),
3412 4073 3515 4131 qua
3551 4057 3643 4112 alii
3675 4054 3840 4112 etiam
3873 4052 4058 4119 carni,

1978 4187 2355 4247 LECTIONES
2393 4185 2800 4245 VABIANTES.

816 4296 888 4422 ll)
921 4296 1344 4361 Superahundavit
1368 4299 1518 4351 Rhea.
1546 4302 1697 4351 Seml.

816 4361 867 4422 (Ξ
923 4360 1203 4422 Aliuudahit
1227 4364 1367 4411 Pam.
1397 4363 1549 4412 Fran.

816 4360 888 4417 (Ξ)
923 4360 1203 4410 Aliuudahit
1227 4364 1367 4411 Pam.
1397 4363 1549 4412 Fran.

839 4419 890 4480 3)
926 4421 1032 4472 Ιει-ἱι
1054 4419 1204 4472 Rhea.
1231 4421 1364 4473 Seml

924 4483 1306 4560 Ἧιτιπιςιιιὶξιινειξῇἑ
1326 4484 1479 4560 Rhea.

818 4546 885 4608 (Si)
927 4546 1220 4595 Plaeabilem
1250 4546 1396 4598 Rhea.
1423 4547 1571 4599 Seml.

817 4607 892 4670 (6)
929 4608 1185 4670 Placahilia
1208 4609 1358 4660 Rhea.
1384 4611 1536 4660 Seml.

819 4669 891 4732 (7)
932 4669 994 4719 Ut
1016 4669 1297 4732 adtl.rPam.
1325 4675 1446 4721 Par.
1473 4674 1627 4722 Fraa.

826 4731 893 4794 1⁸)
929 4734 1062 4790 Quod
1089 4731 1239 4786 Rhea.
1268 4732 1421 4784 Seml.

846 4795 892 4859 9)
917 4794 1182 4859 -Ειιριξιιιιιι
1203 4794 1352 4859 Rhea.
1380 4794 1533 4847 Seml.

858 4857 928 4910 l0}
971 4857 1035 4906 Ut
1057 4857 1202 4908 inser.
1231 4857 1381 4909 Rhea.
1408 4860 1559 4910 Seml.

855 4917 931 4971 III
967 4917 1321 4970 Resurrexerit
1346 4919 1496 4971 Rhea.
1517 4921 1666 4970 Seml.

861 4981 911 5027 l2
967 4983 1143 5030 Autem
1166 4982 1298 5032 abest
1321 4996 1351 5031 α
1371 4981 1516 5033 Rhea.
1541 4983 1688 5033 Seml.

861 4987 934 5104 l5)
967 5042 1319 5095 Resurrexerit
1344 5044 1488 5095 Rhea.
1514 5043 1664 5097 Seml.

858 5042 934 5097 l5)
967 5042 1319 5095 Resurrexerit
1344 5044 1488 5095 Rhea.
1514 5043 1664 5097 Seml.

2371 4614 2424 4673 D

2539 4299 2613 4360 Il)
2652 4298 2818 4348 Vacua
2843 4303 2922 4346 est
2940 4301 2993 4344 et
3008 4293 3130 4343 ﬁdes
3142 4287 3447 4360 gestragdd.
3468 4288 3612 4337 Pam.

2537 4353 2615 4422 15)
2649 4361 2928 4410 Invenimur
2945 4365 3111 4422 autem
3136 4357 3278 4422 Parit.
3305 4353 3459 4422 ξἰςωι.

2539 4405 2616 4486 Ili)
2650 4405 2932 4473 iiiis—vilius
2953 4405 3105 4472 Rhea.
3131 4414 3282 4468 Seml.
3307 4414 3556 4463 Adversus
3575 4408 3736 4460 Deum
3757 4405 3880 4458 add.
3909 4406 4067 4456 Pam.

2449 4495 2601 4537 Frtm.

2543 4549 2621 4597 I7)
2655 4545 2865 4595 Mortem
2886 4547 3028 4594 Pam.
3057 4542 3211 4591 Fran.

2543 4549 2596 4597 I7
2655 4549 2865 4595 Mortem
2886 4549 3028 4594 Pam.
3057 4549 3211 4591 I-‘ran.

2542 4549 2621 4673 18)
2654 4598 3372 4673 Separet_Pam.Rhen.Seml.

2544 4670 2626 4733 19⁷)
2661 4670 2846 4733 Omnes
2864 4671 3018 4719 Fraa.
3076 4731 3082 4733 _
3283 4726 3311 4733 __
3432 4725 3459 4733 η
3847 4717 3875 4733 ..

2797 4717 2947 4797 Ennii
2965 4731 3250 4797 meritorum
3265 4725 3606 4797 dispositorum
3623 4717 4076 4797 nequiue‘difpopc-

2457 4780 2686 4846 ωἶὼάί
2705 4780 2853 4863 rati.
2879 4805 2968 4857 pro
2992 4780 3357 4855 dispositorum'
3386 4782 3640 4851 legendum
3671 4780 3943 4844 dispositor
3987 4780 4076 4828 ho-

2459 4872 2566 4921 rum
2589 4865 2752 4921 censet
2768 4860 2878 4921 Rig.

2525 4919 2629 4978 (2|)
2663 4915 2871 4977 Qnidein
2898 4915 3049 4978 Rhea.

2528 4921 2596 4978 (2|
2663 4921 2871 4977 Qnidem
2898 4921 3049 4968 Rhea.

2528 4921 2632 5047 (22)
2667 4980 2923 5031 Portendit
2943 4977 3094 5031 Rhea.
3121 4975 3274 5028 Seml.

2514 4550 2539 4796 ξ

2136 5146 2693 5206 COMMENTARIUS.

774 5277 826 5320 et
857 5268 943 5329 53.
976 5283 1072 5338 pro
1095 5271 1322 5336 victoria,
1355 5272 1499 5342 quod
1527 5271 1687 5326 habet
1713 5271 1998 5341 angatus,
2029 5270 2360 5326 substituens

776 5344 1044 5403 contentio,
1075 5357 1196 5397 nam
1223 5343 1276 5396 in
1300 5343 1614 5412 quihusdam
1636 5345 1825 5412 graecis
1849 5343 2023 5412 posuit
2048 5353 2190 5406 vim,
2220 5357 2359 5408 esse,

777 5411 887 5484 sive
913 5423 1040 5479 νίκη,
1072 5412 1121 5467 id
1145 5423 1243 5480 est,
1273 5411 1514 5478 uictoria;
1544 5415 1593 5467 in
1617 5411 1731 5467 aliis
1751 5411 1896 5476 νεῖκιις
1921 5414 1970 5466 id
1989 5425 2091 5474 est.
2111 5415 2360 5484 jurgium,

778 5481 1070 5548 altercatio,
1103 5487 1249 5549 rixa,
1279 5485 1392 5541 sive
1419 5489 1558 5548 δίκη,
1588 5484 1638 5538 id
1666 5495 1777 5547 est,
1811 5485 2024 5554 forensis
2052 5481 2226 5546 causa,
2249 5486 2360 5554 jus,

781 5555 1049 5625 sententia,
1080 5564 1128 5607 et
1160 5572 1306 5625 plena
1329 5573 1347 5610 :
1386 5572 1487 5611 Vox
1519 5556 1770 5610 nimirum
1801 5564 1884 5610 est
1920 5555 2164 5625 forensis.
2194 5555 2322 5625 Lac.

856 5621 931 5693 (a)
973 5623 1124 5695 Quod
1160 5621 1308 5694 periit
1336 5627 1529 5681 salvum
1557 5627 1763 5695 faciens.
1798 5626 1993 5681 Ezeeh.
2023 5623 2264 5688 XXXIV,
2288 5627 2367 5679 sic

786 5703 907 5768 cst:
954 5694 1101 5759 Quod
1145 5697 1360 5765 perierat
1407 5694 1690 5768 requiram,
1741 5708 1786 5751 et
1826 5698 1961 5765 quod
1987 5697 2236 5765 abiectum
2262 5706 2368 5768 erat

791 5765 1051 5839 reducant,
1083 5764 1288 5838 etquod
1314 5764 1627 5836 confractum
1658 5764 1846 5837 fuerat,
1890 5764 2132 5839 alligato,
2163 5776 2209 5820 et
2235 5764 2371 5839 quod

793 5835 1052 5904 inﬁrmum
1077 5835 1269 5908 fuerat,
1305 5835 1667 5905 consolidabo,‘
1703 5851 1750 5895 et
1777 5839 1912 5910 quod
1943 5835 2127 5911 pingue
2162 5847 2212 5892 et
2241 5837 2370 5908 forte

2465 5271 2790 5340 custodiam.
2829 5268 2960 5340 LM}.
3227 5335 3279 5340 __
3408 5333 3420 5340 _
3571 5331 3584 5340 .
3619 5329 3652 5340 ..
3715 5328 3727 5340 .
4074 5330 4084 5340 .

2537 5341 2690 5398 CAP.
2725 5337 2956 5410 XLVIII.
2991 5368 3060 5378 —
3089 5336 3173 5410 (h)
3215 5333 3474 5410 Disposila
3515 5331 3584 5410 ad
3612 5327 3900 5410 Corinthios
3935 5330 4084 5410 enim

2469 5413 2793 5468 distinctione
2860 5398 3230 5464 Ecclesiasticte
3282 5398 3487 5478 discipl.
3529 5401 3704 5478 Fecit
3737 5398 3787 5478 id
3832 5402 4080 5478 capitib.

2471 5483 2715 5538 anteced.
2737 5525 2751 5547 ,
2782 5497 2900 5548 cap.
2941 5479 3030 5534 XV
3058 5521 3071 5543 ,
3127 5469 3638 5551 cuimodo'insistit
3661 5469 4083 5551 Tertullianus:

2477 5555 2630 5621 plura
2657 5540 2798 5608 enim
2826 5540 3146 5606 documenta
3170 5549 3236 5603 ad
3263 5544 3693 5602 Ecclesiastieam
3722 5540 4084 5610 disciplinam

2471 5624 2670 5680 Paulus
2700 5623 2940 5680 dederat.
2973 5622 3104 5676 Lac.

2546 5694 2620 5758 lc)
2667 5694 2733 5748 Ut
2763 5704 2809 5748 et
2845 5702 3031 5748 nostra
3056 5692 3162 5758 spei
3187 5689 3413 5761 regulam
3449 5686 3567 5761 inde
3590 5683 3861 5761 deduceret
3883 5723 3900 5742 ,
3942 5683 4087 5761 unde

2479 5753 2754 5820 constaret.
2789 5766 2835 5820 A
2863 5753 3263 5819 resurrectione
3279 5758 3477 5815 Christi
3517 5755 3757 5813 deduxit,
3792 5767 3924 5807 cum
3963 5753 4090 5808 inde

2479 5845 2769 5893 constaret.
2817 5836 3068 5892 Dedimus
3107 5834 3174 5891 ad
3218 5846 3337 5903 cap.
3374 5832 3422 5899 I,
3452 5831 3516 5885 de
3542 5843 3694 5882 carae
3716 5823 3913 5880 Christi
3950 5839 4093 5881 nou-
