4250 6494
190 437 300 495 865

1235 424 1440 481 LIBER
1516 422 1603 479 DE
1643 414 2217 478 BESURBECTIONE
2256 413 2521 471 CARNIS.

3376 404 3483 465 866

190 565 247 609 ut
275 553 357 626 (t)
393 550 646 608 vicarium
700 546 960 617 baptisma
1009 542 1088 616 (n)
1142 541 1477 613 profuturum
1512 539 1781 594 existima-
1813 542 1863 601 Α
1890 535 2157 590 cernitur:
2210 530 2433 602 proinde
2476 538 2531 585 et
2569 528 2656 600 qui
2693 528 2943 585 cmlestcs
2984 525 3277 583 secundum
3312 526 3480 589 illum,

191 656 318 703 rent
359 645 425 701 ad
464 658 613 714 spem
655 637 1096 702 resurrectionis;
1147 649 1267 707 qu:e
1314 634 1411 688 nisi
1456 631 1784 703 corporalis,

192 754 302 794 non
333 738 467 793 alias
523 735 609 789 hie
654 732 735 805 (2)
791 731 1110 800 baptismate
1135 725 1401 797 corporali
1434 725 1783 794 obligaretur.

195 831 336 899 Quid
386 841 435 885 et
488 828 567 900 (3)
597 829 733 898 ipsos
777 823 1045 894 baptizari,
1074 822 1169 887 ait,
1196 822 1237 875 si
1269 836 1371 874 non
1394 834 1507 888 qua:
1528 817 1790 887 baptizan-

194 937 280 979 tur
317 939 533 992 corpora
576 916 883 990 resurgunt?
929 915 1120 970 Anima
1151 912 1325 977 enim,
1359 925 1463 965 non
1498 908 1786 973 laratione,

191 1018 290 1073 sed
326 1013 675 1086 responsione
705 1010 963 1066 sancitur.
1011 1006 1148 1072 Quid
1178 1016 1225 1059 et
1262 1021 1383 1069 nos,
1418 1004 1616 1073 inquit,
1654 1002 1790 1056 omni

193 1112 323 1163 liora
339 1104 720 1169 periclitamur?
738 1101 933 1172 Illique
955 1114 1047 1170 per
1064 1113 1299 1154 carnem.
1324 1094 1561 1163 Quotidie
1579 1094 1787 1157 morior,

194 1204 380 1270 utique
413 1197 665 1270 periculis
698 1194 907 1257 carnis,
945 1207 1041 1264 per
1079 1204 1240 1261 quam
1279 1199 1333 1243 et
1369 1184 1692 1257 depugnavit
1723 1183 1790 1237 ad

197 1296 396 1352 bestias
438 1289 676 1363 Ephesi;
728 1288 848 1343 illas
896 1284 1103 1341 scilicet
1149 1282 1247 1353 (b)
1300 1281 1497 1335 bestias
1543 1276 1791 1333 Asiatica:

195 1400 485 1457 presserat,
525 1381 594 1437 de
628 1394 732 1451 qua
773 1379 826 1433 ιη
870 1374 1105 1433 secunda
1135 1373 1201 1429 ad
1232 1371 1487 1429 eosdem:
1533 1369 1791 1423 Nolumus

191 1478 330 1532 enim
376 1492 462 1530 eos
499 1475 766 1544 ignorare,
818 1471 1031 1540 fratres,
1073 1466 1136 1519 de
1169 1479 1407 1535 pressura
1443 1472 1617 1516 nostra
1654 1460 1792 1529 apud

193 1571 394 1633 Asiam,
416 1566 552 1636 quod
572 1580 877 1636 superquam
929 1558 1287 1630 supragraeati
1329 1556 1408 1623 (4)
1461 1571 1636 1609 sumus
1664 1556 1793 1607 citra

193 1663 346 1727 vires,
379 1660 451 1713 uti
477 1658 541 1712 de
566 1657 666 1712 vita
696 1656 1062 1709 Itwsitoremus.
1097 1650 1285 1705 Otnnia
1317 1647 1451 1712 hare,
1486 1646 1585 1701 nisi
1615 1645 1789 1707 fallor,

191 1770 259 1809 eo
286 1759 587 1814 enumerat,
612 1758 688 1811 nt,
720 1747 908 1801 nolens
937 1758 1128 1798 vanam
1155 1740 1300 1796 credi
1321 1740 1500 1794 carnis
1519 1737 1793 1793 conﬂicta-

192 1848 417 1909 tionem,
451 1841 745 1897 indubitate
777 1839 904 1893 velit
930 1836 1076 1893 credi
1107 1836 1285 1891 carnis
1313 1833 1788 1890 resurrectionem.

1893 641 1997 682 non
2035 626 2102 680 de
2143 622 2439 680 substantia
2485 621 2732 691 presenti
2756 662 2770 685 ,
2814 618 2909 675 sed
2939 617 3007 674 de
3037 618 3214 673 futura
3240 618 3484 673 claritate

1891 720 2138 776 cmlestes
2166 718 2433 788 prcedicati
2466 716 2866 785 intelligntttttr;
2900 714 3020 783 quia
3050 722 3107 767 et
3132 723 3308 777 retro,
3346 711 3487 765 unde

1892 812 2162 868 distinctio
2184 811 2284 865 ista
2307 809 2540 864 manavit
2559 807 2626 862 de
2644 806 2915 876 dignitatis
2932 804 3254 869 dill‘erentia,
3269 819 3325 856 os
3356 817 3484 858 casa

1893 915 1970 959 est
1999 903 2101 957 alia
2124 901 2585 972 Stipercmlestium
2616 900 2806 970 gloria,
2830 899 2930 953 alia
2958 907 3482 968 superterrcnorutn,

1893 1007 1941 1050 et
1967 996 2070 1049 alia
2104 995 2269 1057 solis,
2302 994 2406 1048 alia
2436 993 2591 1059 lnam,
2623 992 2725 1047 alia
2754 992 3067 1055 Stellarum;
3098 991 3218 1061 quia
3249 999 3302 1043 et
3332 990 3485 1045 stella

1893 1103 1920 1140 a
1958 1086 2110 1141 stella
2152 1085 2328 1141 differt
2369 1086 2422 1139 in
2465 1085 2670 1154 gloria,
2719 1099 2825 1138 non
2866 1090 3042 1137 tamen
3078 1080 3131 1136 in
3167 1080 3483 1137 substantia.

1898 1177 2163 1247 Denique,
2216 1175 2487 1246 pra-missa
2537 1174 2833 1230 ditlerentizt
2883 1172 3156 1243 dignitatis
3201 1173 3251 1225 in
3298 1170 3487 1227 eadem

1893 1269 2185 1324 substantia
2212 1277 2266 1323 et
2289 1282 2431 1322 nunc
2452 1266 2718 1322 sectanda:
2738 1278 2792 1321 et
2821 1275 2944 1319 tum:
2966 1263 3330 1335 capessendas,
3364 1263 3487 1318 sub-

1889 1363 2064 1434 juttgit
2091 1362 2254 1419 etiam
2285 1360 2713 1417 exhortationem
2733 1400 2746 1423 ,
2778 1368 2835 1414 ttt
2863 1370 2917 1414 et
2948 1358 3034 1413 hic
3063 1358 3300 1413 habitum
3333 1355 3492 1412 Chri-

1894 1458 1961 1514 sti
1989 1467 2258 1513 sectemur
2293 1471 2356 1510 ex
2397 1453 2709 1524 disciplina,
2758 1464 2811 1508 et
2844 1451 2953 1507 illic
2993 1452 3256 1523 iaSIigium
3293 1466 3487 1507 conse-

1894 1564 2122 1618 quamur
2150 1562 2213 1602 ex
2245 1546 2447 1616 gloria:
2481 1545 2630 1602 Sicut
2660 1545 2971 1613 portavimus
3001 1544 3271 1612 imaginem
3302 1543 3488 1609 choici,

1898 1651 2153 1709 portemus
2201 1641 2352 1693 etiam
2394 1640 2666 1709 imaginem
2710 1637 3098 1707 snper‘rwlestis.
3155 1637 3491 1692 l’ortaritntts

1896 1736 2036 1787 enim
2070 1732 2353 1801 imaginem
2382 1730 2553 1785 choici
2588 1746 2681 1799 per
2707 1730 2991 1800 collegium
3022 1729 3486 1799 transgressionis,

1899 1838 1991 1891 per
2019 1822 2346 1876 consortium
2394 1822 2615 1889 mortis,
2660 1836 2753 1890 per
2794 1822 3010 1875 exilium
3057 1820 3307 1889 paradisi.
3357 1820 3489 1876 Nam

194 1938 344 1993 Vana
371 1936 513 1991 enim
552 1931 798 1988 habenda
826 1938 908 1986 est
932 1927 1257 1984 conﬂictatio
1282 1926 1399 1997 ejus
1419 1967 1434 1990 ,
1465 1925 1617 1993 cujus
1647 1924 1790 1978 nulla
1823 1931 1868 1990 Β
1897 1916 1995 1971 etsi
2046 1915 2125 1986 (9)
2174 1917 2225 1969 itt
2265 1930 2425 1969 carne
2475 1914 2559 1968 hic
2607 1925 2848 1984 portatur
2874 1914 2990 1984 (l0)
3021 1916 3192 1982 imago
3222 1914 3371 1976 Athe,
3397 1914 3491 1969 sed

191 2031 298 2085 erit
334 2026 676 2083 resurrectio.
724 2023 830 2079 Sed
870 2020 1000 2075 dicet
1036 2020 1186 2089 quis:
1228 2017 1491 2083 Quomodo
1532 2024 1794 2086 resurgant

194 2120 424 2174 mortui?
459 2134 556 2186 quo
594 2124 760 2169 autem
798 2128 1007 2182 corpore
1033 2109 1270 2164 venient?
1307 2107 1425 2163 iam
1454 2106 1541 2162 hic
1566 2105 1632 2160 de
1658 2120 1794 2175 qna-

195 2212 437 2267 litatibus
464 2223 748 2278 corporum
777 2203 1022 2268 disserit;
1072 2218 1138 2256 an
1167 2200 1355 2256 eadem
1400 2199 1544 2269 ipsa,
1586 2216 1653 2253 an
1695 2198 1794 2254 alia

196 2310 560 2359 resttntantur.
615 2298 720 2354 Sed
773 2311 894 2352 cum
954 2293 1219 2365 ejusmodi
1264 2292 1490 2362 quaestio
1534 2291 1798 2360 posterior

197 2396 485 2459 habeatur,
510 2391 740 2447 sufﬁciet
768 2389 978 2444 interim
1004 2402 1068 2443 ex
1099 2385 1200 2440 hoc
1225 2398 1439 2455 quoque
1464 2383 1796 2453 corporalem

191 2486 411 2543 deliniri
444 2482 929 2542 resurrectionem,
978 2494 1097 2533 cum
1133 2476 1199 2532 de
1240 2476 1505 2545 qualitate,
1530 2490 1798 2544 corporum

193 2580 464 2650 qnwritur.

779 2666 1007 2725 CAPUT
1045 2664 1230 2721 XLIX.

279 2766 506 2821 \‘entttm
545 2774 626 2820 est
665 2778 807 2818 nunc
829 2761 895 2816 ad
925 2774 1142 2816 carnem
1183 2766 1238 2813 et
1272 2756 1587 2828 sanguinem
1614 2770 1799 2811 revera

200 2861 371 2917 totius
426 2856 767 2929 qna'stionis,
826 2868 960 2925 quas
986 2852 1068 2924 (ὃ)
1109 2852 1462 2914 substantias,
1494 2849 1635 2917 quali
1665 2864 1800 2902 con-

199 2953 407 3008 ditione
436 2946 864 3006 esttrercdavcrit
890 2944 1181 3014 Apostolus
1210 2958 1238 2995 a
1270 2942 1361 2996 Dei
1403 2955 1602 3009 regno;
1648 2951 1800 3007 aeque

197 3046 272 3099 de
295 3040 735 3097 antecedentibus
759 3037 968 3092 diSCere
995 3044 1097 3089 est.
1139 3032 1377 3099 Primus,
1412 3032 1609 3101 inquit,
1648 3030 1799 3083 homo

198 3140 267 3190 de
298 3146 435 3189 terra
463 3133 665 3186 cltoicus
683 3172 696 3193 ,
722 3129 772 3184 id
802 3138 883 3185 est
908 3127 1172 3191 limacius,
1203 3126 1255 3179 id
1285 3134 1366 3178 cst
1394 3123 1563 3179 Adam
1583 3138 1597 3187 ;
1621 3137 1800 3175 serun-

198 3230 301 3282 dus
328 3229 479 3281 homo
508 3226 570 3280 de
598 3222 748 3289 cwio,
781 3221 831 3276 id
858 3230 945 3277 est
971 3235 1149 3275 sermo
1176 3218 1301 3283 Dei,
1335 3216 1384 3271 id
1417 3226 1500 3270 est
1520 3213 1795 3275 Christus;

1900 2024 2006 2063 ttott
2037 2022 2254 2062 carnem
2296 2021 2575 2060 monemur
2638 2020 2908 2076 exponere
2945 2006 3084 2076 (ll).
3126 2004 3180 2061 Si
3231 2022 3334 2059 ttott
3376 2022 3493 2060 car-

1902 2115 2057 2164 item,
2105 2114 2233 2169 ergo
2272 2098 2769 2160 conversationem,
2814 2108 2870 2154 ut
2907 2098 3131 2169 proinde
3165 2109 3220 2154 et
3258 2100 3493 2155 coilestis

1903 2193 2186 2263 imaginem
2209 2202 2480 2261 gestemus
2510 2191 2561 2245 itt
2586 2191 2772 2254 nobis;
2804 2206 2909 2246 non
2961 2192 3069 2262 jam
3113 2192 3197 2247 dei
3228 2192 3361 2263 (I2),
3398 2208 3496 2248 nec

1898 2285 2007 2355 jam
2041 2286 2089 2337 itt
2120 2282 2256 2338 coelo
2278 2282 2551 2337 constituti
2580 2297 2593 2346 ;
2623 2282 2716 2337 sed
2740 2281 2809 2353 (r)
2840 2282 3129 2337 secundum
3186 2284 3495 2339 Linamenta

1903 2376 2099 2434 Christi
2129 2374 2436 2430 incedentes
2466 2376 2519 2429 itt
2558 2375 2841 2430 sanctitate
2863 2417 2878 2442 ,
2911 2386 2965 2430 et
2990 2375 3193 2446 jnstitia
3214 2418 3228 2442 ,
3270 2386 3323 2432 et
3351 2377 3493 2431 reri-

1905 2480 2033 2525 tate.
2062 2468 2238 2538 Atque
2266 2468 2399 2523 adeo
2424 2466 2489 2522 ad
2520 2468 2853 2537 disciplinam
2885 2478 3054 2523 totum
3082 2469 3185 2526 hoc
3210 2471 3410 2541 dirigit,
3438 2483 3498 2527 ut

1906 2562 1993 2618 hic
2022 2562 2164 2617 dicat
2204 2560 2519 2632 portandam
2564 2562 2847 2632 imaginem
2875 2562 3071 2618 Christi
3104 2564 3155 2619 itt
3186 2564 3283 2620 ista
3309 2582 3492 2633 carne,

1904 2668 1959 2712 et
1984 2657 2035 2711 itt
2065 2657 2167 2712 isto
2191 2664 2430 2725 tempore
2456 2654 2771 2724 disciplinae.
2801 2653 3070 2710 Portemus
3096 2657 3237 2711 enim
3261 2672 3496 2729 praecep-

1906 2750 2014 2805 tit'o
2037 2749 2219 2813 modo,
2246 2749 2449 2813 dicens,
2486 2748 2609 2804 huic
2638 2750 2863 2818 tempori
2894 2748 3148 2819 loquitur,
3181 2751 3230 2804 in
3258 2768 3361 2821 quo
3395 2752 3494 2807 Ito-

1908 2858 1996 2897 mo
2023 2843 2162 2896 nulla
2190 2842 2289 2896 alia
2321 2841 2613 2895 substantia
2642 2851 2745 2907 est,
2770 2857 2927 2911 qnatn
2950 2857 3076 2898 caro
3097 2854 3144 2898 et
3170 2843 3346 2897 anima
3370 2859 3383 2908 ;
3406 2855 3499 2901 ant

1904 2935 1948 2989 si
1980 2933 2275 3004 (l5)qttam
2331 2933 2521 2997 aliam,
2567 2932 2618 2988 id
2665 2942 2783 2998 est,
2828 2934 3103 2989 emlestettt
3144 2935 3496 2992 suhStantiam

1906 3024 2017 3079 lucc
2045 3025 2178 3078 lides
2199 3018 2426 3093 Spectat,
2462 3022 2583 3079 huic
2615 3033 2790 3079 tamen
2820 3027 3141 3095 repromissa
3169 3027 3277 3096 sit,
3311 3028 3395 3082 cui
3430 3028 3498 3083 ad

1906 3115 2047 3170 illam
2071 3116 2350 3171 elaborare
2380 3115 2681 3171 mandatur.
2732 3116 2865 3171 Cum
2912 3117 3074 3189 igitur
3119 3120 3401 3190 imaginem
3443 3130 3500 3177 et

1903 3207 2074 3264 choici
2106 3220 2161 3263 et
2194 3209 2430 3264 cwlestis
2461 3209 2512 3263 itt
2547 3210 2956 3265 conversatione
2992 3213 3312 3276 constituat,
3353 3213 3497 3269 illam

201 3336 313 3376 non
341 3320 474 3373 alias
496 3326 669 3373 tamen
694 3314 874 3377 homo,
910 3314 1035 3368 licet
1056 3312 1124 3367 de
1144 3314 1302 3373 casto,
1334 3308 1435 3363 nisi
1464 3308 1585 3377 quia
1608 3316 1662 3361 et
1685 3307 1797 3375 ipse
1823 3322 1867 3384 ρ
1903 3302 2210 3372 ejerandam
2238 3300 2384 3372 (li),
2433 3300 2570 3357 hanc
2596 3318 2721 3357 vero
2764 3303 3107 3368 sectandam;
3168 3303 3364 3361 dehinc
3402 3305 3500 3361 ad-

196 3429 332 3468 earo
376 3422 535 3481 atque
584 3409 789 3473 anima,
829 3404 970 3476 quod
1016 3404 1211 3467 homo,
1254 3400 1393 3471 quod
1426 3400 1630 3461 Adam;
1673 3412 1795 3451 nam

198 3515 257 3561 et
301 3502 384 3576 (6)
421 3517 579 3572 supra
627 3498 951 3555 novissimus
989 3494 1159 3551 Adam
1191 3492 1367 3548 dictus
1405 3490 1508 3563 (ἶ),
1563 3490 1630 3545 de
1670 3505 1798 3544 con-

197 3598 375 3652 sortio
408 3592 719 3649 substantia:
756 3590 1137 3646 comntetcium
1176 3587 1408 3642 nominis
1440 3585 1632 3649 traxit;
1675 3583 1797 3654 quia

197 3705 304 3745 nec
333 3687 502 3743 Adam
530 3700 595 3741 ex
626 3684 831 3740 semine
864 3696 1021 3745 caro,
1061 3679 1201 3750 quod
1234 3686 1289 3733 et
1316 3676 1576 3732 Christus.
1618 3676 1799 3741 Qualis

194 3800 325 3855 ergo
361 3782 596 3848 cltoicns,
635 3779 760 3832 tales
797 3788 845 3832 et
879 3775 1040 3829 choici
1059 3791 1077 3839 ;
1114 3773 1278 3844 qualis
1306 3770 1516 3826 aricstis
1537 3810 1551 3832 ,
1590 3768 1715 3821 tuies
1748 3778 1796 3820 et

196 3878 447 3933 cwiestes.
479 3869 788 3929 Substantia
819 3867 996 3924 tales?
1041 3881 1107 3921 an
1147 3866 1320 3936 primo
1346 3863 1623 3934 disciplina
1643 3904 1657 3926 ,
1697 3860 1794 3915 de-

199 3972 331 4024 hinc
351 3978 405 4023 et
424 3966 700 4037 dignitate,
724 3978 882 4032 quam
908 3970 962 4016 ct
982 3958 1259 4029 disciplina
1280 3956 1548 4027 captavit?
1578 3954 1792 4025 Atquin,

196 4058 501 4118 substantia
526 4056 672 4112 nullo
693 4054 853 4110 modo
881 4053 1272 4124 separabantur
1300 4050 1469 4105 cltoici
1497 4058 1655 4119 atque
1684 4061 1797 4103 cte-

196 4154 397 4217 lestcs,
424 4148 590 4205 semel
629 4149 697 4202 ab
723 4146 985 4216 Apostolo
1014 4144 1259 4199 homines
1288 4142 1438 4197 dicti.
1488 4140 1542 4195 Si
1574 4141 1716 4195 enint
1746 4148 1800 4194 et

194 4246 449 4303 Christus
486 4242 633 4296 solus
672 4254 797 4295 vere
825 4236 1097 4301 calestis,
1138 4236 1246 4289 into
1286 4245 1339 4289 et
1378 4231 1795 4303 sttpercmlesds,

200 4337 369 4392 homo
397 4345 593 4395 tamen,
627 4343 727 4399 qna
766 4325 844 4399 (8)
888 4342 1015 4383 caro
1066 4334 1229 4395 atque
1282 4323 1492 4388 anima,
1537 4323 1703 4376 nihilo
1733 4336 1795 4374 es

199 4432 303 4484 ista
343 4423 758 4481 substantiarmn
787 4419 1095 4475 conditione
1124 4433 1154 4471 a
1194 4418 1377 4472 cboica
1406 4416 1659 4486 qualitate
1691 4412 1801 4468 dis-

1897 3395 2082 3465 jttttgat
2130 3392 2242 3465 (l5)
2288 3412 2299 3446 :
2343 3392 2455 3447 lloc
2511 3394 2643 3447 enim
2703 3395 2838 3460 dico,
2907 3395 2956 3450 id
3015 3406 3118 3462 est,
3186 3407 3403 3469 preplct‘
3435 3414 3499 3455 ea

1901 3502 2018 3557 qua:
2034 3484 2148 3556 (16)
2166 3500 2324 3554 supra
2340 3486 2446 3539 dixi
2462 3486 3038 3557 (coniunctioestenim
3063 3504 3253 3545 sensus
3282 3493 3497 3562 supple-

1903 3590 2140 3633 mentum
2170 3580 2610 3635 antecedentibus
2638 3581 2924 3653 reddens),
2964 3584 3100 3654 quod
3133 3600 3252 3639 caro
3292 3596 3339 3639 et
3378 3604 3497 3642 sun-

1900 3673 2014 3741 gnis
2041 3687 2251 3741 regnum
2282 3671 2377 3725 Dei
2407 3673 2695 3726 Iucreditati
2725 3674 2981 3742 possidere
3009 3691 3109 3730 non
3142 3688 3389 3746 possunt;
3418 3681 3499 3734 tti-

1904 3762 1974 3816 ltil
1997 3762 2137 3816 aliud
2167 3763 2386 3830 intelligi
2418 3764 2635 3817 mandat
2663 3765 2776 3834 (l7)
2820 3781 3036 3821 carnem
3062 3777 3117 3822 et
3160 3772 3498 3840 sanguinem,

1902 3870 2060 3923 quant
2088 3853 2444 3923 supradictam
2475 3854 2757 3926 imaginent
2789 3855 3000 3913 cltoici:
3032 3874 3153 3929 qtue
3197 3861 3242 3914 si
3284 3862 3333 3915 itt
3371 3881 3497 3919 cott-

1905 3945 2204 4001 tersatione
2235 3956 2486 4000 censetur
2512 3946 2812 4009 vetustatis.
2843 3951 3181 4007 conversatio
3207 3963 3383 4006 autem
3410 3970 3499 4009 vc-

1904 4039 2113 4093 tttstatis
2139 4054 2243 4093 non
2272 4039 2415 4108 capit
2468 4038 2581 4109 (l8)
2629 4040 2716 4095 Dei
2746 4055 2997 4110 regnum,
3034 4042 3254 4113 proinde
3279 4059 3405 4099 caro
3445 4056 3501 4102 et

1903 4133 2153 4203 sanguis,
2184 4145 2289 4186 non
2322 4131 2584 4201 capiendo
2616 4130 2704 4186 Dei
2736 4148 2989 4202 regnum,
3033 4135 3098 4188 ad
3126 4140 3496 4193 ctntversatio-

1906 4242 2025 4280 nem
2056 4225 2366 4293 rediguntur
2397 4224 2677 4275 vetustatis
2726 4223 2866 4295 (l9).
2923 4224 3121 4292 Plane,
3156 4227 3197 4281 si
3227 4243 3497 4299 nunquam

1906 4315 2190 4385 Apostolus
2218 4327 2313 4383 pro
2340 4314 2591 4383 operibus
2631 4312 2978 4371 substantiam
3017 4308 3225 4387 posuit,
3270 4336 3368 4374 nec
3412 4322 3498 4379 hic

1906 4411 1974 4474 ita
2004 4418 2199 4464 utatur.
2236 4408 2292 4460 Si
2325 4420 2451 4460 vero
2489 4406 2541 4459 itt
2572 4420 2734 4461 carne
2755 4407 2927 4464 adhuc
2954 4410 3289 4478 constitutos,
3329 4429 3493 4485 nega-

1420 4528 1804 4586 LECTIONES
1841 4520 2258 4579 νΑιιιΑΝτεδ.

294 4636 343 4699 1)
377 4635 443 4686 Et
462 4631 593 4683 abest
613 4644 644 4680 α
664 4633 806 4680 Pam.
830 4636 941 4678 Par.
969 4628 1121 4677 Fran.

264 4638 343 4758 ἓξ)
377 4697 575 4748 Nonnisi
596 4693 714 4743 alias
736 4690 1068 4758 Itlten.__Semi.
1102 4705 1121 4741 t‘

1966 4620 2069 4679 (I0)
2102 4617 2183 4666 Sic
2209 4622 2402 4679 putatur
2425 4614 2577 4667 Ithcn.
2602 4616 2749 4666 Seml.

377 4674 1199 4760 lion-tiisialiasviiiteitLSemi.‘tuon
1222 4687 1341 4738 alias
1360 4689 1432 4738 sic
1458 4690 1595 4739 Pam.
1633 4682 1795 4738 Puris.
1824 4674 1877 4733 Ι)
2103 4674 2299 4760 ’νριιξνς
2328 4682 2466 4760 Ριιιιι.
2494 4682 2622 4760 qu.‘
2645 4681 2796 4760 ‘i'rau.

201 4755 362 4813 Fr'm't.
386 4773 479 4811 non
505 4758 626 4805 alias
649 4758 696 4805 in
722 4755 830 4804 cod.
866 4755 1051 4805 Wouw.

288 4822 345 4882 5)
379 4823 471 4882 Qui
497 4816 648 4871 Rhea.
674 4815 824 4882 Sinni.

300 4875 343 4946 1)
377 4875 733 4946 Supergrarati
744 4875 855 4946 alii.

288 4942 341 5058 si
374 4942 862 5058 aesaes

264 5011 340 5074 (ὁ)
374 5011 476 5060 Etsi
498 5011 649 5058 Rhea.
675 5011 821 5055 Serui.

264 5075 317 5138 (7
376 5071 523 5121 Dicet
544 5065 693 5121 Rlieu.
721 5063 870 5117 Seml.

268 5139 321 5198 (8
376 5134 530 5193 Quam
553 5130 702 5182 Rhea.
730 5128 865 5179 Semi

265 5201 322 5261 (9
376 5195 429 5245 Si
454 5201 507 5247 et
529 5197 670 5245 Pam.
695 5194 817 5242 Par.

321 4822 345 5072 ἔ

268 5128 342 5198 (8)
376 5134 530 5198 Quam
541 5128 882 5198 iii/ten._Semi.

265 5194 339 5263 (9)
376 5195 429 5245 Si
454 5201 507 5247 et
529 5197 670 5245 Pam.
695 5194 817 5242 Par.

1998 4738 2068 4803 l2)
2103 4743 2169 4791 Dii
2194 4738 2519 4804 fortunatius.
2552 4742 2677 4791 Edd.

1994 4799 2069 4865 13)
2104 4799 2202 4854 Aut
2218 4809 2263 4854 et
2285 4805 2323 4852 si
2349 4799 2490 4865 Itltcn.
2519 4804 2667 4853 Serui.

1996 4863 2070 4929 14)
2106 4866 2380 4929 Οιξι-ωιιίιίιιιι
2405 4863 2556 4929 illten.
2579 4864 2727 4916 Santi.

1998 4927 2069 4991 13)
2105 4927 2335 4990 Adjungit
2358 4927 2505 4991 IUtcit.
2530 4928 2677 4979 Serui.

1997 4988 2069 5052 l6)
2106 4988 2225 5050 Qua:
2244 4988 2397 5051 iiquae
2418 4988 2569 5041 llltcu.

1999 5056 2070 5116 l7)
2109 5053 2499 5116 Mattdant‘Pmn.
2537 5055 2659 5116 Par.
2688 5055 2839 5105 Frau.

1998 5112 2070 5176 l8)
2106 5116 2273 5176 Cupiat
2295 5112 2448 5166 Itlten.
2469 5112 2620 5164 Seml.

1968 5175 2070 5243 ([9)
2107 5175 2341 5226 Veritatis
2363 5175 2508 5227 ttlten.
2526 5176 2674 5229 Serui.

1569 5259 2125 5321 COMMENTARIUS.

199 5398 348 5457 nulla
369 5439 383 5464 ,
421 5403 482 5451 ut
517 5392 679 5449 robur
715 5384 1113 5464 consequentia:
1146 5381 1256 5438 divi
1286 5380 1432 5438 Pauli
1458 5393 1487 5431 a
1519 5392 1791 5435 resurrec-

197 5455 349 5527 tione
366 5455 566 5521 Christi
591 5455 983 5518 ostcnderetur.
1012 5455 1143 5511 Lac.

377 5518 650 5593 Vibium
686 5531 957 5599 baptisma.
1001 5528 1090 5583 Sic
1119 5523 1369 5579 vicariam
1401 5530 1625 5578 mortem
1655 5518 1790 5575 dixit

274 5633 279 5665 ι
323 5624 404 5665 tus
435 5606 664 5663 Daciam.
686 5601 781 5658 19.
813 5600 932 5656 th.
1591 5662 1603 5665 Α
1712 5661 1721 5665 Α

198 5600 404 5668 Fabius
435 5606 664 5663 Datum.
686 5601 781 5658 19.
813 5600 932 5656 th.

276 5661 613 5754 ('beestias.
634 5665 1296 5754 asiaticaeﬁpressurw.hAn
1340 5679 1434 5754 per
1465 5665 1559 5718 has
1591 5661 1788 5754 bestias

198 5737 464 5821 itttélligat
502 5747 825 5821 seditionem.
857 5737 1053 5821 Ephesi
1103 5754 1133 5793 a
1175 5737 1444 5821 Demetrio
1484 5737 1788 5821 argentario

198 5804 547 5884 concitatam,
579 5831 681 5871 uno
710 5814 861 5868 facile
889 5804 1153 5873 dicerem;
1181 5823 1311 5884 pace
1335 5815 1510 5884 tamen
1531 5804 1784 5860 eruditio-

197 5878 322 5951 rum
356 5878 628 5946 hominum
659 5886 926 5946 dixerim;
972 5898 1091 5935 nam
1135 5878 1255 5933 etim
1300 5878 1483 5951 bestiis
1523 5891 1785 5951 pugnasse

199 5946 408 6023 certum
436 5972 551 6028 est;
579 5958 670 6016 sed
696 5970 867 6029 pugna
893 5953 980 6010 illa
1011 5952 1205 6022 Ephesi
1231 5949 1448 6020 contigit
1478 5956 1597 6018 post
1620 5946 1791 6018 scrip.

1898 5372 2316 5454 tam‘epistpjam
2348 5372 2517 5454 hanc,‘
2537 5388 2696 5454 quam
2728 5374 2944 5454 scripsit
2972 5375 3190 5448 Ephesi.
3217 5380 3291 5437 Li;
3326 5382 3419 5441 l‘tt.

2353 5475 2420 5484 -—
2453 5444 2524 5513 (ι’)
2552 5446 2845 5527 Secundum
2876 5444 3170 5503 liniamenta
3197 5451 3384 5509 Christi
3413 5458 3492 5514 in-

1892 5517 2136 5597 cedentes.
2174 5516 2446 5597 ltttitatttes
2500 5519 2995 5597 cottversatiottem,
3037 5537 3193 5585 quant
3248 5525 3492 5586 (Iltrtsttts

1890 5588 2056 5659 gessit
2072 5588 2121 5640 in
2140 5602 2321 5659 carne.
2349 5587 2648 5642 Bernartius
2670 5590 2884 5642 scrm.in
2911 5577 3171 5657 psit/(XC.
3192 5593 3338 5648 Unde

1889 5657 2381 5743 cet-agnoscendus
2429 5674 2537 5743 prae
2580 5660 2788 5743 caeteris
2829 5660 3110 5743 Christus,
3166 5672 3448 5726 Sanctitate

1912 5715 2111 5801 ustitia,
2144 5730 2387 5783 veritate.
2428 5715 2546 5791 Sic,
2589 5731 2722 5783 liht'o
2767 5715 2830 5784 ad
2875 5715 3194 5787 Marciotiem

1938 5802 1982 5856 ei
2016 5800 2213 5881 habere
2242 5801 2416 5880 anima
2445 5800 2667 5881 dicitur,
2693 5817 2791 5881 qua
2829 5803 3168 5868 itttmortalis,
3193 5800 3292 5873 qua
3325 5810 3493 5869 libera

1890 5885 1935 5927 et
1970 5874 2048 5926 sui
2083 5872 2306 5950 arbitrii,
2331 5887 2428 5943 qua
2462 5873 2677 5943 praescia
2735 5873 3064 5945 plerumque,
3097 5872 3261 5945 capax
3288 5878 3491 5940 iulcﬂc.

1888 5956 2005 6001 ctus
2027 5954 2078 6001 et
2100 5946 2359 5998 SClCltltJf.
3130 5946 3247 6004 th.
