4250 6494
746 365 848 426 867

2180 365 2637 423 TERTULLIANI

742 490 819 546 vit
841 505 962 547 esse
983 487 1035 545 in
1057 502 1236 556 carne,
1267 486 1318 544 iii
1342 484 1593 558 oneribus
1617 485 1796 543 carnis
1823 499 2022 559 negans
2047 502 2186 551 esse,
2220 486 2325 543 for-
2351 487 2404 549 Α
2427 484 2619 542 Merito
2652 485 2788 554 sola,
2833 494 2889 543 et
2916 500 3014 558 per
3048 485 3334 559 semetipsa
3364 502 3378 552 ;
3414 492 3472 544 ut
3517 486 3832 547 ostenderet
3855 488 4043 547 adhuc

742 599 884 639 mam
912 582 1029 653 ejus
1053 582 1315 637 subruere
1341 597 1445 637 non
1473 582 1667 645 debes,
1699 597 1802 635 non
1829 581 2174 636 substantiam
2194 625 2206 646 ,
2232 581 2327 637 sed

741 689 903 745 Opera
928 674 1239 729 substantia:
1261 674 1543 728 alicnautis
1564 690 1593 727 a
1619 674 1709 728 Dei
1733 688 1918 743 regno.
1943 674 2145 741 Quibus
2166 675 2326 727 etiam

740 767 806 825 ad
837 767 1052 823 Galatas
1082 767 1461 833 manifestans,
1508 766 1797 836 praedicere
1838 781 1897 819 se
1932 776 1984 819 et
2022 766 2329 834 praedixisse

742 863 1023 933 proﬁtetur
1046 860 1187 933 (Gal.
1214 858 1300 933 Υ),
1326 861 1464 929 quod
1493 863 1575 931 qui
1605 861 1729 914 talia
1778 871 1933 931 agunt
1975 858 2075 932 (l),
2121 878 2330 932 regnum

742 954 839 1009 Dei
868 970 969 1008 non
1006 964 1135 1009 sunt
1166 952 1243 1026 (2)
1279 954 1588 1007 ltwrc‘didate
1637 954 1956 1007 consecuturi
1978 996 1992 1019 ,
2044 970 2147 1007 non
2205 970 2328 1024 por-

2432 579 2677 649 Spiritum
2708 579 2811 633 illis
2841 580 3200 635 necessarium
3233 581 3493 650 :Spiritus
3519 583 3661 636 enim
3698 584 3886 651 estqui
3911 583 4044 636 eiei-

2433 672 2551 740 ﬁcat
2584 674 2634 727 in
2663 688 2882 739 regnum
2915 674 3025 737 Dei,
3053 689 3171 727 caro
3209 674 3337 727 nihil
3380 675 3603 743 prodest.
3636 674 3907 730 Prodesse
3958 686 4044 728 ta-

2437 780 2556 816 men
2600 763 2674 817 illi
2722 762 2801 834 (8)
2850 765 2993 818 aliud
3023 773 3223 834 potest,
3273 765 3321 818 id
3344 776 3427 820 es1
3448 765 3681 835 spiritus,
3716 775 3770 821 et
3806 781 3900 836 per
3926 765 4044 835 spi-

2434 855 2617 917 ritum,
2665 870 2827 923 opera
2872 870 3087 925 quoque
3127 855 3367 924 Spiritus.
3394 856 3698 926 Resurgunt
3744 858 3925 927 itaque
3972 870 4042 911 ex

2436 965 2589 1019 atquo
2622 948 2699 1020 (9)
2724 948 2899 1003 onmis
2919 964 3045 1003 caro
3074 958 3129 1003 et
3153 950 3371 1019 sanguis
3397 951 3447 1004 in
3476 949 3737 1018 qualitate
3779 963 3897 1003 sua.
3924 948 4043 1005 Sed

742 1053 918 1101 tantes
973 1046 1180 1102 scilicet
1244 1047 1528 1115 imaginem
1574 1047 1848 1107 coelesus,
1894 1046 2031 1100 sicut
2086 1056 2330 1113 portare.

744 1136 1165 1210 runt(3)choici,
1203 1136 1426 1206 ideoque
1456 1154 1519 1192 ex
1546 1148 1725 1192 vetere
1747 1138 2174 1202 conversatione,
2205 1137 2333 1191 nihil

745 1233 889 1288 aliud
919 1232 1202 1301 deputandi
1253 1230 1353 1305 (4)⁹
1404 1247 1562 1303 quam
1606 1248 1733 1287 caro
1778 1241 1833 1287 et
1856 1232 2090 1301 sanguis.
2125 1231 2253 1285 Nam
2282 1240 2337 1286 et

747 1326 791 1381 si
835 1324 1012 1379 subito
1055 1324 1106 1378 in
1146 1324 1282 1377 hanc
1324 1322 1690 1377 deﬁnitionem
1719 1324 1986 1393 erupisset
2025 1324 2332 1394 Apostolus,

746 1417 1125 1475 elitninandam
1156 1432 1375 1473 carnem
1404 1427 1457 1471 et
1485 1418 1796 1487 sanguinem
1827 1434 1854 1469 a
1881 1417 1971 1471 Dei
2004 1432 2188 1487 regno,
2220 1416 2336 1470 sine

746 1512 906 1566 ullius
935 1525 1091 1579 supra
1127 1524 1319 1565 sensus
1360 1508 1786 1578 przestructiooe,
1822 1523 1996 1562 nonne
2039 1509 2173 1561 duas
2209 1508 2338 1562 istas

747 1604 1070 1657 substantias
1112 1601 1335 1672 proinde
1378 1602 1650 1655 hominem
1682 1610 1913 1655 veterem
1960 1602 2338 1669 interpretare-

2435 1057 2660 1111 quorum
2688 1052 2768 1097 est
2789 1042 2903 1115 (l0)
2930 1042 3077 1097 adire
3098 1058 3317 1111 regnum
3344 1042 3457 1107 Dei,
3483 1043 3704 1097 induere
3732 1041 3849 1114 (11)
3876 1058 4049 1111 Opor-

2438 1134 2570 1188 tebit
2608 1132 2714 1188 vim
2756 1134 3276 1206 incorruptibilitatis
3321 1146 3375 1190 ct
3425 1136 3865 1198 immortalitatis,
3916 1136 4047 1192 sine

2438 1243 2541 1295 qua
2569 1243 2788 1296 regnum
2821 1228 2913 1281 Dei
2943 1227 3092 1282 adire
3120 1243 3226 1281 non
3260 1238 3503 1296 possunt,
3530 1237 3817 1299 antequam
3847 1243 4050 1285 conse-

2438 1320 2526 1389 qui
2576 1335 2693 1374 eam
2739 1320 2961 1389 possint.
3017 1318 3205 1373 Merito
3265 1333 3394 1389 ergo
3428 1336 3554 1374 caro
3591 1329 3645 1375 et
3693 1322 3939 1391 sanguis,
3990 1329 4056 1375 ut

2440 1411 2694 1477 diximus,
2719 1414 2829 1466 sola
2852 1427 3072 1482 regnum
3110 1412 3201 1466 Dei
3228 1427 3422 1481 capere
3448 1412 3723 1467 delicium.
3760 1413 3879 1469 lam
3909 1428 4053 1468 vero

2440 1520 2561 1559 eum
2585 1505 2829 1559 ilevomri
2870 1506 3061 1559 habeat
3100 1506 3463 1573 corruptivum
3515 1507 3653 1560 istud
3696 1508 3764 1561 ab
3798 1507 4056 1561 incorru~

2444 1597 2749 1667 ptibilitate,
2783 1597 2833 1651 id
2862 1606 2946 1652 est
2971 1612 3119 1663 caro,
3145 1607 3202 1652 et
3226 1598 3451 1652 mortale
3472 1597 3635 1661 istud,
3663 1598 3732 1652 ab
3769 1600 4057 1654 immorta-

748 1711 868 1750 mur
900 1694 980 1767 (5)
1033 1696 1178 1749 carni
1229 1703 1283 1749 et
1323 1694 1563 1764 sanguini
1609 1693 1875 1755 deditum,
1911 1692 1961 1746 id
1991 1702 2104 1757 est,
2141 1694 2256 1747 esui
2286 1703 2340 1747 et
2444 1690 2614 1753 litate,
2649 1689 2699 1743 id
2731 1699 2836 1752 est,
2868 1690 3086 1759 sanguis
3115 1700 3231 1757 post
3263 1690 3712 1745 resurrectionem
3743 1706 3811 1746 ex
3854 1692 4061 1746 demus

748 1788 928 1856 poltti;
959 1786 1108 1856 cujus
1134 1786 1201 1840 sit
1228 1786 1407 1841 dicere
1428 1785 1684 1840 adversus
1706 1784 1863 1837 ﬁdem
1892 1784 2331 1838 resurrectionis:
2447 1784 2675 1846 latione;
2712 1782 2926 1845 merito,
2962 1796 3065 1835 non
3097 1781 3210 1852 (l2)
3240 1782 3511 1836 demutata
3545 1797 3607 1837 ae
3632 1783 3885 1839 devorata
3916 1798 4060 1839 caro

750 1879 1118 1933 Mumluccmus
1145 1889 1190 1932 et
1216 1878 1463 1941 bibamus,
1491 1893 1605 1931 cras
1636 1878 1767 1931 enim
1796 1877 2107 1930 moriemur?
2146 1877 2211 1931 Et
2240 1876 2339 1931 hoc
2369 1882 2416 1941 Β
2444 1882 2499 1928 et
2542 1873 2786 1943 sanguis,
2833 1888 3055 1943 regnum
3104 1873 3197 1927 Dei
3248 1873 3560 1929 limreditate
3605 1872 3724 1946 (15)
3768 1876 4062 1944 possidere

747 1972 891 2028 enim
924 1972 1206 2027 inlulciens
1238 1971 1527 2041 Apostolus
1550 2014 1563 2036 ,
1597 1985 1814 2025 Carnem
1846 1980 1896 2025 et
1929 1972 2238 2041 sanguinein
2269 1972 2337 2026 de
2444 1980 2550 2025 non
2582 1967 2695 2037 iH)
2739 1976 2982 2035 possunt,
3024 1981 3128 2021 non
3169 1974 3345 2021 tamen
3396 1965 3514 2039 (15)
3544 1969 3881 2023 resuscitata.
3910 1970 4065 2023 Sunt

747 2063 1008 2121 fructibus
1035 2065 1292 2134 ipsorum,
1323 2062 1678 2117 manducantli
1706 2072 1760 2117 et
1786 2064 2019 2131 bibendi,
2045 2064 2330 2133 sugillavit.
2450 2063 2533 2131 qui
2561 2077 2778 2116 carnem
2810 2073 2861 2116 et
2884 2063 3198 2132 sanguinem
3228 2060 3301 2133 (ε)
3323 2062 3659 2118 Judaismum
3686 2063 3851 2119 velint
3874 2065 4062 2136 accipi

1372 2153 1596 2209 CAPUT
1655 2154 1713 2209 L.
2452 2164 2667 2223 promer
2710 2156 3221 2220 eirrumcisionem,
3272 2156 3504 2209 alienum
3553 2165 3608 2209 et
3654 2156 3829 2226 ipsum
3869 2172 3898 2210 a
3956 2157 4064 2212 Dei

820 2248 925 2304 Sed
956 2256 1009 2303 et
1050 2246 1133 2319 (6)
1188 2246 1401 2302 omissis
1464 2246 1764 2314 huiusmodi
1811 2246 2334 2314 interpretationibus
2448 2263 2643 2317 regno;
2673 2249 2793 2317 quia
2825 2256 2879 2304 et
2922 2249 3012 2303 ille
3045 2249 3293 2302 vetustati
3331 2248 3637 2319 deputetur,
3669 2259 3726 2304 et
3752 2248 3854 2304 hoc
3893 2251 4069 2304 titulo

750 2342 928 2397 carnis
955 2351 1008 2396 et
1028 2342 1302 2412 sanguinis
1327 2357 1485 2410 opera
1513 2342 1839 2405 laxantibus,
1860 2338 1936 2409 (ιι)
1960 2341 2103 2409 ipsas
2130 2356 2341 2409 quoque
2441 2339 2550 2408 jam
2590 2349 2644 2394 et
2673 2340 2796 2393 alibi
2824 2340 2890 2392 ab
2921 2340 3178 2410 Apostolu
3206 2340 3512 2405 deuotetur,
3553 2341 3641 2409 qui
3684 2352 3800 2409 post
3841 2341 4064 2397 revela-

750 2434 1078 2490 substantias
1116 2474 1132 2499 ,
1198 2448 1304 2488 non
1370 2434 1525 2485 aliter
1575 2448 1732 2500 quam
1803 2441 1928 2484 sunt
1982 2432 2279 2485 intellectas
2323 2472 2338 2495 ,
2447 2441 2555 2487 tum
2599 2434 2648 2487 in
2696 2449 2755 2488 se
2799 2432 2991 2487 Filium
3035 2434 3150 2499 Dei,
3198 2433 3262 2488 ad
3308 2433 3783 2504 evangelizanduut
3827 2449 3958 2490 eum
4007 2434 4069 2491 in

750 2527 932 2582 licebit
989 2526 1361 2580 resurrectioni
1432 2523 1701 2577 vindicare
1735 2541 1748 2576 :
1811 2538 1916 2577 non
1970 2526 2114 2578 enim
2167 2540 2341 2578 resur—
2446 2527 2747 2580 nationibus
2771 2568 2785 2591 ,
2818 2528 2989 2581 statim
3024 2526 3092 2599 (ι’)
3121 2545 3221 2582 non
3248 2528 3475 2582 retulerit
3503 2528 3571 2580 ad
3609 2544 3814 2583 carnem
3856 2538 3903 2583 et
3936 2546 4073 2583 san—

749 2620 917 2674 rcctio
966 2618 1109 2671 carni
1158 2626 1213 2672 et
1258 2617 1499 2687 sanguini
1554 2615 1758 2670 directo
1820 2626 2041 2685 negatur
2094 2614 2195 2686 (7),
2247 2616 2341 2670 sed
2446 2618 2647 2687 guinem
2682 2616 2823 2687 (Gal.
2860 2618 2925 2685 l),
2959 2617 3010 2672 id
3044 2628 3128 2673 est
3163 2617 3228 2671 ad
3276 2619 3763 2683 circumcisionem,
3797 2620 3848 2674 id
3875 2632 3969 2676 est
3996 2620 4071 2675 ad

752 2710 847 2765 Dei
900 2724 1142 2779 regnum,
1187 2708 1326 2777 quod
1376 2708 1593 2763 obvenit
1636 2708 2050 2771 resurrectioni;
2084 2708 2149 2778 (b
2176 2710 2192 2774 )
2223 2708 2346 2778 (est
2447 2706 2805 2775 Judaismum,
2832 2709 2969 2764 sicut
2997 2710 3061 2763 ad
3091 2707 3308 2764 Galatas
3335 2709 3540 2765 scribit.

750 2812 929 2857 autem
957 2811 1011 2857 et
1036 2802 1086 2857 in
1108 2802 1365 2872 judicium
1407 2800 1787 2871 resurrectio);
1818 2802 1924 2854 imo
1958 2810 2011 2855 et
2059 2804 2344 2856 coulirma-
3066 2802 3294 2859 CAPUT
3332 2802 3418 2859 ιι.

754 2906 840 2949 tur
864 2894 1041 2949 carnis
1069 2895 1391 2949 resurrectio
1409 2892 1696 2963 generalis,
1717 2908 1836 2946 eum
1866 2893 2113 2960 specialis
2140 2894 2342 2964 excipi-
2519 2896 2623 2953 Sed
2654 2912 2753 2968 pro
2783 2897 3030 2951 omnibus
3048 2895 3159 2967 jam
3208 2896 3392 2962 stabit,
3434 2896 3575 2968 quod
3614 2898 3666 2953 in
3695 2896 3809 2969 (16)
3840 2897 4076 2954 clauso.

752 2998 860 3042 tur.
893 2988 1029 3042 Dum
1051 2988 1193 3042 enim
1217 2986 1269 3040 iu
1293 3002 1449 3055 quem
1475 2994 1668 3040 statum
1698 3002 1801 3039 non
1826 2998 2066 3056 resurgat
2095 2987 2341 3053 edicitur,
2451 2989 2557 3045 lam
2609 2991 3021 3055 rescrvavimus,
3072 2989 3232 3044 etiam
3269 3004 3366 3059 pro
3407 2988 3665 3059 Apostolo
3705 2990 3821 3060 ipso
3864 3007 4076 3046 revera

754 3079 980 3150 inqucm
999 3090 1238 3148 resurgat
1254 3077 1558 3132 subauditut
1576 3119 1589 3132 .
1606 3080 1779 3147 Atque
1795 3079 1862 3131 ita
1880 3078 2005 3132 dum
2028 3093 2123 3149 pro
2142 3081 2345 3133 meritis
2451 3083 2699 3135 maxima:
2728 3080 3197 3137 iueonsidcrantim
3222 3081 3574 3149 revinceudo,
3598 3082 3643 3136 si
3675 3090 3781 3135 tam
3804 3083 4071 3153 abrupte,

753 3171 1148 3228 distinctionem
1181 3170 1586 3225 resurrectionis
1608 3184 1742 3239 Opus
1772 3169 2102 3232 substantim,
2136 3186 2238 3223 non
2262 3185 2348 3241 ge.
2453 3186 2509 3228 ut
2532 3174 2745 3240 quidam
2775 3174 2979 3237 volunt,
3005 3174 3221 3239 clausis,
3246 3175 3387 3243 quod
3404 3173 3775 3237 aiunt,oculis,
3808 3174 3931 3229 sine
3960 3176 4081 3229 dis-

756 3282 875 3329 nus,
895 3262 1335 3336 patitur,apparet
1351 3264 1471 3317 hinc
1490 3278 1702 3332 quoque
1716 3276 1930 3315 carnem
1945 3263 2340 3332 etsanguinem,
2373 3267 2417 3329 C
2452 3266 2733 3332 tinctione,
2763 3266 2879 3320 sine
2922 3264 3253 3329 conditione,
3302 3281 3518 3319 onmem
3543 3266 3736 3336 passim
3764 3280 3995 3321 carnem
4020 3276 4079 3320 et

757 3357 973 3411 nomine
997 3354 1189 3423 culpm,
1214 3368 1317 3407 non
1364 3352 1696 3419 substantiae,
1729 3354 1899 3406 arceri
1945 3366 1975 3405 a
2013 3352 2103 3406 Dei
2154 3369 2348 3424 regno;
2453 3358 2767 3428 sanguinem
2796 3372 2824 3411 a
2846 3372 3009 3428 regno
3037 3357 3130 3412 Dei
3152 3357 3375 3413 extrusit
3398 3356 3537 3430 (l7),
3562 3359 3740 3428 utique
3767 3367 3824 3414 et
3851 3357 3924 3413 ab
3954 3358 4079 3429 ipsa

2456 3452 2600 3521 regia
2631 3452 2912 3515 cmlorum;
2955 3466 3075 3505 cum
3106 3450 3213 3505 illic
3237 3450 3415 3508 adhuc
3441 3451 3627 3507 sedeat
3648 3452 3802 3506 Jesus
3830 3452 3899 3506 ad
3933 3453 4080 3507 dex-

757 3554 865 3595 non
894 3546 1172 3608 resurgant
1210 3535 1262 3591 in
1291 3552 1533 3607 regnum.
1563 3534 1642 3606 (d)
1680 3534 1871 3590 Adhuc
1908 3535 2119 3590 dicam:
2148 3536 2278 3591 Caro
2308 3548 2355 3592 et
2458 3552 2625 3597 teram
2674 3542 2863 3605 Patris,
2914 3542 3096 3606 homo,
3136 3543 3235 3598 etsi
3279 3543 3452 3609 Deus;
3501 3543 3669 3599 Adam
3710 3544 4076 3605 novissimus.

757 3631 969 3703 sanguis
1010 3646 1220 3702 regnum
1261 3628 1353 3684 Dei
1395 3629 1691 3684 Itarrcditate
1712 3628 1970 3699 possidere
1996 3646 2096 3685 non
2122 3644 2351 3703 possunt.
2458 3634 2557 3688 etsi
2586 3632 2777 3688 Sermo
2806 3634 3124 3704 primarius;
3164 3648 3294 3690 caro
3335 3643 3391 3690 et
3438 3638 3677 3706 sanguis,
3724 3637 3825 3693 etsi
3861 3638 4079 3693 nostris

1988 3744 2278 3802 LECTION
2285 3747 2366 3804 ES
2407 3745 2816 3803 VABIANTES.

2527 3855 2548 3918 (
2557 3851 2630 3918 10)
2667 3855 2751 3906 Est
2773 3869 2867 3906 non
2889 3853 2997 3918 hab.
3024 3855 3178 3907 Riten.
3204 3857 3355 3908 Seml.

758 3449 975 3503 nomine
1002 3456 1177 3501 tamen
1198 3445 1381 3500 forma:
1423 3444 1494 3518 (c)
1523 3460 1801 3515 resurgere
1830 3445 1881 3498 iu
1907 3445 2198 3514 judicium,
2229 3449 2350 3517 quia

851 3858 898 3921 1)
934 3861 1095 3923 Agant
1112 3858 1271 3923 ,RIten.
1298 3858 1450 3923 Se_ml.

847 3915 900 3978 2)
932 3915 1041 3973 Sint
1061 3920 1211 3975 Men.
1238 3920 1387 3971 Seml.
2530 3915 2630 3978 (11)
2673 3918 2913 3968 lndueere
2936 3915 3086 3970 Elim.
3109 3917 3259 3969 Seml.

850 3979 901 4045 5)
938 3986 1257 4036 Portaverant
1280 3982 1422 4045 (then.
1447 3980 1600 4035 Seml.
2528 3981 2633 4045 (12)
2667 3980 2773 4045 Eon
2790 3982 2919 4031 abest
2941 3995 2971 4031 tt
2994 3979 3144 4045 Illum.
3168 3981 3318 4032 Seml.

850 3992 878 4036 5
938 3989 1257 4036 Portaverant
1280 3989 1422 4034 (then.
1447 3989 1600 4035 Senu.
2528 3989 2633 4045 112)
2668 3989 2773 4029 Non
2790 3989 2919 4031 abest
2941 3995 2971 4031 tt
2994 3989 3144 4032 ultori.
3168 3989 3318 4032 Semt.

827 3989 901 4163 (ι)
937 4047 1253 4097 Existimandi
1278 4044 1379 4097 alii.
2527 4031 2633 4163 (15)
2666 4040 3285 4115 Ηῖρνριιὶιειίιίἠεηιεωιι.
3320 4054 3434 4096 Ven.

852 4113 903 4163 ὅ)
942 4110 1324 4163 lnterpretamur
1350 4118 1496 4159 non.
1522 4109 1935 4163 interpretaretur
1958 4104 2110 4159 Biton.
2132 4106 2274 4158 semt.
2529 4104 2611 4163 (tt
2671 4106 2775 4153 Non
2793 4104 2925 4155 abest
2946 4118 2978 4155 a
2996 4108 3161 4157 Paris.

852 4104 903 4171 ὅ)
942 4110 1324 4171 Interpretamur
1350 4118 1496 4159 non.
1522 4109 1935 4171 interpretaretur
1958 4104 2110 4159 Biton.
2132 4106 2274 4158 semt.
2529 4104 2633 4171 (tt)
2664 4106 2775 4171 _N_on
2793 4104 2925 4171 abest
2946 4118 2978 4155 a
2996 4104 3161 4171 Puris.

849 4164 902 4223 Gl
942 4172 1000 4221 Et
1017 4164 1171 4221 omitt.
1200 4180 1347 4221 Fran.
1655 4164 1673 4171 ’
2529 4164 2635 4223 (15)
2664 4167 2770 4215 Νοη
2793 4166 2926 4218 abest
2950 4181 2981 4216 η
3004 4164 3155 4220 Rhesi.
3180 4165 3333 4220 Seml.

853 4226 903 4297 7)
939 4240 1219 4297 pianegatur
1237 4235 1381 4297 fam.
1409 4234 1563 4284 Fran.
2530 4226 2571 4297 (1
2581 4226 2632 4297 εἰ)
2668 4228 2721 4297 in
2739 4228 2891 4297 omitt.
2917 4226 3071 4297 Scott.

852 4288 903 4357 8')
940 4295 1040 4345 lllis
1062 4288 1203 4345 Pam.
1229 4295 1377 4357 than.
1538 4353 1548 4357 _
2384 4338 2436 4357 ﬁ
2530 4288 2627 4357 (l7)
2668 4290 2898 4341 Extruxit
2922 4288 3070 4343 ldtcn.

854 4338 904 4421 ᾗ)
940 4338 1387 4421 arcuisset:
1416 4353 1565 4408 Seml.
2382 4338 2438 4399 D

2083 4458 2643 4521 COMMENTARIUS.

842 4605 993 4664 C.»\P.
1036 4603 1097 4658 L.
1146 4598 1483 4674 (ale-Ipsus
1503 4613 1697 4674 quoque
1721 4596 2025 4674 substantias
2043 4639 2055 4658 ,
2088 4599 2364 4674 nonaliter

772 4695 925 4750 quam
954 4685 1069 4730 sunt
1112 4668 1410 4750 intellectas,
1434 4678 1536 4750 etc.
1564 4670 1682 4723 Alio
1708 4671 1919 4750 tramite
1939 4668 2362 4749 occurritlnrrc'

776 4739 929 4813 t'ieis,
962 4758 1017 4801 ut
1046 4745 1237 4817 probet
1264 4758 1327 4797 ex
1356 4757 1420 4794 eo
1448 4740 1567 4817 loco
1589 4741 1721 4817 ,qut
1752 4740 1819 4792 ab
1844 4739 1951 4817 illis
1981 4740 2029 4792 in
2060 4742 2230 4807 pretio
2259 4750 2363 4817 est,

777 4820 841 4875 ad
872 4810 1221 4873 refellendum
1252 4813 1657 4867 resurrectimiis
1678 4811 1907 4864 carnalis
1932 4821 2253 4873 assertores,
2285 4810 2368 4863 iti-

777 4891 849 4945 ltil
884 4887 1089 4951 evinci;
1121 4901 1240 4939 naut
1280 4883 1393 4938 etsi
1425 4898 1549 4935 caro
1577 4891 1631 4934 et
1659 4882 1871 4950 sanguis
1899 4881 2081 4933 stricte
2108 4890 2161 4934 et
2202 4882 2368 4951 rigido

2540 4600 2619 4674 (il)
2656 4602 2831 4676 Adhuc
2861 4603 3049 4676 dicam.
3081 4602 3379 4676 Lilieralins
3402 4607 3532 4676 agit,
3562 4616 3617 4662 et
3654 4604 3746 4663 dat
3770 4606 4079 4672 Inereticis.

2470 4690 2573 4725 nou
2606 4673 2777 4726 solum
2805 4675 3115 4741 .\|tt)$ltiltlltt
3140 4674 3279 4744 loqui
3303 4676 3368 4730 de
3391 4673 3517 4744 ipsis
3538 4680 3850 4733 substantiis
3876 4684 4082 4737 stricte

2470 4755 2685 4812 aeccpta
2718 4760 2847 4798 voce
2869 4744 3048 4798 Carnis
3082 4755 3128 4797 et
3172 4748 3457 4815 sanguinis;
3502 4749 3596 4806 sed
3634 4758 3690 4803 et
3730 4750 4084 4816 impossibile

2470 4828 2610 4880 esse,
2642 4831 2862 4885 regnum
2908 4816 2995 4870 Dei
3042 4816 3360 4873 haereditate
3388 4833 3603 4892 carnem
3646 4830 3701 4874 et
3726 4824 4081 4892 sanguinem.

3540 4890 3668 4945 Lac.

778 4977 807 5015 a
850 4960 1014 5015 Paulo
1052 4957 1451 5023 acciperentur,
1503 4965 1608 5006 nan
1651 4967 1746 5021 pro
1781 4952 2031 5020 operibus
2073 4954 2365 5006 carnalium

778 5033 1097 5093 hominum,
1130 5025 1471 5079 nihilominus
1499 5024 1711 5092 infringi
1741 5025 1923 5089 nequit
1953 5024 2370 5076 resurrectionis

779 5102 1075 5171 corporalis
1099 5098 1247 5171 title’s.
1267 5095 1354 5171 Sic
1377 5107 1425 5147 et
1448 5094 1681 5147 lrenteus
1704 5093 1894 5171 duplici
1918 5108 2129 5171 quoque
2153 5109 2372 5161 respon-

780 5164 933 5229 sione
959 5171 1023 5225 ad
1052 5168 1296 5224 eumdem
1324 5166 1496 5219 locum
1528 5165 1761 5218 occurrit
1791 5164 2073 5217 haereticis.
2109 5164 2237 5217 Lac.

856 5245 935 5315 (ιι)
972 5242 1057 5295 list
1081 5250 1253 5315 auti'nt
1279 5237 1404 5315 et_in
1426 5236 1680 5315 judicium
1710 5233 2373 5315 resurrectio._Parentltesi

782 5305 885 5369 line
916 5305 1123 5367 comma
1155 5305 1464 5362 inclusimus
1486 5346 1499 5365 ,
1536 5305 1600 5357 ad
1636 5320 1851 5359 sensum
1879 5306 2235 5370 apertiorem;
2269 5321 2375 5373 quo

784 5385 976 5440 alludit
1004 5382 1067 5436 ad
1102 5380 1228 5435 illud
1256 5376 1413 5430 Joun.
1444 5375 1506 5428 Vl
1537 5394 1547 5429 :
1578 5373 1646 5428 Et
1686 5375 1951 5445 procedant
1978 5376 2061 5447 qui
2087 5376 2213 5427 bona
2238 5379 2375 5447 fece-

786 5466 903 5510 runt
936 5456 986 5507 in
1016 5450 1424 5505 rcsurrcctionmn
1457 5448 1610 5510 uiue;
1642 5447 1725 5517 qui
1756 5443 1870 5499 vero
1901 5443 2041 5498 mala
2069 5443 2290 5515 egerunt,
2323 5449 2377 5501 in

788 5524 1203 5580 resurrectionem
1224 5518 1428 5588 judicii.
1464 5517 1600 5572 Pan.

863 5593 940 5668 (e)
977 5592 1194 5647 Nomine
1224 5585 1387 5643 tamen
1418 5592 1616 5668 fortine.
1636 5585 2131 5668 Formam'perinde
2160 5602 2223 5642 ac
2249 5588 2378 5641 sub-

791 5658 1041 5722 stantiam
1068 5677 1232 5731 nuper
1254 5659 1477 5726 accepit.
1496 5660 1697 5731 sensus
1728 5670 1811 5731 est
1831 5700 1843 5720 ,
1868 5662 1911 5708 si
1934 5658 2143 5726 quidem
2166 5670 2379 5727 propter

794 5737 1004 5805 culpam
1036 5730 1454 5805 nonresurgant
1498 5730 1563 5784 ad
1610 5730 1893 5805 gloriosam
1933 5730 2377 5805 resurrectionem

793 5818 846 5863 et
887 5798 1089 5866 vitam,
1136 5812 1312 5873 tamen
1338 5798 1558 5856 ratione
1592 5816 1702 5856 suae
1742 5798 2051 5855 substantia:
2100 5809 2380 5873 resurgent

793 5880 983 5934 saltem
1016 5881 1079 5931 ad
1108 5872 1386 5942 judicium.
1428 5873 1557 5929 Lac.

2546 4955 2624 5026 (e)
2656 4956 2788 5029 Sunt
2815 4958 2898 5026 qui
2939 4972 3137 5029 carnem
3168 4968 3213 5011 et
3255 4960 3549 5029 sanguinem
3585 4960 3943 5025 Judoisnmm,
3975 4973 4083 5019 etc.

2475 5026 2629 5102 Prior
2678 5028 3049 5096 interpretatio
3097 5027 3215 5102 fuit,
3267 5026 3408 5099 quod
3446 5046 3573 5084 raro
3606 5044 3659 5087 et
3692 5033 3945 5102 sanguis,
3976 5036 4082 5090 etsi

2476 5112 2581 5150 non
2609 5099 2658 5173 in
2685 5102 3134 5173 resdu-tecuouetu
3173 5101 3293 5173 vita:
3330 5113 3633 5173 resurgant,
3676 5099 3976 5173 resurgent
4015 5114 4087 5159 tae

2475 5168 2681 5242 men‘iti
2704 5167 2981 5242 judicium.
3000 5169 3301 5242 Posterior,
3333 5170 3467 5231 hac.
3489 5167 3643 5242 'quod
3664 5167 3927 5229 carnis'et
3959 5191 4088 5231 san—

2477 5239 2654 5314 guinis
2681 5240 2894 5314 nomine
2915 5238 3592 5314 Judaisunusintelligatur,
3616 5243 4087 5314 quemadmodum

2478 5310 2739 5377 accipitur
2767 5309 2834 5361 ab
2859 5314 3049 5377 Apost.
3075 5309 3192 5364 Gal.
3227 5312 3264 5365 1.
3288 5309 3429 5368 Pu.

2552 5376 2619 5451 (Γ)
2638 5379 2764 5455 _No_n
2796 5376 2965 5455 retulit
2994 5381 3061 5434 ad
3091 5398 3295 5455 carnem
3327 5394 3374 5436 et
3416 5385 3731 5455 sanguinem.
3773 5384 3960 5455 Magis
3996 5404 4089 5444 ex-

2480 5452 2674 5527 pressit
2696 5452 2774 5503 sic
2795 5453 3013 5527 {\uctor,
3041 5454 3178 5527 quod
3202 5468 3376 5527 grape
3397 5466 3481 5509 est
3502 5452 3883 5526 τῐ-ροσανιοιμιινξ
3917 5474 4087 5527 qnam

2480 5521 2570 5595 alii
2595 5521 2868 5595 vertendo,
2896 5538 2996 5575 non
3018 5521 3266 5592 acquicoi.
3298 5524 3464 5582 Recte
3488 5521 3663 5581 autem
3694 5521 4089 5595 interpretatur

2482 5593 2685 5646 Auctor
2708 5591 3037 5668 Judaisutum
3065 5591 3282 5668 carnem
3305 5605 3360 5649 et
3381 5599 3710 5668 sanguinem,
3738 5613 3802 5653 ac
3821 5591 3862 5651 si
3892 5600 4087 5656 dicat:

2482 5677 2657 5730 neque
2686 5677 2745 5717 se
2773 5663 3021 5719 retulisse
3047 5665 3112 5718 ad
3142 5666 3381 5729 Judmos,
3411 5663 3582 5735 neque
3607 5670 3673 5722 ad
3702 5679 4090 5726 auteCessores

2482 5748 2611 5786 suos
2652 5736 2956 5800 aposmlos;
2999 5740 3056 5788 'ut
3096 5751 3201 5791 non
3245 5739 3314 5791 sit
3352 5753 3572 5794 necesse
3608 5740 3849 5794 laborare
3884 5742 3966 5796 ad
4014 5745 4090 5796 tli-

2486 5803 2741 5880 luendaiu
2762 5803 3105 5880 calumniam,
3129 5823 3232 5880 qua
3255 5809 3527 5877 apostolos
3563 5822 3827 5865 vocarent
3854 5828 4088 5868 carnem

2486 5884 2540 5928 et
2563 5875 2891 5945 sanguinem.
2915 5875 3049 5931 Pu.
