4250 6494
167 394 277 453 873

1171 399 1373 457 LIBER
1425 398 1514 455 DE
1572 394 2143 458 RESUIlRECTIONE
2208 404 2475 462 CARNIS.

3366 411 3473 469 87$

167 520 291 583 post
330 521 578 575 mortem,
611 513 661 570 id
702 523 783 569 est
819 522 1103 577 mortuam.
1136 513 1187 569 id
1232 522 1316 569 cst
1358 512 1504 568 lmmi
1550 513 1761 578 elisam,
1795 516 1839 573 Λ
1872 512 2021 569 llunc
2050 516 2292 573 ordinem
2321 520 2608 587 Apostolus
2633 520 2951 591 disponens,
2980 522 3028 576 in
3056 523 3223 579 Adam
3253 540 3466 596 quoque.

172 609 477 679 disjectam,
504 609 841 677 dissolutam,
873 609 1017 679 quod
1051 611 1101 664 in
1127 610 1270 665 illam
1300 624 1329 663 a
1364 609 1471 663 Deo
1492 609 1767 663 decretum

174 720 280 757 non
324 714 439 768 est;
474 714 773 774 proponant
814 704 1177 773 corruptelam
1216 703 1352 773 ejus,
1386 712 1440 758 ct
1481 696 1772 756 dedecoraa

175 798 815 863 tionem,.inlirmitatem,
844 807 901 852 ut
922 797 1087 869 ipsius
1107 799 1175 852 sit
1203 798 1362 853 etiam
1384 812 1669 866 exsurgere
1694 793 1772 864 (l)

176 890 229 943 in
257 890 696 959 iucorruptelam,
726 900 781 945 et
803 891 854 945 in
870 889 1116 961 gloriam,
1136 899 1188 945 et
1214 891 1551 945 invirtutetn.
1576 887 1771 958 (u)Sed

171 984 316 1039 enim
360 985 409 1037 in
452 985 673 1050 Lazaro,
718 984 986 1054 precipuo
1037 985 1446 1039 resurrectionis
1503 982 1770 1049 exomplo,

172 1094 299 1130 raro
324 1078 491 1146 jaeuit
515 1078 565 1130 iu
596 1078 924 1141 inlirmitatc,
953 1093 1079 1132 caro
1103 1093 1238 1147 pene
1261 1076 1584 1145 computruit
1615 1075 1664 1127 in
1688 1074 1776 1130 dc-

171 1169 594 1234 dectiratioucm,
634 1184 761 1223 caro
791 1170 1005 1223 interitu
1046 1169 1214 1238 putuit
1248 1170 1298 1223 in
1340 1167 1773 1236 corruptionem;

173 1269 227 1315 et
248 1270 424 1316 tamen
455 1262 686 1316 Lazarus
710 1276 833 1316 caro
855 1263 1176 1325 resurrexit,
1201 1275 1321 1315 eum
1344 1258 1519 1313 :mima
1538 1258 1773 1327 «pridem,

172 1352 267 1407 sed
293 1354 625 1423 incorrupta,
653 1369 814 1423 quam
838 1369 996 1409 nemo
1017 1353 1244 1407 vinculis
1272 1351 1430 1407 lineis
1458 1352 1773 1414 strinxerat,

174 1464 335 1502 nemo
353 1447 403 1501 in
418 1448 669 1517 sepulcro
690 1448 997 1512 collocarat,
1019 1463 1175 1502 nemo
1189 1447 1297 1516 jam
1316 1445 1503 1499 [αξιοι-ο
1515 1459 1752 1500 senserat

178 1554 338 1593 nemo
366 1539 655 1609 quatriduo
682 1539 883 1593 viderat
916 1540 1253 1594 seminatam.
1287 1536 1478 1591 Totqu
1516 1536 1776 1600 habitum,

175 1642 347 1689 totum
375 1636 574 1688 exitum
610 1632 816 1699 Lazari,
850 1634 1089 1686 onmium
1117 1646 1329 1702 quoque
1351 1646 1478 1685 caro
1506 1628 1666 1683 hodie
1688 1644 1779 1682 ex-

178 1728 385 1796 peritur
418 1724 496 1795 (1)
523 1767 535 1789 ,
586 1726 759 1778 anima
812 1740 937 1779 vero
989 1724 1208 1777 nullius.
1241 1722 1293 1775 lu
1328 1738 1429 1792 qua
1458 1735 1588 1790 ergo
1613 1721 1781 1791 stylus

177 1817 422 1884 Apostoli
452 1826 745 1888 comparet,
780 1816 848 1871 de
879 1832 979 1885 qua
1011 1832 1133 1870 eum
1164 1814 1308 1885 loqui
1335 1822 1563 1877 constat,
1588 1828 1650 1867 ea
1679 1815 1781 1866 erit

1872 617 1927 662 et
1969 609 2018 662 in
2050 609 2263 667 Christo
2286 629 2405 667 eum
2450 616 2643 669 tnerito
2670 616 2969 685 distinguit,
3007 629 3062 673 ut
3113 620 3163 673 in
3206 621 3468 690 capitibus

1874 699 2232 757 distinctionis
2280 706 2463 775 ipsius.
2519 706 2584 761 Et
2631 725 2751 762 cutn
2793 709 3064 765 Christum
3119 715 3467 769 novissiumtn

1876 795 2043 850 Adam
2078 798 2330 866 appellat,
2366 798 2487 854 hinc
2516 817 2636 854 eum
2670 818 2993 871 recognosce
3024 804 3088 858 ad
3116 809 3312 869 Carnis,
3359 825 3464 861 non

1877 888 1940 939 ad
1973 890 2165 942 anima:
2211 894 2658 948 resurrectionem
2687 896 2935 951 omnibus
2964 898 3223 954 doctrinae
3266 901 3463 955 viribm

1876 991 2174 1049 OItCl‘Jllllll.
2216 984 2271 1039 Si
2296 989 2436 1038 enim
2478 998 2526 1039 et
2562 988 2765 1055 prinms
2793 990 2955 1044 homo
2989 992 3154 1045 Adam
3186 1009 3329 1057 eam,
3367 1012 3470 1050 non

1878 1074 2077 1139 anima,
2098 1076 2188 1143 'qui
2214 1077 2447 1148 denique
2473 1081 2522 1133 in
2548 1081 2779 1135 animant
2804 1083 2981 1137 vivant
3018 1084 3185 1140 factus
3209 1099 3289 1140 est
3311 1085 3423 1151 (lli)
3460 1109 3471 1151 ;

1878 1174 1933 1220 ct
1964 1168 2283 1223 notissimus
2304 1172 2474 1227 Adam
2497 1170 2765 1239 Christus,
2793 1176 2911 1231 ideo
2934 1177 3125 1243 Adam,
3151 1183 3270 1249 quia
3293 1184 3472 1249 homo;

1881 1258 2001 1314 ideo
2030 1261 2209 1326 homo,
2236 1266 2358 1335 quia
2382 1282 2529 1331 caro,
2558 1284 2663 1323 non
2689 1271 2809 1338 quia
2843 1273 3039 1326 anima.
3068 1273 3237 1341 Atque
3258 1278 3327 1330 ita
3352 1277 3473 1329 sub-

1875 1352 2045 1424 jungit
2077 1374 2087 1409 :
2126 1354 2242 1409 Non
2268 1360 2489 1425 primunt
2514 1362 2650 1430 quod
2678 1363 2927 1431 spiritale.
2957 1366 3045 1418 θαι
3071 1366 3206 1435 quod
3233 1370 3424 1423 anian
3459 1385 3476 1432 ;

1883 1457 2054 1514 postea
2084 1448 2219 1517 quod
2248 1450 2499 1513 spiritale,
2525 1453 2759 1506 secumlu
2772 1470 2821 1507 ιιι
2853 1467 3135 1527 utrumque
3164 1459 3349 1513 Adam.
3384 1462 3479 1515 lic-

1882 1540 2006 1610 quid
2059 1540 2175 1613 (ll)
2223 1544 2315 1598 lilii
2344 1545 2550 1599 videtur
2574 1563 2769 1616 corpus
2791 1549 3045 1615 animale,
3074 1562 3127 1605 et
3154 1568 3349 1621 corpus
3371 1570 3478 1623 spi-

1884 1634 2034 1687 ritale
2068 1635 2117 1688 in
2141 1635 2328 1690 eadem
2358 1653 2517 1692 carne
2541 1639 2894 1710 distinguere,
2913 1642 3060 1712 cujus
3082 1644 3477 1700 distinctionem

1884 1724 1935 1778 in
1980 1735 2202 1797 utroque
2251 1727 2440 1792 .\dam,
2476 1730 2523 1782 id
2574 1740 2672 1795 est,
2711 1732 2760 1785 iu
2811 1742 3037 1803 utroque
3084 1734 3297 1790 homine
3349 1754 3483 1806 pra:-

1883 1818 2114 1870 struvit?
2145 1820 2218 1874 Ex
2262 1836 2361 1889 qua
2405 1822 2522 1891 (1‘2)
2574 1822 2716 1876 enim
2761 1824 3056 1879 substantia
3104 1828 3308 1895 pariant
3346 1830 3485 1887 inter

176 1920 228 1965 et
257 1926 456 1979 corpus
485 1911 741 1977 animale,
772 1926 893 1965 cum
922 1911 1237 1971 seminatur,
1268 1918 1324 1964 et
1372 1908 1630 1977 spiritale,
1661 1922 1781 1961 eum
1814 1921 1861 1981 Β
1889 1926 1947 1965 se
1971 1910 2219 1966 Christus
2249 1922 2300 1966 et
2332 1912 2541 1968 Adam?
2587 1915 2805 1970 Scilicet
2848 1932 2912 1970 ex
2954 1931 3133 1984 earne,
3171 1922 3293 1976 licet
3324 1934 3376 1977 et
3416 1941 3480 1979 ex

176 2003 490 2056 suscitatur.
524 2002 654 2056 Nam
687 2012 743 2056 ut
785 2005 853 2056 ita
904 2003 1166 2072 intelligas
1211 2001 1315 2073 (3),
1350 2017 1562 2055 manuni
1608 2000 1783 2055 adhuc

177 2098 428 2165 porrigit,
463 2111 613 2165 :cque
640 2096 706 2149 de
736 2096 977 2163 ejusdem
1003 2095 1290 2165 Scriptura:
1316 2095 1650 2155 auctoritate,
1677 2091 1783 2147 fac-

180 2200 293 2242 Iunt
325 2200 575 2243 retexens
604 2189 832 2257 primunt
865 2188 1137 2243 hominem
1169 2186 1340 2243 Adam
1372 2188 1423 2241 in
1453 2186 1683 2240 animam
1710 2186 1784 2239 vi-

178 2294 401 2335 ventem
472 2280 573 2353 (ι).
639 2281 692 2336 Si
755 2280 921 2336 Adam
966 2282 1124 2335 homo
1161 2282 1388 2351 primus,
1430 2295 1559 2335 caro
1605 2288 1782 2334 autem

180 2373 350 2427 hmuo
392 2383 514 2427 ante
557 2374 813 2435 animam,
858 2376 973 2428 sine
1012 2373 1176 2427 dubio
1222 2388 1351 2427 caro
1397 2374 1498 2428 erit
1547 2372 1681 2426 facta
1732 2371 1782 2425 in

180 2467 421 2519 animam
452 2467 714 2521 viventem
773 2465 873 2535 (5);
925 2465 1058 2519 facta
1105 2479 1264 2533 porro
1307 2465 1358 2518 in
1386 2464 1615 2518 animam
1655 2462 1734 2535 (6)
1766 2504 1781 2527 ,

179 2573 306 2611 cum
352 2568 495 2612 esset
546 2574 739 2628 corpus
769 2598 782 2622 ,
840 2558 1018 2627 utique
1062 2558 1141 2629 (7)
1202 2556 1433 2612 animale
1470 2572 1664 2627 corpus
1705 2565 1787 2611 cst

190 2651 354 2704 facta.
379 2651 515 2717 Quid
545 2666 661 2705 eam
681 2650 937 2720 appellari
964 2650 1153 2714 velint,
1182 2666 1337 2720 quam
1368 2650 1510 2719 quod
1542 2663 1634 2719 per
1666 2650 1782 2703 ani-

186 2758 333 2796 niam
369 2743 506 2797 facta
536 2752 640 2805 est,
669 2740 743 2813 (li)
775 2759 931 2813 quam
961 2741 1104 2812 quod
1136 2754 1257 2796 ante
1278 2743 1510 2796 animam
1539 2756 1644 2795 non
1668 2738 1784 2801 fuit,

181 2851 347 2904 quam
375 2837 516 2905 quod
554 2847 670 2906 post
702 2839 933 2890 rnitnam
967 2854 1071 2889 non
1102 2837 1223 2901 erit,
1262 2836 1359 2889 nisi
1388 2851 1507 2889 cum
1533 2833 1789 2901 resurgit?

184 2928 421 2997 llecepta
450 2930 593 2982 enim
621 2928 816 2990 anima,
853 2943 1039 2982 rursus
1064 2927 1294 2981 animale
1316 2941 1511 2994 corpus
1537 2924 1783 2987 efficitur,

184 3029 247 3070 ut
291 3022 383 3072 liat
420 3021 693 3089 spiritale:
739 3036 843 3073 non
876 3020 1017 3073 enim
1048 3018 1296 3087 resorgit,
1333 3018 1433 3071 nisi
1477 3016 1619 3086 quod
1669 3017 1783 3069 fuit.

188 3111 289 3175 Ita,
322 3112 461 3167 unde
495 3113 641 3167 carni
683 3114 940 3182 competit
968 3127 1165 3182 Corpus
1211 3111 1439 3165 animale
1486 3108 1614 3175 dici,
1665 3108 1787 3164 imlc

184 3203 385 3258 anima:
413 3205 557 3258 nullo
587 3208 745 3259 modo
776 3205 1051 3274 competit.
1084 3205 1222 3259 Caro
1248 3204 1390 3258 cnim
1422 3211 1545 3257 aute
1569 3217 1783 3271 corpus,

1887 2003 2094 2068 anima;
2144 2003 2236 2059 sed
2289 2005 2403 2073 (ίῦ)
2432 2008 2607 2060 carnis
2636 2010 2852 2063 nomine
2886 2009 3046 2065 homo
3082 2022 3304 2083 uterque
3339 2028 3481 2071 sunt.

1890 2092 2043 2149 Prior
2065 2095 2206 2148 enim
2235 2112 2360 2150 caro
2392 2097 2570 2151 limuo.
2610 2098 2681 2152 lix
2730 2100 2813 2153 illa
2842 2112 2893 2155 ct
2929 2102 3172 2158 ordiucm
3206 2104 3489 2164 admittere

1890 2195 2193 2253 potuerunt,
2221 2197 2277 2241 ut
2307 2190 2442 2244 alter
2472 2190 2696 2259 prinms,
2725 2192 2860 2247 alter
2878 2195 3204 2251 novissimus
3228 2195 3409 2263 homo,
3436 2200 3485 2253 id

1887 2290 1971 2334 est
2000 2280 2191 2345 Adam,
2226 2280 2636 2349 deputarentur.
2675 2284 2964 2348 Certerum,
3010 2287 3217 2343 diversa
3250 2288 3301 2344 in
3344 2293 3490 2345 ordi-

1890 2386 2010 2425 nem
2039 2371 2249 2440 disponi
2286 2389 2390 2428 non
2419 2384 2641 2443 possunt
2671 2374 2739 2430 ile
2766 2376 3062 2433 substantia
3095 2378 3385 2449 duntaxat;
3420 2384 3486 2441 de

1890 2461 2008 2515 loco
2040 2463 2205 2528 enim,
2237 2472 2326 2516 aut
2353 2472 2615 2534 tempore,
2653 2476 2743 2521 aut
2764 2468 3090 2537 conditione,
3122 2470 3337 2529 forsitan
3370 2492 3490 2543 pos-

1890 2552 2018 2606 sint.
2054 2552 2149 2605 llie
2172 2564 2350 2609 autem
2373 2554 2438 2608 de
2456 2555 2749 2610 substantia
2773 2560 2974 2622 carnis,
3002 2562 3206 2627 primus
3227 2576 3278 2619 et
3307 2568 3486 2621 novis-

1890 2645 2059 2698 simus
2081 2644 2206 2698 dicti
2231 2655 2381 2700 sunt:
2408 2646 2543 2701 sicut
2567 2658 2621 2702 ct
2639 2664 2825 2704 rursus
2845 2652 3047 2721 primus
3062 2653 3303 2710 liomode
3323 2669 3487 2725 terra,

1893 2748 1945 2791 et
1974 2738 2242 2792 secundus
2288 2738 2354 2793 ile
2384 2740 2552 2805 uelo;
2596 2742 2718 2812 quia
2761 2745 2859 2797 etsi
2909 2744 2976 2799 de
3021 2747 3158 2803 male
3198 2752 3490 2809 secundum

1893 2830 2161 2899 spiritum,
2209 2830 2301 2885 sed
2336 2832 2493 2886 homo
2533 2834 2827 2889 secundum
2858 2852 3095 2894 carnem.
3124 2841 3326 2913 Itaque,
3368 2862 3489 2901 cum

1892 2922 2038 2974 carni
2070 2922 2355 2977 conveniat
2379 2925 2513 2977 ordo
2541 2925 2590 2979 in
2624 2936 2849 2997 utroque
2881 2930 3073 2995 Adam,
3130 2951 3235 2989 non
3270 2940 3485 3007 animae,

1895 3023 1948 3065 ut
1980 3014 2179 3082 prituus
2212 3013 2370 3067 homo
2415 3013 2529 3087 (l4)
2574 3019 2622 3070 in
2652 3020 2885 3074 animam
2917 3024 3110 3089 vivam,
3171 3030 3494 3085 novissimus

1895 3107 1944 3160 iu
1969 3108 2213 3178 Spiritum
2232 3109 2609 3177 vivificantem,
2635 3114 2867 3170 distincti
2891 3119 3019 3183 sint;
3049 3139 3201 3192 a-que
3222 3126 3496 3183 distinctio

1893 3216 2079 3255 eorum
2110 3202 2255 3256 carni
2288 3202 2689 3259 distinctionem
2722 3208 3110 3279 pra-judicavit,
3149 3227 3205 3271 ut
3239 3218 3306 3273 de
3331 3236 3493 3280 earno

185 3312 347 3366 quam
374 3297 605 3352 animale
627 3312 841 3367 cei-pus.
867 3299 1115 3353 Animata
1141 3298 1303 3360 enim,
1338 3306 1519 3367 postea
1546 3294 1680 3350 facta
1704 3304 1787 3349 est
1814 3320 1858 3381 Ο
1893 3293 1960 3345 sit
2000 3292 2197 3346 dictum
2224 3311 2238 3347 ;
2277 3292 2395 3348 Non
2419 3296 2637 3366 primunt
2663 3300 2797 3367 quod
2824 3304 3070 3372 spiritale,
3099 3308 3187 3361 sed
3212 3313 3347 3379 quod
3376 3317 3495 3368 ani-

184 3406 386 3459 corpus
435 3390 684 3443 animale.
736 3391 928 3443 Anima
976 3404 1121 3452 vero,
1166 3389 1265 3442 etsi
1316 3403 1533 3458 corpus,
1584 3399 1784 3450 tamen,

187 3483 313 3551 quia
349 3482 461 3550 ipsa
490 3495 570 3535 est
600 3497 797 3552 Corpus
822 3498 926 3536 non
954 3484 1272 3546 animatum,
1297 3482 1390 3536 sed
1418 3482 1667 3536 animans
1697 3496 1788 3548 po-

201 3573 330 3635 tius,
372 3573 603 3628 animale
639 3590 835 3644 corpus
867 3591 971 3630 non
1008 3584 1181 3644 potest
1207 3574 1333 3638 dici,
1364 3589 1461 3629 nec
1498 3574 1613 3629 lieri
1654 3572 1792 3643 quod

198 3665 322 3719 facit
354 3664 453 3735 (8).
484 3664 555 3736 (cl
584 3667 688 3723 Alii
709 3668 849 3723 enim
881 3669 1129 3723 accidens
1159 3667 1286 3723 facit
1334 3668 1461 3722 illud
1510 3669 1740 3721 animale
1772 3684 1786 3730 ;

208 3776 317 3813 non
345 3762 594 3816 accidens
632 3771 808 3816 autetu
839 3762 951 3828 alii,
980 3762 1247 3832 quomodo
1276 3777 1334 3817 se
1357 3761 1516 3817 faciet
1539 3760 1796 3816 animale"

201 3850 355 3905 Sicut
382 3867 509 3921 ergo
536 3863 661 3907 ante
706 3852 783 3913 t9)
819 3854 1046 3908 animale
1088 3868 1304 3924 corpus,
1364 3869 1491 3908 caro
1534 3854 1796 3922 recipiens

192 3946 464 4011 animam;
507 3947 577 4001 ita
624 3955 680 4002 et
724 3958 908 4019 postea
952 3948 1211 4019 spiritale,
1252 3948 1479 4004 induens
1526 3947 1794 4017 spiritum.

1899 3385 2047 3446 male,
2082 3394 2254 3452 postea
2281 3386 2419 3453 quod
2441 3389 2705 3457 spiritale;
2736 3402 2894 3461 atque
2916 3395 2985 3448 ita
3010 3399 3195 3453 eadem
3227 3403 3294 3457 sit
3323 3417 3372 3459 et
3403 3423 3497 3460 su-

1897 3492 1986 3545 pra
2014 3476 2377 3547 intelligenda,
2403 3487 2455 3532 et
2475 3496 2593 3549 qute
2621 3482 2917 3539 scmiuetur
2944 3502 3139 3558 corpus
3165 3493 3416 3561 animale,
3444 3508 3498 3554 et

1898 3584 2016 3639 qua:
2046 3579 2290 3641 resurgat
2319 3586 2516 3640 corpus
2538 3574 2795 3642 spiritale;
2827 3578 2947 3647 quia
2972 3596 3077 3636 non
3104 3586 3330 3653 primum
3355 3593 3499 3661 quod

1900 3664 2175 3733 spiritale,
2221 3662 2311 3718 sed
2354 3665 2497 3731 quod
2536 3666 2795 3733 animale;
2830 3670 2951 3739 quia
3000 3676 3200 3742 prinms
3229 3681 3397 3737 Adam
3444 3686 3495 3740 ει,

1898 3760 2155 3823 animum,
2187 3757 2510 3812 novissimus
2531 3759 2699 3813 Adam
2729 3760 2779 3813 iu
2803 3764 3070 3831 spiritum.
3100 3767 3293 3827 Totum
3312 3775 3379 3831 de
3402 3778 3499 3831 ho-

1904 3853 2076 3909 mine:
2110 3859 2276 3905 totum
2305 3848 2373 3905 de
2394 3862 2575 3915 carne,
2609 3852 2824 3921 quando
2851 3854 2918 3908 de
2944 3855 3183 3917 homine.
3208 3864 3345 3931 Quid
3369 3885 3498 3939 ergo

1905 3941 2180 3996 dicemus?
2208 3940 2397 3998 Nonne
2426 3950 2479 3996 et
2502 3956 2640 3997 mmc
2665 3942 2822 3998 habet
2852 3958 2978 4003 caro
3006 3950 3251 4022 spiritum
3277 3973 3340 4013 ex
3369 3959 3499 4017 title?

1418 4057 1799 4115 LECTIONES
1839 4053 2251 4112 VAlllANTES.

256 4147 331 4274 ll;
362 4149 676 4213 Consurgere
699 4149 847 4202 Rht'".
869 4155 943 4203 Set

255 4214 308 4335 (2
366 4212 629 4275 Experitur
651 4222 779 4263 Frtm
828 4218 943 4291 l'cn.

276 4278 330 4335 3)
368 4274 615 4335 Intelligat
641 4278 779 4325 Pam.
808 4279 941 4327 Irim

276 4278 330 4337 5)
368 4274 615 4337 Intelltgat
641 4278 779 4325 l’ttnt.
808 4278 961 4327 Frun.

255 4337 329 4400 (ι)
366 4337 533 4385 Vivam
556 4342 695 4387 I’ttm.
720 4340 868 4388 Frttn.

252 4403 327 4457 (33)
366 4400 622 4469 vivi-olent
644 4401 819 4452 abesto
840 4402 943 4469 llig.
981 4404 1099 4451 Ven.
1128 4404 1283 4452 vitam
1307 4404 1447 4452 Pam.
1470 4400 1621 4450 l-‘ran.
1645 4400 1789 4451 Facta

185 4464 321 4511 uba-t
343 4476 372 4509 tt
401 4466 515 4511 I’rtr.
538 4466 681 4512 l’mtt.

253 4524 329 4583 (tl)
369 4525 633 4573 luaninunn
658 4522 807 4575 Sentl.

265 4586 335 4649 (Ἰ)
373 4588 439 4633 ,ιιι
466 4585 611 4636 inscr.
644 4588 786 4638 llht’lt.
810 4586 961 4639 St'ml.

254 4651 326 4711 (8)
365 4649 501 4699 Fecit
521 4650 673 4701 Sentl.

312 4150 331 4274 Ξ
362 4149 676 4213 Consurgere
699 4149 847 4202 Rht'".
869 4153 1019 4203 Serui.

366 4212 629 4274 Experitur
651 4222 779 4263 Frtm
828 4218 943 4265 l'cn.

1814 4630 1866 4688 D

1981 4148 2031 4203 ft)
2068 4148 2194 4196 Ante
2220 4146 2351 4195 abest
2369 4160 2399 4193 ιι
2423 4144 2571 4197 ltlten.
2593 4148 2746 4197 Seml.

1996 4211 2068 4277 illi)
2103 4209 2409 4277 Quiduiqujc
2435 4211 2709 4277 inaniinani
2734 4214 2852 4263 facta
2872 4224 2948 4267 est
2971 4214 3059 4271 alii
3084 4221 3261 4277 ισίιὶοδε,

1961 4268 2063 4385 (11)
2100 4273 2158 4340 Ει
2177 4272 2290 4334 quid
2319 4268 2461 4321 ll/tt'tt.
2493 4275 2609 4321 l't’tt.

1992 4334 2063 4385 12.
2103 4334 2317 4385 l'trauue
2344 4337 2485 4383 l’ttin.
2516 4337 2609 4384 Par

1992 4334 2063 4390 12‘,
2103 4334 2317 4396 l‘traqne
2344 4337 2485 4383 l’ttnt.
2516 4337 2636 4384 Par.
2668 4338 2818 4387 Fratt.
3041 4381 3047 4388 .

1962 4398 2063 4456 (l3)
2098 4397 2373 4471 basilice-tet
2395 4412 2542 4445 carne
2562 4408 2619 4471 Aet
2640 4402 2813 4471 anima,
2841 4404 2930 4471 sed
2962 4410 3119 4471 carnis
3150 4414 3313 4467 Puris.
3342 4420 3471 4471 rum

1904 4458 2251 4532 ll’flltl.‘bCl|it.J.L:l
2280 4466 2329 4532 et
2352 4473 2499 4508 carne
2526 4469 2578 4509 et
2603 4474 2661 4508 c\
2692 4458 2851 4513 anima
2882 4464 2999 4527 (sed
3032 4458 3493 4532 t-a.-'..is".'_",,,',,',"_';

1897 4523 2061 4571 htnno)
2088 4534 2148 4567 ev
2180 4519 2258 4567 illa
2283 4528 2395 4568 .Imt.

1959 4536 2041 4568 tuo
2088 4534 2148 4567 ι’(
2180 4524 2258 4567 illa
2283 4528 2395 4568 .Inn.

1959 4584 2001 4647 (l
2018 4524 2061 4645 ιζ
2095 4583 2247 4633 Adam
2265 4581 2384 4633 atltl.
2408 4584 2559 4634 Frttn.
2587 4586 2729 4633 Pam.

1592 4752 2139 4812 COMMENTARIVS.

264 4848 417 4903 CAP.
448 4849 576 4904 Llll.
609 4882 677 4891 -—
708 4854 782 4920 (ε)
815 4851 919 4907 Sed
948 4854 1079 4905 enim
1111 4853 1161 4905 in
1189 4852 1405 4914 Lazaro,
1437 4860 1539 4905 etc.
1588 4849 1681 4903 llic
1721 4847 1788 4902 de

192 4921 369 4994 altero
407 4920 607 4994 Lazaro
636 4924 891 4991 loquitur,
920 4941 1077 4994 quam
1109 4940 1267 4993 supra
1305 4939 1424 4993 cap.
1462 4922 1554 4986 l7;
1599 4934 1787 4994 nempe

192 4992 261 5046 de
290 5009 396 5063 quo
421 4990 575 5047 J0au.
610 4990 819 5055 .\'l,'ubi
872 4990 988 5062 qua-
1018 4990 1585 5048 ι’ρισιίιὶιιδιίιιίιιωδιιξι·
1618 4992 1787 5045 inter-

193 5079 351 5135 pres,
393 5066 586 5119 Auctor
626 5066 824 5118 vinculn
859 5067 1258 5134 Iineuappellat.
1286 5066 1787 5131 Grmeccstx-z’pmc-

193 5134 472 5205 Accipiter
495 5147 673 5192 autem
705 5152 826 5191 mox
882 5148 1139 5207 comparet
1171 5154 1263 5206 pro
1306 5136 1654 5259 numifesltptus
1696 5144 1787 5187 est.

1555 5222 1646 5259 att.

1555 5222 1646 5260 AI.

268 5274 350 5347 (b)
384 5276 546 5343 Quam
570 5279 705 5347 quod
733 5290 849 5333 ante
876 5280 1099 5333 animam
1139 5295 1239 5332 non
1266 5279 1403 5347 fuit?
1435 5276 1629 5331 Fuerat
1664 5276 1790 5329 olim

195 5349 251 5403 in
292 5347 547 5404 Ecelesiis
594 5353 979 5414 controversia,
1015 5361 1070 5404 ut
1110 5361 1333 5405 testatur
1377 5348 1649 5419 Nysscims
1699 5347 1789 5400 lib.

194 5420 261 5473 de
290 5420 418 5489 opif,
459 5436 574 5490 cap.
607 5421 699 5485 ‘28,
741 5439 805 5473 an
839 5423 1013 5475 anima
1043 5424 1229 5475 luisset
1271 5423 1415 5490 prior
1439 5436 1685 5487 corpore,
1727 5434 1793 5470 au

194 5506 393 5557 Corpus
422 5501 476 5544 et
511 5508 635 5546 caro
664 5504 844 5545 nostra
880 5494 1024 5561 prior
1066 5510 1132 5544 an
1161 5509 1275 5553 ina;
1308 5492 1437 5544 illud
1480 5490 1794 5557 ()rigcnista:

197 5564 500 5618 tuebantur.
524 5574 704 5616 contra
733 5579 869 5632 quos
889 5565 973 5616 alii
997 5578 1209 5616 carnem
1236 5563 1584 5632 praeferebant
1604 5576 1795 5632 airme

195 5633 267 5687 ob
300 5632 629 5702 iniquitatem
654 5631 824 5686 suain.
851 5634 1145 5702 Utrumque
1175 5631 1329 5703 plene
1364 5636 1633 5701 impugnat
1660 5631 1795 5700 Nys-

197 5718 389 5758 senus:
442 5706 585 5770 prius
627 5720 746 5773 cap.
776 5706 863 5769 :28,
904 5709 1159 5759 adversus
1188 5706 1502 5771 Origeuem;
1535 5706 1797 5773 posterius

196 5789 318 5843 cap.
351 5774 445 5838 29,
479 5776 563 5828 ubi
602 5772 919 5829 sententiam
954 5778 1087 5829 hanc
1118 5778 1447 5831 verissimam
1483 5772 1797 5829 Tertulliani

200 5846 568 5915 philosOphiec
589 5859 809 5900 conatur
833 5848 1078 5914 probare,
1102 5863 1328 5916 eamque
1352 5846 1800 5901 existimationem

200 5931 384 5973 veram
425 5928 573 5985 potat
618 5920 667 5971 in
712 5920 1122 5974 lurtualionihus
1162 5919 1403 5976 omnium
1443 5919 1716 5975 hontiuuut
1748 5916 1803 5971 iu

482 6012 939 6074 Tlill’I‘L'l.LlA.\’l.
970 6012 1050 6075 ll.

1896 4858 2277 4930 utero-,Hneque
2306 4846 2519 4930 aliquod
2549 4865 2743 4917 corpus
2772 4857 3149 4930 vegetativum,
3180 4871 3261 4924 vel
3300 4871 3493 4930 ιιρίηιιη

1894 4918 2168 4998 sensibile,
2202 4918 2555 5002 seu-animale
2588 4918 3179 5002 pr‘ascedeteinlusioni

1897 4991 2107 5081 puiune,
2162 4990 2581 5081 nt_p|crumque
2636 4992 2810 5081 ferunt
2865 4998 3185 5071 philosophi,

1899 5061 2153 5143 lit-yoncm
2186 5061 2328 5127 prius
2348 5063 2640 5141 vegetatiVa
2666 5061 2963 5145 plant-trum
2998 5061 3124 5137 vita,
3156 5061 3349 5140 deinde
3376 5061 3467 5145 ἐςξιίἰ
3486 5121 3498 5131 -

1897 5138 2050 5184 sitiva
2098 5138 2273 5212 vivere
2311 5141 2436 5212 ante
2477 5138 2669 5212 anima:
2716 5139 2989 5212 rationalis
3037 5138 3500 5212 :ulvcntum'arlii-

1902 5213 2123 5290 tratum.
2144 5200 2499 5290 sedauimatu
2524 5206 2833 5290 rationalem
2854 5200 3502 5290 ppth

1898 5289 1947 5354 a.
1964 5274 2219 5371 principii)
2245 5273 2481 5371 eglt‘j'u-s‘vis
2510 5273 2865 5371 apimationis:
2878 5273 3078 5365 laetus:
3093 5303 3145 5344 ει
3163 5273 3502 5371 ’θῆρ”δξέ

1900 5346 2217 5425 pisatiouetn
2272 5344 2431 5431 illius,
2474 5360 2633 5431 quam
2674 5344 3125 5431 organisationem

1901 5416 2067 5489 ipsam
2098 5417 2351 5489 animam.
2384 5415 2549 5489 \‘crba
2583 5415 2805 5489 Nysse'ni
2840 5425 2975 5480 vide.
3002 5427 3133 5487 Lac.

2076 5487 2173 5564 Alii
2188 5486 2336 5566 .cnint
2364 5485 2770 5566 accidensftVon
2822 5498 3006 5553 stricte
3047 5485 3209 5559 sumit
3238 5512 3474 5566 accidens

1901 5561 1993 5612 sed
2028 5555 2216 5641 'tatiori‘
2246 5555 2413 5641 _modo
2450 5569 2604 5641 prout
2633 5562 3066 5624 substantialibus

1900 5631 2163 5697 congruit,
2210 5628 2260 5682 id
2309 5639 2410 5728 est,
2460 5630 2731 5728 mlipccns;
2769 5651 2925 5728 quam
2966 5628 3504 5728 vocemillivlosiipii'i

1904 5717 2005 5728 ......
2057 5710 2241 5728 ..........I
2295 5716 2350 5728 ιο..
2377 5714 2451 5728 una
2486 5716 2544 5728 m-
2572 5705 2747 5728 “unum:
2812 5710 2816 5728 ζ
2848 5726 2854 5728 .
2914 5726 2921 5728 .
2984 5712 3021 5728 ιν
3064 5716 3074 5728 Ι
3219 5723 3226 5728 .
3256 5724 3263 5728 .

1903 5717 2007 5782 non
2057 5710 2248 5782 negant
2290 5698 2459 5782 rel-ins
2486 5698 2944 5782 Stthstnntialtbus.
2984 5698 3083 5767 Vel

1906 5780 2044 5865 lass‘e
2076 5772 2173 5823 hoc
2198 5771 2410 5849 scripsit
2432 5774 2654 5865 Aitctor,
2689 5776 3036 5856 velatrcidcns
3063 5800 3141 5841 est
3185 5771 3501 5865 ntalii'qifad

1903 5844 2220 5914 contingens,
2243 5842 2366 5913 quia
2391 5843 2626 5899 materie
2655 5849 2911 5919 contingit
2938 5854 3051 5910 Ihm:
3081 5860 3159 5913 vel
3188 5842 3502 5928 iiiifiuiiiai

3228 5934 3353 5993 Lac.

2782 6015 2799 6089 (
2824 6016 3227 6104 Vt'ngt-Itttt't.)
