4250 6494
158 409 272 472 877

1171 412 1374 472 LIBER
1415 413 1500 471 DE
1541 413 2117 478 RESUIlRECTIONE
2154 417 2424 479 CARNIS.

3352 424 3456 490 878

159 530 466 602 Stephanus
517 527 816 604 angelicum
858 528 965 603 jam
1012 533 1274 602 fastigium
1317 533 1584 599 induerat,
1651 533 1742 589 sed
1773 535 1822 596 A
1850 534 2053 603 didicit,
2085 549 2134 594 et
2163 538 2431 596 Christum
2457 537 2648 608 induit,
2677 549 2729 598 et
2758 553 2907 613 spem
2934 543 3121 602 salutis
3144 547 3447 621 seminavit,

159 643 270 681 non
324 628 426 680 alia
470 643 640 697 genua
686 627 988 697 lapidationi
1019 627 1472 700 (l)succiderant.
1499 631 1751 685 Dominus

153 735 370 790 quoque
400 720 448 774 in
485 735 699 775 secessu
730 722 925 775 montis
948 723 1106 776 etiaut
1145 724 1456 778 vestimenta
1487 723 1605 778 luce
1635 741 1750 778 niu-

153 824 386 880 laverat,
421 814 498 887 (a)
535 817 629 870 sed
662 816 969 870 liniamenta
997 815 1154 871 Petro
1184 818 1528 887 agnoscibilia
1563 832 1746 873 serva-

154 919 336 964 verat:
381 910 466 963 ubi
499 910 656 963 etiam
699 910 906 979 Moyses
938 920 989 962 et
1026 908 1227 972 IIclias,
1257 908 1330 982 (b)
1358 911 1490 965 alter
1529 911 1579 964 in
1613 911 1744 965 iuta-

149 1003 276 1070 giue
293 1003 468 1055 carnis
490 1002 724 1055 nondum
750 1011 999 1072 recepta‘,
1030 1004 1166 1058 alter
1193 1003 1244 1056 itt
1269 1005 1490 1058 veritate
1511 1005 1743 1059 nondum

150 1093 441 1155 defuncte,
473 1094 715 1148 eamdem
738 1103 910 1149 tamen
935 1094 1294 1150 habitudinem
1317 1096 1556 1165 corporis
1585 1099 1742 1151 etiam

151 1188 202 1241 in
259 1188 426 1257 gloria
483 1203 830 1257 perseverare
877 1188 1187 1244 docuerant.
1238 1191 1311 1244 De
1352 1204 1460 1260 quo
1501 1192 1744 1260 exemplo

145 1278 442 1333 instructus
466 1291 520 1333 et
550 1279 769 1333 Paulus:
810 1279 908 1344 Qui
939 1282 1317 1352 transﬁgurobit
1371 1281 1474 1349 (‘3),
1531 1281 1740 1351 inquit,

143 1391 332 1442 corpus
374 1375 674 1428 Inmtilitatis
718 1386 925 1440 nostrw,
973 1377 1286 1445 conforntule
1327 1377 1526 1444 corpori
1567 1378 1742 1445 glorite

141 1483 268 1520 sine.
296 1466 450 1532 Quod
473 1466 516 1520 si
540 1477 591 1521 ct
617 1466 696 1538 (5)
724 1469 1239 1536 transligttrationetn
1265 1479 1312 1520 ct
1337 1472 1740 1523 conversionem

144 1563 194 1614 in
224 1561 506 1615 transitum
533 1562 842 1615 substantia:
865 1561 942 1631 (ο)
967 1562 1223 1630 cujusque
1244 1561 1508 1627 deiendis,
1536 1579 1663 1632 ergo
1688 1573 1741 1616 et

138 1656 268 1708 Saul
310 1655 359 1706 in
399 1655 562 1708 alium
603 1655 770 1707 virum
807 1667 1120 1716 ionversus,
1161 1653 1228 1708 de
1265 1669 1489 1722 corpore
1525 1668 1623 1708 suo
1661 1653 1739 1727 (4)

139 1749 392 1813 excessit,
420 1757 473 1803 et
498 1749 610 1816 ipse
632 1748 880 1811 Satanas,
911 1762 1030 1800 cum
1058 1747 1109 1800 in
1135 1746 1381 1814 angelum
1407 1748 1538 1802 lucis
1567 1757 1739 1801 trans-

139 1841 418 1908 Iiguratur,
458 1839 764 1908 qualitatem
803 1854 953 1893 suam
994 1839 1228 1892 amittit:
1275 1854 1380 1894 tton
1411 1840 1622 1908 opinor.
1661 1838 1735 1893 Ita

1855 630 1907 682 in
1936 631 2060 695 alia,
2092 635 2274 688 nescio
2295 650 2417 704 qua,
2451 643 2616 690 metat
2641 634 2908 692 fructum?
2935 637 3028 692 Na:
3057 640 3144 695 illa
3170 644 3446 712 gratiosis-

1853 723 1985 774 sima
2017 739 2173 789 caro,
2215 727 2298 780 cui
2339 727 2504 797 gratis
2534 727 2640 782 vita
2667 729 2953 784 constabit.
2997 730 3150 799 Quod
3182 735 3225 786 si
3258 750 3361 788 non
3395 747 3449 792 et

1852 815 2028 869 anima
2060 817 2368 883 mutabitur,
2395 820 2501 888 jam
2527 833 2628 876 nec
2647 822 2839 876 anima:
2863 825 3185 879 resurrectio
3208 835 3317 891 cst;
3349 844 3448 884 nec

1852 906 1964 976 ipsa
2000 910 2143 964 enim
2187 913 2550 969 rcsurrexisse
2578 915 2857 981 credetur,
2899 919 2945 973 si
2986 933 3089 974 non
3129 920 3232 976 alia
3264 937 3446 978 resur-

1850 1010 2064 1055 TCXOI'II.

2434 1097 2660 1155 CAPUT
2699 1100 2856 1158 LVII.

1886 1202 2019 1260 Hinc
2039 1204 2148 1274 jam
2175 1204 2259 1262 illa
2284 1209 2515 1280 vulgaris
2543 1211 2930 1270 incredulitatis
2952 1219 3153 1289 argutia
3178 1220 3295 1292 (I0)
3320 1232 3435 1277 est:

1847 1292 1925 1356 Si,
1960 1297 2222 1366 inquiunt,
2253 1300 2363 1370 ipsa
2385 1302 2678 1373 cadamqtte
2696 1306 2989 1362 substantia
3017 1322 3294 1365 revocatur
3319 1330 3438 1367 ettnt

1845 1400 1940 1439 sua
1981 1387 2170 1452 forma,
2212 1391 2371 1454 linea,
2413 1395 2690 1463 qualitate,
2731 1412 2860 1467 ergo
2895 1411 2952 1454 et
2988 1417 3106 1456 euzu
3145 1405 3442 1474 insignibus

1845 1477 1955 1531 suis
1986 1479 2203 1549 reliquis
2229 1499 2241 1534 :
2277 1483 2456 1552 itaque
2485 1496 2537 1540 et
2565 1489 2712 1553 c:eei,
2749 1498 2802 1543 et
2830 1491 3024 1557 claudi,
3057 1505 3111 1548 et
3141 1498 3442 1567 paralytiei,

1847 1582 1895 1622 et
1915 1569 2030 1641 (Il)
2051 1574 2236 1642 utquis
2254 1574 2473 1646 insignis
2490 1583 2780 1634 excesserit
2810 1582 2889 1653 (Δ)
2907 1627 2921 1650 ,
2951 1585 3018 1639 ita
3043 1597 3094 1640 et
3119 1601 3435 1645 revertetur.

1843 1662 1979 1731 Quid
2001 1668 2184 1722 "nunc?
2211 1679 2265 1724 et
2293 1671 2338 1725 si
2368 1671 2461 1736 ita,
2492 1672 2797 1743 dedignaris
2826 1687 3025 1734 tantam
3053 1684 3274 1749 gratiam
3304 1701 3436 1754 qua-

1843 1753 2136 1826 liscumque
2161 1775 2189 1812 a
2222 1760 2328 1815 Deo
2351 1764 2645 1833 consequi?
2674 1765 2788 1821 Non
2812 1769 2953 1823 enim
2983 1783 3030 1824 et
3064 1790 3221 1839 nunc,
3246 1753 3438 1832 anima:

1841 1850 2006 1904 solius
2031 1851 2320 1908 admittens
2347 1855 2595 1923 salutem,
2627 1859 2917 1917 dimidiatis
2952 1864 3253 1922 hominibus
3284 1886 3434 1924 eam-

136 1945 190 1988 et
234 1935 285 1988 in
329 1935 739 1989 resnrrccliottis
778 1941 1027 1990 CVCIIlIml
1066 1931 1146 2005 (5)
1191 1935 1418 2001 ηιιιιητίν
1464 1935 1738 2004 οουνενιί,
1773 1934 1817 1992 Β
1848 1945 1968 1999 ili-ut
2002 1946 2117 2017 (1‘2)
2147 1948 2433 2005 adscribis?
2450 1951 2586 2020 Quid
2604 1963 2685 2008 est
2714 1956 2933 2012 credere
2966 1964 3433 2029 resurrectionem,

139 2028 418 2081 relirmari
450 2027 628 2082 licebit
655 2044 774 2082 cutu
805 2029 974 2081 Salute
1002 2029 1340 2082 substantite.

738 2114 964 2175 CAPUT
1006 2118 1138 2174 LVI.

211 2213 424 2268 Etenim
448 2229 603 2282 quam
625 2214 936 2279 absurdum,
961 2230 1120 2284 quam
1146 2230 1272 2270 vero
1295 2225 1346 2269 ct
1372 2214 1606 2285 iniquum
1633 2215 1732 2285 (6),

139 2317 425 2376 utrumque
455 2317 629 2361 autem
660 2321 816 2376 quam
845 2307 952 2361 Deo
977 2307 1273 2376 indignum,
1303 2309 1460 2362 aliam
1491 2309 1737 2361 substan-

139 2401 264 2451 tiam
307 2400 546 2468 operari,
591 2399 749 2452 aliam
789 2399 1037 2453 mercede
1075 2397 1153 2469 (7)
1201 2399 1480 2469 dispungi;
1525 2409 1582 2454 ut
1621 2399 1735 2453 luce

139 2495 355 2562 quidem
384 2509 510 2548 caro
542 2510 635 2562 per
663 2493 914 2564 martyria
945 2493 1192 2556 lanietur,
1224 2495 1324 2547 alia
1358 2507 1482 2546 vero
1511 2507 1736 2547 corone-

142 2594 256 2647 tur;
302 2585 426 2637 item
455 2599 487 2640 e
515 2586 804 2645 contrario.
839 2587 952 2638 haec
982 2584 1196 2652 quidem
1226 2600 1353 2639 caro
1383 2586 1432 2639 iu
1467 2586 1736 2653 spurcitiis

139 2679 431 2741 volutetur,
455 2678 556 2732 alia
583 2695 710 2733 vero
733 2679 1044 2733 damnetur!
1077 2678 1260 2734 Nonne
1285 2688 1501 2746 prmstat
1520 2693 1733 2733 omnem

137 2772 305 2826 semel
341 2771 497 2826 tidem
528 2788 556 2824 a
589 2787 683 2840 spe
713 2773 1126 2827 resurrectionis
1155 2773 1440 2838 abducere,
1481 2789 1636 2841 quam
1668 2773 1735 2828 de

135 2865 401 2929 gravitate
441 2871 598 2930 atque
633 2863 836 2930 justilia
882 2863 975 2916 Dei
1019 2862 1235 2918 ludere?
1276 2863 1596 2918 Marciouem
1641 2880 1735 2934 pro

140 2955 428 3008 Valentino
459 2954 794 3009 resuscitat-il
827 2955 1040 3025 quando
1071 2971 1244 3025 neque
1275 2965 1529 3018 mentem,
1564 2971 1735 3026 neque

137 3047 490 3110 memoriam,
547 3062 717 3115 neque
766 3048 1152 3102 conscientiam
1204 3049 1438 3103 hominis
1494 3048 1734 3105 hodierni

135 3138 399 3192 credibile
420 3137 491 3192 sit
511 3138 708 3192 aboleri
735 3154 829 3208 per
851 3139 1219 3194 indumentum
1245 3141 1370 3194 illttd
1395 3143 1733 3196 mutatorium

136 3232 558 3286 immortalitatis
581 3239 636 3285 et
663 3231 1053 3301 incorruptelae,
1079 3243 1332 3286 vacaturo
1357 3233 1562 3288 scilicet
1585 3249 1735 3288 emo-

1843 2039 1942 2092 nisi
1976 2040 2237 2110 integram
2267 2043 2528 2099 credere?
2567 2045 2620 2101 Si
2661 2048 2804 2102 enim
2835 2064 2960 2105 caro
2991 2052 3057 2106 de
3087 2052 3437 2112 dissolutione

1841 2131 2194 2198 reparabitttr,
2221 2133 2387 2189 multo
2420 2139 2584 2206 magis
2615 2139 2681 2192 de
2714 2139 2984 2198 vitiatioue
3016 2143 3131 2217 (13)
3154 2149 3430 2202 revocabi-

1843 2232 1945 2276 tur.
2005 2222 2301 2278 Minoribus
2356 2227 2555 2296 majora
2614 2233 2983 2299 praiscribttut.
3039 2237 3435 2309 Cujuscuutziue

1839 2316 2063 2369 membri
2095 2317 2454 2382 detruncatio.
2489 2323 2575 2377 vel
2607 2324 2842 2394 obtusio,
2879 2344 3058 2385 nonne
3089 2347 3236 2386 mors
3269 2351 3436 2390 mem-

1838 2407 1916 2461 bri
1942 2423 2020 2463 est
2039 2411 2061 2462 ?
2078 2410 2133 2465 Si
2164 2413 2481 2468 universalis
2508 2431 2652 2471 mors
2673 2423 3066 2480 resurrectione
3089 2428 3430 2494 rescinditur,

1837 2500 1962 2568 qttid
1987 2503 2427 2577 portionalis?(c)
2449 2506 2500 2562 Si
2523 2507 2861 2568 demittantur
2887 2515 2937 2568 in
2965 2517 3208 2586 gloriam,
3239 2533 3437 2589 quanto

1838 2593 2007 2660 magis
2039 2595 2090 2648 in
2123 2594 2573 2654 incolumitatem!
2618 2601 2835 2660 Vitialio
2868 2620 3151 2676 corporum
3183 2613 3432 2667 accidens

1839 2700 1929 2739 res
1970 2695 2087 2752 est;
2140 2687 2417 2758 integritas
2465 2695 2674 2761 propria
2718 2708 2845 2750 est:
2901 2698 2951 2751 in
3001 2699 3098 2754 hac
3141 2704 3430 2759 nascimur.

1839 2776 2061 2833 Etiamsi
2081 2781 2130 2832 iu
2152 2790 2304 2835 utero
2321 2784 2570 2838 vitientur
2590 2785 2635 2857 (I
2648 2784 2724 2857 4),
2743 2789 2846 2857 jam
2871 2789 3102 2848 hominis
3129 2804 3210 2849 est
3234 2800 3428 2865 passio.

1839 2868 1992 2923 Prius
2018 2880 2100 2925 est
2121 2888 2312 2941 genus,
2342 2891 2499 2944 quam
2527 2891 2700 2932 casus.
2729 2880 3011 2948 Quomodo
3035 2887 3136 2941 vita
3163 2891 3436 2946 confertur

1837 2979 1866 3015 a
1899 2964 2030 3026 Deo,
2065 2965 2132 3018 ita
2157 2975 2213 3020 et
2239 2967 2485 3022 refertur.
2516 2969 2708 3037 Quales
2735 2988 2850 3026 eam
2879 2978 3190 3047 accipimus.
3224 2984 3356 3052 tales
3382 2999 3435 3040 et

1839 3057 2148 3125 recipimus.
2179 3056 2415 3125 Naturae,
2450 3075 2556 3116 non
2588 3063 2792 3133 injuriae
2821 3066 3116 3124 reddimnr.
3151 3075 3302 3140 Quod
3336 3095 3431 3131 ua-

1837 3147 2059 3213 scimur,
2113 3164 2222 3206 non
2269 3151 2410 3218 quod
2457 3151 2723 3222 la‘dimur,
2775 3160 3162 3218 reviviscimus.
3219 3166 3274 3221 Si
3325 3184 3430 3223 non

1840 3239 2075 3310 integros
2115 3241 2256 3298 Deus
2292 3246 2545 3312 suscitat,
2590 3262 2697 3302 non
2734 3254 2957 3307 suscitat
2996 3269 3257 3314 mortuis.
3303 3260 3432 3328 Quis

136 3326 383 3379 lumento
410 3333 464 3378 et
491 3323 661 3377 fructu
688 3323 1116 3388 resurrectionis,
1147 3333 1201 3378 et
1227 3333 1366 3378 statu
1393 3323 1556 3379 divini
1584 3336 1725 3380 utro-
1754 3320 1801 3384 C
1833 3335 1975 3388 euitn
2025 3347 2266 3391 mortuus
2315 3338 2538 3409 integer,
2593 3343 2694 3397 etsi
2741 3343 2947 3417 integer
2993 3353 3258 3407 moritur?
3304 3320 3436 3423 Quis

135 3416 302 3485 hique
327 3415 534 3484 judicii.
565 3414 620 3468 Si
652 3430 755 3468 non
788 3416 1117 3471 meminerim
1152 3431 1237 3470 me
1266 3432 1388 3471 esse
1419 3419 1508 3486 qui
1539 3421 1731 3484 merui,

133 3506 412 3578 quomodo
449 3507 675 3573 gloriam
721 3506 830 3559 Deo
870 3507 1079 3560 dicam?
1129 3508 1397 3576 quomodo
1435 3523 1621 3564 cauam
1662 3512 1733 3565 illi

133 3616 337 3655 novum
359 3601 645 3664 canticum,
673 3599 918 3654 nesciens
934 3615 1018 3653 me
1034 3614 1155 3655 esse
1171 3601 1258 3670 qui
1277 3602 1501 3671 gratiam
1527 3603 1630 3657 Deo
1653 3602 1731 3676 (8)

133 3693 403 3748 debeam?
423 3692 532 3747 Cur
552 3705 728 3747 autem
753 3691 918 3746 solius
942 3692 1117 3746 carnis
1140 3693 1432 3749 demutatio
1453 3696 1731 3766 excipitur,

132 3804 243 3842 non
276 3797 333 3842 et
361 3787 553 3841 animat
581 3787 762 3852 simul,
795 3801 915 3857 quae
947 3787 997 3840 in
1027 3787 1276 3842 omnibus
1303 3787 1517 3858 prmfuit
1543 3791 1731 3846 carni?

130 3882 293 3951 quale
314 3890 416 3942 est,
436 3891 491 3934 ut
514 3879 592 3952 (9)
614 3880 800 3934 eadem
823 3881 1020 3946 anima,
1043 3895 1160 3950 qua:
1185 3881 1236 3934 in
1260 3879 1358 3936 hac
1379 3897 1539 3938 carne
1561 3893 1726 3939 totum

132 3976 259 4028 vita:
299 3972 544 4029 ordinem
584 3971 918 4040 decucurrit,
962 3988 1080 4043 qua:
1126 3973 1178 4028 in
1220 3972 1319 4027 hac
1359 3987 1522 4029 carne
1560 3975 1726 4032 Deum

1837 3424 2140 3491 incolumis,
2171 3431 2260 3498 qui
2289 3433 2588 3488 exanimis?
2611 3435 2755 3506 quod
2785 3453 2979 3510 corpus
3009 3443 3273 3510 iula‘sum,
3307 3464 3428 3503 eum

1837 3519 2237 3589 interemptum,
2281 3538 2401 3578 cum
2445 3524 2715 3594 frigidum,
2759 3546 2880 3585 cum
2919 3535 3266 3604 expallidum,
3309 3554 3430 3594 eum

1835 3610 2084 3677 edurum,
2118 3629 2240 3668 cum
2272 3618 2545 3670 cadaver?
2579 3617 2648 3690 (f)
2693 3621 2915 3686 Quando
2945 3627 3112 3696 magis
3143 3629 3303 3684 homo
3334 3633 3430 3687 de-

1838 3703 1982 3771 bilis,
2015 3709 2115 3760 nisi
2146 3722 2267 3762 cum
2301 3709 2480 3763 totus?
2508 3711 2719 3780 quando
2751 3717 2920 3786 magis
2952 3721 3293 3792 paralytieus,
3329 3727 3431 3782 nisi

1836 3810 1959 3850 cum
1990 3797 2314 3852 immobilis?
2340 3798 2437 3864 Ita,
2469 3801 2602 3857 nihil
2626 3804 2770 3861 aliud
2797 3817 2879 3863 est
2907 3819 3174 3867 mortuum
3202 3819 3431 3872 resusci-

1835 3887 1966 3955 tari,
2007 3903 2166 3957 quam
2204 3889 2470 3961 integrum
2506 3895 2653 3960 lieri;
2695 3913 2762 3951 ne
2796 3913 2863 3954 ex
2900 3915 2963 3956 ea
3004 3914 3152 3972 parte
3187 3917 3431 3966 mortuus

1833 3978 2008 4033 adhuc
2049 3979 2147 4045 sit,
2191 3996 2258 4036 ex
2301 3998 2403 4053 qua
2450 3999 2554 4040 non
2597 3992 2970 4049 resurrexerit.
3017 3993 3248 4055 Idoneus
3291 4002 3428 4060 Deus

1359 4087 1737 4150 LECTIONES
1774 4091 2186 4153 VARIANTES.

195 4207 208 4260 i
221 4207 270 4265 1)
301 4203 355 4253 In
377 4201 672 4265 lapidatione
699 4203 862 4254 Paris.
886 4207 1037 4257 Fran.

197 4265 272 4328 (2)
298 4265 680 4328 Transtiguravit
719 4269 884 4318 Venet.

195 4325 273 4388 (ὃ)
302 4330 401 4379 Etsi
424 4325 568 4379 Rhin.
587 4328 736 4379 Semt.

201 4395 272 4463 (ᾗ)
295 4391 396 4463 Suo
413 4390 511 4463 del.
539 4391 639 4463 θῇς).
674 4393 840 4442 Venet.

198 4454 272 4524 et

199 4514 274 4578 (6)
304 4515 559 4565 Ethnieum
583 4514 670 4578 alii
686 4517 927 4578 mendose.

204 4577 273 4641 [7)
302 4578 581 4629 Mercedem
599 4577 749 4630 alien.
772 4577 924 4629 Sentl.

1750 4571 1804 4631 D

1916 4213 1968 4273 8)
1994 4213 2106 4266 Deo
2127 4215 2226 4267 del.
2259 4216 2402 4269 (then.
2424 4220 2575 4273 Seml.

1914 4219 1968 4340 3i
1995 4219 2432 4332 BSZt‘iif'a’ii’éti

1921 4340 1998 4466 10)
2025 4340 2126 4391 Illae
2144 4342 2359 4414 vulgaris
2375 4347 2423 4394 in
2439 4349 2644 4410 argutiae
2663 4348 2750 4400 alii

1921 4403 1968 4466 ll
2022 4402 2127 4466 Etsi
2151 4411 2315 4455 ueteri
2338 4420 2517 4459 omnes.

1919 4402 1998 4459 il)
2024 4402 2127 4452 Etsi
2151 4402 2317 4455 crciari
2338 4402 2517 4459 onmes‘.

1917 4464 1993 4524 12)
2022 4465 2201 4516 Eadem
2228 4466 2378 4519 RIten.
2398 4467 2550 4520 Sentl.

1923 4529 1998 4596 la)
2023 4527 2298 4596 Xexatioue
2314 4545 2474 4596 omnes
2492 4539 2670 4596 prtetcr
2693 4538 2728 4587 ,1
2734 4535 2918 4591 uniuni.

1923 4535 1974 4577 I5
2026 4535 2298 4579 Vexatioue
2314 4545 2474 4584 omnes
2492 4539 2670 4596 praeter
2693 4538 2784 4588 Jut.

1920 4535 1998 4652 Η)
2023 4589 2280 4642 Vexemur
2303 4593 2454 4645 RIten.
2479 4595 2587 4661 Βία.
2620 4600 2784 4651 Venet.

1890 4403 1912 4653 Ξ

1498 4685 2055 4752 COMMENTARIUS.

131 4820 378 4865 carnem,
427 4818 586 4871 quam
637 4803 928 4876 habemus,_
964 4801 1377 4876 fruitnraminon
1407 4818 1527 4861 esse
1553 4808 1719 4876 gloria

131 4876 565 4939 resurrectionis,
611 4876 862 4945 quoniam
915 4873 1183 4930 immutari
1241 4875 1422 4943 debet,
1472 4887 1527 4931 ιιι
1558 4873 1722 4933 docet

127 4947 441 5011 Apostolus.
471 4945 547 5000 Ls
584 4945 678 5000 Pa.

206 5016 283 5088 (a)
315 5017 419 5072 Sed
445 5018 733 5089 liniamenta
765 5014 916 5069 Petro
935 5017 1281 5087 agnoscibilia.
1305 5017 1722 5089 Tt'ansﬁgttratio

128 5090 333 5143 Christi
367 5104 550 5142 norma
580 5088 671 5140 fuit
704 5089 1112 5142 resurrecnouis
1141 5097 1354 5152 nostra);
1379 5088 1544 5156 quare
1575 5092 1718 5161 quis-

127 5176 236 5227 que
267 5162 580 5214 lineamenta
611 5169 664 5231 et
695 5161 916 5231 formant
947 5173 1107 5231 suam
1140 5161 1450 5221 reservabit,
1484 5177 1584 5231 qua
1630 5178 1719 5216 eo-

127 5232 316 5298 gnosci
345 5240 523 5300 queat,
552 5229 702 5298 cujus
739 5230 975 5285 rationes
1020 5230 1194 5285 reddit
1240 5231 1480 5286 Justinus
1504 5229 1718 5302 ‘qtturst.

123 5302 217 5358 60.
254 5301 378 5355 Lac.

209 5371 290 5443 (Ιι)
344 5372 481 5426 Alter
515 5374 566 5428 itt
602 5372 821 5441 imagine
855 5371 1022 5425 carnis
1070 5373 1292 5425 nondum
1329 5384 1556 5442 rerepttp.
1602 5375 1722 5431 Ilmc

131 5444 446 5497 Tertulliani
474 5446 731 5498 sententia
759 5443 1008 5511 probatttr
1029 5459 1056 5495 a
1085 5444 1141 5498 S.
1167 5444 1365 5497 Thoma
1394 5448 1442 5497 in
1471 5462 1716 5499 commen-

131 5516 280 5566 Iuriis
320 5517 372 5566 in
402 5514 584 5568 Matth.
619 5525 670 5570 et
697 5516 731 5569 '5
760 5532 808 5582 p.
841 5531 891 5582 q.
942 5515 1030 5577 45',
1077 5525 1175 5566 art.
1207 5517 1240 5567 5
1282 5513 1366 5566 ad.
1413 5517 1466 5578 ‘2;
1513 5517 1629 5568 Lira
1671 5519 1722 5571 in

136 5584 757 5650 .lluttlt.X\'ll,Ahuleu~i
790 5595 964 5652 quam.
1000 5585 1068 5639 54
1090 5595 1140 5638 et
1161 5585 1488 5639 53.'I'antetsi
1510 5589 1718 5642 I’:tIt'lltt|

129 5667 189 5710 et
219 5655 570 5730 Iutet'pretttut
595 5655 1011 5730 plurasuﬂ‘ragia
1028 5657 1298 5730 suadeant
1320 5659 1474 5710 etiam
1503 5658 1716 5730 Moyan

129 5730 188 5779 in
235 5727 460 5781 veritate
489 5729 794 5781 suntearnis
819 5729 1153 5795 apparuisse,
1197 5728 1285 5795 qui
1325 5743 1356 5782 e
1395 5727 1616 5784 tttortuis
1654 5731 1720 5784 ad

129 5811 347 5865 tempus
392 5799 514 5852 illud
549 5800 855 5852 resurrexit.
893 5799 1165 5866 Approbat
1211 5799 1346 5853 hanc
1399 5801 1718 5854 sententiam

131 5869 467 5942 Epiphanius
497 5884 560 5924 ex
602 5869 793 5942 I’roclo
830 5876 884 5923 et
924 5868 1209 5942 ulethodio;
1256 5873 1476 5942 August.
1525 5871 1619 5942 lib:
1638 5870 1718 5942 illi!

126 5940 199 6002 de
237 5938 426 5998 inirab.
458 5944 641 6014 script.
684 5955 733 5998 e.
779 5941 880 6007 to;
931 5940 1286 6019 llierouymus
1334 5938 1385 5999 in
1434 5956 1552 6014 cap.
1581 5940 1724 6000 XVII

1829 4812 2012 4866 Matth.
2057 4811 2188 4870 Lac.

1899 4883 1973 4966 (ιτ)
2028 4883 2089 4938 In
2150 4887 2417 4966 tramittant
2462 4892 2772 4966 substantiae.
2815 4896 3107 4956 Transitnm
3155 4904 3240 4962 hic
3282 4909 3416 4966 dit-it

1827 4954 2027 5048 Antcto‘r
2048 4957 2188 5048 quod
2209 4968 2384 5022 antea,
2407 4960 2505 5014 hoc
2526 4965 2719 5048 capite,
2742 4981 2846 5021 non
2871 4974 3033 5025 setttel

1824 5035 1963 5113 sicut
1988 5035 2254 5081 transitum
2281 5041 2503 5113 mortem
2535 5036 2804 5113 appellare
2830 5035 3084 5096 solemus.
3109 5049 3259 5113 Quod
3289 5035 3421 5106 con:

1827 5096 2067 5178 Iit-utatur
2105 5115 2169 5152 ex
2201 5115 2266 5152 eo
2295 5102 2436 5178 quod
2482 5096 2655 5158 addit:
2700 5104 2841 5175 Ergo
2880 5121 2928 5164 et
2965 5096 3416 5178 Smtlfinma‘lin't'n

1825 5169 1986 5220 virum
2014 5185 2299 5236 conversus,
2330 5171 2394 5226 de
2415 5189 2625 5242 corpore
2643 5193 2734 5230 suo
2759 5169 2988 5238 excessit.
3018 5169 3154 5241 Pan.

1898 5261 2048 5341 ῼΑξ).
2079 5261 2232 5341 LVII.
2266 5294 2334 5341 ‘—
2368 5263 2446 5341 (εἰ)
2489 5264 2557 5320 Ut
2589 5269 2700 5338 quis
2734 5270 2944 5341 insignis
2978 5286 3260 5335 excesserit.
3295 5283 3412 5340 Vox

1823 5331 2036 5400 insignis
2061 5348 2163 5421 pro
2192 5331 3414 5421 deformi"ttottnt'tnquattt"usurpatur,perinde

1824 5418 1886 5456 ac
1914 5406 2104 5473 gr.rcis
2130 5409 2372 5472 ἐπίσημρις.
2411 5406 2483 5460 ιε
2511 5407 2606 5463 Pu.

1897 5494 1971 5578 (4:)
2015 5495 2074 5547 Si
2099 5495 2419 5579 demittantur
2443 5500 2494 5552 in
2521 5502 2757 5570 gloriam,
2793 5520 2978 5574 quanto
3010 5515 3168 5579 magis
3194 5517 3245 5568 in
3273 5517 3414 5569 inro—

1825 5565 2123 5642 Inmitntetn.
2169 5567 2290 5620 Ilaec
2329 5571 2428 5642 erit
2466 5565 2753 5640 t-o'rpot'uttt
2791 5565 3010 5634 mutatio
3050 5565 3411 5642 iti'remtrree-

1827 5638 1990 5725 timt'e,
2034 5647 2089 5689 ttt
2130 5655 2242 5720 non.
2272 5639 2453 5708 quales
2492 5638 2678 5696 mortui
2721 5647 2939 5713 fuerint,
2979 5638 3409 5725 resurgautpggn

1823 5709 1993 5776 qualis
2021 5719 2136 5761 erat
2160 5709 2368 5833 Erimus
2401 5728 2589 5780 parcns
2618 5725 2900 5788 antequam
2929 5709 3409 5786 i-cuum‘.’meum.

1824 5779 2126 5833 attingeret.
2208 5795 2237 5833 ις
2265 5780 2358 5833 Pu.

1824 5779 2126 5847 attingeret.
2160 5779 2237 5834 Ls.
2265 5780 2358 5834 Pu.

1899 5869 1962 5952 (ί)
2005 5869 2221 5952 Quando
2251 5873 2411 5952 magis
2437 5875 2792 5952 frontoﬂebilia
2820 5884 2918 5939 nisi
2947 5903 3060 5941 cum
3092 5899 3220 5946 totas
3251 5892 3272 5927 ⁹
3298 5900 3398 5952 iiut

1825 5951 1933 6009 est,
1965 5956 2079 5998 cum
2107 5951 2239 5999 totus
2271 5954 2340 5999 est
2367 5946 2560 6004 debitis.
2599 5948 2712 6008 lite.
