4220 6492
163 410 273 473 877

1173 412 1376 471 LIBER
1417 413 1503 471 DE
1543 412 2119 478 RESURRECTIONE
2156 416 2426 479 CARNIS.

3355 423 3458 489 878

164 532 468 605 Stephanus
519 529 818 605 angelicum
859 530 967 604 jam
1015 534 1276 602 fastigium
1320 533 1587 598 induerat,
1653 533 1744 588 sed
1775 536 1825 595 Α
1853 534 2055 603 didicit,
2087 549 2136 593 et
2165 537 2434 595 Christum
2459 537 2650 608 induit,
2679 549 2730 597 el
2760 553 2910 613 spem
2937 542 3123 601 salutis
3145 545 3449 620 seminavit,

163 644 272 683 non
326 629 428 682 alia
472 644 642 699 genua
688 628 991 699 lapidationi
1021 628 1474 701 (l)suecidcraut.
1501 630 1753 685 Dominus

157 736 372 792 quoque
401 722 450 775 in
487 737 701 777 secessu
732 723 927 776 montis
950 725 1108 777 etiam
1147 725 1459 778 vesnnicnta
1491 723 1607 778 luce
1637 739 1753 777 uiu-

158 826 388 882 laverat,
423 816 500 888 (a)
537 819 631 872 sed
664 818 970 873 liniamenta
1000 816 1157 872 Petro
1186 817 1531 887 agnoscibilia
1566 831 1748 872 serva-

157 921 338 965 verat:
383 912 468 963 ubi
501 912 658 965 etiam
700 911 908 981 Moyses
941 921 991 964 et
1029 908 1229 972 IIelias,
1258 908 1332 982 (b)
1360 910 1493 964 alter
1531 911 1582 964 in
1615 910 1747 964 ima-

152 1003 278 1072 gine
295 1004 470 1056 carnis
493 1003 726 1057 nondum
752 1012 1000 1072 receptrr,
1031 1004 1168 1058 alter
1196 1003 1245 1057 in
1271 1005 1492 1058 veritate
1514 1004 1746 1058 nondum

151 1094 443 1157 defuncte,
476 1095 718 1149 eamdem
740 1104 912 1149 tamen
936 1095 1295 1150 habitudinem
1319 1096 1559 1165 corporis
1587 1098 1745 1150 etiam

153 1189 204 1243 in
262 1190 429 1258 gloria
485 1204 832 1258 perseverare
878 1189 1189 1244 docuerant.
1240 1191 1313 1244 De
1354 1205 1461 1260 quo
1503 1192 1747 1260 exemplo

148 1280 444 1335 instructus
469 1292 522 1334 et
551 1281 772 1334 Paulus:
811 1280 910 1345 Qui
941 1282 1319 1352 traus/igurnbit
1374 1280 1477 1350 (Ξ),
1533 1281 1704 1352 inquit
1728 1325 1743 1350 ,

145 1392 334 1443 corpus
377 1376 676 1429 humilitatis
720 1387 927 1440 nostrw,
975 1376 1288 1446 conforumte
1329 1378 1528 1445 corpori
1569 1378 1745 1446 gloria!

143 1485 272 1521 sine.
301 1468 453 1532 Quod
476 1467 518 1520 si
542 1478 594 1522 et
619 1467 698 1539 (ὖ)
725 1469 1242 1537 traiisligurationem
1267 1480 1315 1521 et
1339 1472 1743 1524 conversionem

145 1564 196 1616 in
227 1563 508 1616 transitum
535 1563 844 1616 substantiae
867 1561 944 1633 (c)
969 1562 1225 1631 cujusque
1247 1562 1510 1628 delendis,
1539 1579 1666 1633 ergo
1691 1574 1744 1617 et

140 1657 272 1710 Saul
315 1657 363 1708 in
402 1657 564 1710 alium
604 1656 772 1708 virum
809 1669 1123 1717 ionversus,
1164 1655 1231 1709 de
1267 1669 1492 1723 corpore
1528 1669 1626 1708 suo
1665 1654 1742 1726 (4)

139 1750 396 1815 excessit,
423 1759 476 1805 et
500 1751 612 1818 ipse
634 1748 882 1812 Satanas,
913 1764 1033 1801 eum
1059 1747 1111 1801 in
1137 1748 1384 1815 angelum
1410 1749 1541 1803 lucis
1570 1758 1742 1802 trans-

141 1844 421 1911 liguratur,
461 1841 767 1909 qualitatem
806 1855 955 1894 suam
997 1840 1230 1893 amittit:
1277 1855 1382 1894 non
1414 1841 1625 1910 opinor.
1663 1838 1738 1894 Ita

1858 629 1910 682 in
1938 631 2062 694 alia,
2095 635 2277 687 nescio
2298 649 2420 703 qua,
2453 642 2618 690 metat
2644 634 2910 691 fructum?
2938 637 3030 692 Na:
3059 639 3147 694 illa
3172 643 3448 711 gratiosis-

1856 723 1988 774 sima
2018 738 2175 788 caro,
2218 727 2300 780 cui
2343 727 2507 796 gratis
2536 727 2643 781 vita
2669 729 2955 784 constabit.
3000 730 3152 798 Quod
3184 734 3226 786 si
3260 749 3363 788 non
3398 746 3451 792 et

1854 815 2031 868 anima
2062 817 2371 882 mutabitur,
2397 819 2503 888 jam
2530 833 2631 875 nec
2649 821 2842 874 anima:
2865 825 3188 879 resurrectio
3210 835 3320 891 est;
3351 844 3451 884 nec

1855 905 1967 976 ipsa
2003 910 2146 963 enim
2190 912 2552 968 rcsurrexisse
2581 913 2860 980 credetur,
2902 918 2948 972 si
2989 932 3092 973 non
3132 920 3234 975 alia
3267 937 3449 976 resur-

1853 1010 2067 1055 τωρωι.

2437 1096 2663 1154 CAPUT
2703 1099 2859 1157 LVII.

1889 1202 2023 1259 Hinc
2042 1204 2150 1274 jam
2177 1204 2263 1262 illa
2287 1208 2518 1280 vulgaris
2547 1210 2934 1269 incredulitatis
2956 1218 3157 1288 argutia
3182 1218 3300 1291 (l0)
3324 1231 3438 1275 est:

1851 1292 1928 1356 Si,
1963 1297 2225 1366 inquiunt,
2257 1300 2366 1370 ipsa
2388 1302 2682 1372 cadamque
2700 1306 2992 1361 substantia
3020 1321 3298 1364 revocatur
3323 1329 3442 1366 cum

1849 1401 1943 1440 sua
1984 1388 2172 1451 forma,
2215 1390 2374 1454 linea,
2416 1394 2694 1462 qualitate,
2734 1411 2863 1467 ergo
2899 1409 2955 1453 et
2992 1415 3110 1455 cuai
3148 1403 3446 1473 insignibus

1848 1477 1959 1531 suis
1989 1479 2244 1550 reliquis:
2279 1483 2459 1553 itaque
2488 1495 2540 1539 et
2568 1488 2716 1553 (δευρὶ,
2753 1498 2807 1543 et
2834 1490 3027 1556 claudi,
3061 1504 3114 1547 et
3145 1497 3446 1566 paralytiei,

1850 1582 1899 1622 et
1919 1569 2033 1641 (Il)
2054 1580 2107 1625 ut
2124 1574 2476 1646 quisinsignis
2493 1582 2784 1634 excesserit
2814 1581 2893 1653 (Δ)
2910 1626 2925 1650 ,
2954 1584 3023 1638 ita
3046 1596 3099 1639 et
3124 1599 3439 1643 revertetur.

1847 1663 1982 1731 Quid
2003 1669 2187 1722 'nunc?
2214 1679 2268 1725 et
2296 1670 2341 1725 si
2371 1671 2464 1735 ita,
2495 1672 2801 1743 dedignaris
2831 1687 3029 1733 tantam
3057 1683 3278 1748 gratiam
3309 1700 3440 1752 qua-

1847 1753 2140 1826 liscumque
2165 1775 2193 1812 a
2224 1760 2331 1815 Deo
2355 1764 2649 1833 consequi?
2678 1765 2792 1820 Non
2816 1769 2957 1823 enim
2987 1782 3034 1824 et
3069 1789 3226 1838 nunc,
3250 1777 3443 1831 anima:

1845 1850 2010 1904 solius
2035 1851 2324 1908 admittens
2351 1855 2598 1923 salutem,
2631 1858 2921 1916 dimidiatis
2957 1863 3257 1921 hominibus
3289 1885 3439 1923 eam-

136 1946 193 1989 ct
237 1936 289 1989 in
333 1937 742 1990 resurrectionis
781 1942 1029 1990 eventum
1069 1933 1149 2006 (5)
1195 1936 1421 2002 mutari,
1467 1935 1742 2004 converti,
1775 1934 1820 1994 Β
1852 1945 1971 2000 dum
2005 1946 2120 2018 (12)
2151 1948 2437 2005 adscribis?
2453 1952 2589 2020 Quid
2608 1963 2688 2008 est
2717 1955 2938 2011 credere
2971 1962 3438 2028 resurrectionem,

138 2029 421 2083 refirmari
453 2029 630 2083 licebit
659 2045 778 2083 cum
808 2030 977 2082 Salute
1005 2029 1344 2083 substantiam

741 2114 967 2176 CAPUT
1010 2119 1142 2175 LVI.

213 2214 426 2269 Etenim
450 2230 606 2283 quam
629 2215 939 2282 absurdum,
965 2231 1123 2285 quam
1149 2231 1275 2271 vero
1299 2226 1350 2270 ct
1375 2215 1609 2286 iniquum
1636 2216 1735 2286 (6),

139 2318 428 2376 utrumque
457 2318 634 2362 autem
663 2323 819 2377 quam
848 2308 955 2362 Deo
981 2308 1276 2378 indignum,
1306 2310 1463 2363 aliam
1494 2309 1740 2362 Slllhlﬂlt-

139 2401 269 2452 tiam
311 2400 550 2469 operari,
595 2400 753 2453 aliam
793 2399 1040 2454 mercede
1079 2399 1157 2470 (7)
1205 2400 1483 2470 dispungi;
1528 2410 1586 2454 ut
1625 2400 1739 2454 hrec

138 2496 358 2563 quidem
387 2510 514 2548 caro
546 2510 639 2563 per
667 2493 918 2564 martyria
949 2493 1196 2557 lanietur,
1228 2496 1328 2547 alia
1361 2508 1486 2547 vero
1514 2508 1740 2548 corone-

142 2595 260 2648 tur;
306 2586 430 2638 item
459 2600 491 2641 e
519 2587 808 2647 contrario,
843 2588 956 2638 haec
985 2585 1200 2653 quidem
1230 2601 1357 2640 caro
1385 2587 1435 2639 in
1471 2587 1740 2654 spurcitiis

140 2680 434 2742 volutetur,
459 2679 560 2733 alia
587 2695 714 2734 vero
736 2679 1048 2734 damnetur!
1081 2679 1264 2734 Nonne
1289 2689 1505 2747 prmstat
1524 2694 1738 2734 omnem

140 2773 308 2827 semel
344 2772 501 2827 [idem
532 2789 560 2825 a
593 2789 687 2842 spe
716 2773 1130 2829 resurrectionis
1159 2774 1444 2837 abducere,
1485 2789 1640 2841 quam
1672 2773 1740 2829 de

138 2866 404 2932 gravitate
445 2873 602 2932 atque
637 2864 841 2932 justitia
887 2863 980 2918 Dei
1024 2863 1239 2918 ludere?
1280 2864 1601 2920 Marcionem
1645 2880 1740 2934 pro

143 2956 432 3010 Valentino
462 2956 799 3010 resuscitari!
831 2957 1045 3026 quando
1075 2972 1248 3026 neque
1279 2966 1534 3018 tuentem,
1569 2972 1740 3027 neque

141 3049 494 3112 memoriam,
551 3063 721 3116 neque
770 3050 1156 3104 conscientiam
1208 3049 1442 3104 hominis
1499 3049 1740 3105 hodierni

140 3140 403 3194 credibile
424 3140 494 3194 sit
514 3140 712 3195 aboleri
739 3156 834 3210 per
855 3141 1223 3195 indumentum
1250 3141 1374 3196 illud
1400 3143 1738 3196 mutatorium

142 3233 562 3287 immortalitatis
585 3241 640 3287 et
667 3233 1058 3303 ineorruptelm,
1083 3245 1336 3288 vacaturo
1361 3234 1566 3289 scilicet
1590 3249 1740 3289 emo-

1847 2039 1946 2092 nisi
1980 2040 2240 2110 integram
2271 2043 2531 2099 credere?
2571 2045 2624 2101 Si
2665 2047 2808 2101 enim
2838 2063 2965 2104 caro
2995 2050 3061 2104 de
3092 2051 3442 2110 dissolmione

1846 2131 2198 2198 reparahitur,
2224 2133 2391 2188 multo
2423 2139 2587 2206 magis
2619 2139 2684 2191 de
2718 2138 2988 2197 vitiatione
3020 2141 3136 2214 (15)
3159 2147 3434 2200 revocabi-

1847 2233 1949 2276 tur.
2009 2222 2304 2278 Minoribus
2359 2227 2559 2296 majora
2617 2233 2988 2299 prmscribttnt.
3043 2235 3440 2308 Cujuseumziue

1843 2316 2067 2370 membri
2100 2317 2457 2382 detruncatio,
2493 2323 2578 2376 vel
2611 2324 2845 2393 obtusio,
2884 2343 3062 2384 nonne
3094 2346 3240 2385 mors
3273 2349 3441 2388 mem-

1842 2407 1920 2462 bri
1947 2423 2024 2464 est
2043 2411 2065 2462 ?
2083 2410 2138 2465 Si
2168 2414 2484 2467 universalis
2511 2431 2656 2470 mors
2677 2422 3071 2479 resurrectione
3093 2426 3435 2493 rescinditur,

1842 2501 1966 2569 quid
1991 2502 2338 2570 portionalis?
2358 2504 2430 2576 (c)
2452 2506 2504 2562 Si
2526 2506 2865 2567 demittantur
2891 2514 2941 2567 in
2970 2516 3213 2585 gloriam,
3244 2533 3442 2589 quanto

1842 2595 2011 2661 magis
2043 2595 2094 2648 iu
2127 2594 2577 2654 incolumitatem!
2623 2600 2839 2659 Vitiatio
2872 2619 3156 2676 corporum
3188 2611 3438 2667 accidens

1844 2701 1933 2740 res
1975 2696 2091 2753 est;
2143 2688 2421 2759 integritas
2468 2694 2678 2761 propria
2723 2707 2802 2749 est
2838 2713 2850 2749 :
2906 2698 2956 2751 in
3005 2699 3104 2754 hac
3147 2704 3434 2759 nascimur.

1843 2777 2065 2834 Etiamsi
2085 2781 2134 2833 iu
2156 2790 2307 2835 utero
2324 2784 2574 2838 vitiemur
2594 2784 2729 2858 (M),
2748 2789 2851 2857 jam
2876 2789 3107 2848 hominis
3134 2804 3216 2849 est
3239 2799 3432 2864 passio.

1843 2869 1997 2924 Prius
2022 2881 2104 2926 est
2125 2888 2315 2942 genus,
2345 2891 2502 2944 quam
2531 2891 2705 2933 casus.
2735 2880 3016 2948 Quomodo
3040 2887 3141 2940 vita
3167 2891 3441 2945 confertur

1842 2979 1871 3015 a
1904 2964 2035 3026 Deo,
2069 2965 2136 3019 ita
2162 2975 2217 3020 et
2243 2968 2488 3022 refertur.
2519 2969 2714 3038 Quales
2740 2989 2856 3027 eam
2884 2978 3195 3047 accipimus,
3229 2984 3361 3050 tales
3387 2998 3439 3038 et

1843 3057 2153 3125 recipimus.
2183 3057 2419 3126 Naturae,
2453 3077 2560 3116 non
2593 3063 2798 3134 injuriae
2827 3066 3120 3124 reddimur.
3155 3074 3307 3139 Quod
3342 3093 3436 3130 ua-

1843 3147 2064 3213 sciuiur,
2119 3164 2227 3206 non
2272 3151 2413 3219 quod
2461 3152 2728 3222 la-dimur,
2780 3160 3166 3217 reviviscimus.
3224 3165 3279 3220 Si
3330 3183 3435 3222 non

1846 3238 2081 3311 integros
2121 3241 2260 3297 Deus
2297 3246 2549 3312 suscitat,
2594 3263 2701 3302 non
2740 3253 2962 3306 suscitat
3001 3268 3262 3314 mortuis.
3309 3259 3437 3327 Quis

141 3327 387 3380 lmneuto
415 3335 468 3380 et
494 3325 666 3379 fructu
692 3325 1120 3389 resurrectionis,
1151 3335 1205 3379 et
1231 3334 1370 3379 statu
1398 3325 1560 3380 divini
1589 3337 1730 3381 utro-
1759 3320 1806 3384 C
1839 3335 1980 3387 enim
2030 3345 2271 3391 mortuus
2319 3337 2542 3409 integer,
2597 3342 2698 3397 etsi
2746 3342 2952 3416 integer
2998 3353 3263 3407 moritur?
3309 3320 3441 3422 Quia

141 3418 306 3488 biquc
332 3417 538 3487 judieii.
569 3417 625 3470 Si
656 3433 760 3471 non
792 3417 1122 3471 meminerim
1157 3433 1242 3471 me
1270 3433 1392 3472 esse
1423 3419 1512 3486 qui
1543 3421 1735 3484 merui,

138 3509 416 3580 quomodo
454 3509 679 3576 gloriam
727 3509 834 3562 Deo
875 3508 1084 3562 dicant?
1133 3508 1402 3577 quomodo
1439 3523 1626 3563 canam
1667 3512 1739 3565 illi

139 3618 342 3657 novum
364 3603 651 3666 canticum,
678 3601 921 3655 nesciens
938 3615 1023 3654 mc
1039 3614 1159 3655 esse
1176 3601 1264 3670 qui
1282 3602 1505 3671 gratiam
1531 3602 1636 3657 Deo
1659 3602 1736 3676 (8)

138 3696 368 3750 debeam
386 3695 408 3747 ?
429 3693 537 3749 Cur
557 3707 733 3748 autem
758 3693 922 3748 solius
945 3693 1122 3748 carnis
1145 3693 1436 3748 demutatio
1456 3696 1737 3766 excipitur,

138 3805 248 3843 nou
282 3797 338 3844 et
365 3788 558 3842 animze
586 3788 767 3851 simul,
800 3802 919 3857 qua:
950 3787 1001 3840 in
1031 3787 1280 3842 omnibus
1308 3786 1521 3858 przrfuit
1549 3790 1736 3846 carni?

136 3883 299 3952 quale
319 3891 421 3944 est,
441 3892 494 3935 ut
518 3878 597 3953 (9)
620 3880 805 3935 eadem
827 3882 1025 3946 anima,
1047 3895 1165 3950 quae
1190 3881 1240 3934 in
1265 3879 1362 3936 hac
1382 3897 1544 3938 carne
1566 3893 1732 3939 totum

137 3977 266 4030 vitae
305 3973 549 4030 ordinem
589 3971 922 4040 decucurrit,
967 3988 1086 4043 qua:
1131 3973 1182 4027 in
1225 3972 1324 4027 hac
1363 3988 1527 4029 carne
1565 3975 1732 4032 Deum

1842 3424 2146 3491 incolumis,
2176 3430 2265 3498 qui
2293 3432 2592 3487 exanimis?
2615 3435 2760 3505 quod
2791 3453 2985 3509 corpus
3014 3442 3278 3510 iularsum,
3311 3463 3433 3502 cum

1842 3519 2242 3589 interemptum,
2286 3538 2406 3577 cum
2449 3523 2720 3592 frigidum,
2764 3545 2886 3584 eum
2925 3534 3271 3602 expallidum,
3314 3553 3435 3592 cum

1841 3610 2090 3677 edurum,
2123 3628 2245 3667 cum
2277 3617 2550 3670 cadaver?
2583 3615 2653 3689 (ι’)
2698 3620 2921 3686 Quando
2951 3626 3117 3695 magis
3147 3627 3307 3684 homo
3339 3632 3435 3686 de-

1844 3703 1988 3771 bilis,
2021 3709 2120 3760 nisi
2151 3721 2272 3761 cum
2306 3709 2484 3762 totus?
2513 3711 2725 3779 quando
2757 3717 2926 3786 magis
2957 3721 3298 3791 paralyticos,
3334 3726 3436 3781 nisi

1842 3810 1964 3849 cum
1994 3797 2319 3852 immobilis?
2344 3798 2441 3864 Ita,
2473 3800 2607 3857 nihil
2631 3804 2776 3860 aliud
2803 3817 2886 3862 est
2913 3819 3178 3867 mortuum
3206 3818 3436 3872 resusci-

1841 3887 1971 3955 tari,
2012 3903 2171 3957 quam
2209 3889 2475 3961 integrum
2511 3895 2658 3959 tieri;
2701 3912 2768 3951 ne
2802 3913 2870 3953 ex
2906 3915 2970 3955 ea
3010 3913 3157 3972 parte
3192 3917 3436 3964 mortuus

1839 3978 2014 4033 adhuc
2055 3980 2152 4044 sit,
2195 3996 2263 4036 ex
2305 3997 2408 4053 qua
2455 3999 2559 4039 nou
2602 3992 2976 4048 resurrexerit.
3023 3993 3253 4054 ldoneus
3296 4001 3432 4059 Deus

1364 4087 1744 4150 LECTIONES
1779 4091 2191 4152 VABIANTES.

201 4208 277 4267 (1)
308 4205 360 4254 la
383 4203 678 4267 lapidatione
704 4203 867 4256 Paris.
890 4207 1043 4258 Frau.

203 4267 278 4330 (2)
303 4267 686 4330 'I‘ranstiguravit
718 4270 889 4330 (Venet.

201 4327 278 4386 (3)
305 4331 406 4380 Etsi
431 4327 573 4380 tilica.
591 4329 741 4380 Semt.

207 4397 279 4464 (ᾗ)
301 4392 401 4464 Suo
418 4391 517 4464 del.
544 4391 645 4464 [ᾔει.
679 4395 845 4443 Venet.

204 4456 278 4519 (ὅ)
307 4454 495 4519 Eventu
518 4452 623 4505 alii.

1900 4213 1953 4272 (8
2000 4213 2111 4266 Deo
2133 4215 2231 4266 del.
2263 4215 2406 4268 Rhen.
2429 4219 2580 4273 Seml.

1900 4218 1974 4339 (9i
2004 4277 2065 4327 Ut
2081 4277 2212 4329 abest
2233 4292 2265 4329 a
2284 4281 2437 4332 Rhea.

1921 4277 2265 4352 9)‘U"t._ubest_a
2284 4281 2437 4352 Iihen.

1896 4273 1981 4396 (ili),
2004 4277 2212 4389 Iubest
2233 4292 2265 4329 a
2284 4281 2437 4355 Iihen.
2593 4349 2602 4358 _
2729 4348 2758 4358 η

1985 4340 2003 4466 3
2059 4404 2066 4415 ε
2089 4355 2131 4414 te
2149 4341 2364 4414 vulgaris
2379 4358 2427 4393 in
2444 4352 2649 4409 argutia;
2669 4349 2758 4400 alt:

1897 4403 1974 4466 (tt
2030 4402 2132 4466 Ltsi
2155 4410 2320 4455 mter:
2343 4419 2522 4458 eomes.

1923 4465 1999 4525 12)
2027 4465 2206 4515 Eadem
2234 4466 2383 4518 Rheu.
2403 4467 2556 4520 Seml.

309 4513 675 4596 Ethnicuni‘a'l‘i'i
690 4518 932 4596 animose.
1755 4571 1811 4596 ἢ
2029 4513 2676 4596 ᾓὲὶξιῖἰοῖἷὲὂξὴῆὧῖᾖωιει·
2699 4535 2924 4590 Iunium.

209 4535 280 4580 to;
309 4535 565 4567 amnicum
589 4535 675 4567 am
691 4535 932 4568 nwnaose.
1929 4535 1980 4577 15
2031 4535 2303 4579 Vexalionc
2319 4544 2479 4584 omnes
2497 4540 2676 4596 praeter
2699 4538 2792 4588 Jm.‘

209 4583 254 4642 (7
264 4590 279 4643 )
309 4579 587 4630 Mercedem
605 4577 755 4631 Rhen.
777 4579 929 4630 Semt.
1755 4571 1811 4632 D
1897 4535 2004 4653 iui
2029 4589 2285 4642 Vexemur
2307 4593 2459 4645 Rhen.
2485 4594 2594 4661 Βία.
2625 4600 2792 4650 Venet.

1504 4685 2061 4752 COMMENTARIUS.

135 4822 384 4866 carnem,
433 4819 592 4872 quam
643 4804 934 4877 habemus,
970 4801 1383 4877 fruituramnou
1413 4819 1533 4861 esse
1558 4807 1726 4877 gloria

134 4878 570 4939 resurrectioms,
616 4877 868 4946 quoniam
922 4873 1190 4929 immutari
1247 4875 1427 4943 debet,
1477 4888 1532 4932 ut
1563 4873 1728 4934 docet

131 4949 446 5014 Apostolus.
476 4946 552 5001 LE
589 4946 684 5001 Pa.

212 5018 288 5091 (a)
320 5019 425 5074 Sed
451 5019 739 5091 liniamenta
771 5015 922 5071 Petro
941 5017 1288 5091 agnoscibilia.
1312 5016 1728 5089 Transiiguratio

131 5089 338 5145 Christi
373 5106 556 5143 norma
585 5090 677 5144 fuit
710 5089 1118 5143 resurrectiOnis
1147 5096 1550 5161 nostraxquare
1582 5093 1726 5161 quis-

130 5178 242 5229 quc
271 5163 586 5216 lineamenta
616 5171 669 5215 et
701 5163 922 5215 formam
953 5174 1113 5231 suam
1146 5160 1457 5220 reservabit,
1491 5160 1611 5231 qua
1637 5178 1727 5216 co-

130 5234 321 5300 gizosci
351 5242 530 5302 queat,
558 5231 707 5301 cujus
745 5232 980 5285 rationes
1025 5230 1201 5286 reddit
1246 5231 1487 5286 .IuStinus
1519 5230 1725 5303 'qnazst.

126 5305 222 5360 00.
258 5304 385 5358 Lac.

213 5373 295 5445 (li)
351 5374 488 5428 Alter
521 5376 572 5429 in
608 5374 826 5443 imagine
860 5372 1028 5427 carnis
1076 5373 1299 5426 nondum
1336 5385 1562 5442 rerepttp.
1609 5375 1730 5431 Ilmc

134 5447 234 5500 Tm
253 5447 452 5498 tulliani
480 5447 736 5499 sententia
764 5445 1014 5512 probatur
1035 5461 1061 5497 a
1091 5446 1147 5499 S.
1173 5445 1372 5498 Thoma
1401 5449 1448 5496 in
1478 5463 1723 5499 commen-

135 5518 286 5570 turiis
326 5519 377 5568 in
409 5515 590 5569 .llatth.
624 5525 676 5570 et
703 5517 736 5569 ὅ
765 5533 814 5583 p.
847 5531 897 5583 ιι.
948 5516 1036 5579 45,
1083 5527 1181 5567 art.
1213 5518 1246 5569 ‘5
1289 5514 1374 5567 ad.
1419 5518 1472 5578 ἒς
1519 5517 1636 5569 Lira
1678 5519 1729 5570 in

139 5586 763 5650 Matt/LXVIl,Ahulen~i
796 5595 970 5652 quam.
1006 5586 1074 5639 56
1096 5597 1146 5638 et
1167 5587 1494 5641 57i.'l'auietsi
1517 5589 1726 5642 I’ati'utu

133 5668 194 5712 et
225 5657 575 5731 lutei-prelum
600 5655 1304 5731 plurasull'ragiasuadeant
1326 5661 1481 5712 etiam
1509 5658 1724 5731 Moyan

134 5731 194 5782 in
241 5729 465 5782 veritate
494 5729 800 5782 suaaearnis
826 5729 1160 5795 apparuisse,
1203 5728 1292 5796 qui
1331 5744 1362 5783 e
1401 5728 1622 5785 mortuis
1660 5731 1727 5785 ad

134 5813 354 5866 tempus
398 5800 518 5853 illud
553 5800 862 5853 resurrexit.
899 5799 1172 5867 Approbat
1217 5800 1352 5854 hanc
1405 5802 1725 5855 sententiain

136 5869 472 5942 Epiphanius
501 5886 564 5925 ex
607 5869 798 5924 l‘roclo
837 5878 891 5924 ct
931 5869 1216 5942 elethudio;
1262 5873 1483 5942 August.
1531 5871 1622 5942 lib.
1660 5871 1726 5926 Ill

132 5942 206 6003 de
244 5940 432 6000 niirab.
463 5945 646 6014 script.
690 5956 739 5999 c.
785 5942 886 6008 to;
939 5941 1291 6019 Ilieronymus
1340 5940 1391 6000 in
1441 5956 1559 6015 cap.
1589 5941 1731 6001 XVII

1835 4812 2018 4867 Matth.
2062 4811 2193 4870 Lac.

1906 4884 1980 4955 (c)
2035 4883 2096 4938 In
2156 4887 2422 4965 transiliuit
2467 4891 2778 4949 substantiis.
2822 4895 3113 4955 Trausitttm
3162 4903 3245 4962 hic
3287 4908 3422 4965 dicit

1834 4955 2034 5047 Auctor
2054 4958 2194 5047 quod
2215 4968 2389 5022 antea,
2412 4960 2511 5014 hoc
2532 4965 2725 5047 capite,
2748 4981 2854 5021 non
2878 4973 3041 5025 semel
3065 4955 3424 5047 perditionem;

1831 5036 1970 5113 sicut
1995 5036 2260 5081 trimat'tuut
2287 5041 2509 5113 mortem
2541 5036 2810 5113 apjutllo‘rc
2837 5036 3090 5095 solemus.
3115 5049 3265 5113 Quod
3295 5036 3426 5106 ron,-

1834 5096 2073 5178 tirmatnr
2111 5115 2176 5152 ex
2208 5115 2272 5153 eo
2302 5103 2442 5178 quod
2489 5096 2662 5158 addit:
2706 5104 2848 5176 Ergo
2887 5122 2936 5164 et
2973 5096 3422 5178 δηιιιῗίὶῖῶὶέὶἰη

1831 5169 1992 5220 virum
2021 5185 2306 5236 conversus,
2336 5171 2399 5225 de
2421 5189 2632 5242 corpore
2650 5193 2740 5230 suo
2766 5169 2995 5238 excessit.
3025 5169 3161 5241 Pait.

1835 5332 1846 5342 ο
2085 5261 2239 5342 LVII,
2273 5293 2341 5342 ῖ-
2374 5263 2452 5342 (d)
2495 5264 2564 5318 Ut
2596 5269 2707 5337 quis
2741 5271 2951 5341 insignia
2985 5285 3266 5334 excesserit.
3301 5283 3417 5340 Vox

1830 5334 2042 5400 insignis
2067 5348 2169 5420 pro
2198 5334 3162 5420 deformi.nonnunquam'usurpatur,
3202 5334 3420 5420 perinde

1831 5418 1893 5456 ae
1921 5405 2110 5473 griccis
2137 5410 2379 5473 ὶτίςημυς.
2417 5405 2490 5460 LE
2518 5407 2612 5462 Pa.

1905 5493 1978 5578 (αἶ)
2022 5495 2081 5547 Si
2106 5494 2426 5578 (ten-tutantur
2451 5501 2501 5551 iu
2529 5501 2764 5570 glorimu,
2800 5519 2986 5574 quanto
3018 5513 3175 5578 magis
3201 5516 3252 5568 in
3280 5516 3420 5567 ium—

1833 5565 2130 5641 Iitoiimtcm.
2175 5567 2296 5620 Ilaec
2335 5571 2435 5641 erit
2473 5565 2759 5640 corporum
2797 5565 3017 5633 titutatio
3058 5565 3418 5641 iii't'esurrcr-

1835 5637 1997 5723 tioue,
2042 5647 2097 5689 ut
2137 5654 2248 5720 non
2279 5639 2460 5707 quales
2499 5637 2685 5696 mortui
2729 5647 2945 5712 fuerint,
2987 5637 3416 5723 resurgant-issu

1831 5708 2001 5777 qualis
2029 5719 2142 5761 erat
2167 5709 2375 5833 [rimus
2407 5727 2596 5779 parcns
2625 5724 2906 5786 antequam
2935 5708 3416 5784 vetituui{inclina

1831 5779 2133 5833 attingeret.
2214 5795 2243 5833 ε
2273 5780 2364 5833 Pa.

1831 5779 2133 5846 attingeret.
2167 5779 2243 5833 La
2273 5780 2364 5833 Pa.

1907 5869 1970 5940 (t)
2013 5869 2228 5937 Quando
2259 5874 2418 5950 magis
2444 5875 2594 5950 homo
2611 5877 2800 5950 (debili:
2828 5883 2926 5939 nisi
2954 5902 3066 5941 cum
3099 5898 3227 5945 totas
3259 5890 3280 5926 9
3305 5899 3406 5950 iter

1832 5951 1941 6009 est,
1972 5956 2087 5997 cum
2116 5950 2246 5998 totus
2278 5953 2347 5998 est
2373 5946 2568 6004 debilis.
2607 5948 2719 6009 lito.
