4220 6492
194 415 298 473 88!

1226 414 1422 471 LIBER
1475 414 1562 472 DE
1601 413 2172 476 RESURRECTIONE
2209 417 2475 476 CARNIS.

3383 420 3492 479 882

197 530 383 589 Etioch
414 540 467 586 ct
493 531 638 589 Elias
665 531 900 588 nondum
929 530 1321 586 resurrectione
1346 529 1633 600 dispuncti,
1663 531 1786 600 quia
1816 538 1860 592 Α
1893 533 2034 587 niani
2067 535 2149 586 hic
2172 549 2354 588 errare
2376 533 2714 599 didicerunt;
2744 548 2842 592 nec
2872 534 2970 591 alia
3000 533 3102 590 crit
3123 534 3291 591 forma
3321 537 3488 591 natio-

197 641 298 682 nec
327 637 498 681 morte
527 627 712 692 tuneti,
739 642 842 696 qna
872 636 1047 680 tamen
1076 625 1142 679 de
1169 624 1298 679 orbe
1324 624 1582 688 translati,
1611 633 1663 677 et
1693 624 1792 676 hoc

198 721 317 790 ipso
345 722 450 788 jazn
485 721 795 775 :eternitatis
823 717 1120 782 candidati,
1165 719 1231 772 ab
1269 717 1412 770 onmi
1445 718 1601 780 vitio,
1644 727 1696 770 et
1724 716 1792 769 ab

195 817 342 870 omni
367 817 582 878 damno,
612 825 667 870 et
693 816 759 869 ab
785 814 928 868 omni
962 813 1154 883 injuria
1181 821 1234 866 et
1258 810 1578 866 contumelia
1604 811 1792 863 immu-

195 908 418 961 nitatem
450 906 530 979 (l)
553 907 730 961 carnis
757 906 1020 970 ediscunt,
1047 903 1255 959 cuinam
1283 902 1402 957 lidei
1432 902 1788 956 testimonium

193 1000 428 1070 signant,
476 1001 573 1054 nisi
609 1014 711 1069 qua
741 998 886 1053 credi
918 1005 1148 1067 oportet,
1195 995 1308 1050 ha‘c
1348 995 1538 1050 futura:
1572 993 1788 1064 inti-gri-

195 1093 322 1148 tatis
353 1109 473 1148 esse
501 1093 852 1148 documenta?
893 1090 1101 1160 Figune
1139 1089 1280 1143 enim
1319 1097 1514 1142 nostra:
1545 1087 1787 1151 fuerunt,

194 1187 258 1252 Αι
279 1185 452 1239 οπιυιυ
478 1194 724 1250 auctore,
766 1199 884 1254 qua:
914 1183 1110 1252 scripta
1141 1191 1290 1246 sunt,
1333 1190 1389 1236 ut
1423 1189 1476 1236 ct
1509 1180 1788 1234 Dominum

194 1279 548 1347 potentiorem
576 1275 856 1332 credamus
883 1275 1028 1330 onmi
1060 1287 1344 1343 corporum
1373 1273 1509 1342 lege,
1536 1280 1590 1326 et
1615 1271 1790 1326 carnis

194 1371 366 1439 magis
407 1369 588 1439 utique
625 1367 706 1440 (2)
746 1374 1201 1432 conservatorem,
1241 1368 1392 1434 cujus
1431 1365 1590 1419 etiam
1633 1364 1789 1421 vestio

194 1473 394 1530 menta,
426 1465 584 1518 etiam
611 1463 958 1518 calciamenta
987 1459 1068 1532 (3)
1101 1459 1348 1530 protexit.

787 1553 1018 1610 CAPUT
1058 1552 1190 1608 LIX.

261 1649 367 1705 Sed
391 1648 648 1714 futurum,
673 1648 868 1719 inquis,
889 1662 1058 1702 sevum
1083 1646 1301 1701 alterius
1323 1654 1403 1700 cst
1425 1643 1789 1714 diSpmitionis

192 1751 248 1797 et
271 1752 518 1806 a-ternze;
545 1743 700 1812 igitur
727 1741 883 1811 hujus
905 1740 1004 1796 tevi
1027 1739 1376 1795 substantiam
1405 1752 1509 1793 non
1535 1749 1786 1792 aeternam

188 1835 404 1891 diversa
438 1833 712 1903 possidere
741 1847 846 1888 non
880 1845 1058 1902 posse.
1091 1830 1274 1893 Plane,
1307 1831 1350 1885 si
1383 1828 1544 1883 homo
1574 1837 1789 1898 propter

1899 644 2021 680 nnm
2055 628 2407 692 credentium,
2431 629 2530 684 nisi
2555 645 2673 700 qua:
2698 639 2751 685 et
2779 646 2882 684 non
2910 630 3264 697 credentium,
3287 631 3353 686 de
3371 646 3488 686 car-

1897 733 1985 780 ne,
2019 718 2084 770 de
2105 719 2300 772 anima.
2335 717 2483 773 Sicut
2513 734 2639 788 ergo
2668 719 2883 775 easdem
2910 721 3157 776 nationes
3184 735 3289 777 non
3317 736 3484 792 gene-

1896 827 1972 876 re,
2001 811 2094 866 sed
2142 820 2286 867 sorte
2339 811 2612 876 distinxit;
2652 813 2720 867 ita
2748 824 2802 869 et
2829 828 3043 882 carnes,
3085 829 3204 885 qua:
3252 816 3304 870 in
3360 815 3487 885 ipsis

1895 906 2199 960 nationibus
2230 920 2332 960 una
2358 905 2655 964 substantia
2684 917 2786 971 est,
2818 922 2925 963 non
2952 908 3192 974 materia,
3224 907 3319 964 sed
3347 923 3488 964 mer-

1893 997 2024 1052 cede
2046 998 2318 1068 disjunxit.

2471 1088 2718 1147 .CAPUT
2773 1088 2882 1146 LX.

1967 1180 2104 1237 Ecce
2134 1189 2416 1246 autem,ut
2463 1182 2637 1238 adhuc
2685 1183 3106 1238 controversiam
3163 1190 3484 1253 exaggerent

1893 1274 1994 1347 (9),
2024 1277 2171 1330 carni
2196 1275 2427 1331 maxime
2449 1275 2645 1342 eidem,
2675 1274 2742 1330 de
2767 1274 2957 1330 ofﬁciis
2978 1291 3190 1347 quoque
3213 1277 3485 1330 membro-

1894 1383 2012 1422 rum
2039 1379 2500 1436 argumentamnr,
2530 1380 2620 1422 aut
2649 1378 2706 1424 et
2752 1368 2864 1440 ipsa
2891 1366 3129 1423 dicentes
3171 1383 3483 1437 permanere

1893 1461 2090 1516 debere
2119 1461 2168 1515 in
2198 1461 2310 1515 suis
2337 1460 2590 1530 Operihus
2617 1471 2670 1514 et
2699 1459 2976 1527 fructibus,
3008 1470 3064 1514 ut
3088 1458 3262 1515 eidem
3287 1475 3481 1528 corpu-

1894 1553 2070 1608 lentia:
2111 1552 2411 1623 adscripta;
2448 1561 2572 1618 aut,
2603 1553 2722 1623 quia
2771 1560 2980 1608 constet
3019 1551 3320 1607 discessura
3360 1566 3481 1606 esse

1893 1645 2064 1701 oflicia
2105 1644 2502 1712 membrorum,
2546 1645 2932 1714 corpulentiam
2977 1657 3189 1714 qu0que
3218 1642 3480 1698 eradant:

1892 1737 2044 1808 cujus
2071 1737 2272 1791 scilicet
2302 1737 2693 1806 perseverantia
2725 1735 2990 1791 credenda
3030 1750 3134 1789 non
3187 1733 3256 1788 sit
3297 1737 3477 1803 utique

1891 1832 2008 1884 sine
2039 1830 2316 1894 membris,
2346 1830 2467 1899 quia
2511 1844 2609 1885 nec
2652 1829 2889 1884 membra
2917 1827 3183 1882 credenda
3224 1827 3330 1881 sint
3363 1829 3481 1882 sine

187 1928 595 1998 diSpositionem
627 1925 880 1990 futuram,
913 1934 966 1980 et
996 1938 1099 1978 non
1130 1923 1407 1992 dispositio
1441 1930 1654 1990 pr0pter
1685 1920 1784 1974 ho-
1819 1934 1863 1994 Β
1890 1921 2103 1975 ol'liciis.
2130 1920 2247 1986 Quo
2285 1921 2426 1975 enim
2466 1920 2599 1990 jam,
2628 1921 2892 1991 inquiunt,
2923 1918 3177 1989 spelunca
3204 1918 3317 1974 haec
3341 1919 3473 1982 oris,

184 2022 408 2075 minem.
432 2019 682 2074 Sedcnim
708 2018 994 2089 Apostolus
1015 2016 1252 2071 scribens
1278 2017 1294 2086 (
1331 2014 1349 2069 l
1372 2014 1517 2082 Cor.,
1537 2013 1627 2080 Ill,
1648 2013 1741 2084 ‘29.)
1763 2032 1774 2068 :

184 2112 310 2167 Sive
352 2114 593 2178 mmidus,
645 2113 748 2166 sive
787 2112 906 2174 vita,
953 2112 1054 2165 sive
1094 2126 1249 2173 mors,
1297 2109 1399 2162 sive
1436 2113 1632 2179 futura,
1679 2110 1781 2162 sive

183 2208 474 2276 prasrtttia,
495 2207 664 2259 omnia
682 2215 842 2260 vestra
857 2214 993 2270 sunt,
1015 2203 1230 2258 eosdem
1248 2203 1522 2257 constituit
1539 2201 1778 2256 Incrcdes

181 2300 347 2353 etiam
397 2298 716 2354 futurorum.
767 2297 910 2354 Nihil
959 2297 1052 2352 tibi
1101 2296 1320 2365 largitur
1367 2293 1548 2349 Esaias
1597 2295 1780 2349 dicens

180 2390 321 2463 (13.,
365 2390 474 2452 XL,
516 2390 570 2454 5,
614 2389 726 2459 6):
772 2388 950 2444 Omnis
987 2405 1106 2444 caro
1145 2391 1370 2458 finitum;
1410 2395 1465 2442 et
1499 2386 1622 2440 alibi
1655 2404 1667 2439 :
1713 2385 1779 2438 Et

179 2485 366 2537 videbit
410 2484 571 2537 onmis
611 2499 730 2536 caro
767 2481 992 2536 salutare
1032 2479 1235 2534 Domini
1274 2479 1377 2549 (4).
1427 2479 1627 2541 Exitus,
1674 2493 1778 2531 non

179 2576 511 2631 substantias
539 2574 799 2630 distinxit.
841 2573 974 2642 Quis
1001 2573 1145 2628 enim
1175 2573 1429 2642 judicium
1466 2571 1556 2626 Dei
1591 2587 1694 2624 non
1728 2572 1777 2624 in

179 2669 448 2723 sententia
482 2667 675 2737 duplici
704 2667 908 2731 statuit,
941 2665 1128 2720 Salutis
1156 2676 1209 2719 et
1236 2665 1442 2735 pinum?
1470 2661 1656 2719 Omnis
1686 2663 1776 2733 igi-

185 2770 275 2813 tttr
303 2774 431 2812 caro
463 2757 685 2824 frenum,
722 2773 841 2827 qua:
872 2759 976 2828 igni
1009 2757 1332 2820 destinatur;
1371 2765 1422 2810 et
1451 2757 1624 2811 omnis
1654 2770 1780 2809 caro

178 2851 625 2907 videbitSantare
649 2850 856 2906 Domini
886 2851 986 2921 (5),
1021 2864 1138 2918 qua:
1168 2850 1320 2904 saluti
1350 2849 1642 2903 ordinatur.
1669 2849 1779 2919 Ego

181 2960 270 3000 me
299 2944 414 2999 scio
445 2957 616 3012 neque
653 2944 758 2998 alia
793 2959 954 2998 carne
999 2943 1256 2997 adulteria
1289 2943 1624 2997 counnisisse
1651 2942 1726 3009 (ιι)
1762 2984 1774 3005 ,

181 3054 355 3106 neque
387 3053 526 3091 nunc
557 3037 658 3090 alia
689 3051 852 3091 carne
881 3037 945 3090 ad
975 3038 1357 3090 continentiam
1389 3037 1539 3090 eniti.
1572 3036 1627 3092 Si
1659 3038 1778 3107 quis

180 3138 264 3185 est
294 3129 414 3183 hiua
445 3127 686 3198 pudenda
717 3127 1118 3192 circumferens,
1152 3138 1327 3199 potest
1353 3129 1460 3197 jam
1487 3139 1541 3182 et
1561 3129 1778 3184 demere

181 3222 384 3277 {mnium
437 3222 613 3276 carnis
657 3220 964 3284 immundm,
1014 3230 1068 3274 ct
1113 3220 1280 3275 solam
1331 3221 1430 3276 sibi
1480 3236 1774 3284 reservare,

1888 2022 1939 2068 et
1965 2013 2204 2066 dentium
2233 2014 2414 2080 statio,
2455 2022 2510 2068 et
2553 2012 2689 2082 gnlze
2739 2013 2940 2084 lapsus,
2971 2021 3028 2068 et
3067 2010 3140 2084 (α)
3182 2012 3474 2082 compitum

1883 2104 2168 2170 stomachi,
2198 2116 2250 2159 et
2293 2105 2396 2159 alvi
2447 2119 2669 2174 gurges,
2713 2115 2767 2159 et
2799 2103 3173 2160 intestinorum
3223 2106 3473 2175 perplexa

1887 2200 2198 2265 proceritas,
2227 2214 2347 2253 cum
2397 2199 2510 2254 esui
2559 2209 2612 2252 et
2661 2200 2804 2269 potui
2856 2199 3006 2255 locus
3049 2212 3154 2254 non
3186 2199 3320 2254 erit?
3364 2199 3482 2267 Quo

1887 2290 2192 2361 hnjusmodi
2236 2293 2473 2346 membra
2522 2291 2830 2353 admittunt,
2862 2290 3138 2360 subigunt,
3167 2290 3478 2353 devolvunt,

1885 2385 2147 2450 dividunt,
2178 2386 2424 2454 digerunt
2450 2427 2465 2450 ,
2496 2387 2754 2456 egerunt?
2789 2402 2894 2456 quo
2925 2401 3117 2440 manus
3145 2385 3271 2455 ipsa:
3302 2396 3351 2440 et
3389 2400 3482 2454 pe-

1884 2481 1980 2533 des
2010 2491 2061 2534 ct
2089 2482 2317 2550 operarii
2343 2482 2539 2550 quique
2585 2490 2764 2544 artus,
2798 2495 2917 2534 etnn
2947 2481 3117 2534 victus
3143 2481 3301 2534 etiam
3352 2495 3479 2534 tura

1883 2574 2150 2630 cessabit?
2171 2589 2278 2644 quo
2309 2588 2463 2628 renes
2491 2574 2692 2629 conscii
2737 2573 3023 2639 semimnn,
3054 2582 3109 2627 ct
3154 2573 3354 2643 reliqua
3381 2587 3414 2644 ς
3436 2592 3476 2620 -.-

1886 2668 2128 2722 nitalium
2158 2667 2431 2736 utriusque
2453 2680 2650 2728 Sexus,
2685 2677 2734 2720 et
2778 2673 3133 2733 conceptuum
3165 2664 3394 2726 stabula,
3423 2673 3479 2719 et

1884 2763 2105 2818 uberum
2153 2757 2672 2822 fontcs,decessnro
2726 2755 2840 2829 (10)
2877 2757 3183 2820 concubitu,
3216 2767 3269 2809 ct
3319 2758 3473 2818 ltetu,

1882 2866 1935 2910 ct
1961 2853 2224 2910 educatn?
2252 2861 2546 2922 postremo,
2577 2864 2682 2919 quo
2709 2861 2876 2904 totum
2921 2864 3134 2919 corpus,
3171 2857 3338 2903 totum
3367 2847 3474 2902 sci-

1884 2947 2006 3002 licet
2054 2943 2402 3000 vacatuium?
2430 2943 2508 2997 Al
2543 2943 2656 2997 haec
2701 2957 2827 3012 ergo
2873 2941 3310 3011 pra-struximus,
3365 2954 3472 2994 non

1881 3047 2131 3110 oportere
2156 3037 2414 3092 committi
2446 3038 2742 3091 futurorum
2783 3044 2944 3105 atque
2981 3035 3319 3104 prazsentinm
3357 3033 3470 3086 (Ιίν-

1883 3131 2195 3201 positiones,
2225 3129 2577 3183 intercessum
2623 3137 2750 3181 tunc
2797 3125 3162 3182 denmtatiOnc
3193 3143 3204 3178 :
3244 3135 3297 3179 et
3329 3139 3470 3178 nunc

1881 3222 2300 3295 superstrnimus
2321 3220 2492 3276 ol'licia
2537 3221 2634 3274 ista
2667 3219 3028 3275 membrorum
3062 3217 3269 3273 neci-ssi
3295 3218 3472 3273 atihns

179 3331 301 3386 qum
345 3316 518 3368 visura
561 3315 630 3369 sit
670 3315 876 3370 Domini
918 3313 996 3385 (b)
1037 3315 1286 3370 salutare.
1332 3315 1436 3370 Sed
1473 3331 1594 3370 cum
1636 3317 1774 3370 idetn
1803 3328 1846 3388 (ζ
1882 3318 2002 3371 vita:
2034 3316 2188 3385 hujus
2231 3330 2296 3369 eo
2323 3329 2490 3382 usque
2541 3312 2857 3378 consistere,
2884 3309 3054 3366 donec
3097 3319 3151 3364 ct
3201 3311 3312 3380 ipsa
3367 3309 3472 3364 vi'a

185 3409 482 3478 Iropltetes
519 3409 678 3462 etiam
720 3410 966 3464 nationes
1003 3410 1280 3476 ouendat,
1327 3425 1466 3463 nunc
1501 3411 1778 3478 deputatas

180 3501 322 3554 velut
369 3500 638 3567 pulverem
678 3510 729 3554 et
764 3501 1006 3562 salivam,
1049 3517 1189 3554 nunc
1227 3511 1530 3570 speraturas
1567 3512 1620 3556 et
1657 3517 1764 3556 cre-

180 3591 385 3647 diturus
425 3592 476 3644 in
519 3606 711 3647 nomen
750 3601 804 3646 et
844 3592 894 3645 in
935 3591 1206 3648 brachium
1249 3593 1476 3659 Detttini,
1522 3595 1775 3664 numquid

178 3693 234 3740 et
290 3686 356 3738 de
416 3684 717 3740 nationibus
777 3685 1044 3740 l‘allimur?
1097 3697 1151 3742 et
1205 3687 1322 3742 alia:
1380 3687 1592 3758 quidem
1655 3699 1778 3744 sunt

177 3777 496 3840 creditum,
548 3777 666 3832 alia!
719 3779 768 3830 in
823 3780 1090 3846 pulverem
1140 3780 1437 3852 deputatas,
1488 3798 1550 3837 ex
1599 3782 1773 3838 diver-

175 3870 336 3923 sitate
381 3869 739 3926 substantias?
771 3871 841 3940 (b)
900 3871 1004 3926 Sed
1050 3881 1103 3926 et
1145 3873 1390 3930 Christus
1439 3875 1576 3930 intra
1619 3890 1775 3932 occa-

180 3977 345 4023 nutn,
406 3973 460 4016 et
512 3960 579 4016 dc
635 3963 737 4016 isto
793 3963 929 4019 cmlo
985 3964 1126 4032 quod
1185 3967 1338 4021 nobis
1395 3967 1608 4022 incubat
1657 3968 1769 4042 (ἲ),

176 4067 364 4110 verum
397 4053 576 4109 lumen
607 4054 909 4109 nationibus
944 4053 1144 4110 otl‘ulsit
1170 4056 1285 4127 (8);
1318 4066 1371 4112 et
1396 4057 1494 4128 ipsi
1532 4058 1776 4114 Valenti-

1884 3407 2234 3464 transfcratnr
2253 3421 2283 3459 a
2309 3405 2696 3477 temporalitate
2719 3405 2772 3458 in
2800 3405 3174 3469 teternitatem,
3195 3403 3334 3458 sicut
3351 3401 3438 3457 aui
3455 3430 3472 3441 ο

1885 3503 2023 3558 male
2047 3519 2242 3573 corpus
2293 3505 2343 3556 in
2395 3502 2655 3573 spiritale,
2684 3501 2811 3555 dum
2856 3499 3069 3554 mortale
3111 3500 3246 3552 istud
3294 3497 3469 3552 induet

1883 3597 2344 3661 immortalitatem,
2401 3606 2446 3650 et
2499 3595 2841 3665 corruptivum
2893 3592 3028 3647 istud
3072 3590 3466 3660 incorruptelaut

1881 3688 1924 3760 (l
1955 3688 2070 3743 Cor.
2102 3687 2248 3758 XV);
2279 3699 2333 3742 et
2363 3688 2474 3758 ipsa
2512 3698 2691 3742 autem
2723 3687 2942 3742 liberata
2989 3693 3114 3740 tunc
3157 3687 3263 3739 vita
3293 3699 3322 3738 a
3369 3698 3466 3738 ne-

1879 3782 2237 3845 CCSsilatihtts,
2268 3781 2629 3837 liberabuntur
2651 3791 2700 3836 et
2736 3782 2979 3836 membra
3001 3779 3068 3834 ab
3103 3777 3326 3842 ciliciis;
3368 3793 3470 3834 nec

1879 3875 1998 3931 ideo
2041 3890 2144 3931 non
2189 3884 2347 3930 erunt
2400 3874 2719 3930 necessaria.
2755 3871 2903 3928 Licet
2950 3873 3092 3927 enim
3143 3869 3335 3926 ol’liciis
3399 3870 3467 3925 li.

1877 3969 2148 4036 berentnr,
2181 3969 2260 4042 (Δ)
2290 3967 2385 4026 sed
2419 3969 2634 4039 judiciis
2677 3967 3009 4032 retinentur;
3046 3974 3105 4020 ut
3131 3966 3242 4036 quis
3270 3967 3460 4036 referat

1877 4077 1964 4128 per
1994 4077 2194 4130 corpus,
2227 4070 2376 4131 prout
2401 4061 2552 4132 gessit
2578 4058 2644 4132 (ll
2670 4059 2788 4116 Cor.
2823 4056 2911 4130 γ).
2937 4057 3152 4114 Salvum
3179 4057 3323 4114 enim
3367 4056 3465 4114 lto-

1406 4171 1787 4229 LECTIONES
1829 4173 2232 4231 VARIANTES.

345 4345 403 4394 Et
422 4345 542 4395 add.
569 4343 716 4396 (then.

267 4407 852 4480 εξηκιξςορρηςηέεεεηέιο
965 4469 1016 4480 _.

244 4469 316 4532 (4,
338 4471 388 4528 5,
411 4471 464 4531 6)
493 4469 583 4520 Dei
611 4473 752 4521 Pam.
779 4472 930 4521 Fran.
960 4469 1066 4537 Rig.
1093 4475 1261 4524 Venet.

242 4281 318 4462 (1)
344 4281 670 4333 Emunitstem
684 4283 794 4334 cod.
822 4283 1001 4336 Pilum.
1033 4283 1134 4349 aig.
1161 4289 1325 4337 Venet.

264 4344 296 4392 2
345 4345 403 4394 Et
422 4345 542 4395 add.
569 4343 716 4396 (then.

267 4411 320 4462 3)
347 4407 681 4456 tlalecamenta
700 4407 852 4458 Seml.

1939 4290 2012 4360 (ἶ)
2041 4291 2293 4360 1μὲιὲπὲδὲ
2311 4287 2460 4360 M9".-
2477 4285 2641 4360 δέ’πέ
2711 4349 2721 4360 .

1941 4353 2014 4415 (8)
2041 4353 2228 4403 Ell‘nlsit
2250 4355 2391 4403 Pam.
2419 4353 2570 4415 Fran.
2599 4353 2763 4415 Paris.

2043 4417 2360 4485 Ezaggeraut
2384 4412 2702 4485 nheuLSemt.
2715 4475 2745 4485 η

1975 4473 2048 4542 10)
2078 4473 2352 4530 Deséssuro
2375 4476 2478 4542 nig.
2508 4479 2673 4526 Venet.
2696 4475 2978 4527 discessuro
2999 4474 3142 4527 Μιεη.
3168 4473 3319 4529 Seml.

1558 4581 2116 4642 COMMENTARIUS.

252 4691 406 4773 CAP:
450 4690 582 4747 LIX.
626 4723 696 4773 ᾖ
738 4694 814 4767 (a)
867 4693 1100 4773 Ego_nte_
1133 4699 1236 4753 scio
1276 4715 1439 4773 neque
1477 4701 1582 4756 alia
1625 4721 1776 4759 carne
1803 4705 1854 4767 D
1882 4703 2092 4760 mundis
2123 4713 2270 4759 extra
2300 4717 2560 4758 oceanum
2591 4702 2806 4771 positis,
2846 4716 2981 4771 quos
3021 4707 3311 4773 ἀπορίη-ους
3348 4719 3470 4760 esse

179 4764 436 4840 adulteria
464 4764 790 4840 commisisse,
830 4764 933 4821 etc.
975 4767 1027 4821 Si
1069 4769 1136 4823 de
1176 4786 1236 4824 se
1275 4770 1520 4840 loquatur
1552 4777 1772 4838 Auctor,

179 4836 394 4890 videtur
419 4835 470 4889 in
497 4835 774 4903 juventute
801 4851 892 4891 sna
924 4848 1047 4894 ante
1076 4835 1470 4896 matrimonium
1498 4835 1774 4900 ςυιιιίιιριιὲ

181 4910 312 4960 tiam
343 4921 447 4960 non
473 4921 716 4979 servasse
742 4926 754 4960 :
788 4908 878 4962 sed
906 4925 1025 4963 cmn
1055 4913 1106 4963 itt
1135 4913 1249 4979 ipso
1276 4916 1614 4968 matrimonio
1640 4931 1771 4970 con-

181 4979 444 5051 [intentem
493 4977 654 5034 fuisse
700 4977 1214 5051 subindicaverimits
1259 4999 1442 5051 supra,
1493 4987 1583 5039 lib.
1636 4988 1650 5039 l
1707 4989 1774 5040 ad

184 5047 436 5122 Uxorem,
465 5059 518 5103 et
545 5063 712 5122 usque
739 5050 875 5104 adeo
903 5054 1245 5106 continentia:
1275 5047 1481 5108 amator
1511 5059 1684 5122 luerit,
1719 5071 1770 5111 ltl

177 5135 244 5197 ea
267 5121 548 5197 occasione
569 5120 818 5197 montano
843 5133 1024 5197 postea
1045 5123 1350 5188 adlueserit,
1375 5127 1581 5181 videtur
1604 5120 1773 5197 potius

179 5193 235 5248 in
273 5205 469 5262 genere
503 5191 647 5263 loqui
684 5191 750 5247 de
787 5194 974 5262 quovis
1012 5194 1226 5251 honnne
1263 5199 1363 5252 snh
1401 5191 1623 5267 persona
1657 5217 1771 5256 sua.

1567 5270 1640 5326 ΡΑ
1649 5287 1705 5327 It.

256 5330 337 5403 (h)
377 5332 483 5386 Sed
517 5344 563 5386 et
601 5330 828 5389 Christus
866 5337 1000 5390 intra
1038 5353 1303 5397 oceanum.
1343 5349 1388 5394 et
1425 5341 1487 5396 de
1525 5343 1618 5396 isto
1654 5343 1778 5396 caelo

175 5402 324 5477 quod
347 5402 490 5457 nobis
516 5405 742 5461 incubat.
773 5405 886 5461 Hoc
909 5417 1067 5461 etiam
1093 5407 1391 5463 delirabant
1413 5411 1774 5477 Valentinani,

222 5474 326 5528 und
361 5485 509 5529 extra
550 5477 690 5530 hunc
723 5477 978 5532 ambitum
1019 5487 1174 5532 terra:
1211 5481 1346 5535 alios
1385 5483 1626 5539 homines
1660 5474 1779 5539 esse

223 5550 446 5622 icercnt,
473 5560 537 5600 ac
554 5545 781 5622 diversa}
805 5549 1136 5622 substantim,
1164 5565 1362 5622 eosque
1386 5569 1558 5619 veros,
1585 5557 1773 5610 tcletos

179 5625 240 5672 et
269 5617 584 5671 aliast-antos
612 5629 665 5672 et
693 5620 950 5676 aeinetos.
992 5617 1437 5678 Nostrates'enim
1497 5617 1648 5681 veros
1680 5627 1770 5678 ho-

179 5689 359 5763 mines
385 5705 488 5742 non
515 5702 657 5755 esse,
680 5705 814 5759 quos
840 5691 1153 5762 Deminrgns
1177 5694 1503 5753 stillicidium
1525 5697 1775 5763 situlauet

180 5762 459 5837 pulverem
483 5775 646 5824 areas,
675 5771 729 5816 et
755 5763 986 5837 locustas
1009 5763 1299 5834 deputavit.
1328 5769 1440 5834 Qua
1467 5769 1533 5822 de
1563 5786 1618 5822 re
1643 5762 1776 5837 sep-

179 5831 366 5908 timius
397 5835 854 5908 trusterhapertitts
889 5831 1127 5904 diSputat
1155 5837 1247 5892 lib.
1278 5831 1662 5908 de—Scorpiacc.
1694 5831 1774 5895 Atl

180 5902 300 5983 huic
346 5916 475 5983 vero
517 5901 865 5983 deliramenta
909 5901 1014 5983 non
1063 5909 1328 5983 pertinere
1368 5901 1598 5968 arbitror
1635 5912 1776 5983 quod

183 5973 380 6042 legitur
419 5974 470 6028 in
502 5975 669 6046 prima
698 5976 990 6033 Clementis
1019 5973 1083 6033 ad
1116 5979 1418 6037 Corinthios
1447 5973 1682 6054 Epistola
1711 5981 1778 6039 de

1879 4778 1971 4830 ait.
2009 4775 2136 4829 Nam
2171 4775 2271 4828 hoc
2298 4775 2414 4828 viro
2442 4773 2750 4844 Apostolico
2777 4773 3115 4844 geographia;
3163 4777 3336 4841 potms
3366 4777 3469 4830 im-

1881 4848 2063 4916 peritia
2092 4845 2369 4906 exciderit,
2399 4842 2553 4912 quam
2586 4846 2740 4897 ullius
2767 4842 3030 4914 dogmatis
3054 4843 3334 4916 adserendi
3361 4858 3473 4901 stu.

1880 4914 1988 4972 dio.
2023 4918 2139 4973 lite.
2165 4947 2233 4956 —
2255 4915 2506 4985 Ejusdem
2538 4917 2811 4969 nobiseum
2837 4924 3040 4968 natura:
3069 4914 3162 4969 fuit
3190 4915 3469 4983 Christus;

1879 5005 2050 5057 neque
2079 4987 2406 5057 enim,quod'
2438 4987 2804 5040 luereticnrunt
2835 4997 3220 5050 commentum,
3251 5003 3469 5042 carnem

1878 5075 1908 5115 e
1934 5062 2090 5124 cmlo,
2124 5069 2214 5112 aut
2241 5058 2438 5113 mundo
2467 5069 2659 5129 prmter
2682 5057 2878 5112 Oceani
2911 5057 3188 5182 termintis,
3219 5058 3396 5184 ligauit.

3165 5145 3196 5184 ε
3272 5145 3324 5183 n.

3165 5145 3196 5184 ε
3227 5145 3324 5184 l’lt.

1951 5202 2102 5257 CAP.
2134 5200 2248 5258 LX.
2271 5199 2428 5272 —(c)
2456 5198 3020 5268 Compitumstomaclti.
3039 5197 3339 5272 compitum
3359 5210 3474 5272 stn-

1883 5275 2054 5328 machi
2076 5281 2230 5326 vocat
2262 5270 2691 5329 conventiculum
2709 5281 2762 5325 et
2791 5270 3218 5342 receptaculum;
3251 5271 3396 5342 qttod
3421 5273 3473 5328 in

1885 5345 1984 5398 hoc
2024 5344 2268 5398 videlicet
2310 5343 2589 5397 conveniat
2620 5342 2873 5413 quidquid
2917 5340 3237 5396 eduliorium
3273 5340 3380 5413 per
3413 5359 3475 5399 os

1883 5416 2201 5470 immittitur.
2226 5414 2443 5484 Sumpta
2473 5423 2553 5468 est
2583 5413 2989 5484 metapltoraah
3035 5413 3097 5468 iis
3129 5414 3226 5467 viis
3259 5429 3475 5482 compc-

1883 5488 2112 5542 tentibns
2138 5499 2200 5539 ac
2221 5484 2691 5551 convenientibus;
2716 5499 2834 5539 nam
2863 5483 2985 5538 hinc
3005 5485 3278 5553 compitum
3301 5484 3470 5540 dedu-

1882 5566 2009 5612 cunt
2028 5555 2392 5614 Grammatici.
2427 5555 2598 5610 linea.

1949 5627 2028 5700 (d)
2065 5628 2170 5683 Sed
2185 5626 2406 5700 judiciis
2436 5627 2726 5700 retinentur.
2766 5626 2889 5696 Stcp
2911 5627 3074 5700 Ssime
3127 5627 3309 5681 nititur
3329 5627 3476 5682 Auc-

1877 5696 1966 5755 tor'
1990 5699 2086 5754 h-ic
2118 5699 2323 5752 ratione
2343 5696 2409 5750 ad
2438 5696 2750 5752 iniciendam
2779 5698 3253 5761 rcmrrcctionem,
3290 5714 3474 5765 pra-ei-

1880 5788 1980 5840 pne
2011 5783 2131 5837 cap;
2158 5770 2255 5832 M;
2287 5770 2371 5822 cui
2400 5769 2522 5822 licet
2549 5769 2830 5838 plurimum
2859 5768 3020 5823 lidant
3045 5768 3248 5832 Patres,
3274 5777 3328 5824 et
3349 5785 3465 5825 me-

1878 5843 2001 5905 rito,
2021 5841 2405 5909 Athenagoras,
2424 5841 2512 5908 qui
2543 5840 2746 5907 plenius
2762 5857 2876 5893 eam
2903 5840 3258 5909 perstajuitur,
3283 5841 3462 5895 minus

1880 5914 2045 5993 dedit,
2075 5910 2229 5993 aliert
2272 5924 2400 5993 tres.
2435 5911 2668 5992 rationes
2699 5911 2764 5964 ad
2793 5913 3162 5993 probationem
3197 5926 3461 5993 resurrec;

1883 5985 2060 6052 tionis,
2092 5983 2184 6038 scd
2219 5983 2339 6037 huic
2369 5981 2435 6038 de
2465 5981 2975 6052 necessitatejudicii
3003 5981 3164 6037 divini
3197 5983 3472 6053 derogavit
