4220 6492
775 391 882 450 883

2170 382 2630 445 TERTULLIANI

3959 375 4058 433 884

772 511 970 565 minem
1015 505 1248 566 tribunal
1283 506 1376 570 Dei
1403 505 1594 582 exigit;
1623 505 1828 564 salvum
1853 522 1983 564 vero
2019 506 2139 564 sine
2183 521 2352 560 mem-
2380 509 2429 565 Α
2458 508 2571 560 nori
2601 507 2678 576 (7)
2727 505 2854 571 oris,
2899 515 2952 561 et
2991 517 3250 578 organum
3304 502 3542 560 dentium
3599 517 3832 574 quarras.
3867 500 4057 555 Forata

763 598 874 654 bris
902 617 1008 656 non
1042 600 1169 656 licet
1202 598 1281 674 (l)
1320 616 1463 668 eum,
1492 617 1559 656 ex
1585 616 1813 672 quorum
1864 615 1967 654 noo
2001 598 2213 662 ol‘liciis.
2261 597 2353 651 sed

737 694 1078 753 .snbstantiis
1103 703 1331 749 constat.
1363 694 1471 749 Nisi
1503 693 1638 749 forte
1658 737 1671 759 .
1703 705 1754 749 ct
1783 708 1969 746 navem
2003 693 2121 747 sine
2149 692 2352 752 carina,

759 784 875 837 sine
907 801 1082 854 prora.
1112 787 1227 840 sine
1269 785 1448 854 puppi,
1489 788 1605 840 sine
1646 785 1974 854 compaginis
2020 785 2180 838 totius
2212 784 2355 836 inco-

761 875 1005 932 lumitate
1056 878 1256 932 s-«lvam
1313 876 1679 932 adseverabis.
1729 876 1805 950 (a)
1849 877 1914 930 Et
1954 886 2128 931 tamen
2164 889 2350 928 navem

760 968 993 1035 procella
1016 967 1345 1038 dissipatam,
1381 968 1462 1024 vel
1489 969 1633 1024 carie
1654 968 1991 1032 dissolutam,
2027 967 2255 1022 redactis
2299 974 2353 1018 et

760 1060 1021 1115 recuratis
1047 1061 1293 1115 munibus
1323 1062 1601 1129 membris,
1625 1062 1868 1117 eamdem
1897 1078 2039 1134 swpe
2065 1070 2352 1134 conspexi-

758 1171 878 1207 mus
907 1155 1068 1210 etiam
1097 1158 1250 1210 titulo
1275 1158 1631 1211 restitutionis
1663 1159 2000 1228 gloriantem.
2030 1162 2104 1216 De
2141 1165 2230 1219 Dei
2260 1180 2350 1219 ar-

758 1248 938 1311 titicio,
969 1257 1022 1303 et
1047 1248 1270 1302 arbitrio
1293 1288 1306 1312 ,
1347 1258 1401 1303 et
1428 1249 1569 1318 jure,
1604 1252 1951 1321 torquemur?
1977 1253 2164 1318 Porro,
2195 1255 2237 1309 si
2269 1256 2349 1311 di-

757 1356 848 1394 vos
903 1341 1155 1396 Dominus
1201 1353 1256 1397 et
1308 1343 1563 1410 liberalis,
1603 1343 1836 1400 adfectui
1883 1356 1973 1400 aut
2008 1348 2192 1417 gloria:
2237 1366 2348 1406 sum

757 1444 1018 1504 prmstans
1065 1435 1233 1491 solam
1282 1438 1430 1491 navis
1460 1438 1875 1502 restitutionem,
1925 1440 2185 1496 hactenus
2230 1458 2348 1498 eam

759 1527 987 1581 voluerit
1022 1530 1252 1597 Operari,
1285 1529 1484 1584 idcirco
1531 1541 1583 1584 tu
1611 1529 1691 1602 (‘2)
1739 1533 1956 1602 negabis
1987 1537 2345 1590 necessariam

752 1618 826 1672 illi
858 1622 1222 1691 eompagincm
1253 1623 1553 1692 pristinam,
1586 1634 1645 1678 ut
1667 1625 1860 1681 exinde
1879 1626 1988 1696 jam
2016 1638 2342 1697 vacaturam,

753 1729 872 1765 cum
918 1714 1016 1766 soli
1068 1715 1225 1767 saluti
1275 1715 1426 1770 navis
1475 1716 1591 1770 sine
1639 1717 1949 1786 operatione
2029 1724 2346 1777 conveniat?

751 1804 913 1874 Igitur
945 1805 1045 1860 hoc
1073 1808 1442 1863 tantummodo
1481 1808 1689 1865 discere
1719 1809 1936 1878 snl'licit,
1969 1828 2034 1866 au
2067 1815 2342 1882 llotninus,

2461 611 2582 652 sunt
2614 600 2813 653 inim-na
2844 599 2895 654 in
2939 600 3053 654 viro
3079 609 3132 653 et
3174 599 3225 653 in
3255 599 3490 663 hemina,
3521 596 3769 651 nimirum
3798 609 3906 664 qua
3943 594 4056 645 iliti-

2459 693 2609 746 diues
2633 694 2837 746 lluitt-nt
2866 710 2878 743 :
2903 707 2999 745 cur
3032 707 3135 744 non
3169 691 3334 756 magis
3363 705 3461 752 qua
3491 700 3707 758 potnum
3736 686 3948 741 defrum
3983 685 4054 753 (8)

2457 785 2698 837 eolentur
2728 782 2832 855 (c)?
2864 784 2954 838 Est
2980 783 3152 836 adhuc
3175 782 3251 852 (9)
3277 781 3508 835 heminis
3527 780 3691 844 intus,
3715 792 3822 847 quo
3845 778 4048 830 s-cmina

2457 888 2808 948 congerantur
2842 895 2853 929 :
2879 893 2943 929 an
2972 894 3076 944 qtto
3104 877 3373 945 sanguinis
3402 889 3560 926 onera
3591 869 3862 930 sci'etlant,
3901 883 4053 938 quem

2459 971 2655 1040 pigrior
2679 984 2838 1023 sexus
2869 969 3133 1023 discutere
3165 982 3266 1020 non
3291 966 3526 1019 sufﬁcit?
3557 963 3636 1035 (tl)
3663 963 3892 1017 [licenda
3919 963 4054 1014 euint

2455 1072 2507 1115 et
2541 1061 2672 1122 lucc,
2707 1069 2986 1129 quatenus,
3028 1075 3147 1130 quzc
3179 1059 3362 1112 volunt
3406 1067 3458 1111 ct
3505 1072 3730 1126 quorum
3764 1055 3977 1118 volunt,
4008 1065 4056 1109 ct

2454 1151 3023 1223 qualitervoltmt(l0).
3052 1152 3222 1205 ollicia
3257 1149 3618 1204 membrorum
3649 1148 3966 1205 ludibrime.
3994 1147 4054 1199 de

2455 1245 2711 1298 industria
2759 1244 3125 1299 sull‘ondcntlse
3156 1242 3584 1304 resurrectionis,
3617 1242 3920 1300 oblatrant;
3956 1254 4053 1292 nou

2453 1339 2822 1408 rectigitantes,
2851 1341 2990 1407 ipsas
3014 1338 3158 1407 prius
3189 1351 3404 1390 caussas
3435 1335 3766 1389 necessitatis
3807 1344 3936 1387 tunc
3966 1349 4053 1384 va-

2452 1447 2682 1500 catnras,
2709 1434 2812 1488 cibi
2843 1433 3058 1494 l'atnem.
3088 1444 3140 1487 et
3167 1441 3324 1502 potus
3345 1431 3510 1492 sitim,
3539 1439 3593 1484 et
3613 1429 3938 1483 concubitus
3967 1444 4053 1498 ge-

2453 1529 2683 1583 nituram
2710 1569 2722 1590 .
2757 1538 2808 1581 et
2835 1527 3160 1595 operationis
3188 1526 3404 1578 victum.
3438 1522 3654 1579 Sublata
3684 1523 3829 1578 enim
3861 1533 4054 1587 morte,

2452 1637 2624 1692 neque
2655 1622 2825 1675 victus
2853 1620 3160 1675 l'ulcimenta
3193 1619 3257 1672 ad
3292 1618 3536 1690 prrsidia
3582 1619 3724 1680 vitat,
3753 1632 3933 1687 neque
3974 1632 4055 1686 ge-

2452 1716 2594 1770 neris
2635 1723 2980 1782 suppuraturo
3003 1713 3178 1782 gravis
3225 1712 3325 1766 erit
3375 1711 3648 1765 membris.
3681 1708 3978 1772 Ceterum,
4008 1719 4057 1762 et

2453 1809 2610 1864 hodie
2637 1823 2826 1861 vacare
2859 1806 3122 1860 intestinis
3161 1814 3215 1859 et
3260 1805 3518 1875 pudendis
3566 1805 3765 1858 licebit.
3817 1803 4056 1872 Quadra-

752 1897 1021 1952 ltomincm
1068 1898 1226 1954 saluti
1267 1900 1606 1966 destinando,
1648 1917 1865 1958 tat-nem
1905 1904 2219 1970 destinarit,
2279 1926 2345 1962 an
2377 1903 2424 1963 B
2452 1905 2594 1972 ginta
2625 1899 2810 1954 diebus
2854 1899 3027 1954 Moses
3052 1907 3104 1953 el
3133 1897 3310 1953 IIclias
3347 1897 3548 1967 jejunio
3581 1896 3762 1958 functi,
3790 1897 3911 1950 solo
3956 1895 4056 1949 Deo

750 1991 996 2045 eatmlcm
1028 1992 1154 2048 velit
1176 1993 1354 2049 denuo
1383 2009 1524 2059 esse,
1563 2011 1722 2065 quam
1755 2012 1860 2050 non
1907 1998 2126 2054 debebis
2171 2016 2235 2056 ex
2266 2001 2346 2072 (3)

752 2086 928 2139 futura
954 2088 1316 2142 membrorum
1351 2090 1627 2144 vacatione
1653 2092 2002 2160 praescribere
2030 2095 2207 2150 denuo
2227 2111 2346 2151 esse

750 2194 855 2231 non
884 2193 1061 2248 posse.
1096 2179 1243 2236 Licet
1278 2182 1421 2235 enim
1447 2196 1566 2237 esse
1593 2184 1719 2252 qttid
1752 2184 1961 2250 denuo,
2000 2197 2053 2242 et
2079 2189 2346 2243 nihilomi-

747 2285 848 2323 nus
875 2284 1096 2336 vacare;
1121 2286 1217 2325 nec
1240 2281 1418 2340 potest
1446 2283 1622 2327 autem
1653 2273 1754 2331 dici
1781 2292 1988 2344 vacare,
2031 2279 2074 2332 si
2105 2295 2208 2333 non
2253 2280 2342 2336 sit.

751 2363 818 2416 At
863 2376 1006 2416 enim
1057 2363 1100 2417 si
1145 2365 1235 2428 sit,
1268 2367 1464 2434 poterit
1487 2377 1542 2421 et
1594 2383 1699 2424 non
1756 2383 1993 2426 vacare:
2026 2371 2155 2427 nihil
2202 2375 2345 2430 enini

748 2455 887 2524 apud
908 2458 1074 2512 Deum
1107 2458 1332 2513 vacabit;

1366 2549 1592 2607 CAPUT
1621 2550 1755 2608 LXI.

818 2638 922 2694 Sed
955 2641 1225 2712 accepisti.
1261 2641 1442 2704 homo.
1473 2658 1534 2699 os
1586 2643 1653 2699 ad
1702 2647 1994 2702 vorandum
2049 2659 2208 2719 atque
2255 2666 2346 2720 po-

745 2732 966 2785 tamlmn
1005 2751 1018 2786 :
1049 2747 1146 2788 cur
1171 2749 1275 2788 non
1307 2735 1481 2805 potius
1520 2737 1584 2790 ad
1627 2737 2006 2804 eloquendum,
2041 2753 2092 2794 ut
2122 2757 2148 2793 a
2183 2755 2345 2798 ca-te-

744 2826 818 2878 ris
862 2825 1180 2881 animalibus
1207 2827 1404 2882 distes?
1433 2842 1530 2882 cur
1568 2844 1672 2883 non
1724 2832 1898 2900 potius
1937 2831 2001 2886 ad
2057 2834 2349 2903 prtedicau-

743 2918 870 2971 dum
924 2919 1111 2985 Deum,
1143 2931 1194 2974 ut
1245 2923 1405 2976 etiam
1455 2921 1759 2979 hominibus
1799 2925 2058 2982 antistes?
2087 2928 2342 2998 Denique,

746 3010 915 3066 Adam
955 3022 1078 3066 ante
1109 3014 1326 3068 nomina
1371 3016 1690 3071 animalibus
1734 3019 2046 3084 enuntiavit,
2079 3036 2237 3092 quam
2281 3022 2347 3077 de

745 3105 938 3159 arbore
975 3105 1274 3176 decerpsit;
1320 3117 1444 3164 ante
1480 3111 1639 3165 etiam
1678 3111 2037 3181 prophetarit,
2067 3129 2225 3184 quam
2255 3130 2347 3170 vo-

741 3200 900 3253 ravit.
931 3199 1004 3270 (υ)
1033 3199 1138 3255 Sed
1166 3202 1416 3271 accepisti
1447 3204 1636 3259 dentes
1664 3205 1728 3259 ad
1761 3207 2041 3260 macellum
2065 3209 2349 3264 corroden-

2449 1995 2745 2050 alebantur.
2776 1993 2892 2049 Jam
2923 2002 3045 2046 tunc
3091 1993 3230 2046 enim
3279 1989 3643 2050 dedicabatur.
3681 1986 3804 2042 Non
3837 1990 3893 2041 in
3934 2003 4058 2056 pana

2449 2091 2576 2143 vivet
2615 2089 2782 2153 homo,
2815 2089 2902 2142 sed
2931 2090 2983 2142 in
3017 2085 3114 2141 Dei
3141 2085 3289 2140 verba
3341 2085 3481 2139 Ecce
3526 2083 3735 2137 virtutis
3779 2081 3977 2134 futurzc
4002 2081 4059 2134 li-

2452 2184 2738 2238 niamenta.
2760 2181 2866 2236 Nos
2889 2196 3100 2252 quoque
3123 2222 3138 2243 ,
3167 2189 3223 2233 ut
3251 2192 3553 2248 possumus,
3588 2194 3648 2230 os
3674 2176 3798 2230 cibo
3827 2190 4055 2230 excusa-

2451 2292 2602 2338 mus;
2631 2278 2790 2332 etiam
2821 2290 3006 2329 sexum
3036 2289 3065 2327 a
3094 2274 3474 2343 congressione
3513 2269 3890 2324 subducimns.
3921 2271 4055 2336 Quot

2450 2370 2715 2440 Spadones
2738 2367 3068 2423 voluntarii?
3099 2375 3228 2436 quot
3252 2366 3484 2435 virgines
3514 2363 3730 2417 Christo
3768 2360 4055 2415 maritate?

2449 2471 2580 2534 quot
2616 2463 2824 2516 steriles
2853 2459 3142 2528 utriusqua:
3183 2469 3407 2520 natum.
3440 2453 3786 2509 inlructuosis
3815 2454 4055 2521 genitali-

2452 2559 2552 2612 bus
2579 2556 2799 2611 structi?
2827 2553 2958 2610 Nam
2982 2553 3023 2607 si
3043 2552 3192 2607 ethic
3215 2550 3452 2623 (ll)jam
3469 2565 3511 2599 ν.
3535 2562 3658 2601 care
3683 2555 3769 2601 est
3798 2555 3851 2598 et
3879 2544 4049 2598 ofﬁcia

2451 2659 2506 2704 et
2544 2647 2902 2702 emolumenta
2945 2642 3308 2698 membrorum
3341 2639 3617 2709 temporali
3649 2639 3935 2692 vacatione.
3960 2679 3974 2700 ,
4005 2645 4055 2690 ut

2452 2741 2504 2795 in
2538 2737 2814 2808 temporali
2864 2734 3245 2805 dispositione,
3289 2746 3389 2787 nec
3437 2730 3598 2784 homo
3647 2739 3824 2784 tamen
3886 2728 4051 2781 minus

2451 2835 2631 2890 salvus
2656 2840 2771 2892 est;
2804 2829 3025 2900 pruimlc
3058 2827 3272 2880 homine
3301 2825 3480 2888 salvo,
3527 2833 3580 2878 et
3631 2822 3850 2892 quidem
3889 2824 4050 2890 magis

2453 2939 2598 2988 tunc.
2652 2933 2708 2978 ιιι
2759 2924 2808 2976 in
2862 2932 3059 2976 :cterna
3104 2918 3473 2987 diSpositione,
3535 2917 3702 2985 magis
3746 2932 3853 2968 non
3911 2915 4050 2968 desi-

2450 3018 2791 3079 derab'nnus,
2845 3029 2963 3083 qua:
3003 3011 3111 3081 jattt
3161 3008 3245 3063 hic
3297 3023 3401 3061 non
3466 3006 3777 3061 desiderare
3827 3019 4051 3060 θοιιπιιεο

2455 3115 2645 3166 vimus.

3035 3195 3263 3251 CAPUT
3302 3191 3460 3250 LXII.

742 3291 866 3343 dum
893 3289 972 3363 (ι)
1009 3310 1021 3346 :
1055 3309 1150 3346 cur
1171 3309 1274 3346 non
1307 3296 1480 3364 potius
1511 3295 1575 3350 ad
1600 3314 1814 3353 onntcm
1845 3299 2043 3354 hiatum
2069 3311 2122 3356 ct
2150 3302 2337 3356 rictum
2368 3294 2412 3356 C
2516 3297 2620 3354 Sed
2654 3294 2776 3350 huic
2807 3291 3179 3359 disceptatimti
3216 3289 3372 3341 lintun
3423 3284 3692 3339 Dominica
3731 3286 4042 3353 proaimtia-

745 3392 893 3437 qum
917 3383 1323 3439 roronandum?
1353 3402 1448 3441 cur
1478 3404 1582 3442 non
1613 3389 1790 3458 potius
1834 3391 1897 3444 ad
1933 3395 2113 3460 pulsus
2151 3395 2340 3464 lingua:

743 3477 1118 3546 temperandos
1149 3477 1261 3551 (ὕ),
1287 3479 1352 3534 ad
1403 3481 1547 3535 vocis
1594 3483 1845 3536 articulos
1897 3486 2189 3542 oll'ensione
2231 3490 2342 3560 sig-

743 3569 1246 3643 nandos?!)cnique
1271 3582 1324 3628 et
1350 3572 1629 3630 edcntulos
1655 3574 1734 3647 (ϐ)
1765 3577 1884 3632 audi
1913 3589 1964 3634 et
1995 3581 2130 3646 vide,
2165 3593 2220 3636 ut
2248 3584 2317 3638 ho

2443 3396 2516 3449 tio
2545 3393 2786 3463 imponit.
2821 3389 2888 3460 (ι’)
2921 3388 3102 3442 Erunt.
3131 3385 3300 3451 inquit
3346 3381 3559 3454 (.llatt/t.
3589 3379 3785 3443 XXII),
3809 3391 4048 3450 tauquam

2442 3489 2628 3558 angeli.
2658 3485 2711 3541 Si
2753 3500 2856 3538 non
2889 3479 3161 3544 nubendo,
3190 3477 3309 3546 quia
3362 3490 3459 3530 nec
3507 3472 3809 3535 moriendo,
3869 3474 4047 3539 Illique

2446 3597 2543 3637 nec
2569 3581 2654 3634 ulli
2688 3577 2754 3648 (f)
2808 3572 2967 3630 simili
3022 3567 3325 3626 necessitati
3379 3565 3717 3628 succidendq
3755 3564 4050 3636 corporalis

1970 3693 2265 3756 LECTION
2273 3701 2355 3758 ES
2397 3689 2808 3757 VARIANTES.

860 3808 875 3868 )
903 3805 1080 3874 _l_._iquet
1101 3807 1209 3874 eod.
1244 3807 1429 3859 Wouw.
1455 3806 1558 3874 nig.
1589 3811 1751 3860 Venet.

828 3871 878 3920 2i
902 3870 1039 3919 'l'une
1064 3870 1212 3920 Men.

824 3931 869 3983 Si
905 3932 962 3982 lit
988 3931 1130 3982 Ithen.
1154 3934 1306 3983 Scml.

902 3997 1235 4057 tloornaudum
1262 3999 1355 4046 Ms.
1381 3991 1513 4057 angi.
1537 3997 1678 4046 Pam.

825 4121 871 4167 til
907 4119 963 4169 l-It
987 4120 1250 4169 edentulos
1269 4118 1420 4171 omilt.
1448 4121 1597 4170 Seutl.

824 4185 874 4247 7)
904 4181 1151 4233 llonorem
1177 4181 1278 4249 Itig.
1309 4186 1475 4235 Venet.
1501 4181 1656 4234 Seml.

2505 3813 2578 3874 (8)
2601 3809 2873 3874 Delluxura
2901 3803 3046 3874 [them
3071 3801 3223 3853 Sirmi.

2511 3867 2578 3936 ‘9')
2607 3874 2661 3923 In
2686 3867 2804 3920 add.
2834 3871 2977 3920 Pam.
3010 3867 3160 3915 Frrm.

2505 3873 2615 4000 ilO)
2639 3935 2702 3986 Et
2727 3932 2945 3998 qualiter
2965 3929 3158 3988 volunt,
3194 3935 3246 3977 ct
3298 3937 3508 3989 quorum
3537 3922 3706 3973 volunt
3724 3923 3876 3976 Pam.
3906 3922 4045 3974 κήδη.

2538 3929 2615 4002 l0)
2639 3935 2702 3986 Et
2727 3932 2945 3998 qualiter
2965 3929 3158 3988 volunt,
3194 3935 3246 3977 ct
3298 3937 3508 3989 quorum
3537 3929 3706 3973 volunt

2442 4001 2610 4125 Silii.)
2635 4059 2757 4111 Nam
2779 4056 2923 4108 abest.
2949 4068 2981 4104 a
3002 4057 3146 4105 Pam.
3175 4050 3339 4103 Paris.
3366 4059 3510 4101 ιεγίιη.
3533 4061 3645 4098 nam
3671 4050 3766 4098 etsi
3801 4048 3883 4098 hic
3897 4045 4042 4098 Rhea.

2436 4123 2588 4176 Seml.

2159 4292 2721 4351 COMMENTARIUS.

736 4403 995 4458 nonnihil.
1050 4402 1248 4460 Verum
1285 4404 1513 4458 secunda
1555 4404 1670 4472 ejus
1725 4404 1859 4458 rxtio
1904 4419 1965 4459 ev
2005 4417 2191 4461 natura
2217 4409 2330 4473 ipsa

736 4473 998 4532 hominis.
1025 4477 1191 4529 multo
1217 4474 1391 4526 minus
1430 4475 1617 4527 virium
1647 4475 1828 4537 habet.
1856 4492 1921 4530 ne
1943 4493 2028 4542 (ne
2063 4480 2230 4546 prima
2264 4497 2328 4536 ex

737 4549 840 4599 line
858 4588 870 4609 ,
895 4548 980 4601 cui
1010 4549 1143 4600 licus
1167 4547 1368 4599 creavit
1392 4546 1681 4609 hominem,
1709 4548 1926 4617 maioris
1951 4548 2201 4617 ponderis
2223 4563 2327 4616 est,

739 4618 838 4670 etsi
866 4619 1082 4672 minime
1109 4617 1434 4671 inefﬁcacem
1458 4633 1729 4672 censeam.
1756 4616 1892 4672 Pan.

806 4687 882 4760 (a)
903 4688 965 4763 Et
1004 4700 1168 4742 tamen
1193 4703 1365 4741 navent
1382 4689 1602 4763 procella
1612 4687 2106 4758 (lisaipnlmn..\llei:i
2123 4709 2333 4763 quoque

734 4761 994 4814 stmtenia
1049 4763 1162 4821 luit,
1215 4775 1433 4822 navem,
1472 4760 1513 4813 si
1539 4759 1674 4813 adeo
1698 4764 1839 4828 saepe
1865 4765 2056 4816 reiecta
2082 4759 2332 4826 esset,'ut

734 4832 878 4884 nulla
907 4832 1080 4885 tabula
1105 4831 1291 4885 eadem
1318 4843 1656 4898 permaneret
1677 4847 1796 4899 quo
1831 4847 1932 4884 non
1961 4849 2092 4886 nova
2119 4832 2326 4902 luisset,

734 4903 1078 4957 nihilominus
1102 4903 1343 4955 eamdem
1379 4917 1568 4955 navem
1602 4916 1723 4956 esse
1743 4902 2054 4956 existimari.
2084 4905 2142 4958 L.
2192 4905 2328 4960 Pro-

733 4975 1028 5042 prmcb-itur
1078 4974 1150 5028 De
1181 4972 1297 5041 jtttl.
1327 4972 1503 5042 Itaque
1533 4973 1913 5038 Atheniensi-.5,
1947 4990 2052 5043 quo
2088 4987 2329 5045 tempore

731 5045 941 5098 Socrati
989 5052 1191 5099 eicutas
1240 5045 1522 5105 miscuere.
1563 5059 1747 5098 nivem
1783 5048 2066 5112 quotannis
2119 5048 2168 5100 iu
2229 5049 2329 5103 De-

731 5115 835 5189 lon
858 5114 1410 5189 trattsmitti_solitatn_
1437 5130 1552 5169 eam
1580 5115 1745 5182 ipsam
1769 5130 1889 5170 esse
1920 5117 2162 5171 dit-ebant
2182 5159 2196 5181 ,
2224 5137 2324 5189 qua

732 5186 964 5255 majores
986 5201 1110 5240 suos
1134 5186 1374 5255 Theseus
1399 5185 1451 5239 in
1484 5189 1695 5240 Cretam
1720 5197 1955 5242 vexerat.
1981 5196 2115 5244 τιῧτο
2147 5185 2252 5245 ἐστί
2273 5203 2326 5248 τὸ

731 5251 913 5320 πλοῖον,
947 5264 1006 5320 ὡς
1035 5267 1173 5312 oin-tv
1197 5251 1447 5320 Ᾱοηναῖοι,
1477 5267 1605 5323 etc.,
1633 5259 1798 5328 inquit
1830 5259 2133 5315 Platonicus
2169 5261 2327 5315 Plur-

729 5329 850 5382 rlon.
889 5329 1005 5384 llic.

799 5399 949 5455 CAP.
985 5398 1212 5454 LXI.—
1247 5400 1330 5470 (b)
1370 5399 1476 5455 Sed
1517 5401 1751 5468 accepisti
1791 5402 1960 5455 dentes
2004 5402 2072 5455 ad
2135 5403 2319 5457 macel-

729 5470 833 5551 lam
877 5471 1266 5525 cori-edendum.
1307 5472 1766 5541 Quemadmodum
1801 5472 2001 5528 Mettius
2045 5473 2132 5528 ille
2158 5474 2340 5531 llora-.

733 5551 927 5596 llﬂllllS.

807 5612 1059 5668 Pernicies
1085 5623 1132 5667 et
1160 5624 1428 5683 tempestas
1453 5614 1848 5682 barathrumque
1873 5615 2090 5669 macelli.
2125 5616 2243 5672 llic.

802 5684 877 5755 (ο)
903 5685 1019 5750 Qua
1054 5694 1264 5755 politum
1293 5684 1495 5755 defruta
1532 5685 1781 5740 colantur.
1812 5685 1988 5740 Prima
2012 5687 2196 5752 editio,
2221 5705 2319 5752 qua

729 5752 1001 5826 defluxum
1021 5752 1274 5820 celentur,
1306 5752 1628 5826 magnopere
1651 5756 1820 5825 placet
1845 5756 2023 5820 .lunio,
2040 5758 2128 5825 qui
2159 5759 2320 5811 mira-

729 5835 815 5880 tur
845 5825 1132 5899 admissam
1172 5825 1736 5899 alteramlectionemr,
1761 5843 1880 5882 cum
1921 5838 2093 5882 tamen
2118 5829 2318 5899 signiﬁ-

725 5898 932 5954 cantius
951 5899 1021 5955 sit
1046 5897 1286 5970 defruta;
1331 5913 1455 5954 nam
1496 5909 1652 5970 potus
1686 5898 1943 5954 dococtus
1979 5897 2186 5956 colatur
2220 5917 2318 5973 per

2438 4407 2676 4465 infernos
2699 4415 2924 4460 meatus.
2962 4404 3235 4459 Defrutum
3266 4408 3408 4461 enim
3441 4416 3523 4460 est
3551 4406 3732 4459 vinum
3758 4405 4038 4460 decoctum

2438 4498 2467 4534 a
2501 4479 2828 4534 tlelcrventlo
2871 4477 3092 4538 dictum,
3125 4488 3182 4530 ut
3225 4477 3491 4530 Palladius
3544 4477 3748 4545 inquit.
3776 4491 3947 4546 usque
3977 4477 4038 4529 ad

2357 4535 2408 4594 Ῑ)
2439 4551 2773 4605 medietatem
2806 4550 2948 4617 iuvta
2983 4535 3364 4607 l’liniumzvel.
3408 4548 3556 4615 jIIX'itt
3602 4535 4036 4611 ΝοειιιιιηξιΙιοε-

2439 4622 2566 4675 bant
2593 4621 2858 4675 defrutum
2877 4661 2890 4681 ,
2917 4621 2960 4672 si
2981 4636 3041 4673 ea:
3069 4620 3265 4691 duobus
3297 4623 3525 4691 partibus
3561 4619 3631 4672 ad
3656 4621 3862 4674 tertiam
3891 4621 4036 4673 rede-

2435 4704 2608 4762 gerant
2631 4691 3078 4760 defervefuciendo.
3112 4689 3219 4746 Lac

2506 4763 2585 4836 (ὁ)
2613 4762 2834 4836 Dicenda
2857 4763 2988 4814 enim
3008 4771 3061 4836 et
3080 4762 3186 4815 [uec
3206 4762 3375 4836 ofﬁcio
3395 4761 3931 4836 membrorumCirca
3944 4762 4038 4836 Im.

2428 4832 2662 4903 jos'ntotli
2688 4834 2859 4888 oﬂicia
2906 4832 3266 4886 membrorum
3309 4833 3440 4886 tnira
3475 4834 3721 4888 libertate
3755 4835 3884 4887 ilhll
3917 4834 4038 4889 Ilie-

2433 4921 2690 4976 ronymus
2713 4906 2848 4976 libro
2867 4903 3125 4976 adversus
3150 4903 3485 4968 Joviniauum
3516 4907 3706 4973 pritno.
3739 4905 3866 4962 th.

2501 4973 2656 5032 CAP.
2689 4975 2846 5030 LXII.
2879 5005 2948 5014 —
2974 4973 3049 5047 (θ)
3083 4973 3264 5035 Erunt,
3311 4977 3501 5046 inquit,
3541 4987 3783 5042 tanquam
3834 4979 4035 5047 Augeii.

2433 5049 2617 5116 Attigit
2652 5049 2793 5101 hunc
2827 5048 2996 5101 locum
3023 5061 3140 5113 cap.
3182 5047 3272 5101 36.
3319 5047 3412 5101 llic
3441 5059 3616 5100 tanien
3654 5060 4036 5116 argumentum

2433 5065 2537 5101 Alli
2580 5065 2617 5101 ιι
2652 5065 2793 5101 nunc
2828 5065 2996 5101 iocum
3023 5065 3140 5113 cap.
3182 5065 3272 5101 ou.
3319 5065 3412 5101 inc
3441 5065 3616 5100 tanien
3654 5065 4036 5116 argumentum

2431 5065 2573 5173 istos
2611 5119 2822 5172 annecti
2877 5125 3046 5186 potest
3091 5118 3556 5189 antecedentibus,
3621 5119 3771 5186 quasi
3838 5135 4038 5189 augens

2429 5191 2553 5244 vim.
2585 5190 2797 5245 Dixerat
2825 5191 2874 5240 in
2911 5189 3006 5241 hac
3030 5190 3133 5242 vita
3162 5188 3404 5243 excusari
3438 5189 3682 5243 homines
3708 5208 3737 5242 ιι
3777 5188 4038 5259 congres-

2429 5276 2490 5315 su
2517 5262 2748 5321 carnali,
2792 5274 2855 5314 ac
2894 5268 3170 5327 propterea
3201 5260 3342 5315 velut
3381 5264 3600 5329 angelos
3634 5261 3920 5315 caelestem
3964 5263 4039 5314 vi-

2428 5341 2534 5385 tam
2569 5332 2789 5394 vivere.
2851 5341 2905 5383 ιιι
2952 5329 3252 5386 Bernardus
3305 5332 3470 5400 inquit
3517 5346 3679 5383 sertn.
3738 5329 3776 5384 Ξ
3807 5333 3880 5383 ad
3921 5332 4031 5398 fm-

2426 5414 2544 5457 tres.
2579 5403 2642 5457 Et
2695 5402 2993 5473 Cyprianus
3034 5401 3126 5455 lib.
3170 5401 3231 5454 de
3281 5402 3469 5470 singul.
3498 5403 3619 5455 cler.
3651 5402 3838 5469 Quare
3880 5415 3938 5456 et
3981 5405 4032 5456 in

2424 5475 2526 5528 alia
2555 5474 2658 5528 vita
2693 5482 2942 5543 poterunt
2971 5474 3212 5544 homines
3264 5475 3504 5544 angelico
3544 5473 3649 5526 ritu
3689 5475 4031 5534 converSari,

2425 5554 2476 5598 nl
2500 5541 2784 5600 conﬁrmat
2809 5553 2864 5597 ct
2901 5543 3090 5599 dellnit
3122 5541 3406 5599 Christus:
3441 5541 3603 5597 Erunt
3653 5554 3907 5614 tanquam
3949 5562 4035 5598 ωι-

2458 5617 2541 5670 eli.
2579 5615 2706 5669 Lac.

2422 5633 2557 5758 geli.)
2580 5633 2755 5741 [Siliani
2784 5687 3059 5741 necessitati
3087 5685 3412 5741 succidenda.
3446 5686 3586 5744 Usus
3628 5696 3712 5741 est
3738 5701 3903 5755 supra
3932 5702 4025 5740 eo-

2421 5758 2542 5813 dem
2627 5759 2824 5821 verbo,
2887 5772 2983 5827 pro
3040 5758 3429 5812 succuiiibeado.
3493 5758 3677 5824 Quoad
3739 5761 4026 5812 sententia:

2420 5830 2680 5886 rationem
2723 5830 2942 5895 attinet,
2975 5839 3198 5884 venuste
3235 5827 3436 5886 Encas
3465 5828 3690 5886 Gazzeus
3743 5829 3798 5884 iu
3846 5830 4021 5883 Theo-

2418 5902 2660 5973 phrasto.
2685 5899 2811 5956 Lac.
