4220 6492
739 402 844 459 887

2156 399 2616 458 TERTCLLIANI

3947 402 4047 460 888

1455 715 2185 932 ξενίας
2301 734 3253 929 Securius.

1587 1083 2134 1224 LIBRI
2219 1077 3190 1229 MORALES

978 1321 1269 1407 POST
1351 1317 2056 1406 SUSCEPTUM
2106 1317 2387 1532 A1836;

2462 1318 2876 1529 '[SFTI‘ORE
2930 1319 3828 1408 MONTANISMUM

1821 1617 2986 1694 ww

1003 1763 1108 1824 DE
1151 1762 1544 1826 VELANDIS
1587 1762 2065 1825 VIRGINIBUS.

1005 1885 1109 1945 DE
1152 1886 1794 1947 EXHORTATIONE
1828 1883 2318 1948 CASTITATIS.

1003 2007 1106 2068 DE
1150 2009 1667 2071 MONOGAMIA.

2698 1758 2800 1818 DE
2845 1757 3198 1821 JEJUNIIS.

2693 1881 2798 1942 DE
2843 1879 3236 1944 PUDlClTlA
3252 1925 3265 1941 .

2693 2003 2796 2063 DE
2841 2003 3152 2065 PALLIO.

1198 2345 1587 2432 QUINTI
1624 2342 2133 2416 SEPTIMII
2183 2336 2790 2412 FLORENTIS
2846 2323 3596 2407 TEBTULLIANI

753 2519 1350 2665 LIBER
1399 2525 1669 2664 DE
1748 2507 2920 2670 VIRGINIBUS
2988 2509 4050 2656 VELANDIS.

2179 2759 2727 2789 ὣ-

2117 2879 2681 2995 βτοοςηιὶιιητ.

828 3069 1013 3125 Nullus
1060 3069 1170 3125 fere
1196 3076 1276 3123 est
1303 3069 1442 3122 inter
1469 3079 1656 3118 omnes
1685 3062 1999 3117 Tertulliani
2017 3055 2348 3116 montanistio

2461 3065 2492 3104 e
2537 3061 2722 3106 contra
2774 3054 2825 3107 in
2879 3052 3126 3108 Africana
3175 3052 3400 3110 ecclesia
3481 3053 3750 3125 plera‘quc
3827 3055 4061 3126 virgines

755 3177 850 3216 crs
881 3163 1036 3226 liber,
1069 3161 1121 3215 in
1153 3175 1256 3229 quo
1283 3159 1538 3227 majorem
1561 3156 1667 3209 vim
1696 3153 1943 3208 adhibeat
1970 3153 2033 3204 ad
2057 3149 2349 3205 defenden-
2378 3161 2422 3220 Α
2457 3143 2762 3200 christiana:
2789 3156 2976 3215 aperto
3002 3147 3174 3217 capite
3201 3145 3527 3201 incederem.
3556 3147 3734 3214 Quare
3772 3150 3823 3202 in
3859 3152 3962 3204 hoc
3997 3151 4060 3205 li-

757 3248 879 3306 dain
935 3251 1269 3321 disciplinam
1328 3246 1764 3302 Momanistarum
1803 3260 1830 3296 a
1879 3245 2032 3310 culpa
2075 3242 2345 3307 novitatis,

759 3359 917 3411 quam
976 3351 1229 3396 tractatus
1269 3343 1332 3393 de
1398 3339 1631 3393 Velandis
1673 3336 1993 3408 Virginibus;
2042 3334 2163 3388 hinc
2212 3334 2350 3388 inter

759 3435 1047 3505 primordia
1106 3434 1362 3505 temporis
1402 3431 1470 3486 ab
1499 3433 1614 3501 ipso
1660 3431 1798 3500 apud
1843 3429 2192 3483 Montanistas
2246 3428 2348 3480 acti

761 3539 1034 3583 exaratum
1073 3526 1234 3582 fuisse
1261 3527 1454 3580 merito
1497 3523 1754 3579 creditur.
1803 3523 2106 3576 Arbitratnr
2137 3521 2348 3591 quidem

759 3621 1046 3692 perdoctus
1077 3619 1346 3689 Remigius
1374 3617 1656 3672 Ccillierus
1675 3615 1868 3670 librum
1887 3616 1948 3668 de
1974 3612 2212 3668 Velandis
2235 3612 2352 3667 Vir-

762 3713 961 3783 ginibus
991 3712 1231 3765 omnium
1263 3709 1607 3765 novissinmm
1635 3723 1776 3774 esse,
1824 3707 1948 3778 quia
1991 3707 2042 3761 in
2075 3706 2222 3761 nullo
2251 3707 2356 3761 alio

763 3821 948 3874 opere,
977 3804 1259 3876 ncquident
1292 3804 1344 3859 in
1372 3803 1498 3857 libro
1518 3801 1582 3855 de
1607 3817 1811 3865 corona,
1841 3798 1929 3855 ubi
1951 3814 2070 3870 cap.
2125 3800 2189 3852 Η
2243 3798 2354 3864 ipsa

765 3899 987 3954 materia
1019 3897 1088 3952 ibi
1113 3905 1431 3968 pertractata
1459 3895 1508 3949 id
1536 3894 1777 3964 exegisse
1805 3893 2032 3962 videtur,
2055 3892 2198 3947 illum
2229 3891 2358 3946 citat

766 3991 1150 4045 'l'ertnllianns.
1179 3990 1374 4044 Verum
1399 3988 1514 4044 lucc
1543 3989 1848 4058 conjectura
1880 3986 2008 4040 nihil
2041 3985 2247 4056 probat,
2291 3998 2358 4038 eo

766 4084 907 4150 quod
935 4083 1068 4138 liber
1089 4084 1150 4135 de
1178 4083 1379 4135 Corona
1405 4091 1528 4136 ante
1573 4081 1711 4134 hunc
1738 4080 1800 4133 de
1841 4077 2074 4133 Velandis
2132 4076 2354 4148 Virgini-

767 4175 859 4228 bus
874 4185 1122 4230 exoratus
1142 4174 1257 4239 fuit,
1279 4176 1328 4229 in
1347 4175 1465 4229 aliis
1482 4182 1656 4228 autem
1672 4172 1925 4244 operibus
1941 4173 2081 4227 hunc
2096 4172 2354 4242 allegandi

763 4269 1066 4338 quampiam
1115 4270 1452 4323 occasionem
1509 4268 1758 4322 habuisse
1786 4266 2170 4322 Tertulliannm
2218 4267 2355 4322 haud

769 4362 1137 4429 pct‘spicittttts;
1163 4361 1254 4416 sed
1281 4371 1395 4416 utut
1414 4363 1526 4414 lure
1547 4359 1897 4423 sint,cvidcns
1917 4360 2105 4414 saltem
2133 4369 2233 4424 est,
2259 4359 2359 4414 hoc

774 4454 1088 4521 opusculum
1124 4455 1174 4506 in
1231 4453 1518 4508 schismate
1565 4453 1819 4521 scriptum
1871 4453 2060 4518 fuisse;
2093 4453 2356 4524 siquidem

2455 3235 2552 3291 bro
2573 3247 2755 3291 contra
2789 3241 2974 3307 patria:
3000 3253 3108 3292 Sine
3134 3253 3354 3302 morem,
3378 3239 3428 3291 in
3443 3253 3543 3309 qua
3567 3239 3694 3292 sola:
3715 3249 3899 3309 nupta:
3917 3243 4060 3295 vela-

2455 3327 2932 3394 bantnr,ostendit,
2947 3345 3068 3383 cum
3086 3339 3270 3383 contra
3293 3329 3564 3383 veritatem
3581 3331 3936 3398 pnescribere
3958 3348 4060 3385 non

2456 3434 2634 3491 posse,
2663 3421 2800 3490 quod
2824 3421 3035 3490 quidem
3090 3421 3239 3490 juxta
3283 3420 3678 3474 adnotationem
3727 3420 3812 3476 Cl.
3847 3421 4063 3492 Duliinii

2457 3527 2640 3565 verum
2663 3523 2744 3565 est
2775 3527 2894 3566 cum
2917 3513 3093 3583 agitur
3113 3511 3180 3566 de
3211 3511 3480 3581 dogmate,
3515 3527 3619 3566 non
3645 3528 3772 3566 vero
3818 3529 3946 3568 cum
3997 3514 4064 3569 de

2455 3602 2734 3673 disciplina
2763 3603 2908 3673 parvi
2933 3605 3207 3658 momenti.
3241 3603 3412 3658 Luue.

2531 3721 2920 3775 Ancuunswn.
2941 3749 3008 3759 —
3025 3717 3397 3783 Tcrtullianus,
3422 3719 3483 3771 ob
3508 3719 3805 3788 quamdam,
3833 3729 3888 3775 ut
3926 3721 4063 3774 ride-

2459 3821 2561 3876 tur,
2607 3827 2721 3864 cum
2766 3812 2944 3881 graecis
2981 3811 3378 3881 disputationem
3409 3811 3472 3864 de
3498 3811 3776 3881 virginibus
3805 3813 4060 3875 velandis,

2458 3904 2696 3957 conviciis
2722 3914 2977 3974 exceptus,
3023 3913 3071 3956 et
3103 3919 3194 3972 pro
3232 3903 3469 3958 licer‘etico
3516 3904 3823 3973 exagitatus,
3858 3905 3916 3958 in
3945 3922 4063 3958 suos

2459 3996 2815 4061 insectatores,
2869 3996 3277 4050 consuetudinem
3318 3997 3636 4067 jactitantes,
3671 3997 3734 4050 ab
3781 3997 3932 4051 initio
3982 4000 4062 4051 in-

2460 4091 2675 4156 uehitur,
2705 4090 3056 4161 declamatque
3080 4090 3279 4143 veritati
3302 4089 3716 4145 consuetudinem
3735 4092 4063 4158 prtcscriberc

2462 4197 2561 4233 non
2587 4197 2755 4252 posse.

2538 4272 2673 4328 Hinc
2721 4273 2900 4328 asserit
2949 4273 3366 4327 consuetudinem
3420 4273 3643 4345 virgines
3687 4273 3895 4327 velandi
3959 4291 4064 4328 esse

2463 4369 2739 4432 meliorem,
2771 4383 2859 4419 nec
2891 4367 2942 4420 in
2976 4366 3248 4436 Scriptura
3292 4381 3440 4419 sacra
3489 4365 3835 4436 reprobatam,
3872 4366 3975 4419 into
4001 4366 4061 4418 ab

2463 4460 2709 4532 Apostolo
2739 4460 3169 4524 commendatam,
3201 4459 3476 4529 disciplina
3508 4456 3756 4512 Ecclesia;-
3785 4459 4061 4526 conﬁrma—

769 4546 1004 4601 blontani
1059 4545 1274 4616 genium
1305 4547 1463 4601 nimis
1489 4554 1670 4616 apt-rte
1705 4547 1874 4616 sapit;
1905 4558 2026 4599 mox
2070 4544 2211 4600 enim
2235 4560 2353 4614 cap.
2388 4557 2433 4616 Β
2462 4560 2586 4617 tarn,
2633 4551 2804 4604 ntulit;
2853 4560 3144 4605 sanctorum
3212 4549 3456 4618 exemplis
3496 4546 3785 4615 suﬂ'ultam,
3835 4549 4062 4614 ipsismet

769 4642 821 4700 1,
853 4642 926 4694 ait
960 4659 970 4691 :
1004 4639 1216 4694 Iustitia
1253 4639 1418 4709 primo
1460 4639 1555 4709 fuit
1609 4641 1659 4692 in
1690 4638 2028 4705 rudimentis;
2056 4637 2238 4692 dehinc
2269 4653 2358 4708 per

769 4733 926 4800 legem
966 4742 1010 4784 et
1037 4732 1308 4801 prophetas
1336 4730 1584 4801 promovit
1610 4731 1662 4783 in
1699 4729 1967 4799 infantiam
1997 4747 2016 4785 :
2046 4731 2226 4784 dehinc
2268 4745 2357 4796 per

772 4820 1101 4892 Evangelium
1126 4821 1354 4888 efferbuit
1384 4822 1435 4876 in
1447 4823 1764 4892 jurentutcm
1795 4837 1965 4874 :nunc
1995 4837 2083 4891 per
2113 4820 2357 4875 Paraclc-

770 4924 874 4966 tum
897 4915 1213 4984 componitur
1241 4917 1293 4968 in
1321 4917 1683 4969 maturitatem.
1707 4915 2052 4970 Occasionem
2082 4914 2220 4970 lnmc
2241 4930 2360 4970 esa-

770 5007 1174 5062 randilibellum
1197 5008 1532 5063 Tertulliano
1559 5006 1708 5062 dedit
1735 5007 2067 5062 consuetudo
2097 5008 2356 5064 ecclesia-

769 5117 886 5154 rum
909 5100 1255 5168 qnarnmdam
1281 5110 1389 5156 tum
1409 5101 1732 5162 Occidentis.
1764 5109 1870 5154 tum
1891 5101 2113 5169 plurium
2139 5101 2362 5156 aliarum

769 5190 990 5247 Griecize
1008 5207 1103 5248 seu
1124 5193 1358 5248 Orientis
1381 5193 1611 5265 virgines
1637 5193 1688 5247 in
1715 5191 1953 5248 Ecclesia
1983 5193 2211 5258 volandi,
2240 5210 2361 5249 cum

2465 4645 2715 4715 virginum
2758 4643 2897 4696 haud
2921 4644 3202 4697 velatarum
3231 4643 3474 4712 periculis
3504 4642 3778 4696 sancitum.
3823 4640 3956 4695 Enn.

2986 4797 3213 4856 CAPUT
3254 4797 3543 4854 PRIMUM.

2537 4919 2815 4988 Proprium
2845 4915 2921 4990 (α)
2961 4916 3069 4988 jam
3120 4915 3392 4986 ncgotimn
3424 4927 3612 4983 passus
3658 4927 3792 4967 me'c
3851 4911 4058 4982 opinio-

2470 5013 2568 5077 nis,
2599 5012 2670 5084 (b)
2706 5013 2865 5066 latine
2893 5025 3104 5080 quoque
3131 5005 3435 5071 ostendam,
3455 5005 3690 5074 virgines
3723 5011 3942 5057 nostras
3972 5019 4062 5056 re-

2469 5110 2564 5164 lari
2591 5120 2860 5179 oportere,
2888 5123 2950 5162 ex
2991 5121 3095 5178 quo
3123 5107 3192 5178 (c)
3223 5107 3506 5162 transitum
3542 5105 3714 5158 mutis
3753 5119 3866 5156 sua:
3923 5103 4062 5158 fece—

2471 5201 2576 5256 rint
2605 5222 2618 5255 :
2649 5202 2748 5257 hoc
2768 5201 2981 5270 exigere
3010 5201 3306 5265 veritatem,
3335 5198 3422 5254 cui
3455 5200 3534 5267 (τι)
3559 5211 3717 5252 nemo
3743 5198 4066 5268 praescribe-

2133 5309 2688 5371 COMMENTARIUS.

843 5421 997 5497 CAP.
1020 5421 1160 5497 I._—
1186 5420 1264 5497 (a)
1307 5421 1589 5497 Proprium
1595 5423 1708 5495 jam
1734 5423 2015 5497 negotium-
2028 5439 2206 5493 passus
2236 5442 2362 5481 mea:

772 5495 1047 5564 opinionis.
1071 5493 1432 5562 Disputatione
1454 5493 1680 5564 quadam
1703 5493 1956 5550 adversus
1977 5493 2216 5557 GneCus.
2239 5511 2360 5550 cmn

773 5577 821 5637 et
848 5566 1082 5634 virgines
1122 5565 1284 5637 velari
1311 5576 1578 5637 oportere
1625 5567 1799 5620 aerius
1838 5567 1970 5620 torte
1997 5566 2323 5622 adseruissrt
2347 5610 2360 5631 .

774 5636 1080 5708 Garamum
1125 5636 1378 5708 convitiis'
1415 5647 1672 5708 exceptus
1721 5652 1783 5691 ac
1815 5653 1910 5707 pro
1959 5638 2208 5692 lneretico
2235 5655 2362 5694 exa-

774 5709 968 5776 gitatus
989 5705 1150 5761 fuisse
1179 5706 1401 5760 videtur.
1427 5707 1542 5763 litc.

847 5778 946 5903 (b)].
965 5775 1145 5830 Latine
1166 5794 1359 5847 quoque
1385 5780 1689 5835 ostendam“
1718 5778 2068 5837 Consentium
2098 5781 2364 5850 interpre-

847 5860 856 5901 ῑ
948 5850 1286 5903 erlnllianum
1343 5849 1498 5903 huius
1550 5853 1847 5903 amttmenti
1899 5853 2123 5903 alterum
2171 5851 2357 5903 (ἴτωρο

773 5858 856 5903 res
902 5849 1498 5922 Tertullisnunt_hujus
1550 5853 1847 5922 argumenti
1899 5853 2123 5908 alterum
2171 5849 2357 5908 ϐίωςο

771 5926 929 5976 antea
954 5920 1251 5989 scripsisse.
1302 5919 1378 5976 La
1418 5920 1514 5977 Pa.

2537 5427 2612 5497 (c)
2651 5425 2945 5497 Transitum
2969 5423 3151 5497 (etatis.
3180 5420 3313 5497 Cum
3337 5421 3562 5497 scilicet
3585 5434 3811 5497 _annos_
3832 5420 4067 5497 pueriles

2465 5490 2812 5554 excesserint.
2841 5496 2954 5564 Qua
2985 5496 3052 5549 de
3075 5511 3133 5550 rc
3180 5494 3309 5548 illud
3337 5491 3542 5563 Virgilii
3577 5490 3759 5563 Eclog.
3785 5491 3842 5557 4,
3876 5492 3928 5545 in
3952 5494 4065 5545 lau-

2467 5572 2586 5623 dent
2617 5568 2869 5622 Polhonis
2895 5585 2908 5620 :

2622 5641 2737 5687 Itinc
2761 5640 2840 5687 ubi
2861 5638 2959 5700 jam
2984 5636 3169 5685 ﬁrmata
3191 5637 3345 5685 virum
3369 5644 3420 5684 te
3443 5633 3624 5684 fecerit
3641 5641 3778 5683 mtas.

2467 5710 2600 5764 Cum
2623 5709 2824 5763 scilicet
2853 5713 2908 5764 in
2934 5711 3103 5760 virum
3148 5706 3382 5760 evaseris
3403 5745 3417 5766 .
3460 5716 3516 5760 et
3541 5707 3649 5759 eris
3675 5711 3720 5759 ἄν
3767 5709 3903 5772 ἀκμῇ
3927 5746 3939 5766 ,
3977 5707 4065 5766 μὴ

2470 5786 2534 5841 εὶς
2556 5785 2724 5850 i’tv'a‘pu
2751 5785 3080 5847 ἀτμιλάμινος
3101 5775 3590 5850 γεενίὺὶ-ι-δγηθείιρξ.
3618 5775 3692 5850 lat-2
3720 5773 3818 5850 Ρη.

2545 5845 2832 5920 (ό)’Νεηιο
2882 5845 3223 5922 praescribere.
3249 5845 3419 5922 Ablulta
3471 5845 3689 5901 adduxit
3720 5845 3957 5922 Laeerda
4011 5857 4065 5902 nt

2467 5917 2756 5993 explicaret
2799 5917 3021 5978 verbum
3052 5919 3407 5990 prtescribcrc,
3465 5927 3716 5989 tauquam
3746 5917 4057 5989 signiﬁcans
