4220 6492
159 423 263 482 889

1258 417 1458 476 LIBER
1513 417 1600 476 DE
1644 415 2031 477 VIRGINIBUS
2056 418 2425 477 VELANDIS.

3350 420 3458 478 890

159 556 215 595 re
259 546 451 609 potest,
505 551 610 594 non
659 537 886 608 spatium
941 544 1260 607 temporum,
1297 551 1401 590 non
1458 537 1755 605 patrocinia
1791 541 1833 597 Λ
1865 537 2107 607 suprade
2138 537 2237 591 hoc
2260 536 2377 606 ejus
2403 549 2564 606 opere
2617 534 2995 606 pronuntiavit.
3022 533 3150 604 Qum
3193 544 3276 594 est
3324 552 3454 605 ergo

159 645 530 701 personarum,
559 645 662 683 non
690 629 1018 699 privilegium
1052 629 1348 698 regionum,
1381 644 1444 682 ex
1481 629 1564 681 his
1613 629 1758 681 enim

159 722 270 776 fere
298 721 630 776 consuetudo
659 721 865 774 initium
892 720 960 773 ah
983 720 1159 789 aliqua
1187 719 1488 790 ignorantia
1515 719 1598 774 vel
1627 719 1760 774 sim-

161 815 396 883 plicitate
448 815 652 874 sortita,
713 813 764 867 in
823 827 975 866 usum
1035 827 1127 882 per
1175 812 1570 867 successionem
1629 826 1753 866 cor-

161 908 477 973 roboratur,
547 916 602 960 et
651 907 719 960 ita
774 905 1032 960 adversus
1097 903 1371 960 veritatem
1442 903 1755 958 vindicatur.

160 1000 266 1056 Sed
333 999 587 1053 Dominus
656 1008 838 1054 noster
889 996 969 1069 (a)
1015 995 1259 1052 Christus
1323 995 1599 1050 veritatem
1657 1010 1755 1063 se,

161 1110 266 1147 nou
331 1091 768 1148 consuetudinem
808 1091 1221 1161 cognominavit.
1261 1088 1318 1144 Si
1360 1103 1571 1158 semper
1599 1086 1757 1143 Chri~

159 1197 297 1251 stus,
353 1197 407 1240 et
455 1186 600 1257 prior
647 1184 1114 1253 omnibuszzeque
1185 1182 1379 1238 veritas
1431 1182 1756 1252 sempiterna

159 1290 214 1334 et
261 1280 475 1349 antiqua
501 1294 605 1332 res.
636 1277 876 1332 Vidi-rint
905 1293 1034 1348 ergo
1062 1277 1258 1348 quibus
1284 1291 1479 1331 novum
1505 1284 1591 1330 est
1614 1273 1754 1343 quod

158 1373 259 1427 sibi
294 1382 442 1427 vetus
466 1384 568 1428 est.
598 1370 855 1426 Haeresim
890 1381 1119 1425 nontam
1143 1370 1346 1424 novitas
1371 1383 1528 1440 quam
1563 1368 1758 1422 veritas

159 1463 813 1533 revineit.Quodcumque
835 1463 1088 1518 adversus
1135 1463 1412 1516 veritatem
1453 1462 1607 1530 sapit,
1657 1460 1756 1515 hoc

159 1558 265 1611 erit
289 1556 534 1622 haeresis,
568 1560 727 1610 etiam
758 1567 908 1610 vetus
939 1555 1292 1611 consuetudo.
1349 1554 1618 1610 Cieterum
1656 1567 1755 1607 suo

160 1650 295 1702 vitio
323 1649 443 1719 quis
482 1648 606 1717 quid
638 1649 862 1718 ignorat.
908 1648 1060 1716 Quod
1100 1659 1276 1702 autem
1312 1649 1608 1718 ignoratur,
1659 1645 1759 1700 fuit

161 1753 272 1794 tam
305 1741 709 1811 requirendmn,
753 1756 912 1811 quam
948 1740 1310 1811 recipiendum
1337 1740 1479 1810 quod
1507 1739 1754 1810 agnosci-

163 1842 269 1887 tur.
306 1832 504 1902 llegula
533 1832 748 1902 quidem
778 1833 901 1887 fidei
929 1847 1030 1886 una
1059 1832 1274 1886 omnino
1295 1842 1397 1896 est,
1422 1832 1535 1885 sola
1565 1833 1757 1884 immo-

165 1924 315 1990 Iiilis,
344 1933 398 1978 et
447 1924 874 1990 irrel'ormabilis,
908 1922 1160 1978 credendi
1211 1921 1414 1977 scilicet
1459 1921 1510 1976 in
1543 1923 1755 1976 unicum

162 2018 332 2072 Deum
366 2017 807 2087 omnipotentem,
851 2019 1031 2072 mundi
1083 2016 1439 2084 conditorem,
1481 2026 1536 2072 et
1565 2015 1755 2071 Filium

161 2113 284 2178 ejus
303 2110 486 2166 Jesum
510 2110 808 2174 Christum,
848 2119 1027 2164 natmn
1057 2126 1122 2164 ex
1149 2109 1354 2179 virgine
1382 2109 1562 2175 Maria,
1587 2110 1757 2163 cruci-

1869 634 2127 688 Paracleti
2155 631 2543 686 administratio
2585 632 2683 686 nisi
2729 631 2863 696 lucc,
2895 631 3036 700 quod
3064 630 3341 700 disciplina
3374 631 3454 685 di-

1869 725 2077 795 rigitur,
2111 725 2250 794 quod
2281 724 2573 793 Scriptura:
2605 725 2928 789 revelantur,
2973 722 3114 793 quod
3154 724 3458 781 intellectus

1871 816 2216 883 reformatur,
2267 817 2410 886 quod
2466 815 2533 870 ad
2584 816 2806 871 meliora
2835 815 3312 886 proficituriNihil
3341 818 3458 874 sine

1864 917 2040 971 :etate,
2089 920 2143 963 et
2185 910 2363 964 omnia
2413 917 2625 977 tempus
2649 916 2959 978 expectant.
2985 908 3227 979 Denique
3271 908 3459 964 Eccle-

1864 1001 2091 1055 siastes:
2125 998 2364 1070 Tempus,
2394 999 2586 1071 inquit,
2635 1000 2773 1055 omni
2828 1001 2900 1053 rei
2949 997 3172 1073 (Eccles.
3219 998 3305 1067 III,
3341 999 3453 1072 l7).

1865 1094 2056 1165 Aspice
2082 1095 2253 1162 ipsam
2280 1103 2586 1148 creaturam
2613 1092 2872 1162 paulatim
2904 1091 2969 1147 ad
2994 1091 3222 1147 fructum
3248 1108 3458 1163 promc-

1864 1187 1999 1242 veri.
2042 1184 2281 1241 Granum
2328 1194 2412 1240 est
2446 1185 2642 1255 primo,
2671 1195 2726 1241 et
2751 1184 2818 1240 de
2865 1200 3031 1256 grano
3061 1184 3233 1241 frutex
3264 1187 3451 1251 oritur,

1863 1290 1916 1335 et
1953 1279 2020 1334 de
2057 1278 2248 1334 frutice
2268 1278 2553 1335 arbuscula
2581 1278 2838 1334 enititur:
2869 1278 3062 1334 deinde
3080 1279 3211 1332 rami
3240 1287 3294 1333 et
3313 1277 3457 1333 fron-

1862 1371 1960 1427 des
2007 1371 2368 1437 iuvalescunt,
2417 1379 2472 1426 et
2493 1380 2662 1426 totum
2701 1371 2912 1428 arboris
2951 1385 3146 1426 nomen
3196 1371 3455 1441 expandi-

1864 1474 1968 1531 tur,
1994 1462 2068 1536 (c)
2098 1463 2220 1518 inde
2250 1463 2507 1534 germinis
2539 1470 2718 1518 tumor
2759 1472 2809 1519 et
2851 1461 2948 1518 flos
2971 1462 3039 1520 de
3067 1463 3310 1535 germine
3344 1465 3456 1517 sul-

1861 1558 2023 1624 vitur,
2053 1565 2108 1612 et
2135 1556 2203 1612 de
2233 1556 2365 1612 ﬂore
2409 1555 2609 1611 fructus
2637 1556 2908 1626 aperitur;
2957 1556 3001 1610 is
3054 1571 3268 1625 quoque
3307 1555 3455 1612 rudis

1862 1650 2168 1720 aliquandiu
2201 1663 2257 1705 et
2303 1648 2569 1715 informis,
2603 1649 2854 1720 paulatim
2901 1658 3112 1706 :etatem
3155 1665 3304 1705 suam
3326 1648 3454 1703 diri—

1859 1760 2012 1816 gens,
2047 1745 2128 1818 (ά)
2151 1743 2394 1799 eruditur
2439 1744 2490 1799 in
2525 1742 2986 1799 mansuetudinem
3032 1745 3262 1814 saporis.
3292 1744 3379 1798 Sic
3403 1755 3457 1798 et

1856 1837 2061 1906 justitia
2093 1837 2241 1909 (nam
2267 1835 2406 1890 idem
2442 1836 2579 1891 Deus
2605 1837 2825 1906 justitize
2868 1846 2922 1891 et
2965 1837 3253 1909 creaturae)
3282 1839 3455 1908 primo

1864 1928 1961 1982 fuit
2004 1928 2053 1981 in
2085 1926 2438 1992 rudimentis,
2488 1937 2676 1982 natura
2728 1927 2895 1983 Deum
2943 1928 3451 1985 metuens:dehinc

1864 2033 1957 2088 per
1987 2017 2181 2089 Legem
2215 2029 2269 2073 et
2316 2019 2610 2089 Prophetas
2638 2021 2903 2090 promovit
2930 2021 2980 2074 in
3016 2021 3286 2076 infantiam
3319 2023 3452 2077 :de-

1863 2109 1985 2165 hinc
2001 2124 2094 2179 per
2117 2110 2461 2180 Evangelium
2479 2110 2726 2166 efferbuit
2749 2112 2798 2165 ia
2817 2111 3172 2182 juventutem:
3199 2130 3338 2169 nunc
3358 2131 3450 2184 per

163 2203 336 2255 ﬁxum
360 2201 459 2255 sub
482 2201 670 2255 l’ontio
695 2201 866 2256 Pilato
919 2202 1071 2255 tertia
1100 2200 1181 2272 (Ι)
1209 2201 1296 2255 die
1328 2201 1699 2256 resuscitatum
1726 2216 1754 2254 a
1787 2180 1834 2240 Β
1864 2203 2198 2259 Par-acletum
2230 2205 2568 2274 componitur
2605 2206 2655 2258 iu
2685 2180 3062 2259 maturitatem.
3089 2205 3184 2260 llic
3211 2207 3313 2262 erit
3356 2180 3447 2261 so-

161 2295 417 2362 mortuis,
461 2304 732 2365 receptum
776 2296 827 2349 iu
855 2295 1031 2361 CtBlis,
1057 2295 1332 2349 sedentem
1366 2310 1506 2349 nunc
1532 2294 1596 2349 ad
1625 2295 1754 2350 dex-

161 2395 335 2441 teram
361 2387 555 2454 Patris,
605 2397 884 2441 venturum
938 2386 1184 2456 judicare
1237 2387 1389 2440 vivos
1422 2395 1475 2440 et
1522 2395 1761 2440 mortuos

162 2496 263 2550 per
285 2482 462 2536 carnis
484 2482 644 2536 etiam
699 2481 1168 2536 resurrectionem.
1199 2477 1309 2534 Hac
1340 2479 1454 2549 lege
1499 2479 1618 2532 tidei
1647 2494 1760 2532 ma-

167 2584 574 2636 nente,c;etera
603 2575 712 2644 jam
768 2572 846 2646 (ὁ)
885 2575 1181 2644 disciplina:
1225 2585 1280 2628 et
1333 2575 1760 2628 conversationis

161 2668 455 2720 admittunt
520 2667 807 2722 novitatem
859 2666 1243 2732 correctionis,
1304 2675 1560 2735 operante
1612 2667 1759 2720 scili-

162 2772 250 2813 cet
320 2769 375 2814 et
453 2761 766 2830 proliciente
831 2776 998 2832 usque
1063 2759 1116 2814 in
1185 2759 1346 2814 linem
1409 2759 1578 2829 gratia
1642 2759 1756 2814 Dei.

163 2851 335 2917 Quale
367 2861 448 2906 est
487 2853 632 2908 enim
662 2862 718 2906 ut
764 2851 978 2907 diabolo
1011 2866 1225 2921 semper
1257 2859 1518 2921 operante
1548 2859 1600 2904 et
1629 2850 1762 2920 adji-

164 2945 344 2997 i-iente
371 2945 610 3014 quotidie
652 2947 719 3000 ad
773 2946 1065 3016 iniquitatis
1105 2944 1339 3016 ingenia,
1384 2959 1519 3014 opus
1550 2943 1642 2999 Dei
1671 2957 1762 2998 aut

165 3038 482 3105 cessaverit,
516 3047 608 3091 aut
656 3039 918 3108 prolicere
966 3037 1268 3093 deSIiterit?
1315 3051 1436 3090 cum
1480 3046 1757 3105 prapterca

167 3129 507 3184 l’araeletnm
562 3132 768 3188 miserit
812 3133 1099 3200 Dominus,
1158 3141 1212 3186 ut
1242 3131 1493 3201 quoniam
1527 3131 1760 3186 humana

168 3222 515 3279 mediocritas
541 3225 720 3280 omnia
750 3226 919 3280 semel
959 3239 1155 3296 capere
1180 3240 1284 3279 non
1320 3233 1547 3292 poterat,
1577 3226 1762 3295 paula-

163 3316 258 3367 tim
288 3316 629 3387 dirigeretur,
658 3328 712 3373 et
743 3317 1108 3382 ordinaretur,
1138 3328 1190 3372 et
1219 3316 1286 3372 ad
1316 3318 1608 3386 perfectum
1640 3333 1760 3388 pcr-

162 3409 456 3461 duceretur
501 3409 805 3480 disciplina,
854 3409 922 3464 ab
969 3411 1061 3463 illo
1092 3411 1292 3464 vicario
1331 3408 1759 3481 DomiuiSpiritu

162 3501 387 3555 Sancto.
414 3501 615 3570 Adhuc,
657 3503 866 3574 inquit,
916 3505 1075 3557 multa
1113 3505 1268 3558 habeo
1297 3506 1438 3574 loqui
1467 3505 1624 3571 vobis,
1673 3506 1761 3558 sed

160 3596 392 3647 nomium
445 3597 651 3665 potestis
705 3615 763 3651 ea
809 3597 1042 3664 bajularc

159 3689 292 3741 ritus
324 3688 567 3753 veritatis,
623 3690 834 3744 deducet
883 3707 968 3746 vos
1023 3694 1074 3744 in
1130 3708 1328 3745 omnem
1375 3691 1655 3757 veritatem,
1714 3702 1758 3744 et

158 3783 565 3848 supervenientia
592 3783 898 3838 renuntiabit
928 3783 1062 3839 vobis
1088 3784 1210 3857 (Jo.
1245 3785 1383 3852 XVI,
1412 3783 1523 3856 I2).
1558 3784 1665 3841 Sed
1703 3796 1758 3842 et

1865 2299 1948 2354 lus
1970 2316 1996 2352 a
2027 2297 2241 2354 ChriSto
2267 2301 2517 2370 magister
2547 2308 2601 2354 et
2624 2299 2885 2354 dicendus
2922 2308 2976 2353 et.
3006 2300 3285 2355 verendus.
3335 2300 3451 2357 Non

1863 2396 2005 2448 enim
2057 2394 2124 2449 ab
2175 2410 2234 2449 se
2282 2395 2517 2464 loquitur
2570 2394 2652 2467 (Ξ)
2682 2435 2696 2458 ,
2746 2393 2838 2448 sed
2883 2408 3004 2464 qua:
3054 2393 3371 2448 mandantur
3423 2412 3453 2449 a

1863 2487 2098 2542 Christo.
2131 2487 2224 2542 llic
2255 2488 2401 2543 solus
2430 2496 2764 2553 antecessor,
2795 2488 2916 2557 quia
2949 2485 3094 2540 solus
3114 2496 3232 2556 post
3269 2486 3452 2540 Chris-

1867 2589 1998 2632 tum.
2029 2579 2180 2633 Hune
2205 2579 2294 2648 qui
2348 2587 2686 2648 receperunt,
2756 2578 3031 2632 veritatem
3079 2578 3451 2635 consuetudini

1863 2678 2214 2738 anteponunt.
2236 2668 2388 2724 llune
2414 2669 2504 2739 qui
2530 2668 2811 2724 audierunt
2843 2684 3010 2738 usque
3034 2684 3174 2725 nunc
3199 2685 3301 2724 non
3325 2670 3451 2731 olim

1866 2761 2268 2833 pt'oplteutntem
2319 2761 2442 2833 (5),
2508 2762 2742 2832 virgines
2795 2771 3102 2831 contegunt.

2494 2851 2720 2909 CAPUT
2757 2851 2820 2906 II.

1934 2944 2036 3001 Sed
2087 2945 2211 2999 nolo
2238 2944 2454 2999 interim
2486 2943 2628 2998 hunc
2675 2960 2882 2999 morem
2913 2945 3126 2999 veritati
3166 2944 3248 3019 (4)
3283 2946 3452 3018 depu-

1865 3048 1997 3094 tare.
2029 3037 2378 3094 Cousuetudo
2400 3040 2468 3094 sit
2491 3040 2769 3108 tantisper,
2801 3048 2856 3095 ut
2881 3041 3254 3095 consuetudini
3285 3041 3447 3097 etiam

1864 3131 2304 3187 consuetudinem
2357 3146 2646 3203 opponam.
2681 3129 2753 3204 (ε)
2788 3131 2888 3186 Per
2915 3131 3174 3187 Grmciam
3203 3141 3256 3186 et
3285 3148 3447 3202 quas-

1863 3226 1984 3282 dam
2020 3227 2290 3280 harbarias
2341 3227 2477 3295 ejus,
2538 3227 2714 3296 plures
2767 3225 3020 3280 Ecclesia:
3075 3227 3306 3297 virgines
3328 3241 3452 3282 suas

1864 3317 2215 3374 abscondunt.
2249 3317 2344 3371 Est
2369 3327 2424 3372 et
2445 3315 2544 3371 sub
2566 3318 2667 3371 hoc
2695 3317 2835 3371 caelo
2877 3316 3177 3371 institutum
3203 3317 3339 3372 istud
3356 3319 3453 3372 ali-

1863 3414 2006 3479 cubi,
2067 3429 2133 3466 ne
2177 3411 2267 3481 qui
2328 3410 2606 3480 gentilitati
2659 3411 2968 3480 graecanica:
3021 3421 3110 3464 aut
3161 3411 3452 3466 barbarica:

1868 3503 2308 3560 consuetudinem
2342 3503 2486 3558 illam
2510 3502 2796 3558 adscribat.
2815 3500 2919 3557 Sed
2950 3517 3041 3556 eas
3062 3518 3160 3571 ego
3187 3502 3453 3559 Ecclesias

1097 3614 1114 3651 :
1155 3615 1269 3651 cum
1312 3573 1497 3652 venerit
1526 3599 1612 3653 ille
1639 3598 1755 3669 Spi-

1866 3599 2136 3668 ιιιόιιοευί,
2160 3612 2292 3667 quas
2316 3605 2370 3651 et
2399 3596 2496 3666 ipsi
2531 3595 2769 3664 Apostoli
2801 3595 2884 3650 vel
2932 3597 3000 3666 (Ι)
3029 3596 3316 3664 Apostolici
3347 3598 3446 3652 viri

1863 3692 2240 3755 eondiderunt,
2292 3690 2370 3759 (g)
2398 3699 2450 3744 et
2476 3698 2604 3760 puto
2634 3698 2757 3744 ante
2782 3689 3064 3760 quosdam.
3100 3688 3305 3743 Habent
3333 3689 3434 3759 igi-

1865 3798 1948 3842 tur
1973 3795 2026 3841 et
2052 3785 2156 3840 illa:
2186 3782 2427 3839 eamdem
2457 3781 2855 3839 consuetudinis
2879 3783 3270 3847 auctoritatem,
3304 3791 3440 3837 tetn«

1393 3903 1770 3961 LECTIONES
1813 3903 2219 3961 VARIANTES.

219 4014 235 4070 (
252 4013 297 4076 Ι)
331 4013 502 4064 Tertio
524 4012 689 4065 Paris.

221 4075 296 4142 (ἐ)
333 4076 582 4142 Loquetur
606 4078 755 4128 Illten.
793 4075 942 4142 Seml.
970 4079 1112 4142 Leop.

212 4138 300 4209 (ἦ)
339 4138 540 4209 Itallig.
562 4154 626 4192 ea:
644 4141 924 4209 auctoritate
948 4138 1072 4192 cod.’
1091 4150 1269 4209 rr’ouw.
1309 4149 1353 4209 et
1383 4140 1549 4209 Ursini
1574 4156 1610 4209 ;Δ
1638 4145 1747 4209 eod.

155 4201 372 4262 mum,
402 4201 550 4252 Rhe'u.
581 4209 627 4252 et
649 4203 734 4254 alii
763 4218 779 4254 :
806 4217 964 4267 usque
993 4216 1091 4255 non
1130 4205 1263 4254 olim.
1303 4205 1404 4256 Sed
1443 4201 1755 4269 probabiliter

1855 4017 1962 4083 Rig.
1989 4016 2120 4083 verb.
2149 4030 2242 4066 non
2267 4016 2381 4066 olim
2415 4014 2763 4083 interpretamli
2787 4031 2957 4083 caussa
2978 4031 3079 4070 esse
3100 4015 3364 4083 adscripta,
3399 4026 3450 4072 ut

1852 4070 2115 4152 magna.
2133 4093 2451 4152 tlstltlQ-IIUDC
2469 4070 2561 4130 sint
2590 4078 2859 4144 retinenda,
2885 4082 3106 4144 caruerit.

1919 4143 1992 4206 (.l)
2028 4140 2260 4193 Veritatis
2283 4140 2431 4192 Scml.

1540 4312 2100 4372 COMMENTARIUS.

151 4404 412 4476 excipere
422 4419 515 4460 seu
537 4405 880 4476 exceptiones
896 4405 1190 4475 producere
1206 4421 1267 4460 ex
1286 4420 1382 4460 usu
1397 4405 1756 4462 Iurisconsul-

151 4475 360 4530 torum.
397 4475 490 4530 llic.
518 4493 624 4530 uno
654 4478 818 4531 verbo
845 4481 1074 4547 putarim
1103 4477 1230 4532 nihil
1262 4477 1402 4532 aliud
1448 4493 1567 4532 esse
1595 4495 1753 4546 quam

1867 4409 2011 4484 velut
2037 4409 2316 4484 sylvestris
2347 4409 2530 4466 feritas
2559 4412 2702 4484 succi
2733 4421 2788 4469 et
2816 4413 3022 4484 saporis
3058 4414 3110 4470 in
3150 4416 3322 4474 fructu
3349 4417 3446 4472 ad-

1865 4479 1966 4534 huc
1990 4479 2105 4534 rudi
2155 4491 2206 4535 et
2237 4483 2556 4548 immaturo;
2604 4483 2698 4540 sed
2726 4479 2968 4540 eruditur
2997 4487 3046 4540 in
3084 4490 3445 4544 mansuetudi-

152 4540 1013 4624 nihildeveritatedetrahi"posse
1032 4563 1366 4620 quacumque
1382 4540 1753 4624 _ratione,'uihil
1789 4540 1834 4598 Ι)
1863 4565 2009 4624 nem,
2030 4567 2163 4624 rum
2188 4553 2434 4624 pa_n_la_tim
2464 4540 2709 4624 coquitur
2740 4557 2788 4609 in
2823 4540 3202 4612 maturitatem.
3240 4540 3356 4614 ltic.

150 4619 305 4672 illius
331 4618 675 4687 splendorem
703 4619 959 4690 abrogare
987 4618 1144 4691 posse
1173 4632 1266 4674 aut
1290 4621 1648 4744 Inﬂjtifl:lll)etll.

1454 4708 1484 4744 ε
1553 4709 1605 4744 ιι.

1454 4708 1484 4745 Ε
1510 4708 1605 4746 ιἰι.

231 4757 314 4830 (a)
354 4758 584 4815 Christus
623 4762 881 4817 veritatem
921 4778 993 4817 se.
1025 4760 1294 4816 Christum
1330 4763 1605 4816 veritatem
1632 4777 1751 4819 esse

152 4831 278 4899 ipse
308 4840 531 4885 teStatns
551 4841 635 4886 est
656 4833 872 4886 infinitis
897 4833 1182 4904 locis,qua§
1204 4833 1408 4886 omitto.
1437 4831 1589 4904 Unde
1606 4849 1749 4903 sa-pc

151 4904 388 4956 miratus
407 4916 526 4956 sum
554 4905 795 4957 homines
823 4903 1106 4958 nonnullos
1137 4903 1522 4970 pharisa‘orum
1553 4903 1747 4959 fastum

151 4990 274 5042 pra:
299 4987 356 5025 se
384 4973 616 5028 ferentes
635 5015 649 5038 ,
673 4989 739 5028 eo
786 4973 1071 5044 impietatis
1115 4974 1398 5028 devenisse
1423 5017 1436 5037 ,
1470 4985 1523 5027 ut
1555 4977 1748 5029 menti-

151 5055 273 5097 tum
328 5056 420 5097 aut
464 5045 652 5098 saltem
712 5046 1138 5114 amphibologice
1196 5045 1428 5098 locutum
1476 5044 1748 5100 Christum

148 5115 396 5169 dixerint
417 5115 604 5187 octies,
624 5131 674 5170 c.
695 5115 812 5170 VIII
845 5116 1112 5187 Evangelii
1145 5115 1204 5170 Β.
1229 5115 1470 5170 Joannis.
1504 5116 1608 5170 Sed
1631 5133 1747 5171 eam

151 5201 372 5240 litorum
410 5195 462 5239 et
491 5185 788 5255 disciplinae
818 5185 1122 5241 christiana!
1156 5188 1492 5242 eversionem
1521 5187 1746 5255 deﬂere,

149 5273 266 5311 non
291 5256 554 5328 rst_lmjus
579 5256 683 5312 loci
709 5274 880 5328 neque
904 5259 1066 5312 etiam
1092 5259 1368 5327 temporis.
1399 5258 1476 5312 LE
1525 5258 1622 5312 Pn.

229 5325 316 5399 (b)
371 5325 671 5396 Disciplina:
715 5338 761 5381 et
796 5325 1224 5383 conversationis.
1278 5330 1473 5384 Severa
1529 5342 1750 5396 semper

148 5399 442 5470 disciplina
495 5399 921 5454 conversationis
957 5401 1172 5453 nomine
1218 5400 1550 5470 intelligitur.
1595 5401 1746 5466 Apud

148 5468 560 5541 'l‘heodoretum
618 5480 815 5532 ἃηηαις
861 5471 1073 5526 dicitur.
1100 5472 1157 5525 S.
1194 5468 1569 5541 Hieronymus,
1604 5471 1694 5525 lib.
1731 5471 1744 5524 Ι

147 5541 420 5595 adversus
441 5540 779 5596 Joviuianutn
827 5560 841 5596 :
875 5558 1137 5596 armantur
1170 5543 1342 5596 eadem
1371 5540 1749 5597 conversatione

146 5629 257 5681 qua
278 5611 532 5681 Christus.
560 5612 632 5667 La
648 5612 747 5666 Pa.

228 5679 310 5753 (ι’)
347 5680 476 5736 Inde
526 5685 762 5754 germinis
803 5692 989 5738 tumor.
1039 5683 1243 5738 Tumor
1288 5694 1370 5740 est
1411 5700 1571 5739 omne
1601 5684 1744 5753 quod

146 5755 498 5878 concipitug;
538 5771 756 5826 germen
812 5767 990 5810 autem
1039 5765 1093 5810 et
1139 5771 1349 5826 gemma
1385 5757 1521 5810 idem
1557 5755 1742 5811 hocin

147 5840 308 5878 casn.
374 5841 405 5878 ε
467 5840 519 5878 ιι.

147 5840 308 5880 casn.
329 5840 405 5878 LE
424 5840 519 5879 ΡΒ.

228 5895 314 5969 (d)
346 5894 590 5953 Eruditur
632 5897 685 5952 in
731 5899 1164 5955 mansuetudinem
1213 5900 1428 5971 saporis.
1461 5899 1554 5955 Est
1591 5899 1735 5956 enim

1934 4621 2685 4702 CAP.".Z—(t-)Peryrtvciam
2713 4636 2766 4702 et
2778 4630 3023 4702 quasdam
3035 4629 3293 4684 barbarias
3315 4633 3442 4702 ejus.

1859 4692 2139 4770 Darharlas
2163 4692 2538 4770 Grieciai,dic_it
2562 4708 2710 4770 extra
2729 4692 2987 4754 Graeciam
3013 4703 3256 4770 regiones
3288 4692 3445 4767 quas-

1856 4764 2002 4829 dam,
2034 4765 2126 4819 sed
2178 4767 2448 4834 appositas
2476 4765 2717 4830 Graeciae,
2749 4764 3086 4837 quibuscum'
3110 4772 3260 4828 fuere
3289 4764 3442 4830 Gne-

1855 4849 2039 4888 corum
2073 4837 2279 4905 negotia
2309 4850 2402 4888 seu
2436 4837 2592 4891 bella.
2629 4838 2833 4894 IIorat.:

1980 4915 2162 4964 Gracia
2187 4915 2424 4966 barbaria:
2449 4915 2585 4966 lento
2618 4918 2781 4969 collisa
2809 4920 2992 4972 duello.

1852 4975 2043 5058 ——-Per
2095 4976 2342 5058 Grieciam
2370 4989 2417 5031 et
2466 4982 2710 5058 quasdam
2745 4984 3004 5058 barbaries
3049 4988 3177 5058 ejus.
3221 4986 3441 5044 Grmcirc

1854 5048 2285 5128 urbesquasdam
2309 5060 2400 5128 aut
2428 5052 2671 5128 regiones
2698 5053 2918 5128 intelligi
2944 5048 3089 5125 puto';
3114 5073 3438 5128 quamquam

1854 5118 2175 5198 alii-vicinas
2215 5118 2651 5198 GI‘JZCIDiIII‘UeS,
2691 5118 3314 5198 finitimasquenationes
3339 5145 3435 5185 no-

1855 5191 1952 5242 tari
1978 5192 2303 5246 existimant.
2323 5191 2397 5246 LF.
2416 5191 2513 5246 PR.

1925 5261 2354 5343 (ι’),Αροιιοιξςῇ
2388 5265 2500 5343 viri.
2535 5265 2638 5343 Per
2698 5267 2842 5322 viros
2889 5271 3210 5339 apostolicos
3259 5273 3440 5343 accipe

1851 5331 2156 5412 christiana;
2207 5335 2477 5412 religionis
2528 5337 2789 5412 primores
2835 5331 3040 5409 qui'aut
3069 5343 3135 5396 ah
3164 5331 3435 5412 ApostoIiS

1855 5404 2096 5484 itistructi
2144 5404 2476 5484 institutique
2523 5404 2756 5484 fuerunt,
2806 5404 3023 5484 antiqui
3054 5404 3433 5484 Apostolorum

1853 5473 2090 5526 doctrina
2146 5473 2302 5543 digna
2355 5473 2774 5554 gesserunt._De
2826 5473 2966 5554 solis'
3002 5473 3287 5554 episcopis,
3345 5496 3436 5541 aut

1851 5555 2293 5623 51_itiiiiio_t_antuin
2345 5548 2594 5615 pontiﬁce
2630 5550 2687 5623 id_
2723 5553 2990 5622 explicare
3021 5548 3202 5623 parum
3227 5548 3432 5614 conve-

1853 5616 2004 5695 niens
2035 5616 2505 5695 videturhcumea
2530 5635 2632 5676 vox
2654 5616 3234 5695 Constantino'Maguo
3273 5627 3433 5683 etiam

1854 5689 2116 5766 trilmatur
2142 5687 2557 5766 multisinloeis,
2589 5707 2644 5743 ut
2665 5687 3220 5763 upud'l‘heodoritu'm,
3254 5714 3302 5754 c.
3338 5701 3430 5766 25,

1852 5755 1945 5841 Ιξυ.
1971 5759 2028 5841 Ιῌε
2051 5765 2148 5841 ,τὰς
2177 5763 2490 5822 cineri-alue};
2511 5755 2776 5841 Ppulo-ue
2813 5774 2856 5821 ιν
2898 5784 2954 5829 τῆ
2982 5778 3106 5836 ψυχῇ
3156 5755 3429 5841 τιξιὶριρινξ

1851 5829 2170 5901 Apostolicas
2214 5847 2364 5884 curas
2385 5829 2588 5887 outuiu'o
2617 5839 2867 5901 versabat;
2899 5849 2950 5891 et
2976 5829 3119 5894 alibi.
3155 5829 3228 5893 1λέ
3262 5829 3354 5896 [λη’.

1923 5899 1996 5969 (gi
2025 5898 2087 5952 Et
2115 5910 2234 5970 puto
2255 5911 2370 5955 ante
2391 5905 2657 5972 quosdam.
2692 5898 2865 5963 Parcit
2888 5910 3190 5965 nominibus
3218 5927 3425 5979 eorum,
