4220 6492
215 432 322 492 893

1249 429 1452 487 LIBER
1495 429 1582 486 DE
1615 425 1998 486 VIRGINIBUS
2040 426 2396 486 VELANDIS.

3395 424 3503 486 89‘

214 567 339 616 nus,
370 565 488 620 quae
515 549 596 625 (a)
618 548 850 605 dicatum
883 549 991 604 Deo
1021 547 1260 603 habitum
1295 547 1578 602 detrahere
1608 559 1798 618 potue-
1830 546 1876 606 A
1908 546 2077 600 divisa
2105 556 2261 602 estet
2289 546 2480 603 mulier
2513 554 2568 603 et
2589 546 2758 619 virgo.
2794 545 2881 603 hic
2907 559 3121 619 quoque
3144 547 3503 619 patrocinabi-

215 646 378 700 rnnt!
409 643 545 712 Quid
576 643 728 713 pejus
773 641 854 715 (Ι)
902 642 1094 712 aliquis
1122 651 1436 710 perseeutor
1491 639 1723 704 feciswt,
1757 641 1803 692 si

215 739 318 792 huc
361 757 387 789 a
446 738 648 808 virgine
692 738 921 792 electum
973 734 1348 804 cognovisset?
1400 735 1476 806 (ὁ)
1520 732 1804 786 licnndasti

215 830 450 902 puellam
480 844 508 882 a
538 830 733 898 capite,
767 827 842 901 (c)
873 839 926 882 ct
973 838 1076 882 tota
1105 829 1213 896 jam
1240 829 1388 897 virgo
1409 828 1508 881 sibi
1539 843 1643 879 non
1673 836 1756 880 est
1789 844 1802 880 :

212 926 314 978 alia
337 921 591 978 estfacta.
612 923 849 991 Exsurge
879 922 1058 991 igitur,
1077 921 1296 984 veritas,
1318 933 1564 988 exsurge,
1583 928 1636 971 et
1655 919 1802 986 quasi

214 1017 284 1072 de
321 1016 574 1087 patientia
631 1029 894 1084 erumpe:
951 1013 1146 1066 nullam
1201 1012 1322 1064 volo
1361 1009 1803 1065 consuuttnlinem

213 1108 508 1172 defendas;
542 1123 665 1162 nam
690 1107 798 1176 jatu
828 1115 880 1161 et
923 1105 1010 1160 illa
1043 1104 1147 1178 (‘2),
1177 1105 1275 1159 sub
1303 1121 1404 1175 qua
1431 1115 1479 1159 te
1512 1103 1801 1172 I‘rueliaris,

213 1205 539 1273 expungitur
569 1201 670 1274 (3).
698 1200 774 1256 Te
803 1215 920 1256 esse
949 1200 1259 1254 demonstra
1299 1216 1414 1268 (Illic
1445 1200 1676 1267 virgines
1727 1207 1804 1253 tc-

212 1293 295 1363 gis
327 1291 409 1366 (Δ)
464 1293 578 1362 Ipsa
609 1291 914 1361 Scripturas
968 1301 1082 1345 tuas
1111 1292 1485 1359 interpretare,
1513 1304 1644 1359 quas
1669 1303 1801 1343 eon-

213 1383 443 1440 suetudo
467 1399 572 1438 non
597 1383 760 1438 novit.
789 1381 846 1438 Si
875 1383 1016 1437 enim
1040 1392 1242 1447 nosset,
1267 1396 1534 1448 nunquam
1562 1389 1725 1434 esset.

841 1517 1072 1575 CAPUT
1111 1517 1202 1572 ιν.

287 1654 558 1723 Quatenus
579 1662 824 1708 autemet
845 1653 911 1708 de
932 1651 1222 1721 Scripturis
1250 1651 1506 1705 adversus
1528 1653 1803 1708 veritatem

211 1752 573 1821 argumentari
600 1750 930 1806 consuetudo
966 1759 1068 1813 cst,
1101 1749 1276 1803 statim
1309 1751 1598 1818 opponitur
1627 1749 1802 1814 nobis,

213 1845 415 1898 nullam
435 1846 758 1898 mentionem
781 1843 1045 1913 virginum
1062 1841 1129 1895 ab
1141 1841 1396 1909 Apostolo
1418 1843 1605 1895 factam
1633 1841 1718 1895 ubi
1739 1842 1806 1896 de

1913 650 1995 693 tur
2022 639 2107 693 illa
2138 641 2346 706 divisio,
2397 653 2451 696 ut
2489 642 2703 714 qttidam
2733 641 2918 697 volunt
2949 642 3052 716 (9).
3085 642 3294 710 Quanta
3350 644 3494 697 enim

1908 732 2031 786 alibi
2057 733 2193 787 dicta
2221 749 2323 787 non
2372 733 2568 798 valent,
2613 735 2700 788 ubi
2742 735 2883 788 dicta
2939 733 3143 789 scilicet
3195 749 3300 790 non
3352 745 3497 802 sunt,

1915 823 2014 876 nisi
2046 825 2232 879 eadem
2274 825 2344 879 sit
2385 840 2597 890 caussa,
2648 843 2766 894 qua:
2793 827 2937 889 alibi,
2967 835 3024 880 ut
3071 825 3302 881 sufﬁciat
3331 827 3501 881 semel

1908 915 2104 970 dictum
2129 921 2152 969 ἵν
2174 917 2264 971 Illa
2304 930 2480 972 autem
2506 932 2692 972 caussa
2737 917 2954 988 virginis
2999 925 3053 972 et
3082 917 3318 972 mulieris
3347 919 3504 988 longe

1909 1007 2076 1062 divisa
2105 1019 2184 1062 est
2212 1009 2278 1062 ab
2310 1009 2406 1062 hac
2459 1011 2658 1080 specie.
2695 1007 2868 1064 Divisa
2897 1017 2990 1074 est,
3015 1009 3206 1078 inquit,
3239 1011 3425 1064 mulier
3453 1018 3502 1063 et

1909 1102 2047 1170 virgo
2095 1101 2137 1173 (Ι
2188 1101 2305 1156 Cor.
2346 1102 2452 1165 VII,
2484 1099 2599 1174 ‘52).
2628 1101 3134 1171 Qttare?Quoniatn
3169 1103 3403 1169 innupta,
3449 1101 3500 1157 id

1908 1203 1989 1247 est
2020 1194 2187 1263 virgo,
2219 1195 2406 1263 (agitat
2458 1211 2516 1248 ea
2565 1210 2678 1263 qui:
2706 1204 2819 1248 sunt
2854 1193 3078 1260 Domini,
3110 1205 3162 1248 ut
3186 1197 3250 1250 sit
3275 1205 3451 1249 sancta
3483 1235 3499 1260 ,

1908 1296 1955 1342 et
1977 1302 2185 1355 corpore
2212 1295 2259 1341 et
2285 1287 2487 1356 spiritu.
2519 1285 2699 1356 Nupta
2724 1298 2914 1352 autem,
2963 1287 3012 1341 id
3062 1297 3160 1352 est,
3199 1304 3303 1342 non
3329 1289 3500 1359 virgo,

1908 1382 2095 1449 cogitat
2124 1379 2375 1444 quomodo
2398 1379 2594 1448 placeat
2625 1379 2750 1433 viro.
2803 1378 2929 1433 Haec
2969 1379 3072 1434 erit
3129 1380 3504 1448 interpretatio

1908 1471 2185 1526 divisionis
2213 1472 2372 1534 illius.
2405 1472 2606 1525 nullum
2639 1471 2841 1526 habens
2870 1472 3043 1527 locum
3077 1473 3125 1525 in
3158 1473 3259 1527 isto
3287 1474 3500 1544 capitu-

1909 1565 1980 1630 lo,
2012 1568 2062 1620 in
2091 1580 2195 1636 quo
2216 1581 2387 1636 neque
2413 1567 2478 1619 de
2509 1567 2726 1635 nuptiis,
2765 1582 2936 1637 neque
2961 1567 3028 1621 de
3055 1567 3232 1621 animo
3260 1576 3315 1622 et
3345 1567 3494 1636 cogi-

1911 1667 2020 1711 tatn
2073 1658 2143 1729 (ε)
2177 1658 2415 1713 mulieris
2445 1658 2559 1731 (l0)
2592 1670 2640 1712 et
2669 1659 2886 1728 virginis
2948 1661 3382 1728 pronuntiatum,
3409 1659 3504 1714 sed

1909 1749 1976 1803 de
2002 1750 2173 1818 capite
2214 1749 2463 1804 volando.
2493 1749 2656 1819 Cujus
2689 1751 2885 1804 nullam
2917 1751 3102 1808 volens
3143 1765 3264 1807 esse
3289 1751 3496 1805 disrre-

1908 1841 2198 1910 patiouem,
2257 1841 2486 1911 Spiritus
2515 1841 2764 1904 Sanctus,
2814 1858 2918 1897 uno
2949 1843 3164 1898 nomine
3231 1843 3492 1904 mulieris.

211 1936 480 1990 velamine
510 1936 756 2004 prmlinit,
789 1934 880 1989 sed
915 1943 1120 1989 tantum
1167 1933 1418 1988 mulieres
1461 1935 1760 1989 nominatas
1793 1955 1806 1992 :
1841 1944 1888 2004 B
1915 1934 2074 1988 etiam
2104 1933 2362 2002 virginem
2389 1934 2607 2005 intelligi
2634 1935 2821 1996 voluit,
2854 1949 3010 2004 quam
3037 1932 3108 2007 (Ῑ)
3150 1934 3363 2004 proprie
3393 1950 3501 1989 non

212 2043 361 2095 cum,
395 2030 438 2083 si
464 2028 720 2084 voluisset
744 2038 799 2082 et
826 2027 1058 2098 virgines
1092 2027 1220 2096 tegi,
1249 2027 1318 2082 de
1351 2027 1647 2098 virginibus
1673 2043 1804 2098 quo-

210 2137 319 2190 que
345 2137 465 2175 cum
519 2121 832 2176 mulieribus
877 2121 1167 2175 nominatis
1221 2119 1302 2191 (ἓέ)
1352 2121 1800 2188 pronuntiasset:

209 2215 486 2285 quomodo
537 2214 666 2277 illic.
716 2213 907 2285 inquit,
967 2214 1054 2268 ubi
1093 2213 1161 2269 de
1209 2215 1406 2284 nuptiis
1433 2223 1644 2280 tractat,
1677 2215 1802 2284 qttid

210 2307 608 2361 observandum
658 2307 724 2360 sit
761 2307 921 2361 etiam
950 2306 1017 2362 de
1045 2306 1358 2375 virginibus,
1414 2305 1675 2360 declarat.
1710 2307 1806 2361 Ita-

209 2413 316 2469 que
343 2415 449 2453 non
501 2398 765 2454 contineri
814 2413 905 2453 eas
942 2398 1061 2467 lege
1107 2397 1317 2453 velaudi
1369 2399 1580 2468 capitis,
1615 2409 1674 2453 ut
1697 2415 1800 2454 nou

210 2491 512 2546 nominatas
559 2491 612 2544 in
665 2489 936 2560 haclcge;
991 2491 1098 2545 imo
1143 2506 1207 2546 ex
1267 2491 1365 2544 hoc
1427 2492 1651 2546 revelari
1695 2491 1798 2564 (6),

207 2582 329 2653 quia
363 2597 468 2636 non
486 2580 762 2652 jubentur,
793 2597 910 2650 qua:
957 2596 1054 2636 nec
1094 2581 1457 2635 nominantur.
1491 2583 1593 2637 Sed
1622 2593 1674 2639 et
1704 2599 1802 2640 nos

204 2672 454 2728 eamdem
497 2673 1014 2742 argumentationem
1060 2682 1448 2741 retorquetnns.
1498 2674 1598 2742 Qui
1654 2677 1798 2731 enim

204 2764 413 2819 sciebat
439 2764 572 2819 alias
594 2764 868 2832 utriusque
897 2763 1109 2833 generis
1138 2763 1218 2835 (7)
1247 2763 1420 2820 facere
1450 2770 1796 2835 mentionem,

202 2857 427 2926 virginis
454 2855 655 2922 dico,et
683 2856 947 2920 mulieris,
972 2857 1020 2909 ἰ‹Ι
1049 2867 1257 2912 estnon
1281 2859 1798 2928 virginis,e.\'raussa

205 2947 595 3013 distinctionis,
627 2949 678 3000 in
707 2947 788 3002 bis
813 2947 1078 3016 inquibus
1106 2963 1210 3002 non
1239 2952 1472 3004 nominat
1496 2952 1795 3021 virginem,

204 3054 316 3094 non
346 3039 548 3094 faciens
571 3039 992 3106 distinctionem,
1024 3040 1261 3096 ostendit
1285 3042 1609 3099 conditionis
1647 3059 1797 3100 rom~

204 3134 538 3189 munionem.
570 3131 834 3187 Caeterum
875 3135 1048 3202 putuit
1088 3134 1173 3187 hic
1213 3149 1426 3203 quoque
1470 3139 1800 3193 constituere

205 3224 566 3281 diﬂ'erentiam
595 3225 732 3278 inter
764 3224 1022 3293 vinginem
1055 3236 1105 3279 et
1143 3226 1444 3290 mulierem,
1493 3229 1628 3284 sicut
1672 3231 1797 3286 alibi

1912 2025 2257 2091 nominando,
2284 2041 2313 2080 a
2346 2025 2568 2082 muliere
2599 2040 2701 2080 non
2731 2027 3016 2094 separavit,
3039 2036 3218 2080 etnon
3247 2040 3502 2095 separan-

1908 2118 1978 2172 do
2007 2119 2285 2188 eonjuuxit
2309 2119 2358 2174 ei
2383 2134 2413 2172 a
2435 2135 2535 2190 qua
2563 2133 2667 2174 non
2697 2118 2982 2188 separavit.
3015 2117 3220 2172 Novum
3251 2127 3330 2172 est
3361 2133 3502 2174 nunc

1907 2226 2037 2282 ergo
2067 2211 2342 2280 principali
2375 2211 2634 2266 vocabulo
2661 2212 2732 2265 uti
2762 2225 2815 2266 et
2843 2221 3036 2267 cietera
3061 2210 3410 2265 nihilominus
3433 2212 3486 2266 in

1908 2319 1974 2359 eo
2003 2303 2266 2358 vocabulo
2292 2302 2536 2374 intelligi,
2581 2304 2671 2357 tibi
2712 2303 2854 2358 nulla
2884 2315 2966 2358 eSt
2991 2303 3282 2357 necessitas
3313 2303 3492 2372 singil-

1907 2394 2057 2450 latim
2100 2394 2486 2464 distinguenda:
2540 2394 2943 2450 universitatis?
2979 2394 3306 2449 Naturaliter
3339 2409 3490 2450 com-

1909 2489 2156 2558 pendium
2184 2488 2450 2542 sermonis
2475 2497 2528 2541 et
2571 2497 2780 2557 gratum
2853 2496 2908 2541 et
2952 2488 3313 2541 necessarium
3361 2496 3487 2542 est:

1905 2583 2156 2652 quoniam
2215 2579 2292 2654 (g)
2323 2596 2502 2635 sermo
2545 2581 2853 2644 laciniosus,
2883 2591 2934 2636 et
2967 2596 3230 2636 onerosus
3256 2591 3306 2635 et
3335 2597 3501 2637 vanus

1906 2683 2008 2728 est.
2034 2673 2123 2729 Sic
2166 2684 2220 2726 et
2268 2673 2606 2744 generalibus
2665 2672 2935 2726 vocabulis
2994 2673 3228 2727 contenti
3292 2685 3497 2736 sumus,

1904 2766 2482 2837 compreliendcntibus
2509 2765 2559 2819 in
2587 2780 2644 2820 se
2676 2765 2984 2834 specialium
3017 2765 3369 2820 intellectum.
3401 2765 3499 2820 Er'

1903 2877 1972 2932 go
1994 2862 2103 2932 jam
2133 2861 2198 2916 de
2223 2860 2480 2914 vocabulo
2509 2860 2644 2929 ipso.
2665 2857 2915 2913 Naturale
2943 2858 3252 2912 vocabulmn
3284 2869 3367 2914 est
3393 2859 3498 2914 fuso

1907 2957 2068 3019 mina,
2095 2955 2174 3028 (Ii)
2213 2954 2467 3008 naturalis
2495 2952 2738 3006 vocabuli
2795 2953 3046 3022 generale
3087 2952 3294 3007 mulier.
3327 2952 3504 3008 Gene-

1905 3047 2033 3102 ralis
2059 3047 2218 3101 etiam
2250 3045 2506 3117 speciale,
2530 3044 2702 3114 virgo,
2731 3045 2811 3098 vel
2840 3051 3021 3114 nupta,
3071 3045 3152 3098 vel
3204 3043 3386 3102 vidua.
3420 3045 3503 3099 vel

1903 3148 2031 3211 quot
2059 3139 2218 3194 etiam
2250 3139 2421 3193 aetatis
2452 3138 2667 3191 nomina
2691 3137 2967 3191 accedunt.
2995 3135 3301 3205 Subjertum
3337 3135 3502 3206 igitur

1904 3245 1985 3289 est
2029 3233 2262 3303 generali
2306 3231 2556 3301 speciale,
2605 3230 2725 3300 quia
2783 3230 3031 3301 generale
3075 3230 3318 3298 priusest
3367 3246 3379 3280 :
3445 3238 3502 3283 et

202 3319 336 3373 dicit
371 3315 582 3370 :Divisa
609 3326 681 3370 est
708 3316 886 3368 mulier
939 3326 986 3371 et
1042 3318 1200 3385 virgo.
1233 3315 1397 3388 Igitur
1417 3335 1550 3389 quas
1579 3338 1684 3376 non
1717 3324 1796 3378 ili-

1901 3324 2622 3387 subsessivumanteet-ssivo
2653 3323 2788 3396 (II),
2829 3333 2883 3378 et
2936 3323 3232 3393 portionale
3289 3322 3502 3377 univer-

205 3412 352 3477 visit,
379 3408 599 3466 tacendo
626 3409 706 3480 (ά)
727 3408 1147 3480 inalteravit(8).
1176 3408 1285 3466 Nec
1309 3419 1508 3474 tamen,
1540 3416 1660 3482 quia
1692 3417 1796 3474 illic

1904 3423 2002 3479 sali
2029 3439 2042 3474 :
2071 3431 2127 3477 et
2149 3422 2197 3473 in
2228 3420 2342 3490 ipso
2368 3415 2680 3486 intelligitur
2701 3413 2818 3488 (ίῖ)
2839 3415 3238 3486 cuisubjieitur,
3263 3425 3315 3470 et
3339 3415 3389 3469 in
3419 3419 3501 3484 ip-

1439 3527 1820 3590 LECTIONES
1855 3534 2268 3592 VARIANTES.

269 3641 346 3759 ρ)
382 3641 523 3691 Prius
546 3649 694 3691 nam.
720 3637 822 3704 Rig.
850 3639 1002 3689 Semt.

293 3705 324 3754 Ξ
379 3703 740 3756 Consuetudine
773 3700 891 3752 add.
914 3705 1002 3754 Scr

293 3700 344 3756 Ξ)
379 3703 740 3756 Consuetudine
773 3700 891 3752 add.
914 3701 1067 3754 Scott.

292 3761 345 3879 ὅ)
388 3763 706 3879 Extiagnatur
728 3761 880 3837 Seml.
910 3774 1047 3828 teop.

294 3831 322 3878 ι
383 3829 462 3879 Ita
554 3841 715 3879 muter
737 3824 910 3879 maalt.
935 3834 981 3877 et
1019 3839 1047 3876 η

380 3952 668 4017 Nominatim
700 3959 812 4017 Jun;

267 4011 342 4078 (ϐ)
376 4015 590 4068 Additur
630 4027 723 4064 non
777 4014 930 4064 Fran.
971 4012 1058 4064 sed
1095 4011 1227 4075 ejicit
1263 4014 1560 4076 negationem
1581 4021 1694 4066 Jun.
1731 4029 1794 4066 ex

554 3822 715 3879 autver
737 3824 910 3891 Rigalt.
935 3834 981 3877 et
997 3822 1207 3887 melius,
1223 3823 1385 3889 judic.
1409 3824 1558 3878 Seml.
1581 3827 1665 3891 qui
1689 3829 1803 3894 legit

1909 3648 2002 3698 hoc
2026 3647 2176 3695 velari
2199 3641 2350 3696 Seml.

1969 3707 2042 3775 (1)
2074 3708 2274 3775 Sciebat
2299 3706 2419 3775 alios
2439 3705 2547 3775 god.
2582 3709 2888 3775 ηςοζᾳυεηειεε
2908 3701 3018 3770 Rig.

1997 3771 2048 3831 8)
2074 3770 2129 3820 In
2150 3770 2300 3821 altera
2334 3771 2420 3819 ivit
2440 3769 2592 3818 Fratt.
2618 3767 2732 3819 Iuiit
2749 3765 2855 3818 alii.

1990 3833 2022 3883 9
2031 3846 2043 3892 )
2078 3834 2284 3892 Quidetn
2311 3833 2463 3882 Frau.

1997 3891 2074 3956 I0)
2099 3891 2336 3945 Muliebri
2362 3891 2514 3946 Seml.

2000 3952 2076 4084 ἐξ
2107 3956 2885 4082 eclauis}?:Vlottigoégbubeessivum
2907 3952 3071 4006 Paris.
3109 3957 3267 4003 Valet.

2023 4053 2049 4069 ..
2131 4036 2158 4070 a
2362 4036 2389 4069 u
2593 4055 2604 4065 .

1998 4015 2071 4082 1-2)
2107 4021 2419 4082 Iateliigetur
2454 4015 2604 4069 Sentl.

1567 4120 2125 4186 COMMENTARIUS.

278 4256 356 4329 (a)
381 4255 615 4329 Dicatuiu
653 4255 747 4310 deo
796 4255 1040 4329 (tacitum.
1074 4253 1370 4329 Virginum,
1421 4256 1541 4311 alia:
1568 4257 1782 4326 quidem

199 4327 367 4398 capiti
397 4343 494 4382 suo
525 4327 766 4382 velamen
794 4327 1130 4398 induxerant,
1161 4328 1276 4398 alire
1307 4327 1472 4383 liber.»
1497 4330 1672 4396 capite
1701 4329 1782 4382 in-

201 4409 453 4524 tectoq)ue
482 4407 905 4467 permanserant.
940 4397 1043 4451 llas
1091 4397 1452 4453 Tertullianus
1484 4400 1782 4466 hominum,

201 4471 326 4524 illas
399 4470 446 4523 ei
487 4469 719 4524 virttines
789 4469 1036 4524 appellat.
1072 4467 1176 4522 Sed
1213 4470 1443 4524 virgines
1488 4471 1666 4524 intecti
1697 4486 1782 4524 ea-

199 4471 326 4525 illas
358 4467 447 4540 Dei
487 4469 719 4540 virgines
789 4469 1036 4540 appellat.
1072 4467 1176 4522 Sed
1213 4470 1443 4539 virgines
1488 4471 1666 4526 intecti
1697 4486 1786 4525 ca-

223 4543 351 4605 iitis,
376 4539 593 4596 offensae
620 4541 928 4596 discrimine
967 4539 1056 4591 illo
1079 4540 1264 4593 velata:
1295 4541 1628 4609 virginitatis,
1656 4559 1781 4609 age-

275 4621 337 4667 nt
369 4612 585 4682 querela
616 4612 872 4673 scandali,
915 4610 1352 4680 postulabantque
1374 4614 1446 4664 uti
1496 4613 1784 4681 virginibus

200 4681 508 4738 velamento
556 4683 984 4744 interdiceretur,
1028 4681 1243 4749 nequid
1284 4681 1472 4736 velata:
1515 4692 1791 4752 gestarent

198 4755 350 4825 quod
383 4753 632 4808 invidiam
677 4757 871 4809 taceret
897 4770 1000 4805 non
1036 4753 1240 4806 velatis.
1275 4753 1341 4807 Et
1365 4757 1498 4808 torte
1521 4767 1779 4808 annuerat

197 4826 488 4895 episeolius
522 4825 882 4892 postulationi.
922 4825 1238 4878 Succensnit
1277 4825 1637 4880 Tertulliauus
1669 4836 1787 4878 tan-

197 4912 366 4966 quam
388 4896 666 4966 sacrilego.
701 4895 837 4962 Quid
867 4896 1028 4966 pejus,
1055 4895 1241 4964 inquit,
1284 4896 1467 4964 aliquis
1505 4906 1793 4963 persecutor

197 4965 453 5039 fecisset?
485 4965 765 5039 Deuudasti
797 4965 1016 5037 puellari:
1040 4982 1072 5019 a
1095 4967 1279 5036 capite,
1316 4978 1362 5020 et
1390 4978 1492 5020 tota
1512 4970 1620 5035 jam
1651 4975 1792 5037 uirgo

197 5038 300 5094 sibi
323 5055 422 5092 non
441 5050 534 5093 est.
567 5038 684 5094 th.

276 5109 652 5182 (Ii)Deuudasti
685 5110 904 5182 puellam
914 5127 953 5182 μ
967 5111 1149 5178 capite.
1170 5108 1495 5178 Indignatur,
1527 5109 1676 5178 quasi
1698 5107 1792 5162 ad-

195 5181 443 5252 jecturus
466 5182 602 5236 talos
632 5182 698 5236 ad
727 5181 882 5235 imos.
913 5181 1031 5236 th.

278 5251 355 5325 (c)
391 5251 590 5325 Etgtota
627 5253 738 5321 jam
769 5252 908 5325 virgo
931 5251 1028 5325 sibi
1049 5268 1148 5325 nou
1169 5260 1261 5304 est.
1293 5249 1645 5325 Etenimtoto
1665 5265 1790 5304 cor-

202 5321 344 5391 pore
366 5322 706 5384 suffunditur,
738 5324 886 5390 quasi
915 5321 1242 5392 devirginata
1265 5323 1618 5392 spectantium
1656 5335 1790 5376 ocu-

200 5397 272 5448 lis
304 5395 634 5463 procacibus.
663 5393 781 5448 th.

275 5462 430 5521 CAP.
458 5465 544 5522 IV.
570 5494 639 5505 -—
664 5464 746 5531 (d)
768 5462 1084 5518 Inalteravit.
1114 5463 1338 5520 Rectum
1365 5479 1486 5520 esse
1515 5473 1666 5534 puto;
1691 5465 1790 5520 etsi

200 5537 552 5606 manuscripti
611 5535 860 5599 habeant,
891 5536 944 5589 iu
963 5537 1125 5588 altera
1154 5535 1284 5588 iniit.
1303 5535 1625 5600 lnalteravit,
1665 5535 1794 5590 indi-

198 5609 283 5662 dit
309 5609 485 5670 alteri,
505 5607 800 5676 conjunxit,
830 5606 1089 5671 Confudit,
1115 5617 1169 5661 ut
1201 5611 1309 5675 jam
1339 5609 1496 5660 ambo
1527 5621 1628 5659 una
1657 5609 1785 5671 sint,

198 5694 267 5734 ac
294 5693 415 5733 sese
443 5688 625 5732 ntuttto
653 5679 977 5733 contineant.
1006 5677 1123 5748 Ipse
1150 5681 1305 5747 paqu
1333 5687 1452 5746 post
1479 5695 1490 5730 :
1515 5676 1558 5730 Α
1585 5678 1792 5731 muliere

199 5767 306 5804 non
333 5751 604 5818 separavit.
644 5756 691 5802 et
718 5766 818 5820 non
852 5754 1136 5817 separando
1157 5750 1420 5820 conjunxit
1448 5752 1492 5801 ei
1518 5765 1549 5800 α
1568 5764 1668 5818 qua
1689 5765 1790 5802 non

198 5823 474 5887 separauit.
510 5820 629 5876 lite.
663 5848 728 5859 -
758 5818 1076 5874 lualteravii.
1130 5818 1358 5890 Usui-pat
1407 5820 1506 5872 hoc
1553 5822 1783 5882 Auctor,

199 5908 304 5963 pro
331 5909 430 5945 non
459 5891 712 5946 atterat-it.
772 5891 920 5948 Sicut
969 5891 1118 5961 alibi,
1151 5891 1490 5957 iacrimiuan‘,
1536 5904 1630 5960 pro
1688 5905 1789 5945 non

201 5964 485 6020 criminari.
518 5965 654 6019 Pan.

1965 4262 2043 4334 (ie)
2069 4261 2299 4317 Mulieris
2343 4274 2389 4316 et
2429 4262 2658 4332 virginis.
2715 4257 3405 4334 Diserintiuantvulgnuita,
3440 4267 3496 4313 ut

1891 4331 2081 4389 mulier
2121 4336 2334 4404 prOprie
2360 4335 2429 4389 sit
2451 4331 2570 4404 quc
2597 4335 2795 4401 nupsit,
2820 4341 2875 4387 et
2903 4349 3021 4400 qua:
3048 4331 3205 4387 habet
3249 4331 3447 4404 liberos
3476 4345 3490 4392 ;

1891 4405 2039 4472 virgo
2078 4422 2196 4474 qua:
2223 4402 2601 4471 integraest,
2635 4413 2686 4459 et
2716 4419 2837 4458 vere
2895 4407 3221 4471 incorrupta.
3272 4402 3492 4474 Exiqua

1890 4472 2229 4532 ilistinetinie
2261 4476 2468 4532 locutus
2517 4487 2600 4530 est
2634 4476 3006 4545 Hieronymus.
3051 4487 3309 4545 enarratis
3361 4472 3489 4526 illud

1893 4548 2066 4610 Oseze,
2096 4549 2360 4618 Sponsubo
2385 4559 2430 4602 te
2455 4548 2710 4607 mihi.ctc.
2735 4544 2844 4599 Hoc
2873 4557 3046 4600 tamen
3069 4544 3494 4618 disct'itnetttan-

1816 4637 1866 4697 Β
1895 4629 2003 4671 tum
2031 4613 2208 4697 ἠ),ῤεῖ
2253 4634 2307 4672 ιιι
2346 4619 2412 4674 sit
2463 4630 2795 4697 perpetuum,
2834 4625 2890 4670 ttt
2918 4613 3488 4697 potiussuILmnIipi-is

1900 4692 2114 4763 nomine
2163 4691 2310 4763 virgo
2340 4685 2580 4763 quoque;
2605 4688 2928 4763 intelligatur
2952 4730 2966 4752 ,
3008 4697 3064 4742 ut
3093 4687 3178 4741 hic
3204 4685 3488 4740 Tertullia-

1900 4777 1996 4814 nns
2027 4762 2128 4824 ait,
2151 4772 2205 4815 et
2235 4759 2480 4830 probabit
2505 4760 2658 4824 intra.
2682 4773 2787 4815 etc.
2823 4759 2952 4814 Lac.

1970 4851 2036 4926 (t')
2073 4853 2318 4926 Proprie“
2356 4854 2684 4907 nominando.
2732 4851 2864 4926 Nota
2905 4851 3045 4926 milii
3099 4849 3236 4926 hanc
3269 4864 3485 4914 vocem,

1897 4923 2229 4979 cvcrtentein
2280 4924 2762 4979 Grannnaticorum
2794 4923 3190 4976 distinctiOacm
3221 4923 3360 4975 inter
3392 4937 3488 4972 no-

1900 4998 2039 5049 mina
2063 4997 2275 5065 propria
2319 5007 2368 5050 et
2408 4995 2740 5064 appellativa.
2799 4993 2891 5046 llic
2923 4995 3062 5047 enim
3090 4993 3294 5065 proprie
3320 4991 3488 5044 uomi-

1897 5083 2018 5118 uarc
2044 5064 2170 5118 ilieit
2209 5065 2566 5121 Tertttiliattus
2610 5065 2678 5118 de
2715 5067 2932 5119 nomine
2968 5065 3111 5134 quod
3168 5064 3269 5132 ipsi
3299 5071 3491 5115 vocant

1901 5138 2300 5206 appellativum.
2330 5138 2446 5191 litt}.

1970 5225 2047 5301 (g)
2089 5227 2271 5301 Sermo
2319 5228 2613 5301 laciniosus.
2669 5227 2778 5281 Iloc
2812 5237 2924 5301 est,
2956 5225 3200 5301 dimisus.
3235 5224 3288 5280 In
3336 5223 3487 5301 libris

1903 5297 2159 5353 adversus
2191 5298 2510 5352 Marcionem
2544 5298 2643 5352 hoc
2675 5299 2988 5352 vocabulum
3016 5300 3176 5352 etiam
3210 5297 3444 5365 repetias
3470 5313 3483 5349 :

1897 5372 1968 5424 ita
2015 5371 2065 5424 in
2100 5368 2175 5422 De
2225 5370 2362 5422 cultu
2417 5370 2739 5437 feminarum
2783 5388 2801 5422 :
2851 5367 3042 5424 Ctetera
3067 5385 3180 5422 vero
3215 5367 3441 5433 corporis
3466 5407 3480 5431 ,

1897 5442 2153 5496 laciuiosis
2195 5456 2516 5510 pomparum,
2550 5450 2594 5494 et
2638 5439 2935 5495 deliciarum
2971 5439 3173 5562 ineptia
3202 5453 3472 5502 occupare.

3178 5524 3302 5562 nes.

3150 5513 3302 5564 inea.

1968 5602 2051 5677 (h)
2099 5602 2362 5677 Naturalis
2416 5603 2660 5677 vocabuli.
2685 5613 2789 5659 etc.
2843 5602 3014 5677 Etiam
3043 5601 3181 5670 apud
3218 5599 3481 5654 Jurecou~

1897 5674 2085 5739 saltos,
2120 5674 2396 5728 ntulierem
2426 5675 2678 5744 generale
2707 5674 3019 5744 Vocabulum
3058 5685 3207 5744 esse,
3240 5679 3380 5737 patet
3411 5685 3479 5744 cit

1899 5746 2124 5815 Ulpiano
2166 5744 2201 5797 I.
2273 5741 2529 5814 quaeritur
2575 5762 2587 5798 :
2628 5746 2685 5798 υ.
2747 5745 2816 5799 de
2865 5742 3070 5798 ιΕύὶΙίι.
3126 5743 3324 5796 edicto.
3387 5741 3474 5815 ubi

1895 5813 2087 5873 mulier
2134 5813 2306 5871 etiam
2332 5816 2524 5871 dicitur
2559 5831 2622 5870 ea
2650 5858 2663 5882 ,
2723 5831 2841 5888 quc
2877 5818 3047 5870 virum
3098 5830 3202 5939 nim
3234 5813 3473 5883 agnovit.

3177 5899 3268 5938 Al.

3177 5899 3268 5938 ΔΙ.
