4220 6492
682 341 789 404 895

2107 345 2572 408 TERTULLIANI

3871 359 3988 419 896

684 473 745 513 sn
772 460 1121 530 signiﬁcatur,
1143 460 1264 532 quia
1298 461 1349 516 in
1378 459 1495 531 ipso
1533 460 1861 517 continetur.
1894 459 1982 518 Sic
2014 476 2110 517 nec
2151 479 2263 516 ma-
2298 467 2348 525 Λ
2380 466 2459 537 (d)
2495 469 2807 539 prophetico
2856 472 3016 528 modo
3044 473 3244 532 dictum
3267 484 3367 534 est.
3402 476 3530 533 Nam
3558 492 3681 535 cum
3699 479 3986 552 Scriptura

687 567 808 616 nus,
834 568 930 607 nec
957 567 1070 624 pes,
1107 568 1206 607 uec
1227 552 1392 607 ullum
1431 553 1791 608 membrorum
1818 554 2274 624 desideratsigni-

690 646 861 710 heari,
891 661 1118 716 corpore
1148 645 1443 700 nominato.
1475 646 1604 699 Etsi
1653 645 1907 700 mundun:
1934 646 2151 708 dixeris,
2175 647 2280 700 illic

687 739 862 793 eritet
886 738 1103 804 caelum,
1154 747 1209 792 et
1254 753 1372 808 qua!
1421 738 1474 792 in
1503 753 1589 804 eo,
1622 739 1702 792 sol
1743 747 1796 792 ct
1823 738 1969 804 luna,
1994 746 2049 793 et
2078 737 2275 805 sidera,

691 839 746 883 et
784 839 948 896 astra,
979 839 1034 884 ct
1079 839 1242 895 terra,
1271 839 1326 884 et
1369 829 1523 895 freta,
1552 830 1730 884 omnis
1758 844 1952 884 census
1979 829 2276 884 elemento-

687 939 826 980 ruzn.
850 925 1038 980 Omnia
1060 923 1281 990 dixeris,
1314 939 1435 977 cum
1464 922 1515 977 id
1539 922 1740 978 dixeris
1767 922 1907 992 quod
1935 938 2000 977 ex
2030 923 2281 977 omnibus

686 1025 917 1071 er'mstat.
956 1016 1044 1072 Sic
1089 1026 1142 1071 et
1194 1016 1469 1070 mulierem
1515 1015 1860 1079 nominando,
1911 1015 2165 1087 quidquid
2197 1026 2283 1072 est

691 1109 932 1167 mulieris
964 1109 1277 1165 nominavit.

1329 1207 1557 1264 CAPUT
1597 1206 1664 1262 Ὺ.

761 1302 868 1360 Sed
897 1302 1148 1375 quoniam
1182 1302 1250 1357 ita
1283 1303 1525 1357 mulieris
1551 1317 1746 1358 nomen
1779 1310 2064 1373 usurpant,
2094 1311 2150 1357 ut
2175 1316 2280 1356 non

691 1404 880 1466 putent
909 1404 1215 1464 competere
1261 1394 1410 1458 illud,
1443 1396 1542 1450 nisi
1565 1396 1613 1451 ei
1639 1395 1738 1450 soli
1773 1411 1890 1466 qua:
1925 1395 2097 1450 virum
2129 1410 2281 1465 passa

696 1489 799 1550 sit;
836 1488 1048 1559 probari
1071 1503 1101 1542 a
1131 1487 1284 1541 nobis
1314 1499 1549 1558 oportet,
1574 1491 1957 1560 proprietatem
1985 1490 2101 1559 ejus
2123 1503 2282 1544 voca-

697 1580 806 1635 buli
838 1580 901 1633 ad
926 1594 1113 1634 sexum
1171 1580 1365 1650 ipsum,
1392 1595 1495 1636 non
1525 1581 1590 1635 ad
1617 1580 1840 1652 gradum
1866 1595 2026 1636 sexus
2049 1581 2286 1652 pertine-

697 1690 774 1740 re,
809 1674 884 1747 (η)
916 1674 1054 1745 quod
1083 1675 1441 1730 communiter
1471 1675 1632 1729 etiam
1663 1676 1896 1745 virgines
1937 1684 2274 1729 censeantur.

696 1767 828 1821 Cum
861 1768 960 1822 hoc
1006 1782 1175 1837 genus
1223 1767 1441 1822 secundi
1494 1767 1729 1823 hominis
1765 1783 1794 1821 a
1824 1768 1932 1822 Deo
1961 1768 2154 1821 factum
2205 1775 2288 1823 est

2384 561 2545 614 refert
2574 561 2647 633 (e)
2689 565 2852 620 luisse
2875 565 3046 621 nudos
3074 568 3229 634 duos,
3251 570 3419 625 Adam
3448 583 3500 626 et
3526 573 3808 627 mulierem
3841 573 3990 643 ejus.

2382 667 2481 706 nec
2513 653 2613 709 huc
2661 654 2730 710 de
2783 656 2962 712 luluro
2992 660 3300 732 sapitquasi
3336 664 3612 720 mulierem
3640 665 3835 721 dixerit
3864 667 3996 733 ejus

2383 743 2436 798 in
2470 749 2728 817 pmsagio
2789 751 2990 817 uxoris,
3029 752 3122 806 sed
3163 755 3416 824 quoniam
3464 767 3518 811 et
3567 757 3789 826 innupta
3838 756 3997 811 illius

2384 837 2614 903 mulier,
2660 848 2718 893 ut
2770 840 2839 896 de
2888 843 3183 899 substantia
3240 846 3408 916 ipsius
3469 866 3481 902 :
3538 847 3670 912 Hoc,
3703 851 3894 920 inquit,
3933 868 3994 905 os

2383 947 2447 985 ea:
2469 933 2663 986 ossibus
2693 935 2833 998 meis,
2863 943 2908 988 ct
2952 933 3024 1006 ({)
3081 953 3201 992 caro
3249 955 3312 993 ea:
3358 957 3512 994 carne
3561 959 3671 995 mea
3724 942 3992 996 vocabitur

2385 1025 2586 1081 mulier.
2624 1026 2757 1082 lline
2791 1043 2920 1099 ergo
2959 1031 3118 1085 tacita
3157 1033 3482 1088 conscientia
3506 1044 3733 1100 uaturm,
3765 1036 3878 1102 ipsa
3904 1036 3996 1089 dl-

2386 1119 2579 1174 vinitas
2611 1122 2803 1177 anima:
2835 1123 2888 1178 in
2918 1139 3070 1180 usum
3101 1128 3368 1182 sermonis
3384 1127 3586 1190 eduxit,
3619 1129 3996 1183 nescientibus

2386 1210 2691 1270 hominibus
2717 1215 2877 1286 (sicut
2897 1228 2949 1273 et
2973 1218 3075 1272 alia
3097 1220 3286 1287 multa,
3311 1235 3432 1291 quae
3472 1235 3539 1275 ex
3559 1220 3837 1290 Scriptura
3867 1221 3993 1275 ﬁeri

2386 1315 2441 1360 et
2467 1306 2571 1361 dici
2596 1308 2773 1365 solere
2797 1309 2924 1365 alibi
2956 1312 3252 1382 poterimus
3279 1311 3616 1384 ostendere),
3635 1314 3708 1366 uti
3729 1313 3995 1367 mulieres

2387 1409 2599 1454 nostras
2644 1399 2890 1456 dicamus
2936 1418 3155 1458 uxores.
3202 1403 3518 1475 Quanquam
3575 1415 3628 1458 et
3693 1405 3997 1474 improprie

2388 1491 2630 1562 quaedam
2661 1493 2962 1564 loquamur;
2989 1511 3110 1551 nam
3135 1505 3191 1551 et
3215 1496 3386 1552 Grteci
3413 1498 3502 1566 qui
3528 1498 3697 1565 magis
3724 1495 3996 1551 vembqu

2389 1584 2627 1639 mulieris
2671 1585 2722 1638 in
2764 1601 2931 1642 uxore
2965 1597 3205 1651 utuntur,
3252 1593 3332 1660 (g)
3381 1589 3481 1643 alia
3523 1590 3718 1643 habent
3765 1589 3995 1657 propria

2390 1675 2647 1730 vocabula
2688 1676 2886 1731 uxoris.
2919 1677 3022 1732 Sed
3063 1678 3205 1734 malo
3236 1679 3375 1734 hunc
3417 1695 3569 1734 usum
3603 1678 3670 1732 ad
3691 1678 3996 1748 Scripturae

2393 1769 2754 1823 testimonium
2795 1769 3076 1840 deputare.
3103 1770 3203 1826 Ubi
3225 1771 3367 1826 enim
3385 1771 3492 1826 duo
3513 1772 3566 1825 in
3584 1770 3745 1826 unam
3767 1786 3996 1825 caruetu

697 1862 750 1916 in
780 1861 1101 1931 adjutorimn
1132 1860 1363 1915 hominis
1385 1859 1537 1934 (Gen.
1569 1860 1611 1914 ll
1633 1903 1647 1925 ,
1675 1861 1787 1931 18);
1810 1859 2026 1914 lminina
2061 1861 2146 1913 illa
2179 1868 2289 1914 sta-
2321 1865 2365 1924 Β
2392 1861 2692 1917 efficiuntur
2718 1878 2812 1933 per
2845 1865 2922 1936 (li)
2954 1864 3280 1919 matrimonii
3309 1879 3526 1927 uexmn,
3558 1879 3690 1926 caro
3706 1880 3770 1919 ex
3801 1879 3994 1926 carne,

699 1955 791 2009 tim
826 1956 1014 2010 mulier
1058 1964 1139 2010 est
1183 1958 1581 2024 cognominata,
1616 1955 1694 2028 (b)
1733 1953 1910 2010 adlmc
1933 1953 2079 2016 felix,
2112 1952 2289 2008 adhuc

696 2046 852 2116 digna
879 2046 1146 2115 paradiso,
1179 2046 1355 2101 adlmc
1388 2047 1556 2116 virgo.
1595 2045 1886 2112 Vocabitur,
1941 2046 2125 2116 inquit,
2174 2063 2289 2098 mu-

699 2141 794 2194 lier
815 2140 989 2209 (σωκ,
1014 2139 1074 2198 ll.
1096 2140 1210 2211 25).
1249 2140 1422 2195 [labes
1471 2142 1648 2211 itaque
1675 2155 2012 2205 nomeu,uon
2042 2140 2161 2194 dico
2179 2139 2289 2207 jam

702 2232 889 2302 virgini
909 2250 1212 2300 commune,
1237 2235 1328 2288 sed
1345 2235 1636 2304 proprium,
1659 2233 1799 2303 quod
1813 2250 1840 2285 a
1860 2233 2119 2303 principio
2134 2233 2286 2301 virgo

706 2327 895 2380 Sortita
916 2336 1016 2380 est.
1043 2325 1146 2381 Sed
1171 2326 1444 2395 ingeniose
1467 2325 1678 2395 quidam
1698 2326 1764 2380 de
1784 2324 1962 2380 futuro
1981 2325 2160 2378 volunt
2180 2324 2292 2377 dic-

706 2424 839 2483 tum,
885 2415 1152 2471 Vocabitur
1201 2419 1398 2482 mulier,
1427 2418 1576 2486 quasi
1633 2434 1748 2487 qua:
1789 2417 1890 2472 hoc
1919 2417 2090 2471 futura
2127 2428 2291 2483 esset,

704 2524 824 2562 eum
877 2510 1236 2581 virginitatem
1290 2514 1608 2582 resignasset
1648 2529 1660 2564 :
1694 2512 1942 2581 quoniam
1973 2521 2024 2565 et
2073 2512 2292 2582 adjicit:

704 2598 983 2665 Prop!rre.¢
1047 2601 1126 2674 (Ι)
1193 2601 1440 2674 relinquet
1485 2607 1634 2658 homo
1691 2616 1882 2675 patrem
1935 2615 1981 2659 et
2037 2615 2244 2660 matrent
2279 2649 2293 2669 ,

711 2702 767 2750 et
793 2697 864 2765 (r)
897 2695 1346 2766 eonglutinabitur
1397 2697 1609 2751 mulieri
1659 2713 1804 2760 sum,
1848 2707 1902 2753 et
1927 2707 2086 2754 erunt
2116 2699 2222 2753 duo
2245 2703 2296 2754 in

707 2807 868 2847 carne
892 2806 994 2846 una
1024 2788 1128 2864 (εὶ).
1155 2790 1453 2846 Ostendant
1480 2791 1636 2859 igitur
1667 2792 1746 2863 (5)
1774 2793 1945 2863 primo
1966 2794 2051 2847 ubi
2079 2794 2148 2847 sit
2176 2793 2300 2848 Stib-

709 2886 870 2940 tilitas
899 2886 994 2940 ista
1020 2926 1034 2950 ,
1065 2887 1106 2940 si
1141 2884 1208 2938 de
1231 2885 1407 2938 hituro
1437 2885 1628 2938 mulier
1649 2886 2018 2951 cognominata
2050 2897 2131 2941 est
2158 2885 2298 2957 quod

710 2977 912 3031 interea
967 2975 1282 3029 vocabulum
1327 2976 1595 3045 acceperit
1617 2978 1639 3027 ’ἰ
1669 2974 1782 3030 Non
1815 2987 1994 3044 potest
2015 2977 2157 3031 enim
2185 2977 2301 3032 sine

712 3069 972 3123 vocabulo
1004 3067 1280 3138 prtesentis
1328 3068 1596 3137 qualitatis
1643 3083 1751 3122 sua!
1797 3068 1978 3126 luisse.
2034 3071 2300 3125 Caeterum

711 3163 866 3233 quale
896 3171 997 3225 est,
1030 3171 1082 3213 III
1121 3177 1235 3230 qum.
1261 3160 1312 3215 in
1345 3160 1575 3216 futurum
1617 3173 1898 3217 vocaretur
1945 3164 2159 3218 nomine
2204 3163 2302 3218 de-

2393 1965 2444 2011 et
2474 1970 2534 2009 os
2573 1970 2637 2009 ex
2671 1956 2902 2020 ossibus,
2935 1965 3155 2011 vocatur
3184 1955 3480 2012 secundum
3508 1956 3767 2026 originem
3801 1957 4002 2010 mulier

2393 2047 2530 2116 ejus,
2569 2063 2634 2102 ex
2663 2049 2815 2117 cujus
2850 2048 3144 2102 subSIautia
3182 2048 3369 2116 incipit
3399 2049 3610 2103 censeri
3655 2047 3792 2102 facta
3833 2063 3998 2100 uxor.

2393 2139 2467 2194 Ita
2501 2140 2691 2194 umlier
2715 2156 2820 2194 non
2852 2150 3037 2194 natura
3066 2154 3261 2194 nomen
3285 2149 3368 2194 est
3390 2141 3594 2202 uxoris,
3627 2140 3709 2206 (5)
3737 2137 3832 2193 sed
3859 2154 4003 2193 uxor

2396 2236 2701 2290 conditione
2723 2252 2916 2291 nomen
2938 2246 3020 2291 est
3041 2236 3299 2291 mulieris.
3336 2235 3572 2302 Denique
3595 2233 3790 2289 mulier
3806 2244 3995 2288 etnon

2401 2345 2531 2384 uxor
2552 2329 2655 2385 dici
2678 2341 2870 2400 potest,
2904 2346 3007 2386 non
3033 2330 3225 2385 mulier
3253 2339 3430 2384 autem
3465 2341 3600 2382 uxor
3627 2327 3730 2381 diei
3760 2343 3864 2381 non
3893 2341 4000 2396 po-

2402 2433 2524 2486 test,
2563 2424 2684 2494 quia
2724 2439 2821 2478 nec
2858 2438 2999 2478 esse.
3041 2423 3346 2477 Constituto
3391 2421 3550 2492 igitur
3583 2420 3799 2474 nomine
3842 2433 4006 2473 nova:

2399 2517 2656 2583 fuatuime,
2679 2517 2819 2588 quod
2846 2527 2927 2571 est
2954 2516 3162 2579 mulier,
3191 2525 3247 2571 et
3272 2515 3522 2585 explicito
3538 2514 3677 2584 quod
3702 2514 3846 2584 prius
3875 2511 4006 2577 fuit,

2403 2609 2454 2664 id
2479 2618 2560 2663 cst
2584 2611 2798 2665 nomine
2823 2609 3115 2679 assignato,
3133 2607 3398 2662 convertit
3414 2606 3520 2676 jam
3538 2605 3603 2658 ad
3629 2604 4008 2674 propheticam

2403 2700 2686 2765 rationem,
2731 2700 2804 2752 uti
2834 2698 3041 2753 diceret
3083 2716 3096 2751 :
3133 2696 3350 2766 PrOpler
3393 2697 3525 2749 hanc
3547 2697 3791 2762 relinquet
3843 2694 4011 2747 homo

2405 2803 2598 2861 patrem
2647 2803 2690 2846 et
2719 2804 2950 2845 matrem.
2979 2791 3128 2846 Adeo
3154 2798 3461 2860 separatum
3487 2799 3570 2844 est
3598 2803 3792 2843 nomen
3818 2802 3846 2841 a
3874 2802 4011 2856 pro-

2408 2885 2607 2956 phetia,
2633 2893 2888 2955 quantum
2911 2893 2964 2938 et
2988 2885 3055 2937 ab
3083 2886 3193 2952 ipsa
3219 2896 3469 2953 persona,
3505 2893 3562 2936 ut
3590 2897 3693 2934 non
3720 2881 3904 2949 utique
3938 2879 4015 2933 de

2407 2979 2517 3047 ipsa
2545 2976 2652 3031 Eva
2676 2977 2893 3039 dixerit,
2913 2975 3006 3030 scd
3041 2978 3090 3028 in
3121 2976 3241 3030 illas
3269 2975 3514 3030 heminas
3538 2974 3757 3039 futuras,
3781 2987 3921 3043 quas
3956 2973 4014 3027 in

2407 3070 2626 3125 matrice
2642 3071 2854 3138 generis
2876 3069 3135 3125 lmminiui
3156 3067 3811 3137 nominarit.Alioqui,uou
3828 3066 4014 3120 Adam

2408 3163 2686 3216 relicturus
2711 3170 2828 3216 erat
2859 3171 3063 3231 patrem
3093 3170 3146 3216 et
3179 3172 3429 3225 matrem,
3461 3174 3596 3229 quos
3619 3173 3722 3212 non
3747 3157 4015 3222 habebat,

712 3258 942 3326 signito,
973 3255 1023 3309 in
1058 3256 1308 3325 prteseuti
1336 3254 1466 3309 nihil
1497 3255 2012 3324 cognominaretur?
2039 3253 2298 3310 Omnibus
2326 3258 2369 3318 C
2405 3267 2622 3328 propter
2653 3257 2840 3311 Evam.
2874 3255 3011 3325 Ergo
3037 3269 3141 3308 non
3173 3252 3238 3307 ad
3270 3252 3436 3307 Evam
3470 3253 3720 3322 pertinet,
3750 3250 3874 3319 quia
3910 3264 4021 3305 nec

712 3348 1031 3404 animalibus
1074 3347 1240 3402 Adam
1292 3348 1504 3401 nomina
1556 3348 1826 3418 imposuit,
1893 3359 1945 3402 ct
1990 3349 2186 3402 nemini
2218 3350 2300 3420 (ι)

713 3457 778 3496 ex
808 3441 983 3495 futura
1036 3440 1364 3501 conditione,
1413 3439 1506 3494 sed
1549 3455 1612 3493 ex
1658 3440 1908 3509 praesenti
1950 3441 2300 3507 institutione,

714 3535 798 3590 cui
821 3533 1056 3589 conditio
1077 3547 1425 3603 quaecumque
1450 3533 1698 3596 serviret,
1729 3532 1829 3587 hoc
1851 3533 2135 3604 appellata,
2163 3535 2303 3603 quod

715 3643 744 3681 a
777 3627 1067 3696 primordio
1094 3625 1280 3688 voluit;
1298 3624 1426 3694 quid
1449 3640 1579 3695 ergo
1604 3635 1727 3680 tunc
1749 3626 2078 3681 vocabatur?
2109 3627 2306 3697 Atquin

717 3722 1201 3792 quotienscumque
1224 3721 1274 3774 in
1298 3720 1569 3790 Scriptura
1587 3722 2306 3790 nominatur,mulierappel-

716 3813 876 3877 latur,
908 3820 1194 3882 antequam
1221 3821 1381 3881 nupta
1404 3853 1417 3876 ,
1444 3822 1496 3865 et
1520 3828 1789 3882 nunquam
1813 3813 1961 3883 virgo
1987 3828 2108 3868 cum
2132 3813 2305 3884 virgo.

721 3908 835 3965 Iloc
903 3921 1096 3963 nomen
1150 3915 1261 3961 tum
1334 3921 1496 3960 unum
1549 3907 1620 3961 illi
1643 3905 1760 3972 fuit,
1807 3917 1862 3963 ct
1927 3907 2142 3978 quando
2182 3908 2312 3962 nihil

2406 3349 2471 3404 ad
2495 3349 2684 3411 Adam,
2712 3347 2852 3419 quod
2880 3345 3188 3417 prophetice
3217 3344 3418 3399 dictum
3447 3353 3552 3399 est.
3583 3343 3658 3398 De
3687 3342 4020 3397 maritorum

2408 3444 2549 3499 enim
2580 3441 2886 3496 conditione
2909 3437 3241 3509 prtedietum,
3273 3438 3360 3506 qui
3385 3436 3456 3491 ob
3491 3435 3770 3490 mulierem
3802 3448 4020 3503 paren-

2411 3543 2490 3589 tes
2512 3548 2635 3587 suos
2657 3541 2810 3588 erant
2833 3531 3066 3586 relicturi
3087 3547 3100 3585 :
3123 3528 3266 3600 quod
3291 3529 3341 3582 in
3366 3527 3530 3582 Evam
3552 3525 3746 3581 cadere
3772 3539 3880 3579 non
3912 3539 4024 3595 po-

2415 3629 2533 3693 tuit,
2553 3626 2672 3695 quia
2700 3638 2798 3680 nec
2816 3625 2866 3678 in
2888 3623 3077 3678 Adam.
3099 3621 3154 3676 Si
3175 3623 3246 3674 ita
3265 3635 3350 3675 res
3366 3629 3470 3684 est,
3489 3627 3706 3689 apparet
3725 3631 3831 3670 non
3851 3631 4030 3687 prop-

2415 3729 2496 3776 ter
2525 3718 2755 3773 luturmn
2788 3718 3064 3772 mulierem
3090 3715 3544 3786 cognominatam,
3575 3710 3641 3765 ad
3668 3723 3827 3781 quam
3864 3709 4027 3765 l'utu-

2415 3827 2534 3866 rum
2568 3825 2675 3865 non
2720 3809 3037 3880 pertinebat.
3075 3808 3149 3862 Eo
3175 3804 3402 3870 accedit,
3430 3804 3573 3876 quod
3603 3804 3714 3874 ipse
3743 3803 4030 3859 rationem

2415 3907 2531 3977 ejus
2575 3905 2811 3962 nominis
2839 3903 3028 3960 edidit.
3080 3902 3211 3958 Cum
3242 3901 3385 3957 enim
3425 3898 3651 3956 dixisset
3698 3914 3714 3954 :
3753 3899 4032 3952 vocabitur

1952 4020 2247 4078 LECTION
2256 4023 2334 4080 ES
2368 4021 2776 4079 VARIAN'I‘ES.

781 4138 858 4261 il;
889 4135 989 4188 Alii
1011 4136 1131 4187 add.
1157 4135 1332 4197 adjicit.

782 4201 835 4257 (2
893 4200 947 4250 In
971 4211 1332 4261 caruemunam

782 4197 858 4268 (ἓ)
893 4200 948 4268 In
971 4212 1170 4268 carnem
1193 4211 1336 4268 ιιηςιω
1364 4197 1514 4268 Fran-
1586 4261 1594 4268 .

783 4259 857 4327 (3)
899 4259 1027 4312 Male
1052 4259 1102 4312 in
1133 4267 1293 4311 Venet.
1320 4266 1474 4312 exstat
1499 4259 1694 4322 legitur.

2485 4138 2558 4199 (4)
2592 4135 2850 4199 ῌρωίιιβηι
2877 4137 3051 4183 Veneta
3071 4129 3214 4183 male.

2414 4263 2450 4312 α
2485 4192 2559 4262 (5)
2575 4195 2867 4311 mmuliet‘
2890 4205 3060 4248 natura
3101 4207 3280 4245 nomen
3302 4199 3380 4245 est
3401 4195 3568 4246 uxoris
3586 4232 3600 4255 ,
3630 4195 3684 4244 et
3705 4203 3830 4246 uxor
3849 4192 4038 4243 condi-

2453 4274 2550 4312 one
2677 4273 2728 4310 η.

2096 4387 2655 4448 COMMENTARIUS.

798 4536 951 4592 CAP.
972 4534 1045 4609 Υ.
1069 4565 1140 4577 —
1161 4535 1238 4609 (a)
1262 4536 1410 4603 Quod
1430 4537 1759 4609 communiter
1779 4536 1926 4590 etiam
1954 4536 2171 4609 virgines
2193 4552 2311 4609 cen-
2343 4536 2393 4595 D
2421 4550 2519 4591 nus
2557 4533 2848 4590 conformis
2876 4540 2961 4589 est
3004 4528 3386 4609 i_n__verteq_do;
3438 4540 3568 4609 nam
3603 4539 3733 4609 cum
3760 4525 3816 4582 in
3839 4540 4040 4609 εγω

728 4607 1236 4664 seantur.Commtini
1263 4610 1476 4662 nomine
1501 4608 1740 4662 mulieris
1760 4607 2313 4678 comprcheustttc.

805 4681 884 4750 (h)
916 4678 1089 4732 Adhuc
1115 4679 1260 4749 felix,
1310 4689 1415 4734 etc.
1468 4679 1540 4733 Ita
1587 4680 1951 4750 prohatsuam
1993 4679 2314 4733 sententiam

730 4749 1211 4819 Tertullianus,cui
1240 4752 1432 4805 institit
1461 4749 1884 4806 Ambrosiuslib.
1918 4751 1979 4804 de
2039 4751 2156 4803 inst.
2189 4751 2317 4819 virg.

731 4836 780 4876 c.
811 4821 844 4876 5
869 4838 880 4870 τ
909 4818 1132 4889 Denique
1158 4822 1420 4892 virginitas
1443 4824 1663 4892 primunt
1688 4822 1781 4876 hoc
1807 4837 2007 4886 nomen,
2039 4821 2089 4874 id
2118 4818 2322 4892 est_no-

733 4907 855 4948 men
885 4892 1123 4944 mulieris
1152 4934 1165 4953 ,
1213 4889 1452 4962 accepita
1480 4892 1616 4946 Nam
1672 4909 1787 4957 cum
1842 4892 2134 4960 sumpsisset
2184 4889 2322 4945 Deus

732 4979 889 5016 unam
919 4963 982 5016 de
1006 4963 1156 5016 costis
1201 4963 1344 5027 Αιιαε,
1375 4975 1422 5018 et
1453 4962 1782 5032 supplevisset
1829 4979 2031 5016 carnem
2075 4963 2126 5014 in
2156 4962 2322 5032 locum

733 5035 916 5106 ipsius,
949 5034 1239 5106 mdiﬁcavit,
1292 5036 1473 5103 inquit,
1531 5031 1640 5087 eam
1702 5037 1753 5087 in
1809 5033 2089 5106 mulierem.
2141 5031 2325 5106 Utique

735 5103 901 5230 (ul/mf
951 5105 1111 5158 virum
1165 5122 1266 5160 non
1320 5116 1646 5177 cognoverat,
1678 5115 1725 5159 et
1758 5106 1870 5176 jam
1909 5103 2088 5157 mulier
2114 5103 2326 5156 vocaba-

738 5187 839 5230 tur.
895 5192 1000 5230 .Ac.

738 5187 839 5231 tur.
873 5187 1000 5230 Lac.

811 5251 884 5313 (c)
913 5246 1352 5318 Conglntinabitur
1376 5249 1576 5304 mulieri
1591 5263 1716 5303 sine.
1740 5246 1816 5300 Ad
1843 5247 2062 5302 verbum
2089 5262 2153 5301 ex
2191 5260 2328 5313 grai—

738 5335 803 5372 (‘0
825 5318 1092 5373 transtttlit
1118 5318 1272 5374 illud:
1293 5325 1372 5374 καὶ
1401 5329 1855 5391 προσκολληθήσεται
1874 5331 1932 5391 τῇ
1953 5322 2137 5391 ’γυγᾳικὶ
2156 5323 2324 5391 nigros,

741 5405 871 5461 voce
901 5391 1193 5461 composita
1229 5406 1256 5442 a
1280 5385 1443 5455 κόλληξ
1473 5391 1610 5459 quod
1657 5392 1835 5461 gluten
1879 5385 2156 5461 signiﬁcat.
2189 5389 2323 5443 Pint.

815 5460 894 5532 (ιι)
927 5459 1228 5584 Prorhetico
1258 5463 1408 5517 modo
1445 5463 1633 5516 dictum
1664 5459 1755 5516 est.
1791 5459 1922 5515 Nam
1953 5459 2223 5530 propheta:
2243 5474 2329 5511 so-

815 5542 854 5584 ιι
901 5532 967 5583 de
1046 5533 1215 5584 uturis
1254 5548 1348 5584 seu
1395 5533 1461 5584 de
1509 5533 1861 5584 oriesentibus
1914 5531 2077 5584 louui.
2100 5532 2329 5584 Sensum

742 5531 854 5588 len’t
901 5532 967 5583 de
1025 5531 1215 5586 futuris
1254 5548 1348 5587 seu
1395 5533 1461 5588 de
1509 5533 1861 5602 praesentibus
1914 5531 2077 5601 loqui.
2100 5532 2329 5587 Sensum

745 5602 1019 5674 euunlenr
1039 5602 1217 5664 habet.
1267 5603 1405 5673 quod
1434 5604 1695 5674 sequitur,
1726 5603 1792 5657 ad
1823 5603 2191 5673 propheticam
2247 5615 2332 5656 ra-

746 5673 1153 5745 tionem;ltem,
1185 5674 1250 5728 ad
1280 5673 1609 5745 prophetiam
1638 5676 2035 5745 interpretetur.
2069 5675 2239 5728 “BEN.

824 5745 902 5815 (e)
947 5742 1126 5798 Fuisse
1172 5742 1336 5800 nudos
1373 5742 1522 5808 duos.
1547 5745 1731 5811 Adam,
1758 5742 1861 5801 etc.
1897 5745 2070 5800 Verba
2102 5744 2332 5815 vulgaris

753 5814 1060 5881 Interpretis
1084 5827 1205 5870 sunt
1255 5815 1292 5870 ll
1335 5832 1452 5886 cap.
1501 5817 1774 5873 Gencseos
1805 5834 1816 5846 ·
1851 5815 1978 5869 Erat
2000 5827 2165 5880 autem
2195 5814 2332 5869 uter-

753 5903 850 5956 que
881 5886 1066 5953 multis,
1114 5888 1279 5944 Adam
1305 5890 1492 5943 scilicet
1517 5898 1563 5944 el
1594 5903 1724 5942 uxor
1757 5889 1884 5959 ejus.
1922 5889 2024 5944 Sed
2049 5888 2090 5943 Τ
2095 5887 2332 5943 ertullia-

2423 4608 2494 4662 sit
2519 4619 2632 4674 γυνῆ
2656 4648 2669 4669 ,
2699 4619 2912 4675 semper
2943 4601 3128 4675 reddit;
3157 4600 3360 4667 mulier,
3385 4613 3490 4655 non
3521 4607 3576 4653 ut
3601 4598 3897 4668 interpres,
3937 4601 4039 4669 qui

2424 4671 2533 4747 jam
2555 4679 2755 4743 mulier,
2786 4671 2896 4746 jam
2926 4690 3074 4728 uxor.
3107 4671 3240 4728 Lac.

2501 4749 2564 4819 (ί)
2595 4738 2834 4804 Caroea:
2888 4761 3041 4800 carne
3084 4760 3197 4798 mea
3239 4742 3500 4798 vocabitur
3524 4740 3722 4819 mulier.
3758 4738 3853 4819 ll_ic
3891 4755 4044 4819 prim.

2429 4809 2657 4875 ter‘misit
2684 4819 2921 4873 roculam
2951 4831 3200 4888 graecam,
3229 4820 3374 4877 noce,
3405 4823 3462 4870 et
3516 4809 3741 4888 proinde
3762 4809 4044 4866 sine’dis-

2428 4893 2682 4947 tinctione
2729 4881 3011 4958 conjunxit
3038 4887 3146 4940 duo
3188 4893 3460 4958 commata
3482 4881 3649 4958 ,_‘cum
3678 4881 3833 4936 aliter
3881 4897 4039 4953 grae-

2425 4967 2488 5018 Ce
2516 4974 2569 5017 et
2593 4964 2758 5017 latine
2781 4955 3005 5025 legatur,
3033 4959 3142 5010 lucc
3168 4957 3448 5011 vocabitur.
3482 4955 3620 5011 Pal.

2499 5033 2581 5105 (ς)
2611 5033 2728 5086 Alia
2758 5031 2938 5105 habent
2982 5029 3196 5105 propria
3221 5027 3508 5105 locabunt.
3561 5025 3673 5105 l_l_uc
3702 5032 3922 5092 specta;
3952 5025 4046 5080 im-

2429 5096 2614 5174 primis
2635 5104 2780 5178 quod
2807 5096 3190 5178 uxor__dicatur,
3221 5098 3550 5178 P_la_tonLl_ib.
3569 5096 3661 5164 IX,
3680 5107 3794 5178 νυν-λ
3814 5107 4044 5178 «ξηρῇ,

2428 5167 2876 5244 quemadmodum
2925 5170 3267 5238 Xenophonti
3309 5169 3361 5222 in
3404 5167 3801 5225 (Economicis.
3829 5167 4050 5244 Deinde

2431 5243 2545 5301 haec
2573 5255 2698 5300 sunt
2713 5244 2951 5314 ejusdem
2979 5255 3297 5314 synonyma,
3315 5246 3575 5312 σὺηαμπ,
3595 5246 3791 5306 ἄλοχος,
3814 5243 4045 5305 issu“,

2433 5325 2739 5388 πιρᾶιθιτις.
2758 5316 2893 5372 ΡΔΙ.

2503 5412 2586 5484 (h)
2623 5409 2936 5484 Matrimonii
2963 5423 3170 5463 nexum.
3200 5403 3388 5461 Didoni
3410 5401 3550 5476 apud
3571 5402 3791 5459 Pactam
3803 5413 3898 5458 est
3921 5404 4045 5459 vin-

2431 5482 2610 5540 culum
2645 5482 2826 5554 jugale
2871 5500 2885 5535 :

2679 5575 2755 5626 Ne
2778 5577 2854 5627 cui
2878 5586 2958 5626 me
2980 5570 3139 5623 vinclo
3159 5569 3338 5621 vellem
3361 5569 3551 5620 sociare
3567 5565 3719 5632 jugali
3740 5601 3758 5627 ,

2433 5663 2528 5720 lib.
2563 5660 2629 5718 IV
2657 5659 2875 5717 Eneid.
2911 5657 3202 5728 Gregorius
3227 5653 3418 5728 Nyss.,_
3439 5653 3534 5709 lib.
3555 5653 3625 5728 Ade
3658 5650 3802 5723 Virg.
3828 5665 3969 5728 cap.
3999 5653 4055 5716 3.

2433 5744 2609 5806 ἅρλυι,
2639 5732 2744 5787 hoc
2772 5741 2856 5786 est
2884 5724 3248 5807 retia;_vocat_
3267 5724 3769 5807 i'uatrimouium,.et
3816 5726 4059 5806 esse...

2437 5793 2616 5933 πίνιιίέ
2641 5793 3096 5930 ιοῖξρατηθῆυαιίὶἁ
3118 5795 3661 5866 rst,indissolubilibus
3693 5793 3895 5865 laqueis
3927 5795 4056 5849 irre-

2437 5881 2540 5933 tiri.
2617 5893 2648 5932 ε
2721 5891 2772 5929 tt.
