4220 6492
2189 384 2641 448 TERTULLIANI

3924 396 4043 457 900

738 501 835 553 viri
879 507 961 556 est
1001 499 1208 564 mulier,
1254 507 1452 571 quanto
1497 497 1666 572 magis
1703 496 1854 573 virgo
1881 544 1895 567 ,
1928 516 2046 573 qua:
2072 511 2124 558 et
2157 502 2325 573 gloria
2356 507 2403 565 Λ
2433 515 2550 569 est;
2585 503 2770 577 utique
2815 502 2916 563 hoc
2962 509 3194 567 maxime
3229 507 3458 582 virginis
3507 509 3713 586 insigne
3741 525 3821 571 est
3843 559 3856 580 ,
3886 528 4038 578 flua-

736 592 836 648 sibi
883 595 1003 649 est!
1035 594 1091 649 Si
1141 595 1330 649 mulier
1372 612 1436 651 ex
1467 597 1580 650 viro
1611 605 1664 650 et
1703 606 1916 666 propter
1945 599 2148 661 virum,
2181 609 2327 652 costa

735 684 826 740 illa
861 686 988 741 Atla:
1012 687 1161 758 virgo
1197 690 1420 755 primum
1447 687 1562 741 fuit.
1599 687 1672 758 (ti)
1701 690 1754 742 Si
1788 690 1979 742 mulier
2010 700 2324 759 pnzcstatem

734 773 934 832 habere
976 793 1136 846 super
1177 788 1338 847 caput
1375 779 1567 844 debet,
1596 781 1677 833 vel
1709 797 1772 833 eo
1797 780 1995 848 justius
2045 781 2226 849 virgo,
2259 780 2324 835 ad

732 885 890 939 quam
925 872 1152 940 pertinet
1179 872 1320 941 quod
1352 875 1402 927 in
1417 888 1604 928 caussa
1631 884 1731 928 εει.
1759 871 1814 928 Si
1839 874 1980 928 enim
2007 875 2086 944 (ὁ)
2112 884 2327 944 propter

731 961 1006 1032 angelos(l
1035 961 1150 1018 Cor.
1187 961 1279 1030 XI,
1307 965 1360 1029 8,
1392 962 1480 1033 10)
1502 1006 1515 1026 .
1544 964 1747 1018 scilicet
1765 978 1897 1032 quos
1919 966 2185 1034 legilnusa
2219 967 2326 1021 Deo

728 1060 788 1108 et
833 1054 972 1109 caelo
1019 1054 1281 1110 excidisse
1335 1056 1404 1111 ob
1432 1056 1916 1126 concupiscentiam
1947 1058 2322 1125 heminarum;

728 1145 849 1215 quis
883 1161 1208 1215 praesumere
1243 1157 1420 1218 potest
1463 1149 1596 1203 tales
1640 1150 1893 1218 angelos,
1925 1151 2185 1204 maculata
2213 1151 2323 1221 jam

728 1253 954 1308 corpora
976 1250 1030 1295 et
1057 1240 1300 1296 humana:
1339 1242 1573 1296 libidinis
1605 1243 1856 1312 reliquias
1885 1244 2242 1310 desiderasse,
2269 1255 2326 1299 ut

727 1345 834 1385 non
863 1331 929 1385 ad
974 1333 1204 1403 virgines
1248 1334 1426 1402 potius
1466 1335 1799 1401 exarserint,
1835 1334 1912 1406 (ε)
1962 1351 2185 1406 quarum
2227 1336 2324 1394 llos

731 1425 893 1478 ctiam
921 1423 1206 1480 humanam
1232 1426 1504 1481 libidinem
1532 1432 1787 1482 excusat?
1813 1427 1944 1483 Nam
1971 1437 2024 1483 et
2048 1430 2321 1500 Scriptura

732 1517 812 1571 sic
840 1517 1074 1588 suggerit
1107 1534 1122 1573 :
1157 1516 1222 1571 Et
1248 1523 1439 1589 factum
1484 1529 1578 1584 est,
1638 1520 1840 1588 inquit,
1898 1538 2012 1574 cum
2060 1527 2324 1592 cepissent

730 1607 955 1662 homines
989 1610 1160 1680 plures
1191 1612 1302 1679 ﬁeri
1332 1628 1484 1680 super
1534 1621 1739 1673 terram,
1787 1620 1831 1664 ct
1871 1613 1991 1680 [ilice
2035 1624 2166 1668 nuta:
2205 1625 2323 1668 sunt

727 1700 840 1759 eis;
893 1701 1170 1770 conspicati
1198 1711 1364 1754 autem
1393 1701 1488 1768 ﬁlii
1518 1699 1614 1755 Dei
1674 1702 1808 1769 ﬁlias
1859 1703 2138 1769 hominum,
2187 1706 2323 1774 quod

731 1792 962 1862 puli-line
1007 1804 1210 1857 essent,
1260 1804 1561 1864 acceperunt
1615 1795 1708 1848 sibi
1753 1811 1936 1849 uxores
1985 1813 2046 1850 ea:
2093 1799 2322 1853 omnibus

2435 615 2553 653 rum
2581 600 2663 669 (ἓ)
2687 612 2742 656 et
2767 612 2988 660 ornatus
3016 605 3129 674 ipsc
3157 605 3236 676 (ὅ)
3267 608 3478 677 proprie
3505 608 3583 663 sic
3609 618 3690 663 est
3715 652 3728 669 .
3755 620 3809 663 ut
3839 625 4041 664 cumu—

2432 691 2533 745 lata
2559 693 2610 746 iti
2637 695 2884 750 verticem
2905 739 2919 763 ,
2947 699 3112 767 ipsam
3145 700 3336 770 capitis
3363 714 3542 757 arcem
3571 703 3774 758 ambitu
3795 705 4036 759 crinium

2430 794 2696 856 contegat.

3021 884 3245 942 CAPUT
3287 885 3420 940 VIII.

2505 979 2704 1034 Ilorum
2747 987 2897 1034 certe
2936 981 3176 1034 omnium
3222 981 3486 1035 contraria
3525 981 3760 1037 efficiunt
3785 1024 3800 1046 ,
3831 999 3898 1038 nc
3949 985 4038 1040 vir

2429 1079 2589 1139 caput
2619 1070 2759 1125 velet
2788 1088 2800 1124 :
2830 1069 3038 1124 scilicet
3063 1072 3187 1137 quia
3234 1087 3339 1126 non
3379 1073 3450 1127 sit
3491 1075 3804 1131 naturaliter
3829 1092 4034 1131 conse-

2427 1173 2583 1218 cutus
2619 1163 2969 1218 ambitionem
3000 1163 3312 1234 capillormn
3337 1207 3352 1230 ,
3375 1165 3502 1234 quia
3531 1168 3643 1219 radi
3670 1168 3780 1221 sive
3813 1168 4033 1222 tonderi

2428 1270 2536 1309 non
2571 1256 2640 1310 sit
2685 1266 2838 1323 turpe
2867 1255 2980 1322 illi,
3015 1257 3137 1325 quia
3171 1270 3274 1311 non
3307 1268 3523 1327 propter
3550 1258 3698 1313 illum
3729 1261 3900 1329 angeli
3928 1275 4032 1314 ex-

2426 1348 2714 1403 orbitarint
2736 1391 2749 1413 ,
2807 1350 2928 1419 quia
2980 1350 3146 1418 gloria
3175 1361 3226 1404 et
3256 1351 3428 1421 imago
3458 1351 3553 1407 Dei
3585 1352 3652 1406 sit
3678 1393 3693 1418 ,
3716 1355 3834 1423 quia
3863 1364 4035 1421 caput

2426 1439 2544 1506 eius
2572 1438 2815 1495 Christus
2842 1440 2894 1510 (l
2929 1440 3049 1495 Cor.
3085 1439 3150 1494 XI
3177 1483 3188 1501 .
3218 1441 3255 1495 *Ξ
3275 1481 3290 1505 ,
3315 1441 3392 1510 7).
3424 1441 3609 1512 Itaque
3653 1461 3770 1498 cum
3801 1445 3869 1499 de
3911 1449 4033 1500 viro

2424 1537 2479 1584 et
2506 1531 2729 1585 muliere
2777 1532 3066 1600 Apostolus
3113 1543 3302 1588 tractet
3328 1575 3342 1598 ,
3372 1549 3466 1588 cur
3493 1535 3634 1588 illam
3664 1546 3910 1604 oporteat
3939 1553 4032 1592 ve-

2425 1623 2562 1688 lari,
2596 1622 2743 1677 illum
2777 1639 2903 1677 vero
2931 1640 3033 1676 non
3061 1665 3076 1689 ,
3108 1635 3331 1694 apparet
3369 1643 3468 1681 cur
3511 1637 3566 1682 et
3599 1628 3818 1698 virginis
3848 1629 4028 1684 silen-

2427 1716 2556 1769 tium
2589 1713 2773 1768 fecerit
2802 1729 2819 1766 :
2847 1714 3036 1768 eadem
3069 1717 3275 1772 ratione
3305 1718 3507 1772 scilicet
3536 1719 3793 1788 virginem
3823 1719 3875 1774 itt
3909 1736 4031 1774 ntu-

2427 1808 2558 1863 liere.
2587 1807 2666 1880 (4)
2697 1809 3095 1877 intelligendam
3142 1810 3325 1864 sinetis
3353 1852 3369 1875 ,
3394 1828 3494 1879 qua
3537 1821 3591 1866 ct
3628 1829 3850 1882 puerum
3883 1824 3946 1867 ut
3977 1815 4030 1869 in

725 1901 850 1954 quas
879 1885 1152 1955 elegerunt.
1198 1884 1294 1940 Hic
1345 1886 1489 1940 enim
1541 1901 1733 1941 nomen
1779 1889 2058 1942 mulierum
2085 1905 2314 1957 graecum
2349 1904 2394 1965 Β
2425 1901 2541 1954 viro
2593 1899 2954 1969 deputandum
3007 1917 3112 1954 non
3167 1905 3511 1968 nominavit,
3558 1915 3724 1958 totum
3770 1905 4026 1961 ordinem

727 1992 919 2032 uxores
957 1979 1132 2047 sapit,
1162 1979 1282 2049 quia
1316 1979 1383 2033 de
1425 1981 1620 2049 nuptiis
1651 1985 1852 2034 mentio
1881 1991 1982 2036 est.
2022 1980 2153 2037 Cum
2183 1998 2312 2052 ergo

723 2068 860 2124 filias
893 2070 1164 2125 hominum
1212 2071 1381 2139 dicit,
1416 2072 1694 2128 manifeste
1733 2073 1963 2144 virgines
2004 2075 2304 2144 portendit,

721 2178 839 2233 qua:
865 2164 1036 2218 adhuc
1060 2164 1198 2234 apud
1232 2175 1482 2235 parentes
1508 2165 1911 2234 deputarentur.
1942 2166 2072 2221 Nam
2109 2180 2306 2239 nuptae,

720 2273 825 2312 mat
844 2258 1035 2312 iturum
1065 2267 1458 2327 nuncupantur,
1483 2274 1604 2313 cum
1631 2261 1861 2328 potuerit
1886 2259 2084 2314 dixisse
2113 2278 2307 2316 uxores

722 2350 1022 2417 hominum,
1051 2367 1204 2421 mque
1249 2367 1353 2406 non
1403 2353 1677 2406 adulteros
1727 2354 2005 2408 nominans
2053 2356 2308 2425 angelos,

721 2441 815 2496 sed
845 2441 1066 2496 maritos
1087 2482 1102 2506 ,
1127 2442 1250 2495 dum
1291 2443 1541 2509 innuptas
1569 2454 1785 2496 smnunt
1827 2444 1960 2496 tilias
1987 2444 2260 2500 hominum
2293 2489 2307 2512 ,

720 2550 852 2604 quas
875 2545 1023 2587 natas
1049 2549 1205 2604 supra
1230 2534 1366 2587 dixit
1392 2577 1406 2598 ,
1442 2534 1519 2588 sic
1540 2550 1751 2604 quoque
1777 2535 2010 2605 virgines
2039 2537 2121 2606 (l)
2145 2539 2308 2608 signi-

721 2627 895 2680 Iit'mil
942 2642 1101 2694 supra
1149 2637 1318 2679 natas.
1361 2628 1426 2680 At
1470 2627 1554 2680 liic
1594 2626 1798 2696 augt-lis
1830 2638 2020 2696 nuptas
2049 2629 2189 2682 aliud
2218 2645 2308 2684 cas

717 2716 900 2771 nescio
927 2732 1085 2787 quain
1109 2725 1258 2771 natas
1282 2759 1297 2782 ,
1329 2725 1383 2771 et
1410 2716 1604 2772 dehinc
1636 2726 1844 2785 nuptas.
1878 2718 1961 2789 (tt)
1997 2719 2310 2790 Debetergo

717 2808 1020 2864 adumbrari
1055 2807 1217 2862 facies
1254 2818 1359 2861 tam
1391 2809 1691 2878 periculosa
1717 2849 1731 2872 ,
1758 2824 1877 2876 qttzc
1906 2825 2076 2881 usque
2104 2811 2168 2865 ad
2199 2827 2309 2868 etn-

718 2903 826 2957 lum
852 2901 1101 2958 scandala
1126 2901 1354 2970 jaculata
1379 2910 1462 2955 est
1483 2942 1498 2965 ,
1529 2911 1584 2954 ut
1611 2915 1729 2956 cum
1761 2901 1867 2955 Deo
1894 2905 2152 2958 assistens
2173 2946 2187 2968 ,
2218 2905 2304 2959 cui

718 3011 807 3053 rea
855 3006 937 3051 est
978 2995 1286 3067 angelorum
1329 2995 1828 3057 exterminatorum,
1859 2997 2069 3051 caneris
2096 3012 2309 3069 quoque

716 3089 921 3160 angelis
943 3089 1261 3153 erubescat,
1293 3097 1347 3144 et
1378 3089 1570 3142 malam
1601 3089 1744 3143 illam
1774 3089 2062 3158 aliquando
2090 3091 2308 3145 liberta-

717 3188 824 3235 tem
853 3180 1041 3248 capitis
1067 3179 1148 3233 sui
1175 3178 1523 3248 comprimat,
1551 3179 1660 3248 jam
1693 3194 1790 3234 nec
1832 3179 2106 3235 hominum
2138 3183 2307 3237 oculis

2421 1993 2698 2058 utriusque
2741 2008 2907 2046 sexus
2952 2007 3101 2063 prop:
3119 1995 3182 2048 iis
3225 1995 3496 2051 voeabulis
3523 1999 3871 2067 complexus,
3903 2016 4027 2055 mu—

2419 2084 2560 2138 lieris
2586 2095 2638 2138 et
2670 2083 2785 2138 viri.
2821 2083 2910 2140 Sic
2942 2085 3132 2152 Adam,
3160 2087 3321 2142 etiam
3350 2088 3430 2158 (5)
3456 2089 3631 2145 adhuc
3687 2091 3914 2161 integer,
3948 2091 4028 2146 vir

2419 2179 2468 2230 iti
2503 2176 2697 2231 Genesi
2729 2188 2811 2230 est
2842 2187 3289 2247 cognominatus:
3330 2178 3618 2247 Vocabitur,
3651 2182 3859 2252 inquit,
3912 2200 4022 2236 mu-

2418 2270 2526 2330 lier,
2560 2271 2682 2338 quia
2734 2271 2796 2322 de
2840 2271 2946 2323 viro
2996 2287 3088 2324 suo
3135 2283 3338 2342 sumpta
3376 2283 3448 2328 est
3489 2273 3641 2346 (Gen.
3677 2275 3752 2341 II,
3781 2276 3901 2346 23).
3931 2276 4024 2332 Sic

2419 2361 2496 2413 vir
2525 2361 2699 2415 Adam
2742 2371 2865 2417 ante
2909 2363 3218 2432 nuptiarum
3243 2380 3590 2432 congressum
3619 2410 3634 2434 ,
3665 2368 4028 2438 quemadmo-

2416 2451 2541 2506 dum
2580 2463 2632 2506 ct
2666 2454 2771 2506 Eva
2802 2453 3010 2509 mulier.
3047 2455 3119 2510 De
3147 2466 3367 2526 utraque
3425 2471 3572 2527 parte
3614 2463 3743 2516 satis
3779 2463 3848 2516 ad
3885 2462 4027 2515 uni-

2415 2559 2620 2598 ver~am
2646 2547 2878 2614 speciem
2901 2548 3160 2616 cujusque
3187 2564 3350 2605 sexus
3372 2554 3659 2622 Apostolus
3701 2563 4024 2625 pronuntia-

2419 2635 2530 2699 vit,
2560 2646 2611 2688 et
2652 2636 2884 2690 breviter
2912 2647 2965 2691 et
3008 2638 3195 2706 plene,
3231 2649 3336 2695 tam
3391 2642 3644 2698 instructa
3676 2646 4016 2708 deﬁnitione.

2420 2724 2598 2782 Omnis
2623 2770 2636 2790 ,
2667 2731 2833 2800 inquit
2859 2772 2874 2797 ,
2907 2733 3090 2785 mulier
3116 2733 3158 2801 (I
3186 2734 3303 2788 Cor.
3339 2733 3410 2790 XI
3431 2776 3445 2800 ,
3476 2737 3556 2805 5).
3585 2738 3722 2805 Quid
3770 2752 3857 2797 est
3909 2761 4020 2800 ous-

2418 2823 2521 2888 nis,
2579 2822 2677 2876 nisi
2710 2823 2888 2878 omnis
2919 2826 3169 2894 generis,
3205 2828 3380 2882 omnis
3406 2829 3649 2885 ordinis?
3671 2836 3850 2890 omnis
3880 2852 4018 2893 con-

2419 2913 2639 2970 ditionis
2661 2956 2678 2981 ,
2710 2918 2886 2971 omnis
2930 2919 3205 2987 dignitatis
3228 2960 3243 2985 ,
3279 2923 3456 2976 omnis
3493 2926 3687 2978 aetatis.
3735 2926 4018 2997 Siquidem

2413 3020 2572 3062 omne
2601 3016 2766 3061 tottini
2798 3019 2879 3064 est
2905 3051 2920 3075 ,
2949 3020 3004 3064 et
3044 3010 3309 3080 integrum
3337 3055 3350 3078 ,
3382 3024 3434 3068 et
3457 3015 3598 3069 nulla
3621 3017 3703 3071 sui
3736 3029 3889 3087 parte
3919 3021 4017 3078 de-

2412 3098 2632 3154 fectum.
2679 3100 2808 3155 Pars
2850 3111 3028 3156 autem
3077 3104 3316 3160 mulieris
3345 3116 3400 3160 et
3430 3107 3578 3178 virgo
3616 3119 3724 3164 est.
3756 3110 3938 3183 Eque
3963 3125 4020 3170 et

2413 3191 2480 3246 de
2529 3193 2643 3246 viro
2705 3210 2808 3248 non
2839 3194 3101 3250 velanda:
3137 3197 3334 3262 Omnis,
3369 3199 3537 3268 inquit
3561 3200 3605 3272 (l
3629 3202 3748 3256 Cor.
3797 3204 3901 3271 XI,
3933 3207 4012 3275 ι).

715 3273 1065 3330 oﬂ'ercndam.
1093 3271 1199 3327 Sed
1225 3282 1279 3327 et
1305 3272 1347 3326 si
1374 3272 1764 3327 contaminatas
1787 3272 1897 3342 jam
1927 3272 2174 3329 foeminas
2208 3291 2306 3329 an-
2338 3291 2382 3353 ρ
2418 3283 2556 3338 Ecce
2582 3284 2688 3339 duo
2714 3285 2923 3340 diversa
2952 3288 3164 3342 nomina
3185 3329 3200 3353 ,
3232 3290 3314 3343 vir
3331 3298 3386 3344 et
3412 3271 3625 3355 mulier.
3656 3297 3837 3350 omnis
3862 3271 4015 3353 meri-

714 3365 817 3437 geli
852 3364 924 3418 illi
954 3363 1282 3434 appetissem
1303 3405 1318 3429 ,
1353 3370 1498 3417 tanto
1521 3364 1687 3434 magis
1719 3374 1934 3432 propter
1957 3365 2179 3436 angelos
2210 3382 2302 3421 ve—

713 3456 811 3512 lari
835 3453 1179 3520 debuissent,
1206 3464 1406 3523 quanto
1434 3455 1602 3523 magis
1628 3464 1845 3524 propter
1872 3457 2110 3525 virgines
2129 3458 2303 3528 angeli

714 3545 1002 3616 deliquisse
1032 3545 1346 3613 potuissent.
1379 3543 1432 3599 Si
1460 3554 1636 3599 autem
1670 3553 1724 3598 et
1749 3544 1824 3616 (e)
1857 3554 2059 3601 natum
2099 3550 2296 3616 prmju-

714 3637 912 3692 dicium
962 3634 1144 3705 adjicit
1197 3636 1517 3704 Apostolus,
1547 3635 1690 3705 quod
1739 3636 1908 3692 honor
1953 3641 2024 3692 sit
2067 3640 2305 3697 mulieris

711 3727 1064 3786 redundantia
1096 3728 1410 3798 capillorum
1433 3770 1447 3796 ,
1484 3730 1606 3799 quia
1647 3744 1801 3786 coma
1843 3747 1940 3802 pro
1966 3735 2305 3805 operimento

2408 3390 2532 3446 que.
2567 3375 2698 3430 Duae
2731 3377 2879 3448 leges
2905 3379 3150 3435 obnoxitc
3179 3381 3403 3436 invicem
3425 3423 3442 3448 ,
3467 3383 3591 3439 hinc
3613 3387 3826 3442 velandi
3846 3431 3860 3453 ,
3888 3390 4016 3446 inde

2412 3468 2666 3524 nudandi.
2697 3469 2861 3540 Igitur
2882 3472 2924 3524 si
2951 3487 3018 3526 eo
3037 3473 3180 3542 quod
3207 3473 3406 3528 dictum
3436 3476 3506 3530 sit
3529 3480 3705 3533 omnis
3731 3480 3834 3543 vir,
3862 3496 4015 3538 eom-

2415 3576 2574 3614 mune
2628 3570 2710 3616 cst
2764 3577 2956 3617 nomen
2999 3565 3118 3628 viri,
3168 3565 3327 3619 etiam
3376 3566 3609 3622 nondum
3633 3569 3866 3645 viri,(,’)
3895 3589 4012 3628 ma-

2409 3655 2540 3707 sculi
2565 3654 2812 3711 investis:
2835 3671 3120 3712 commune
3145 3667 3323 3714 autem
3349 3675 3470 3714 cum
3497 3663 3566 3716 sit
3590 3679 3788 3720 nomen
3816 3681 4013 3723 secun-

2409 3745 2535 3800 dum
2569 3756 2809 3801 naturam
2836 3788 2851 3814 ,
2875 3749 3172 3806 communis
3197 3759 3281 3806 est
3306 3759 3362 3807 et
3392 3753 3474 3808 lex
3502 3769 3607 3810 non
3630 3757 3843 3814 velandi
3868 3759 4010 3830 ejus,

1922 3887 2306 3949 LECTIONES
2346 3896 2752 3957 VARIANTES.

775 4025 848 4084 (l)
886 4024 1188 4096 significans.
1223 4025 1385 4096 Supra
1426 4031 1592 4096 natas;
1621 4035 1671 4078 at
1705 4027 1789 4096 hic
1821 4028 1978 4096 _Fran.
2013 4027 2117 4096 Rig.
2157 4036 2303 4082 totum

713 4086 867 4137 locant
888 4084 1182 4156 sic—restituit
1206 4084 1318 4156 Jun'.
1346 4087 1529 4156 Cu_m_p.
1555 4089 1605 4156 d:
1635 4104 1680 4156 v.
1705 4090 1983 4156 hominum;
2008 4084 2151 4156 teq'ue
2175 4108 2223 4142 n.
2253 4108 2300 4143 a.

712 4163 763 4219 n_.
790 4151 1009 4219 angelos.
1036 4150 1124 4219 sed
1149 4152 1364 4219 maritos,
1387 4151 1437 4199 d.
1462 4150 1495 4198 i.
1515 4165 1554 4200 s.
1578 4151 1611 4202 f.
1640 4153 1699 4219 Ii.
1718 4167 1766 4219 ᾳ.
1797 4168 1842 4203 n.
1869 4155 1986 4219 s._d.
2013 4150 2083 4206 sic
2104 4169 2302 4219 quoque

710 4213 934 4274 virgines
955 4213 1244 4276 significavit
1261 4226 1406 4276 supra
1434 4221 1588 4276 natas,
1616 4221 1662 4263 at
1687 4213 1765 4265 hic
1791 4215 1984 4278 angelis
2008 4213 2244 4281 nuptas.

2492 4039 2544 4106 ξ)
2583 4040 2743 4106 Quare
2759 4040 2909 4091 Seml.

2495 4102 2547 4172 5")
2583 4102 2700 4172 Ipsa
2715 4106 2863 4155 MSS.
2879 4113 3082 4172 _Wuuw.
3113 4106 3220 4172 ltig.

2498 4164 2546 4225 4)
2590 4164 2845 4217 Mulierem
2868 4166 3020 4217 Seml.

2494 4225 2546 4288 ὅ)
2591 4226 2743 4277 Etiam
2765 4229 2891 4281 delet
2908 4229 3060 4281 Serui.

2072 4340 2627 4406 COMMENTARIUS.

783 4478 863 4552 (a)
895 4479 953 4534 Si
982 4478 1162 4531 mulier
1191 4485 1487 4552 potestatein
1528 4477 1709 4552 habere
1733 4494 1886 4552 super
1914 4489 2067 4550 caput
2124 4481 2288 4536 debet.

2398 4485 2562 4543 facies
2615 4490 2835 4566 virginis
2883 4502 3066 4566 aperta
3117 4497 3366 4566 peccandi
3420 4501 3762 4558 occasionem
3811 4505 4008 4563 oﬂ'erre

710 4548 826 4637 Hoc
871 4560 994 4637 est",
1023 4560 1198 4602 notam
1245 4548 1555 4637 potestatis,
1587 4551 1693 4637 cui.
1731 4548 1959 4637 subjecit
1981 4548 1984 4550 ⁷
2008 4553 2286 4635 mulierem
2316 4555 2370 4614 D
2402 4572 2579 4637 posset
2627 4548 3075 4637 pulchritudinem
3095 4548 3134 4631 ,I
3158 4548 3446 4637 qii‘aiwideo

712 4621 874 4677 Deus.
939 4621 1064 4689 Ejus
1110 4633 1237 4673 vero
1283 4621 1559 4689 potestatis
1609 4629 1730 4674 nota
1760 4632 1842 4675 est
1881 4623 2122 4677 velamen
2151 4627 2295 4693 capi-

713 4692 800 4748 tis.
836 4693 952 4749 ltic.

812 4763 866 4832 li)
902 4764 1112 4832 Propter
1140 4759 1376 4832 Angelos.
1407 4760 1638 4832 Rursum
1671 4761 1770 4814 hoc
1798 4761 1862 4815 ad
1889 4779 2127 4819 errorem
2162 4765 2203 4817 Τ
2207 4783 2291 4819 er-

710 4829 1114 4903 tull.'pertinet,
1145 4829 1297 4902 cujus
1342 4831 1586 4887 meminit
1630 4847 1789 4902 supra
1832 4834 1978 4889 libris
2021 4835 2088 4890 de
2117 4835 2294 4893 Idolo-

712 4905 895 4965 Iatria,
927 4906 993 4959 de
1037 4904 1225 4958 Habitu
1257 4904 1384 4955 mul.
1439 4912 1493 4955 et
1539 4905 1606 4957 de
1645 4905 1798 4958 Cultu
1842 4905 2046 4960 ftemiu.
2078 4907 2132 4960 Β.
2168 4925 2295 4963 vero

711 4976 1027 5031 Ambrosius
1079 4975 1296 5048 angelos
1361 4974 1638 5048 episCOpos
1674 4976 2105 5048 interpretatur,
2134 4978 2293 5048 juxta

711 5047 1085 5115 Apoealypsim
1119 5043 1177 5098 ΒΖ
1204 5043 1358 5099 Joan.
1387 5043 1635 5115 apostoli.
1671 5045 1800 5099 Pan.

785 5063 910 5100 locat
955 5063 1085 5114 psim
1120 5063 1177 5098 υ.
1204 5063 1358 5099 Joan.
1387 5063 1635 5115 aposton.
1671 5063 1800 5099 ritu.

785 5116 860 5187 (e)
893 5063 1120 5183 (gnarum
1149 5117 1245 5184 ﬂos
1297 5116 1442 5168 etiam
1475 5119 1743 5168 humanam
1779 5117 2033 5171 libidiumu
2066 5131 2294 5173 excusat.

712 5187 825 5242 Hoc
845 5197 955 5248 est,
988 5199 1196 5242 recusat
1220 5203 1234 5251 ;
1257 5187 1710 5258 quemadmodum
1757 5189 1880 5241 alibi
1925 5190 2051 5243 dicit
2078 5233 2092 5255 ,
2129 5207 2294 5258 expo-

711 5275 842 5313 nere
864 5268 1062 5312 vestem
1085 5300 1098 5322 ,
1127 5257 1266 5326 quod
1295 5267 1406 5317 est,
1438 5257 1725 5326 deponere.
1760 5258 1989 5313 Excusat
2016 5257 2293 5316 libidinem

712 5330 861 5397 virgo
885 5370 898 5392 ,
929 5347 1044 5399 quin
1073 5329 1389 5399 virginitatis
1413 5342 1522 5399 sua:
1550 5327 1680 5399 ilore
1707 5329 1939 5398 gaudet,
1975 5332 2044 5384 ita
2077 5343 2134 5387 ιιι
2162 5334 2292 5387 "om

711 5401 925 5470 decet-pi
948 5397 968 5463 ἧς
997 5397 1174 5470 qualis
1199 5399 1288 5453 ille
1320 5398 1510 5452 Catulli
1540 5397 1637 5452 llos
1665 5397 1892 5455 intactus
1929 5412 1982 5456 et
2014 5402 2245 5459 illibatus
2276 5420 2292 5460 :

931 5515 1129 5576 Ignotus
1153 5513 1338 5576 pecori,
1365 5510 1499 5560 nullo
1522 5519 1752 5563 contusus
1771 5524 1948 5574 aratro,

929 5578 1018 5637 Qui
1047 5576 1258 5626 nondum
1284 5576 1447 5624 tenuis
1469 5583 1660 5638 carptus
1683 5578 1912 5626 defloruit
1934 5581 2103 5639 ungui,
2131 5585 2230 5629 etc.

712 5681 980 5738 Credibile
999 5690 1116 5746 est,
1141 5679 1310 5747 inquit
1334 5677 1690 5732 'l‘ertullianns
1713 5721 1725 5742 ,
1761 5681 1957 5735 talibus
1985 5682 2178 5748 puellis
2199 5698 2291 5737 an-

711 5756 861 5834 gelos
891 5751 1084 5834 potius,
1125 5765 1282 5821 quam
1330 5749 1605 5805 maculatis
1645 5750 1755 5820 jam
1796 5754 2107 5822 corporibus
2134 5770 2293 5809 exar-

712 5842 868 5971 ωδῗῇ
901 5824 1057 5952 [illia
1098 5908 1215 5968 ergo
1244 5891 1572 5963 adumbrari,
1606 5902 1710 5952 etc.
1742 5894 1798 5954 Id
1825 5902 1910 5955 est
1945 5895 2128 5954 velari.
2157 5895 2291 5954 Nam

2401 4629 2647 4714 urgear).
2671 4633 2738 4714 2,
2760 4633 2854 4713 III).
2879 4634 2944 4714 tu
2964 4629 3220 4714 ξῆέιῖίιέιεί
3230 4652 3449 4709 μοιχικὸν
3476 4653 3646 4704 καλλος
3675 4629 4008 4714 pulchritudo

2401 4701 2640 4756 adulterii
2669 4706 2927 4758 incitotrix
2953 4701 3164 4762 dicitur.
3202 4701 3276 4765 Le
3311 4701 3405 4766 lin.

2478 4773 2552 4854 (υ)
2584 4773 2799 4828 Natura:
2831 4779 3379 4856 jii'wjitdicjuiit_ndj_icit
3419 4784 3711 4850 Apostolus.
3745 4787 3825 4843 Ne
3857 4800 4008 4856 putet

2399 4847 2516 4926 quis
2566 4862 2748 4914 parum
2793 4847 3027 4928 attentus
3070 4850 3132 4928 Βἶ
3179 4847 3340 4928 Paulo
3385 4847 3760 4913 contradicere
3822 4847 4006 4928 Septi-

2401 4917 2564 4996 mium
2591 4933 2604 4980 ;
2639 4920 2878 4984 quamvis
2905 4921 3044 4996 enim
3087 4923 3363 4996 abundans
3388 4941 3538 4980 coma
3568 4929 3720 4996 quasi
3753 4917 4006 4987 naturale

2399 4988 2465 5070 sit
2497 4999 2867 5043 ornatt'tentutn
2893 4992 3155 5070 mulieris,
3182 4995 3517 5070 niliil__tatnen
3542 4988 3642 5052 etsi
3673 5013 4000 5070 censentur,

2401 5060 2830 5132 (quatnquammt
2858 5062 2961 5114 alin
2990 5062 3105 5116 loeti
3136 5065 3838 5132 05tetiditnus,t'onsuctudo
3865 5060 4001 5128 con;

2400 5131 2574 5208 ιιοιιινίίι⁸
2592 5130 2783 5208 fuerit)
2816 5172 2830 5194 ,
2857 5136 3082 5208 attonsis
3109 5137 3250 5189 enim
3279 5130 3485 5207 capillis
3509 5157 3720 5208 semper
3754 5146 4003 5199 velanda:

2396 5210 2517 5278 sunt
2537 5199 2800 5278 fuemunt,
2831 5203 2964 5278 adeo
2991 5215 3046 5257 ut
3077 5208 3251 5261 velum
3268 5199 3579 5278 capillorum
3610 5199 3754 5267 v'iccs
3786 5217 3999 5270 subeat.

2396 5269 2564 5394 Pittoilf
2578 5273 2629 5324 in
2635 5273 2976 5395 Pmomalibus
2999 5278 3158 5331 etiam
3188 5269 3388 5335 nostris
3411 5284 3739 5351 temporibus
3769 5269 3883 5340 fieri
3904 5269 3998 5341 so-

2418 5360 2445 5395 υ
2478 5383 2489 5395 .
2572 5359 2601 5395 Ε
2676 5359 2725 5395 κ.

2418 5350 2489 5395 et.
2523 5350 2601 5395 LE
2635 5350 2725 5395 PR.

2466 5412 2618 5467 CAP.
2648 5413 2923 5493 γωδ-(Γ)
2953 5415 3402 5495 ᾒιωοηιὶἱηυεειὶβ.
3431 5422 3512 5476 Ab
3537 5423 3997 5495 aliis,antequam

2397 5481 2544 5538 hisce
2569 5481 3014 5564 ainiotatiunculis
3044 5506 3257 5545 manum
3308 5481 3715 5552 admoveremus
3739 5537 3759 5564 ,
3808 5481 4001 5554 obses;

2397 5565 2586 5636 vatum.
2605 5557 2726 5621 vidi,
2767 5559 3033 5636 investem
3073 5576 3195 5618 esse
3241 5563 3610 5633 impuberem,
3638 5577 3691 5621 et
3737 5557 3998 5636 puberem

2398 5627 2713 5711 vesticipem
2765 5633 3206 5711 essenedueum
3239 5627 3608 5704 sigiiiticatmn'
3645 5627 3996 5711 accipiendus

2397 5695 2576 5753 forsan
2612 5698 2888 5755 Lucretius
2919 5699 3012 5756 lib.
3043 5701 3086 5758 ν
3116 5721 3128 5756 :

2647 5830 2959 5894 Impubcrem
2996 5834 3128 5886 molli
3153 5839 3427 5903 pubescere
3454 5849 3610 5894 veste.
