4220 6492
179 376 277 443 901

1249 389 1450 452 LIBER
1491 389 1578 450 DE
1619 385 2004 451 VIRGINIBUS
2040 387 2399 450 VELANDIS.

3363 388 3468 450 θοιι

175 515 266 584 qui
318 514 456 570 inter
497 510 640 570 viros
665 511 812 585 virgo
841 521 925 571 cst
958 509 1247 570 secundum
1277 510 1611 580 disciplinam
1647 531 1658 566 :
1687 509 1764 584 (a)
1796 513 1847 574 Α
1875 508 1990 566 lieri
2022 511 2072 564 iu
2089 510 2314 567 ecclesia
2329 509 2469 582 loqui
2501 504 2708 585 (lCor.
2745 507 2883 578 XIV,
2915 507 3004 578 ὄις
3045 505 3228 567 lTim.
3258 507 3321 578 Il,
3353 509 3463 581 l2),

174 623 276 660 cur
306 625 408 661 non
440 607 840 677 pratjudicatum
874 608 943 662 sit
966 605 1189 676 proinde
1217 615 1272 660 et
1301 605 1578 659 mulierem
1608 605 1770 674 virgi-

174 715 301 752 nem
351 716 565 754 atnuem
612 699 834 755 muliere
880 699 1150 754 nominata
1195 699 1458 753 eontineri
1503 697 1773 751 consertio

177 792 446 860 nominis,
477 803 534 847 ut
563 794 898 847 contineatur
921 801 976 848 et
994 791 1370 846 communione
1399 790 1553 860 legis?
1575 789 1628 844 Si
1660 789 1773 841 viro

182 885 384 940 tnulier
411 901 514 940 non
543 897 661 948 est.
693 902 793 942 nec
820 887 902 941 vir
931 887 1150 942 investis
1175 897 1275 940 est.
1313 885 1367 941 Si
1398 899 1502 938 non
1534 883 1775 952 aperitur

176 979 362 1045 virgo,
395 980 515 1048 quia
565 981 754 1034 mulier
786 995 889 1032 non
931 979 1029 1044 sit,
1058 979 1328 1047 operiatur
1368 977 1586 1032 investis
1609 1015 1624 1040 ,
1653 991 1771 1044 quia

179 1072 262 1124 vir
289 1087 393 1123 non
422 1071 508 1124 sit.
541 1071 789 1140 Ejusdem
818 1071 1133 1140 virginitatis
1157 1086 1305 1140 :cqua
1334 1071 1402 1123 sit
1431 1069 1601 1123 venia.
1627 1067 1777 1121 Sicut

179 1163 417 1233 virgines
443 1178 545 1216 non
575 1172 835 1234 coguntur
857 1163 1016 1217 velari
1043 1201 1059 1226 ,
1090 1162 1158 1215 ita
1183 1161 1328 1229 pueri
1361 1175 1462 1214 non
1489 1159 1777 1229 jubeantur

180 1257 431 1312 revelari.
464 1254 570 1311 Cur
618 1256 688 1325 (ὁ)
728 1273 790 1310 ex
839 1267 988 1324 parte
1038 1255 1400 1310 deﬁnitionem
1435 1255 1510 1324 (l)
1537 1251 1775 1322 Apostoli

177 1350 521 1420 agnoscimus
576 1348 873 1404 absolutam
905 1350 1046 1404 circa
1077 1365 1292 1405 omnem
1325 1348 1519 1416 virum,
1544 1364 1641 1404 nec
1671 1365 1776 1404 re—

179 1452 473 1496 traeiamns
520 1439 597 1512 (2)
643 1456 807 1510 quare
860 1457 964 1495 non
1011 1450 1066 1496 et
1092 1457 1312 1510 puerum
1357 1444 1682 1499 nominarit:
1713 1461 1779 1502 ex

178 1550 336 1606 parte
379 1544 557 1589 autem
606 1535 1037 1602 pra‘varicamur,
1067 1550 1218 1605 aeque
1261 1535 1504 1590 absoluta
1549 1554 1610 1592 ea
1639 1539 1780 1594 circa

178 1644 397 1683 munem
423 1628 745 1683 mulierem?
768 1626 828 1683 Si
854 1628 968 1697 quis
991 1668 1006 1693 ,
1051 1629 1219 1698 inquit
1243 1670 1256 1690 ,
1308 1631 1647 1685 contentiosa:
1676 1643 1746 1687 est
1765 1674 1779 1696 ,

177 1737 275 1775 nos
330 1721 483 1774 talem
531 1720 944 1775 consuetudinem
1010 1737 1112 1774 non
1164 1721 1425 1785 habemus,
1476 1740 1634 1790 neque
1682 1723 1785 1778 Ec-

176 1815 339 1868 etesia
386 1812 479 1866 Dei
540 1813 604 1885 (I
643 1811 762 1869 Cor.
809 1812 907 1880 VI,
941 1812 1054 1885 16).
1104 1813 1350 1869 Ostendit
1387 1819 1779 1873 contentionem

1876 603 1968 658 sed
2019 617 2117 658 nec
2165 603 2393 668 docere,
2424 617 2524 658 nec
2557 603 2819 674 tinguere,
2849 601 2928 675 (tt)
2970 619 3069 660 nec
3110 603 3304 658 otl'erre
3325 645 3338 666 ,
3370 618 3469 658 nec

1878 695 2035 749 ullius
2066 695 2232 749 virilis
2276 697 2516 750 muneris
2539 735 2554 762 ,
2580 695 2773 751 nedum
2805 695 2884 768 (5)
2918 695 3266 752 sacerdotalis
3305 693 3468 750 ollicil

1877 801 2077 844 sortem
2101 789 2390 845 vindicare.
2415 789 2726 858 Qumramus
2747 804 2814 843 an
2836 790 3033 860 aliquid
3061 789 3252 844 horum
3280 788 3469 858 virgini

1876 883 2050 939 liceat.
2081 883 2133 938 Si
2167 883 2356 953 virgini
2390 901 2493 937 non
2525 883 2647 938 licet
2679 878 2792 955 (6),
2821 886 2912 939 sed
2942 883 2994 938 in
3018 884 3262 938 omnibus
3282 881 3469 937 eadem

1877 975 2184 1032 conditione
2226 975 2528 1046 subjicitur,
2558 987 2611 1033 et
2658 978 2952 1032 necessitas
2998 976 3310 1031 humilitatis
3348 990 3469 1031 cum

1879 1067 2106 1124 muliere
2144 1079 2412 1135 censetur,
2461 1071 2600 1124 unde
2649 1069 2724 1124 illi
2760 1085 2928 1123 unum
2951 1068 3054 1123 hoc
3098 1068 3300 1134 licebit,
3330 1068 3470 1139 quod

1879 1160 2026 1215 omni
2057 1160 2290 1216 l‘mtttinze
2337 1175 2441 1215 non
2469 1161 2596 1216 licet
2621 1159 2645 1214 ἲ
2674 1160 2810 1228 Quid
2842 1161 3206 1232 prierogativte
3234 1170 3474 1216 meretur

1877 1257 2138 1311 adversus
2175 1254 2533 1310 conditionem
2577 1270 2726 1310 suam
2747 1296 2760 1320 ,
2792 1256 2836 1310 si
2868 1271 2967 1324 qua
2999 1255 3147 1324 virgo
3177 1263 3262 1309 est
3284 1295 3299 1319 ,
3323 1263 3378 1310 et
3400 1253 3474 1326 (e)

1883 1362 2101 1403 carnem
2130 1361 2278 1401 suam
2301 1345 2636 1402 sanctiﬁcare
2665 1347 2985 1418 proposuit?
3014 1346 3219 1401 Idcirco
3250 1346 3474 1401 velami-

1887 1443 1969 1495 nis
1999 1441 2150 1495 venia
2174 1439 2233 1495 ﬁt
2256 1439 2330 1493 illi
2355 1481 2368 1505 ,
2402 1449 2458 1493 ut
2510 1438 2560 1493 in
2589 1439 2868 1495 ecclesiam
2898 1439 3144 1494 notabilis
3175 1451 3226 1493 et
3255 1439 3478 1510 insignis

1889 1536 2151 1598 introeat,
2183 1536 2248 1606 (ι’)
2292 1547 2345 1588 ιιι
2374 1535 2629 1591 honorem
2655 1538 2948 1590 sanctitatis
2978 1538 3028 1592 in
3060 1537 3304 1592 libertate
3331 1536 3476 1606 capi-

1888 1627 1954 1683 tis
1981 1627 2274 1684 ostendat?
2301 1628 2478 1682 Potuit
2525 1628 2734 1699 dignius
2779 1629 3027 1686 honorari
3057 1629 3234 1700 aliqua
3267 1645 3480 1699 prauo-

1885 1724 2058 1792 gativa
2101 1720 2269 1775 virilis
2313 1731 2403 1775 aut
2446 1722 2680 1790 gradus,
2710 1730 2802 1775 aut
2841 1720 3020 1778 ofﬁcii.
3056 1722 3221 1779 Plane
3247 1726 3358 1781 scio
3383 1728 3480 1782 ali~

1887 1813 2005 1868 cubi
2035 1812 2292 1882 virginem
2326 1811 2405 1881 (ιι)
2430 1812 2481 1864 in
2509 1811 2719 1865 viduatu
2749 1812 2816 1865 ab
2845 1813 2999 1868 anuis
3032 1815 3266 1870 nondum
3298 1818 3482 1889 viginti

177 1909 417 1978 aliquam
449 1907 514 1962 de
538 1909 635 1961 ista
667 1908 845 1976 specie
873 1906 1056 1974 fuisse,
1076 1909 1141 1962 ad
1164 1925 1322 1979 quam
1347 1913 1783 1982 exstinguendam
1815 1909 1863 1971 B
1891 1907 2224 1961 collocatam.
2249 1904 2347 1958 Cui
2370 1907 2411 1958 si
2434 1905 2561 1975 quid
2587 1904 2847 1974 refrigerii
2870 1905 3124 1961 debuerat
3147 1911 3431 1982 episcOpus
3462 1955 3475 1979 ,

179 2010 298 2053 toto
323 1998 638 2068 compendio
665 2014 794 2053 usus
823 2009 906 2054 est
934 2018 946 2052 :
981 2016 1152 2069 neque
1180 2002 1436 2072 virginem
1465 2005 1748 2060 nominans
1767 2049 1780 2072 ,

181 2104 243 2146 ιιι
295 2091 604 2146 ostenderet
652 2092 1002 2146 dubitandmn
1042 2093 1108 2148 de
1138 2093 1361 2149 velanda
1397 2111 1502 2149 non
1549 2113 1704 2163 esse,
1735 2109 1790 2155 et

178 2203 398 2241 onmem
447 2186 729 2239 ntnniuans
770 2185 1046 2240 nmliercm
1073 2228 1088 2248 ,
1118 2200 1240 2240 cum
1270 2189 1594 2245 nominasset
1625 2193 1785 2262 virgi-

182 2293 332 2332 nem.
363 2277 453 2332 Sic
481 2288 534 2330 et
563 2277 659 2345 ipsi
704 2277 966 2331 Corinthii
1014 2276 1411 2334 intellexerunt.
1448 2282 1614 2338 ltodie
1638 2284 1788 2340 deni-

181 2387 292 2439 que
345 2370 574 2439 virgines
619 2385 744 2424 suas
789 2370 1051 2424 Corinthii
1104 2371 1315 2437 velant;
1357 2374 1479 2442 quid
1507 2374 1787 2433 docuerint

185 2464 454 2533 Apostoli,
484 2464 572 2534 qui
599 2462 919 2530 didicerunt,
937 2466 1295 2534 approbantes
1322 2469 1426 2539 (3).

796 2553 1024 2612 CAPUT
1063 2555 1151 2611 IX.

267 2647 553 2704 Videamus
585 2664 723 2704 nunc
747 2691 762 2715 ,
789 2664 876 2714 an,
926 2650 1060 2704 sicut
1083 2660 1286 2706 natura:
1323 2663 1376 2707 et
1406 2668 1609 2709 caussa:
1635 2673 1792 2729 argu-

190 2751 373 2796 menti
417 2742 603 2813 virgini
651 2758 859 2812 quoque
895 2753 1204 2813 competere
1237 2751 1650 2805 monstravimus
1671 2795 1684 2815 ,
1715 2754 1788 2808 ita

189 2837 354 2890 etiam
377 2835 672 2905 disciplina:
717 2836 1096 2892 ecclesiasticae
1143 2841 1448 2912 praescripta
1480 2843 1546 2898 de
1575 2846 1799 2904 muliere

193 2931 246 2984 in
279 2929 538 3000 virginem
593 2939 834 3000 spectent
879 2929 977 3003 (4).
1029 2929 1104 3003 (c)
1172 2931 1285 2989 Non
1322 2935 1647 3005 permittitur
1687 2958 1803 2995 tnu-

1891 1999 2045 2052 aliter
2077 1998 2254 2065 utique
2281 1997 2428 2050 salvo
2462 2005 2707 2066 respectu
2745 1995 3044 2065 disciplina:
3095 2010 3351 2068 priestare
3384 2020 3480 2072 po-

1894 2090 2114 2151 luisset,
2145 2105 2211 2142 ne
2253 2090 2355 2142 tale
2388 2101 2529 2142 nunc
2575 2088 2890 2142 miraculum
2914 2131 2929 2153 ,
2960 2105 3026 2145 ne
3055 2090 3281 2147 dixerim
3333 2109 3485 2149 tuon-

1893 2194 2096 2244 strum,
2137 2183 2187 2233 in
2242 2180 2478 2234 Ecclesia
2504 2170 2507 2171 ν
2529 2179 2881 2235 denotaretur
2911 2199 2922 2232 :
2956 2182 3103 2251 virgo
3155 2183 3309 2240 vidua
3336 2226 3350 2251 ,
3385 2186 3486 2241 hoc

1894 2275 2110 2346 quidem
2161 2273 2584 2341 portentuosior,
2627 2273 2768 2343 quod
2833 2288 2931 2328 nec
2977 2290 3080 2345 qua
3124 2275 3280 2331 vidua
3327 2288 3488 2349 caput

1899 2371 2028 2424 texit
2061 2385 2073 2421 :
2112 2378 2395 2436 utrumque
2421 2383 2479 2421 se
2525 2380 2754 2435 negans,
2787 2379 2840 2420 et
2871 2367 3152 2438 virginem,
3185 2385 3303 2439 quae
3334 2372 3489 2426 vidua

1896 2464 2198 2533 deputetur,
2215 2471 2269 2514 et
2293 2460 2530 2524 viduam,
2563 2474 2680 2527 qua:
2706 2459 2854 2529 virgo
2895 2459 3124 2516 dicatur.
3149 2461 3252 2519 Sed
3275 2479 3335 2519 ea
3362 2479 3491 2522 aueo

1899 2556 2111 2609 toritate
2157 2552 2265 2606 illic
2327 2550 2478 2606 sedet
2539 2551 2732 2605 intecta
2774 2551 2884 2621 (7),
2947 2568 3048 2623 qua
3090 2565 3144 2610 et
3185 2556 3353 2627 virgo.
3410 2557 3491 2612 Ad

1901 2664 2057 2720 quam
2107 2645 2289 2701 sedem
2334 2655 2529 2714 przeter
2572 2659 2740 2699 annos
2770 2646 3048 2716 sexaginta
3088 2646 3132 2720 (Ι
3164 2646 3295 2702 Tim.
3329 2648 3395 2715 V,
3431 2648 3488 2722 9)

1906 2759 2010 2799 non
2058 2752 2258 2796 tantum
2312 2740 2564 2805 univirze,
2614 2739 2666 2794 id
2697 2747 2782 2794 est
2825 2751 3006 2810 nuptte
3029 2783 3043 2806 ,
3075 2743 3361 2813 aliquando
3392 2744 3490 2800 cli-

1908 2857 2121 2920 guntur,
2156 2841 2247 2899 sed
2276 2848 2332 2897 et
2360 2849 2556 2894 matres
2579 2881 2595 2904 ,
2626 2846 2683 2893 et
2720 2837 2936 2910 quidem
2979 2840 3311 2897 educatrices
3357 2842 3493 2896 lilio-

1911 2957 2049 3004 rum,
2095 2937 2343 3000 scilicet,
2385 2943 2441 2988 ut
2483 2933 2864 3003 experimentis
2913 2933 3150 2989 omnium
3204 2933 3488 2992 aﬁ‘ectuutn

1429 3049 1805 3117 LECTIONES
1843 3051 2253 3116 VARIAN'I‘ES.

257 3160 333 3279 ξι)
371 3159 722 3210 Diﬂinitionem
746 3159 896 3242 ξεηιι.

287 3227 336 3279 2)
370 3223 715 3272 Detractanius
735 3221 888 3277 .Seml.

287 3221 336 3284 2)
370 3223 715 3272 Detractanius
735 3221 888 3277 Seml.

261 3285 337 3348 (ὅ)
372 3284 658 3348 Approbaut
678 3285 829 3348 Semt.

259 3346 335 3409 (t)
377 3346 609 3410 spectant
632 3346 780 3399 Seml.
806 3348 948 3413 Leop.
988 3347 1111 3412 forte
1147 3351 1369 3412 spectant
1400 3361 1514 3405 Jun.

1965 3171 2038 3234 (5)
2074 3168 2149 3218 Ne
2168 3166 2268 3234 duo
2286 3161 2931 3234 sacerdotalisiomciiﬂb'en‘tl.

1966 3225 2040 3292 (ὃ)
2073 3233 2126 3281 Si
2151 3228 2324 3292 virgini
2350 3225 2620 3292 non_liceat
2641 3225 2728 3274 sed
2750 3225 2901 3275 Scott.

1967 3244 2017 3290 lli
2073 3244 2126 3281 δι
2151 3244 2324 3292 Vtrglm
2355 3244 2448 3274 uou
2475 3244 2620 3275 ttceat
2641 3244 2728 3274 seu
2750 3244 2901 3275 oena.

1967 3244 2040 3360 (7i
2075 3293 2312 3346 Contexta
2336 3285 2485 3339 Seml.
2525 3288 2648 3351 forte
2673 3301 2766 3338 non
2793 3297 2930 3340 texta
2966 3288 3120 3342 Latin.

1557 3461 2116 3522 COMMENTARIUS.

274 3593 352 3666 (a)
391 3591 494 3650 Cur
514 3610 614 3669 non
657 3595 1040 3669 prejudicatum
1066 3595 1162 3661 sit,
1193 3607 1300 3669 etc.
1330 3597 1509 3669 Pergit
1539 3601 1589 3655 in
1618 3618 1683 3658 eo
1712 3619 1802 3658 aro

194 3667 549 3738 gnntenutndi
575 3665 763 3731 modo,
781 3682 887 3734 quo
912 3678 1168 3736 perpetuo
1192 3667 1276 3722 hic
1299 3665 1482 3738 utitur;
1507 3682 1564 3726 ιιι
1584 3675 1808 3730 mulieris

197 3753 402 3793 nomen
447 3737 514 3792 de
547 3738 764 3812 _virg_ine
808 3751 870 3791 ac
916 3738 1108 3791 marito
1158 3739 1441 3810 conjuncta
1471 3737 1799 3812 promiscue

198 3819 515 3879 usurpetnr.
546 3807 623 3863 La
663 3808 757 3863 Pa.

279 3881 360 3957 (ιι)
385 3880 466 3935 Ea:
486 3892 628 3957 parte
650 3880 991 3957 deﬁnitionem
1007 3879 1258 3957 Apostoli.
1278 3881 1636 3950 Quamobrem
1663 3889 1801 3957 parti

202 3952 300 4025 uni
343 3950 598 4025 praecepti
655 3951 793 4025 illius
841 3950 1019 4025 potius
1073 3950 1360 4025 hereticus
1413 3971 1571 4025 quam
1624 3950 1801 4013 alteri.

195 4022 337 4096 Cum
374 4022 516 4076 enim
545 4022 725 4096 Δριιιιιὶρ
759 4023 938 4074 mulier
984 4022 1238 4096 scripsit,
1277 4022 1668 4096 cujuscumque
1711 4045 1805 4096 ge-

200 4095 354 4150 neris
374 4136 390 4161 ,
422 4091 746 4148 conditionis
767 4134 782 4156 ,
811 4101 866 4146 et
893 4091 1066 4146 aetatis
1095 4091 1799 4166 {annuascomprehendit.

1470 4167 1546 4223 Ls
1569 4168 1662 4224 Pa.

281 4235 512 4310 CAPJX
523 4236 684 4310 .--(c)
695 4233 816 4290 Non
833 4237 1139 4304 permittitur
1153 4238 1350 4310 ntulieri
1362 4240 1413 4292 in
1428 4241 1634 4294 ecclesia
1648 4241 1804 4310 loqui.

199 4307 445 4364 ﬂoribus
459 4309 693 4363 romanis
712 4318 984 4376 receptum
999 4318 1100 4370 est.
1123 4321 1175 4362 ut
1195 4309 1427 4365 {millium
1453 4307 1806 4367 civililius'ol-

202 4379 348 4436 ﬁciis
378 4395 482 4432 non
513 4378 834 4450 fungantur;
864 4393 968 4432 non
1000 4381 1121 4448 quia
1150 4394 1254 4434 non
1293 4380 1488 4435 habent
1512 4380 1804 4450 judicium,

203 4451 306 4506 sed
331 4465 400 4506 ne
427 4459 613 4504 eontra
658 4449 912 4519 pudorem
954 4451 1104 4505 sexui
1135 4449 1522 4520 cinigruentetu
1560 4453 1809 4510 virilibus

202 4521 492 4594 oﬂiciisise
513 4522 861 4576 immisceant.
883 4521 1166 4590 Propterea
1190 4519 1314 4594 vero
1342 4519 1574 4578 Ecclesia
1600 4540 1809 4594 quoque

1911 3600 2250 3674 sacriﬁcare;
2294 3599 2434 3668 quod
2481 3600 2567 3674 vix
2615 3600 2992 3659 admitterem:
3031 3603 3158 3674 quid
3212 3606 3354 3660 enim
3397 3607 3500 3664 sibi

1913 3673 2024 3727 vult
2049 3671 2531 3739 illainterpretatio
2553 3711 2569 3735 ,
2602 3686 2721 3741 qua:
2750 3674 2961 3729 mulieri
2984 3671 3198 3729 ιιιῐςεειιιι
3229 3678 3502 3736 celebrare

1910 3760 2014 3798 nou
2048 3742 2364 3815 permittit?
2393 3744 2512 3815 quis
2543 3757 2770 3812 unquam
2804 3747 3085 3814 permisit?
3113 3745 3314 3815 Offerre
3344 3751 3499 3808 intel-

1909 3815 1994 3885 ligi
2027 3814 2184 3868 debet
2214 3812 2282 3870 de
2313 3813 2448 3866 votis
2477 3825 2530 3867 et
2555 3812 2908 3871 orationibus.
2951 3818 3029 3872 Le
3073 3812 3169 3873 Pn.

1980 3885 2058 3958 (e)
2097 3886 2312 3940 Carnem
2363 3901 2507 3961 suum
2536 3886 2894 3961 sancti/icore.
2919 3888 3056 3961 Infra
3077 3933 3092 3955 ,
3126 3890 3304 3961 Ipsam
3346 3904 3499 3949 natu-

1908 3956 2020 4036 ram
2051 3972 2364 4036 consecrare.
2401 3956 2523 4036 Haec
2552 3967 2729 4036 autem
2759 3959 2898 4028 apud
2929 3956 3190 4036 Isidorum
3233 3964 3499 4036 leguntur.

1910 4027 2434 4102 s_ed_absurdis_sime
2474 4028 2525 4082 in
2568 4029 2728 4083 alium
2774 4027 2990 4086 Sensum
3036 4027 3420 4102 dctortaflib.
3459 4037 3504 4093 Il

1912 4099 1980 4154 de
2010 4096 2164 4152 Ol'tic.
2195 4099 2326 4152 eccl.
2358 4096 2478 4152 Rte.
3255 4096 3266 4102 '
3495 4142 3499 4145 .

1984 4170 2046 4240 (t)
2069 4167 2156 4247 ‘(lt
2188 4169 2434 4247 honorent
2466 4169 2754 4247 sanctitatis
2797 4172 2860 4247 in,
2879 4174 3107 4247 libertate
3130 4178 3312 4247 capitis
3337 4191 3504 4234 osten-

1912 4238 2000 4320 dat
2023 4238 2088 4311 Υ)
2120 4240 2188 4320 Ita
2231 4241 2577 4320 dictitabant.
2607 4243 2696 4310 qui
2725 4238 3352 4320 devirgitiitategloriam
3383 4265 3504 4320 eap-

1915 4313 2095 4367 tabant
2142 4311 2462 4376 humanam,
2518 4311 2652 4367 bona
2715 4311 2921 4370 ratione
2967 4311 3159 4372 iactatu
3198 4321 3295 4375 sibi
3341 4311 3506 4378 fuisse

1913 4384 2191 4438 velaminis
2219 4384 2423 4437 veniam
2456 4400 2473 4447 ;
2501 4398 2672 4454 neque
2703 4386 2801 4439 sibi
2835 4388 3002 4442 fraudi
3026 4399 3118 4443 aut
3143 4391 3356 4446 invidia:
3384 4409 3504 4449 eSse

1913 4455 2110 4530 debere
2138 4455 2313 4530 datam
2340 4455 2605 4530 sanctitati
2641 4458 3050 4530 pmrogativam.
3079 4461 3165 4516 Sic
3188 4463 3330 4516 euitn
3363 4463 3504 4530 ﬁeri,

1915 4539 1970 4580 ιιι
2002 4525 2206 4580 honore
2234 4527 2334 4579 isto
2361 4526 2662 4594 conspicua:
2689 4539 2742 4580 et
2781 4528 3046 4598 insignes,
3079 4547 3198 4586 cum
3251 4535 3299 4587 in
3332 4525 3508 4590 ercle;

203 4594 280 4679 ab
310 4592 886 4679 virilibusmuneribus
918 4593 1294 4679 Δτιιιιιοξριιιιςις»
1338 4597 1562 4679 censuit.
1598 4592 1808 4679 Etenim
1835 4615 1887 4674 Ι)
1914 4598 2371 4679 sianrintrarent,
2398 4592 2628 4679 caeteras
2664 4597 2731 4679 ad
2771 4592 2912 4668 Opus'
2945 4592 3081 4679 idem
3113 4605 3508 4662 sanctiﬁcaudie

205 4664 456 4736 Apostoli
483 4664 667 4736 edicto
697 4668 1002 4718 continetur
1028 4682 1048 4736 γε
1084 4663 1324 4717 Mulieres
1351 4666 1401 4718 in
1439 4666 1645 4720 ecclesia
1672 4668 1807 4736 loqui

206 4737 353 4790 nolo.
379 4733 528 4807 Quod
559 4734 780 4807 verbum
805 4775 820 4798 ,
846 4750 964 4807 cum
993 4735 1057 4788 sit
1083 4737 1334 4805 generale
1356 4777 1370 4800 ,
1400 4733 1811 4807 comprehcndit

206 4807 394 4861 omnia
447 4806 652 4870 virilia,
683 4808 734 4860 in
782 4805 976 4876 quibus
1023 4817 1148 4860 sunt
1193 4817 1246 4861 et
1284 4805 1657 4863 sacerdotalia.
1693 4810 1806 4864 Non

207 4878 544 4949 permittitur
565 4876 770 4930 mulieri
797 4877 846 4931 in
893 4876 1118 4949 ecclesia
1146 4878 1321 4946 loqui;
1353 4888 1475 4949 puta
1501 4895 1596 4935 nec
1625 4882 1808 4936 scisci-

208 4947 358 5013 tari,
389 4964 488 5003 nec
516 4947 829 5016 disputare:
867 4963 988 5002 nam
1029 4947 1145 5003 haec
1188 4947 1417 5004 virilium
1461 4963 1582 5005 sunt
1625 4968 1811 5007 inunc-

208 5035 336 5076 rum
358 5062 374 5085 ,
406 5029 460 5074 et
485 5019 612 5072 viris
640 5028 842 5073 tantum
873 5021 1249 5089 conceduntur
1305 5020 1411 5075 Sed
1440 5036 1538 5075 nec
1572 5022 1766 5078 docere
1793 5066 1807 5089 ,

211 5092 589 5162 necitinguere
611 5131 627 5152 ,
683 5105 780 5145 nec
802 5088 1002 5162 oll‘erre
1033 5110 1049 5146 :
1078 5108 1196 5162 qua:
1225 5105 1355 5145 sane
1379 5101 1502 5146 sunt
1527 5094 1702 5149 ofﬁcia
1734 5088 1813 5149 sa-

211 5161 474 5227 cerdotis,
497 5176 589 5216 seu
624 5161 864 5230 pra-sidis
881 5202 896 5226 ,
917 5169 1010 5232 aut
1036 5161 1300 5232 priepositi
1326 5164 1586 5221 ecclesiae.
1613 5167 1814 5219 Auctor

211 5234 584 5300 Qumstionum
615 5247 679 5287 ex
729 5235 896 5288 veleri
938 5231 1083 5287 Test.
1117 5275 1134 5301 ,
1180 5245 1368 5303 quaest.
1418 5234 1523 5299 45,
1585 5246 1714 5290 ιοιιι.
1745 5235 1811 5291 ιν

213 5306 321 5374 υρ.
353 5305 600 5374 August.,
628 5303 914 5358 abSurdum
965 5304 1037 5357 ait
1075 5319 1194 5360 esse
1235 5305 1413 5360 dicere
1439 5348 1452 5371 ,
1481 5308 1685 5361 mulieri
1715 5307 1814 5361 da-

217 5388 334 5449 tum
351 5390 491 5441 esse,
519 5387 570 5429 ut
603 5376 1048 5449 quetnadmodum
1073 5377 1173 5449 vir.
1191 5378 1269 5430 sic
1296 5385 1350 5430 et
1378 5377 1485 5444 ipsa
1519 5377 1693 5449 imago
1723 5380 1812 5432 llei

217 5448 294 5504 sit
326 5448 634 5503 dominandi
673 5447 826 5518 jure:
865 5447 1129 5514 Quomodo
1156 5449 1288 5503 enim
1323 5458 1483 5517 potest
1519 5449 1581 5500 de
1607 5447 1816 5503 muliere

216 5520 325 5572 dici
352 5563 366 5584 ,
395 5535 511 5587 quia
549 5516 715 5590 imago
744 5516 853 5590 Dei
899 5530 1004 5584 est,
1030 5535 1183 5588 quam
1228 5516 1425 5572 constat
1467 5521 1690 5590 dominio
1719 5522 1813 5574 viri

217 5593 540 5660 subjectum,
566 5600 613 5642 et
643 5588 837 5643 nullam
877 5592 1223 5644 auctoritatem
1265 5591 1445 5643 habere
1465 5591 1490 5643 Ρ
1518 5588 1629 5644 Nec
1676 5593 1811 5644 enim

219 5665 407 5718 docere
437 5670 596 5728 potest
621 5703 634 5723 ,
662 5677 754 5714 nec
777 5662 912 5714 testis
950 5678 1088 5724 esse,
1120 5678 1276 5732 neque
1313 5661 1465 5728 ﬁdem
1495 5663 1689 5725 dicere,
1724 5679 1812 5715 ne-

221 5751 322 5806 que
359 5733 628 5806 judicare;
647 5742 836 5806 quanto
864 5735 1029 5806 magis
1054 5749 1154 5786 non
1192 5742 1382 5806 potest
1393 5735 1644 5806 imperare
1666 5733 1686 5786 .'
1717 5732 1821 5788 De-

227 5802 431 5874 inique,
461 5803 673 5858 mulieri
718 5817 822 5857 non
868 5805 1242 5872 permittuntur
1281 5802 1454 5858 civilia
1502 5819 1601 5859 nec
1645 5806 1818 5860 virilia

223 5890 455 5933 numera
486 5916 502 5939 ,
534 5874 705 5931 multo
728 5883 905 5929 autem
936 5876 1110 5930 minus
1144 5874 1513 5932 sacerdomlia.
1555 5875 1676 5932 Rte.

303 5947 384 6024 (d)
425 5944 535 6002 Nec
557 5945 756 6016 οπερ-νε.
785 5944 913 6004 Post
935 5945 1250 6004 ltbenanutn
1292 5946 1558 6004 Pamclius
1590 5948 1821 6020 explicat

1915 4669 2092 4747 carnis
2124 4669 2496 4747 sollicitarent.
2525 4668 2629 4747 sled
2663 4671 2897 4747 ineptum
2931 4673 3037 4747 illis
3060 4684 3178 4730 esse
3204 4678 3508 4747 liujusmmli

1917 4739 2174 4816 honorem
2220 4740 2495 4816 contendit
2539 4739 2916 4816 Tertulliauus.
2956 4745 3143 4816 Atque
3190 4748 3240 4801 id
3276 4739 3510 4804 revincit

1915 4813 2206 4888 propositis
2253 4810 2747 4888 honorihuaaliis;
2778 4810 3069 4888 majoribus
3121 4819 3378 4888 quidem,
3413 4823 3508 4875 sed

1919 4881 2108 4961 virgini
2145 4884 2309 4961 magis
2347 4881 2521 4935 adhuc
2559 4881 2792 4961 ineptis;
2826 4881 3030 4961 potuit,
3065 4881 3231 4959 inquit
3255 4931 3271 4955 ,
3298 4881 3509 4961 dignius

1917 4952 2169 5008 honorari
2215 4954 2388 5077 aliqua
2442 4956 2788 5022 praerogativa
2829 4952 3002 5010 virilis
3041 4952 3151 5014 aut'
3178 4952 3382 5031 gradus
3418 4970 3511 5018 aut

1917 5024 2100 5077 olﬁcii.
2129 5023 2260 5077 Nam
2325 5039 2420 5077 nec
2450 5039 2542 5077 ner
2567 5025 2804 5077 derismn
2833 5027 2933 5077 dici
2957 5041 3179 5077 annamt
3208 5048 3272 5077 ex
3304 5048 3509 5077 ιιηνιιρ-

1916 5024 2100 5103 otﬁcii.
2129 5023 2274 5103 Nam.
2307 5023 2420 5078 lucc
2450 5039 2542 5103 per
2567 5025 2810 5103 derisum
2833 5027 2934 5103 dici
2957 5023 3274 5099 apparetvex
3304 5048 3509 5103 praece-

1916 5095 2198 5172 dentibus:
2223 5093 2340 5172 Non
2373 5096 2672 5172 perungitur
2687 5099 2885 5152 mulieri
2909 5093 3130 5172 muneris
3152 5093 3505 5172 ullitts'virilis,

1920 5167 2103 5221 nedum
2130 5166 2456 5220 sacerdotalis
2487 5165 2633 5236 officii
2662 5178 2846 5222 sortem
2874 5171 2969 5223 sibi
2989 5174 3259 5229 vindicare.
3292 5174 3420 5231 Item
3444 5165 3508 5232 ex

1919 5238 2262 5311 sequentibus
2304 5239 2457 5291 istis:
2490 5239 2628 5291 Adeo
2658 5240 2786 5293 nihil
2827 5243 3009 5311 virgini
3051 5245 3119 5296 ait
3159 5247 3400 5301 honorem
3447 5251 3510 5303 de

1918 5309 2356 5386 locopertnissttitt
2383 5318 2481 5386 est,
2510 5311 2598 5386 sed
2621 5311 2796 5386 necde
2822 5309 3070 5380 aliquibus
3101 5316 3398 5386 insignibus.
3441 5351 3512 5361 ~—

1927 5378 1992 5433 Ut
2039 5381 2278 5458 honorem
2306 5381 2608 5436 sanctitatis.
2660 5378 2916 5448 Isidorus,
2953 5378 3512 5458 honorem'sancti/icati

1921 5468 2163 5506 corporis.
2200 5450 2320 5506 RIG.

1997 5469 2163 5502 ")Orts.
2200 5469 2320 5506 tuo.

1997 5469 2072 5594 (ε)
2110 5519 2176 5574 In
2221 5521 2440 5601 viduam
2467 5523 2812 5601 collocatam.
2857 5526 3056 5601 Nempe
3103 5531 3170 5586 ab
3227 5533 3506 5601 episeopo;

1926 5592 2058 5664 dixit
2076 5604 2253 5646 autem
2275 5635 2288 5656 ,
2310 5593 2360 5645 in
2393 5593 2633 5650 riduatu.
2660 5592 3104 5664 quemadmodum
3131 5604 3180 5656 in
3204 5592 3506 5658 iliaci-natu:

1923 5663 2078 5739 Unde
2108 5664 2373 5739 colligitur
2411 5664 2461 5717 in
2496 5663 2727 5720 Ecclesia
2777 5682 2900 5722 tttne
2935 5679 3188 5739 temporis
3218 5675 3508 5728 christiana

1922 5734 2162 5813 ordinem
2192 5736 2302 5789 sive
2332 5736 2779 5813 hmini-enituisse
2812 5734 3108 5813 viduarum.
3155 5743 3332 5813 Itaque
3371 5747 3459 5800 lib.
3488 5746 3508 5803 ι

1923 5806 1991 5860 ad
2035 5805 2285 5884 Uxorem,
2310 5806 2519 5884 viduam
2543 5809 2711 5879 adlegi
2742 5811 2792 5864 in
2814 5810 3079 5884 ordinem,
3106 5817 3204 5869 nisi
3229 5805 3508 5884 tiniviratn,

1927 5893 2034 5932 non
2067 5877 2331 5932 concedit.
2367 5877 2553 5933 Postea
2595 5877 2721 5934 vero
2746 5897 2844 5937 nec
2874 5883 3010 5937 ullas
3031 5877 3246 5948 quidem
3274 5877 3512 5948 ordinari

1922 5948 2380 6020 placuitconciliis
2401 5950 2726 6007 Arausicano
2751 5953 2766 6008 l
2793 5995 2807 6020 ,
2839 5963 2890 6011 et
2920 5953 3242 6027 Epaonensi.
3265 5958 3386 6017 Ilia.
