4220 6492
733 391 838 449 903
2158 384 2613 444 TEIlTULLlANI

721 516 940 565 structa:
962 550 975 575 ,
1001 507 1154 564 facile
1197 506 1375 563 norint
1419 514 1645 562 czeteras
1674 513 1729 561 et
1776 505 1999 560 consilio
2038 516 2094 560 et
2135 503 2325 559 solatio
2353 503 2403 563 Λ
2430 512 2606 559 autem
2636 503 2766 558 nihil
2799 504 3055 568 masculo,
3087 504 3255 559 multo
3284 504 3455 576 magis
3484 507 3745 563 licinium.

714 601 937 672 juvare,
965 611 1019 658 et
1063 612 1117 657 ut
1154 601 1504 657 nihilominus
1525 616 1586 657 ea
1614 600 2012 656 decueurrerint
2038 642 2052 663 ,
2084 614 2179 670 per
2203 613 2321 666 qua:
3036 595 3261 651 CAPUT
3320 596 3407 650 XI.

721 692 936 750 fmmina
967 695 1175 765 probari
1204 703 1397 765 potest.
1424 695 1574 751 Adeo
1600 693 1728 749 nihil
1754 693 1944 764 virgini
1970 692 2036 749 ad
2064 692 2320 748 honorem
2500 688 2604 743 Sed
2637 688 2781 756 quod
2812 704 2971 758 supra
3005 688 3407 754 intermisimus,
3440 706 3504 745 ex
3543 702 3692 761 parte
3731 689 4037 744 subsecuta:

730 786 947 843 deloco
976 788 1294 859 permissum
1318 794 1420 843 est.
2426 780 2821 850 disputationis,
2876 798 2942 837 uc
2986 783 3368 837 colurrcutiam
3410 785 3528 853 ejus
3579 784 4035 854 dispergere-nim,

1368 880 1592 937 CAPUT
1633 881 1699 936 Χ.
2436 891 2576 928 nunc
2600 890 2863 944 responso
2894 891 3278 945 expungetnus.
3335 875 3433 931 Ubi
3473 879 3614 932 enim
3641 878 3872 947 gradum
3922 876 4036 927 Ii\i-

793 972 884 1028 Sic
914 988 1013 1028 nec
1042 972 1109 1028 de
1135 972 1401 1042 aliquibus
1436 974 1752 1043 insignibus.
1784 974 2053 1029 (la-ternm
2088 974 2217 1027 satis
2237 973 2322 1026 in-
2434 983 2551 1022 inus
2579 968 2647 1021 dc
2679 970 2919 1038 Apostoli
2956 970 3200 1023 absoluta
3229 970 3563 1035 definitione,
3597 987 3817 1025 onmem
3847 970 4037 1023 mulir-

722 1062 1011 1119 Itutnauum
1035 1107 1047 1129 ,
1082 1066 1124 1117 si
1168 1063 1402 1119 fonninre
1446 1065 1658 1135 quidem
1696 1080 1790 1135 per
1837 1066 2013 1119 omnia
2047 1065 2173 1119 viris
2200 1064 2321 1117 sub-

2442 1074 2550 1113 Ictu
2574 1060 2733 1113 etiam
2757 1061 3126 1114 οιιιιιὲεςιειςιῑίς
3157 1060 3626 1132 iutclligeudam(l
3666 1063 3811 1125 Con,
3838 1060 3928 1123 .\'l,
3964 1061 4037 1125 Si).

726 1156 851 1211 dit:e
878 1198 891 1217 ,
920 1157 1293 1226 liouotigcram
1320 1166 1496 1210 notam
1524 1157 1842 1226 virginitatis
1868 1173 1981 1211 sua:
2010 1156 2317 1225 pra-ferant,
2442 1154 2755 1222 re>ponderi
2788 1171 2852 1207 ex
2896 1155 3115 1208 diveiso
3143 1154 3393 1221 habebat,
3449 1172 3577 1227 ergo
3605 1172 3634 1209 a
3665 1156 3952 1209 nativitate
3992 1166 4040 1207 ct

728 1264 831 1319 qua
866 1250 943 1318 (Ι)
973 1248 1331 1318 suspiciantur
1367 1259 1420 1302 et
1458 1248 1958 1317 circumspiciaotur
1983 1259 2035 1301 et
2078 1246 2321 1315 magmli-
2427 1258 2454 1295 a
2516 1246 2687 1313 prium
2728 1247 2944 1300 nomine
3000 1246 3176 1300 a-tatis
3220 1248 3481 1315 virginem
3531 1248 3729 1317 operiri
3762 1258 4039 1315 oportere.

723 1351 913 1395 cuntur
941 1358 968 1395 a
1003 1342 1252 1396 fratribus
1272 1384 1287 1406 ,
1323 1342 1418 1395 \iri
1448 1351 1623 1396 autem
1659 1352 1735 1396 tot
1764 1344 1998 1411 virgines
2027 1384 2039 1406 ,
2075 1351 2151 1396 tot
2189 1357 2322 1410 spa—
2434 1343 2547 1397 Non
2583 1345 2650 1397 ita
2679 1353 2761 1397 cst
2793 1352 2996 1407 autem,
3031 1344 3122 1398 sed
3156 1360 3219 1398 ex
3247 1360 3351 1414 quo
3377 1360 3436 1399 se
3465 1344 3762 1414 intelligere
3791 1345 4041 1411 coeperit,

722 1431 891 1488 dones
923 1430 1238 1495 voluntarii,
1269 1448 1413 1487 careo
1443 1433 1581 1487 liouo
1610 1449 1707 1487 suo
1754 1434 2040 1497 incedant,
2071 1438 2199 1490 nihil
2229 1455 2320 1507 ge-
2427 1448 2474 1492 et
2520 1452 2741 1491 censum
2792 1446 2997 1491 natura:
3039 1452 3149 1490 sua:
3206 1438 3425 1498 intrare,
3467 1446 3517 1491 et
3562 1436 3632 1491 de
3686 1434 3913 1504 virginis
3969 1436 4044 1501 (ί)

728 1536 966 1591 stantes,
998 1526 1138 1596 quod
1186 1535 1235 1580 et
1286 1526 1428 1595 ipsos
1490 1526 1685 1581 facoret
1736 1526 1991 1580 illustres.
2044 1528 2325 1587 Debebunt
2427 1530 2611 1591 exire,
2641 1538 2694 1583 et
2745 1530 2850 1597 pati
2885 1544 3078 1582 novum
3129 1528 3253 1583 illud
3301 1527 3442 1599 qttod
3472 1528 3690 1583 alterius
3718 1530 3900 1580 :ctatis
3944 1534 4042 1578 est.

725 1619 967 1673 etiamet
998 1617 1095 1686 ipsi
1133 1618 1306 1687 aliqua
1335 1617 1433 1671 sibi
1487 1618 1711 1687 insignia
1763 1618 2087 1684 defendere,
2118 1632 2207 1674 aut
2239 1622 2319 1691 (:2)
2428 1624 2559 1678 Nam
2612 1633 2666 1677 et
2714 1623 2978 1693 principes
3037 1624 3251 1693 generis
3298 1622 3464 1675 Adam
3524 1632 3574 1674 et
3607 1621 3714 1675 Eva
3740 1620 3898 1691 (Cen.
3936 1620 3975 1671 ll
4012 1620 4044 1677 l.

724 1725 927 1782 pennas
970 1710 1349 1766 Garamantum
1376 1752 1391 1775 ,
1424 1719 1513 1764 aut
1545 1712 1619 1780 (ιι)
1668 1710 1938 1779 stropulos
1983 1712 2061 1775 (5i
2122 1714 2319 1770 liarba-
2428 1715 2678 1785 quamdiu
2712 1716 2981 1769 intellectu
3021 1714 3294 1779 carebant,
3321 1714 3447 1767 nudi
3480 1713 3710 1784 agebant
3767 1712 3931 1785 (ficu.
3962 1713 4044 1783 ll).

724 1821 903 1861 rerum
932 1846 944 1867 ,
978 1815 1067 1858 aut
1094 1802 1169 1875 (b)
1201 1804 1414 1859 cicadas
1461 1805 1905 1870 Atheniensium,
1958 1815 2049 1859 aut
2096 1808 2167 1875 (ι’)
2218 1808 2320 1862 cir-
2430 1810 2491 1859 At
2528 1807 2614 1860 ubi
2662 1808 2729 1861 ile
2775 1807 2966 1862 arbore
3001 1807 3287 1877 agnitionis
3343 1814 3712 1875 gustaverunt,
3743 1803 3883 1859 nihil
3944 1807 4049 1874 pri-

724 1912 813 1951 ros
856 1895 1242 1951 Germanorum
1269 1938 1283 1959 ,
1313 1905 1405 1949 aut
1447 1895 1525 1964 (tl)
1578 1899 1824 1967 stigmata
1878 1896 2153 1951 Britomuu
2184 1920 2193 1952 :
2231 1912 2320 1954 aut
2354 1901 2396 1959 ll
2428 1916 2569 1952 tuum
2612 1908 2895 1954 sensi-runt
2934 1914 3094 1967 quam
3141 1896 3591 1953 erubescendum.
3625 1897 3805 1965 Itaque
3839 1896 3925 1965 (δῖ
3969 1914 4045 1950 siti

724 2006 788 2044 ex
842 1990 1055 2045 diverso
1108 1990 1228 2052 ﬁat,
1264 1992 1439 2059 capite
1490 1992 1648 2045 velati
1712 1992 1761 2044 iu
1815 1994 2038 2046 ecclesia
2095 1994 2313 2048 lateant.
2421 1994 2617 2062 quique
2644 2006 2803 2046 sexus
2836 1991 3161 2045 intellectum
3212 1990 3446 2059 tegmine
3470 1996 3820 2042 notaverunt.
3856 1987 3968 2043 Sed
3998 1996 4046 2039 rt

729 2080 873 2135 Curti
928 2098 1110 2135 smnus
1176 2081 1432 2152 Spiritum
1505 2083 1761 2137 Sanctum
1825 2086 1995 2153 magis
2069 2087 2316 2141 masculis
2421 2090 2463 2140 si
2499 2095 2718 2155 propter
2744 2086 2961 2155 angelos
2990 2082 3211 2139 velanda
3236 2092 3340 2148 est,
3369 2082 3483 2135 sine
3502 2081 3665 2135 dubio
3695 2082 3763 2134 ab
3792 2096 3856 2134 ea
3887 2091 4047 2134 a-tate

726 2174 828 2229 tale
886 2173 1081 2244 aliquid
1147 2175 1484 2230 subscribere
1538 2178 1774 2245 potuisse
1802 2220 1815 2240 ,
1848 2179 1891 2230 si
1925 2180 2156 2234 l'onninis
2192 2181 2316 2233 sub-
2423 2178 2503 2232 lex
2530 2178 2807 2233 velaminis
2834 2177 3163 2245 operabitur,
3190 2190 3343 2243 aqua
3380 2182 3666 2244 potuerunt
3698 2173 3824 2225 lilia:
3867 2174 4044 2225 homi-

726 2267 1068 2337 scripsisset,
1106 2281 1227 2320 cum
1276 2280 1469 2338 pneter
1513 2284 1671 2324 sexus
1715 2269 2117 2334 auctoritatem,
2147 2273 2309 2325 etiam
2424 2289 2549 2327 num
2594 2272 3083 2340 com-upisecntiam
3136 2270 3216 2323 sui
3264 2267 3553 2329 adducere,
3613 2276 3668 2321 et
3712 2268 3797 2335 (υ)
3831 2269 4047 2335 nuptias

726 2359 890 2427 ipsius
940 2359 1284 2413 continentic
1334 2361 1548 2415 nomine
1600 2361 1871 2414 masculos
1922 2360 2100 2429 potius
2152 2362 2317 2415 liono-
2424 2367 2549 2434 pati.
2590 2365 2663 2417 lix
2695 2364 2786 2417 illo
2814 2363 2955 2417 enim
3007 2362 3154 2431 virgo
3197 2360 3417 2421 de~init,
3447 2375 3511 2412 ex
3563 2374 3670 2423 quo
3701 2367 3885 2427 potest
3938 2376 4041 2409 non

726 2450 831 2505 rari
907 2452 1277 2520 Oportuissct;
1330 2467 1557 2520 quorum
1620 2462 1821 2522 quanto
1886 2468 2048 2507 sexus
2115 2454 2318 2508 avidior
2424 2472 2565 2511 esse.
2602 2454 2915 2523 Etideot'h)
2950 2468 3114 2523 penes
3160 2451 3323 2506 Israel
3361 2451 3603 2504 illicitum
3660 2450 3837 2504 estad
3872 2452 4045 2502 virtuti

725 2554 778 2601 et
832 2545 1055 2599 calidior
1108 2545 1160 2599 lu
1214 2543 1492 2609 immittas,
1528 2554 1673 2599 tanto
1719 2546 2045 2600 continentia
2104 2548 2321 2613 majoris
2426 2550 2655 2609 tradere,
2684 2548 2780 2603 nisi
2804 2557 2921 2619 post
2951 2556 3300 2601 contestatam
3329 2545 3587 2615 sanguine
3640 2544 4040 2597 maturitatem:

725 2635 933 2691 ardoris
960 2636 1500 2707 laboratior,ideoque
1526 2636 1735 2705 dignior
1755 2639 1898 2692 omni
1926 2641 2314 2693 osteulalione:
2430 2644 2497 2696 ita
2538 2652 2662 2696 ante
2693 2641 2833 2697 hunc
2884 2640 3114 2693 indicem
3169 2637 3357 2692 acerba
3392 2652 3479 2691 res
3506 2646 3607 2690 est.
3642 2634 3809 2705 Igitur
3836 2635 3882 2688 si
3916 2648 4046 2687 tani'

724 2730 771 2785 si
799 2731 1106 2796 ostentatio,
1161 2730 1479 2801 virginitatis
1522 2742 1604 2785 cst
1652 2731 1901 2801 dignitas.
1932 2730 2047 2785 Non
2082 2733 2223 2786 enim
2266 2742 2320 2787 et
2424 2734 2513 2789 ditt
2557 2734 2721 2802 virgo,
2759 2732 3010 2800 quauuliu
3040 2730 3228 2785 acerba
3267 2740 3368 2793 est,
3397 2728 3599 2783 desiuit
3631 2728 3896 2797 virginem
3924 2745 4043 2779 cum

726 2824 1051 2878 continentia
1082 2824 1365 2894 virginitati
1413 2824 1652 2887 antistat,
1700 2826 1812 2879 sive
1857 2824 2159 2889 viduorum,
2207 2826 2320 2881 sive
2427 2836 2635 2880 matura
2670 2824 2749 2893 ((3)
2790 2823 3128 2894 cognoscitur
3150 2864 3164 2886 ,
3197 2832 3251 2877 et
3278 2832 3334 2875 ut
3361 2838 3466 2875 non
3500 2822 3648 2890 virgo
3676 2821 3789 2889 jam
3823 2821 3926 2889 legi
3958 2840 4044 2888 ap-

729 2916 817 2985 qui
865 2930 933 2969 ex
985 2929 1250 2969 consensu
1292 2914 1365 2985 (τι)
1410 2914 1788 2969 contumeliam
1828 2931 2166 2970 connnunem
2210 2916 2319 2985 jam
2429 2918 2675 2987 plicatur,
2722 2918 2856 2970 sicut
2895 2926 2949 2970 et
2979 2916 3195 2984 nuptiis.
3235 2916 3298 2967 Et
3342 2914 3680 2981 desponsatas
3707 2912 3925 2981 quidem
3957 2914 4044 2963 hi.

729 3007 1147 3063 recusaverunt?
1178 3006 1309 3061 Nam
1340 3007 1618 3076 virginitas
1672 3008 1836 3077 gratia
1876 3018 2104 3069 constat,
2153 3010 2324 3064 eouti-
2428 3013 2554 3067 bent
2627 3010 2926 3079 exemplum
2986 3009 3241 3063 llebcccm
3299 3006 3464 3078 (ficu.
3515 3006 3705 3068 XXIV,
3750 3006 3887 3077 6.5),
3931 3026 4044 3076 qua:

729 3100 908 3154 tientia
951 3114 1076 3153 vero
1103 3100 1315 3153 virtute.
1358 3098 1471 3153 Non
1511 3100 1941 3170 eoneupisccndi,
1990 3103 2072 3156 cui
2128 3117 2324 3156 concn-
2428 3118 2547 3157 cum
2576 3101 2642 3155 ad
2668 3116 2921 3171 sponsum
2968 3102 3206 3170 ignotum
3237 3099 3608 3169 adliuciguota
3634 3099 4041 3170 pCl'dllCcl‘t‘ilIl',

730 3191 983 3262 pisccndo
1014 3192 1323 3254 iuolcvcris,
1356 3192 1555 3262 grande
1596 3204 1864 3247 certamen
1898 3204 1999 3247 cst.
2030 3194 2191 3263 Cujus
2233 3212 2323 3249 au-
2429 3194 2586 3248 simul
2615 3194 2783 3262 ipsum
2830 3194 3080 3263 cognovit
3123 3208 3262 3257 esse,
3286 3208 3444 3262 quem
3485 3192 3549 3246 de
3578 3192 3875 3263 longinquo
3911 3210 4031 3262 pm-

732 3295 836 3338 tetn
866 3286 933 3355 (f)
961 3284 1368 3354 coneupisceudi
1407 3286 1735 3355 ignoraveris
1764 3284 2015 3347 fructum,
2045 3286 2196 3341 facile
2224 3304 2326 3341 non
2355 3291 2400 3353 C
2434 3294 2682 3354 spexerat
2727 3284 2830 3355 t7),
2887 3285 2949 3355 (i)
3004 3302 3107 3337 non
3161 3286 3415 3338 sustinuit
3442 3284 3678 3339 dextene
3705 3286 3910 3339 colluct
3930 3298 4041 3336 :tio-

733 3378 1103 3444 concupisces,
1137 3375 1501 3430 adversarium
1534 3392 1637 3430 non
1682 3377 1901 3439 Italicus,
1942 3381 2327 3449 concupiscen-

733 3469 858 3522 tiam
895 3467 1114 3522 frutttus.
1146 3467 1427 3537 Quomodo
1453 3483 1580 3540 ergo
1611 3486 1713 3523 non
1756 3473 1924 3541 magis
1965 3471 2092 3525 viris
2133 3473 2329 3542 aliquid

734 3563 836 3617 tale
865 3561 1005 3617 Deus
1033 3564 1082 3616 itt
1109 3562 1367 3618 honorent
1398 3564 1822 3634 suliscripsisset,
1848 3567 1929 3620 vcl
1963 3567 2083 3637 quia
2110 3566 2341 3621 familia?

733 3654 881 3721 riori,
905 3654 1107 3710 scilicet
1130 3654 1347 3725 imagini
1379 3672 1509 3722 suai,
1536 3656 1617 3713 vel
1636 3658 1758 3728 quia
1786 3656 1903 3727 plus
1946 3659 2246 3714 laboranti?
2272 3660 2325 3715 Si

2434 3396 2578 3442 nem,
2640 3395 2737 3434 nec
2792 3379 2957 3433 osculi
3024 3379 3507 3449 congressionem,
3560 3393 3660 3431 nec
3707 3379 4045 3431 Ealllllll‘t-IIIS

2434 3472 2970 3527 communieatiouem
2995 3472 3100 3540 (8),
3129 3472 3222 3526 sed
3252 3471 3499 3526 confessa
3528 3470 3671 3541 quod
3696 3485 3967 3533 SCIIScmt,
3997 3471 4042 3523 id

2436 3574 2521 3620 est
2556 3565 2746 3634 Spiritu
2790 3573 3030 3633 nuptam,
3074 3564 3286 3632 negavit
3319 3562 3576 3633 virginem
3610 3564 3783 3617 velata
3818 3564 4041 3618 ibidem.

2440 3658 2485 3713 Ο
2515 3658 2792 3711 mulierem
2820 3656 2930 3725 jam
2958 3655 3026 3710 de
3054 3653 3254 3712 Christi
3283 3655 3599 3727 disciplina!
3634 3657 3888 3713 Ostendit
3908 3659 4045 3712 enim

1960 3791 2346 3851 LECTIONES
2389 3790 2689 3847 VARIANT
2701 3790 2802 3845 ES.

799 3910 810 3959 t
827 3910 840 3957 l
859 3914 872 3968 )
907 3908 1051 3968 Quasi
1076 3914 1233 3958 I'enct.

827 3914 840 3957 l
907 3914 1051 3968 Quasi
1076 3914 1233 3958 I'cnct.

823 3914 872 4033 ii
902 3978 1044 4021 [forte
1072 3978 1125 4033 u_t
1148 3971 1270 4033 Jun.

799 3970 871 4093 ἓξ)
902 3978 1044 4037 (forte
1072 3978 1125 4020 ut
1148 3971 1270 4020 Jun.
1818 4030 1826 4037 δ
2276 4029 2285 4039 ο

821 4036 872 4094 5)
906 4031 1170 4097 Scrupulos
1224 4032 1374 4082 Fran.
1416 4032 1660 4083 strobulos
1705 4035 1867 4084 Puris.
1920 4031 2129 4083 Salinas.
2158 4038 2201 4082 et
2229 4036 2334 4094 ltig.

738 4092 899 4151 thmu
922 4092 1042 4154 stroi
1060 4094 1181 4144 ulos.

799 4157 873 4222 (l)
910 4157 1159 4221 \‘irgincis
1190 4166 1336 4208 Prmi.

2505 3905 2579 4022 $3)
2622 3903 2690 3975 [ta
2715 3902 2867 3953 Seml.

2526 3970 2578 4022 tl)
2621 3968 2799 4016 natura
2838 3970 2867 4016 1η

2526 3970 2578 4032 tl)
2621 3968 2799 4032 lS'atura
2838 3964 2999 4016 Paris.

2530 4028 2579 4096 ἶ)
2620 4030 2950 4096 [inspexerat
2975 4028 3125 4080 Illien.

2528 4091 2578 4153 8')
2622 4091 3018 4142 Comutuuioucm
3062 4102 3269 4155 I-‘raueq.

2126 4240 2684 4297 COMMENTARIUS.

807 4360 960 4415 CAP.
996 4358 1041 4414 Χ
1092 4359 1247 4426 -(.ι)
1290 4359 1559 4428 Stropulos
1604 4358 1963 4413 Barbnrornm.
2015 4358 2067 4413 In
2103 4362 2339 4429 antiquis

739 4432 1135 4500 exemplaribus
1186 4440 1238 4484 et
1274 4430 1512 4485 Illienani
1542 4431 1896 4493 editionibus,
1926 4431 2218 4493 Scrobnlos,
2242 4448 2336 4486 seu

739 4502 1027 4557 Strnbnlos.
1048 4501 1371 4569 chendum,
1400 4510 1453 4556 ut
1476 4503 1681 4555 monuit
1707 4503 2021 4565 Salmasius,
2044 4503 2338 4572 Stropnlos.

740 4573 904 4628 Prisci
960 4572 1130 4627 Latini
1179 4572 1404 4642 Strupos
1450 4573 1634 4626 ὤχετο
1684 4574 1867 4627 tit-nias
1903 4583 1953 4626 et
2001 4574 2209 4627 fascias.
2246 4573 2416 4635 Estl)
2449 4586 2794 4637 congressum
2842 4586 2909 4637 ap

740 4655 915 4699 autetu
941 4658 1168 4707 grircutu
1212 4657 1398 4713 erit”;
1421 4654 1471 4698 et
1494 4647 1726 4712 ςτρόξιον.
1762 4643 1888 4699 lude
1908 4644 2083 4712 Stropi
2115 4656 2167 4698 ct
2193 4656 2331 4698 stro-

781 4716 903 4779 iola,
937 4729 1029 4770 seu
1058 4716 1347 4783 stropltiola
1378 4725 1430 4768 et
1473 4716 1717 4783 Stropuli.
1766 4714 1886 4771 llic.
1914 4743 1985 4753 —-
2033 4715 2331 4784 Stropulos.

782 4731 903 4779 iota,
937 4731 1029 4770 seu
1058 4731 1347 4783 Stropmota
1378 4731 1430 4768 et
1473 4731 1717 4783 suropun.
1766 4731 1886 4771 istc.
1914 4743 1985 4753 —-
2033 4731 2331 4784 on'opntos.

741 4731 930 4841 i’Ia-reo
1005 4786 1427 4856 interpretationi
1484 4785 1734 4852 Rigaltii;
1814 4786 1949 4840 adde
2025 4787 2122 4856 legi
2180 4803 2336 4854 posse

742 4858 994 4927 crobglos.
1058 4855 1381 4927 'I‘liucyditla:
1430 4859 1761 4923 iuterpresin
1816 4858 1906 4911 lib.
1970 4857 1983 4910 Ι
2046 4875 2057 4910 :
2110 4867 2336 4927 κρωευὲθς

744 4928 911 4983 δ’ῖττω
942 4932 1060 4989 εἴόις
1089 4937 1353 4997 «lc-“tauro;
1403 4941 1491 4980 τὼν
1542 4952 1713 4996 τριχων
1770 4934 1865 4981 ἀπὸ
1918 4936 2081 4998 ἰτέξωι
2135 4936 2198 4989 εἰς
2254 4934 2337 4993 ὀξὺ

745 5006 1001 5065 απολῆγον
1034 5000 1267 5068 crobglus
1296 5010 1366 5052 est
1390 5000 1559 5052 intorti
1585 5001 1699 5051 hinc
1721 5010 1764 5053 ct
1803 4999 1917 5051 inde
1938 5000 2108 5069 capilli
2138 5018 2295 5069 genus
2319 5043 2333 5067 ,

745 5072 796 5141 in
827 5081 1031 5123 acutum
1050 5086 1272 5139 vergens.
1306 5069 1359 5123 lu
1388 5070 1512 5123 viris
1536 5070 1781 5141 crobylus
1809 5080 1944 5132 erat,
1969 5074 2253 5141 corymbos
2280 5073 2331 5126 iit

745 5140 999 5204 heminis,
1032 5151 1081 5195 et
1135 5142 1377 5210 scorpius
1427 5142 1476 5194 in
1523 5143 1715 5209 pueris.
1756 5140 1829 5196 Li:
1873 5141 1964 5195 Pu.

818 5211 899 5282 (b)
936 5212 1150 5267 Cicada;
1185 5212 1581 5284 Atheniensium.
1618 5212 1970 5284 Athenienses
2017 5236 2338 5284 τεττιγοροροι

745 5283 1211 5354 criues_implexos
1241 5283 1405 5337 libula
1445 5285 1495 5336 in
1526 5282 1762 5337 cicadam
1788 5282 2120 5339 conformata
2153 5282 2338 5340 necte-

746 5355 894 5411 bant.
926 5352 1043 5409 llic.

821 5424 897 5497 (c)
938 5424 1109 5479 Cirros
1161 5421 1546 5497 Germanorum.
1580 5424 1825 5479 Crinibus
1850 5425 1899 5479 itt
1934 5426 2131 5480 nodum
2164 5426 2336 5480 tortis.

750 5495 1004 5568 Tacitus.
1038 5498 1103 5549 de
1158 5496 1388 5549 litoribus
1443 5495 1809 5549 Germanorum
1864 5513 1881 5550 :
1928 5496 2139 5567 Insigne
2184 5499 2343 5568 gentis

752 5567 1012 5636 obliquare
1031 5570 1218 5620 crinem
1239 5568 1509 5638 ,_nodoque
1532 5568 1888 5638 substringere.
1925 5568 2040 5622 lita.

830 5637 910 5706 (tl)
950 5638 1209 5708 Stigmata
1257 5636 1541 5690 Britontun.
1578 5636 1949 5693 Biitaniioruni
1996 5656 2220 5710 corpora
2256 5657 2342 5693 va-

754 5710 848 5762 riis
879 5714 1055 5777 ligttrts
1084 5720 1401 5779 Cotupuncta
1456 5710 1614 5765 fuisse
1650 5709 1807 5763 tradit
1859 5709 2212 5776 llerodtanus,
2249 5714 2341 5766 lib.

755 5779 851 5847 III,
884 5790 1042 5849 atque
1086 5781 1207 5835 inde
1252 5790 1334 5835 est
1377 5781 1517 5849 quod
1561 5780 1699 5849 apud
1731 5780 2081 5837 Claudianum
2116 5783 2343 5854 legitur:

1282 5873 1532 5937 l-‘crrtxpie
1570 5884 1757 5923 notatas

880 5936 1099 5999 I‘ulcgit
1126 5950 1379 6000 exangues
1403 5936 1528 6002 pielo
1554 5948 1791 5989 tumente
1816 5939 2008 6002 liguttcs.
2238 5940 2344 5990 liIC.

2519 4358 2591 4428 (e)
2635 4355 3001 4421 Contumeliam
3032 4372 3367 4409 communem.
3406 4354 3643 4428 Pertinet
3676 4356 3808 4411 illud
3835 4358 3906 4412 ad
3945 4376 4052 4412 inr-

2444 4426 2537 4481 vos
2585 4428 2916 4491 Tertulliani,
2972 4429 3061 4495 qui
3116 4437 3264 4481 tanto
3322 4426 3579 4495 Ilagrahat
3624 4428 3956 4497 virginitatis
4004 4439 4055 4483 ct

2448 4500 2792 4553 continentia:
2842 4515 3049 4559 amore,
3108 4508 3164 4551 ttt
3205 4497 3275 4551 ita
3328 4498 3619 4568 legitimum
3651 4499 3747 4552 viri
3779 4509 3837 4554 et
3871 4504 4053 4554 uvoris

2932 4570 3077 4625 icllct
3122 4569 3222 4623 hoc
3252 4569 3389 4634 loco,
3417 4578 3472 4623 et
3499 4570 3638 4623 infra
3668 4584 3790 4637 cap.
3837 4570 3900 4624 2.
3957 4574 4055 4625 Ι⁵τιι

2449 4586 2794 4637 congressum
2842 4586 3077 4693 apponet
3122 4586 3222 4623 noe
3252 4586 3389 4634 loco,
3417 4586 3472 4623 et
3499 4586 3638 4623 intra
3668 4586 3790 4637 cap.
3837 4586 3900 4624 z.
3957 4586 4055 4625 t'ro

2440 4642 2679 4695 antidoto
2704 4650 2881 4695 autem
2933 4642 2999 4694 tie
3026 4641 3229 4695 servire
3256 4640 3468 4709 poterit,
3497 4640 3640 4710 quod
3680 4640 3775 4695 lib.
3811 4644 3881 4695 de
3919 4644 4056 4698 l'ml.

2443 4723 2598 4767 vocet
2620 4713 2977 4766 benedictionis
3005 4710 3347 4765 concubitum.
3376 4710 3513 4766 Pu.

2520 4803 2583 4873 (Ι)
2637 4803 3035 4873 Concupisccudi
3103 4802 3410 4871 ignoraveris
3463 4807 3707 4871 fructum.
3758 4801 3961 4859 Oleum
4009 4815 4058 4859 ct

2439 4891 2656 4945 operam
2691 4876 2917 4943 perdunt
2956 4875 3044 4945 qui
3083 4875 3240 4928 aliter
3269 4889 3427 4942 quam
3468 4874 3537 4929 de
3561 4876 3722 4928 vetita
3757 4882 4058 4945 concupiso

2444 4944 2619 5001 cenlia
2668 4946 2954 5015 explicant.
2990 4944 3069 5015 Id,
3094 4945 3160 4999 de
3193 4947 3377 4999 liberis
3454 4947 3634 5014 nequit
3674 4946 3805 5008 dici,
3868 4944 3995 5001 licet
4030 4966 4055 4999 a

2444 5018 2662 5071 Didonis
2683 5031 2869 5096 sorore
2894 5019 3043 5069 Anna
3059 5014 3269 5096 I’ciieri:
3286 5018 3505 5096 prmium
3536 5018 3893 5096 nouiingtitur
3919 5019 4057 5087 apud

2442 5099 2651 5158 poetam
2696 5088 2964 5150 Latinum,
3026 5097 3081 5143 et
3131 5089 3235 5157 δῶρ’
3267 5087 3532 5156 lippam;
3561 5088 3700 5213 aplud
3728 5087 4057 5214 gOIIICtlllll.

3672 5175 3702 5213 ε
3777 5175 3832 5214 n.

3672 5175 3702 5213 ε
3732 5175 3832 5214 I'R.

2512 5250 2663 5305 CAP.
2702 5249 2791 5304 XI.
2820 5279 2889 5290 —-
2941 5248 3016 5319 (ιι)
3051 5248 3277 5320 Nuptias
3303 5252 3427 5321 pati.
3480 5249 3635 5321 Smpe
3691 5250 3794 5305 hoc
3827 5254 4055 5307 verbmu

2442 5323 2678 5376 occurrit
2716 5324 2766 5374 in
2790 5321 3017 5376 Tertull.
3050 5321 3117 5376 de
3170 5323 3373 5392 virgine
3405 5322 3507 5380 iam
3542 5332 3745 5375 matura
3780 5335 3836 5378 et
3865 5327 4057 5379 nubili.

2444 5393 2659 5448 Pctron.
2706 5394 2883 5464 Satyr.
2914 5394 3061 5447 annis
3090 5392 3157 5445 ad
3187 5392 3480 5463 patiendum
3506 5394 3857 5463 gestientibus.
3893 5395 4026 5449 ch.

2516 5486 2599 5557 (lt)
2639 5487 2798 5542 Penes
2826 5486 3006 5542 lsracl.
3042 5488 3157 5553 Quo
3185 5486 3286 5540 loci
3335 5485 3437 5541 hoc
3485 5488 3743 5555 scriptum
3800 5490 3857 5543 in
3890 5490 4057 5542 sueris

2448 5558 2645 5617 bihliis.
2678 5561 2870 5627 qu;crit
2904 5558 3201 5621 l’amelius;
3235 5558 3328 5612 sed
3363 5568 3548 5613 monet
3587 5559 3779 5613 Junius
3837 5561 3893 5612 id
3951 5578 3983 5612 ιι
4008 5578 4053 5611 ut

2449 5630 2627 5683 haberi
2658 5648 2722 5683 cx
2757 5633 2871 5699 lege
2920 5630 3044 5696 Dei,
3075 5629 3165 5684 sed
3198 5643 3401 5683 tatttum
3429 5646 3494 5683 ex
3525 5630 3924 5684 consuetudine
3962 5632 4055 5682 .lu-

2448 5700 2684 5754 dtl‘Ullltll
2729 5701 2945 5754 fundata
2987 5700 3212 5754 naturali
3240 5702 3379 5765 jure,
3410 5711 3464 5753 et
3492 5718 3611 5756 cum
3635 5712 3860 5771 asticcm
3893 5706 3959 5755 ad
3992 5716 4051 5755 ca

2446 5788 2566 5841 qua:
2582 5770 2832 5825 dicuntur
2858 5773 3148 5827 Dettteron.
3186 5771 3349 5824 XXII.
3387 5772 3514 5826 Lac.

2522 5861 2584 5930 (ι)
2617 5860 2735 5916 Non
2766 5864 3001 5917 sustinuit
3030 5864 3224 5918 dextra:
3257 5864 3687 5919 colluctationem.
3720 5863 3776 5920 Id
3811 5864 3918 5931 est,
3947 5879 4051 5920 non

2452 5938 2797 6005 exspectavit.
2835 5936 2951 5992 Ilio.
