4220 6492
744 397 852 456 919

2156 392 2618 452 τεητυιιιΑΝι

3933 398 4042 457 9‘20

739 514 883 583 quod
935 512 1150 584 proprie
1200 510 1268 566 ad
1336 511 1587 582 innuptas
1631 517 1685 565 et
1724 509 1910 566 viduos
1955 508 2034 581 (Ι)
2102 518 2335 578 spectat,
2370 512 2412 568 Α
2447 509 2702 579 Spiritum
2730 510 2944 582 quidem
2981 511 3070 567 Dei
3099 510 3261 568 etiam
3309 510 3493 568 fldeles
3540 511 3775 582 habent,
3805 515 3903 570 sed
3935 532 4041 570 non

740 607 935 676 quibus
960 607 1104 659 nulla
1126 603 1300 659 adhuc
1321 604 1628 673 conjunctio
1655 612 1985 657 numeratur.
2005 604 2336 669 Qtutmquam

743 697 1072 752 ostenderim
1093 697 1254 751 etiam
1274 695 1379 750 illis
1401 692 1807 764 intelligendam
1837 693 1915 763 (2)
1936 705 2058 747 esse
2093 690 2338 762 permissi

740 788 1124 843 conditionem.

1344 877 1574 934 CAPUT
1627 877 1714 931 IV.

813 974 1100 1039 Cancrum,
1143 972 1211 1027 de
1263 971 1500 1026 secundo
1538 970 1879 1026 matrimonio
1929 968 2132 1023 scimus
2183 965 2339 1037 plane

746 1066 1060 1136 Apostolum
1130 1065 1523 1133 pronuntiasse,
1577 1062 1791 1117 Solutus
1837 1078 1888 1115 es
1943 1061 2007 1114 ab
2057 1075 2235 1124 uxore.
2276 1075 2340 1114 ne

741 1158 1001 1228 quasiet-is
1032 1172 1242 1210 uxorem
1275 1176 1288 1212 :
1317 1156 1406 1209 sed
1434 1156 1477 1209 si
1516 1157 1742 1220 daturis,
1776 1170 1876 1208 non
1903 1153 2170 1224 delinquis.
2206 1153 2335 1208 Per-

746 1251 870 1306 inde
920 1260 1095 1304 tamen
1147 1260 1196 1305 cl
1238 1248 1396 1319 hujus
1443 1248 1709 1304 sermonis
1757 1245 2024 1312 ordinem,
2053 1246 2120 1300 de
2170 1245 2341 1301 consi-

752 1344 822 1394 lio
844 1357 963 1404 suo,
1001 1356 1104 1393 non
1133 1339 1198 1392 de
1232 1338 1414 1392 divino
1443 1348 1710 1408 praecepto
1755 1337 2062 1393 introducit.
2117 1336 2334 1392 Multum

747 1445 924 1489 autem
958 1432 1180 1488 interest
1226 1431 1367 1486 inter
1417 1431 1508 1484 Dei
1551 1439 1899 1500 pra'ceptum,
1948 1439 2000 1484 et
2056 1427 2335 1484 consilium

749 1525 1000 1578 hominis.
1036 1522 1354 1591 Prteccptum
1395 1520 1620 1587 Domini,
1650 1522 1840 1592 inquit,
1870 1537 1971 1575 non
2015 1519 2214 1582 habeo;
2241 1518 2334 1573 sed

747 1616 1014 1671 consilium
1063 1617 1148 1681 do,
1201 1615 1343 1684 quasi
1391 1613 1784 1669 misericordiam
1832 1621 2127 1666 consecutus
2162 1628 2193 1664 a
2235 1609 2339 1665 Do-

750 1709 887 1761 mino
933 1708 1099 1775 ﬁdelis
1149 1723 1273 1761 esse.
1302 1706 1589 1770 Czctcrnm,
1622 1720 1795 1775 neque
1832 1705 1883 1759 in
1911 1704 2217 1774 Evangelio,
2248 1718 2337 1758 ne-

748 1816 852 1872 que
877 1802 926 1853 in
956 1801 1120 1869 ipsius
1143 1799 1289 1853 Pauli
1310 1799 1582 1868 Epistolis,
1621 1815 1685 1853 ex
1730 1807 1995 1870 praecepto
2053 1798 2143 1852 Dei
2191 1797 2337 1851 iove-

2443 617 2630 657 omnes
2679 602 2864 658 fideles
2913 605 3171 672 Apostoli.
3221 604 3356 659 Cum
3405 619 3536 675 ergo
3581 607 3670 677 qui
3709 624 3769 661 se
3824 606 4041 660 fidelem

2441 694 2650 749 dixerat
2677 697 2760 766 (7)
2786 737 2799 758 ,
2831 696 3025 764 adjecit
3058 705 3240 766 postea
3266 739 3280 759 ,
3315 696 3571 766 Spiritum
3606 699 3700 753 Dei
3723 714 3785 754 se
3814 698 4040 764 habere,

2441 789 2582 857 qttod
2609 804 2767 842 nemo
2786 789 3055 843 dubitaret
3073 789 3234 843 etiam
3252 789 3320 844 de
3347 789 3486 845 ﬁdeli
3513 807 3528 855 ;
3557 791 3758 846 idcirco
3792 791 3846 846 id
3880 791 4039 855 dixit,

2445 888 2501 933 ut
2545 879 2648 935 sibi
2696 879 2935 950 Apostoli
2984 879 3252 952 fastigium
3304 880 3573 936 redderet.
3622 882 3850 953 Proprie
3899 883 4044 936 enim

2443 975 2684 1045 Apostoli
2729 973 2984 1045 Spiritum
3027 975 3282 1030 Sanctum
3316 974 3513 1029 habent
3547 975 3598 1030 in
3625 976 3888 1047 operibus
3920 990 4042 1043 pro-

2444 1067 2636 1138 phetia:
2662 1077 2715 1122 et
2742 1066 2982 1122 efficacia
3025 1066 3281 1122 virtutum
3305 1108 3320 1132 ,
3348 1066 3803 1136 documentisqne
3828 1067 4042 1135 lingua-

2443 1176 2560 1216 rum
2591 1158 2674 1228 (8)
2699 1199 2713 1221 .
2735 1173 2840 1214 non
2872 1158 2954 1231 (9)
2982 1174 3049 1214 ex
3078 1167 3228 1229 parte
3249 1197 3264 1222 ,
3291 1158 3434 1229 quod
3463 1158 3666 1213 creteri.
3700 1157 3775 1212 Ita
3810 1157 4047 1226 Spiritus

2440 1252 2625 1308 Sancti
2651 1251 3025 1308 auctoritatem
3056 1250 3122 1306 ad
3152 1266 3270 1305 eam
3292 1251 3410 1321 (10)
3442 1252 3678 1321 speciem
3699 1250 3856 1304 adire
3891 1249 4044 1314 fecit,

2442 1345 2526 1400 eui
2559 1360 2656 1398 nos
2687 1345 2856 1412 magis
2884 1345 3105 1414 obsequi
3139 1345 3307 1398 voluit
3335 1361 3350 1409 ;
3378 1352 3435 1398 et
3467 1344 3662 1398 factum
3685 1352 3770 1398 est
3795 1343 3912 1414 jam
3942 1355 4046 1395 non

2441 1439 2721 1492 consilium
2767 1436 2934 1492 divini
2981 1437 3212 1508 Spiritus
3241 1479 3256 1502 ,
3300 1437 3398 1492 sed
3445 1447 3547 1508 pro
3589 1436 3708 1508 ejus
3759 1435 4049 1505 majestate

2443 1539 2762 1599 pra-ceptum
2774 1571 2786 1584 .

3073 1616 3304 1674 CAPUT
3347 1617 3407 1674 V.

2514 1711 2593 1766 Ad
2614 1711 2785 1782 legem
2806 1709 2972 1765 semel
2989 1710 3220 1765 nubendi
3244 1709 3576 1781 dirigendam
3595 1708 3740 1779 (tt),
3761 1710 3878 1779 ipsa
3899 1709 4050 1778 origo

2443 1803 2658 1858 humani
2706 1803 2918 1872 generis
2965 1801 3350 1871 patrocinatur,
3402 1810 3712 1856 contestans
3737 1800 3871 1870 quid
3912 1800 4048 1855 Deus

757 1893 873 1946 Ilias
917 1891 1232 1960 permissam
1293 1889 1621 1944 matrimonii
1695 1890 2105 1958 separtttitmcm.
2187 1886 2337 1943 Unde
2368 1903 2414 1962 B
2445 1897 2496 1951 in
2527 1895 2820 1965 primordio
2848 1893 2965 1964 (12)
2991 1893 3360 1959 constituerit,
3391 1892 3444 1948 iu
3476 1892 3699 1947 formam
3743 1890 4052 1961 posteritati

753 1997 916 2036 unum
957 1979 1260 2035 habendum
1301 1979 1684 2043 conlirmatur;
1732 1978 1853 2047 quia
1886 1977 2027 2047 quod
2057 1991 2087 2030 τι
2114 1976 2339 2031 Domino

754 2074 1074 2142 perinissum
1105 2085 1212 2125 non
1242 2069 1528 2136 invenitur,
1563 2067 1613 2124 id
1661 2069 1970 2139 ignoscitur.
1999 2067 2152 2124 Adde
2198 2067 2338 2137 quod

751 2173 806 2219 ct
855 2164 968 2217 lnec
1018 2163 1131 2233 ipsa
1191 2163 1406 2218 humani
1444 2162 1650 2217 consilii
1701 2162 1999 2232 interjectio
2037 2163 2188 2234 quasi
2229 2161 2340 2232 jam

755 2257 1196 2330 recogitationem
1245 2269 1497 2311 exces~us
1520 2255 1600 2310 sui
1653 2271 1827 2326 passa,
1880 2256 2059 2310 statim
2125 2271 2185 2310 se
2254 2271 2341 2310 rc-

755 2351 1064 2405 fraenat'et
1135 2357 1394 2415 revocat,
1444 2363 1564 2403 eum
1616 2347 1934 2418 subjungit:
1988 2345 2343 2402 Verumtamen

753 2441 1046 2513 Itujnsqui
1070 2483 1083 2506 ,
1112 2456 1402 2512 prrssuram
1433 2440 1601 2493 carnis
1649 2439 1938 2502 habebunt;
1986 2454 2107 2493 cum
2139 2455 2345 2508 parcere

756 2552 809 2589 se
833 2535 912 2589 eis
945 2533 1068 2588 dicit
1095 2550 1111 2595 ;
1164 2530 1286 2587 cuin
1332 2543 1529 2601 tempus
1573 2532 1625 2584 in
1674 2529 1936 2584 collectum
1965 2531 2046 2601 (5)
2073 2547 2179 2583 esse
2205 2530 2340 2598 adji-

755 2626 827 2680 cit
847 2666 862 2690 ,
889 2639 998 2694 quo
1026 2631 1272 2694 oporteat
1310 2623 1471 2677 etiam
1500 2619 1737 2674 habentes
1776 2622 2095 2675 matrimonia
2123 2637 2215 2691 pro
2245 2637 2345 2675 non

757 2718 1054 2773 habentibus
1092 2730 1286 2788 agere:
1339 2729 1462 2769 cum
1508 2712 1928 2779 sollicitudinem
1983 2723 2268 2785 tmptornm
2294 2723 2348 2768 et

760 2812 1102 2882 innuptorum
1121 2808 1200 2880 (.i)
1223 2808 1527 2863 committit.
1558 2808 1658 2863 Per
1683 2806 1798 2862 haec
1821 2806 1964 2862 enim
1988 2808 2189 2862 docens
2209 2849 2224 2871 ,
2251 2823 2347 2861 cnr

761 2920 867 2958 non
893 2904 1142 2974 expediat
1164 2901 1369 2957 nubere
1392 2942 1407 2965 ,
1437 2899 1712 2954 dissuadet
1737 2901 1804 2953 ab
1825 2914 1891 2954 eo
1911 2898 2054 2969 quod
2081 2915 2239 2969 supra
2269 2899 2350 2953 in-

758 2995 1017 3050 dulserat.
1048 2994 1114 3048 Et
1142 2992 1244 3046 hoc
1281 2991 1350 3046 de
1391 2991 1563 3062 primo
1591 2990 1970 3055 matrimonio;
2002 2999 2201 3061 quanto
2231 3005 2348 3044 ma-

760 3090 844 3159 gis
887 3084 1281 3144 de-secnndo?
1338 3085 1412 3155 (α)
1443 3084 1577 3138 Cum
1617 3098 1745 3138 vero
1791 3098 1886 3136 nos
1933 3085 1998 3137 ad
2046 3083 2349 3153 exemplum

764 3196 918 3238 suum
951 3178 1215 3244 hortatur,
1249 3177 1430 3247 utique
1457 3176 1747 3231 ostendens
1771 3174 1897 3246 quid
1926 3190 2024 3229 nos
2055 3175 2182 3230 velit
2207 3189 2347 3239 esse,

2445 1987 2828 2044 recensendam
2857 1987 2993 2058 (15).

2515 2083 2646 2138 Nam
2689 2097 2810 2137 cum
2863 2081 3133 2137 hominem
3167 2081 3452 2152 figurasset
3483 2079 3598 2152 (14)
3626 2122 3641 2144 ,
3669 2079 3831 2149 eique
3862 2092 4047 2148 parem

2447 2173 2800 2230 necessariam
2847 2172 3191 2243 propexisset
3215 2212 3232 2236 ,
3261 2186 3419 2226 unam
3466 2169 3534 2226 de
3579 2170 3746 2225 costis
3773 2169 3901 2238 ejus
3930 2183 4049 2222 mu-

2448 2277 2661 2332 tuatus,
2691 2281 2849 2320 unam
2897 2265 2971 2321 illi
3027 2263 3302 2320 heminam
3335 2263 3526 2327 finxit;
3576 2277 3700 2317 cmn
3733 2261 3925 2330 utique
3953 2274 4051 2314 nec

2446 2359 2636 2413 artifex
2668 2398 2682 2418 .
2727 2371 2827 2412 nec
2893 2357 3116 2412 materia
3175 2354 3491 2418 defecisset,
3537 2353 3718 2423 plures
3769 2364 3941 2406 costa:
3996 2353 4044 2404 in

2450 2451 2639 2517 Adam,
2666 2461 2719 2504 et
2749 2448 3102 2520 infatigabiles
3130 2463 3319 2503 manus
3341 2449 3392 2501 in
3440 2447 3569 2509 Deo.
3597 2445 3691 2500 sed
3726 2460 3837 2499 non
3876 2445 4050 2512 plures

2450 2560 2651 2600 uxores
2704 2542 2843 2613 apud
2891 2542 3056 2597 Deum
3111 2551 3164 2595 et
3214 2540 3335 2595 ideo
3385 2539 3548 2594 homo
3603 2538 3698 2593 Dei
3729 2538 3944 2600 Adam,
4000 2544 4051 2589 et

2451 2638 2643 2692 mulier
2712 2636 2804 2691 Dei
2887 2634 3030 2699 Eva.
3096 2634 3215 2688 unis
3283 2633 3424 2688 inter
3508 2647 3566 2686 se
3621 2630 3824 2699 nuptiis
3886 2627 4048 2682 functi

2453 2738 2577 2784 sunt
2653 2725 2791 2797 (15).
2835 2724 3083 2780 Formam
3151 2723 3458 2778 hominibus
3506 2721 3642 2785 Dei,
3699 2719 3769 2775 de
3821 2717 4045 2788 originis

2451 2819 2767 2874 auctoritate
2798 2861 2810 2880 .
2844 2828 2898 2875 et
2944 2817 3112 2887 prima
3143 2816 3234 2870 Dci
3263 2814 3540 2870 voluntate
3584 2821 3905 2867 sanxerunt.
3943 2811 4048 2865 De-

2455 2911 2613 2980 nique
2637 2952 2652 2974 ,
2681 2918 2825 2964 erunt
2869 2909 2970 2963 duo
2993 2950 3008 2970 ,
3041 2907 3212 2978 inquit
3231 2948 3246 2970 .
3276 2909 3330 2960 in
3377 2920 3529 2960 carne
3572 2920 3721 2968 una;
3752 2918 3862 2958 non
3908 2910 4047 2964 tres.

2454 3019 2628 3073 neque
2669 3013 2922 3074 quatuor.
2971 3000 3220 3069 Alioquin
3268 2999 3378 3070 jam
3425 3011 3532 3052 non
3588 3012 3688 3051 una
3736 3009 3903 3061 caro,
3949 3009 4046 3048 nec

2454 3096 2560 3150 duo
2587 3095 2638 3148 in
2666 3108 2823 3148 unam
2850 3107 3090 3146 carnem.
3114 3089 3264 3144 Tunc
3293 3087 3410 3160 (t6)
3439 3096 3636 3151 erunt,
3668 3087 3713 3140 si
3742 3085 4052 3155 coniunctio

2453 3195 2509 3241 et
2552 3183 2826 3239 concretio
2877 3183 2927 3235 in
2978 3181 3242 3236 unitatem
3287 3179 3452 3233 semel
3486 3178 3597 3231 fiat.
3627 3175 3683 3232 Si
3712 3191 3841 3232 vero
3865 3191 4052 3230 rursus

765 3272 817 3328 id
868 3281 952 3327 est
991 3272 1365 3334 continentes,
1398 3269 1595 3338 pariter
1641 3267 1880 3321 declarat
1922 3265 2048 3337 quid
2098 3281 2196 3321 nos
2232 3281 2352 3322 esse
2377 3291 2424 3353 ρ
2455 3285 2548 3332 aut
2572 3276 2802 3346 sepius,
2829 3274 2938 3345 jam
2983 3290 3087 3328 una
3127 3287 3247 3328 esse
3294 3270 3498 3335 desiit;
3531 3279 3587 3325 et
3610 3278 3774 3325 erunt
3805 3284 3916 3324 non
3947 3269 4052 3322 duo

764 3365 916 3429 nolit,
950 3364 998 3418 id
1027 3374 1110 3419 est
1144 3362 1538 3419 incontinentes
1569 3359 1670 3431 (5).
1728 3360 1802 3416 Ita
1831 3369 1886 3414 et
1917 3360 2030 3430 ipse
2058 3375 2179 3414 cum
2207 3359 2352 3414 aliud

764 3459 878 3512 vult
899 3500 911 3519 ,
943 3457 993 3512 id
1023 3457 1163 3528 quod
1199 3471 1305 3511 non
1336 3453 1447 3509 vult
1474 3469 1573 3509 nec
1599 3462 1790 3524 sponte
1829 3469 1928 3508 nec
1970 3453 2194 3510 veritate
2226 3470 2348 3525 per—

765 3549 944 3603 mittit.
977 3549 1031 3604 Si
1075 3549 1218 3603 enitn
1263 3546 1450 3610 vellet,
1484 3560 1592 3601 non
1645 3546 2008 3614 permisisset.
2039 3546 2146 3601 imo
2187 3547 2354 3616 impe-

763 3652 953 3698 rassrt.
996 3642 1070 3711 (b)
1113 3639 1219 3696 Sed
1279 3654 1404 3695 ecce
1463 3651 1648 3693 rursus
1696 3636 1908 3705 (lCor.
1944 3637 2110 3708 VII),
2157 3639 2351 3694 mulie-

763 3751 875 3789 rem
919 3735 1100 3788 marito
1129 3728 1366 3802 defuncto
1412 3730 1534 3783 dicit
1577 3729 1762 3783 nubere
1802 3745 1981 3799 posse,
2009 3730 2052 3783 si
2078 3730 2160 3783 cui
2187 3730 2305 3784 velit
2331 3771 2347 3794 .

763 3836 960 3880 tantum
989 3827 1043 3879 in
1072 3825 1311 3878 Domino.
1341 3823 1402 3876 At
1425 3823 1558 3876 enim
1584 3822 1780 3892 felicior
1809 3823 1902 3875 erit
1923 3864 1936 3884 ,
1970 3822 2172 3892 inquit,
2207 3824 2250 3876 si
2280 3824 2352 3878 sic

764 3918 1095 3988 permanserit
1137 3916 1415 3970 secundant
1462 3931 1626 3968 meum
1664 3914 1952 3968 consilium.
1983 3912 2118 3968 Puto
2147 3926 2349 3982 autent,

761 4023 806 4063 et
839 4027 928 4082 ego
955 4010 1049 4063 Dei
1075 4010 1308 4078 spiritum
1339 4009 1518 4061 habeo.
1547 4006 1806 4062 Videmus
1827 4005 1935 4061 duo
1952 4007 2172 4062 consilia
2206 4049 2220 4074 ,
2247 4024 2354 4077 quo

764 4119 924 4172 supra
948 4102 1181 4157 nubendi
1216 4102 1423 4158 veniam
1458 4100 1613 4164 facit,
1647 4108 1702 4154 et
1731 4114 1837 4169 quo
1864 4099 2202 4170 postmodum
2227 4116 2356 4156 con-

764 4198 1044 4251 tinentiam
1081 4196 1314 4251 nubendi
1345 4195 1526 4249 indicit
1558 4193 1664 4263 (6).
1699 4193 1800 4249 Cui
1828 4208 1990 4265 ergo,
2023 4195 2232 4264 inquis,
2262 4194 2355 4250 ad-

765 4292 1145 4346 sentabimur?
1188 4290 1495 4360 lnspice,ct
1559 4287 1695 4358 lege.
1749 4287 1882 4342 Cum
1941 4288 2148 4342 veniam
2196 4287 2356 4356 facit,

767 4381 998 4437 hominis
1047 4383 1324 4453 prudentis
1372 4381 1652 4435 consilium
1703 4378 1934 4450 adlegat.
1990 4379 2123 4435 Cum
2183 4382 2358 4436 conti-

765 4477 999 4530 ncntiatn
1031 4475 1214 4530 indicit
1235 4517 1250 4538 ,
1278 4474 1512 4544 Spiritus
1567 4472 1751 4527 Sancti
1791 4471 2074 4526 consilium
2105 4471 2356 4528 affirmat.

767 4571 1004 4640 Sequere
1067 4566 1487 4623 admonitionem
1536 4568 1624 4620 cui
1677 4563 1928 4618 divinitas
1973 4564 2355 4634 patrocinatur.

2457 3369 2508 3425 in
2551 3384 2709 3423 unam
2733 3381 2972 3432 carnem,
2999 3365 3092 3422 sed
3133 3380 3236 3421 una
3265 3365 3423 3436 plane
3448 3371 3595 3417 costa
3624 3362 3740 3431 (17)
3771 3363 3822 3415 in
3854 3362 4050 3431 plures.

2456 3463 2523 3516 At
2569 3476 2724 3530 quam
2769 3458 3057 3528 Apostolus
3084 3459 3135 3512 in
3169 3457 3463 3511 Ecclesiam
3495 3464 3552 3510 et
3578 3453 3857 3510 Christum
3889 3454 4052 3508 inter-

2455 3562 2709 3625 pretatur,
2737 3561 2883 3606 erunt
2913 3553 3016 3604 duo
3045 3552 3097 3605 in
3129 3568 3280 3604 unam
3308 3566 3510 3604 carnem
3537 3591 3550 3611 ,
3588 3548 3894 3603 secundum
3939 3549 4049 3618 spi-

2459 3647 2645 3700 ritales
2675 3645 2885 3716 nuptias
2915 3644 3165 3699 Ecclesia:
3191 3654 3246 3697 et
3283 3642 3480 3698 Christi
3532 3641 3695 3712 (unus
3720 3641 3868 3695 enim
3899 3640 4054 3694 Chrio

2455 3747 2568 3794 stus
2593 3779 2607 3803 ,
2638 3749 2689 3793 et
2718 3755 2818 3792 una
2847 3737 2964 3806 ejus
2987 3736 3224 3792 Ecclesia
3248 3735 3292 3807 ),
3323 3749 3615 3804 agnoscere
3657 3731 3928 3787 debemus
3955 3733 4052 3786 duo

2459 3831 2702 3904 plicatam
2723 3841 2778 3885 et
2797 3838 3169 3902 exaggeratam
3209 3843 3329 3883 esse
3357 3827 3512 3882 nobis
3543 3827 3700 3881 unius
3728 3827 4053 3880 matrimonii

2459 3922 2572 3994 (18)
2607 3922 2772 3992 legem
2801 3965 2814 3988 ,
2846 3934 2953 3978 tam
2985 3920 3285 3977 secundum
3335 3920 3555 3990 generis
3606 3917 4015 3972 fundamentum
4040 3959 4054 3982 ,

2454 4031 2613 4084 quam
2652 4013 2940 4069 secundum
2985 4013 3182 4070 Christi
3231 4019 3646 4066 sacramentum.
3677 4009 3758 4064 De
3788 4024 3904 4065 uno
3937 4024 4052 4063 ma-

2459 4107 2710 4161 trimonio
2730 4119 3010 4159 censemur
3030 4105 3314 4175 utrobique
3337 4144 3353 4171 ,
3383 4113 3435 4157 et
3459 4101 3748 4156 carnaliter
3777 4102 3833 4155 in
3863 4101 4053 4163 Adam,

2459 4209 2513 4255 et
2541 4197 2923 4269 spiritaliterin
2951 4197 3186 4252 Christo.
3241 4197 3474 4252 Duarum
3525 4195 3866 4249 nativitatum
3897 4211 4058 4249 unum

2461 4302 2544 4347 est
2593 4290 2941 4361 monogamia:
2989 4289 3383 4359 prtescriptum.
3436 4287 3492 4342 In
3549 4294 3777 4356 utraque
3827 4286 4060 4357 degene-

2463 4387 2549 4433 rat
2569 4423 2581 4443 ,
2603 4381 2692 4450 qui
2716 4379 2785 4435 de
2804 4381 3138 4451 monogamia
3161 4377 3446 4433 exorbitat.
3474 4377 3742 4432 Numerus
3769 4377 4054 4431 matrimo-

2439 4475 2538 4554 unii
2568 4488 2597 4527 a
2625 4475 2906 4530 maledicto
2937 4475 3052 4528 viro
3095 4472 3279 4543 erepit.
3310 4471 3520 4527 Primus
3567 4471 3827 4538 Lamcch,
3857 4470 4058 4524 duabus

2467 4566 2742 4620 ntaritatns
2762 4607 2777 4631 ,
2804 4575 2913 4622 tres
2935 4565 2986 4620 in
3014 4579 3174 4620 unam
3200 4579 3416 4620 carnem
3448 4561 3643 4619 effecit.

2001 4653 2386 4714 LECTIONES
2428 4656 2842 4714 VARIANTES.

826 4754 898 4810 (ll
933 4752 1126 4817 μυρίος
1147 4759 1208 4817 et
1220 4750 1389 4800 viduas
1411 4747 1561 4801 Rhea.
1597 4746 1749 4800 Sentl.

824 4818 897 4867 t2)
933 4814 1311 4864 Numerandam.

845 4877 896 4938 3)
923 4877 975 4940 lu
998 4877 1205 4926 collecto
1229 4875 1377 4940 Rhea;
1395 4869 1548 4924 Seml.
1576 4875 1714 4940 Pam;
1833 4937 1843 4940 _
1874 4929 1903 4940 ..
1923 4928 1936 4940 .

855 4929 897 5000 ι)
923 4937 983 4986 lit
1008 4941 1335 5000 innuptarum,
1360 4935 1473 5000 lucc,
1489 4933 1632 4984 verba
1673 4932 1851 5000 desunt
1866 4929 1990 4981 ibid.

823 4991 897 5078 ς
922 5002 1044 5078 {life
1068 4991 1236 5078 aliqua
1273 4991 1416 5049 verba
1441 4997 1612 5047 desunt
1637 4993 1770 5058 apud
1792 4994 1942 5045 Rhea.
1964 4999 2010 5044 et
2028 4991 2170 5044 seml.

821 5064 871 5110 lli
921 5062 1106 5112 ludueit
1126 5062 1263 5112 alios.

820 5069 894 5196 (_
921 5123 1058 5196 Quod
1083 5123 1278 5196 lldelem
1299 5121 1482 5196 dixerit
1505 5119 1656 5196 Ithen.
1851 5116 2003 5168 Seml.

819 5184 893 5250 (8)
921 5188 1080 5250 Atque
1102 5186 1502 5250 documentorum
1521 5184 1756 5247 linguam.

819 5247 894 5312 (9)
917 5247 1063 5308 Quasi
1087 5247 1225 5300 addit
1247 5247 1399 5299 Rhea.

2377 4771 2429 4829 Β
2545 4750 2623 4812 10)
2646 4750 3025 4826 Auctoritatead
3051 4763 3158 4799 eam
3185 4747 3492 4800 Rhen.Seml.

2519 4749 2624 4929 (1;)
3060 4812 3202 4863 Ithcn.
3223 4812 3374 4864 Sentl.

2546 4811 2622 4876 lt)
2647 4811 2862 4876 Dirigam
2888 4816 3030 4863 Pam.
3060 4812 3202 4863 Ithcn.
3223 4812 3374 4864 Sentl.

2549 4875 2624 4927 12)
2648 4877 2720 4924 Ab
2743 4875 2884 4926 initio
2901 4876 2990 4927 iid.

2518 4936 2622 4999 (13)
2650 4937 3021 4999 Recensentlum
3045 4936 3113 4988 al.

2518 5001 2536 5063 (_
2549 5002 2560 5048 I
2577 5002 2623 5063 ι)
2653 5000 2924 5063 b‘igulasset
2947 4998 3277 5063 aliiscribunt.

2517 5055 2622 5125 (ιῦ)
2643 5055 2832 5125 Nuptiis
2850 5064 2995 5113 functi
3023 5061 3220 5110 formam
3245 5059 3520 5125 hominibus
3540 5055 3653 5125 Dei,
3679 5063 3779 5125 etc.
3808 5056 3972 5119 Rigal.

2517 5124 2536 5185 (
2547 5120 2621 5185 lli)
2644 5120 2748 5172 tam
2774 5137 2866 5173 non
2892 5139 2986 5174 una
3008 5137 3121 5173 caro
3145 5132 3258 5173 tunc
3276 5128 3442 5178 erunt,
3458 5122 3498 5169 si
3523 5120 3926 5183 conjunctio,ctc.
3951 5129 4058 5170 Jun.

2517 5183 2536 5238 f
2545 5187 2559 5234 l
2571 5183 2758 5248 7‘)Caro
2781 5185 2933 5237 Seml.
2965 5185 3115 5237 then.

2516 5243 2623 5312 (18)
2644 5248 2828 5310 Legem
2851 5248 2982 5301 abest
3003 5263 3033 5298 a
3056 5251 3198 5299 Pam.
3229 5245 3381 5299 Rhea.
3405 5243 3556 5295 Seml.

2129 5324 2688 5388 COMMENTARIUS.

758 5435 918 5481 tatem
939 5436 993 5482 et
1020 5429 1230 5494 nuptias
1247 5424 1359 5496 pari
1401 5422 1594 5496 merito
1622 5420 1845 5496 donaret
1867 5460 1882 5481 .
1911 5433 2028 5473 eam
2060 5419 2345 5496 aliquando

753 5498 904 5566 sequi
955 5490 1165 5553 videtur
1209 5490 1700 5566 hitjusgscriptorls
1743 5499 2005 5566 mentem;
2063 5490 2107 5545 is
2156 5501 2336 5566 tamen

754 5561 913 5636 epist.
962 5568 1030 5622 de
1082 5561 1297 5638 monog.
1336 5565 1402 5621 ad
1435 5561 1786 5638 Ageruchiam
1829 5562 2023 5638 fatetur
2051 5561 2342 5638 secundas,

756 5634 916 5708 atque
943 5639 1098 5693 etiam
1130 5634 1313 5692 terti'is
1344 5634 1555 5708 nuptias
1584 5677 1597 5698 ,
1621 5636 1665 5708 si
1695 5634 2134 5708 necesscjorent,
2167 5634 2235 5687 ab
2262 5635 2336 5687 A-

755 5702 962 5780 positolo
1003 5724 1287 5780 concessas
1309 5702 1776 5780 incentincntibus.
1805 5704 1882 5780 Le
1918 5702 2011 5757 Pa.

2527 5426 2606 5498 (b)
2651 5427 2754 5483 Sed
2793 5444 2904 5482 ecce
2941 5443 3114 5480 rursus
3135 5469 3150 5489 ,
3185 5426 3444 5498 mulierem
3488 5423 3732 5498 defuncto
3762 5421 3960 5498 marito
3985 5425 4062 5475 di-

2453 5494 2733 5553 cit'nnbere
2757 5498 3040 5574 posse._ll_ie
3056 5498 3228 5574 adhuc
3250 5497 3378 5574 satis
3400 5494 3810 5574 moderateagit
3834 5495 4056 5560 Auctor,

2454 5585 2560 5623 non
2581 5563 2798 5638 prorsus
2826 5565 3114 5638 prohibens
3134 5567 3417 5637 digamiam
3445 5608 3461 5638 ε
3471 5565 3576 5638 sed
3601 5563 3907 5638 feliciorem
3933 5580 4054 5634 pro-

2451 5634 3002 5711 bans-monogamiam
3035 5659 3047 5694 :
3076 5634 3244 5707 uitare
3274 5650 3328 5711 et
3357 5640 3411 5691 tt.
3447 5636 3814 5711 Hieronymus
3840 5634 4044 5690 fatetur

2448 5710 2530 5764 Itis
2555 5715 2726 5766 verbis
2754 5706 3066 5781 Kpostolum
3090 5706 3353 5766 iucundas
3379 5717 3434 5766 et
3454 5707 3637 5764 tertias
3662 5706 3880 5778 nuptias
3905 5722 4032 5762 con-

825 5779 976 5834 CAP.
1006 5779 1095 5852 tv.
1119 5780 1287 5852 ——-(a)r
1307 5777 1444 5852 Cum
1471 5794 1591 5852 pero
1629 5794 1720 5832 nos
1769 5776 1838 5830 ad
1882 5775 2338 5852 esentplumuuutn
2442 5781 2634 5839 cedere
2660 5784 2710 5839 in
2739 5775 2984 5839 Βύιηῇηο,
3017 5781 3153 5838 Pu,

751 5851 1001 5905 hortatur.
1033 5845 1383 5906 Facit'etiam
1431 5849 1517 5904 hic
1566 5849 1714 5905 locus
1756 5862 1854 5919 pro
1887 5845 2210 5904 continentia
2265 5846 2326 5900 Β.

748 5922 990 5991 Apostoli
1017 5921 1163 5980 Pauli
1189 5937 1219 5978 a
1248 5921 1466 5992 nuptiis.
1500 5920 1633 5977 Pan.
