4220 6492
170 429 272 488 9ἓ1

791 546 1018 604 CAPUT
1060 547 1146 604 VI.

249 641 353 699 Sed
377 643 454 714 (a)
483 653 536 698 et
558 641 844 707 benedicti,
877 643 1074 712 inquis,
1106 641 1430 698 Patriarclue
1472 657 1578 697 non
1601 641 1763 696 modo

175 738 421 809 pluribus
453 737 706 792 uxoribus
729 778 744 802 ,
777 752 961 791 verum
990 735 1149 791 etiam
1178 735 1492 791 concubinis
1517 735 1762 805 conjugia

175 829 526 884 miscuerunt.
558 828 701 899 Ergo
729 837 1010 898 promet-ea
1041 827 1194 882 nobis
1221 843 1436 899 quoque
1463 827 1643 884 licebit
1691 829 1764 896 (ὁ)

173 922 516 976 innumerum
545 921 744 976 nubere
771 920 792 972 ?
819 918 963 975 Sane
1012 920 1192 976 licebit
1213 961 1228 984 ,
1260 922 1335 989 (ε)
1379 921 1423 976 si
1455 921 1628 976 adhuc
1660 920 1764 990 typi

173 1013 344 1068 futuri
391 1015 617 1083 alicujus
651 1022 990 1069 sacramenta
1033 1021 1358 1083 supersunt,
1385 1029 1520 1085 quos
1571 1014 1766 1083 nuptiae

175 1117 284 1160 tua:
310 1108 535 1176 ligurent
561 1123 576 1170 ;
602 1105 686 1159 vel
711 1107 752 1158 si
777 1105 938 1159 etiam
967 1119 1106 1159 nunc
1131 1104 1280 1159 locus
1303 1114 1387 1159 est
1412 1104 1558 1159 vocis
1585 1104 1727 1158 illius
1751 1122 1765 1157 ε

173 1199 386 1251 crescite
411 1206 459 1250 et
485 1197 895 1266 multiplicamini
920 1238 934 1258 ,
963 1196 1015 1250 id
1045 1206 1127 1250 cst
1151 1237 1165 1259 ,
1195 1197 1238 1251 si
1280 1195 1514 1251 nondum
1541 1197 1640 1250 alia
1669 1211 1768 1250 vox

173 1290 516 1358 supervenit,
551 1299 744 1358 tempus
771 1290 887 1359 jam
941 1290 992 1342 in
1041 1289 1249 1343 collecto
1301 1305 1408 1342 esse
1435 1330 1449 1350 ,
1483 1299 1674 1343 restare
1718 1301 1771 1342 ut

175 1392 226 1435 et
281 1382 366 1447 qui
417 1397 600 1436 uxores
643 1381 846 1444 habent,
899 1392 1140 1450 tanquam
1184 1397 1284 1435 non
1307 1381 1548 1441 habentes
1574 1391 1774 1450 agant;

181 1477 365 1544 utique
411 1475 553 1529 enim
603 1475 995 1529 continentiam
1043 1473 1317 1538 indicens,
1351 1483 1406 1528 et
1430 1489 1776 1543 compescens

178 1566 545 1632 concubitum,
576 1567 922 1621 seminarium
973 1565 1212 1636 generis,
1244 1565 1526 1620 abolcl‘ecit
1555 1566 1635 1635 (1)
1663 1583 1776 1621 cre-

182 1661 310 1712 scite
336 1657 460 1712 illud
492 1667 546 1713 et
575 1659 1004 1729 multiplicamini.
1039 1656 1108 1714 Ut
1157 1658 1350 1727 Opinor
1379 1667 1580 1719 autem.
1625 1657 1780 1712 unius

181 1761 240 1808 et
267 1751 505 1821 ejusdem
532 1751 623 1806 Dei
653 1761 873 1822 utraque
904 1751 1263 1820 pronuntiatio
1277 1758 1332 1805 et
1353 1750 1633 1820 dispositio
1659 1758 1741 1805 est
1766 1767 1780 1805 :

183 1846 277 1915 qui
309 1854 416 1899 tum
441 1843 656 1914 quidem
689 1844 740 1897 in
770 1841 1065 1911 primordio
1086 1851 1382 1911 sementem
1413 1841 1628 1912 generis
1652 1841 1783 1895 emi-

1113 428 1320 488 LIBER
1366 429 1455 488 DE
1485 429 2026 488 EXHORTATIONE
2065 431 2489 491 CASTITA’I‘IS.

3359 433 3462 492 9⁸Ξῖ

1797 550 1844 608 Α
1877 561 2186 612 noscaums,
2223 567 2340 620 qua:
2370 565 2490 605 cum
2520 547 2902 620 posterioribus
2933 550 3012 621 (5)
3041 549 3460 620 communicant,

1867 641 1933 694 de
1961 642 2248 710 disciplina
2278 652 2329 697 et
2355 642 2526 696 forma
2561 645 2836 698 vetustatis
2872 643 2937 697 ad
2968 645 3255 700 novitatem
3285 653 3458 700 trans-

1868 732 2127 787 mittunt?
2157 734 2294 790 Ecce
2327 735 2468 789 enim
2508 735 2558 789 in
2600 735 2765 790 veteri
2805 735 2918 805 lege
2948 735 3314 792 animadverto
3342 751 3459 792 cas-

1869 834 2058 880 tratam
2090 825 2358 880 licentiam
2380 827 2573 895 saepius
2601 825 2853 881 nubendi.
2877 823 3100 882 Cautum
3123 827 3174 881 in
3191 826 3460 883 Levitico:

1870 917 2171 972 Sacerdotes
2198 919 2295 971 mei
2344 935 2445 972 non
2493 920 2605 986 plus
2658 919 2843 972 nubent
2875 917 3016 989 (Leu.
3054 917 3210 984 XXI,
3241 919 3352 987 14).
3379 918 3462 990 (d)

1871 1009 2094 1066 Possum
2115 1009 2297 1066 dicere
2315 1050 2330 1074 ,
2360 1011 2519 1066 etiam
2544 1010 2673 1065 illud
2707 1011 2825 1081 plus
2853 1025 2974 1066 esse
3003 1010 3143 1082 quod
3167 1011 3332 1066 semel
3356 1025 3463 1066 non

1871 1115 1974 1160 est.
2025 1103 2179 1170 Quod
2224 1119 2328 1158 non
2380 1120 2542 1159 unum
2592 1111 2712 1168 est,
2743 1119 2994 1159 numerus
3041 1113 3144 1158 est.
3191 1104 3461 1174 Denique,

1873 1209 1995 1271 post
2023 1214 2184 1254 unum
2219 1200 2400 1269 incipit
2444 1211 2714 1255 numerus.
2745 1197 2920 1254 Unum
2947 1209 3126 1254 autem
3153 1206 3269 1263 est,
3306 1211 3466 1252 omne

1876 1293 2018 1364 quod
2049 1293 2216 1348 semel
2245 1302 2348 1348 est.
2380 1291 2487 1347 Sed
2517 1289 2730 1346 Christo
2761 1290 2840 1362 (6)
2871 1293 3182 1347 servabatur
3201 1335 3216 1357 ,
3248 1292 3384 1346 sicut
3413 1291 3465 1345 in

1877 1384 2112 1447 cteteris.
2149 1386 2219 1439 ita
2245 1385 2296 1439 in
2346 1383 2451 1438 isto
2479 1398 2692 1454 quoque
2725 1382 2856 1453 legis
2883 1382 3178 1453 plenitudo.
3213 1381 3340 1437 Inde
3367 1382 3468 1452 igi-

1881 1487 1967 1531 tur
1991 1474 2129 1546 apud
2169 1489 2266 1531 nos
2296 1475 2505 1545 plenius
2530 1486 2691 1545 atque
2721 1475 3029 1530 instructius
3055 1474 3136 1545 (7)
3165 1473 3468 1544 prascribi-

1883 1579 1989 1632 tur.
2018 1569 2177 1624 unius
2225 1567 2552 1623 matrimonii
2602 1583 2724 1624 esse
2777 1579 3024 1639 oportere
3055 1567 3180 1638 (Tit.
3208 1567 3229 1621 l
3256 1609 3271 1633 ,
3298 1566 3356 1636 6)
3382 1567 3470 1637 qui

1882 1663 2183 1732 alleguntur
2213 1661 2290 1732 (8)
2334 1662 2386 1717 in
2411 1661 2654 1717 ordinem
2685 1661 3092 1717 sacerdotalem.
3136 1660 3315 1732 Usque
3339 1659 3474 1714 adeo

1884 1753 2143 1825 quosdam
2187 1754 2404 1810 memini
2451 1752 2692 1824 digamos
2720 1754 2837 1810 loco
2865 1753 3121 1822 dejecms.
3154 1751 3257 1809 Sed
3285 1751 3430 1807 dices
3457 1767 3470 1804 :

1889 1847 2029 1917 Ergo
2053 1847 2260 1902 ueteris
2303 1847 2428 1901 licet
2472 1861 2606 1916 quos
2645 1846 2841 1916 excipit
2873 1846 2971 1917 (9).
3011 1845 3139 1900 Vani
3164 1847 3364 1902 erimus
3388 1886 3402 1910 ,
3432 1846 3477 1900 si

185 1940 278 2003 sit,
314 1937 530 1993 indultis
558 1937 929 2008 conjugiorum
960 1936 1204 2004 habenis,
1236 1936 1410 1992 donec
1438 1936 1666 1991 mundus
1694 1951 1782 1991 re-
1814 1960 1862 2020 Β
1892 1939 2251 2010 putaverimus
2292 1937 2432 2009 quod
2477 1938 2844 1993 sacerdotibus
2885 1952 2990 1992 non
3018 1937 3173 1992 liceat
3196 1979 3211 2002 ,
3242 1935 3390 1991 Iaicis
3418 1935 3481 1990 li-

186 2030 446 2099 pleretur,
475 2028 646 2083 donec
684 2043 836 2083 nova:
878 2028 1175 2098 disciplina:
1213 2029 1431 2084 materia
1462 2030 1779 2099 proliceret;

185 2135 331 2175 nunc
365 2135 493 2174 vero
533 2120 635 2174 sub
677 2119 1102 2176 extremitatibus
1130 2129 1429 2188 temporum
1469 2120 1785 2190 compressit

186 2213 332 2284 quod
379 2214 662 2276 emiserat,
704 2222 760 2268 et
803 2213 1071 2266 revocavit
1116 2211 1257 2282 quod
1310 2211 1601 2267 indulserat
1629 2254 1642 2276 ,
1680 2227 1782 2266 non

188 2311 310 2363 sine
350 2307 555 2362 ratione
587 2305 980 2376 prorogationis
1017 2305 1068 2359 in
1116 2303 1446 2374 primordio,
1474 2314 1530 2358 et
1557 2303 1784 2373 pastina-

190 2403 355 2456 tionis
385 2401 462 2472 (ὲ)
490 2400 541 2454 in
573 2399 780 2454 ultimo.
800 2397 1189 2466 Semperiuitia
1216 2396 1479 2460 laxantur,
1502 2395 1636 2451 lines
1660 2410 1788 2450 con-

192 2494 478 2549 trahuntur
522 2492 622 2564 (3).
677 2490 961 2559 Proliterea
1013 2489 1217 2560 sylvam
1265 2489 1385 2558 quis
1434 2488 1705 2554 instituit,
1735 2497 1792 2543 et

193 2597 442 2639 crescere
484 2583 649 2648 sinit,
681 2591 739 2635 ut
779 2591 1017 2650 tempore
1047 2594 1145 2634 suo
1168 2578 1361 2634 cardat.
1395 2579 1554 2650 Sylva
1577 2579 1681 2634 erit
1703 2595 1789 2635 ve-

201 2688 286 2732 tus
318 2677 600 2746 dispositio
621 2717 635 2738 ,
664 2690 784 2745 quae
813 2675 880 2728 ab
905 2673 1194 2743 Evangelio
1221 2687 1361 2729 novo
1399 2672 1702 2744 deputatur,
1737 2673 1789 2727 in

193 2785 302 2839 quo
346 2779 448 2839 et(
485 2767 670 2822 Matth.
715 2766 860 2834 XXI)
901 2765 1089 2820 securis
1121 2765 1190 2819 ad
1230 2765 1426 2820 radices
1464 2765 1658 2819 arboris
1700 2780 1790 2834 po.

193 2865 294 2917 sita
336 2871 428 2915 est.
452 2861 542 2916 Sic
582 2868 637 2914 et
675 2860 878 2928 oculum
900 2875 992 2925 pro
1014 2859 1164 2912 oculo
1180 2901 1194 2922 ,
1218 2868 1264 2912 et
1287 2859 1485 2912 dentem
1511 2875 1603 2927 pro
1620 2858 1788 2924 dente,

191 2955 303 3024 jam
323 2954 519 3020 senuit,
542 2968 607 3008 ex
630 2952 992 3023 quojuvennit
1021 2950 1194 3020 (liam.
1232 2949 1350 3015 XII,
1383 2951 1474 3017 17)
1493 2952 1681 3005 malum
1702 2969 1794 3022 pro

198 3048 336 3101 man
353 3063 498 3101 nemo
509 3045 848 3101 reddat.Pnto
865 3054 1043 3101 autem
1062 3045 1221 3100 etiam
1241 3044 1296 3100 in
1317 3043 1578 3100 humanas
1595 3046 1796 3100 consti-

200 3141 438 3194 tutiones
464 3148 622 3210 atque
651 3137 866 3194 decreta
892 3137 1185 3207 posteriora
1215 3137 1296 3207 (ι)
1321 3138 1557 3208 pristinis
1596 3153 1797 3210 praeva-

200 3235 336 3288 lere.

807 3322 1036 3381 CAPUT
1077 3322 1189 3379 VII.

274 3415 387 3471 Cur
419 3425 597 3472 autem
627 3412 693 3472 de
721 3416 960 3486 pristinis
993 3415 1254 3488 exemptis
1283 3430 1388 3472 non
1417 3431 1480 3471 ea
1511 3419 1684 3487 potius
1704 3435 1797 3490 ag-

1891 2045 2034 2086 ccre.
2085 2029 2276 2086 Nonne
2325 2039 2380 2085 et
2431 2029 2550 2086 laici
2597 2030 2906 2085 sacerdotes
2952 2045 3134 2085 sumus
3163 2031 3186 2084 ?
3214 2028 3480 2098 Scriptum

1891 2133 1974 2180 est
2004 2143 2016 2180 :
2049 2123 2278 2195 Regnum
2301 2140 2494 2193 quoque
2519 2140 2610 2178 nos
2639 2134 2685 2178 et
2714 2123 2996 2178 sacerdotes
3029 2121 3136 2177 Deo
3158 2132 3202 2176 et
3229 2120 3372 2175 Patri
3393 2136 3484 2174 suo

1893 2215 2010 2283 fecit
2044 2215 2226 2286 (Apoc.
2260 2213 2309 2280 I,
2343 2215 2420 2281 6).
2466 2213 2824 2269 Dill‘crcntiam
2855 2215 2995 2268 inter
3022 2213 3266 2267 ordinem
3296 2223 3350 2266 et
3375 2213 3488 2282 ple-

1895 2308 2014 2362 hem
2044 2307 2318 2362 constituit
2349 2307 2602 2362 Ecclesia:
2646 2307 2938 2362 auctoritas
2959 2348 2972 2371 ,
3003 2316 3057 2362 ct
3085 2307 3256 2360 honor
3283 2319 3376 2374 per
3402 2319 3488 2359 or-

1893 2401 2034 2456 dinis
2080 2415 2392 2456 consessum
2433 2398 2811 2455 sanctiﬁcalus.
2847 2399 2992 2454 Adeo
3027 2399 3137 2469 (I0)
3167 2397 3238 2469 (e)
3278 2397 3364 2452 ubi
3395 2411 3486 2453 cc-

1893 2492 2179 2548 clcsiastiei
2208 2491 2410 2548 ordinis
2457 2507 2563 2548 non
2601 2502 2682 2547 est
2707 2506 3013 2558 consessus,
3041 2493 3114 2562 (ί)
3146 2501 3198 2545 et
3223 2489 3404 2554 ollers,
3436 2498 3490 2543 et

1895 2586 2114 2658 tinguis,
2143 2594 2200 2642 et
2243 2585 2495 2642 sacerdos
2522 2599 2580 2640 es
2603 2584 2715 2652 (11)
2756 2583 2847 2638 tibi
2888 2583 3055 2637 solus.
3087 2581 3190 2637 Sed
3221 2580 3306 2635 ubi
3337 2591 3445 2635 tres
3473 2620 3488 2642 ,

1900 2676 2137 2732 Ecclesia
2180 2685 2262 2732 est
2282 2719 2296 2739 ,
2330 2676 2458 2732 licet
2504 2675 2645 2730 laici.
2675 2675 3056 2745 Unusquisque
3082 2674 3226 2728 enim
3255 2672 3372 2745 (l9)
3397 2687 3492 2725 sua

1898 2770 2000 2840 ﬁde
2039 2771 2177 2833 uiuit,
2227 2786 2317 2823 nec
2369 2781 2441 2823 est
2485 2785 2814 2839 personarum
2867 2768 3090 2834 acceptio
3115 2768 3253 2836 apud
3295 2763 3492 2824 Deum;

1898 2863 2148 2933 quoniam
2171 2877 2268 2916 non
2291 2861 2546 2915 auditores
2571 2860 2694 2930 legis
2709 2858 3060 2929 justi/icantur
3076 2856 3189 2927 (15)
3217 2872 3249 2908 a
3273 2853 3494 2916 Deo,sed

1901 2959 2145 3027 factores,
2168 2954 2460 3010 secundum
2491 2952 2632 3023 quod
2668 2960 2724 3007 et
2755 2950 3038 3021 Apostolus
3059 2948 3186 3002 dicit
3212 2947 3386 3016 (Rom.
3411 2944 3452 3000 II
3476 2986 3493 3012 ,

1902 3050 1963 3104 11
1995 3091 2009 3115 ,
2040 3049 2152 3118 13).
2183 3046 2344 3118 Igitur
2368 3047 2414 3101 si
2442 3045 2607 3100 habes
2633 3045 2719 3114 jus
2764 3041 3058 3098 sacerdotis
3091 3041 3144 3094 in
3175 3039 3492 3107 temetipso,

1903 3142 1990 3196 ubi
2037 3153 2256 3194 necesse
2298 3147 2417 3202 est;
2449 3137 2647 3191 habeas
2695 3143 2909 3205 Oportet
2959 3133 3119 3187 etiam
3149 3130 3490 3200 disciplinam

1908 3235 2200 3292 sacerdotis
2232 3275 2246 3298 ,
2276 3231 2364 3286 ubi
2395 3244 2612 3287 necesse
2637 3229 2708 3283 sit
2739 3227 2936 3282 habere
2957 3225 3046 3295 jus
3073 3222 3386 3279 sacerdotis.
3420 3221 3495 3295 (ο)

1824 3311 1870 3374 C
1905 3331 2154 3400 Digamus
2183 3326 2410 3398 tinguis?
2439 3322 2681 3394 digamus
2709 3319 2871 3376 ollers
2899 3319 3017 3391 (14)
3046 3319 3069 3373 ?
3093 3317 3303 3385 Quanto
3331 3315 3497 3383 inagis

1905 3424 2040 3478 laico
2065 3423 2280 3491 digamo
2308 3417 2537 3489 capitale
2565 3425 2646 3471 est
2695 3428 2854 3484 agere
2877 3426 2974 3482 pro
3024 3406 3303 3466 sacerdote
3335 3407 3452 3477 (15)
3479 3446 3494 3470 ,

1445 3508 1829 3574 LECTIONES
1867 3513 2280 3572 VAIIIANTES.

375 3664 784 3728 Ijepastinationis
814 3662 980 3714 iidem.

376 3726 520 3776 Fines
538 3728 886 3776 contrahuntur
903 3728 1073 3776 absunt
1103 3733 1264 3776 Venet.

373 3789 572 3853 Postera
598 3789 740 3853 Itlten.
768 3788 918 3839 Seml.
944 3789 1084 3853 Leop.

292 3849 344 3900 .‘i't
371 3851 587 3898 Posteris
609 3849 754 3900 lthen.

293 3911 346 3964 tl)
374 3911 466 3960 Uni
490 3911 682 3962 Christo
708 3913 860 3961 Fran.
893 3911 1054 3962 Paris.
1083 3911 1247 3962 Gelen.
1269 3913 1316 3961 in
1341 3911 1534 3962 Christo
1554 3914 1706 3964 Seml.

268 3973 344 4038 (7)
371 3975 612 4038 Struetius
637 3973 780 4024 Rhen.
809 3973 960 4038 εφη.
982 3976 1194 4038 strictius
1217 3975 1366 4022 Fran.
1386 3976 1486 4038 Lat.

269 4033 352 4102 (8)
377 4045 443 4102 (ια
468 4035 601 4102 Rig.;
631 4037 774 4102 "heu.
796 4033 944 4085 editio
965 4049 1086 4099 quos
1113 4035 1333 4102 alleget;
1360 4033 1476 4102 edit.
1506 4045 1653 4086 rran.
1681 4051 1806 4100 quos

197 4097 356 4162 allegi
385 4097 553 4158 liceat';
579 4099 686 4150 cod.
707 4100 916 4162 Wouw.;
936 4097 1058 4162 quos
1084 4097 1229 4159 allegi
1259 4100 1304 4147 in
1328 4099 1433 4146 oud.
1461 4113 1558 4148 sae.
1581 4097 1800 4162 orna-tet:

198 4160 736 4273 lisgffortassuquos
780 4160 1044 4222 allegerint
1084 4163 1134 4210 in
1179 4162 1403 4210 ordinem
1448 4160 1805 4212 sacerdotalem

271 4239 354 4273 on.

271 4239 334 4273 ου
343 4263 354 4273 .

376 4284 515 4336 Licet
532 4297 643 4335 cum
663 4285 845 4348 quibus
869 4297 964 4335 non
983 4284 1130 4335 liceat
1147 4285 1334 4348 excipit
1359 4285 1462 4335 vani
1490 4284 1643 4335 Rhea.
1669 4285 1804 4344 licet,

369 3601 639 3652 Absolescit
665 3604 804 3652 Pam.
838 3599 989 3652 Rhen.
1025 3600 1180 3651 Seml.

325 3604 346 3726 ζ
375 3664 784 3726 Repastinationis
814 3662 980 3714 iidem.

1910 3622 2020 3657 cum
2038 3643 2052 3665 ,
2078 3607 2256 3670 quibus
2293 3618 2386 3654 non
2411 3603 2561 3654 liceat
2584 3603 2785 3666 excepit
2808 3602 2952 3650 Pam.
2982 3597 3096 3648 licet
3119 3609 3164 3645 c.
3185 3609 3234 3658 q.
3263 3608 3312 3643 n.
3341 3593 3373 3641 Ι.
3402 3605 3499 3642 non

1910 3677 2406 3810 ll
2435 3729 2760 3810 sanctiﬁca'tus
2784 3724 2894 3810 ideo
3020 3720 3139 3810 acad.
3161 3717 3502 3810 "ideo

1907 3781 1990 3842 ubi
2034 3781 2185 3842 i‘ran.
2226 3794 2348 3842 Par.
2393 3796 2550 3842 Venet.
2589 3802 2617 3840 a
2654 3788 2762 3837 Deo
2797 3790 2938 3837 Pam.
2974 3783 3126 3834 Seml.
3161 3781 3499 3832 sattctil'tcztus.

1909 3857 2049 3908 Adeo
2074 3857 2216 3908 Leon.

1969 3871 2049 3905 leo
2074 3871 2216 3918 uop.
3109 3908 3120 3917 υ

1969 3920 2073 3980 (ll)
2096 3922 2180 3967 Sic
2205 3917 2409 3981 Itig._q_ui
2437 3921 2512 3981 est
2531 3915 2632 3981 tibi_
2646 3915 2794 3981 Pam;
2815 3911 2966 3981 Fr‘an.
2995 3912 3161 3960 Paris.

1971 3981 1986 4035 l
2001 3972 2074 4038 l2)
2106 3981 2179 4029 Dc
2202 3972 2287 4027 sua
2313 3972 2405 4025 lide
2429 3977 2572 4038 Ithen_.
2596 3978 2734 4024 Pam.
2759 3972 2908 4024 Seml.

1968 4035 2072 4099 (15)
2090 4041 2485 4090 Justillcabuntur
2510 4035 2652 4088 ttlteu.
2674 4040 2814 4086 Pam.

1972 4105 2015 4159 (l
2036 4106 2076 4165 l)
2105 4104 2326 4160 'I‘iugues
2347 4101 2537 4165 offeres
2551 4099 2658 4165 cod.
2696 4100 2880 4165 "fumo.

1973 4152 2078 4227 (I25)
2111 4152 2285 4216 t-‘itiose
2307 4165 2464 4227 prima
2479 4164 2556 4212 ed.
2580 4162 2722 4227 Itltctt.
2746 4160 2869 4227 laico
2890 4159 3017 4227 dicat
3036 4152 3272 4227 quoapud
3294 4153 3504 4227 salutem

1906 4216 2034 4277 sicut
2056 4216 2201 4277 i‘rau.
2229 4228 2288 4275 ad
2307 4216 2518 4274 Salutem
2545 4226 2656 4272 erit.
2685 4226 2828 4273 Pam.
2847 4220 2988 4272 habet
3003 4216 3353 4284 quantotnagis
3381 4216 3503 4266 laico

1908 4290 2036 4338 dicat
2059 4290 2188 4352 quod
2211 4290 2269 4340 ad
2292 4287 2500 4339 salutem
2518 4286 2632 4336 erit.

1579 4369 2139 4430 COMMENTARIUS.

279 4460 550 4534 CAP.VI.
574 4493 643 4502 -—
665 4462 739 4534 (a)
783 4461 889 4517 Sed
927 4470 974 4515 et
996 4460 1251 4534 benedicti
1276 4501 1305 4534 ,ί
1341 4461 1536 4534 inquit,
1565 4460 1801 4515 Patriar-

200 4535 336 4587 clue.
374 4531 533 4587 Libro
560 4534 626 4588 ad
658 4530 922 4605 martyras
947 4551 960 4587 :
984 4530 1129 4605 Inter
1159 4533 1331 4605 carnis
1371 4533 1802 4605 aliinettta‘_bcne-

201 4606 331 4658 dicti
377 4615 619 4675 martyres
655 4602 924 4675 designati.
959 4604 1127 4675 Quem
1159 4602 1410 4675 loquendi
1440 4617 1591 4658 nsum
1642 4603 1809 4659 babes

203 4677 370 4730 etiam
403 4675 492 4729 lib.
512 4673 590 4729 VIV
617 4676 680 4729 de
727 4673 841 4730 Vita
872 4673 934 4728 Β.
970 4673 1200 4728 Martini.

339 4753 400 4804 Et
423 4753 670 4805 Fortunati
693 4755 943 4805 benedicti
963 4754 1189 4816 martyris
1213 4765 1402 4802 urnam.
1533 4752 1601 4803 Le
1627 4753 1716 4803 Pa.

287 4829 371 4897 (b)
397 4825 729 4880 Innumerum
751 4826 956 4882 nubere.
999 4827 1116 4896 Ipse
1133 4824 1257 4879 alibi
1278 4824 1444 4880 dixit:
1477 4823 1812 4897 Plurifariam

203 4899 549 4952 matrimoniis
601 4898 694 4950 uti.
729 4897 846 4953 th.
1659 4959 1670 4968 .

287 4969 362 5041 (tt)
407 4969 688 5041 SiAadhuc
717 4971 864 5041 typi,
894 4968 1055 5037 futuri
1079 4968 1300 5041 alicuius
1338 4977 1654 5041 sacramenta
1675 5009 1689 5032 ,
1722 4984 1811 5041 su-

206 5038 440 5112 persunt,
473 5039 563 5096 Sic
593 5038 783 5112 legitur
829 5040 879 5094 in
925 5039 1252 5112 exemplari,
1309 5051 1482 5112 neque
1531 5038 1688 5112 aliter
1738 5039 1812 5094 le-

205 5107 286 5183 'git
329 5107 685 5183 Hieronymus
723 5109 820 5177 Ep.
865 5111 934 5163 ad
975 5107 1268 5164 Gerontium
1294 5109 1357 5183 de
1388 5107 1594 5178 Mauog.
1630 5108 1811 5180 Typos

206 5180 329 5238 Sive
363 5180 556 5252 ﬁguras
596 5191 864 5249 nuncupat
909 5191 1240 5235 sacramenta
1289 5180 1624 5252 futurorum_,
1661 5185 1810 5250 signa

207 5269 365 5309 sacra
386 5250 572 5320 [signa
601 5269 630 5306 a
663 5253 772 5306 Deo
802 5253 1076 5319 praemissa
1107 5252 1268 5305 futuri
1301 5251 1523 5317 alicujus
1589 5250 1703 5305 Illo.

285 5325 437 5379 CAP.
476 5323 584 5378 VII.
611 5351 681 5363 ——
706 5321 784 5392 (d)
823 5320 1041 5378 Possum
1096 5323 1293 5384 dicere,
1328 5323 1477 5375 etiam
1519 5321 1648 5374 illud
1701 5321 1815 5390 plus

206 5411 322 5451 esse
343 5395 477 5461 quod
503 5395 656 5448 semel
680 5410 778 5447 non
808 5405 900 5447 est.
935 5393 1145 5447 Etenim
1199 5397 1400 5456 semel,
1437 5401 1494 5446 ut
1534 5401 1682 5445 notat
1712 5395 1812 5446 As-

207 5468 402 5523 canius
428 5465 472 5520 II
499 5465 676 5530 Verr.,
709 5481 773 5519 ea:
797 5466 970 5520 eodem
994 5481 1143 5518 sensu
1188 5475 1290 5527 est,
1327 5463 1529 5530 inquit,
1558 5464 1692 5533 quod
1736 5480 1816 5516 sco

209 5539 315 5592 mel
347 5538 398 5590 in
430 5538 530 5591 vita
559 5537 728 5592 risisse
756 5535 994 5591 Crassum
1031 5535 1201 5589 scribit
1244 5533 1468 5587 Lucilius
1491 5575 1508 5602 ,
1553 5544 1600 5587 ct
1659 5534 1813 5588 semel

207 5612 266 5664 in
302 5611 404 5660 vita
441 5607 756 5664 pertimuisse
791 5605 992 5661 Verrem
1022 5604 1242 5660 Tullius.
1280 5605 1402 5660 th.

293 5679 369 5749 (e)
436 5677 534 5733 Ubi
604 5677 928 5732 ecclesiastici
985 5678 1182 5731 ordinis
1215 5693 1331 5749 non
1379 5685 1451 5732 est
1479 5745 1490 5749 Α
1530 5691 1810 5749 consessus.

211 5745 372 5808 Iluuc
414 5749 659 5806 ordinem
701 5759 947 5804 constare
991 5748 1256 5818 episcopis
1289 5789 1303 5810 ,
1353 5745 1720 5818 presbyteris,
1757 5754 1813 5818 et

208 5821 458 5877 iliaconis
502 5820 636 5876 dixit
680 5819 771 5875 lib.
815 5820 878 5874 de
920 5817 1185 5888 Baptismo
1215 5835 1232 5873 :
1268 5819 1447 5888 itaque
1495 5817 1723 5888 diaconi,
1758 5817 1810 5871 in

212 5894 377 5952 tertio
404 5891 708 5951 sacerdotio
753 5887 1060 5957 constituti;
1102 5887 1398 5962 presbyteri
1445 5889 1497 5942 in
1528 5887 1806 5956 secundo;

1913 4468 2091 4536 apices
2121 4476 2174 4522 et
2201 4467 2464 4535 principes
2484 4465 2721 4520 omnium
2751 4460 2985 4536 episcopi
3020 4477 3034 4512 :
3061 4457 3280 4536 n‘nde‘et
3306 4456 3501 4536 summi

1919 4529 2261 4601 sacerdotes,
2295 4549 2348 4592 et
2373 4529 2691 4607 simpliciter
2714 4529 3040 4607 sacerdotes.
3072 4529 3500 4607 Presbyteri-auo

1915 4618 2021 4664 tem
2066 4597 2284 4664 secundi
2339 4597 2684 4670 sacerdotes,
2715 4605 2860 4668 sive,
2921 4610 2979 4656 ut.
3021 4609 3104 4656 est
3150 4597 3286 4668 apud
3333 4597 3502 4670 Sido-

1836 4645 1888 4705 D
1915 4645 2642 4745 :i'u'mivbii't'i‘slitzgyoi‘diti:
2665 4645 3001 4730 inasc‘cbndo.
3052 4645 3304 4745 Dett_i:|ue_
3331 4668 3495 4745 Ia_ici_,

1917 4739 2293 4822 siveplebeii,
2323 4751 2434 4822 sive
2479 4748 2668 4822 plebs.
2701 4745 2880 4822 cieteri
2925 4757 3112 4822 omnes
3145 4743 3210 4822 .in
3267 4739 3502 4822 Ecclesia

1919 4811 2153 4892 nondum
2204 4811 2309 4876 ulla
2347 4811 2614 4892 dignitate
2649 4815 2976 4892 sulTiilti,__ttt
3018 4813 3249 4892 loquitur
3275 4811 3501 4892 Oli-tatus

1918 4891 2282 4955 Milevitanus,
2309 4881 2488 4955 lib.vl,
2528 4889 2616 4962 qui
2660 4898 2715 4942 et
2760 4887 2849 4962 lib.
2883 4885 2948 4962 ΙΙΔ
2989 4881 3503 4962 ministrossubjicit

1917 4963 2179 5017 diaconis.
2213 4952 2360 5016 Certa
2389 4952 2610 5016 membra
2637 4975 2729 5012 sua
2759 4999 2774 5020 ,
2808 4957 2975 5027 inquit
2995 4996 3011 5020 ,
3048 4954 3192 5008 habet
3232 4952 3458 5027 Ecclesia
3482 4967 3502 5005 :

1916 5035 2180 5103 episcopos
2205 5075 2218 5096 ,
2246 5033 2556 5104 presbyteros
2580 5073 2594 5094 ,
2625 5023 2902 5104 diaconos,
2923 5027 3178 5080 ministros
3198 5065 3213 5088 ,
3237 5032 3283 5077 et
3304 5023 3500 5103 turbant

1918 5101 2168 5172 ﬁdelium.
2197 5101 2297 5170 Qui
2328 5101 2495 5157 turbas
2524 5111 2580 5156 et
2603 5101 2877 5154 consessui
2927 5104 3147 5172 praeerat
3171 5137 3186 5158 ,
3227 5101 3499 5148 communi

1918 5165 2175 5229 vocabulo
2205 5165 2482 5229 dicebatur
2522 5187 2720 5242 praeses
2742 5213 2757 5237 ,
2783 5172 2895 5226 sive
2928 5165 3254 5238 praesidens,
3285 5174 3338 5219 et
3363 5181 3500 5235 pne-

1919 5248 2143 5318 positqu
2175 5253 2198 5300 ὸ
2228 5253 2480 5318 προεστώς·
2511 5243 2628 5318 Βίου
2654 5315 2664 5318 _
3007 5311 3017 5318 ,
3239 5305 3268 5318 ..
3290 5307 3301 5318 .

1993 5269 2143 5310 situs,
2175 5271 2198 5300 ο
2228 5271 2262 5300 w
2322 5269 2480 5307 σστως.
2512 5269 2628 5299 mu.

1993 5315 2054 5386 (ι)
2091 5315 2157 5370 Et
2195 5269 2380 5384 o/Igs,
2411 5330 2457 5369 et
2505 5315 2722 5386 tinguis,
2755 5322 2802 5367 ct
2839 5305 3301 5386 sacerdosuesutibi
3343 5306 3501 5386 solus.

1917 5377 2009 5442 Sic
2038 5377 2273 5443 '0innino
2319 5388 2480 5442 habet
2519 5377 2792 5459 exetnplar
2847 5380 3151 5459 Agobttrdi.‘
3176 5377 3500 5459 ξιςιιεςιυιθιῃ

1921 5459 2146 5513 obscura
2192 5460 2439 5514 videnlur
2488 5472 2591 5510 non
2638 5445 3035 5528 advertenlihus
3064 5449 3190 5521 quid
3240 5445 3499 5528 oll'ereudi

1920 5529 2086 5602 verbo
2107 5571 2122 5591 ,
2152 5531 2278 5602 quid
2328 5529 2654 5602 oblationum
2681 5570 2695 5593 ,
2725 5525 2852 5596 quid
2894 5517 3192 5577 orationum
3215 5561 3227 5584 ,
3260 5517 3384 5602 quid
3419 5533 3504 5602 sa-

1916 5588 2264 5664 criﬁciorum,
2295 5601 2420 5670 quid
2452 5588 2700 5670 denique
2726 5588 3182 5670 sacramentorum
3230 5588 3503 5670 vacabulis

1914 5657 2274 5726 Tertulliauus
2303 5657 2814 5741 signiticare'soleat.
2846 5665 2919 5721 Ea
2947 5679 3074 5720 vero
3103 5670 3293 5718 cuncta
3323 5675 3387 5714 ex
3419 5657 3502 5713 ln-

1914 5743 2034 5798 dire
2064 5739 2885 5812 Glossarqucolligeutnr.llic.
2976 5809 2987 5812 _
3176 5811 3179 5812 ν
3260 5800 3298 5812 _
3367 5801 3379 5812 _
3450 5801 3461 5812 ο

1989 5816 2063 5885 (g)
2096 5813 2343 5883 Digamus
2396 5800 2580 5882 tinguis
2604 5812 2635 5885 .'_
2651 5810 2750 5878 Qui
2797 5808 2990 5885 dignati
3035 5811 3223 5867 erant,
3259 5800 3497 5885 Ecclesia

1917 5877 2186 5941 hos'non'
2211 5877 2525 5942 admittebat
2573 5882 2638 5938 ad
2676 5877 3044 5938 sacerdotium
3069 5919 3085 5944 ,
3113 5888 3286 5945 neque
3327 5877 3487 5930 etiam
