4220 6492
725 413 834 474 925

2099 417 2563 476 TERTUIJJANI

3930 419 4041 479 924

725 551 848 591 cum
896 534 991 606 ipsi
1035 533 1303 591 sacerdoti
1345 534 1559 606 digamo
1588 534 1725 591 laeto
1754 536 2026 591 auferatur
2054 552 2211 608 agere
2238 552 2319 592 sa-
2351 537 2397 594 Λ
2429 537 2478 589 di
2513 538 2706 606 i-iplina
2738 554 2830 612 per
2864 538 3215 596 tentatiouem
3265 537 3541 611 probatur,
3576 540 3805 601 tentatio
3837 555 3937 610 per
3970 541 4040 593 li-

730 630 1006 685 cerdotetu
1045 628 1123 702 (l)
1156 631 1170 683 !
1213 628 1319 685 Sed
1360 630 1666 685 necessitati
1690 672 1703 694 ,
1741 629 1918 699 inquis
1942 673 1956 693 ,
1992 629 2320 700 indulgetur.

735 721 892 780 Nulla
939 722 1233 777 necessitas
1287 731 1594 786 excusatur,
1625 736 1745 792 qua:
1791 731 1967 791 potest
2020 738 2124 775 non
2182 737 2323 775 esse.

734 815 852 871 Noli
888 814 1115 886 denique
1150 814 1393 883 digamus
1419 814 1749 884 deprehendi
1774 857 1787 877 ,
1819 823 1875 869 et
1902 831 2006 868 non
2038 815 2279 868 committ
2302 832 2327 865 s

738 910 790 962 in
821 906 1198 962 necessitatem
1228 905 1635 962 administrandi
1664 905 1743 977 (2)
1775 905 1915 976 quod
1951 922 2052 959 mm
2086 905 2204 960 licet
2239 905 2321 958 di-

727 1014 906 1071 gamo.
936 998 1137 1055 Omnes
1172 1014 1272 1055 nos
1311 1000 1451 1054 Deus
1489 1000 1558 1053 ita
1591 998 1699 1053 \‘ttlt
1731 999 1807 1068 (5)
1855 999 2142 1069 dispositos
2170 1013 2320 1063 esse,

730 1101 789 1147 ut
826 1091 1021 1161 ubique
1062 1091 1411 1148 sacramentis
1436 1092 1553 1161 ejus
1582 1090 1844 1147 obeundis
1872 1090 1949 1161 (4)
1985 1093 2092 1160 apti
2137 1092 2324 1145 simus.

733 1185 884 1243 Unus
912 1185 1083 1250 Deus,
1119 1200 1223 1240 una
1257 1186 1421 1250 fides,
1453 1202 1554 1240 una
1584 1196 1637 1240 et
1676 1185 1958 1255 disciplina
1990 1187 2087 1257 (5).
2146 1186 2328 1257 Usque

732 1277 894 1344 adeo,
930 1277 1027 1333 nisi
1053 1289 1107 1334 et
1147 1279 1264 1333 laici
1295 1294 1357 1334 ea
1392 1280 1713 1341 observent,
1750 1296 1843 1347 ιιι-ι’
1873 1295 1990 1346 quae
2029 1280 2325 1349 presbyteri

731 1369 1056 1441 allcguntur,
1088 1372 1359 1438 quomodo
1399 1382 1553 1426 erunt
1586 1372 1886 1442 presbyteri
1914 1412 1927 1436 ,
1962 1372 2050 1442 qui
2082 1371 2150 1426 de
2177 1370 2327 1427 laicis

732 1459 1032 1531 alleguutur
1056 1462 1080 1514 ἱ)
1108 1460 1252 1531 Ergo
1295 1477 1532 1531 pugnare
1561 1463 1639 1531 (6)
1677 1461 1937 1517 debemus
1976 1471 2101 1515 ante
2130 1462 2325 1517 laicum

728 1550 935 1620 iussum
976 1567 1006 1607 a
1037 1553 1277 1609 secundo
1326 1555 1669 1609 matrimonio
1721 1555 1993 1608 abstinere.
2046 1555 2126 1623 (7)
2152 1596 2166 1619 ,
2198 1555 2323 1610 dum

732 1646 1013 1717 presbyter
1037 1661 1158 1703 esse
1186 1663 1289 1702 llOtl
1320 1648 1455 1702 alius
1493 1655 1689 1718 potest,
1732 1663 1888 1718 quam
1916 1647 2081 1702 laicus
2125 1649 2212 1719 qui
2245 1649 2325 1719 (8)

734 1738 899 1794 semel
929 1738 1095 1794 fuerit
1143 1741 1367 1795 maritus
1398 1740 1497 1811 (9).

1323 1831 1555 1887 CAPUT
1597 1830 1729 1887 VIII.

2430 634 2658 687 centiam
2691 643 2964 703 operatur.
2996 632 3069 687 Ita
3120 634 3213 699 lit,
3241 644 3299 689 ut
3339 635 3509 688 omnia
3551 636 3739 688 liceant
3766 676 3782 699 ,
3818 636 3909 687 sed
3938 652 4040 685 non

2430 725 2600 776 omnia
2647 723 3120 793 expcdiant;dum
3175 733 3412 779 tentatur
3455 723 3545 780 cui
3597 724 3955 795 permittitur,
3990 736 4043 779 et

2425 817 2695 886 jmlicatur
2721 818 2838 886 (l5)
2864 816 2988 871 dum
3022 817 3073 871 in
3098 818 3455 886 permissione
3483 826 3721 872 tentatur
3745 818 3846 883 (bl.
3882 817 4042 871 Lice-

2433 909 2519 962 bat
2566 919 2618 963 et
2666 910 2940 978 Apostolis
2984 910 3187 974 nubere,
3248 920 3295 963 et
3344 925 3529 963 uxores
3587 911 3973 964 circumducere
4002 909 4044 979 (l

2430 998 2545 1053 Cor.
2581 999 2836 1067 ν1,12);
2879 1000 3075 1056 licebat
3113 1010 3167 1055 et
3209 1000 3277 1055 de
3325 1001 3614 1071 Evangelio
3654 1003 3747 1055 ali.
3790 999 3901 1058 Sed
3948 1003 4041 1071 qui

2428 1090 2547 1161 jure
2575 1090 2679 1147 hoc
2708 1107 2838 1146 usus
2882 1107 2988 1146 nou
3021 1100 3105 1146 est
3135 1092 3186 1147 in
3214 1093 3554 1148 occasionem
3580 1135 3595 1159 ,
3627 1093 3694 1148 ad
3725 1094 4041 1163 exemplum

2432 1198 2529 1238 nos
2554 1199 2708 1238 suum
2740 1194 2993 1253 provocat
3015 1224 3028 1242 .
3060 1183 3263 1240 docens
3295 1184 3348 1239 in
3376 1199 3443 1240 eo
3464 1198 3587 1240 esse
3616 1185 4040 1254 probationem,

2432 1275 2484 1328 in
2526 1289 2636 1344 quo
2678 1274 2890 1330 licentia
2921 1274 3354 1346 experimentum
3385 1274 3727 1331 abstinentim
3766 1286 4039 1345 przestru-

2432 1364 2510 1419 xit
2540 1364 2679 1436 (l6).

3077 1455 3308 1513 CAPUT
3347 1456 3439 1512 IX.

2502 1549 2557 1605 Si
2609 1551 2826 1620 penitus
2870 1563 3064 1605 sensus
3107 1552 3225 1619 ejus
3270 1551 3712 1620 interpretemur,
3744 1565 3855 1606 non
3895 1550 4044 1605 aliud

2431 1642 2713 1699 dicendmn
2751 1643 2856 1698 erit
2903 1642 3199 1697 secundum
3244 1642 3681 1707 matrimonium,
3709 1658 3875 1713 quam
3906 1660 4040 1711 spe-

2430 1738 2539 1791 cies
2573 1735 2764 1805 stupri.
2795 1734 2926 1789 Cum
2970 1735 3113 1788 enim
3130 1733 3303 1797 dicat,
3325 1736 3548 1789 maritos
3568 1733 3670 1788 hoc
3693 1734 3746 1788 in
3770 1734 4041 1789 sollicitu-

2430 1830 2553 1885 dine
2570 1828 2790 1895 habere,
2810 1826 3261 1897 «prernadmodum
3285 1827 3384 1883 sibi
3409 1827 3655 1897 placeant
3679 1843 3694 1891 ;
3727 1842 3835 1882 non
3859 1830 4045 1894 utique

804 1920 985 1976 Liceat
1026 1937 1168 1978 nunc
1214 1923 1394 1979 denuo
1440 1923 1639 1979 nubere
1664 1964 1680 1990 ,
1706 1924 1751 1978 si
1785 1938 1946 1979 omne
1999 1924 2145 1994 quod
2202 1925 2324 1979 licet
2360 1928 2402 1986 κ
2431 1923 2497 1978 de
2537 1923 2774 1978 moribus
2822 1924 2967 1993 (nam
3008 1921 3198 1975 bonam
3259 1920 3671 1975 sollicitudinem
3720 1936 3831 1974 non
3871 1922 4042 1990 sugil-

734 2010 932 2068 bonum
960 2023 1060 2069 est.
1098 2014 1240 2069 Idem
1289 2016 1567 2085 Apostolus
1606 2016 1871 2071 exclamat
1897 2034 1909 2070 :
1939 2019 2110 2070 omnia
2140 2018 2323 2083 licent,

733 2104 822 2157 scd
848 2120 949 2158 non
977 2106 1149 2159 omnia
1165 2116 1373 2174 prosunt
1401 2107 1514 2177 (l0)
1536 2107 1577 2177 (1
1607 2107 1725 2161 Cor.
1756 2106 1820 2161 \‘l
1844 2150 1859 2173 ,
1894 2107 2007 2178 12).
2033 2108 2186 2175 Quod
2220 2124 2324 2161 nou

734 2195 987 2266 prodest,
1014 2211 1114 2251 oro
1161 2207 1211 2253 te
1234 2241 1247 2262 ,
1283 2199 1477 2252 bonam
1527 2208 1702 2268 potest
1736 2199 1838 2253 dici
1867 2200 1890 2252 ?
1918 2200 1973 2255 Si
2010 2200 2149 2256 licita
2202 2210 2328 2255 sunt

732 2297 788 2345 et
844 2306 964 2360 qua:
1022 2305 1129 2346 non
1191 2306 1287 2361 pro
1332 2293 1504 2347 salute
1536 2334 1550 2356 ,
1579 2307 1707 2362 ergo
1756 2302 1813 2348 et
1859 2309 1978 2363 qua!
2031 2310 2135 2348 non
2187 2295 2325 2349 bona

733 2390 897 2444 sunt,
930 2379 1073 2435 licita
1119 2392 1261 2435 sunt.
1294 2381 1432 2450 Quid
1484 2393 1662 2437 autem
1696 2384 1865 2453 magis
1895 2384 2033 2440 ri-lle
2059 2385 2283 2440 debebis
2308 2428 2321 2453 ,

733 2473 873 2543 quod
898 2473 1014 2529 ideo
1042 2474 1156 2546 (11)
1180 2475 1374 2530 bomnu
1392 2486 1493 2542 est,
1511 2478 1631 2546 quia
1663 2476 1809 2542 licet,
1834 2493 1899 2530 an
1915 2477 2055 2547 quod
2073 2477 2191 2531 ideo
2210 2479 2255 2548 (l
2275 2479 2325 2547 l)

733 2566 855 2635 quia
900 2566 1160 2634 prodest?
1191 2568 1412 2623 Multum
1454 2570 1704 2624 existimo
1732 2585 1853 2625 esse
1882 2570 2020 2626 inter
2052 2571 2323 2626 licentiam

732 2667 788 2713 et
803 2657 1028 2713 salutem
1057 2659 1193 2727 (12).
1214 2660 1287 2714 De
1319 2660 1460 2714 bono
1492 2676 1596 2715 non
1614 2661 1809 2717 dicitur
1838 2662 1979 2729 (l5),
2013 2662 2158 2727 licet,
2198 2664 2323 2732 quia

735 2748 933 2803 bonum
952 2750 1181 2819 permitti
1198 2766 1302 2806 non
1319 2763 1617 2822 exspectat,
1634 2754 1727 2808 sed
1758 2753 1985 2809 adsumi.
1998 2754 2328 2810 Pertnittitur

734 2848 910 2894 autem
942 2840 1104 2911 quod,
1132 2858 1201 2896 an
1230 2841 1426 2898 bonum
1448 2845 1539 2911 sit,
1574 2846 1627 2899 iu
1654 2844 1819 2900 dubio
1844 2855 1950 2912 est,
1981 2845 2122 2915 quod
2153 2856 2329 2916 potest

732 2940 891 2993 etiam
922 2954 1027 2994 non
1070 2942 1304 3011 permitti
1332 2983 1346 3004 ,
1377 2941 1421 2996 si
1450 2957 1554 2996 non
1586 2942 1779 2998 habeat
1800 2942 2029 3012 aliquam
2058 2942 2137 2997 sui
2166 2958 2325 2997 caus-

731 3045 845 3086 sam
878 3032 1122 3099 primam.
1172 3034 1397 3104 Propter
1448 3036 1850 3090 incontinentiae
1884 3036 2173 3102 perieulum
2205 3051 2329 3107 per-

733 3126 965 3181 mittitur
1000 3127 1201 3183 nubcrc
1248 3128 1524 3194 secundo;
1555 3130 1675 3200 quia
1709 3130 1807 3184 nisi
1856 3130 2069 3185 licentia
2102 3130 2327 3199 alicujus

732 3229 838 3271 nou
868 3218 1022 3273 home
1050 3220 1125 3274 rei
1157 3220 1493 3290 subj-iceret,
1526 3238 1632 3275 non
1675 3233 1822 3277 esset
1852 3222 1902 3275 in
1933 3237 2039 3291 quo
2072 3222 2328 3292 probare-

2433 2015 2585 2084 laret)
2609 2032 2622 2081 ;
2661 2024 2713 2068 et
2742 2014 2811 2069 de
2836 2014 3002 2076 cultu,
3023 2023 3074 2067 et
3101 2022 3291 2066 ornatu
3311 2054 3325 2075 ,
3355 2020 3411 2065 et
3434 2012 3577 2065 mnni
3607 2010 3789 2065 studio
3818 2012 4043 2075 fortuna,

2430 2108 2493 2162 ad
2519 2106 2795 2163 illecebras
2815 2104 3105 2160 movendas
3125 2103 3241 2175 (17)
3262 2102 3524 2157 sollicitos
3546 2102 3771 2172 intelligi
3796 2103 3951 2167 velit;
3978 2105 4044 2157 de

2432 2201 2599 2252 forma
2628 2206 2806 2253 autem
2829 2208 2877 2252 et
2900 2196 3046 2250 cultu
3071 2195 3281 2265 placere
3306 2194 3537 2250 carnalis
3572 2194 4038 2263 concupiscentiae

2431 2294 2699 2362 ingenium
2720 2293 2809 2356 sit,
2833 2305 2951 2361 quae
2972 2290 3132 2344 etiam
3156 2288 3322 2357 stupri
3346 2301 3535 2342 caussa
3555 2297 3664 2343 est:
3684 2286 3884 2357 ecquid
3904 2289 4047 2340 vitle-

2434 2397 2519 2441 tttr
2547 2386 2639 2441 tibi
2676 2386 2845 2455 stupri
2888 2384 3067 2438 adline
3097 2397 3218 2438 esse
3244 2382 3540 2438 secundum
3582 2382 3999 2436 matrimonium
4028 2426 4041 2441 ,

2429 2481 2679 2552 quoniam
2708 2494 2770 2533 ea
2794 2479 2845 2533 in
2874 2478 2963 2533 illo
2979 2477 3325 2546 deprehendo
3345 2493 3463 2548 qua:
3486 2487 3675 2546 stupro
3698 2476 4044 2548 competunt?

2432 2572 2678 2642 IpseUS)
2700 2572 2955 2625 Dominus
2980 2588 2989 2621 :
3014 2570 3114 2637 Qui
3131 2568 3803 2635 viderit,iuquit,muliercm
3825 2570 3894 2621 ad
3916 2586 4012 2623 con
4029 2600 4041 2607 -

2430 2665 2809 2728 cupiscendum,
2854 2664 2956 2731 iam
2987 2663 3234 2731 stupravit
3254 2678 3364 2714 rant
3394 2662 3446 2715 in
3472 2661 3624 2715 corde
3647 2677 3742 2715 suo
3789 2660 4007 2729 (Matth,
4028 2703 4039 2724 ,

2434 2756 2497 2821 γ,
2539 2755 2653 2825 28).
2711 2754 2813 2821 Qui
2869 2762 3043 2807 autem
3105 2767 3222 2807 eam
3294 2752 3359 2806 ad
3408 2751 3713 2806 duccndmn
3801 2754 4038 2811 viderit.

2433 2851 2606 2903 minus
2635 2846 2704 2916 (c)
2751 2863 2815 2899 an
2840 2845 2957 2914 plus
2979 2844 3102 2899 fecit
3125 2844 3281 2913 (19)?
3310 2843 3471 2911 Quid,
3499 2845 3543 2898 si
3583 2845 3745 2899 etiam
3778 2844 4045 2899 duxerit?

2431 2940 2571 3012 quod
2590 2938 2927 2993 uoul'aceret.
2962 2937 3059 2990 nisi
3081 2945 3130 2990 et
3151 2935 3216 2990 ad
3241 2935 3547 2990 ducendum
3576 2938 3953 3007 concupisset.
3997 2949 4048 2992 et

2432 3033 2496 3089 ad
2524 3030 3013 3101 concupiscendum
3030 3029 3271 3085 vidisset.
3305 3029 3415 3085 Nisi
3439 3031 3481 3084 si
3512 3040 3689 3099 potest
3712 3031 3836 3085 duci
3862 3047 4044 3094 uxor,

2433 3142 2590 3197 quam
2629 3139 2733 3179 non
2775 3123 2974 3179 videris
3002 3137 3099 3177 nec
3124 3122 3460 3190 concupieris
3487 3120 3628 3194 (20).
3653 3123 3878 3178 Multum
3909 3140 4048 3179 sane

2435 3219 2679 3282 intere5t,
2716 3217 2941 3270 maritus
2971 3230 3037 3268 au
3088 3215 3286 3269 caelebs
3330 3214 3488 3269 aliam
3518 3216 3869 3286 concupiscat
3904 3218 4047 3287 (il).

733 3317 819 3364 tttr
854 3311 943 3381 qui
996 3311 1189 3366 dit-ina:
1238 3312 1495 3369 Voluntati
1516 3355 1530 3377 ,
1558 3322 1613 3367 et
1642 3314 1729 3382 qui
1759 3328 1871 3367 suae
1926 3313 2173 3381 potestati
2222 3313 2320 3367 ob—
2350 3318 2395 3379 (ζ
2430 3310 2617 3368 Omnis
2643 3308 2834 3361 mulier
2856 3307 3015 3361 etiam
3036 3305 3210 3361 eclibi
3236 3306 3338 3360 alia
3365 3318 3448 3361 est
3470 3306 3609 3377 (22),
3635 3310 3896 3378 quamdiu
3914 3312 4053 3365 alic-

731 3412 1077 3473 sequeretur;
1102 3405 1177 3476 (a)
1195 3406 1313 3475 quis
1330 3418 1571 3461 noSIruiu
1596 3406 1833 3460 utilitatis
1854 3405 2189 3473 praesentiam
2205 3407 2252 3477 (l
2276 3407 2321 3475 1)

731 3504 989 3562 sectetur,
1021 3506 1077 3551 ct
1123 3498 1243 3569 quis
1286 3498 1628 3553 occasionem
1680 3499 1908 3555 licentiae
1962 3500 2319 3569 amplexetur.

731 3584 972 3642 Licentia
1000 3586 1315 3661 plerumque
1343 3590 1565 3646 tentatio
1590 3600 1673 3646 est
1702 3589 1998 3661 disciplinae
2024 3631 2039 3654 ,
2058 3591 2320 3660 quoniam

2430 3419 2537 3465 na;
2590 3414 2689 3455 nec,
2744 3413 2839 3467 per
2867 3397 3013 3453 aliud
3064 3408 3241 3452 tamen
3293 3398 3351 3452 lit
3395 3399 3610 3465 marita,
3637 3400 3738 3454 nisi
3769 3415 3872 3471 per
3899 3404 4049 3471 (ltttid

2428 3505 2479 3550 et
2506 3493 2768 3549 adultera.
2803 3490 2969 3562 Leges
2999 3490 3247 3545 \identur
3276 3491 3598 3547 matrimonii
3629 3504 3683 3547 et
3709 3495 3885 3563 stupri
3935 3496 4047 3548 dil-

2428 3586 2706 3642 leri-ntiam
2757 3582 2934 3639 facere
2994 3596 3088 3652 per
3110 3582 3477 3639 diversitatem
3526 3584 3741 3652 illiciti,
3795 3600 3912 3640 non
3950 3602 4053 3656 per

1946 3707 2326 3764 LECTIONES
2364 3700 2780 3761 V'ARIANTES.

797 3818 871 3884 (1)
906 3818 1080 3872 Prima
1114 3820 1264 3872 Rhea.
1313 3820 1465 3885 leget).
1510 3823 1962 3885 saecrdotidicitur
1999 3834 2161 3885 quove
2197 3819 2323 3885 facto

731 3882 1115 3949 emm'nunicatur
1138 3886 1258 3947 (pro
1295 3882 1388 3949 quo
1433 3888 1531 3949 Lat.
1583 3882 2322 3949 reposuitAexcuruiuunicatur)

733 3947 927 4013 actione
948 3946 1233 4013 sacerdotis;
1260 3946 1402 3999 Pam.
1426 3948 1576 4013 legcb.
1602 3963 1612 3997 :
1634 3949 1717 4012 qui
1732 3962 1794 3999 eo
1804 3946 1931 3998 facto
1947 3946 2327 3997 communicatur

732 4009 924 4059 actione
947 4009 1230 4061 sacerdotis.

796 4070 870 4190 (ξ)
894 4071 1202 4143 Necessitate
1226 4073 1616 4124 administrantes
1637 4074 1789 4123 Fran.

820 4135 870 4190 5)
893 4132 1057 4183 Voluit
1084 4134 1226 4185 Illtt’tt.
1253 4139 1394 4185 Pam.

812 4132 870 4196 ἦ)
893 4132 1057 4196 Voluit
1084 4134 1226 4185 Illtt’tt.
1253 4139 1394 4185 Pam.

737 4193 879 4305 Ρ
897 4195 1140 4246 Sauctioai
1166 4198 1276 4260 ejus
1293 4197 1534 4247 obeunda:
1555 4197 1621 4247 al.
1662 4198 1943 4248 sanctiones
1973 4196 2080 4259 ejus
2108 4193 2323 4246 obeunti.

784 4269 879 4305 11111.

800 4320 875 4391 (ῑρ)
905 4326 976 4369 Ita
996 4317 1149 4372 edidit
1170 4320 1346 4389 Rigalt.
1371 4321 1535 4374 ca'tcri
1560 4321 1634 4372 vel
1664 4322 1857 4374 ontt'scr.
1896 4319 1967 4372 rel
1999 4318 2118 4369 nihil
2155 4317 2329 4368 habent

734 4394 858 4433 smn.

797 4442 871 4511 (li)
908 4444 1322 4511 Perterredtthen.
1353 4456 1498 4499 Frau.
1526 4445 1692 4498 Paris.
1732 4448 1965 4511 praeferre
1990 4448 2133 4496 Pam.
2174 4444 2329 4493 Fran.

735 4505 957 4569 proferre
977 4507 1086 4558 call.
1124 4509 1310 4559 ll'omt'.

801 4568 874 4622 l7)
900 4566 1137 4619 Retinere
1164 4573 1303 4621 Pam.
1328 4572 1479 4622 Seml.
1502 4574 1757 4621 continere
1780 4570 1889 4622 cod.
1928 4570 2111 4620 ll'mur.

801 4630 875 4688 (8)
902 4631 992 4688 Qui
1017 4630 1150 4683 abest
1172 4648 1203 4683 η
1222 4634 1373 4685 Seinl.

800 4692 874 4747 (9)
896 4693 1151 4744 Mat-italus
1175 4694 1326 4747 thn.
1349 4694 1498 4747 Seml.
1525 4698 1667 4747 Pam.

798 4753 906 4818 (l0)
932 4756 1027 4806 Pro
1056 4758 1217 4809 salute
1236 4758 1388 4811 Ithcn.
1414 4763 1554 4811 Pam.
1580 4757 1732 4810 Seml.

2493 3813 2597 3931 (ll)
2620 3813 2753 3887 Ergo
2806 3811 2959 3863 Rhea.
2986 3813 3125 3888 ram.
3384 3870 3395 3881 ο

2525 3879 2598 3931 li)
2630 3878 2645 3925 l
2671 3877 2893 3927 ttlttatem
2915 3875 3033 3926 edit.
3056 3884 3074 3919 ι
3092 3879 3395 3925 ωιειλωιρη

2525 3872 2598 3939 li)
2630 3872 2893 3927 [tilitatem
2915 3872 3033 3939 edit.
3056 3872 3395 3939 I‘eitct.t'tt.’teri
3417 3872 3643 3924 salutem.

2496 3935 2603 4001 (15)
2627 3939 2735 3988 Non
2750 3940 2899 3988 vincis
2920 3936 3107 4001 scilicet
3132 3935 3275 4001 nheri.

2491 3997 2596 4065 (14)
2623 4002 2959 4065 [fnestatttiam
2974 4000 3096 4062 forte
3118 3997 3229 4065 Rig.

2490 4062 2600 4184 (l5)
2624 4063 2711 4114 Cui
2738 4064 3036 4124 permittitur
3049 4068 3102 4111 et
3127 4062 3245 4111 vinci
3264 4073 3354 4133 ius.
3376 4068 3556 4110 ηὀωο.

2522 4126 2596 4184 lli)
2638 4127 2992 4176 Abstinentiam
3032 4129 3320 4184 praestruit
3357 4129 3471 4172 Jun.
3520 4135 3556 4184 p‘

2504 4123 2596 4192 illi)"
2638 4127 2992 4176 Abstinentiam
3032 4123 3320 4187 praestruit
3357 4129 3471 4172 Jun.
3520 4124 3873 4186 prestruxerit
3937 4128 4051 4177 coit.

2440 4192 2625 4241 Wouw.

2496 4252 2600 4312 (l7)
2628 4248 2898 4312 Moliondas
2922 4246 3073 4299 Seml.
3100 4248 3181 4312 ed.
3217 4254 3379 4312 Venet.

2497 4307 2601 4372 (18)
2630 4313 2826 4362 Interim
2846 4310 3082 4360 Dominus
3106 4310 3213 4373 ipse
3236 4307 3387 4360 Rhea.
3413 4308 3562 4359 Fran.
3590 4311 3713 4373 Par,
3740 4311 3887 4373 Pani.

2496 4377 2513 4434 (
2526 4371 2600 4437 to)
2629 4375 2790 4424 llliuus
2814 4372 3023 4437 perfecit
3049 4371 3202 4424 Frau.
3235 4374 3367 4437 Par.)
3386 4373 3547 4437 mimis
3571 4385 3656 4436 par
3680 4371 3801 4422 fecit
3828 4371 3994 4423 Rhea.

2496 4433 2601 4501 (20)
2628 4437 2726 4487 Etsi
2753 4433 2846 4486 nou
2862 4435 3070 4501 _vider_is,
3092 4436 3401 4501 concupieris
3416 4433 3592 4484 saltem
3609 4470 3624 4494 ,
3647 4448 3757 4485 cum
3786 4438 3951 4501 ipsum
3967 4438 4059 4485 du-

2496 4449 2601 4501 (ευ)
2628 4449 2726 4487 usu
2753 4449 2846 4486 nou
2868 4449 3070 4492 riaerts,
3092 4449 3280 4545 concur

2432 4514 2552 4550 cere
2580 4500 2793 4559 (‘mpt-t‘is
2820 4495 2965 4546 nheu.
2984 4499 3120 4559 rPar.
3140 4504 3185 4547 et
3208 4510 3238 4545 a
3267 4533 3276 4543 .

2498 4562 2601 4625 (21)
2622 4558 2823 4625 Maritus
2838 4562 2900 4607 ab
2920 4558 3028 4625 zelo
3050 4572 3147 4625 non
3169 4559 3523 4625 concupiscens
3538 4568 3687 4610 l-Tan.
3717 4558 3891 4611 Paris.
3935 4562 4063 4611 mul-

2436 4633 2537 4675 tum
2563 4620 2682 4671 sane
2706 4624 2850 4671 abest
2870 4623 3075 4671 maritus
3097 4621 3158 4670 ah
3174 4620 3283 4669 zelo
3297 4620 3440 4670 Pam.

2359 4717 2413 4777 Ι)
2501 4685 2605 4751 (22)
2632 4685 2806 4735 Mulier
2828 4682 3024 4734 zelivira
3044 4684 3273 4734 estPam.
3296 4686 3419 4735 Par.
3451 4683 3601 4734 Frtm.

2087 4856 2647 4915 COMMENTARIUS.

740 4984 891 5045 χήρη
927 4983 1106 5045 λαϐὼν,
1158 4978 1249 5031 hos
1316 4994 1415 5032 non
1451 4979 1571 5033 sinit
1619 4975 1843 5032 Ecclesia
1882 4974 2153 5045 prouidere
2178 5017 2192 5039 ,
2246 4972 2326 5027 in-

739 5044 892 5114 quit,
926 5044 1011 5098 hic
1043 5048 1208 5114 idem,
1239 5049 1331 5102 lib.
1366 5050 1381 5102 Ι
1414 5050 1479 5104 ad
1512 5048 1741 5104 Uxorem
1767 5091 1780 5109 ,
1808 5064 1857 5101 e.
1888 5048 1941 5101 7.
1977 5046 2073 5101 Ls.
2106 5046 2199 5100 Pu.

809 5113 962 5169 CAP.
998 5117 1126 5191 ll.
1149 5113 1222 5159 -ὲ
1243 5120 1317 5191 (a)
1348 5120 1473 5187 Quis
1494 5132 1719 5173 nostrum
1749 5120 1976 5191 utilitatis
1998 5117 2327 5191 rprtvseutia‘nt

737 5195 967 5241 sectetur.
1018 5187 1178 5246 Forte
1203 5233 1217 5255 ,
1253 5187 1655 5260 'prrcstautimn,
1688 5190 1828 5257 quod
1861 5190 2172 5242 vocabulum
2201 5187 2324 5260 alibi

740 5268 982 5332 usurpat,
1004 5273 1126 5314 cum
1155 5261 1206 5316 id
1233 5258 1646 5332 si‘gnilicatquod
1674 5271 1755 5316 est
1773 5260 2181 5332 conducibilius.
2202 5258 2322 5332 llic.

817 5326 897 5399 (b)
924 5327 1138 5399 Licebat
1166 5343 1213 5386 et
1244 5326 1500 5397 apostolis
1524 5326 1728 5395 nubere,
1757 5343 1802 5386 et
1828 5348 2010 5386 uxores
2034 5330 2325 5383 circumdu-

741 5398 1010 5473 cerc._Eas
1040 5402 1309 5459 habebant
1344 5419 1441 5473 pro
1469 5404 1763 5468 sororibus,
1785 5413 1839 5456 ιιι
1868 5404 2064 5455 Strom.
2094 5399 2158 5454 Ill
2188 5441 2200 5464 ,
2234 5399 2329 5473 do-

740 5478 829 5524 cet
857 5469 1106 5528 Clcmens
1134 5475 1285 5530 Alex.
1306 5492 1319 5527 :
1340 5469 1479 5529 unde
1510 5475 1935 5533 Lutberauorum
1956 5482 2179 5526 conatus
2202 5470 2333 5524 abiit

744 5540 810 5615 in_
831 5541 1038 5610 lentos,
1068 5546 1156 5615 qui
1183 5562 1247 5602 ex
1276 5545 1609 5602 Tertulliauo
1648 5546 1954 5615 conjugium
2006 5544 2328 5615 clericorum

744 5609 1034 5688 adstruere
1066 5609 1324 5673 nituntur.
1366 5618 1492 5673 Post
1537 5609 2042 5688 Magdeb'urgeuses,
2080 5614 2331 5688 Callistus

750 5680 976 5754 insignis
1026 5687 1340 5744 lutheranus
1372 5689 1472 5745 hoe
1499 5680 1751 5744 tuendum
1797 5680 2031 5756 suscepit
2054 5728 2068 5749 ,
2104 5686 2329 5739 librum-

747 5768 850 5821 que
880 5759 1243 5827 pmtgraudetu
1275 5761 1442 5815 edidit
1460 5761 1527 5816 de
1548 5761 1797 5831 coniugio
1819 5759 2154 5831 clericorum.
2188 5756 2242 5810 Ιιι
2266 5771 2332 5809 eo

746 5833 924 5879 autem
960 5844 1155 5901 errore
1198 5828 1672 5901 deprehenduntur
1710 5828 1957 5886 Socrates
1998 5840 2050 5883 ct
2079 5828 2331 5901 Spemne-

750 5908 853 5967 nus
883 5898 971 5966 qui
1009 5898 1281 5956 Niczenuui
1309 5902 1592 5959 concilium
1620 5905 1771 5957 aiunt
1796 5903 2021 5957 libermn
2053 5899 2333 5967 reliquisse

748 5964 964 6025 clericis
992 5972 1300 6045 conjugium
1325 6016 1340 6043 ,
1368 5974 1513 6046 quod
1558 5990 1717 6045 quam
1743 5975 1932 6030 falsum
1965 5971 2033 6027 sit
2061 5964 2218 6026 docet
2244 5982 2335 6024 ca-

2432 4986 2534 5026 non
2565 4971 2751 5025 tertius
2771 5012 2786 5036 ,
2815 4975 3134 5041 ἀτηγορῒύπν
3171 4972 3375 5025 κιθὸλδυ
3400 4979 3430 5031 ἡ
3471 4974 3660 5042 μεγάλη
3690 4972 3888 5033 Σύνςδιά
3930 4988 4060 5039 μήτε

2430 5048 2691 5111 innata),
2723 5058 2842 5110 μνζτι
2864 5051 3182 5112 «poem-ipa»,
3213 5057 3335 5108 μήτε
3365 5045 3591 5113 διακόνῳ,
3619 5057 3743 5109 μήτε
3795 5048 3923 5105 diu;
3967 5050 4062 5100 τινὶ

2430 5128 2519 5171 τσν
2551 5121 2595 5168 ἰν
2639 5117 2794 5182 ιλτρῳ
2840 5121 3013 5177 ὶενίνςιι
3044 5124 3346 5169 contmnor
3377 5121 3503 5181 εχςιν
3529 5130 3541 5143 ’
3577 5120 3704 5167 alia
3748 5117 3793 5166 αἱ
3831 5126 3914 5179 μη)
3966 5124 4066 5185 ὄρει

2430 5192 2659 5253 μητερκῆ
2687 5188 2911 5254 ἀδεὶῖὶν,
2936 5192 2965 5243 ἢ
2992 5187 3145 5250 θύειν,
3168 5191 3197 5244 ἢ
3216 5187 3247 5233 εἱ
3264 5194 3388 5251 μόνη.
3406 5188 3708 5254 τεὸς-ωτιπᾶ
3728 5207 3822 5238 σαν
3838 5190 4065 5253 ὑπεδίνή

2434 5252 2763 5325 διιτῐρηυντν.
2802 5252 3022 5307 Omnino
3048 5254 3328 5326 prohibuit,
3352 5252 3536 5325 ntagnu
3561 5256 3788 5327 synodus
3805 5297 3819 5314 .
3848 5272 3923 5310 ue
3950 5252 4066 5325 epi-

2435 5342 2656 5397 scapus,
2701 5341 2860 5390 neque
2903 5328 3181 5394 presbyter,
3228 5341 3388 5397 neque
3429 5326 3709 5391 diaconus,
3746 5342 3922 5397 neque
3966 5329 4066 5381 ulli

2437 5395 2633 5451 ordinis
2663 5396 2988 5451 ecclesiastici
3025 5395 3321 5450 ertraneant
3361 5395 3545 5451 habere
3564 5439 3578 5463 ,
3611 5407 3796 5466 prater
3824 5395 4060 5452 matrem

2435 5479 2523 5521 aut
2552 5484 2777 5522 sororem
2803 5478 2891 5521 aut
2922 5468 3132 5521 antitam
3151 5510 3165 5529 ,
3197 5478 3286 5521 aut
3316 5484 3401 5523 eas
3429 5477 3629 5522 tantum
3652 5483 3909 5538 personas
3947 5487 4065 5537 quae

2435 5556 2467 5592 a
2492 5540 2778 5607 suspicione
2804 5541 2941 5592 auaui
2966 5548 3131 5593 essent
3158 5540 3424 5592 immunes.
3457 5539 3599 5594 Idem
3628 5540 3796 5593 habes
3838 5554 3982 5593 can.
4008 5543 4065 5601 3.

2434 5625 2567 5665 conc
2617 5610 2868 5677 Carthag.
2902 5620 2955 5665 et
2982 5627 3047 5664 ex
3080 5612 3194 5669 iure
3210 5610 3371 5668 civili,
3403 5611 3437 5664 l.
3468 5614 3656 5673 sacris,
3680 5624 3803 5664 can.
3838 5610 3926 5665 43
3961 5653 3979 5676 ,
4008 5628 4064 5668 c.

2435 5682 2503 5737 de
2530 5682 2696 5750 epise.
2724 5691 2778 5735 et
2800 5680 2931 5735 cler.
2973 5681 3048 5736 Ls
3092 5681 3184 5736 l’tt.

2507 5749 2663 5808 CAP.
2693 5750 2783 5825 lx.
2816 5752 2975 5825 —(c)
3011 5751 3182 5825 Alinas
3225 5769 3291 5805 au
3322 5751 3438 5825 p_lus
3465 5752 3624 5824 fecit!
3651 5749 3708 5805 In
3740 5754 4065 5821 exemplari

2442 5823 2655 5891 legitur,
2709 5824 2873 5878 mium
2898 5823 3121 5887 amplius
3154 5824 3300 5894 fecit.
3337 5823 3498 5894 Forte
3525 5831 3701 5876 autem
3735 5825 3946 5876 vocula
3997 5843 4068 5878 mi

2443 5909 2563 5949 cum
2648 5896 2893 5964 sequenti
2952 5895 3149 5951 coaluit
3209 5893 3482 5951 adﬁnitate
3538 5894 3675 5960 soni,
3727 5894 3917 5949 minus
4001 5914 4070 5949 au

2445 5967 2583 6035 ptius
2608 5967 2750 6036 fecit.
