4220 6492
234 373 343 432 9‘35

1171 376 1372 434 LIBER
1422 377 1509 436 DE
1548 377 2083 436 EXIIORTATIONE
2123 380 2547 441 CASTITATIS.

3419 383 3526 443 99.6

235 491 603 550 conditionem
631 493 710 550 rei
743 493 928 562 ipsius.
975 493 1223 565 Alioquin
1255 513 1372 564 quae
1399 495 1479 566 (1)
1503 511 1591 550 res
1621 507 1673 550 ct
1697 497 1822 550 \‘II'IS
1849 498 1901 555 Α
1927 497 2224 551 oralionem
2245 497 2367 552 facit
2392 499 2456 552 ad
2485 498 2973 570 Domiunm,prope
2994 507 3077 556 est
3101 499 3258 557 cmlo.
3287 500 3342 557 Si
3367 504 3528 573 serip-

241 600 298 644 et
356 589 592 645 [caminis
627 589 879 644 omnilms
922 588 1078 645 adest
1113 589 1189 660 (ἓ)
1222 589 1286 643 ad
1322 591 1718 644 matrimi-nium
1776 600 1828 642 et

230 681 519 749 stuprum?
543 681 858 736 commixtio
878 681 1058 736 carnis
1100 681 1327 745 scilicet,
1369 682 1521 750 cujus
1552 684 1829 751 enncnpis-

229 773 462 828 ccntiatn
494 773 751 828 Dominus
772 773 852 842 (ὅ)
875 783 1059 842 stupro
1080 771 1400 842 adaequavit.
1436 773 1599 844 Ergo,
1629 774 1822 843 inquis.

223 867 339 937 jam
369 879 422 922 et
451 868 684 936 primas,
736 868 928 933 idest,
975 881 1109 921 unas
1141 868 1356 935 nuptias
1406 867 1659 922 destruis.
1716 867 1826 923 Nec

228 960 536 1025 immerito,
591 959 841 1029 quoniam
868 966 923 1014 et
953 959 1081 1027 ipsa:
1131 973 1200 1012 cx
1230 973 1296 1013 eo
1322 969 1608 1023 constant,
1641 975 1745 1029 quo
1772 967 1827 1014 et

225 1061 493 1123 stuprum.
522 1051 649 1108 Ideo
674 1052 935 1120 Optimum
965 1061 1046 1106 est
1075 1051 1276 1106 homini
1301 1053 1580 1107 mulierem
1610 1067 1713 1107 non
1741 1060 1826 1106 at-

226 1145 456 1216 tingere,
493 1154 546 1200 et
590 1144 710 1200 ideo
741 1144 960 1214 virginis
1007 1144 1315 1213 principalis
1359 1145 1650 1209 sanctitas,
1700 1147 1822 1215 quia

223 1246 379 1291 caret
403 1235 572 1305 stupri
601 1235 896 1291 adﬁnitate.
928 1234 994 1289 Et
1037 1250 1157 1289 cum
1190 1235 1304 1290 lucc
1341 1236 1501 1290 etiam
1524 1235 1592 1290 de
1640 1237 1824 1306 primis

223 1339 282 1384 et
311 1329 427 1385 unis
455 1328 657 1399 nuptiis
690 1326 946 1398 prietendi
969 1326 1034 1382 ad
1061 1343 1305 1384 caussam
1333 1329 1674 1385 continentiae
1698 1344 1821 1397 pos-

223 1421 356 1483 sint,
397 1430 596 1490 quanto
627 1421 795 1490 magis
834 1418 1072 1475 secundo
1121 1421 1461 1475 matrimonio
1527 1422 1823 1477 recusando

223 1511 656 1583 prmjudicabuut
677 1510 754 1582 (4)
787 1512 799 1566 !
831 1510 1026 1567 Gratus
1052 1520 1190 1577 esto,
1217 1511 1260 1566 si
1284 1511 1450 1566 semel
1481 1512 1572 1566 tibi
1605 1513 1821 1568 indulsit

224 1601 371 1658 Deus
401 1603 602 1658 nubere
628 1621 641 1668 ;
675 1612 854 1674 gratus
884 1613 1062 1658 autem
1088 1604 1213 1668 eris,
1245 1605 1287 1656 si
1317 1605 1506 1659 iterum
1539 1605 1822 1661 indulsisse

222 1695 376 1750 illutn
411 1696 503 1751 tibi
554 1698 780 1752 nescias.
832 1696 1138 1760 Czeterum,
1181 1697 1416 1753 abuteris
1470 1698 1817 1769 indulgentia,

220 1804 348 1844 cum
372 1790 487 1845 sine
519 1789 779 1845 modestia
811 1790 996 1843 uteris.
1041 1788 1296 1844 Modestia
1317 1805 1344 1842 a
1374 1790 1536 1844 modo
1566 1790 1816 1860 intelligi-

1936 588 2068 640 tnris
2090 588 2368 655 incumbit,
2403 599 2543 644 totus
2567 591 2677 645 illic
2705 601 2806 645 est.
2838 593 2890 646 Si
2918 592 3178 661 psalmum
3204 593 3381 658 canit,
3414 593 3527 660 pla-

1931 691 2013 731 cet
2045 679 2165 732 sibi.
2197 679 2250 733 Si
2278 678 2575 735 dzemoucm
2606 682 2836 752 adiurat,
2868 683 3086 738 conlidit
3115 684 3237 740 sibi.
3287 684 3365 756 (ὁ)
3400 684 3525 739 ΙιΙεο

1936 772 2224 840 Apostolus
2300 773 2646 842 temporalem
2724 775 3146 845 puriﬁcationem
3221 779 3524 832 oratio:.um

1931 864 2472 920 commendandorum
2503 880 2691 921 eaussa
2722 867 2956 936 adjecit;
2986 878 3045 922 ut
3069 871 3344 933 sciremus,
3383 869 3525 939 qttod

1931 955 1994 1010 ad
2017 967 2224 1026 tempus
2241 958 2456 1027 prodest
2471 956 2490 1031 (
2505 961 2517 1011 1
2533 960 2588 1026 1)
2618 973 2830 1028 semper
2846 960 3000 1014 nobis
3012 959 3366 1015 exercendum
3382 975 3524 1027 esse,

1932 1058 1987 1102 ttt
2013 1065 2225 1118 semper
2257 1052 2445 1120 prosit.
2481 1051 2731 1118 Quotidie
2761 1051 2901 1124 (l2),
2938 1054 3045 1106 imo
3075 1053 3219 1108 omni
3249 1062 3525 1108 momento

1928 1141 2102 1196 oratio
2131 1143 2434 1197 hominibus
2465 1145 2765 1199 necessaria
2793 1156 2906 1211 est,
2957 1145 3139 1214 utique
3164 1154 3213 1200 et
3246 1145 3524 1201 continen-

1929 1233 2020 1297 tia,
2052 1242 2331 1304 postquam
2355 1236 2527 1290 oratio
2570 1235 2873 1291 necessaria
2906 1245 3006 1290 est.
3053 1235 3234 1292 Oratio
3279 1237 3347 1292 de
3395 1252 3525 1292 con-

1927 1324 2148 1378 scientia
2180 1324 2442 1393 procedit.
2467 1325 2523 1379 Si
2553 1327 2883 1380 conscientia
2924 1329 3208 1383 erubescat
3236 1327 3377 1399 (15),
3404 1344 3525 1384 cru-

1927 1417 2097 1472 bescit
2142 1419 2333 1473 oratio.
2390 1419 2619 1487 Spiritus
2659 1418 2880 1473 deducit
2910 1420 3206 1475 orationem
3235 1419 3300 1476 ad
3334 1421 3523 1477 Deum.

1927 1510 1983 1564 Si
2011 1510 2231 1579 spiritus
2259 1527 2379 1567 reus
2409 1511 2548 1582 apud
2577 1527 2634 1566 se
2661 1514 2727 1566 sit
2757 1514 3100 1570 conscientiae
3128 1513 3518 1581 erubescentis,

1924 1603 2194 1671 quomodo
2242 1603 2458 1659 audebit
2509 1606 2808 1660 orationem
2863 1606 3061 1662 ducere
3100 1607 3168 1662 ab
3224 1607 3310 1662 illa
3373 1608 3522 1680 (14),

1926 1693 1992 1747 de
2022 1709 2123 1763 qua
2173 1696 2526 1751 erubescente
2566 1706 2618 1752 et
2649 1698 2763 1767 ipse
2807 1697 3133 1752 sulI'unditur
3176 1708 3392 1755 sanctus
3423 1701 3525 1755 mi-

1926 1785 2129 1840 nister?
2160 1785 2370 1841 Etenim
2397 1797 2480 1842 est
2510 1787 2814 1858 prepltetica
2851 1805 2951 1843 vox
2984 1790 3177 1844 veteris
3215 1791 3528 1846 Testamen-

223 1893 332 1939 tur.
381 1884 496 1938 Non
546 1884 637 1938 tibi
669 1882 864 1938 sufﬁcit
912 1884 1217 1938 desummo
1247 1883 1341 1937 illo
1368 1884 1718 1938 immaculata:
1741 1882 1820 1954 (5)
1851 1891 1896 1950 Β
1925 1877 1998 1932 li:
2039 1878 2218 1932 Sancti
2264 1881 2437 1943 eritis.
2467 1882 2585 1951 quia
2624 1880 2764 1935 Deus
2807 1893 3015 1936 amictus
3041 1881 3210 1954 (Lev.,
3258 1883 3364 1948 XI,
3415 1885 3524 1951 «16,

221 1977 544 2050 virginitatis
571 1975 736 2046 gradu
764 1977 815 2030 in
837 1974 1130 2031 secundum
1163 1975 1416 2029 recidisse
1441 1974 1520 2043 (6)
1543 1974 1814 2039 nubendo;

219 2070 319 2125 sed
350 2071 402 2124 in
430 2071 646 2125 tertium
678 2068 851 2123 adlmc
892 2067 1228 2130 devolvcris,
1283 2076 1338 2121 et
1367 2066 1418 2120 in
1457 2075 1737 2136 quartum,
1762 2076 1818 2121 et

217 2161 467 2218 fortassis
495 2162 545 2216 in
601 2162 781 2232 plures
813 2201 828 2228 ,
875 2169 1157 2231 postquam
1202 2160 1254 2214 itt
1305 2159 1538 2214 secunda
1587 2159 1816 2213 statione

217 2257 509 2310 continens
560 2269 665 2308 non
720 2253 908 2308 fuisti:
961 2253 1083 2323 quia
1140 2266 1240 2306 nec
1297 2251 1584 2320 prohibere
1638 2251 1816 2320 plures

217 2351 436 2421 nuptias
453 2347 642 2412 voluit,
674 2349 764 2415 qui
788 2347 856 2403 de
875 2345 1124 2402 secundis
1155 2346 1504 2415 provocandis
1541 2355 1816 2401 retraeta-

217 2445 317 2498 vit.
349 2443 620 2498 Nubamus
662 2442 821 2511 igitur
859 2441 1096 2511 quotidie
1125 2482 1140 2506 ,
1168 2451 1219 2494 et
1251 2441 1512 2494 nubentes
1542 2439 1814 2494 altultimo

215 2537 310 2592 die
348 2533 814 2604 deprehendantur
843 2541 1092 2602 tanquam
1144 2531 1375 2585 Sodoma
1403 2541 1457 2584 et
1499 2530 1759 2585 Gomorra
1792 2549 1804 2583 :

213 2643 328 2699 quo
348 2627 456 2694 die,
472 2626 561 2682 Vw
578 2626 704 2682 illud
722 2642 883 2696 super
903 2635 1236 2695 praegnantes
1256 2623 1698 2697 [adimplebitur],
1731 2626 1812 2694 (7)

217 2720 274 2776 id
300 2730 418 2785 est,
467 2736 628 2791 super
659 2722 880 2776 maritos
919 2729 975 2774 et
1018 2719 1411 2774 incontinentes
1449 2737 1462 2772 :
1504 2718 1570 2772 de
1616 2719 1814 2788 nuptiis

214 2814 366 2868 enim
397 2815 555 2878 uteri,
597 2823 650 2868 et
690 2813 877 2879 ubera,
913 2823 965 2868 et
1012 2812 1261 2866 infantes.
1314 2812 1381 2865 Et
1432 2812 1645 2882 quando
1696 2813 1814 2868 linis

215 2906 498 2963 nubendi?
529 2907 606 2980 (τι)
631 2903 806 2962 Credo
828 2916 945 2977 post
977 2905 1133 2960 tinem
1166 2906 1402 2961 vivendi.

848 2997 1077 3054 CAPUT
1117 2997 1185 3052 X.

289 3090 678 3146 Renuntiemus
730 3086 1070 3155 carnalibus,
1124 3099 1181 3142 ut
1235 3088 1524 3160 aliquando
1553 3090 1810 3158 spiritalia

213 3192 572 3238 retractemus
599 3182 702 3254 (8).
734 3183 882 3253 Rape
919 3182 1278 3247 occasionem,
1312 3185 1410 3238 etsi
1463 3193 1812 3254 nonempta-

1921 1987 2019 2040 σιμ
2053 1969 2198 2036 XIX,
2225 1971 2280 2035 2;
2331 1972 2346 2026 l
2378 1971 2548 2040 Petr.,
2594 1974 2634 2034 Ι.
2671 1973 2762 2043 16)
2791 1991 2804 2040 ;
2837 1984 2891 2030 et
2939 1991 3126 2031 rursus
3153 1993 3165 2030 :
3191 1976 3318 2032 Cum
3356 1991 3527 2034 sancto

1919 2064 2337 2128 sattcti/icaberis,
2386 2075 2568 2121 etcum
2603 2069 2711 2120 viro
2749 2070 3016 2123 innocente
3044 2071 3290 2124 innocens
3309 2072 3407 2125 erit
3432 2113 3445 2136 ,
3479 2082 3527 2126 et

1919 2171 2034 2208 cum
2057 2157 2211 2210 electo
2235 2158 2420 2212 electus
2469 2158 2583 2230 (Ps.
2612 2202 2625 2222 ,
2669 2158 2856 2225 XVIII,
2912 2160 3029 2225 26).
3066 2160 3331 2216 Debemus
3379 2164 3525 2217 enim

1919 2247 1990 2303 ita
2014 2249 2215 2320 ingredi
2240 2251 2290 2305 in
2312 2251 2590 2320 disciplina
2617 2252 2848 2319 Domini,
2869 2264 2923 2307 ut
2944 2254 3160 2323 dignum
3183 2266 3285 2319 est,
3307 2271 3412 2310 non
3435 2271 3524 2312 sc-

1918 2341 2149 2396 cundum
2169 2344 2345 2396 carnis
2364 2344 2600 2400 calentes
2621 2346 3087 2415 concupiscentias
3103 2348 3245 2416 (15).
3272 2346 3348 2401 Ita
3381 2348 3522 2403 cnim

1917 2445 1966 2488 et
1993 2435 2283 2503 Apostolus
2307 2437 2455 2501 dicit,
2472 2437 2610 2506 quod
2632 2452 2819 2507 sapere
2837 2438 3126 2492 secundum
3146 2453 3361 2494 carnem
3379 2455 3527 2495 mors

1917 2528 2020 2592 sit;
2060 2529 2350 2583 secundum
2380 2532 2624 2599 Spiritum
2659 2546 2785 2585 vero
2811 2546 2999 2600 sapere
3048 2530 3123 2601 (c)
3186 2532 3295 2585 vita
3322 2542 3524 2587 acterna

1917 2622 1984 2674 sit
2005 2622 2053 2674 in
2075 2622 2426 2678 CltristoJcsu
2461 2622 2687 2678 Domino
2710 2635 2913 2680 nostro.
2943 2625 2996 2680 Si
3014 2624 3128 2680 lnec
3148 2623 3356 2679 obl‘usio
3378 2624 3521 2696 (l6),

1915 2713 2074 2766 etiam
2105 2729 2224 2768 cum
2256 2716 2306 2768 in
2336 2718 2452 2770 unis
2484 2717 2682 2786 nuptiis
2713 2732 2796 2771 res
2824 2718 3003 2772 Carnis
3053 2727 3374 2783 exercetur,
3405 2717 3538 2786 Spi-,

1918 2806 2077 2859 ritum
2109 2807 2360 2861 Sanctum
2395 2811 2613 2876 avertit,
2659 2820 2859 2880 quanto
2898 2811 3065 2881 magis
3094 2825 3217 2865 cum
3252 2810 3304 2865 in
3333 2825 3524 2866 secun-

1916 2895 1985 2950 do
2014 2900 2354 2954 matrimonio
2381 2901 2592 2971 agitur?

2482 2990 2709 3048 CAPUT
2749 2991 2838 3048 XI.

1991 3083 2193 3152 Duplex
2219 3083 2361 3138 enim
2392 3084 2555 3138 rubor
2580 3094 2692 3151 est;
2722 3087 2845 3155 quia
2877 3085 2928 3139 in
2960 3084 3198 3140 secundo
3237 3085 3521 3141 matrimo-

1918 3177 2009 3234 nio
2039 3178 2158 3233 dna:
2188 3192 2381 3232 uxores
2408 3176 2657 3232 eumdem
2697 3179 3045 3232 circumstant
3074 3179 3359 3243 maritum;
3416 3193 3520 3233 una

215 3273 478 3328 tissimatn
499 3316 513 3337 ,
545 3284 784 3330 attamen
806 3283 1184 3345 Opportunam,
1238 3289 1341 3329 n0n
1375 3275 1572 3329 Itaht'rc
1600 3276 1684 3329 cui
1709 3275 1806 3331 de-
1835 3282 1878 3344 ί]
1912 3271 2122 3339 Spiritu,
2152 3269 2254 3325 alia
2305 3272 2354 3322 in
2399 3285 2594 3324 carne:
2628 3285 2802 3340 neque
2830 3269 2973 3324 enim
3008 3270 3289 3340 pristinam
3319 3272 3523 3339 poteris

212 3362 386 3423 bitum
413 3368 674 3434 solveres,
726 3379 780 3422 et
829 3384 858 3422 a
887 3383 994 3438 quo
1028 3368 1383 3423 exsolvereris
1415 3384 1427 3421 :
1455 3368 1660 3422 desiisti
1693 3382 1814 3423 esse

209 3458 449 3514 debitor.
480 3457 526 3513 0
567 3470 618 3514 te
671 3460 911 3515 felicem!
943 3460 1193 3515 dimisisti
1217 3460 1550 3525 debitorem;
1607 3463 1814 3516 su5tine

210 3551 470 3606 damnum
499 3553 606 3623 (9).
647 3553 783 3622 Quid
829 3555 873 3608 si
905 3595 919 3619 ,
962 3553 1104 3621 quod
1134 3553 1366 3608 diximus
1394 3553 1685 3621 damnum,
1729 3557 1812 3609 lu-

208 3661 366 3700 crum
406 3647 659 3702 sentias?
706 3647 808 3702 Per
851 3647 1236 3702 continentiam
1285 3648 1426 3702 enim
1456 3648 1815 3718 negotiaberis

209 3753 460 3808 magnam
487 3739 842 3794 substantiam
870 3742 1197 3803 sanctitatis;
1235 3740 1559 3810 parcimonia
1590 3742 1767 3796 carnis
1798 3785 1812 3809 ,

207 3830 457 3900 spiritum
499 3830 620 3902 (10)
670 3831 940 3903 adquires.
1027 3833 1404 3903 liecogitemus
1457 3835 1598 3888 enim
1646 3835 1814 3903 ipsam

205 3923 600 3979 conscientiam
633 3935 893 3991 nostram,
922 3940 1080 3995 quam
1111 3924 1274 3978 alium
1305 3939 1363 3978 se
1391 3925 1550 3978 bomo
1581 3927 1811 3980 sentiat:

203 4027 335 4069 cum
367 4013 505 4072 furto
533 4030 562 4070 a
593 4030 688 4073 sua
736 4017 953 4074 {nemina
981 4024 1196 4084 cessat,
1229 4014 1541 4087 spiritaliter
1569 4016 1726 4085 sapit.
1758 4015 1814 4070 Si

1919 3364 2119 3426 odisse,
2143 3363 2228 3417 cui
2258 3362 2416 3416 etiam
2449 3362 2832 3430 religiosiorem
2861 3362 2976 3431 (17)
3006 3376 3251 3417 reservas
3277 3361 3521 3418 ali‘eCIio-

1921 3472 2061 3518 nem,
2098 3455 2278 3524 utjam
2309 3463 2539 3523 recepta:
2568 3454 2709 3525 apud
2747 3455 3028 3508 Dominum
3055 3495 3070 3518 ,
3100 3468 3199 3524 pro
3225 3453 3377 3522 cujus
3406 3455 3521 3524 spi-

1919 3548 2025 3603 ritu
2048 3546 2287 3620 postulas
2308 3587 2323 3613 ,
2355 3561 2452 3617 pro
2475 3562 2576 3617 qua
2603 3546 2905 3601 oblationes
2935 3560 3140 3600 annuas
3169 3545 3364 3600 reddis.
3403 3545 3521 3599 Sta-

1919 3641 2002 3696 bis
2023 3656 2152 3712 ergo
2182 3640 2248 3696 ad
2274 3640 2556 3695 Domimnn
2580 3655 2698 3694 cum
2729 3649 2806 3695 tot
2835 3639 3118 3707 uxoribus,
3154 3648 3283 3709 quot
3309 3638 3358 3692 iu
3399 3652 3522 3692 ora-

1921 3736 2065 3789 tione
2093 3733 2528 3789 commemoras?
2554 3743 2607 3787 et
2633 3732 2831 3788 oll'eres
2875 3747 2970 3803 pro
3016 3731 3263 3788 duabus?
3287 3741 3339 3785 et
3370 3747 3519 3786 coin-

1919 3825 2200 3882 mendabis
2234 3825 2350 3895 (18)
2380 3825 2496 3879 illas
2521 3823 2652 3878 duas
2681 3841 2776 3895 per
2803 3824 3137 3879 sacerdotem
3167 3824 3236 3879 de
3262 3839 3520 3895 monoga-

1920 3925 2025 3975 mia
2057 3920 2358 3976 ordiuatum
2381 3961 2397 3987 ,
2445 3929 2535 3973 aut
2565 3920 2724 3974 etiam
2764 3919 2833 3974 de
2879 3918 3184 3990 virginitate
3213 3919 3515 3981 sancitum,

1918 4016 2310 4072 circumdatum
2336 4015 2630 4087 virginibus
2653 4029 2716 4071 ac
2739 4014 2982 4081 univiris,
3006 4021 3059 4068 et
3080 4010 3335 4068 ascendet
3362 4012 3520 4066 sacri-

1443 4149 1824 4210 I.ECTIONES
1867 4150 2178 4206 VARIAN'I‘
2184 4150 2289 4206 ES.

268 4270 347 4390 ill
377 4264 1239 4390 ἓαῗιξιιίξῆῖῗῆ“ι3ηξὶῗ’ἓέι¹ἓι¹ξῗι’πέ·εῗῖῖἶέί

298 4328 347 4394 1)
377 4328 554 4394 Eadem
580 4333 800 4394 imponit,
826 4338 902 4381 est
921 4333 1050 4394 enim
1069 4339 1120 4381 et
1142 4337 1279 4379 matr.
1296 4338 1463 4394 ri‘rtm.‘
1486 4329 1606 4376 Par.
1633 4328 1774 4394 Pgm.

267 4392 345 4512 (ὅ)
381 4393 581 4446 Scilicet
616 4392 903 4444 certandum
941 4393 1080 4452 cujus
1101 4392 1500 4456 concupiscentia
1536 4402 1624 4439 nos
1664 4392 1806 4438 Pam.

293 4455 346 4512 ἐ)
366 4459 761 4507 Pnevidebuntur
786 4456 935 4507 then.
958 4459 1100 4506 Pam.

293 4455 346 4526 ἒ)
366 4459 761 4526 Ρε-εινὶιιυὺυιιιιιι*
786 4456 1100 4526 then.Pam.
1330 4515 1342 4526 .
1392 4521 1402 4526 Δ
1477 4514 1487 4524 ο

268 4515 346 4576 (5⁷)
383 4518 607 4570 Junxere
670 4519 823 4570 Rhea.
870 4521 1077 4569 sincero:
1121 4515 1402 4582 conﬁciebat
1469 4515 1539 4565 id.
1590 4515 1811 4563 inuxorae

200 4580 351 4629 Pam.
376 4583 495 4632 Par.

265 4644 345 4706 (4)
372 4642 650 4706 Deliquisse
672 4642 822 4706 let.
851 4645 992 4706 Ptmz.

289 4704 344 4767 5)
373 4708 475 4756 Hoc
504 4704 633 4755 itero.
661 4705 819 4755 intulit
841 4704 948 4770 Rig.

289 4770 343 4828 6)
367 4767 734 4817 Fructiﬁcemus
756 4766 864 4828 Rig.

293 4775 323 4817 δ
367 4775 734 4817 Fructiticemus
756 4775 864 4828 th.

367 4829 542 4904 Simile
565 4831 792 4904 damnum
815 4821 977 4904 Ἰξζιεη.
1004 4831 1144 4904 I_’_am.
1285 4894 1295 4904 .
1427 4891 1463 4904 ,ί
1510 4892 1540 4904 _.

365 4891 534 4966 Carnis
554 4892 994 4966 servientis-frent.
1018 4895 1140 4942 Par.
1165 4894 1298 4966 carni
1323 4889 1688 4966 stnvienti‘lwt:

263 4948 340 5025 (9)
366 4953 694 5025 Puriﬁcationj
717 4954 1369 5025 orationeanmmendavit
1404 4962 1630 5002 causatus
1670 4948 1716 4998 id
1748 4963 1798 5011 (ι.

193 5029 244 5067 a.
273 5024 310 5068 t.
335 5018 626 5081 permiserat
647 5018 788 5068 Pam.
816 5020 936 5068 Par.
961 5018 1114 5068 Fran.

1975 4261 2080 4336 (10)
2102 4262 2222 4336 Cod.
2252 4259 2490 4336 tt‘outeeri
2516 4261 2824 4336 τριποιηίωο
2842 4261 2883 4309 si
2907 4262 3038 4334 omni
3056 4273 3204 4311 mom.
3231 4260 3360 4328 Rig.:
3389 4263 3519 4323 Quo-

1914 4322 2056 4385 tidie,
2077 4329 2206 4387 omni
2233 4337 2378 4374 mom.
2404 4322 2470 4375 ut.
2498 4337 2514 4374 :
2540 4327 2579 4374 si
2604 4331 2760 4387 quot.,
2789 4325 2918 4372 otnni
2945 4336 3089 4387 mom.

1975 4388 2079 4448 (ll)
2101 4386 2218 4437 Cod.
2251 4387 2495 4451 Womveri
2523 4389 2600 4437 :si
2625 4385 2924 4436 conscientia
2968 4386 3235 4436 erubescit.
3262 4385 3370 4451 Rig.
3406 4400 3519 4437 con-

1912 4452 2136 4499 scientia‘.
2162 4449 2521 4499 erubescentis.

1979 4511 1995 4571 (
2009 4513 2082 4575 I2)
2105 4513 2221 4562 Cod.
2247 4511 2495 4575 Aqolm‘rdi
2513 4526 2530 4561 :
2552 4518 2677 4575 erat.
2704 4511 2954 4575 deducere
2980 4512 3041 4560 ab
3063 4509 3155 4560 alia
3181 4512 3426 4562 re.Verba
3451 4512 3515 4563 de

1913 4587 2008 4637 qua
2035 4570 2094 4609 -'-
2118 4570 2469 4637 initiistenttig.
2489 4573 2623 4637 solus
2636 4571 2802 4637 refert.

1979 4636 2083 4696 (13)
2104 4633 2253 4699 Rhen.
2281 4633 2458 4699 aliique
2477 4649 2495 4685 :
2524 4643 2578 4685 ut
2597 4633 2902 4699 deo'dignum
2921 4633 3149 4690 fructum.
3175 4647 3268 4684 non
3292 4648 3393 4685 sec.
3415 4648 3516 4685 rar-

1915 4698 1989 4761 nis
2012 4713 2070 4745 ex
2094 4711 2212 4760 sqna
2234 4696 2387 4747 lentio
2411 4711 2548 4748 conc.
2576 4696 2685 4760 Rig.
2711 4697 2932 4747 calentes
2955 4699 3372 4761 concupiscentias
3388 4700 3509 4748 Par.

1908 4758 1944 4824 f.
1973 4758 2275 4824 squalentes.
2301 4768 2413 4808 Jtm.

1829 4810 1920 4869 D'
1975 4810 2079 4941 (εἰ)
2107 4821 2313 4871 Obtusio
2336 4831 2483 4871 mu.
2510 4823 2633 4870 Par.
2659 4822 2799 4870 Pam.

2003 4885 2080 4941 15)
2107 4883 2356 4933 (latiorem
2380 4892 2490 4933 Jmt.
2519 4882 2776 4932 clariorem

2003 4885 2080 4946 15)
2107 4883 2356 4933 (latiorem
2380 4892 2490 4933 Jmt.
2519 4882 2776 4932 clariorem
2801 4883 2952 4932 Fratt.
2979 4884 3101 4932 Par.

1973 4945 2078 5008 (16)
2105 4946 2514 4997 Commemorabis
2535 4953 2679 4997 Fran.
2702 4948 2826 4996 Par.

1582 5113 2145 5172 COMMENTARIUS.

280 5255 358 5326 (a)
376 5253 539 5311 Credo
561 5265 672 5324 post
697 5255 849 5324 ﬁnem
867 5255 1177 5311 vivendi.Sic
1191 5254 1400 5325 legebat
1420 5253 1800 5326 Hieronymus,

197 5324 375 5399 Epist.
407 5328 475 5380 ad
504 5325 799 5399 Gerttntinm
823 5341 977 5399 ,rnon
1023 5339 1078 5380 ut
1105 5326 1158 5381 in
1186 5324 1411 5399 vulgatis
1441 5324 1762 5399 editionibus
1785 5365 1802 5389 ,

196 5397 318 5469 post
345 5400 496 5463 ﬁnem
518 5398 753 5451 subaudi.
777 5398 1169 5458 Adhinniamue,
1204 5397 1373 5469 inquit
1391 5437 1406 5456 ,
1427 5397 1494 5469 od
1515 5410 1684 5469 omnes
1708 5397 1774 5469 [ω
1789 5425 1802 5434 -

195 5465 387 5536 ininde,
415 5479 462 5524 et
490 5471 540 5522 in
562 5470 845 5540 exmplum
871 5469 1112 5524 Sodoma:
1131 5481 1178 5523 et
1196 5466 1513 5528 Carrion-lue,
1543 5466 1606 5540 ob
1628 5465 1805 5519 ultimo

194 5541 286 5594 die
313 5536 747 5604 deprehendantur
774 5541 1038 5595 vendente:
1070 5551 1117 5594 et
1137 5550 1389 5603 ementes;
1411 5548 1457 5591 et
1487 5536 1725 5590 nubentes
1751 5546 1802 5590 et

195 5613 380 5681 πεφιυὲ
403 5612 673 5681 tradentes,
700 5621 754 5664 ut
779 5621 897 5665 tunc
927 5614 989 5666 sit
1046 5611 1164 5680 ﬁnit
1189 5611 1433 5681 conjugii,
1453 5609 1659 5678 quando
1689 5618 1794 5662 ter-

192 5680 368 5737 minus
383 5683 516 5737 vita.
551 5680 670 5738 Btc.

266 5751 421 5808 CAP.
445 5752 677 5825 X.—(b)
697 5752 821 5806 Ideo
840 5753 1110 5818 Apostolus
1128 5752 1453 5822 teniporntem
1472 5751 1789 5825 puriﬁcatio-

191 5841 313 5880 nem
326 5822 616 5880 orationum
626 5822 1138 5878 commendandorum
1151 5840 1330 5878 causa
1343 5824 1546 5893 adjecit.
1557 5822 1787 5893 Religio—

198 5911 292 5954 sas
307 5899 612 5968 nuptiarum
639 5895 874 5952 inducias
900 5896 1182 5963 signiticet.
1207 5895 1274 5952 Et
1299 5891 1494 5966 aliquid
1521 5891 1784 5963 ejusmodi

1909 5249 2071 5304 etiam
2108 5246 2248 5317 apud
2275 5246 2515 5303 Gentiles
2537 5246 2700 5302 fuisse
2728 5255 2953 5302 testatur
2982 5246 3110 5302 illud
3132 5247 3424 5317 Iuvenalis,
3457 5250 3508 5304 in
3583 5273 3587 5277 “

1913 5328 2245 5451 sexI‘IIeSrietit
2263 5390 2474 5451 veniam,
2495 5390 2725 5451 quotiens
2746 5402 2843 5439 non
2867 5390 3082 5438 abstinet
3103 5402 3228 5438 uxor

2003 5450 2295 5510 Concubilu,
2319 5453 2471 5500 sacris
2491 5450 2905 5514 observandisque
2925 5451 3120 5500 diebus.
3148 5451 3255 5502 Rm.

1983 5534 2214 5607 (c))Vita
2264 5545 2452 5607 retenta
2482 5537 2545 5587 sit
2594 5537 2648 5589 in
2677 5535 2879 5591 Christo
2907 5534 3036 5589 Jesu
3064 5534 3283 5590 Domino
3307 5548 3501 5595 nostra.

1908 5605 2036 5663 PoSt
2073 5606 2188 5679 haec
2218 5606 2374 5661 verba
2406 5605 2459 5679 in
2489 5607 2860 5679 antiquissimo
2882 5607 3201 5679 exemplari
3235 5608 3501 5679 (leguntur

1904 5678 2166 5746 pluscula,
2218 5693 2338 5746 qua:
2387 5677 2581 5745 rejecta
2638 5676 2800 5731 fuisse
2845 5677 3110 5741 videntur,
3195 5678 3263 5732 ob
3311 5676 3507 5735 nimias

1897 5747 2084 5804 Iaudes
2149 5748 2342 5803 Priscze
2398 5749 2537 5802 illius
2590 5748 2904 5803 tnomanicze
2938 5791 2953 5812 ,
3036 5749 3188 5817 cujus
3239 5760 3293 5803 et
3340 5750 3500 5806 verba

1892 5824 2143 5890 citantur.
2174 5818 2465 5874 Reddimus
2497 5817 2581 5872 hic
2625 5828 2800 5874 tamen
2823 5862 2837 5885 ,
2888 5833 2993 5888 quo
3021 5821 3188 5890 magis
3239 5820 3501 5876 miremur

1890 5889 2159 5947 hominem
2202 5901 2403 5946 tantum
2433 5891 2592 5947 etiam
2643 5891 2833 5946 talibus
2863 5890 3035 5960 decipi
3066 5889 3320 5962 potuisse.
3365 5892 3493 5950 th.
