4220 6492
189 409 294 466 935

1457 403 1658 462 LIBER
1708 401 1799 460 DE
1836 399 2264 460 HONOGAMIA.

3379 404 3484 460 οδι

187 521 314 575 illud
345 529 451 586 est,
483 519 622 590 quod
659 534 752 588 per
771 533 832 576 se
863 521 964 575 hoc
995 531 1189 574 nomen
1233 525 1398 582 tenet,
1423 518 1538 572 sine
1562 531 1778 586 compa-
1803 514 1859 576 Α
1882 514 2076 572 dehinc
2102 517 2154 571 in
2188 516 2566 588 Apostolorum
2591 517 2711 588 ejus
2737 526 2843 573 tam
2867 517 3104 574 consiliis
3124 532 3282 589 quato
3302 532 3484 573 exem-

185 616 394 667 ratione
443 628 548 666 non
596 612 718 668 dico
769 612 935 678 mali,
987 611 1081 666 sed
1136 612 1298 666 etiam
1349 611 1473 665 boni
1524 610 1781 674 alterius;

184 713 240 757 ιιι
272 705 316 758 si
343 714 398 758 et
446 704 533 757 alii
585 705 666 774 (l)
699 703 840 758 bono
867 712 1236 772 comparatum
1283 702 1630 757 adumbretur
1654 743 1667 766 ,
1701 716 1784 756 re-

184 795 774 851 maneatnihilominus
825 796 876 850 in
931 795 1057 849 boni
1105 795 1339 850 nomine.
1388 792 1676 855 Caeterum,
1737 795 1780 847 si

185 903 286 956 per
336 889 458 943 mali
500 888 841 944 collationem
898 891 1105 959 cogitur
1131 889 1327 943 bonum
1369 889 1495 954 diei,
1525 903 1630 942 non
1675 896 1779 942 tam

182 979 383 1034 bonum
409 990 676 1050 estquam
719 995 888 1050 genus
930 980 1055 1035 mali
1100 977 1395 1043 inferioris,
1433 981 1575 1050 quod
1602 979 1670 1034 ab
1698 980 1778 1034 al-

183 1074 324 1129 tiore
367 1074 505 1129 malo
534 1074 902 1138 obscuratum,
951 1074 1017 1127 ad
1069 1088 1265 1128 nomen
1309 1074 1431 1128 boni
1466 1071 1777 1140 impellitur.

181 1167 350 1222 Aufer
401 1167 630 1237 denique
687 1167 1072 1225 conditionem.
1121 1177 1178 1222 ut
1235 1181 1341 1222 non
1394 1166 1563 1231 dicas,
1592 1165 1780 1220 Melius

179 1267 256 1312 est
287 1259 471 1313 nubere
503 1274 659 1328 quam
685 1259 802 1323 uri;
829 1268 884 1313 et
913 1274 1098 1328 quazro
1123 1273 1190 1311 an
1215 1257 1399 1313 dicere
1424 1256 1644 1320 audeas,
1673 1256 1779 1310 ble-

181 1350 286 1405 lius
316 1351 555 1417 nubere;
606 1366 711 1407 non
760 1351 1020 1422 adjiciens
1049 1367 1156 1422 quo
1192 1351 1387 1407 melius
1415 1352 1504 1406 sit.
1540 1350 1625 1406 Fit
1649 1365 1779 1420 ergo

175 1442 288 1511 jam
337 1456 440 1497 non
487 1442 720 1508 melius;
768 1451 823 1498 et
865 1442 992 1497 dum
1039 1459 1144 1496 non
1174 1443 1388 1503 melius.
1419 1457 1518 1496 nec
1555 1443 1775 1506 bonum,

177 1537 390 1591 sublata
420 1535 754 1603 conditione,
787 1552 907 1603 qua:
937 1537 1061 1591 dum
1091 1536 1282 1592 melius
1314 1535 1441 1590 illud
1470 1535 1598 1590 facit
1623 1535 1730 1590 alio
1759 1575 1772 1598 ,

178 1629 251 1681 ita
308 1629 505 1684 bonum
558 1629 742 1685 haberi
787 1631 949 1700 cogit.
984 1628 1172 1685 Melius
1219 1638 1303 1684 est
1353 1643 1516 1682 unum
1564 1627 1773 1681 oculum

177 1720 447 1785 amittere,
479 1737 640 1792 quam
667 1721 803 1776 duos
833 1739 847 1775 :
882 1721 928 1776 si
961 1731 1139 1775 tamen
1165 1718 1414 1774 discedas
1437 1734 1465 1771 a
1499 1733 1774 1788 compara-

179 1813 326 1867 tione
358 1814 482 1866 mali
510 1813 595 1883 (‘2)
645 1813 945 1883 utriusque,
996 1827 1102 1866 non
1124 1812 1227 1867 erit
1255 1811 1444 1866 melius
1465 1825 1628 1865 unum
1649 1825 1776 1865 ocu-

1889 608 2012 679 plis.
2041 606 2179 664 Olim
2225 610 2489 665 sanctitati
2542 610 2664 667 huic
2710 611 3125 667 destinabamur.
3178 611 3321 666 Nihil
3361 613 3485 668 novi

1888 701 2194 757 l’aracletus
2244 704 2468 760 inducit.
2498 703 2649 772 Quod
2691 706 3032 776 praemonuit,
3076 704 3297 761 definit:
3341 705 3482 776 quod

1887 791 2154 858 sustinuit,
2184 797 2445 865 exposcit.
2482 796 2547 851 Et
2575 812 2714 852 nunc
2744 799 3041 870 recogitans
3068 799 3187 864 ista,
3230 797 3382 854 facile
3413 799 3481 853 ti-

1885 887 1938 942 bi
1981 889 2322 957 persuadebis
2349 890 2516 945 multo
2537 891 2703 961 magis
2729 893 2912 947 unicas
2933 892 3142 963 nuptias
3161 892 3482 961 competisse

1887 979 2164 1035 Paracleto
2192 981 2482 1048 przedicare
2506 1021 2521 1046 ,
2555 985 2644 1051 qui
2676 985 2846 1051 potuit
2873 992 2927 1038 et
2967 983 3140 1038 nullas
3161 1023 3175 1048 ,
3207 983 3481 1054 magisque

1884 1073 2209 1128 credendum
2241 1084 2565 1143 temperasse
2612 1075 2758 1130 illum
2780 1118 2796 1141 ,
2826 1076 2967 1147 quod
2993 1085 3047 1132 et
3073 1077 3353 1134 abstulisse
3379 1077 3477 1134 de-

1882 1166 2100 1231 cuisset,
2132 1167 2175 1220 si
2201 1182 2314 1237 quae
2337 1167 2724 1222 relitCltristus
2759 1167 3038 1239 intelligas.
3086 1168 3143 1224 In
3194 1169 3296 1225 hoc
3341 1184 3477 1240 quo-

1883 1273 1986 1327 que
2037 1259 2110 1328 (c)
2173 1259 2501 1314 Paracletum
2562 1274 2854 1330 agnoscere
2904 1260 3070 1317 debes
3125 1260 3472 1328 advocatum,

1881 1350 2023 1420 quod
2074 1365 2104 1404 a
2150 1359 2255 1404 tota
2300 1351 2624 1406 continentia
2665 1351 3025 1408 infirmitatem
3063 1365 3203 1409 tuam
3231 1362 3473 1412 excusat.

2486 1487 2711 1546 CAPUT
2763 1488 2851 1543 IV.

1953 1598 2177 1655 Secedat
2207 1615 2345 1654 nunc
2397 1601 2596 1657 mentio
2640 1601 2916 1666 Paracleti,
2943 1610 3002 1656 ut
3047 1603 3212 1657 nostri
3247 1603 3472 1675 alicujus

1880 1692 2134 1746 anetoris.
2155 1692 2473 1749 Evolvamus
2492 1696 2794 1749 communia
2821 1695 3171 1752 instrumenta
3190 1698 3473 1766 scriptura-

1879 1799 1994 1838 rum
2021 1784 2379 1851 pristinarum.
2397 1785 2507 1840 l-loc
2532 1786 2701 1854 ipsum
2718 1785 3118 1842 demonstratur
3134 1802 3163 1841 a
3181 1789 3350 1853 nobis,
3372 1803 3472 1844 ne-

177 1903 289 1956 lum
322 1881 560 1968 habere;
588 1905 710 1974 quia
741 1881 849 1958 nec
870 1904 1092 1958 bonum.
1123 1902 1260 1971 Quid
1291 1916 1451 1965 nunc,
1485 1902 1527 1956 si
1555 1917 1770 1956 onmem
1803 1908 1851 1968 Β
1881 1892 1982 1974 (Ιξξθ
2005 1892 2073 1930 ¹¹⁰
2088 1893 2224 1974 vim“
2259 1892 2430 1974 "eq"?
2452 1889 2758 1933 e-‘mneam
2787 1895 2906 1933 (⁵⁸⁵0
2932 1883 3282 1951 ¹¹¹⁰η⁰3³¹ηίω
3307 1881 3471 1938 ἀίεθί·

177 1995 569 2066 indulgentiam
618 1995 876 2064 nubendi,
908 1995 978 2052 de
1027 2010 1146 2063 suo,
1182 1997 1232 2050 id
1274 2005 1378 2060 est,
1417 1995 1484 2050 de
1535 1998 1770 2049 humano

177 2103 341 2143 sensu
371 2089 743 2144 accommodat
768 2105 832 2144 ex
867 2088 1190 2144 necessitate
1221 2103 1324 2158 qua
1352 2086 1605 2152 diximus,
1640 2086 1771 2152 Quia

177 2182 360 2236 inclitis
386 2185 449 2236 sit
484 2182 673 2236 nubere
711 2198 863 2252 quam
908 2181 1037 2236 uri?
1087 2181 1346 2249 Denique,
1387 2194 1677 2234 conversus
1703 2179 1768 2232 ad

178 2275 402 2329 alteram
451 2275 686 2345 speciem
735 2274 989 2338 dicendo,
1047 2271 1240 2343 Nuptis
1285 2281 1452 2326 autem
1505 2269 1768 2331 denuntio,

179 2383 285 2421 non
311 2383 424 2438 ego,
474 2367 564 2422 sed
612 2366 888 2429 Dominus,
918 2364 1150 2422 ostendit
1180 2365 1268 2420 illa
1297 2380 1416 2433 qua:
1441 2378 1603 2433 supra
1632 2361 1771 2416 dixe-

177 2468 284 2522 rat,
320 2474 423 2512 non
455 2459 741 2513 υυιιιίιιὶοςιε
781 2458 1114 2513 auctoritatis
1161 2455 1326 2512 fuisse
1352 2498 1368 2522 ,
1400 2454 1495 2511 sed
1524 2453 1773 2508 humanae

178 2550 574 2607 aestimationis.
607 2553 676 2605 At
719 2549 804 2605 ubi
856 2549 923 2604 ad
959 2549 1341 2605 ctititittetttiam
1391 2547 1618 2602 reﬂectit
1657 2544 1774 2598 atti-

178 2655 322 2706 mos,
364 2641 491 2696 Volo
517 2652 687 2696 autent
717 2657 802 2696 eos
849 2641 922 2696 sic
968 2657 1074 2696 esse
1101 2656 1273 2694 omnes
1295 2656 1314 2694 :
1338 2649 1458 2708 puto
1478 2648 1664 2704 autem,
1694 2636 1774 2689 itt-

176 2737 316 2807 quit,
349 2745 396 2788 et
418 2751 509 2806 ego
531 2734 768 2803 spiritum
801 2732 896 2788 Dei
926 2733 1086 2787 habeo
1111 2747 1130 2786 :
1161 2742 1219 2788 ut
1244 2732 1288 2786 si
1319 2731 1444 2802 quid
1478 2730 1775 2785 indulserat

174 2849 242 2888 ex
275 2832 617 2895 necessitate,
645 2829 696 2884 id
726 2829 956 2900 Spiritus
982 2828 1164 2884 Sancti
1196 2826 1520 2884 auctoritate
1549 2839 1741 2880 revoca

173 2934 284 2979 ret.
317 2923 423 2980 Sed
453 2933 506 2976 et
535 2921 768 2977 Joannes
799 2935 1027 2976 mouens
1056 2920 1136 2975 sic
1168 2933 1266 2974 nos
1297 2917 1548 2974 incedere
1574 2916 1774 2972 debere

171 3016 636 3088 quemadmodum
667 3025 722 3070 et
750 3014 1006 3068 Dominus
1028 3054 1043 3078 ,
1079 3014 1262 3083 utique
1292 3013 1452 3067 etiam
1479 3010 1772 3066 secundum

173 3109 520 3163 sanctitatem
569 3105 749 3161 carnis
794 3103 1075 3159 admonuit
1116 3104 1386 3169 incedere,
1414 3103 1553 3158 adeo
1597 3103 1772 3158 mani-

170 3199 336 3254 feste.
414 3196 481 3252 Et
525 3198 728 3261 omnis,
789 3197 999 3266 inquit,
1054 3194 1141 3264 qui
1195 3211 1338 3262 spem
1378 3195 1526 3248 istam
1579 3194 1633 3247 in
1681 3193 1772 3248 illo

1880 1971 2100 2040 plinam,
2125 1973 2231 2025 imo
2251 1981 2305 2025 et
2322 1973 2614 2041 antiquam,
2639 1982 2692 2027 et
2716 1974 2985 2042 propriam
3012 1974 3468 2043 Christianorum;

1877 2075 1930 2116 ut
1964 2063 2293 2118 Paracletum
2330 2065 2684 2118 restitutorem
2714 2065 2890 2134 potius
2911 2067 3112 2120 sentias
3131 2065 3281 2135 ejus,
3309 2083 3471 2137 quam

1875 2155 2248 2210 institutorem.
2279 2156 2428 2222 Quod
2453 2157 2713 2226 pertineat
2738 2156 2802 2210 ad
2825 2157 3214 2226 antiquitatem,
3242 2173 3362 2229 qua:
3385 2173 3472 2228 po-

1877 2255 1980 2302 test
2001 2249 2269 2317 antiquior
2299 2249 2462 2301 forma
2497 2247 2743 2317 proferri,
2767 2263 2924 2318 quam
2952 2249 3067 2319 ipse
3091 2264 3278 2305 sensus
3301 2267 3468 2322 gene-

1874 2339 1950 2395 ris
1981 2339 2228 2394 humani?
2256 2337 2424 2394 Unam
2453 2339 2720 2394 fmminam
2747 2341 2983 2395 masculo
3011 2341 3150 2397 Deus
3166 2340 3339 2408 ﬁnxit,
3362 2360 3467 2402 una

1875 2445 2020 2490 costa
2049 2434 2166 2504 ejus
2205 2436 2450 2504 decerpta
2474 2474 2488 2499 ,
2532 2445 2587 2490 et
2616 2434 2797 2504 utique
2821 2449 2884 2489 ex
2922 2434 3178 2504 pluribus.
3205 2435 3309 2492 Sed
3334 2439 3466 2494 etin

1877 2527 2186 2598 przefatione
2214 2527 2380 2596 ipsius
2401 2527 2613 2598 operis:
2642 2524 2763 2580 Non
2789 2536 2883 2592 est,
2917 2526 3104 2596 inquit,
3138 2526 3324 2581 bonum
3371 2528 3466 2583 lto-

1876 2621 2003 2673 miui
2029 2620 2192 2673 solum
2241 2636 2354 2674 eum
2389 2636 2519 2684 esse;
2564 2620 2815 2690 faciamus
2857 2619 3178 2690 adjutorium
3207 2619 3306 2673 illi.
3343 2619 3469 2676 Ad-

1872 2714 2077 2784 jutores
2101 2714 2240 2767 enim
2267 2713 2516 2779 dixisset,
2533 2713 2575 2767 si
2604 2713 2844 2783 pluribus
2872 2728 2993 2767 eum
3022 2712 3280 2768 uxoribus’
3299 2713 3468 2770 desti-

1878 2816 2075 2862 nasset.
2107 2805 2313 2876 Adjecit
2341 2818 2396 2860 et
2424 2807 2592 2876 legem
2617 2806 2686 2862 dc
2716 2805 2916 2860 futuro.
2938 2805 3211 2877 Siquidem
3236 2807 3468 2878 prophe-

1877 2901 1980 2954 tice
1995 2899 2196 2954 dictum
2217 2908 2298 2953 est
2324 2916 2336 2951 :
2370 2896 2439 2952 Et
2462 2909 2607 2953 erunt
2630 2899 2729 2952 duo
2750 2899 2801 2953 in
2821 2915 3022 2953 carnem
3043 2916 3194 2953 unam
3230 2900 3380 2971 (Gen.
3400 2901 3467 2969 ll,

1879 2991 1965 3059 18,
1997 2989 2114 3064 24),
2156 3007 2262 3046 non
2293 2998 2424 3058 tres,
2469 3005 2641 3062 neque
2672 2990 2868 3059 plures.
2893 2990 3182 3057 Caeterum,
3220 2993 3332 3060 jam
3360 3008 3467 3064 non

1877 3087 2005 3148 duo,
2034 3086 2079 3139 si
2108 3084 2303 3153 plures.
2334 3081 2493 3138 Stetit
2514 3083 2618 3138 lex.
2650 3082 2890 3154 Denique
2910 3125 2925 3150 ,
2959 3086 3318 3152 perseveravit
3341 3085 3468 3140 unio

1876 3179 2110 3249 conjugii
2151 3179 2204 3233 in
2249 3176 2554 3234 auctoribus
2595 3177 2802 3246 generis
2840 3175 2906 3230 ad
2936 3176 3094 3230 linem
3124 3191 3321 3247 usque;
3362 3192 3468 3234 non

172 3292 352 3359 habet,
383 3292 459 3362 (c)
488 3289 738 3358 casti/ictu
781 3305 854 3353 se,
911 3289 1040 3343 sicut
1082 3297 1129 3342 et
1167 3288 1276 3359 ipse
1314 3297 1482 3342 castus
1522 3297 1592 3341 est
1632 3285 1768 3360 (Jo.,

1876 3273 1998 3343 quia
2021 3286 2126 3325 non
2158 3278 2308 3324 erant
2334 3267 2564 3323 fmminte
2590 3266 2832 3332 alite,sed
2863 3269 2984 3336 quia
3016 3267 3134 3322 ideo
3163 3283 3269 3322 non
3295 3278 3468 3337 erant,

170 3382 266 3448 lll,
293 3383 374 3451 5).
401 3381 534 3437 Nam
560 3392 614 3437 et
639 3379 762 3437 alibi
786 3397 800 3434 :
825 3379 1002 3435 Estote
1025 3380 1208 3445 sancti,
1238 3381 1366 3433 sicut
1383 3389 1431 3433 et
1456 3379 1542 3433 ille
1567 3389 1771 3434 sanctus

172 3477 275 3546 fuit
302 3474 438 3545 (10.,
465 3473 534 3538 ll,
591 3471 672 3544 ὅ),
701 3472 928 3538 scilicet,
953 3487 1137 3528 carne.
1171 3473 1245 3528 De
1274 3473 1466 3542 spiritu
1495 3474 1638 3528 enim
1662 3489 1766 3528 non

166 3569 419 3630 dixisset,
463 3566 584 3636 quia
624 3565 845 3634 spiritus
885 3565 1026 3620 ultro
1055 3574 1274 3620 sanctus
1299 3566 1624 3634 agnoscitur,
1671 3581 1769 3623 nec

168 3669 449 3730 exspectat
473 3657 772 3714 sanctitatis
797 3658 1242 3724 admonitiOnem,
1271 3673 1391 3729 qua:
1417 3661 1628 3728 pr0pria
1659 3675 1769 3714 na—

168 3763 290 3808 tura
327 3761 407 3808 est
449 3751 587 3822 ejus.
615 3749 755 3806 Caro
790 3759 967 3805 autem
996 3751 1219 3806 docetur
1257 3752 1619 3816 sanctitatem,
1649 3769 1767 3822 qua:

165 3859 227 3904 et
253 3849 306 3903 in
335 3846 556 3903 Christo
581 3847 678 3902 fuit
707 3856 915 3902 sancta.
937 3845 1104 3918 Igitur
1129 3847 1173 3901 si
1213 3846 1392 3900 omnia
1424 3847 1524 3901 ista
1568 3847 1766 3902 oblite-

165 3951 296 3998 rant
338 3941 606 3997 licentiam
657 3939 915 4005 nubendi,
962 3949 1018 3994 et
1058 3940 1364 3994 conditione
1406 3940 1634 3995 licentiae
1680 3942 1762 3995 in-

165 4047 378 4105 spccta,
408 4045 462 4090 et
495 4035 804 4105 praelatione
846 4033 1192 4087 continentia!
1219 4033 1462 4102 imposita
1486 4075 1501 4100 ,
1536 4048 1631 4088 cur
1659 4050 1763 4091 non

169 4128 414 4198 pctuerit
443 4134 564 4195 post
599 4124 884 4195 Apostolos
927 4122 1068 4178 idem
1109 4124 1330 4194 spiritus
1376 4126 1765 4193 superveniens

166 4218 242 4273 ad
277 4215 647 4273 deducendam
671 4215 1004 4285 disciplinam
1030 4216 1082 4270 in
1105 4230 1317 4271 omnem
1342 4219 1639 4280 veritatem,
1673 4234 1766 4288 per

165 4309 373 4381 gradus
397 4318 697 4379 temporum
721 4307 1038 4378 (secundum
1061 4307 1203 4379 quod
1226 4307 1594 4371 Ecclesiastes,
1623 4310 1766 4364 Tem-

166 4421 270 4476 pus
294 4404 432 4458 omni
458 4404 551 4469 rei,
585 4404 798 4473 inquit),
820 4418 1122 4472 supremam
1140 4402 1249 4470 jam
1272 4402 1419 4456 carni
1439 4402 1651 4457 fibulam
1669 4407 1764 4458 itit—

167 4512 395 4569 pouere,
419 4497 528 4567 jam
547 4511 650 4550 non
673 4496 888 4566 oblique
906 4511 934 4548 a
958 4493 1157 4563 nuptiis
1177 4509 1428 4558 avocans,
1455 4494 1550 4549 sed
1581 4507 1764 4551 exerte

165 4593 254 4664 (ὁ)
307 4607 429 4647 cum
471 4592 641 4661 magis
671 4606 812 4644 nunc
843 4601 1052 4658 tempus
1095 4590 1143 4642 in
1175 4588 1404 4643 collecto
1434 4589 1628 4642 factum
1656 4591 1760 4654 sit,

1877 3379 1944 3420 ne
1990 3364 2235 3434 primitize
2270 3361 2480 3432 generis
2522 3359 2714 3429 duplici
2758 3360 3098 3414 matrimonio
3135 3362 3470 3418 contamina-

1874 3467 2077 3512 rentur.
2108 3455 2377 3524 Alioquin,
2413 3454 2457 3507 si
2501 3453 2638 3507 Deus
2666 3452 2939 3520 voluisset,
2968 3467 3090 3508 esse
3130 3453 3466 3523 potuissent:

1871 3559 2018 3606 certe
2060 3549 2125 3605 de
2170 3548 2395 3603 ﬁliarum
2438 3563 2652 3602 suarum
2700 3547 3085 3602 rnnnerositate
3129 3549 3466 3618 sumpsisset,

1870 3659 1976 3699 non
2008 3643 2184 3697 minus
2209 3657 2274 3696 ex
2302 3640 2513 3695 ossibus
2555 3649 2608 3694 et
2642 3655 2706 3694 ex
2737 3654 2896 3694 carne
2921 3654 3016 3694 sua
3048 3640 3248 3695 habens
3278 3640 3469 3709 Evam,

1870 3737 1914 3790 si
1954 3737 2052 3790 hoc
2086 3736 2169 3804 pie
2197 3736 2367 3789 fieret.
2403 3731 2577 3786 Atnbi
2607 3733 2833 3801 primum
2863 3731 3058 3796 seclus,
3098 3731 3467 3797 homicidium,

1872 3831 1922 3883 in
1965 3828 2258 3883 fratricidio
2299 3824 2630 3890 dedicatum,
2666 3835 2770 3879 tam
2811 3823 3029 3894 dignum
3068 3826 3305 3881 secundo
3349 3828 3469 3884 loco

1870 3922 2041 3975 scelus
2072 3935 2174 3972 non
2208 3918 2334 3981 fuit,
2377 3933 2534 3988 quam
2580 3918 2698 3971 dua:
2739 3919 2955 3986 nuptiae.
2990 3918 3069 3989 (ά)
3108 3918 3293 3990 Neque
3323 3922 3467 3978 enim

1870 4013 2032 4069 refert
2057 4013 2188 4067 duas
2214 4012 2332 4082 quis
2365 4027 2560 4066 uxores
2596 4010 2831 4081 singulas
2861 4011 3122 4076 habuerit,
3163 4028 3230 4067 an
3271 4018 3470 4084 pariter

1871 4108 2092 4178 Singula:
2125 4106 2258 4160 duas
2302 4106 2542 4160 fecerint.
2579 4104 2720 4159 ldettt
2765 4120 3017 4160 numerus
3055 4108 3464 4176 conjtmctorum

1870 4211 1923 4256 et
1951 4212 2335 4271 separatorum.
2363 4197 2538 4253 Semel
2570 4208 2743 4252 tamen
2771 4199 2875 4252 vim
2909 4212 3060 4267 passa
3089 4198 3350 4253 institutio
3374 4200 3463 4254 Dei

1872 4311 1965 4364 per
1996 4292 2221 4349 Lamech
2245 4334 2257 4355 ,
2288 4291 2525 4345 constitit
2565 4299 2746 4357 postea
2795 4290 2845 4342 in
2890 4291 3047 4344 linem
3094 4304 3260 4359 usque
3291 4290 3466 4360 gentis

1871 4388 2028 4441 illius.
2060 4384 2335 4441 Secundus
2361 4382 2591 4438 Lamecli
2625 4381 2798 4434 tntllns
2819 4381 3018 4446 existit,
3044 4381 3312 4449 quomodo
3335 4383 3466 4438 dua-

1869 4481 1966 4537 bus
1993 4481 2289 4534 maritatas.
2342 4476 2414 4549 (c)
2455 4475 2622 4546 Negat
2673 4474 2945 4545 Scriptura
2976 4475 3118 4544 quod
3149 4490 3256 4530 non
3291 4486 3461 4532 notat.

1870 4574 2000 4628 Alia:
2046 4571 2301 4627 diluvium
2333 4569 2634 4639 iniquitates
2680 4576 3124 4635 provocavcrunt,
3158 4568 3325 4621 semel
3365 4567 3463 4622 de-

163 4660 328 4742 annis
384 4660 597 4738 circiter
648 4681 751 4738 I60
795 4681 996 4737 exinde
1043 4679 1358 4748 produczis?
1412 4679 1598 4736 Nonne
1642 4683 1752 4750 ipse
1779 4688 1833 4748 D
1860 4689 2032 4744 [ωηερε
2055 4668 2469 4742 qtlulcscum‘l'le
2508 4661 2722 4715 Ῑυθτυηι
2765 4674 2915 4725 ἱ¹¹οη
2963 4668 3138 4714 "Huc"
3166 4660 3486 4738 septuasivs,

163 4775 314 4848 apud
343 4783 393 4830 te
419 4782 742 4830 retractares
771 4775 793 4828 i
827 4772 986 4828 Vetus
1020 4773 1133 4827 haec
1179 4771 1458 4841 disciplina
1491 4782 1593 4838 est,
1635 4789 1765 4843 pra:-

163 4875 434 4925 monstata
474 4866 584 4937 jam
612 4875 735 4922 tunc
781 4865 832 4920 in
875 4878 1035 4921 carne
1075 4863 1313 4929 Domini,
1361 4871 1414 4917 et
1455 4863 1764 4920 voluntate:

1874 4774 2099 4842 septies,
2128 4760 2268 4834 quod
2300 4759 2405 4812 duo
2431 4754 2762 4808 matrimonia
2795 4761 3121 4807 meruerunt.
3154 4751 3259 4805 Sed
3285 4760 3340 4806 et
3370 4767 3461 4806 re-

1876 4861 2122 4920 formatio
2167 4849 2383 4910 secundi
2433 4845 2642 4918 generis
2671 4843 2886 4899 humani
2915 4843 3248 4914 monogamia
3293 4853 3462 4901 matre

1400 4953 1779 5014 LECTIONES
1815 4959 1904 5015 VA
1914 4945 2227 5012 RIANTES.

232 5055 309 5121 (ι)
329 5053 437 5104 Alio
457 5051 608 5105 Seml.

1931 5047 2006 5111 (2)
2031 5041 2141 5094 Mali
2165 5035 2313 5090 omitt.
2335 5026 2486 5084 Seml.

1532 5129 2090 5190 COMMENTARIUS.

247 5237 325 5307 (ει)
354 5231 875 5307 castiﬁcat_se_.__sict_tt
902 5242 948 5286 et
967 5232 1077 5299 ipse
1102 5240 1268 5283 castus
1293 5225 1763 5307 est.‘Es_Epistola

159 5303 356 5370 10a"),
391 5306 475 5381 Illi,
509 5303 911 5381 vet'tit‘libcrius
940 5319 1096 5372 quam
1125 5317 1218 5371 par
1257 5311 1338 5381 est.
1382 5303 1574 5381 οὶγνῇζυΔ
1597 5306 1763 5356 ἑαυτὸν

167 5397 269 5452 per
295 5379 565 5452 castiﬁcat,
594 5384 649 5431 et
669 5378 802 5440 ἄγνος
832 5382 1027 5439 castus,
1052 5388 1215 5444 purus
1244 5377 1384 5426 enim
1415 5380 1501 5424 est
1526 5377 1581 5422 et
1603 5386 1759 5424 mutt-

385 5452 460 5478 sl)

167 5449 179 5452 ⁷
385 5465 399 5478 ς
447 5452 460 5478 ὶ

161 5449 688 5593 duilihifulnrmagis
718 5531 852 5569 nunc
890 5525 1090 5593 tempus
1125 5514 1198 5593 in
1228 5513 1433 5566 collecto
1463 5512 1652 5593 factum
1677 5510 1762 5593 sit:

163 5594 228 5649 In
255 5581 382 5647 ‘eum
417 5591 572 5659 plane
613 5581 842 5643 'sensum
889 5581 1077 5659 beatus
1125 5584 1434 5659 Hieronym.
1464 5581 1650 5659 ‘epist.
1699 5581 1764 5634 ad

164 5653 529 5721 Gerontium:
571 5659 694 5729 quid
740 5659 808 5712 ad
847 5675 958 5722 nos,
1027 5658 1083 5709 in
1122 5673 1247 5724 quas
1294 5653 1420 5723 ﬁnes
1467 5653 1768 5707 steculorum

160 5733 510 5791 devenerunt!
534 5730 612 5785 LE
635 5731 731 5784 Ριι.

243 5804 320 5877 (c)
365 5803 690 5877 Paracletum
725 5816 994 5877 agnoscere
1026 5798 1174 5852 debes
1211 5797 1536 5877 advocatum.
1557 5794 1775 5877 Adludit

159 5868 720 5944 ad‘s'ignificatiouem
759 5868 915 5944 'vocis
963 5877 1265 5944 παρίειλητος
1305 5883 1423 5944 quae
1470 5868 1773 5944 advocatum

157 5937 475 6020 significat;
514 5945 609 6003 sed
637 5942 858 6003 ridicula
894 5950 979 6000 est
1008 5937 1296 6016 a'pplicatio
1328 5941 1595 5998 Auctoris.
1631 5937 1768 5995 Psu.

1935 5223 2093 5282 CAP.
2124 5218 2213 5274 IV.
2232 5245 2303 5257 —-
2328 5212 2406 5285 (d)
2460 5208 2638 5280 Neque
2667 5207 2798 5285 eitint
2826 5206 2978 5285 refert
3005 5205 3130 5285 dua;
3146 5207 3256 5285 qui!
3278 5223 3462 5285 ηχφιε,

1866 5277 2095 5370 singulas
2156 5277 2415 5370 habuerit,
2467 5298 2533 5333 an
2556 5277 2765 5370 'pitrt’ter
2803 5277 3018 5370 singula:
3059 5277 3186 5370 d-nas
3228 5278 3459 5370 feCfrint.

2065 5364 2183 5435 quia
2215 5358 2498 5435 plurimum
2545 5349 2707 5435 refert
2727 5351 2953 5435 ,_edicto
2975 5349 3220 5435 praetoris
3247 5351 3461 5435 infantia

1871 5419 2105 5499 nota'tur',
2153 5419 2243 5502 qui
2271 5431 2389 5502 bina
2442 5423 2708 5502 sponsalia
2746 5422 2964 5502 binasve
3004 5419 3214 5489 nuptias
3275 5423 3463 5476 eodem

1869 5493 2118 5581 tempore
2139 5493 2452 5581 constitutas
2476 5493 2739 5581 habuerint.
2771 5493 2887 5547 lito.

2064 5576 2232 5645 Negat
2263 5572 2529 5650 Scriptura
2570 5564 2705 5652 good
2746 5579 2845 5652 n‘ou
2889 5571 3048 5652 aptat.
3078 5562 3200 5643 Mihi
3234 5561 3462 5652 primum

1871 5633 2205 5718 hm‘e'legetili
2227 5686 2242 5708 ,
2266 5633 2510 5718 quamvis
2535 5633 2717 5718 obiter
2738 5643 2792 5687 et
2826 5633 3186 5718 perftt‘ttctoroie
3207 5674 3221 5697 ,
3253 5634 3468 5718 durius-

1876 5704 2134 5779 περ
2197 5704 2319 5768 sunt
2361 5715 2410 5765 in
2452 5724 2518 5764 eo
2563 5709 2823 5779 scriptore
2853 5704 2941 5774 qui
2972 5704 3308 5779 traditionem
3352 5714 3466 5757 tan-

1878 5776 2062 5865 topere
2087 5787 2421 5865 defenderat.
2448 5783 2516 5837 At
2538 5779 2609 5836 ibi
2629 5776 2982 5845 orthodoxus,
3017 5777 3099 5831 hic
3127 5790 3251 5830 vero
3278 5793 3306 5830 ιι
3336 5791 3466 5830 vero

1875 5859 2079 5929 dc'vius.
2112 5861 2190 5918 ιιι
2219 5859 2311 5914 l’n.
