4220 6492
740 384 846 444 935

2143 384 2607 445 TERTULLIANI

3939 390 4052 444 936

733 511 1005 561 censetur.
1029 504 1222 562 Iterum
1253 506 1358 565 duo
1380 509 1430 563 in
1463 507 1633 565 unicis
1664 508 1883 578 nuptiis.
1916 508 2091 580 Etiam
2121 510 2171 565 in
2196 511 2323 581 ipsis
2351 519 2400 578 Α
2428 512 2496 568 de
2525 510 2827 579 videamus,
2857 526 2925 567 an
2964 510 3192 583 idipsum
3217 510 3416 568 debeas
3447 510 3572 567 huic
3597 524 3811 582 quoque
3854 511 4052 566 censui

734 596 1053 653 animalibus
1092 600 1424 671 monogamia
1471 602 1891 673 recognoscitur,
1926 618 1992 658 ne
2020 603 2103 659 vel
2144 602 2331 659 bestiae

734 686 802 742 tle
830 690 1056 745 mmcltia
1087 700 1450 749 nascerentur.
1484 693 1566 748 Ea:
1594 694 1828 749 omnibus
1850 735 1864 759 ,
1898 695 2066 765 ittquit
2090 736 2105 760 ,
2138 694 2327 761 bestiis,

735 795 801 835 ex
827 781 973 837 omni
1011 798 1193 848 carne,
1221 784 1328 839 duo
1369 785 1591 841 induces
1624 787 1675 841 itt
1703 801 1901 851 arcam,
1943 794 1999 842 ut
2039 788 2217 841 vivant
2255 796 2333 843 te-

734 887 855 929 cum
886 877 1154 932 masculus
1176 889 1230 934 et
1257 879 1489 935 fuantina.
1519 880 1766 936 Eruntde
1792 881 2111 936 animalibus
2133 881 2331 935 volati-

735 966 874 1023 libus
917 970 1209 1025 secundum
1254 988 1461 1043 genus,
1511 974 1653 1030 etde
1703 974 1950 1030 omnibus
1993 976 2333 1044 serpentibus

736 1065 916 1125 teme,
947 1062 1236 1117 secundum
1263 1079 1431 1134 genus
1460 1065 1716 1135 ipsorum,
1744 1065 1851 1121 duo
1876 1080 1939 1121 ex
1970 1066 2220 1121 omnibus
2246 1067 2331 1121 itt-

738 1152 972 1208 troibunt
995 1154 1061 1208 ad
1103 1165 1152 1211 te
1186 1158 1454 1213 masculus
1484 1168 1537 1213 et
1566 1157 1804 1213 hemina.
1840 1158 2035 1213 Eadem
2070 1159 2235 1214 forma
2280 1168 2333 1213 et

735 1254 955 1315 septena
969 1261 1034 1301 ex
1059 1247 1194 1303 binis
1222 1250 1392 1319 adlegi
1421 1251 1638 1305 mamlat
1659 1267 1724 1306 ex
1748 1253 1985 1306 masculo
2010 1262 2063 1306 et
2091 1251 2331 1317 hemina,

736 1352 844 1392 uno
866 1347 919 1392 et
954 1355 1077 1393 una.
1110 1341 1262 1408 Quod
1288 1344 1520 1414 amplius
1548 1344 1758 1398 dicam?
1790 1344 2082 1400 Intmundis
2119 1361 2334 1417 quoque

734 1429 947 1485 alitibus
975 1446 1095 1486 cum
1124 1433 1262 1489 binis
1300 1435 1533 1489 fmntinis
1562 1437 1786 1492 introire
1814 1454 1918 1491 non
1952 1437 2117 1493 licuit.

1362 1526 1588 1584 CAPUT
1640 1528 1701 1583 γ.

809 1613 933 1670 llaec
983 1627 1240 1687 quantum
1287 1618 1352 1674 ad
1400 1620 1810 1689 primordiorum
1859 1623 2251 1689 testimonium,
2280 1632 2335 1681 et

735 1706 956 1776 originis
987 1719 1185 1763 nostra:
1233 1712 1623 1779 patrocinium,
1668 1722 1723 1767 ct
1767 1712 1960 1767 divina:
1989 1714 2334 1771 institutionis

736 1796 1123 1867 pt‘wjttdicium.
1152 1802 1280 1868 Quae
1313 1803 1494 1873 utique
1515 1803 1597 1857 lex
1630 1814 1732 1871 est,
1764 1817 2289 1863 noumonnmentnm
2317 1828 2330 1875 ;

2434 603 2705 667 secundo;
2734 619 2802 659 an
2849 604 2901 659 in
2927 604 3115 661 eadem
3166 615 3219 662 te
3262 604 3429 659 forma
3477 618 3599 659 esse
3643 604 3956 667 conveniat,
4000 605 4053 656 in

2433 712 2537 766 qua
2584 696 2906 752 novissimus
2959 712 3169 768 quoth
3223 697 3415 761 Adam,
3445 697 3497 751 in
3546 712 3646 767 qua
3694 707 3747 751 et
3798 696 4049 765 primus;

2433 788 2648 858 quando
2688 788 3011 843 novissimus
3042 788 3232 852 Adam,
3264 789 3313 843 id
3355 799 3439 844 est
3478 789 3751 853 Christus,
3786 791 4052 861 innuptas

2436 881 2488 936 in
2516 891 2705 946 totum,
2728 882 2870 953 quod
2894 883 3054 937 etiam
3081 885 3281 953 primus
3303 882 3472 937 Adam
3494 893 3619 938 ante
3643 883 3917 938 exsiliunt.
3942 882 4049 937 Sed

2434 972 2632 1030 donato
2662 975 2961 1030 inﬁrmitati
2989 985 3093 1031 tua:
3113 976 3290 1030 carnis
3313 990 3424 1030 sua:
3452 977 3721 1046 exemplo,
3755 976 4052 1047 perfectior

2436 1066 2629 1133 Adant,
2666 1067 2716 1121 id
2741 1077 2824 1123 est
2852 1065 3119 1131 Christus,
3160 1082 3225 1122 co
3252 1081 3464 1138 quoque
3500 1069 3715 1123 nomine
3754 1068 4053 1137 perfectior

2436 1173 2540 1227 qua
2592 1160 2867 1230 integrior,
2918 1160 3117 1213 volenti
3162 1159 3375 1229 quidem
3407 1159 3497 1214 tibi
3529 1159 3697 1230 Spado
3722 1162 3969 1214 occurrit
3999 1164 4048 1214 in

2436 1267 2625 1318 carne;
2662 1252 2707 1307 si
2748 1266 2875 1305 vero
2906 1265 3010 1306 non
3062 1253 3283 1319 sufficis,
3313 1267 3663 1322 monogantus
3706 1254 3950 1308 occurrit
3997 1254 4047 1306 in

2436 1345 2648 1415 spiritu,
2677 1360 2836 1400 unam
2868 1344 3072 1399 habens
3108 1344 3402 1400 Ecclesiam
3430 1360 3680 1415 sponsam
3699 1387 3714 1412 ,
3743 1346 4047 1400 secundum

2440 1438 2609 1494 Adam
2640 1447 2694 1492 et
2720 1438 2847 1494 Eva:
2869 1439 3125 1509 figuram;
3157 1454 3317 1509 quatn
3368 1438 3657 1509 Apostolus
3682 1438 3735 1492 iu
3764 1439 3895 1493 illud
3932 1454 4048 1491 ma-

2437 1546 2599 1601 gnutn
2621 1542 3017 1587 sacramentum
3049 1533 3451 1600 interpretatur,
3476 1532 3529 1586 in
3553 1531 3830 1587 Cltristnnt
3859 1541 3911 1585 et
3953 1532 4051 1586 lic-

2437 1624 2678 1691 clesiaut,
2721 1625 3041 1696 competisse
3070 1624 3270 1679 carnali
3314 1625 3667 1695 monogamia:
3714 1642 3807 1694 per
3834 1624 4051 1693 Spit-ita-

2437 1714 2563 1768 lem.
2594 1713 2756 1770 Vides
2786 1716 2943 1785 igitur
2967 1716 3419 1786 quemadmodum
3449 1719 3611 1771 etiam
3636 1719 3688 1770 in
3715 1716 3939 1771 Christo
3964 1732 4051 1771 no-

2438 1820 2567 1859 vans
2592 1820 2832 1870 censum,
2876 1822 2981 1862 non
3012 1809 3185 1878 possis
3223 1824 3343 1863 euut
3375 1807 3491 1864 sine
3533 1808 3890 1879 monogamia:
3930 1825 4049 1877 prn-

733 1890 984 1958 quouiam
1013 1891 1058 1945 si
1088 1891 1157 1945 ita
1182 1892 1375 1948 factuut
1404 1906 1484 1949 est
1513 1911 1541 1949 a
1574 1896 1884 1965 primordio,
1915 1898 2211 1954 invenimus
2237 1916 2333 1955 nos
2366 1915 2410 1973 Β
2441 1896 2672 1951 fessioue
2698 1896 2911 1952 deferre
2935 1939 2950 1964 ,
2984 1898 3085 1953 nisi
3110 1914 3273 1953 carne
3314 1898 3391 1953 sis
3419 1898 3558 1969 quod
3581 1900 3768 1969 spiritu
3816 1900 3909 1953 ille
3940 1908 4047 1961 est,

734 1981 802 2037 ad
838 1983 1044 2038 initiutn
1074 1984 1229 2055 dirigi
1260 2002 1290 2041 a
1317 1986 1532 2042 Christo
1563 2007 1574 2041 :
1604 1989 1740 2045 sicut
1768 1990 1817 2044 in
1846 1994 2142 2061 quaestione
2170 2010 2328 2064 repu-

734 2072 828 2140 dii,
858 2074 1042 2130 dicens
1070 2076 1194 2131 illud
1238 2087 1456 2149 propter
1493 2082 1743 2135 duritiam
1796 2083 2029 2152 ipsorum
2080 2101 2108 2138 a
2149 2086 2331 2158 Moyse

733 2182 853 2223 esse
883 2170 1237 2239 permissum,
1270 2172 1338 2226 ab
1368 2174 1516 2228 initio
1545 2185 1720 2230 autem
1752 2193 1856 2230 non
1887 2177 1953 2231 ita
1981 2178 2145 2234 fuisse
2169 2222 2183 2247 ,
2215 2182 2331 2236 sine

733 2261 895 2317 dubio
917 2262 981 2316 ad
1012 2263 1216 2318 initium
1266 2277 1481 2321 revocat
1519 2268 1842 2323 matrimonii
1885 2270 2327 2329 individnitatetn.

734 2350 964 2423 Ideoque
986 2370 1117 2422 quos
1149 2355 1284 2410 Deus
1312 2357 1373 2409 ab
1395 2358 1538 2411 initio
1569 2360 1836 2430 conjunxit
1867 2362 1916 2414 in
1946 2378 2102 2415 unam
2128 2379 2332 2418 carnem

733 2442 884 2509 duos,
912 2444 1061 2497 hodie
1087 2444 1236 2498 homo
1266 2463 1367 2501 non
1396 2449 1646 2519 separabit
1680 2448 1858 2519 (Gem,
1895 2451 2086 2521 l|,2I).
2113 2454 2249 2508 Dicit
2277 2448 2351 2525 et,

732 2535 1022 2604 Apostolus
1050 2538 1290 2593 scribens
1310 2539 1375 2592 ad
1408 2540 1704 2610 Ephesios:
1732 2540 1895 2597 Deum
1923 2547 2249 2614 proposuisse
2277 2547 2328 2601 in

732 2627 999 2697 semetipso
1029 2629 1097 2681 ad
1126 2630 1556 2700 dispensationem
1602 2635 1979 2705 aditnpletionis
2023 2650 2326 2709 temporum,

732 2721 802 2774 ad
851 2731 1031 2792 caput,
1082 2723 1132 2777 id
1159 2733 1261 2790 est,
1312 2726 1379 2778 ad
1419 2726 1616 2780 initium
1661 2731 1974 2795 reciprocare
2019 2734 2247 2787 universa
2277 2734 2329 2788 in

732 2810 964 2880 Christo,
996 2830 1110 2883 qua:
1132 2825 1247 2869 sunt
1275 2832 1426 2884 super
1450 2817 1600 2872 caelos
1642 2830 1689 2873 et
1734 2836 1885 2891 super
1924 2831 2083 2877 terras
2122 2825 2174 2878 in
2218 2825 2328 2895 ipso

733 2904 899 2975 (Eph.
932 2906 971 2971 I,
1004 2906 1177 2976 9,10).
1212 2907 1298 2963 Sic
1328 2918 1382 2964 et
1410 2908 1543 2965 duas
1564 2910 1785 2968 Grzeciaa
1830 2914 2030 2981 literas,
2063 2933 2327 2974 suuunam

733 3008 786 3051 et
815 2998 1075 3066 ultimam,
1100 2999 1199 3053 sibi
1232 3000 1681 3070 induitDominus,
1716 3006 1917 3061 iuitiiet
1949 3008 2069 3063 finis
2098 3026 2326 3067 concur-

734 3089 962 3144 rentinm
1002 3092 1053 3146 in
1083 3107 1143 3147 se
1175 3093 1400 3163 tiguras:
1434 3096 1505 3149 uti
1538 3100 1952 3165 quemamodnm
1981 3126 2014 3154 οι
2058 3104 2121 3158 ad
2166 3127 2201 3156 ω
2234 3120 2326 3160 nso

731 3198 837 3252 que
869 3183 1131 3251 volvitur,
1159 3196 1213 3240 et
1252 3200 1434 3241 rursus
1462 3210 1497 3239 ω
1525 3187 1590 3242 ad
1620 3213 1655 3242 αι
1684 3191 1971 3261 replicatur
2016 3195 2251 3265 (Apocal.
2286 3197 2324 3262 1,

2436 1989 2559 2044 licet
2580 2001 2632 2045 et
2661 1991 2801 2061 quod
2842 1991 2940 2045 luit
2979 1991 3032 2046 itt
3070 2006 3268 2054 carne,
3296 2007 3450 2060 anque
3478 2005 3599 2045 esse
3634 1991 3905 2047 debueris.
3938 1991 4047 2047 Sed

2433 2082 2610 2137 adhuc
2655 2082 2811 2137 nobis
2860 2098 3164 2154 quaeramus
3210 2084 3421 2154 aliquos
3470 2084 3692 2153 originis
3744 2086 4045 2153 principes.

2432 2174 2549 2230 Non
2600 2175 2811 2244 placent
2863 2177 3006 2231 enim
3050 2176 3368 2247 quibusdam
3414 2175 3718 2247 monogatni
3765 2189 4047 2246 parentes,

2437 2266 2605 2322 Adam
2650 2276 2704 2322 et
2740 2266 2871 2333 Noe,
2920 2267 3146 2322 fortasse
3195 2284 3294 2323 nec
3341 2268 3606 2322 Christus.
3649 2270 3733 2322 Ab
3764 2270 4047 2323 Abraham

2433 2359 2665 2430 denique
2714 2371 3035 2430 provocant,
3088 2360 3339 2431 prohibiti
3387 2370 3590 2431 patrem
3633 2360 3796 2415 aliunt
3846 2372 4049 2430 praeter

2435 2451 2599 2506 Deum
2629 2468 2942 2523 agnoscere.
2984 2451 3064 2508 Sit
3109 2468 3252 2507 nunc
3306 2464 3456 2522 pater
3506 2460 3691 2507 noster
3740 2453 4045 2519 Abraham,

2433 2543 2503 2598 sit
2540 2553 2596 2600 et
2631 2545 2846 2601 Paulus.
2894 2545 2962 2600 In
2995 2546 3292 2618 Evangelia,
3317 2545 3486 2615 inquit
3509 2587 3523 2611 ,
3554 2562 3643 2615 ego
3688 2562 3773 2600 ros
3804 2550 4049 2616 generari

2435 2634 2479 2707 (1
2504 2636 2648 2703 Con,
2682 2636 2771 2704 IV,
2803 2637 2916 2708 16).
2942 2639 3112 2693 Etiam
3140 2637 3367 2693 Abraha:
3399 2648 3451 2693 te
3480 2638 3645 2691 filium
3679 2639 3896 2694 exhibe.
3927 2640 4045 2695 Non

2432 2728 2573 2781 cnim
2605 2728 2681 2799 (a)
2712 2731 2953 2798 passivus
2986 2731 3075 2783 tibi
3106 2743 3300 2784 census
3321 2740 3403 2784 est
3444 2731 3493 2783 itt
3519 2728 3627 2785 illo.
3650 2730 3870 2785 Certum
3916 2743 4048 2785 tem-

2433 2838 2530 2893 pus
2556 2832 2659 2889 est,
2681 2840 2788 2895 quo
2812 2835 2934 2879 tuus
2957 2836 3110 2895 pater
3134 2832 3234 2878 est.
3264 2823 3319 2879 Si
3345 2824 3488 2877 enim
3517 2839 3583 2877 ex
3614 2823 3716 2878 fide
3742 2825 3836 2878 lilii
3862 2824 4047 2893 depu-

2434 2925 2611 2971 tamur
2647 2916 2897 2982 Abraltze,
2933 2927 2990 2971 ut
3031 2916 3319 2985 Apostolus
3357 2915 3534 2982 docet,
3562 2915 3746 2971 dicens
3775 2916 3843 2969 ad
3889 2917 4049 2970 Gala.

2433 3017 2546 3064 tus:
2575 3008 2888 3081 Cognoscitis
2913 3025 3109 3079 nempe,
3148 3009 3268 3079 quia
3296 3008 3383 3077 qui
3412 3024 3475 3062 ex
3512 3007 3630 3077 ﬁde,
3668 3008 3752 3061 isti
3790 3019 3913 3061 sunt
3948 3011 4049 3074 [itii

2434 3101 2650 3155 Abraha:
2698 3101 2851 3173 (Gal.
2885 3101 2983 3169 III,
3022 3101 3073 3156 7.
3105 3102 3166 3171 );
3218 3100 3432 3171 quando
3493 3100 3721 3157 credidit
3761 3101 4046 3156 Abraham

2437 3193 2565 3259 Deo,
2592 3204 2647 3249 et
2674 3195 2985 3263 deputatum
3012 3203 3095 3248 est
3120 3194 3170 3249 ei
3203 3195 3255 3247 in
3279 3192 3538 3263 justitiam
3561 3194 3585 3245 ἲ
3606 3192 3827 3262 Opinor,
3858 3196 3976 3246 adh
4002 3210 4049 3249 tc

736 3275 806 3341 8;
830 3274 999 3343 XXII,
1036 3277 1151 3347 15),
1173 3278 1240 3331 ita
1265 3280 1573 3336 ostenderet
1601 3282 1652 3336 in
1684 3297 1742 3338 se
1765 3294 1954 3340 esseet
1977 3286 2106 3341 initii
2132 3290 2325 3343 decur-
2357 3307 2400 3367 (ς
2436 3286 2487 3339 in
2531 3287 2867 3357 monogamia
2891 3326 2905 3351 ,
2936 3287 3059 3356 quia
3089 3286 3141 3340 in
3168 3286 3577 3341 circumcisione
3592 3285 3849 3341 nondum.
3880 3288 4047 3352 Quod

733 3383 851 3423 sunt
881 3370 951 3424 ad
980 3371 1159 3436 tinem,
1190 3381 1244 3426 et
1274 3372 1393 3427 linis
1423 3389 1695 3431 recursum
1720 3377 1783 3431 ad
1804 3379 2007 3433 initiunt
2035 3396 2049 3444 ;
2077 3392 2130 3435 ut
2155 3383 2331 3439 omnis

733 3461 1014 3532 dispositio
1041 3464 1092 3518 itt
1118 3480 1239 3520 eum
1268 3464 1549 3532 desinens,
1586 3484 1678 3538 per
1703 3486 1859 3540 quem
1886 3484 2058 3543 Cthla
2088 3485 2170 3530 est
2191 3517 2205 3542 ,
2237 3492 2332 3547 per

735 3554 1051 3610 Sermonem
1078 3556 1282 3612 scilicet
1312 3558 1433 3627 Dei,
1466 3561 1553 3631 qtti
1587 3576 1715 3617 caro
1740 3562 1937 3620 factum
1966 3577 2077 3633 est,
2109 3569 2331 3638 proinde

734 3646 945 3703 desinat
972 3649 1415 3720 quemadmodum
1443 3654 1703 3724 ctcmpit.
1750 3654 1818 3710 Et
1843 3656 1979 3713 adeo
2022 3659 2073 3713 in
2116 3661 2331 3717 Christo

734 3741 914 3795 omnia
938 3753 1253 3796 revocantur
1284 3740 1363 3813 (l)
1381 3743 1687 3811 adinitium,
1706 3756 1763 3801 ut
1791 3758 1844 3803 et
1872 3750 2003 3805 lides
2028 3767 2239 3808 reversa
2262 3756 2332 3812 sit

736 3834 1145 3889 circumcisione
1173 3834 1237 3889 ad
1268 3836 1622 3907 integritatem
1664 3841 1841 3897 carnis
1883 3842 2024 3898 illius
2044 3886 2059 3910 ,
2089 3847 2227 3902 sicut
2264 3849 2331 3905 ab

740 3927 889 3980 initio
936 3926 1068 3992 fuit;
1111 3939 1166 3982 et
1211 3928 1428 3984 libertas
1465 3930 1703 3985 ciborqu
1744 3944 1796 3988 et
1862 3938 2133 4007 sanguinis
2168 3941 2332 3995 solius

738 4018 1056 4073 abstinentia
1083 4019 1310 4074 sicutab
1347 4022 1498 4076 initio
1542 4024 1664 4077 luit:
1700 4034 1752 4079 et
1781 4029 2103 4083 matrimonii
2144 4032 2330 4086 indivi-

738 4108 943 4173 duitas,
976 4110 1112 4164 sicut
1137 4110 1205 4165 ab
1245 4110 1393 4166 initio
1424 4112 1540 4176 fuit,
1564 4124 1618 4169 et
1644 4116 1847 4184 repudii
1884 4118 2164 4185 cobibitio,
2190 4123 2331 4193 quod

739 4202 807 4257 ab
835 4202 982 4257 initio
1011 4217 1115 4256 non
1151 4202 1243 4256 fuit
1267 4218 1281 4267 ;
1307 4213 1361 4258 et
1388 4214 1655 4274 postremo
1679 4217 1821 4263 totus
1847 4209 2008 4264 homo
2038 4213 2088 4264 iu
2122 4216 2329 4282 paradi-

740 4308 855 4349 sum
891 4307 1190 4361 revocatur,
1216 4295 1300 4349 ubi
1328 4296 1396 4350 ab
1425 4297 1574 4353 initio
1602 4299 1702 4354 fuit
1750 4298 1857 4355 Cur
1883 4318 2011 4373 ergo
2037 4305 2118 4359 vel
2148 4321 2334 4361 mono-

739 4400 954 4457 gamnm
978 4388 1069 4442 illo
1095 4404 1197 4443 non
1224 4387 1417 4443 debeat
1445 4390 1612 4445 Adatn
1642 4390 1862 4458 referre,
1894 4396 1981 4465 qui
2023 4412 2126 4449 ttutt
2160 4409 2334 4468 potest

743 4489 849 4531 tam
873 4478 1133 4547 integrum
1167 4488 1439 4545 praestare,
1468 4496 1624 4550 quam
1650 4483 1771 4537 inde
1798 4484 1991 4540 ntissus
2013 4488 2132 4540 est?
2158 4488 2335 4556 Quan-

740 4579 853 4625 tum
894 4572 1125 4639 pertinet
1165 4572 1341 4641 itaque
1380 4573 1444 4627 ad
1485 4575 1619 4629 initii
1667 4578 2077 4644 restitutionem,
2112 4582 2160 4636 id
2206 4599 2235 4637 a
2283 4594 2336 4641 te

2436 3376 2482 3432 si
2514 3388 2698 3448 postea
2748 3380 2801 3433 itt
2848 3390 3136 3448 utrumque
3165 3387 3400 3432 mutatus
3424 3386 3541 3443 est,
3587 3387 3640 3433 et
3666 3378 3718 3432 in
3743 3378 4047 3447 digalltialll

2438 3488 2532 3542 per
2573 3474 2783 3529 ancillae
2818 3475 3252 3542 concubinatum,
3286 3484 3338 3529 et
3370 3474 3422 3529 in
3449 3473 3917 3530 circumcisionem
3951 3493 4051 3545 per

2438 3566 2737 3621 testamenti
2759 3566 3111 3636 signaculum,
3137 3581 3241 3620 non
3271 3578 3422 3635 potes
3444 3566 3592 3620 illunt
3616 3576 3820 3636 patrem
3839 3582 4052 3637 agnos-

2435 3671 2579 3725 cere,
2614 3659 2713 3713 nisi
2742 3666 2888 3726 tunc,
2918 3674 3038 3713 cum
3089 3660 3197 3714 Deo
3222 3657 3485 3724 credidit;
3532 3658 3792 3728 siquidem
3831 3674 4051 3717 secun-

2435 3747 2562 3804 dum
2584 3750 2743 3805 [idem
2766 3750 2905 3805 [ilius
2922 3749 3038 3820 ejus
3059 3765 3140 3816 es,
3168 3764 3271 3807 non
3289 3749 3582 3805 secundum
3606 3764 3838 3807 caruere.
3860 3752 3983 3807 Aut
4006 3754 4055 3810 si

2436 3844 2789 3912 posteriorem
2821 3843 3087 3898 Abraham
3130 3853 3338 3914 patrem
3364 3844 3625 3914 sequeris,
3671 3843 3721 3899 id
3758 3854 3842 3900 est
3885 3848 4053 3918 diga-

2438 3950 2605 4001 tttntn,
2634 3936 2811 4005 recipe
2851 3945 2903 3990 ct
2933 3936 3329 3991 circumcisum.
3361 3935 3418 3991 Si
3441 3935 3616 4005 rejicis
3636 3935 4053 4006 circumcisum,

2436 4043 2566 4101 ergo
2591 4031 2863 4085 recusabis
2902 4039 2954 4084 et
2981 4030 3276 4099 digatttnm.
3312 4031 3451 4083 Duas
3479 4029 3854 4100 dispositiones
3904 4037 4051 4103 ejus,

2438 4124 2578 4178 binis
2607 4125 2746 4178 inter
2774 4139 2833 4179 se
2862 4123 3035 4178 modis
3066 4124 3312 4178 diversas
3332 4164 3347 4190 ,
3394 4123 3621 4177 miscere
3664 4137 3769 4178 non
3814 4128 4052 4193 poteris.

2443 4216 2691 4287 Digantus
2743 4231 2863 4270 cum
2907 4215 3316 4270 circumcisione
3359 4228 3481 4269 esse
3513 4227 3670 4269 orsus
3693 4225 3795 4279 est,
3843 4231 4057 4270 moue.

2436 4324 2624 4379 gamus
2672 4325 2793 4364 cunt
2850 4307 3281 4380 praeputiatione.
3327 4306 3543 4376 Recipis
3594 4306 3933 4378 digamiam?
3965 4309 4059 4363 ad-

2439 4400 2590 4455 mitte
2662 4409 2717 4455 et
2771 4400 3258 4455 circumcisionem.
3308 4399 3497 4455 'I‘ueris
3546 4399 4059 4469 pratputiationesn?

2442 4494 2638 4549 teneris
2664 4504 2719 4550 et
2748 4497 3118 4565 monogamite.
3147 4493 3299 4549 Adeo
3323 4504 3501 4548 autent
3528 4495 3825 4563 monogami
3878 4496 4061 4551 Abrae

2441 4584 2522 4639 Ine
2555 4586 2692 4641 titius
2717 4602 2796 4652 es,
2821 4587 2955 4641 sicut
2988 4596 3044 4642 et
3087 4586 3423 4656 pra'putiati;
3452 4594 3511 4639 ut
3542 4586 3588 4639 si
3614 4585 4056 4654 circumcidaris,

740 4663 899 4734 exigit
929 4674 981 4718 et
1007 4664 1368 4734 dispositionis
1395 4676 1450 4721 et
1473 4669 1585 4738 spei
1610 4676 1711 4723 tua:
1740 4672 1892 4733 ratio,
1917 4672 2058 4743 quod
2089 4674 2157 4729 ab
2187 4676 2335 4731 ittilio
2360 4702 2412 4761 D
2435 4679 2545 4748 jam
2571 4695 2673 4733 non
2706 4680 2780 4734 sis
2808 4680 2967 4744 titius,
3000 4681 3124 4750 quia
3153 4695 3257 4735 non
3285 4678 3395 4734 eris
3414 4693 3480 4735 ex
3510 4678 3633 4745 lidc,
3658 4678 3752 4734 sed
3774 4694 3837 4734 ex
3868 4684 4059 4751 signa-

741 4754 860 4821 fuit,
890 4756 1180 4811 secundum
1208 4758 1412 4812 iuiliutn
1435 4760 1575 4829 quod
1603 4762 1695 4817 tibi
1722 4772 1775 4818 et
1799 4764 1847 4818 itt
1873 4766 2040 4821 Adam
2062 4778 2331 4838 censetur,

743 4856 796 4901 et
841 4847 893 4901 in
937 4846 1048 4902 Noe
1097 4860 1425 4905 rcccusetur.
1471 4851 1615 4923 Elige
1659 4854 1708 4907 in
1748 4870 1855 4924 quo
1896 4873 2078 4913 eorum
2130 4862 2333 4917 initium

745 4948 889 4991 tuuut
920 4937 1164 5008 deputes.
1198 4939 1255 4994 Itt
1287 4941 1545 4998 ambobus
1571 4954 1619 4997 te
1646 4946 1746 5000 sibi
1775 4952 2126 5018 monogamiae
2146 4969 2337 5008 censu-

744 5049 801 5088 ra
829 5032 1083 5087 delcndit.
1115 5035 1218 5089 Sed
1245 5046 1297 5089 et
1328 5037 1371 5089 si
1401 5038 1607 5092 initium
1647 5041 1958 5096 transmittit
1978 5042 2043 5097 ad
2068 5047 2246 5113 linem,
2282 5058 2339 5103 ut

744 5148 779 5178 α.
800 5126 866 5180 ad
893 5150 950 5191 ω,
981 5126 1250 5196 quomodo
1278 5128 1395 5181 huis
1425 5130 1647 5185 remittit
1680 5132 1746 5187 ad
1778 5134 2007 5201 initium,
2039 5146 2095 5190 ut
2122 5161 2157 5190 ω
2186 5139 2248 5193 ad
2279 5163 2333 5207 ι,

744 5232 903 5293 atque
934 5224 1000 5277 ita
1027 5237 1220 5278 census
1248 5234 1430 5279 noster
1453 5225 1770 5282 transfertur
1797 5228 1849 5283 in
1889 5228 2189 5298 Christum,
2221 5236 2338 5289 ani-

744 5314 903 5370 malis
948 5315 1000 5368 itt
1037 5314 1369 5385 spiritalem,
1402 5319 1522 5388 quia
1572 5335 1675 5374 non
1714 5321 1887 5390 primo
1930 5322 2071 5391 quod
2100 5326 2340 5394 spiritale

745 5418 848 5479 est,
873 5409 965 5466 sed
996 5408 1137 5480 quod
1174 5411 1423 5479 animale,
1457 5410 1651 5468 dehinc
1678 5413 1819 5484 quod
1844 5413 2086 5485 spiritale
2113 5434 2126 5470 :
2161 5420 2341 5488 proin-

2441 4770 2563 4825 culo
2588 4771 2710 4826 lidei
2747 4772 2796 4826 itt
2830 4772 3235 4842 praeputiatione
3256 4771 3580 4839 justiliczttat.
3613 4771 3786 4827 llabes
3814 4779 4061 4842 Apostoo

2445 4863 2570 4929 lttttt,
2601 4864 2746 4919 disce
2774 4879 2896 4918 cum
2937 4863 3159 4919 Calatis.
3195 4861 3428 4918 Proinde
3473 4862 3575 4917 etsi
3610 4861 3912 4932 digamiattt
3965 4864 4061 4919 tibi

2445 4960 2722 5026 intuleris,
2754 4973 2859 5013 non
2903 4974 2963 5015 es
2988 4958 3130 5012 illius
3157 4956 3388 5012 Abraha:
3426 4956 3595 5020 tilius,
3626 4954 3778 5023 cujus
3820 4955 3976 5011 ﬁdes
4010 4960 4060 5012 iu

2444 5050 2775 5123 monogamia
2807 5052 3098 5120 praecessit.
3128 5049 3257 5105 Nam
3286 5050 3386 5104 etsi
3428 5059 3611 5119 postea
3656 5057 3805 5119 pater
3849 5053 4061 5104 titulu-

2442 5162 2560 5201 rum
2604 5146 2877 5200 nationum
2922 5154 3294 5216 nuncupatur,
3323 5142 3417 5198 sed
3455 5157 3637 5197 earum
3666 5157 3784 5213 qua!
3818 5156 3902 5197 ex
3959 5145 4063 5199 fide

2441 5236 2723 5309 digamiant
2754 5235 3089 5305 praecedente
3117 5235 3209 5289 lilii
3264 5234 3530 5289 habebant
3574 5232 3815 5304 deputari
3882 5238 4064 5291 Abra-

2444 5328 2546 5384 bat.
2571 5327 2779 5384 Exinde
2809 5343 2895 5383 res
2916 5327 3168 5383 viderint.
3202 5325 3359 5381 Aliud
3387 5335 3511 5382 sunt
3539 5326 3741 5397 ligarat,
3768 5325 3931 5381 aliud
3959 5333 4065 5384 for-

2446 5438 2568 5477 maz.
2619 5420 2775 5476 Aliud
2836 5421 3113 5493 imagines,
3169 5418 3314 5475 aliud
3374 5418 3731 5475 deﬁnitiones.
3782 5416 4064 5491 Imagines

1989 5529 2285 5589 LECTION
2293 5535 2373 5595 ES
2411 5534 2823 5592 VARIAN'I‘ES.

811 5617 828 5675 (
841 5618 883 5680 l)
903 5616 1264 5668 ltevoearentur
1287 5619 1437 5669 Rhea.

2117 5708 2676 5769 COMMENTARIUS.

826 5815 980 5873 CAP.
1032 5818 1263 5891 V.—(a)
1310 5819 1546 5877 Passivus
1576 5822 1662 5877 tibi
1690 5839 1886 5890 census,
1916 5832 2019 5881 etc.
2071 5827 2345 5886 Passivnm

755 5903 1001 5957 censum,
1070 5892 1236 5963 inquit
1292 5892 1615 5962 Rhenanus,
1663 5904 1817 5950 vocat
1884 5910 2102 5955 censum
2168 5902 2344 5958 inlini-

2453 5839 2598 5901 tum,
2622 5846 2834 5903 vagum,
2862 5830 3088 5891 liberum
3116 5873 3132 5903 ,
3182 5841 3236 5890 et
3264 5830 3508 5889 licentem
3538 5828 4061 5955 siveplieentiosum.

3683 5918 3778 5955 Al.

3683 5918 3778 5958 AI.
