4220 6492
737 387 842 445 935

2139 382 2601 442 TERTULLIANI

3933 383 4044 436 936

732 513 1001 562 censetur.
1027 505 1218 562 lterum
1250 507 1354 565 duo
1377 510 1426 564 in
1460 507 1629 564 unicis
1661 507 1878 578 nuptiis.
1913 507 2086 562 Etiam
2117 509 2166 562 in
2193 509 2318 578 ipsis
2347 517 2394 575 Α
2424 510 2492 564 de
2521 507 2822 575 videamus,
2853 523 2920 563 an
2959 507 3186 578 iuipsum
3212 505 3411 562 debeas
3443 504 3565 560 lmic
3592 518 3804 576 quoque
3849 504 4044 559 censui

732 599 1049 653 animalibus
1089 601 1420 671 monogamia
1468 602 1887 672 recognoscitur,
1922 617 1988 656 ne
2017 601 2098 656 vel
2141 601 2326 657 bestias

732 688 799 743 de
828 692 1053 746 mmchia
1085 701 1446 748 nascerentur.
1482 693 1562 748 Ea:
1591 693 1824 748 omnibus
1846 734 1860 758 ,
1896 695 2100 763 inquit,
2135 693 2322 758 bestiis,

733 797 798 836 ex
825 783 970 838 omni
1009 799 1189 848 carne,
1218 785 1325 839 duo
1367 786 1588 840 induces
1621 787 1672 840 in
1700 801 1897 849 arcam,
1939 794 1995 840 ut
2037 787 2212 838 vivant
2252 795 2328 840 te-

733 890 852 930 cum
885 879 1150 932 masculus
1173 889 1227 934 et
1255 880 1486 934 loztnina.
1517 880 1762 934 Eruntde
1789 880 2107 934 animalibus
2130 879 2326 932 volati-

735 969 871 1024 libus
915 971 1206 1026 secundum
1253 989 1458 1042 genus,
1509 974 1651 1028 etde
1701 974 1947 1029 omnilms
1991 975 2330 1042 serpentibus

735 1068 913 1127 terrae,
946 1063 1234 1118 secundum
1262 1079 1429 1133 genus
1459 1065 1714 1134 ipsorum,
1743 1065 1849 1120 duo
1873 1080 1936 1119 ex
1968 1065 2217 1119 onmibus
2244 1066 2328 1118 in-

737 1153 970 1208 troibunl
994 1155 1059 1208 ad
1101 1167 1149 1210 te
1185 1158 1452 1212 masculus
1482 1167 1535 1212 et
1565 1157 1801 1211 fieinina.
1839 1157 2032 1211 Eadem
2067 1157 2232 1211 l'orma
2279 1166 2330 1211 et

735 1256 1032 1316 septenaex
1059 1248 1192 1303 binis
1221 1251 1390 1319 adlegi
1421 1251 1721 1305 mandath
1747 1252 1982 1304 masculo
2008 1259 2060 1304 et
2089 1250 2328 1314 licinina,

736 1354 842 1393 uno
865 1349 918 1393 et
953 1357 1076 1394 una.
1109 1343 1260 1408 Quod
1287 1344 1518 1413 amplius
1547 1343 1756 1397 dicam?
1789 1343 2080 1397 lnnnnndis
2117 1359 2332 1414 quoque

734 1430 946 1486 alitibus
975 1447 1094 1486 cum
1125 1434 1261 1489 binis
1299 1436 1531 1488 heminis
1561 1437 1784 1490 introire.
1813 1453 1916 1490 non
1951 1435 2115 1490 licuit.

1362 1527 1587 1583 CAPUT
1639 1527 1700 1581 V.

809 1615 932 1670 llaec
983 1629 1238 1687 quantum
1287 1618 1352 1673 ad
1400 1621 1809 1688 primordiorum
1858 1621 2249 1685 testimonium,
2279 1631 2333 1678 et

735 1707 955 1777 originis
987 1720 1184 1764 nostra:
1233 1713 1622 1779 patrocinium,
1669 1721 1721 1766 et
1767 1711 1958 1766 divime
1989 1713 2332 1768 institutionis

736 1797 1122 1868 pra‘judiciutn.
1152 1802 1279 1867 Quae
1313 1803 1493 1872 utique
1516 1803 1596 1856 lex
1631 1814 1731 1869 est,
1765 1816 2287 1861 neumonumentum
2317 1825 2329 1872 ;

2431 600 2701 662 secundo;
2731 616 2797 656 an
2845 601 2896 655 in
2922 600 3110 656 eadem
3162 610 3213 656 te
3259 599 3424 653 forma
3473 613 3592 652 esse
3638 597 3949 658 conveniat,
3995 599 4045 647 in

2430 710 2533 763 qtta
2581 693 2902 748 novissimus
2955 708 3164 762 quoque
3220 693 3410 755 Adam,
3441 691 3492 745 in
3541 707 3641 760 qua
3689 701 3741 744 et
3793 689 4041 758 primus:

2430 786 2644 854 quando
2685 785 3006 838 novissimus
3039 784 3227 847 Adam,
3261 785 3308 837 id
3351 794 3434 838 est
3475 783 3746 845 Christus,
3781 785 4046 854 innuptas

2433 879 2484 933 in
2513 889 2701 942 tottnn,
2725 879 2866 948 quod
2891 879 3050 932 etiant
3077 881 3277 948 prinms
3301 877 3467 931 Adam
3490 887 3613 932 ante
3639 877 3911 931 exsilium.
3937 875 4041 928 Sed

2431 970 2628 1026 donato
2659 972 2958 1026 infirmitati
2986 981 3088 1026 tuae
3110 971 3286 1024 carnis
3309 986 3420 1024 sua:
3449 971 3716 1040 exemplo,
3752 969 4046 1039 perfectior

2434 1063 2625 1130 Adam,
2664 1063 2712 1118 id
2739 1073 2820 1118 est
2849 1061 3116 1125 Christus,
3157 1078 3221 1117 eo
3249 1077 3460 1132 quoque
3497 1063 3710 1116 nomine
3751 1062 4047 1130 perfectior

2434 1171 2537 1223 qua
2590 1157 2864 1226 integrior,
2916 1155 3113 1208 volenti
3160 1154 3371 1224 quidem
3405 1154 3494 1208 tibi
3526 1153 3692 1223 Spado
3719 1155 3960 1207 occurrit
3995 1157 4043 1205 in

2433 1264 2623 1314 carne;
2660 1249 2704 1302 si
2747 1263 2872 1301 vero
2904 1261 3007 1302 non
3060 1249 3280 1312 sullicis,
3311 1261 3659 1316 monogamus
3703 1249 3942 1300 occurrit
3994 1247 4042 1297 in

2434 1343 2645 1412 Spiritu.
2676 1357 2833 1396 unam
2866 1340 3069 1394 habens
3107 1340 3399 1394 Ecclesiam
3428 1354 3677 1408 sponsam
3697 1381 3711 1404 ,
3741 1338 4043 1392 secundum

2439 1435 2607 1490 Adam
2639 1444 2692 1489 et
2719 1435 2845 1490 Eva:
2868 1436 3122 1505 liguram;
3155 1449 3314 1504 quam
3367 1433 3655 1503 Apostolus
3681 1432 3731 1485 in
3762 1431 3890 1486 illud
3928 1447 4044 1483 ma-

2435 1544 2597 1598 gmnn
2621 1538 3014 1582 sacramentum
3048 1529 3449 1594 interpretatur,
3475 1527 3527 1580 in
3552 1526 3826 1580 Christunt
3857 1535 3905 1577 et
3949 1525 4048 1576 Ec-

2435 1622 2676 1686 clesiam,
2721 1621 3040 1691 competisse
3069 1619 3268 1674 carnali
3313 1619 3664 1689 monogamia:
3713 1635 3804 1686 per
3831 1617 4047 1686 Spirita-

2437 1711 2561 1765 lem.
2595 1710 2755 1765 Vides
2786 1713 2942 1781 igitur
2966 1711 3416 1782 quemadmodum
3448 1713 3610 1764 etiant
3636 1713 3685 1763 ιιι
3713 1710 3935 1764 Christo
3962 1725 4049 1762 no-

2439 1818 2566 1856 vans
2592 1817 2830 1865 censum,
2875 1818 2980 1857 non
3012 1805 3183 1872 possis
3222 1819 3342 1858 eum
3374 1802 3491 1858 sine
3533 1802 3886 1872 monogamia:
3927 1817 4047 1869 prn-

735 1892 984 1959 quoniam
1014 1892 1058 1945 si
1089 1892 1157 1946 ita
1183 1893 1375 1947 factum
1405 1906 1482 1947 est
1514 1911 1541 1948 a
1574 1896 1884 1963 primordio,
1915 1896 2210 1951 invenimus
2237 1914 2332 1952 nos
2367 1913 2410 1970 Β
2441 1893 2671 1947 l'essione
2698 1892 2910 1948 deferre
2935 1935 2949 1959 ,
2984 1894 3083 1947 nisi
3110 1909 3271 1947 carne
3314 1893 3389 1947 sis
3418 1893 3556 1963 quod
3581 1894 3767 1962 spiritu
3815 1892 3904 1944 ille
3938 1901 4045 1954 est,

735 1983 802 2038 ad
839 1985 1043 2038 inititnn
1075 1985 1228 2055 dirigi
1261 2002 1290 2040 a
1317 1987 1532 2040 Christo
1564 2007 1574 2040 :
1605 1988 1741 2042 sicut
1769 1989 1817 2042 in
1847 1993 2141 2059 qtta'slitittc
2171 2009 2328 2062 repu-

736 2074 828 2140 dii,
859 2076 1042 2130 dicens
1071 2077 1194 2130 illud
1240 2087 1456 2148 propter
1495 2081 1744 2133 duritiam
1797 2082 2029 2150 ipsorum
2081 2099 2108 2135 a
2150 2084 2330 2155 Moyse

735 2183 854 2224 esse
885 2171 1237 2238 permissum,
1272 2173 1338 2225 ab
1369 2174 1515 2226 initio
1547 2184 1720 2228 atttetn
1753 2192 1856 2228 non
1889 2176 1954 2228 ita
1983 2176 2145 2232 fuisse
2170 2221 2183 2244 ,
2216 2181 2331 2233 sine

735 2262 896 2316 dubio
919 2263 982 2315 ad
1014 2264 1217 2317 initium
1269 2276 1482 2320 revocat
1521 2267 1842 2322 matrimooii
1887 2268 2327 2326 individnitatent.

736 2351 965 2423 Ideoque
988 2371 1118 2422 quos
1151 2355 1285 2408 Dens
1314 2357 1374 2408 ab
1397 2357 1539 2410 initio
1571 2359 1836 2428 conjunxit
1868 2361 1917 2412 in
1949 2376 2101 2412 unam
2129 2377 2332 2415 carnem

735 2444 885 2509 duos,
914 2445 1062 2497 hodie
1090 2445 1238 2498 homo
1269 2464 1369 2500 non
1398 2449 1648 2517 separabit
1682 2447 1859 2518 (Gem,
1897 2449 2087 2519 “,2”.
2115 2452 2250 2506 Dicit
2278 2462 2332 2507 et

735 2535 1023 2605 Apostolus
1053 2539 1292 2593 scribens
1313 2539 1376 2591 ad
1411 2539 1706 2609 Ephesios:
1735 2539 1896 2594 Deum
1925 2545 2249 2611 proposuisse
2279 2545 2330 2598 in

735 2630 1000 2698 semetipso
1032 2630 1098 2681 ad
1129 2631 1558 2700 dispensationem
1605 2634 1981 2703 adimpletionis
2025 2648 2328 2706 temporum,

735 2723 804 2774 ad
853 2732 1032 2792 caput,
1085 2724 1134 2777 id
1162 2733 1263 2790 est,
1315 2726 1381 2778 ad
1421 2726 1618 2778 initium
1664 2729 1975 2793 reciprocare
2022 2732 2248 2784 universa
2279 2732 2331 2784 in

736 2812 966 2881 Christo,
1000 2831 1112 2884 qtttu
1135 2826 1250 2869 sunt
1278 2833 1429 2884 super
1454 2817 1602 2871 cwlos
1646 2829 1691 2872 et
1737 2835 1887 2888 super
1927 2831 2084 2874 terras
2125 2823 2176 2875 in
2220 2823 2330 2891 ipso

738 2906 901 2976 (Eph.
935 2907 973 2972 Ι,
1007 2908 1180 2977 9,10).
1215 2908 1300 2962 Sic
1331 2918 1385 2963 et
1414 2909 1546 2964 duas
1567 2910 1787 2966 Graeciae
1833 2913 2032 2978 literas,
2066 2931 2329 2971 summam

737 3011 788 3053 et
819 3000 1078 3066 ultimam,
1103 3001 1201 3054 sibi
1235 3001 1684 3067 induitDominus,
1720 3005 1918 3060 initiiet
1952 3007 2071 3060 linis
2101 3024 2328 3064 concur-

738 3091 965 3145 rentium
1007 3092 1057 3146 in
1087 3107 1146 3147 se
1179 3094 1403 3162 liguras:
1437 3096 1508 3148 uti
1543 3098 1954 3164 quemamodnm
1985 3124 2016 3151 cl.
2061 3102 2122 3156 ad
2169 3125 2204 3153 ω
2237 3118 2328 3157 us-

736 3199 840 3253 que
874 3184 1134 3251 volvitur,
1164 3195 1217 3239 et
1257 3200 1437 3240 rursus
1465 3210 1500 3238 ω
1529 3187 1593 3241 ad
1625 3213 1658 3240 α.
1689 3190 1973 3259 replicatur
2020 3193 2252 3262 (Apocal.
2290 3195 2326 3258 l,

2437 1987 2558 2040 licet
2581 1999 2630 2040 et
2661 1987 2800 2056 quod
2843 1987 2938 2040 luit
2979 1987 3031 2041 in
3070 2001 3268 2048 carne,
3296 2002 3448 2054 teque
3477 2000 3596 2039 esse
3633 1985 3902 2039 debueris.
3935 1984 4046 2038 Sed

2434 2080 2608 2133 adhuc
2656 2079 2810 2133 nobis
2861 2093 3163 2149 quaeramus
3210 2079 3420 2148 aliquos
3470 2079 3691 2146 originis
3745 2079 4044 2145 principes.

2433 2171 2548 2226 Non
2600 2172 2810 2240 placent
2863 2173 3005 2227 enim
3050 2171 3367 2242 quibusdam
3414 2168 3717 2240 monogatni
3767 2181 4046 2239 parentes,

2438 2263 2604 2318 Adam
2650 2274 2704 2318 et
2740 2263 2870 2329 Noe,
2921 2263 3146 2317 fortasse
3196 2279 3294 2316 nec
3341 2262 3605 2316 Christus.
3650 2263 3732 2314 Ah
3765 2263 4048 2316 Abraham

2435 2356 2665 2426 denique
2715 2366 3034 2426 provocant,
3089 2355 3338 2426 prohibiti
3388 2364 3588 2424 patrem
3634 2355 3795 2407 alium
3847 2364 4050 2422 praeter

2437 2448 2599 2502 Deum
2630 2464 2942 2519 agnoscere.
2985 2447 3064 2503 Sit
3110 2463 3252 2502 nunc
3307 2458 3456 2517 pater
3507 2454 3690 2500 noster
3742 2446 4046 2510 Abraham,

2435 2541 2504 2595 sit
2541 2550 2597 2596 et
2633 2541 2846 2596 Paulus.
2896 2541 2962 2595 In
2996 2541 3292 2612 Evangelia,
3318 2539 3486 2609 inquit
3509 2581 3522 2604 ,
3554 2556 3644 2608 ego
3690 2556 3773 2592 ros
3805 2543 4051 2608 generari

2437 2631 2480 2702 (1
2505 2633 2648 2699 Con,
2685 2633 2772 2699 IV,
2805 2633 2916 2703 16).
2944 2635 3112 2687 Etiam
3143 2631 3367 2687 Abrahze
3401 2642 3451 2687 te
3481 2632 3647 2685 lilium
3680 2633 3895 2686 exhibe.
3925 2633 4048 2686 Non

2434 2725 2575 2778 enim
2608 2725 2682 2794 (α)
2714 2728 2954 2794 passivus
2988 2727 3076 2778 tibi
3107 2739 3301 2778 census
3322 2734 3403 2778 est
3445 2725 3494 2776 ιιι
3520 2723 3627 2778 illo.
3653 2723 3872 2777 Certum
3915 2735 4051 2777 tem-

2435 2835 2532 2889 pus
2558 2829 2660 2884 cst,
2683 2836 2790 2890 quo
2815 2831 2935 2874 tuus
2960 2831 3111 2890 pater
3136 2827 3235 2872 est.
3266 2817 3320 2872 Si
3347 2818 3489 2871 enim
3519 2833 3582 2871 ex
3615 2817 3717 2870 lide
3745 2818 3838 2870 lilii
3865 2817 4050 2885 depu-

2436 2922 2612 2967 tamur
2650 2913 2899 2976 Abralne,
2935 2923 2991 2966 ut
3034 2911 3321 2979 Apostolus
3359 2909 3534 2975 docet,
3564 2909 3748 2964 dicens
3777 2908 3845 2961 ad
3889 2910 4053 2962 Gala-

2436 3015 2548 3059 tas:
2577 3005 2890 3077 Cognoscitis
2916 3020 3111 3072 nempe,
3151 3004 3270 3073 quia
3299 3003 3385 3070 qui
3415 3019 3476 3056 ea:
3513 3002 3632 3070 ﬁde,
3672 3001 3754 3054 isti
3792 3012 3911 3053 sunt
3949 3004 4052 3066 [itii

2438 3097 2652 3150 Abraha:
2701 3097 2853 3167 (Cal.
2887 3097 2985 3162 Ill,
3025 3097 3075 3150 7.
3108 3097 3168 3165 );
3221 3095 3434 3166 quando
3496 3094 3723 3150 credidit
3765 3095 4050 3148 Abraham

2440 3190 2568 3254 Deo,
2596 3200 2649 3245 et
2678 3191 2987 3258 deputatum
3015 3198 3096 3242 est
3123 3189 3172 3243 ei
3207 3189 3257 3242 in
3283 3187 3540 3256 justitiam
3564 3187 3586 3238 ἲ
3608 3186 3828 3254 Opinor,
3862 3188 3976 3238 adh
4005 3202 4053 3240 te

741 3277 809 3342 8;
836 3275 1003 3343 XXII,
1041 3277 1154 3346 l3),
1178 3278 1244 3330 ita
1270 3280 1576 3335 ostenderet
1606 3281 1656 3334 in
1687 3296 1745 3336 se
1769 3298 1887 3337 esse
1905 3293 1956 3338 ct
1981 3285 2109 3338 initii
2135 3289 2328 3340 deeur-
2361 3303 2403 3363 (ς
2440 3284 2490 3336 in
2535 3283 2869 3352 monogamia
2895 3322 2907 3345 ,
2939 3282 3061 3351 quia
3093 3282 3144 3334 in
3171 3280 3578 3335 circumcisione
3596 3279 3851 3333 nondum.
3881 3281 4052 3344 Quod

738 3385 854 3424 sum
886 3371 954 3424 ad
985 3372 1164 3434 linem,
1195 3381 1248 3425 et
1279 3371 1398 3425 linis
1427 3388 1698 3429 recursum
1724 3376 1786 3428 ad
1809 3377 2010 3430 initiunt
2039 3394 2053 3440 ;
2081 3389 2133 3432 ιιι
2159 3380 2334 3436 omnis

739 3463 1018 3533 dispositio
1046 3465 1096 3518 in
1124 3481 1243 3520 cum
1273 3464 1552 3530 desinens,
1589 3483 1682 3536 per
1707 3485 1863 3538 quem
1891 3482 2061 3540 empta
2093 3483 2174 3527 est
2195 3514 2208 3538 ,
2242 3490 2335 3544 per

741 3555 1056 3610 Sermonem
1084 3557 1287 3612 scilicet
1317 3558 1438 3626 Dei,
1471 3560 1557 3629 qui
1591 3575 1718 3614 caro
1745 3560 1942 3617 factum
1971 3575 2080 3630 est,
2115 3567 2334 3634 proinde

740 3648 949 3704 desinat
978 3649 1420 3718 quemadmodum
1449 3661 1501 3706 et
1527 3653 1708 3722 cmpit.
1755 3651 1822 3708 Et
1847 3653 1983 3710 adeo
2026 3657 2077 3710 in
2121 3657 2334 3714 Christo

741 3741 918 3794 omnia
944 3753 1258 3795 revocantur
1289 3740 1368 3812 (l)
1387 3743 1691 3808 adinitinm,
1711 3755 1768 3799 ut
1796 3756 1848 3800 et
1878 3747 2007 3802 lides
2033 3765 2243 3804 reversa
2268 3752 2337 3808 sit

742 3834 1150 3889 circumcisione
1179 3834 1242 3888 ad
1274 3836 1626 3906 integritatem
1670 3839 1845 3894 carnis
1889 3840 2028 3894 illius
2049 3884 2064 3907 ,
2094 3845 2231 3898 sicut
2269 3846 2336 3902 ab

746 3927 895 3980 initio
943 3926 1074 3991 fuit;
1118 3939 1172 3981 et
1218 3927 1433 3982 libertas
1471 3929 1708 3983 ciborum
1749 3941 1800 3986 et
1868 3935 2138 4003 sanguinis
2173 3938 2337 3991 solius

743 4019 1062 4073 abstinentia
1089 4019 1316 4073 sicutab
1354 4021 1503 4074 initio
1549 4023 1669 4075 luit:
1705 4033 1756 4077 et
1787 4027 2108 4079 matrimonii
2150 4029 2335 4082 indivi-

745 4110 949 4173 dnitas,
983 4111 1117 4163 sicut
1144 4110 1210 4164 ab
1252 4110 1400 4165 initio
1431 4111 1546 4174 luit,
1570 4124 1623 4167 et
1650 4114 1852 4181 repudii
1890 4117 2170 4182 eohihitio,
2196 4121 2337 4190 quod

746 4205 813 4258 al)
841 4204 988 4257 initio
1018 4218 1121 4256 non
1157 4203 1249 4255 fuit
1274 4218 1288 4266 ;
1315 4214 1367 4257 et
1395 4214 1661 4272 p0strcmo
1685 4215 1826 4260 totus
1854 4207 2014 4262 homo
2045 4211 2094 4261 ιιι
2128 4213 2334 4279 paradi-

747 4310 862 4350 sum
899 4308 1197 4361 revocatur,
1223 4295 1306 4349 ubi
1336 4295 1403 4348 ab
1433 4297 1580 4351 initio
1610 4297 1708 4352 l'uit
1757 4298 1863 4353 Cur
1890 4316 2016 4370 ergo
2044 4302 2124 4356 vel
2155 4318 2340 4358 mono-

746 4402 960 4457 gamtnn
985 4389 1075 4442 illo
1103 4405 1204 4442 non
1231 4387 1423 4442 delicat
1453 4389 1618 4443 Adam
1649 4389 1868 4457 referre,
1901 4395 1987 4462 qui
2029 4410 2132 4446 non
2166 4406 2340 4464 potest

751 4491 856 4531 tam
881 4479 1140 4547 integrum
1174 4487 1446 4544 praestare,
1475 4495 1631 4548 quam
1658 4481 1777 4535 imle
1805 4484 1997 4537 missus
2020 4487 2138 4538 est?
2165 4486 2341 4552 Quan-

749 4581 859 4626 tum
903 4573 1132 4640 pertinet
1174 4573 1348 4640 itaque
1389 4572 1452 4625 ad
1494 4574 1626 4627 initii
1675 4576 2082 4641 restitutionem,
2119 4580 2167 4633 id
2213 4597 2241 4633 a
2291 4591 2342 4636 te

748 4664 906 4734 exigit
937 4675 988 4718 et
1015 4664 1375 4734 diSpositionis
1403 4675 1458 4718 et
1482 4668 1592 4735 spei
1618 4675 1718 4720 tua:
1748 4671 1899 4729 ratio,
1925 4670 2064 4739 quod
2096 4673 2163 4725 ab
2194 4673 2341 4727 initio

750 4756 867 4821 fuit,
899 4755 1188 4811 secundum
1217 4757 1420 4810 inititnn
1444 4759 1582 4826 quod
1612 4760 1702 4813 tibi
1731 4769 1782 4814 et
1807 4762 1855 4814 ιιι
1881 4763 2047 4816 Adam
2070 4775 2338 4832 censetur,

751 4858 803 4902 et
850 4848 900 4902 in
945 4847 1056 4901 Noe
1106 4859 1433 4902 recensetur.
1481 4849 1623 4919 Elige
1668 4851 1716 4904 in
1757 4868 1862 4921 quo
1905 4871 2086 4908 eorum
2137 4857 2340 4912 initium

753 4949 897 4991 tmnn
929 4938 1172 5008 deputes.
1208 4938 1264 4993 ltt
1297 4940 1554 4995 ambobus
1580 4953 1627 4995 te
1655 4943 1754 4997 sibi
1784 4949 2133 5015 monogamia;
2154 4966 2345 5004 censu-

753 5050 809 5089 l‘tl
837 5033 1091 5087 defendit.
1124 5035 1226 5088 Sed
1255 5045 1306 5088 ct
1338 5035 1380 5087 si
1410 5035 1615 5090 initium
1657 5038 1965 5093 transmittit
1987 5040 2050 5093 ad
2076 5045 2253 5108 linem,
2291 5054 2347 5098 ιιι

753 5151 787 5179 σ.
810 5127 874 5180 ad
903 5151 958 5190 ω,
990 5127 1258 5195 quomodo
1288 5127 1404 5180 linis
1435 5129 1656 5182 remittit
1689 5130 1754 5184 ad
1787 5132 2014 5197 initium,
2047 5143 2102 5187 ut
2130 5159 2165 5186 ω
2195 5136 2256 5190 ad
2288 5160 2340 5202 ι,

753 5234 911 5294 atque
943 5226 1008 5276 ita
1037 5238 1229 5278 census
1258 5234 1438 5278 noster
1463 5223 1778 5280 transfertur
1805 5227 1857 5280 in
1898 5225 2197 5294 Christum,
2229 5233 2346 5285 ani-

756 5316 912 5370 malis
958 5316 1009 5368 in
1047 5315 1378 5384 spiritalem,
1412 5317 1531 5386 quia
1583 5334 1684 5371 non
1724 5319 1895 5387 printo
1939 5319 2080 5388 quod
2109 5323 2348 5390 spiritale

756 5420 858 5477 est,
883 5410 974 5465 sed
1006 5409 1146 5479 quod
1184 5410 1432 5476 animale,
1467 5409 1660 5465 dehinc
1687 5411 1827 5481 quod
1854 5411 2094 5482 spiritale
2122 5432 2134 5466 :
2170 5417 2350 5484 proin-

2439 3373 2484 3428 si
2518 3384 2701 3444 postea
2753 3376 2804 3428 in
2852 3386 3138 3443 utrumque
3169 3382 3402 3426 mutatus
3428 3381 3544 3437 est,
3590 3381 3644 3426 et
3670 3372 3722 3425 in
3749 3371 4051 3440 digamiam

2442 3485 2535 3539 per
2577 3471 2786 3525 ancilla:
2821 3471 3255 3536 concubinatum,
3290 3478 3341 3523 et
3374 3469 3425 3523 in
3453 3467 3914 3523 circumcisionem
3951 3485 4055 3538 per

2443 3562 2740 3617 testamenti
2763 3561 3114 3632 signaculum,
3141 3576 3244 3614 non
3274 3573 3425 3629 potes
3448 3560 3596 3613 illum
3621 3570 3822 3629 patrem
3844 3575 4056 3630 agnus-

2439 3669 2582 3720 cere,
2618 3655 2716 3708 nisi
2746 3663 2892 3720 tunc,
2922 3670 3042 3708 cum
3093 3654 3201 3708 Deo
3226 3652 3487 3717 credidit;
3536 3652 3795 3722 siquidem
3836 3667 4056 3708 secun-

2440 3744 2566 3800 dum
2589 3746 2746 3800 {idem
2771 3747 2908 3800 titius
2926 3745 3041 3815 ejus
3063 3760 3144 3810 es,
3172 3759 3274 3801 non
3293 3743 3585 3799 secundum
3611 3759 3842 3800 carnem.
3863 3744 3984 3799 Aut
4010 3747 4061 3802 si

2442 3840 2792 3908 posteriorem
2826 3839 3091 3892 Abraham
3135 3848 3341 3908 patrem
3369 3838 3630 3906 sequeris,
3677 3837 3727 3892 id
3764 3847 3846 3892 est
3882 3839 4058 3910 diga-

2444 3947 2610 3996 tmnn,
2639 3932 2814 4000 recipe
2855 3941 2908 3985 et
2937 3931 3332 3986 eireumcismn.
3365 3930 3422 3984 Si
3447 3929 3621 3999 rejieis
3643 3929 4059 3998 circumcisum,

2442 4039 2571 4096 ergo
2597 4026 2868 4080 recusabis
2907 4034 2958 4079 et
2987 4025 3280 4094 digatnnm.
3317 4025 3456 4077 Duas
3484 4023 3856 4093 dispositiones
3900 4030 4057 4094 ejus,

2445 4121 2583 4174 binis
2613 4121 2751 4173 inter
2780 4135 2838 4174 se
2868 4119 3039 4172 modis
3072 4119 3316 4172 diversas
3337 4157 3351 4183 ,
3399 4117 3626 4170 miscere
3671 4131 3772 4170 non
3821 4120 4059 4184 poteris.

2449 4213 2696 4282 Digamus
2749 4226 2868 4265 cum
2913 4210 3320 4264 circumcisione
3365 4223 3486 4262 esse
3519 4221 3676 4262 orsus
3700 4217 3800 4270 est,
3851 4223 4065 4262 mono-

2443 4321 2630 4375 gamus
2678 4321 2798 4359 cum
2856 4302 3286 4375 prmputiatione.
3332 4300 3548 4370 Recipis
3600 4300 3932 4371 digamiam?
3969 4301 4066 4354 ad-

2447 4397 2596 4450 mitte
2669 4405 2723 4450 et
2778 4396 3263 4450 circumcisionem.
3314 4393 3502 4449 'l'ueris
3552 4391 4066 4461 pneputiationctn?

2449 4490 2644 4544 teneris
2670 4499 2726 4544 et
2755 4493 3124 4560 monogamiaz.
3154 4488 3304 4542 Adeo
3329 4498 3506 4541 autem
3535 4488 3833 4556 tnonogami
3874 4489 4070 4542 Alin-

2449 4580 2528 4634 Ine
2563 4581 2698 4636 lilius
2724 4597 2803 4646 es,
2828 4582 2961 4636 sicut
2995 4591 3049 4636 et
3094 4579 3428 4650 pra-pullati;
3459 4588 3517 4632 ut
3549 4580 3593 4632 si
3620 4578 4064 4646 circumcidaris,

2373 4698 2418 4756 ι)
2443 4675 2551 4743 jam
2578 4691 2680 4728 non
2713 4676 2787 4728 sis
2816 4676 2974 4737 lilins,
3007 4676 3130 4744 quia
3160 4690 3264 4729 non
3293 4672 3400 4727 eris
3420 4687 3486 4727 ex
3517 4671 3641 4738 lide,
3666 4671 3758 4726 sed
3781 4687 3844 4726 ex
3866 4675 4067 4742 signa-

2449 4766 2570 4820 cnlo
2596 4767 2716 4820 lidei
2755 4768 2803 4819 itt
2839 4766 3242 4836 prazputiatione
3263 4765 3586 4833 justilicatm.
3621 4764 3793 4819 llabes
3823 4771 4070 4831 Aposto-

2453 4858 2577 4923 lmn,
2609 4859 2753 4913 disce
2783 4875 2903 4913 cum
2945 4858 3167 4912 Calatis.
3203 4855 3434 4911 Proinde
3481 4855 3582 4909 etsi
3618 4855 3907 4924 digatniani
3971 4857 4071 4910 tibi

2453 4956 2729 5020 intuleris,
2762 4969 2866 5008 non
2911 4968 2971 5009 es
2997 4953 3137 5006 illius
3165 4950 3394 5005 Abralta:
3435 4949 3603 5012 lilius,
3635 4948 3785 5016 cujus
3831 4947 3979 5001 lides
4016 4953 4069 5003 in

2452 5046 2783 5117 monogamia
2816 5047 3105 5115 praecessit.
3136 5043 3264 5098 Nam
3295 5043 3392 5097 etsi
3436 5052 3620 5112 postea
3665 5050 3813 5110 pater
3852 5045 4071 5095 inulta-

2451 5159 2568 5198 rum
2613 5142 2885 5195 nationum
2930 5149 3301 5209 nuncupatur,
3331 5135 3424 5190 sed
3462 5150 3646 5189 earum
3676 5149 3792 5204 qum
3831 5149 3896 5188 ex
3963 5137 4074 5190 lidc

2450 5233 2731 5305 digamiam
2763 5231 3096 5301 prxccdcnle
3126 5231 3217 5284 lilii
3273 5227 3538 5282 trahebant
3583 5225 3826 5296 deputari
3877 5229 4075 5280 Abra-

2454 5325 2555 5380 lne.
2581 5323 2787 5380 Exinde
2818 5339 2902 5377 res
2925 5322 3176 5378 viderint.
3210 5319 3366 5374 Aliud
3395 5329 3519 5374 sunt
3548 5321 3749 5389 ligarat,
3777 5317 3933 5372 aliud
3962 5325 4075 5375 Ior-

2455 5434 2577 5474 mte.
2629 5417 2784 5471 Aliud
2845 5416 3121 5486 imagines,
3178 5412 3321 5468 aliud
3383 5411 3739 5468 delinitiones.
3790 5409 4074 5483 Imagines

2000 5527 2383 5590 LECTIONES
2422 5530 2832 5588 VABIANTES.

821 5618 894 5680 (1)
915 5615 1274 5666 “evocarentur
1299 5617 1448 5666 Rhea.

2127 5705 2544 5764 COMMENTAR
2556 5709 2570 5762 1
2583 5708 2685 5765 US.

836 5818 990 5874 (ΖΜ).
1045 5817 1273 5890 V.—-(a)
1322 5818 1556 5874 Passivus
1588 5819 1673 5874 tibi
1701 5836 1896 5886 census,
1925 5829 2028 5876 etc.
2083 5823 2354 5882 Passivnm

765 5905 1012 5956 censum,
1082 5893 1246 5962 inquit
1304 5891 1626 5959 Rhenanus,
1675 5901 1827 5946 vocat
1894 5908 2112 5951 censum
2180 5899 2354 5953 inlini.

2463 5836 2608 5896 tant,
2633 5842 2843 5898 vagum,
2872 5826 3097 5886 liberum
3126 5868 3141 5895 ,
3193 5835 3245 5882 et
3275 5824 3518 5882 licentem
3549 5821 4071 5948 sit-eplieentiosutn.

3692 5910 3785 5948 Al.

3692 5910 3785 5950 ΑΙ.
