4220 6492
161 391 262 450 937

1379 379 1582 440 LIBER
1630 377 1718 436 DE
1773 375 2198 436 MONOGAMIA.

3353 366 3459 422 938

157 510 435 560 transeunt
480 499 812 571 adimpletzn,
850 496 1190 556 definitiones
1242 493 1748 567 permanentadim-
1777 494 1829 554 Α
1857 500 2062 552 rentur,
2107 487 2195 559 qui
2254 498 2359 541 non
2409 490 2610 540 naturre
2659 490 2841 550 reatu,
2872 489 2927 536 at
2977 481 3161 536 mortis
3217 495 3458 549 praeven-

157 597 384 666 plendie.
411 594 676 664 Imagines
705 592 1045 664 prophetam,
1073 589 1414 646 definitiones
1431 589 1750 661 gubernant.

158 688 296 756 Quid
322 686 548 758 digamia
577 685 664 740 illa
694 684 924 740 Abralue
953 683 1266 753 portendat,
1300 681 1439 737 idem
1480 679 1755 750 apostolus

159 781 381 845 edocet,
435 779 812 848 interpretator
871 777 1147 846 utriusque
1211 773 1574 837 'l‘estameuli,
1621 772 1758 826 sicut

161 873 306 929 idem
335 887 517 928 semen
556 880 798 926 nostrum
845 870 896 925 in
935 871 1081 925 Isaac
1122 879 1366 925 vocatum
1415 866 1758 923 determinat.

159 963 218 1020 Si
243 980 308 1018 ex
338 964 502 1018 libera
532 978 612 1026 es,
640 961 705 1016 ad
747 961 892 1016 Isaac
938 961 1240 1031 pertinens,
1286 960 1372 1016 hic
1410 968 1557 1016 certe
1598 973 1760 1012 unum

162 1055 562 1111 matrimonium
603 1054 834 1124 pertulit.
879 1052 969 1108 lsli
996 1055 1176 1122 itaque
1209 1062 1356 1120 sunt,
1379 1059 1436 1107 ut
1468 1052 1679 1122 opinor,
1711 1051 1762 1104 in

162 1147 358 1218 quibus
396 1161 638 1201 censeor.
670 1145 908 1200 CiCICI'OS
942 1146 1143 1200 nescio.
1179 1147 1414 1212 Quorum
1443 1145 1487 1198 si
1523 1141 1765 1212 exempla

161 1240 568 1309 circumspicis,
618 1239 842 1309 alicujus
893 1239 1055 1294 David
1104 1240 1265 1294 etiam
1314 1254 1408 1308 per
1453 1239 1766 1308 sanguinem

165 1334 384 1403 nuptias
410 1333 508 1386 sibi
535 1333 842 1404 ingerentis,
875 1333 1098 1404 alicujus
1121 1333 1422 1388 Salomonis
1448 1333 1607 1388 etiam
1633 1347 1769 1386 uxo-

167 1428 322 1482 ribus
351 1426 566 1490 divitis;
598 1426 816 1481 meliora
845 1426 1038 1481 sectari
1063 1426 1264 1494 jussus,
1300 1424 1464 1480 babes
1495 1433 1548 1480 et
1571 1423 1770 1494 Joscph

164 1518 466 1588 unijugum,
496 1527 552 1574 et
583 1518 682 1574 hoc
715 1519 952 1584 nomine,
973 1517 1146 1572 audeo
1174 1517 1374 1583 dicere,
1413 1526 1562 1586 patre
1583 1516 1768 1571 melio-

163 1627 283 1667 rem
305 1628 320 1677 ;
345 1613 505 1668 habes
533 1612 772 1684 Moysen,
807 1613 900 1667 Dei
922 1611 988 1666 de
1017 1613 1258 1680 proximo
1280 1611 1578 1674 arbitrum;
1610 1610 1776 1664 habes

165 1707 464 1770 Aaroncm,
507 1706 852 1776 principalem
927 1704 1282 1760 sacerdotem.
1336 1701 1437 1775 (ιι)
1494 1703 1777 1758 Secundus

166 1812 387 1866 quoque
416 1797 621 1867 Moyses
648 1797 826 1867 populi
848 1796 1087 1861 secundi,
1112 1797 1202 1867 qui
1232 1797 1515 1866 imaginem
1538 1805 1774 1850 nostram

1859 593 1913 638 tu
1945 583 2060 638 orbi
2092 580 2474 644 decessissent,
2503 577 2628 632 ideo
2660 577 2762 632 illis
2789 592 2852 631 ex
2881 590 2978 630 suo
3007 589 3206 644 genere
3237 575 3453 636 vicaria,

1859 685 1914 730 et
1956 675 2107 745 quasi
2142 684 2385 742 postuma
2421 671 2636 725 soboles
2688 668 3100 739 supparabatur.
3155 670 3222 720 At
3275 668 3362 720 ubi
3411 678 3463 718 et

1861 765 2078 820 Crescite
2105 775 2150 820 et
2180 763 2462 818 redundatc
2487 760 2763 816 evacuavit
2789 758 3101 813 extremitas
3134 767 3458 825 tctnpormn,

1865 857 2148 913 inducente
2168 855 2421 925 Apostolo
2453 853 2492 923 (ι
2524 853 2641 907 Cor.
2674 850 2785 916 VII,
2808 850 2898 918 ‘29)
2921 867 2932 902 :
2959 849 3222 918 Superest,
3248 858 3358 901 utrt
3377 849 3463 916 qui

1868 952 2049 1005 habent
2078 966 2282 1013 uxores,
2311 950 2382 1001 sic
2413 948 2538 1012 sint,
2568 964 2627 999 ac
2646 948 2688 1000 si
2716 962 2815 1000 non
2841 943 3078 1004 habeant,
3111 945 3230 1013 quia
3263 954 3460 1011 tempus

1870 1044 1922 1096 in
1951 1043 2158 1096 collecto
2188 1051 2259 1094 cst
2290 1040 2424 1109 (λον.
2460 1038 2652 1103 XXXI,
2673 1037 2782 1105 9.9);
2812 1047 2865 1091 et
2899 1053 2912 1088 :
2944 1035 3102 1089 Desiit
3140 1052 3236 1089 uua
3264 1035 3461 1099 acerbo,

1872 1153 1903 1189 a
1936 1135 2162 1205 patribus
2205 1133 2530 1195 manducata,
2552 1133 2776 1199 ﬁliorum
2825 1128 2994 1183 dentes
3049 1128 3464 1197 οὺδιιιι›ιτ[(ι‹τ‹-ιίε;

1872 1229 2221 1299 unusquisque
2251 1227 2380 1280 cnim
2411 1226 2463 1278 in
2501 1240 2591 1278 suo
2619 1223 2802 1276 delicto
2828 1222 3102 1284 morietur;
3128 1231 3181 1276 et
3207 1220 3472 1289 spadones

1875 1337 1981 1377 non
2038 1328 2241 1374 tantutn
2293 1318 2578 1386 ignominia
2611 1323 2915 1378 caruerunt,
2947 1330 3131 1368 verum
3166 1323 3217 1368 et
3246 1314 3470 1383 gratiam

1877 1410 2437 1476 tneruerunt,invitati
2468 1411 2518 1463 in
2572 1424 2728 1478 regna
2770 1407 3050 1471 emlormn,
3105 1406 3311 1476 sepulta
3361 1407 3476 1474 lege

1877 1504 2199 1560 succedendi
2228 1504 2280 1558 in
2314 1501 2712 1557 matrimonium
2745 1499 2952 1562 fratris,
2993 1498 3318 1554 contrarium
3361 1499 3477 1566 ejus

1879 1598 2111 1651 obtinuit
2179 1611 2284 1650 non
2340 1593 2657 1648 succedendi
2715 1592 2768 1646 in
2822 1591 3221 1645 matrimonium
3279 1590 3474 1644 fratris.

1881 1687 1950 1742 Et
1987 1688 2056 1741 ita
2082 1728 2098 1753 ,
2126 1693 2183 1742 ut
2233 1684 2579 1755 praediximus
2631 1682 2709 1752 (Ι)
2739 1724 2752 1743 ,
2791 1681 2932 1752 quod
2983 1681 3214 1736 cessavit
3264 1682 3477 1746 valere,

1881 1788 2128 1834 cessante
2179 1777 2406 1840 ratione,
2461 1791 2566 1829 non
2616 1783 2788 1844 potest
2829 1773 2918 1827 alii
2963 1772 3480 1843 argumentationem

169 1889 224 1944 in
269 1889 677 1959 promissionem
722 1889 816 1944 Dei
856 1887 1104 1954 induxit,
1151 1888 1206 1941 in
1233 1902 1340 1957 quo
1370 1887 1543 1957 primo
1584 1901 1776 1942 nomen

1901 1868 2312 1926 tccomntodarc.
2349 1867 2492 1937 Ergo
2539 1882 2643 1920 non
2698 1865 2863 1920 nubet
2892 1864 3144 1919 defuncto
3179 1865 3292 1919 viro
3325 1881 3481 1929 uxor,

174 1982 392 2038 Domini
425 1983 725 2038 dedicatum
755 1991 870 2048 est,
903 1996 1006 2037 non
1038 1981 1134 2036 fuit
1157 1979 1420 2052 digamus.

797 2117 1027 2173 CAPUT
1066 2117 1178 2171 VII.

248 2231 380 2287 Post
403 2239 579 2288 vetera
602 2231 845 2302 exempla
875 2230 1207 2303 originalium
1237 2245 1610 2302 personarum,
1637 2247 1790 2301 mque

180 2326 250 2384 ad
272 2339 451 2382 vetera
475 2339 805 2381 transeamus
829 2328 1179 2382 instrumenta
1211 2325 1460 2395 legalimn
1486 2325 1790 2397 Scriptura-

178 2436 324 2486 rum,
347 2429 407 2472 ut
427 2433 522 2488 per
543 2418 783 2472 ordinem
811 2416 884 2489 (b)
905 2417 971 2472 de
985 2417 1128 2472 omni
1153 2427 1331 2472 nostra
1357 2427 1601 2487 paralnra
1625 2425 1794 2472 retra-

180 2520 413 2567 ctemus.
451 2509 777 2578 thuOuiam
807 2509 1019 2579 quidam
1051 2508 1314 2562 interdum
1337 2507 1467 2561 nihil
1488 2508 1586 2562 sibi
1614 2506 1797 2562 dicunt

185 2619 311 2658 esse
325 2617 447 2657 cmn
471 2603 608 2672 lege,
626 2616 782 2670 quam
814 2601 1057 2657 Chrisuts
1087 2617 1190 2656 non
1218 2601 1483 2666 dissolvit,
1504 2601 1597 2656 sed
1624 2602 1793 2656 adim-

185 2695 664 2766 plevit,interdum
683 2711 799 2764 qua:
838 2695 1022 2749 volunt
1060 2695 1189 2765 legis
1216 2696 1509 2764 arripiunt;
1547 2695 1701 2764 plane
1745 2705 1798 2748 et

181 2804 290 2844 nos
336 2788 414 2842 sic
460 2788 687 2842 dicimus
739 2788 1035 2843 decessisse
1087 2788 1276 2856 legem,
1309 2799 1363 2841 ut
1391 2802 1556 2842 onera
1587 2787 1798 2855 quidem

180 2887 340 2950 ejus,
391 2896 508 2949 qua:
555 2879 850 2934 secundum
903 2879 1221 2934 sententiam
1272 2881 1648 2946 Apostolorum
1703 2893 1802 2932 nec

181 2973 380 3028 Patres
422 2970 686 3025 sustinere
729 2971 1038 3036 voluerunt,
1084 2972 1488 3036 concesserint;
1520 2986 1637 3040 qua:
1675 2984 1803 3024 Vero

181 3065 255 3119 ad
293 3064 553 3134 justitiam
583 3072 860 3134 Spectant,
897 3081 1000 3116 non
1036 3072 1236 3117 tantum
1280 3072 1552 3117 reservata
1599 3078 1804 3133 perma-

185 3167 391 3221 neant,
426 3173 609 3212 verum
634 3166 688 3212 et
714 3157 997 3226 ampliata:
1037 3167 1091 3210 ut
1117 3156 1321 3212 scilicet
1350 3156 1649 3211 rcdumlare
1684 3170 1806 3227 pas-

1887 1962 2039 2017 fratri
2083 1960 2265 2031 utique
2302 1968 2527 2029 nuptura
2583 1959 2627 2011 si
2678 1956 2935 2028 nupserit.
2983 1957 3182 2012 Omnes
3220 1958 3360 2012 enim
3390 1973 3488 2012 nos

1892 2057 2083 2110 fratres
2099 2052 2722 2120 sumus:ctillanuptura
2757 2050 2806 2103 iu
2843 2049 3069 2104 Domino
3085 2050 3486 2112 habetnubere,

1893 2147 2066 2210 idest,
2092 2162 2196 2201 non
2224 2144 2462 2208 etlmico,
2484 2143 2576 2196 sed
2607 2142 2790 2206 fratri;
2825 2142 2947 2210 quia
2992 2150 3046 2195 et
3075 2151 3225 2196 vetus
3259 2141 3339 2195 lex
3369 2140 3489 2194 adi-

1893 2241 1991 2296 mit
2028 2239 2335 2308 conjugimn
2372 2233 2790 2305 allophylormn.
2816 2232 2950 2286 Cmn
2974 2242 3150 2286 autem
3174 2243 3226 2286 ct
3252 2232 3303 2286 in
3331 2231 3494 2286 Levi.

1896 2333 2002 2387 tieo
2026 2340 2243 2386 cautmn
2269 2330 2337 2384 sit
2370 2345 2384 2383 :
2415 2329 2729 2396 Quicumque
2755 2326 3024 2396 sumpserit
3059 2325 3233 2393 fratris
3261 2341 3494 2392 ua'orcm,

1897 2423 2224 2478 immunditin
2295 2431 2397 2487 est,
2476 2419 2742 2488 turpitudo
2763 2461 2776 2481 ,
2807 2419 2914 2472 sine
2945 2418 3112 2471 liberis
3142 2419 3384 2471 morietur
3415 2417 3491 2486 (Ξ)

1903 2519 2046 2593 (Leu.
2078 2517 2196 2580 XX,
2226 2516 2341 2586 5|);
2379 2516 2494 2568 sine
2513 2513 2696 2576 dubie,
2725 2514 2851 2566 dum
2875 2510 2962 2564 ille
2993 2509 3305 2581 prohibetur
3321 2509 3498 2566 denuo

1903 2613 2136 2674 nubere,
2171 2618 2224 2664 ct
2253 2608 2338 2662 illa
2368 2605 2700 2676 prohibetur,
2738 2617 2842 2656 non
2883 2601 3088 2656 habens
3135 2602 3338 2657 nubere
3395 2602 3496 2656 nisi

1902 2704 2076 2758 fratri.
2108 2697 2389 2767 Quomodo
2431 2711 2559 2766 ergo
2615 2695 2874 2763 Apostolo
2929 2693 3213 2748 conveniet
3259 2703 3314 2748 ct
3338 2692 3499 2764 Legi,

1905 2811 2063 2866 quam
2113 2811 2218 2848 non
2268 2793 2320 2846 in
2360 2800 2529 2846 totum
2581 2790 2877 2858 impugnat,
2929 2803 3049 2841 cum
3105 2787 3170 2841 ad
3219 2787 3499 2857 epistolam

1907 2887 2076 2958 ipsius
2105 2884 2436 2949 venerimus,
2455 2880 2789 2936 ostendetur.
2815 2877 3032 2933 Interim
3056 2878 3195 2948 quod
3237 2879 3502 2948 pertineat

1907 2979 1973 3032 ad
2005 2977 2237 3047 Legem,
2271 2975 2438 3044 magis
2477 2973 2634 3027 nobis
2661 2979 2970 3039 cnmpetunt
3015 2972 3504 3040 argumentationes

1909 3073 2045 3142 ejus.
2082 3070 2319 3138 Denique
2349 3065 2800 3136 prohibeteadem
2825 3105 2838 3123 .
2868 3065 3174 3119 sacerdotes
3200 3066 3375 3119 denuo
3403 3082 3504 3120 nu-

1911 3166 2039 3222 bere
2072 3163 2212 3237 (ιρι).
2257 3160 2451 3223 XXXI,
2488 3160 2554 3215 Μ
2577 3160 2617 3229 ).
2654 3159 2727 3230 (c)
2785 3156 2970 3212 Filiam
3000 3173 3213 3228 quoque
3251 3161 3476 3215 sacerdo

185 3249 263 3304 sit
301 3249 504 3319 justitia
537 3259 718 3303 nostra
762 3263 921 3319 super
964 3249 1269 3304 Scribarum
1314 3258 1368 3304 et
1413 3247 1801 3304 Pharismorum

1913 3259 2146 3329 tisjuhet
2176 3256 2389 3312 viduam
2414 3253 2495 3309 vel
2519 3255 2765 3323 ejectum,
2800 3252 2844 3305 si
2877 3266 3061 3306 semen
3095 3266 3200 3304 non
3231 3249 3508 3318 fueritilli,

183 3341 477 3412 justitiam.
507 3338 806 3410 Sijustitia,
833 3342 1011 3409 utique
1043 3351 1095 3394 et
1126 3341 1398 3408 pudicitia.
1418 3340 1474 3392 Si
1502 3355 1654 3410 ergo,
1675 3356 1807 3410 quo-

189 3435 341 3489 niam
389 3433 442 3486 in
488 3432 603 3499 lege
654 3431 985 3500 praecipitur,
1033 3441 1086 3484 ut
1113 3431 1232 3500 quis
1265 3430 1440 3485 fratris
1469 3431 1546 3485 sui
1583 3445 1808 3484 uxorein

190 3526 317 3581 sine
349 3524 532 3579 liberis
551 3523 785 3579 defuncti
820 3525 869 3578 in
896 3525 1288 3579 matrimonium
1308 3524 1569 3588 adsumat,
1601 3522 1664 3578 ad
1693 3539 1810 3578 sus—

191 3619 473 3677 eitandum
507 3619 650 3673 fratri
683 3635 778 3674 suo
808 3634 990 3674 semen
1019 3661 1034 3686 ,
1065 3619 1225 3688 idque
1265 3619 1460 3690 smpius
1498 3620 1713 3674 evenire
1761 3620 1811 3673 in

193 3729 366 3769 unam
421 3729 707 3785 personam
766 3722 943 3783 potest
1001 3713 1296 3768 secundum
1369 3713 1615 3767 callidam
1670 3713 1812 3768 illam

195 3807 557 3877 quiestionem
599 3805 1041 3868 Sadducinorum,
1073 3806 1193 3861 ideo
1219 3816 1274 3861 et
1320 3805 1451 3860 alias
1481 3816 1663 3874 putant
1689 3815 1814 3876 per:

198 3903 425 3954 missam
459 3896 813 3967 frequentiam
849 3899 1186 3967 nuptiartttn;
1225 3897 1528 3968 intelligere
1549 3897 1818 3953 debebunt

198 3992 384 4064 primo
415 3991 677 4045 rationem
718 3990 882 4058 ipsius
923 3991 1213 4061 praecepti,
1242 3998 1296 4046 ct
1342 3991 1412 4044 ita
1462 3990 1634 4045 scient
1673 3990 1816 4044 illaut

204 4084 474 4139 tationem
518 4082 627 4153 jam
658 4093 957 4137 cessantem
998 4099 1068 4138 ex
1116 4083 1195 4138 eis
1243 4097 1362 4138 esse
1404 4099 1524 4154 quae
1568 4091 1818 4138 evacuata

203 4185 337 4231 sunt
405 4175 558 4245 legis.
618 4173 934 4230 Necessario
1001 4174 1393 4229 succedendum
1448 4175 1643 4230 eratin
1710 4191 1820 4228 ma-

206 4267 525 4322 trimonium
595 4266 772 4321 fratris
838 4268 954 4321 sine
996 4266 1177 4322 liberis
1223 4267 1478 4322 defuncti.
1545 4266 1821 4332 I’rimum,

203 4361 334 4431 quia
382 4359 558 4414 adlmc
604 4368 755 4414 vetus
803 4359 891 4413 illa
956 4359 1254 4415 benedictio
1311 4360 1595 4414 decurrere
1657 4359 1820 4416 habe-

207 4456 354 4509 bat:
403 4451 620 4507 Crescite
666 4463 711 4506 et
762 4453 1042 4507 redundute
1094 4452 1265 4525 (Cen.
1319 4452 1359 4516 Ι,
1391 4453 1461 4508 '28
1493 4451 1535 4522 ).
1595 4453 1823 4521 Dehine,

217 4544 479 4617 quoniam
511 4553 717 4613 patrum
746 4544 937 4600 delicta
979 4547 1136 4599 etiam
1185 4546 1251 4600 de
1292 4545 1411 4599 filiis
1455 4547 1822 4616 exigebantur.

211 4637 438 4700 Tertio,
490 4637 740 4707 quoniam
793 4636 1058 4707 spadones
1109 4646 1165 4692 et
1215 4637 1432 4693 steriles
1485 4637 1824 4709 ignominiosi

215 4729 572 4786 habebantur.
641 4729 853 4801 Itaque,
923 4745 991 4786 ne
1044 4731 1267 4800 proinde
1317 4731 1581 4788 maledicti
1627 4733 1829 4802 judica-

1915 3354 1968 3407 in
2001 3352 2220 3406 domum
2268 3349 2431 3416 patris
2483 3346 2562 3399 sui
2619 3343 2851 3414 regredi,
2885 3343 3032 3396 etde
3061 3358 3198 3411 pane
3247 3344 3364 3413 ejus
3414 3344 3507 3397 ali.

1915 3445 2061 3508 Ideo,
2090 3443 2134 3498 si
2161 3456 2345 3496 semen
2377 3455 2480 3493 non
2505 3437 2665 3492 fuerit
2687 3436 2785 3502 illi,
2821 3450 2948 3500 non,
2973 3444 3030 3488 ut
3056 3436 3099 3490 si
3130 3434 3308 3501 fuerit,
3334 3437 3512 3491 denuo

1917 3542 2120 3598 nubat:
2152 3549 2351 3609 quanto
2396 3535 2563 3602 magis
2600 3533 2744 3587 enim
2799 3545 2904 3585 non
2947 3530 3130 3594 nubet,
3163 3530 3207 3584 si
3241 3528 3376 3585 filios
3417 3531 3514 3584 Ita-

1921 3635 2078 3690 beat!
2111 3633 2204 3688 sed
2235 3640 2312 3693 ut,
2347 3628 2391 3682 si
2426 3625 2692 3690 habuerit,
2723 3642 2750 3675 a
2777 3622 2885 3676 tilio
2907 3623 3082 3692 potius
3108 3622 3280 3676 alatur
3295 3638 3451 3693 quam
3484 3640 3515 3679 a

1921 3735 2092 3797 patre,
2117 3736 2224 3793 quo
2242 3732 2294 3776 et
2311 3720 2449 3773 filius
2469 3723 2792 3787 praeceptum
2813 3714 2905 3767 Dei
2933 3722 3278 3783 exsequatur,
3310 3712 3518 3768 Honora

1922 3827 2113 3890 putrem
2143 3823 2187 3869 et
2238 3822 2446 3866 matrem
2475 3808 2494 3882 (
2521 3808 2640 3863 ch.
2675 3806 2868 3868 XXXI,
2905 3805 3014 3875 15).
3066 3805 3172 3860 Nos
3215 3817 3392 3861 autetn
3422 3808 3516 3863 Je-

1922 3929 2014 3967 sus
2038 3924 2278 3966 summus
2307 3904 2559 3960 sacerdos
2601 3913 2652 3958 et
2699 3915 2924 3970 magnus
2971 3900 3164 3966 I’atris,
3206 3900 3274 3955 de
3308 3918 3406 3956 suo
3433 3919 3519 3956 vc-

1924 4005 2091 4059 sticus
2121 4003 2136 4072 (
2163 4000 2286 4072 quia
2315 3997 2471 4070 [ϐαι.
2502 3993 2588 4060 ΙΙΙ,
2625 3992 2734 4064 9.7]
2773 3992 2936 4063 quiin
2969 3991 3168 4046 Christo
3200 3993 3520 4064 tinguuntur,

1926 4094 2180 4148 Christum
2205 4091 2476 4144 induerunt
2497 4086 2536 4157 ),
2572 4087 2648 4156 (d)
2679 4084 2962 4139 sacerdotes
3010 4083 3114 4139 Deo
3143 4082 3289 4137 Patri
3316 4103 3408 4140 suo
3443 4093 3518 4156 fc-

1926 4197 1992 4250 cit
2036 4193 2328 4248 secundum
2385 4185 2644 4241 Joannem
2677 4183 2874 4253 (Apoc.
2909 4181 2946 4245 ι,
2983 4182 3063 4243 ϐ).
3103 4180 3233 4235 Nam
3278 4191 3332 4236 et
3377 4183 3521 4236 illuni

1927 4287 2323 4342 adolescentem
2356 4279 2694 4334 feStinantem
2725 4274 2790 4328 ad
2821 4275 3073 4342 exequias
3104 4274 3265 4341 patris
3298 4273 3420 4327 ideo
3449 4291 3527 4330 re-

1931 4389 2105 4446 vocat,
2131 4387 2187 4431 ut
2211 4372 2461 4430 ostendat
2490 4368 2796 4425 sacerdotes
2835 4381 2933 4420 nos
2966 4367 3146 4420 vocari
3175 4366 3241 4421 ab
3267 4382 3332 4421 eo
3351 4407 3366 4433 ,
3392 4384 3526 4437 quos

1931 4475 2017 4530 lex
2064 4471 2278 4526 vetabat
2307 4475 2587 4537 pareutmn
2637 4461 2927 4530 scpulturm
2981 4460 3173 4515 adesse
3207 4477 3218 4512 :
3252 4459 3321 4530 (ι’)
3353 4461 3522 4529 δυρινγ

1933 4580 2155 4625 omnem,
2185 4561 2376 4630 inquit,
2430 4557 2652 4610 animout
2695 4555 2985 4624 defunctam
3030 4553 3267 4607 sacerdos
3313 4571 3411 4607 non
3444 4556 3528 4606 in-

1857 4670 1911 4730 ι)
1938 4655 2124 4716 troibit,
2153 4663 2199 4707 et
2246 4666 2396 4720 super
2437 4657 2629 4716 patrem
2671 4661 2837 4709 suum,
2880 4654 2925 4697 ct
2953 4660 3104 4712 super
3153 4654 3528 4700 umtremsumn

1939 4768 2037 4806 non
2067 4742 2490 4801 contmnirmbitur
2534 4737 2678 4807 (Leo.
2728 4736 2892 4805 XXII,
2922 4737 3029 4805 I5).
3067 4737 3207 4809 Ergo
3235 4748 3289 4794 υι
3315 4741 3533 4796 ..οειιυρ

1472 4843 1852 4902 LECTION‘LS
1893 4836 2308 4901 VAIIIAN'I'ES.

290 4934 371 4997 (Ι)
396 4933 716 4985 Przcdicimus
747 4942 909 4986 t'euet.

2001 4932 2075 4997 (2)
2094 4931 2362 4980 Morientur
2389 4935 2538 4977 t‘ran.
2571 4928 2727 4974 t’cuet.

1602 5017 2162 5082 COMMENTARIUS.

302 5110 381 5185 (τι)
401 5111 693 5189 Secundus
717 5129 912 5189 quoque
940 5114 1130 5189 illoses.
1157 5117 1338 5173 Iesum
1370 5115 1515 5173 Nave
1540 5118 1824 5189 significat,

219 5183 482 5253 de'cujus
517 5183 735 5253 nuptiis
769 5183 899 5260 nihil
943 5188 1219 5260 Scriptura
1275 5189 1509 5244 tradidit.
1559 5183 1736 5260 lt'aque
1761 5205 1828 5245 ex

217 5270 309 5330 eo
344 5267 517 5330 neque
543 5268 640 5324 pro
686 5258 884 5330 ltUpI_iiS
905 5298 918 5322 ,
949 5273 1120 5328 neque
1159 5259 1419 5314 adversus
1444 5258 1683 5330 nuptias,
1717 5261 1829 5314 sive

220 5326 454 5401 primas,
477 5325 590 5380 sive
626 5326 915 5401 secundas,
936 5325 1222 5398 quidquam
1249 5325 1532 5401 Colligitur:
1566 5331 1628 5385 Et
1657 5343 1830 5386 tamen

222 5396 551 5472 Septimium
591 5398 847 5472 sequitur
877 5396 1352 5472 Ilieronymuslib.
1376 5396 1414 5454 “Ἰ
1454 5403 1719 5472 adversus
1746 5401 1836 5456 Jo-

220 5463 544 5542 vitiiautth:
581 5463 965 5542 Ostendeiitihi,
999 5463 1384 5542 inqint,Jesum
1414 5471 1578 5536 Nare,
1613 5474 1686 5527 vel
1718 5489 1840 5527 uxo-

220 5554 342 5593 rem
368 5537 618 5603 habuisse,
650 5539 726 5590 vel
748 5540 898 5605 ﬁlios.
933 5540 1049 5596 llic.

306 5607 461 5688 CAP.
501 5607 682 5688 V_ll.—
708 5607 786 5679 (b)
821 5609 895 5688 De
920 5614 1063 5688 onin_i
1077 5623 1248 5668 nostra
1275 5625 1539 5684 paratum.
1569 5616 1844 5688 Significat

227 5678 875 5753 ntrittsqgeInstrumcnti
906 5699 999 5738 seu
1023 5678 1348 5741 Testamcnti
1375 5678 1692 5753 Seriphon}.
1725 5687 1840 5741 lito.

309 5748 389 5820 (ε)
435 5747 629 5802 Filiam
657 5768 867 5822 quoque
908 5757 1205 5822 ειιιίἰίιοιὶδ,
1258 5769 1364 5812 etc.
1416 5747 1624 5811 Clarius
1659 5759 1843 5811 beatus

229 5820 598 5901 Hieronymus
615 5838 628 5876 :
646 5821 1000 5901 Saecrdolalis
1018 5827 1171 5880 vidua
1190 5820 1240 5881 in
1254 5828 1844 5901 domojubctursedere

252 5892 425 5966 patris
451 5892 557 5958 sui,
614 5909 710 5946 ιιι-ο
758 5896 1046 5949 secumhun
1077 5913 1236 5956 nosse
1282 5892 1704 5956 matrimonium.
1739 5899 1844 5955 Sed

571 5989 1008 6054 Temenum
1054 5994 1132 6055 ll.

1933 5115 2133 5169 A'uctor
2158 5109 2396 5180 sequitur
2417 5104 2577 5161 verba
2591 5103 2883 5180 scriptorio
2917 5103 3084 5159 Levit.
3120 5105 3283 5164 XXII.
3316 5109 3454 5168 Pan.

2009 5183 2090 5255 (d)
2124 5174 2422 5255 Sacerdotes
2448 5193 2538 5231 nos
2580 5174 2688 5255 Deo
2734 5174 2876 5228 Patri
2932 5180 3070 5244 fecit.
3130 5180 3202 5232 De
3256 5183 3527 5255 intellectu

1935 5248 2246 5322 vero'bujus
2279 5249 2380 5322 loej
2416 5260 2469 5322 et
2498 5248 2782 5302 verborqu
2812 5261 2932 5317 quae
2959 5259 3255 5317 sequuntur
3280 5254 3399 5310 vide
3431 5257 3522 5311 Μ).

1939 5319 2173 5401 przeced_.
2193 5337 2311 5391 cap.
2348 5321 2401 5375 7.
2430 5319 2564 5374 I’Mt.

2015 5401 2088 5470 (ο)
2122 5388 2292 5470 super
2316 5407 2538 5470 ontuem,
2554 5388 3012 5470 _inquit,ﬂanimat_n
3033 5390 3347 5470 defunctam.
3363 5398 3528 5470 tiom.

1977 5458 2093 5526 arat
2120 5458 2281 5538 etiam
2315 5464 2367 5517 in
2408 5463 2508 5538 hoc
2554 5461 2721 5530 legem
2757 5458 3285 5538 Evattgelicam_ciiiii
3333 5467 3529 5538 Moysi;

1977 5488 2093 5526 al‘dl
2120 5488 2281 5521 utrum
2315 5488 2367 5517 Ill
2409 5488 2508 5516 "ut;
2554 5488 2721 5530 Iugum
2757 5488 3125 5530 uvuuguucatu
3167 5488 3285 5516 L‘lllll
3333 5488 3529 5538 truly,”

1940 5488 2084 5609 fegc,
2122 5536 2261 5608 quod
2296 5535 2764 5609 sepelire-putt'etn
2797 5548 2956 5609 suum
2983 5529 3336 5609 prohibeatur,
3354 5553 3531 5593 sacer-

1950 5601 2046 5665 ιιᾶς
2076 5601 2320 5676 magnus,
2356 5601 2482 5659 Lev.
2512 5601 2648 5656 XXI.
2672 5603 2855 5676 ‘Qnare
2889 5604 3049 5656 etiam
3076 5603 3212 5676 apud
3240 5608 3528 5665 Λιιριιηιριη

1949 5673 2268 5746 subintelligi
2314 5678 2494 5739 debet,
2535 5673 2685 5746 quod
2716 5673 2870 5741 paulo
2903 5675 3045 5741 prius
3080 5674 3146 5728 de
3185 5675 3310 5730 Jcsu
3333 5681 3530 5735 dictum

1950 5768 2052 5817 est,
2086 5745 2322 5806 summus
2364 5745 2612 5801 sanertlos
2639 5747 2748 5798 sive
2777 5760 3019 5813 magnus,
3055 5761 3175 5798 nam
3204 5748 3399 5817 alioqui
3445 5772 3533 5805 δα..

1950 5823 2256 5880 cerdotibus
2295 5819 2412 5890 aliis
2449 5817 2869 5890 licebatinu'aru
2895 5831 3055 5890 super
3077 5821 3313 5890 animant
3347 5827 3531 5890 patris,

1950 5894 2159 5962 matris,
2190 5889 2392 5957 fratris,
2422 5899 2477 5944 et
2503 5889 2702 5944 sororis
2747 5887 2984 5955 virginis,
3016 5889 3087 5940 uti
3141 5887 3364 5947 habetur
3390 5894 3542 5951 initio

2751 5979 3043 6058 (Troum)
