4220 6492
763 389 866 457 959

2148 389 2608 456 TEII’I'ULLIANI

3948 391 4061 451 940

759 511 1105 576 interdictum
1153 513 1438 576 observare
1479 512 1775 575 debemus?
1816 525 1921 574 non
1972 528 2176 586 utique.
2208 509 2354 570 Vivit
2379 527 2428 586 Α
2457 511 2586 567 sicut
2629 510 2796 568 ceteri
2824 506 3040 582 apostoli
3085 517 3135 568 ct
3185 504 3385 586 Cephei
3414 506 3468 584 (I
3498 507 3615 569 Cor.
3668 510 3806 586 IX)?
3841 506 3920 570 Δι
3965 509 4064 571 ubi

758 614 900 668 enim
924 613 1112 667 unicus
1135 623 1290 682 pater
1322 619 1504 667 noster
1527 608 1684 676 Deus,
1705 620 1759 667 et
1787 620 1958 667 mater
1984 607 2223 666 Ecclesia
2249 623 2264 675 ;
2293 617 2349 664 et

757 723 931 776 neque
954 705 1051 776 ipsi
1085 705 1278 759 mortui
1324 719 1532 768 sumus,
1560 705 1651 775 qui
1699 703 1808 760 Deo
1859 704 2123 769 vivimus;
2174 717 2348 774 neque

755 809 997 853 mortuos
1043 797 1352 866 scpelinms,
1408 798 1532 867 quia
1561 807 1615 852 et
1661 797 1736 852 illi
1791 797 1974 852 vivunt
2010 797 2063 852 in
2103 794 2343 852 Christo.

749 889 910 944 Certe
934 889 1244 943 sacerdotes
1267 902 1455 942 sumus
1474 904 1502 941 a
1527 887 1744 944 Christo
1764 889 1958 953 vocati,
1992 889 2343 960 monogamia:

748 983 1022 1038 debitores
1048 997 1111 1037 es
1148 980 1366 1052 pristina
1411 980 1503 1037 liei
1530 979 1668 1052 lege,
1697 995 1818 1052 «(uae
1859 995 1959 1037 nos
1989 989 2115 1036 tunc
2143 980 2195 1036 in
2230 980 2344 1035 suis

751 1075 1119 1131 sacerdotibus
1151 1073 1503 1145 prophetarit.

1333 1165 1560 1222 CAPUT
1623 1165 1752 1221 VIII.

821 1259 970 1316 Nune
1006 1260 1072 1315 ad
1105 1261 1274 1331 legem
1319 1261 1532 1330 proprie
1553 1271 1812 1326 nostram,
1845 1259 1894 1315 id
1923 1270 2025 1326 est,
2055 1259 2122 1315 ad
2170 1260 2342 1315 Evan-

749 1355 968 1428 gelmm,
999 1354 1269 1421 conversi,
1300 1354 1546 1424 qualibus
1571 1355 1869 1424 excipimur
1888 1355 2182 1424 exemplis!
2207 1355 2340 1410 Dum

749 1447 817 1501 ad
842 1449 1134 1502 sententias
1163 1446 1524 1518 pervenimus,
1543 1461 1668 1502 ecce
1689 1447 1870 1500 statim
1888 1448 2036 1515 quasi
2059 1448 2109 1500 in
2133 1445 2336 1509 limine,

745 1544 867 1596 dna:
891 1541 973 1612 (I)
1003 1541 1158 1597 nobis
1201 1541 1466 1596 antistites
1492 1540 1800 1595 christiana:
1825 1540 2123 1596 sanctitatis
2147 1555 2337 1596 occur-

747 1644 893 1694 runt.
927 1633 1259 1703 monogamia
1290 1641 1346 1689 et
1385 1633 1715 1689 cominentia
1744 1649 1757 1686 :
1785 1632 1885 1686 alia
1919 1631 2130 1702 pudica,
2160 1633 2211 1686 in
2240 1631 2340 1686 Za-

747 1745 763 1779 t
785 1726 930 1781 hat-ia
953 1725 1231 1782 sacerdote
1250 1743 1263 1790 ;
1279 1726 1381 1780 alia
1398 1725 1621 1796 integra,
1648 1726 1698 1779 in
1719 1724 1925 1781 Joanne
1954 1735 2333 1786 antecursore:

745 1818 849 1872 alia
903 1817 1118 1887 placatis
1169 1817 1355 1880 Deum,
1388 1817 1492 1871 alia
1543 1816 1837 1886 prardicaus
1885 1817 2191 1878 Christum;
2233 1817 2333 1870 alia

2453 621 2517 666 ea
2544 605 2836 680 subjungit,
2867 623 2987 678 qua:
3014 607 3082 666 de
3111 609 3367 664 vietuaria
3415 608 3747 665 exhibitione
3773 608 4060 665 abstinen-

2450 705 2577 759 tiam
2599 703 2740 774 ejus,
2770 701 3077 768 ostendunt,
3129 702 3362 759 dicentis
3413 721 3424 757 :
3479 701 3601 757 Non
3653 703 3786 757 enim
3829 712 4065 771 potesta-

2449 804 2553 849 tem
2599 795 2838 850 habemus
2889 795 3232 849 utandacandi
3280 805 3328 848 ct
3381 793 3635 849 bibendi?
3695 810 3802 848 non
3858 808 4064 848 uxores

2447 889 2781 944 demonstrat
2821 886 2891 942 ab
2936 888 3210 955 Apostolis
3251 887 3666 950 cirenniduetas,
3699 901 3835 958 quas
3869 896 3929 941 et
3969 891 4062 955 qui

2447 998 2555 1038 non
2605 981 2824 1045 habent,
2854 989 3172 1052 potestatein
3223 989 3398 1036 tamen
3453 982 3811 1036 manducaudi
3863 991 3922 1035 et
3975 981 4060 1032 bi-

2447 1074 2603 1129 bendi
2632 1071 2866 1138 habent;
2897 1072 2994 1128 sed
3027 1071 3343 1142 simpliciter
3365 1073 3617 1128 mulieres
3643 1114 3658 1137 ,
3688 1089 3808 1140 qtae
3847 1072 3945 1125 illo
3973 1086 4069 1126 co-

2447 1166 2569 1221 dem
2601 1166 2864 1232 instituto,
2896 1183 3003 1235 quo
3033 1176 3089 1220 et
3113 1166 3397 1219 hominum
3418 1169 3759 1227 comitantes,
3789 1166 4069 1218 ministra.

2444 1257 2591 1312 bant.
2622 1256 2740 1312 Jam
2775 1272 2904 1312 vero
2931 1257 2976 1310 si
3005 1256 3251 1312 Christus
3277 1257 3528 1326 reprobat
3569 1256 3794 1312 Seribas
3818 1267 3872 1310 et
3922 1255 4066 1310 l’lia-

2443 1349 2651 1414 risaios,
2680 1349 2934 1404 sedentes
2958 1349 3010 1402 in
3037 1348 3291 1404 cathedra
3316 1347 3501 1420 Moysi,
3535 1363 3636 1403 nec
3659 1346 4067 1416 iacientesth

2442 1440 2719 1509 docerem,
2769 1441 2925 1512 quale
2966 1449 3137 1496 estut
3176 1441 3293 1511 ipse
3338 1456 3504 1511 super
3538 1441 3859 1495 cathedram
3909 1457 4063 1494 suam

2441 1535 2728 1589 collocaret
2761 1536 2872 1606 (li),
2913 1539 3002 1604 qui
3040 1538 3384 1590 sanctitatem
3413 1535 3592 1590 carnis
3621 1535 3925 1604 praecipere
3957 1551 4068 1588 ma-

2439 1630 2543 1700 εἰς.
2573 1646 2677 1683 non
2697 1631 2862 1684 etiam
2889 1628 3043 1686 obire
3066 1629 3457 1693 meminissent,
3481 1644 3641 1700 quam
3675 1629 3780 1683 illis
3801 1630 4066 1684 omnibus

2441 1723 2614 1778 modis
2641 1723 2935 1778 insinuarat
2979 1721 3058 1793 (7)
3107 1731 3163 1778 et
3210 1723 3506 1778 doci'ndam
3556 1733 3611 1778 et
3659 1724 3968 1794 agendam,
4016 1725 4064 1776 in

2440 1815 2628 1883 primis
2664 1818 2731 1872 tle
2772 1831 2872 1871 suo
2923 1818 3192 1887 exemplo,
3248 1827 3373 1872 tunc
3405 1817 3490 1889 (δ)
3534 1817 3602 1870 dc
3633 1819 3851 1871 cancris
3905 1833 4068 1886 argu-

743 1919 914 1963 tottnn
967 1908 1261 1977 pmftIICOIIS
1317 1908 1670 1969 sacerdotem,
1720 1909 1822 1962 alia
1877 1909 1994 1979 plus
2044 1907 2334 1978 pra-ferens
2366 1922 2409 1980 η
2439 1909 2677 1971 mentis;
2721 1924 2843 1962 eum
2896 1924 3169 1978 puerorum
3220 1907 3348 1962 dicit
3395 1923 3514 1962 csse
3555 1924 3767 1974 regnum
3810 1906 4065 1961 cii-lorum

742 2016 904 2066 etiam
933 1999 1226 2069 prophetcn
1257 1998 1359 2069 (ἢ),
1386 1998 1592 2053 scilicet
1631 2013 1776 2062 eum,
1835 1999 1926 2069 qui
1973 2013 2078 2052 non
2127 2007 2330 2053 tantum

745 2090 1142 2162 praedii-merit,
1165 2099 1254 2142 aut
1271 2090 1715 2143 demonstravertt
1741 2102 1946 2154 coram,
1968 2104 2148 2142 verum
2168 2089 2328 2143 etiam

748 2183 1103 2255 baptizaverit
1152 2182 1448 2238 Christum.
1495 2183 1625 2251 Quis
1671 2183 1816 2238 enim
1864 2197 2060 2252 corpus
2122 2183 2330 2237 Domini

739 2277 951 2349 dignius
977 2276 1209 2332 initiaret
1236 2275 1340 2348 (ὅ),
1389 2289 1548 2345 quam
1580 2273 1838 2345 ejusmodi
1884 2288 2031 2342 caro,
2079 2275 2254 2346 qualis
2279 2285 2334 2330 ct

743 2369 991 2438 t'uttt'cpil
1018 2367 1143 2423 illud
1184 2376 1241 2422 et
1281 2367 1507 2438 peperit.
1565 2366 1642 2438 (tt)
1689 2365 1755 2421 Et
1801 2365 2073 2421 Christum
2117 2364 2332 2435 quidem

741 2459 895 2531 viigo
915 2460 1073 2516 enixa
1105 2468 1207 2523 est,
1238 2458 1408 2513 semel
1438 2465 1665 2524 nuptura
1695 2465 1812 2527 post
1842 2466 2072 2527 partum,
2098 2466 2155 2511 nt
2187 2467 2334 2512 uter-

739 2567 848 2622 que
879 2551 1062 2607 titulus
1084 2551 1383 2606 sanctitatis
1406 2550 1457 2604 in
1479 2548 1675 2604 Christi
1705 2563 1864 2604 sensu
1903 2549 2331 2621 dispungeretur,

739 2662 837 2719 per
863 2660 1088 2702 matrem
1133 2655 1186 2700 et
1225 2645 1484 2716 virginem
1525 2653 1578 2700 et
1607 2644 1891 2699 univiram.
1924 2643 1992 2699 At
2021 2645 2107 2698 ubi
2161 2643 2336 2698 iulans

745 2739 949 2810 templo
973 2738 1275 2802 exhibetur,
1303 2737 1423 2807 quis
1445 2735 1591 2790 illum
1615 2734 1667 2790 in
1699 2749 1890 2792 manus
1927 2734 2191 2803 suscipit?
2218 2734 2337 2804 quis

749 2830 802 2886 in
829 2831 1018 2901 Spiritu
1057 2830 1258 2900 primus
1304 2825 1587 2897 agnoscit?
1617 2824 1711 2879 Vir
1755 2826 1931 2893 justus
1961 2833 2014 2880 ct
2046 2834 2256 2891 cautus,
2282 2834 2339 2880 et

736 2924 924 2996 utique
965 2922 1049 2994 (4)
1096 2936 1204 2978 ιιοη
1251 2921 1536 2991 digamus,
1585 2919 1668 2975 vel
1713 2933 1779 2974 ne
1824 2919 2036 2989 dignius
2078 2916 2164 2990 (5)
2215 2935 2339 2975 mox

734 3017 981 3072 Christus
1006 3030 1034 3068 a
1064 3013 1277 3070 immitia
1315 3011 1698 3083 praedicaretur
1725 3019 1905 3067 vetere
1940 3011 2097 3066 vidua
2133 3021 2190 3066 ct
2223 3011 2341 3066 uni-

738 3107 876 3171 vira,
907 3121 1025 3178 qua:
1054 3114 1110 3162 et
1132 3105 1332 3174 templo
1359 3102 1540 3159 dedita
1564 3103 1697 3159 satis
1727 3102 1777 3157 in
1802 3102 2088 3174 semetipsa
2118 3112 2338 3172 porten-

736 3200 918 3265 debat,
962 3199 1148 3269 quales
1176 3197 1400 3268 spiritali
1433 3197 1652 3267 templo,
1705 3195 1760 3250 id
1802 3203 1905 3262 est,
1954 3194 2211 3251 Ecclesiae
2247 3193 2340 3250 de-

2436 2002 2453 2069 (
2485 2000 2672 2058 Matth.
2720 2000 2905 2061 XVIII.
2937 2003 3002 2063 ὃς
3034 1999 3230 2068 XXIX,
3280 2002 3346 2056 II
3380 2001 3398 2069 )
3430 2018 3443 2065 ;
3476 2015 3596 2055 eum
3637 2013 3930 2055 censortcs
3961 2000 4064 2055 iil.s

2435 2096 2561 2150 facit
2593 2096 2725 2149 alios
2749 2108 2870 2168 post
2921 2099 3138 2163 nuptias
3169 2110 3397 2165 pueros;
3432 2110 3552 2149 cum
3577 2097 3643 2148 ad
3667 2095 4056 2162 simplicitatem

2438 2187 2726 2260 columbtc(
2760 2187 2947 2242 Matth.
2982 2187 3175 2255 XXIX,
3211 2187 3301 2258 l6)
3351 2195 3617 2256 provocat,
3661 2187 3777 2241 avis
3817 2201 3929 2240 non
3957 2197 4064 2238 tan-

2437 2289 2548 2333 tum
2577 2280 2842 2345 innocuae,
2863 2294 3046 2334 verum
3069 2292 3118 2334 et
3143 2279 3376 2348 pudicae,
3407 2279 3482 2349 (b)
3524 2294 3686 2348 quam
3719 2293 3883 2330 unam
3924 2279 4063 2331 unu‘

2441 2371 2708 2426 mascttlus
2729 2373 2908 2436 novit;
2931 2387 3051 2426 cum
3080 2373 3418 2426 Samaritanze
3456 2372 3702 2425 maritum
3756 2382 3953 2441 negat,
3990 2372 4060 2437 lc)

2440 2462 2819 2520 utadulterttm
2841 2464 3089 2519 ostendat
3119 2479 3464 2518 numerosum
3507 2464 3756 2517 maritum
3792 2462 3810 2532 (
3844 2462 3936 2516 Jo.
3965 2461 4056 2527 IV,

2440 2555 2529 2619 Π)
2554 2570 2568 2619 ;
2597 2571 2717 2610 cum
2748 2557 2799 2611 in
2845 2556 3170 2612 revelatinnc
3200 2555 3386 2625 gloriae
3414 2571 3526 2610 sua:
3562 2555 3631 2610 de
3666 2563 3744 2608 tut
3769 2557 3980 2608 sanetis
4007 2567 4061 2609 et

2441 2647 2735 2717 prophetis,
2774 2648 2989 2718 Moysen
3017 2659 3071 2702 ct
3113 2647 3294 2700 llelian
3327 2663 3507 2701 secum
3537 2645 3735 2699 mavult
3763 2686 3778 2710 ,
3825 2646 4061 2700 alterum

2446 2755 2842 2809 monogamum,
2869 2740 3092 2794 alterum
3120 2737 3451 2799 suadencm!
3486 2737 3599 2792 Non
3623 2739 3765 2791 enim
3786 2737 3937 2792 aliud
3968 2735 4066 2792 fuit

2445 2830 2644 2896 llelias,
2669 2847 2829 2902 quam
2869 2831 3126 2898 Joannes,
3155 2833 3320 2902 quiin
3369 2836 3552 2898 virtut;
3601 2841 3646 2883 et
3692 2831 3885 2901 spiritu
3925 2834 4061 2884 venit

2450 2920 2792 2987 llclia';cunt
2820 2924 2908 2977 ille
2933 2933 3138 2977 voratur
3182 2933 3227 2976 et
3271 2933 3472 2990 potator
3496 2923 3665 2989 homo,
3719 2923 4062 2991 prandiorum

2443 3027 2490 3071 et
2535 3033 2790 3070 uenarum
2828 3033 2943 3070 cum
2976 3015 3256 3086 publicanis
3300 3027 3348 3070 ct
3379 3015 3723 3085 peccatoribus
3765 3020 4064 3085 frequenta-

2448 3106 2759 3180 tor(.llatth.
2819 3107 2884 3172 X;
2936 3108 3042 3162 an
3076 3107 3191 3174 XV,
3229 3107 3316 3173 I5,
3369 3107 3484 3179 I9),
3533 3108 3701 3163 semel
3733 3108 3878 3177 apud
3925 3122 4060 3162 unas

2450 3203 2664 3272 nuptias
2685 3211 2865 3257 canat
2883 3201 3064 3255 multis
3082 3201 3262 3270 utique
3284 3199 3628 3256 nubentibus.
3657 3198 3886 3255 Totiens
3910 3199 4060 3256 enim

736 3292 901 3349 beant
959 3291 1258 3346 adbairere.
1289 3288 1446 3345 Tales
1472 3288 1708 3345 arbitros
1735 3287 1909 3344 infans
1957 3287 2214 3343 Dominus
2243 3303 2341 3344 ex-
2367 3313 2414 3377 ρ
2449 3293 2614 3347 voluit
2636 3292 2908 3348 celebrare
2934 3307 3047 3359 eas,
3077 3294 3325 3361 quotiens
3347 3301 3402 3346 et
3431 3305 3570 3347 esse.

740 3393 948 3452 pertus,
989 3395 1096 3436 non
1147 3381 1282 3436 alios
1328 3378 1515 3435 habuit
1539 3387 1598 3437 et
1624 3378 1862 3435 adultus.
1916 3379 2132 3436 Petrum
2162 3379 2337 3436 solum

742 3476 958 3532 invenio
981 3472 1249 3538 maritum,
1267 3487 1360 3544 per
1379 3486 1592 3539 sacrum
1613 3489 1628 3533 ;
1653 3487 2028 3542 IﬂOltnglllillnl
2050 3485 2341 3545 praesumo,

743 3583 842 3639 per
879 3567 1198 3633 Ecclesiam,
1251 3581 1371 3638 qua:
1413 3579 1580 3636 super
1607 3565 1754 3620 illum
1785 3564 2069 3631 tedillcata,
2124 3579 2340 3620 omnem

739 3659 966 3730 gradum
1012 3658 1216 3715 ordinis
1252 3658 1336 3714 sui
1363 3657 1433 3713 de
1461 3657 1790 3728 monogamia
1829 3665 1949 3714 erat
1989 3657 2338 3716 collocatum.

747 3753 985 3809 Cieteros
1021 3767 1143 3808 cum
1171 3753 1394 3807 maritos
1424 3765 1530 3806 non
1556 3751 1771 3807 invenio
1795 3792 1810 3816 ,
1838 3759 1931 3806 aut
1957 3751 2225 3822 spadones
2255 3753 2338 3806 in-

742 3848 976 3918 telligant
1009 3858 1231 3903 necesse
1257 3854 1359 3912 est,
1387 3852 1478 3899 aut
1524 3844 1882 3900 continentes.
1935 3841 2048 3900 Nec
2094 3844 2240 3899 enim
2289 3843 2335 3900 si

745 3955 914 4015 penes
937 3939 1155 3996 Graecos
1186 3938 1457 3994 communi
1485 3935 1744 3994 vocabqu
1764 3946 2055 3993 censentur
2079 3936 2336 3993 mulieres

749 4045 806 4092 et
833 4048 1047 4098 uxores,
1079 4048 1176 4103 pro
1201 4028 1604 4086 consuetudinis
1636 4027 1886 4084 facilitate
1916 4027 2216 4098 (caeterum,
2245 4037 2326 4084 est

742 4127 1021 4200 proprium
1046 4122 1363 4179 vocabulum
1391 4119 1664 4190 uxorum),
1711 4120 1833 4176 ideo
1880 4121 2099 4176 Paulum
2147 4122 2226 4176 sic
2254 4120 2334 4177 iii-

747 4219 1186 4292 tcrpretabimur,
1244 4215 1396 4286 quasi
1452 4214 1785 4270 demonstret
1820 4227 2014 4270 uxores
2042 4213 2333 4284 Apostolus

747 4314 1023 4373 habuisse.
1046 4311 1104 4369 Si
1133 4309 1201 4367 de
1243 4308 1597 4365 matrimoniis
1625 4306 1925 4378 disputaret
1949 4307 2113 4378 (quod
2156 4308 2209 4362 in
2250 4321 2338 4362 se-

745 4406 1036 4478 quentibus
1079 4404 1226 4470 facit,
1255 4403 1342 4458 tibi
1392 4401 1562 4474 magis
1593 4401 1884 4472 Apostolus
1907 4399 2121 4472 aliquod
2147 4415 2335 4457 exem-

743 4499 893 4572 plum
939 4496 1217 4553 nominare
1256 4491 1560 4565 potuisset),
1602 4503 1748 4550 recte
1801 4491 2073 4549 videretur
2113 4491 2330 4549 dicere:

3054 3384 3282 3443 CAPUT
3347 3385 3438 3440 IX.

2519 3477 2624 3535 Sed
2655 3477 2740 3532 ha:
2784 3479 3281 3548 argumentationes
3328 3479 3506 3549 potius
3557 3478 3941 3533 existimentur
3993 3476 4060 3532 de

2446 3569 2773 3638 coniecturis
2820 3578 3039 3632 coactae,
3087 3570 3132 3621 si
3176 3583 3282 3623 non
3311 3577 3367 3624 et
3397 3569 3677 3623 sententiae
3720 3567 4059 3630 adstiterint,

2444 3677 2578 3731 quas
2609 3661 2864 3717 Dominus
2893 3662 3074 3718 emisit
3098 3662 3149 3715 in
3176 3660 3381 3732 repudii
3403 3671 3722 3727 retractatu,
3749 3661 3896 3732 quod
3932 3679 4056 3731 per-

2445 3755 2681 3810 missum
2729 3754 3018 3824 aliquando
3068 3755 3179 3824 jam
3211 3754 3458 3825 prohibet
3482 3772 3496 3821 ;
3517 3755 3569 3809 in
3600 3756 3812 3824 primis,
3842 3755 3971 3826 quia
4000 3756 4059 3807 ab

2445 3848 2591 3902 initio
2617 3863 2717 3901 non
2747 3846 2845 3916 fuit
2873 3847 2967 3911 sic,
3021 3847 3160 3901 sicut
3209 3846 3535 3901 matrimonii
3595 3861 3891 3912 iainierus;
3948 3857 4059 3900 tum

2436 3941 2557 4010 quia
2619 3955 2746 4010 quos
2813 3938 2949 3993 Dcua
3015 3940 3278 4006 coniunxit
3307 3981 3322 4006 ,
3401 3939 3549 3994 homo
3621 3955 3721 3992 non
3790 3939 4058 4009 separabit

2440 4029 2653 4101 (Matth.
2684 4030 2821 4096 XIX,
2851 4031 2906 4098 ϐ,
2950 4031 3041 4099 8);
3073 4031 3298 4098 scilicet,
3329 4046 3398 4088 ne
3424 4040 3609 4086 eontra
3646 4030 3935 4085 Dominum
3986 4032 4059 4084 fa-

2439 4127 2568 4182 ciat.
2601 4126 2759 4181 Solus
2784 4127 2925 4181 enim
2954 4125 3040 4181 ille
3069 4127 3360 4197 separabit,
3393 4128 3481 4198 qui
3511 4136 3566 4181 et
3599 4127 3880 4197 cenjnnxit
3914 4145 3929 4190 ;
3978 4145 4059 4183 se

2436 4218 2645 4290 parabit
2672 4229 2872 4282 autem,
2906 4222 3143 4288 nonfper
3179 4218 3431 4272 duritiam
3482 4218 3687 4286 repudii
3716 4258 3729 4281 ,
3761 4233 3934 4288 quam
3967 4234 4057 4273 ex-

2443 4311 2662 4381 probrat
2689 4318 2742 4365 et
2770 4309 3090 4379 compescit,
3109 4309 3206 4364 sed
3250 4325 3347 4380 per
3370 4307 3608 4364 debitmn
3632 4310 3847 4365 mortis.
3877 4309 4057 4380 Siqui-

2439 4402 2561 4458 dem
2592 4419 2722 4457 unm
2743 4417 2806 4457 ea:
2832 4401 3122 4472 passeribus
3153 4400 3352 4456 duobus
3384 4417 3482 4454 non
3505 4401 3640 4455 cadit
3660 4402 3711 4454 in
3735 4413 3934 4455 terram
3953 4403 4057 4455 sine

2438 4495 2598 4564 patria
2626 4491 3122 4564 eoluntateUiatth.
3157 4491 3367 4564 X.‘£9).
3415 4492 3600 4563 Igitur,
3647 4493 3692 4546 si
3739 4508 3870 4561 quos
3922 4492 4056 4548 Deus

749 4591 875 4648 Non
899 4591 1032 4648 cnim
1058 4589 1296 4644 habemus
1343 4595 1638 4659 potestatem
1675 4602 1861 4643 uxores
1897 4586 2332 4654 circumducendi,
2361 4598 2414 4658 [ι
2439 4587 2703 4656 conjunxit
2727 4627 2744 4654 ,
2767 4585 2917 4640 homo
2937 4599 3039 4639 non
3062 4583 3312 4655 separabit
3349 4583 3608 4656 repudio;
3640 4598 3800 4655 teque
3823 4599 4057 4641 consen-

1988 4724 2368 4785 LECTIONES
2406 4725 2818 4782 VARIAN'I'E‘S.

812 4823 888 4886 (I)
911 4828 1012 4872 Duo
1032 4820 1099 4870 al.
2511 4819 2586 4946 (5)
2609 4817 2859 4881 Iudignius
2884 4825 3034 4868 Fran.
3058 4815 3222 4870 Obert.

812 4885 886 4946 li)
908 4883 1219 4946 Prophetans
1239 4880 1388 4933 Rhea.
1727 4943 1734 4946 Δ
1763 4942 1772 4946 _
2535 4882 2587 4946 ρ)
2606 4879 2875 4946 Quillocarat
2897 4889 3050 4946 r‘_ran.

809 4885 890 5073 ξ
1492 4955 1656 4998 onum
1674 4942 1790 4995 cdd.

983 5025 1010 5058 υ
1249 5043 1262 5057 ο
2852 5043 2861 5054 .

839 5005 890 5072 4)
915 5007 1137 5072 [terque
1157 5005 1262 5058 alii.
2515 5005 2591 5071 (8)
2617 5005 2741 5056 'I‘tun
2764 5011 2861 5056 uti.

2112 5109 2674 5170 εοιιιιεΝτΑιιιυε.

750 5229 991 5300 ejusdem
1017 5245 1135 5298 cap.
1165 5226 1299 5282 lline
1327 5226 1488 5300 etiam
1520 5223 2101 5300 B.__l_lieronytpus__de
2127 5240 2340 5300 magno

747 5295 1024 5356 sacerdote
1056 5295 1281 5368 idipsum
1309 5298 1438 5354 citat
1466 5313 1551 5368 ep.
1584 5297 1676 5363 25,
1705 5296 1773 5353 de
1801 5295 1951 5352 obitu
1981 5295 2339 5352 Blasilhe'ad

749 5373 989 5428 I‘aulam.
1025 5371 1163 5426 I'Att.

816 5441 1192 5497 CAI‘.VII|.—
1208 5439 1284 5512 (ει)
1311 5437 1378 5493 Et
1405 5439 1661 5512 Christum
1683 5439 2050 5512 qttident__virgo
2068 5439 2218 5494 enixa
2238 5448 2337 5512 ru,

745 5516 898 5568 sentcl
915 5523 1135 5581 nuptura
1162 5509 1272 5582 post
1289 5521 1507 5579 partum.
1525 5509 1670 5582 IIane
1688 5509 2004 5582 Tertulliani
2021 5510 2338 5582 sententiam

743 5580 1003 5639 ttSscrctiti
1031 5580 1273 5638 llelvidio
1293 5589 1475 5652 contra
1498 5583 1630 5636 dixit
1659 5581 2029 5652 llieronynms,
2054 5580 2117 5652 Et
2133 5580 2206 5652 de
2220 5580 2339 5634 Ter-

743 5657 955 5708 tttlliano
971 5655 1191 5724 quidem,
1207 5651 1392 5722 inquit,
1402 5652 1529 5724 nihil
1547 5653 1766 5722 amplius
1780 5651 2077 5724 dictamnum
2099 5651 2339 5706 Ecclesia:

747 5722 1000 5781 hominem
1023 5741 1122 5779 non
1146 5722 1528 5796 fitilw.9ttlbl_l_8
1549 5724 1728 5796 verbis
1745 5723 2333 5796 sigtiillcatScptimium

743 5798 999 5851 nonnulla
1015 5793 1292 5865 scripsisse
1305 5793 1588 5850 Catholicis
1601 5793 1820 5849 minime
1831 5795 2332 5865 consentaneaﬁie.

813 5868 891 5926 th)
929 5870 1093 5934 ριυηη
1125 5864 1277 5920 unam
1323 5881 1451 5918 unus
1505 5865 1758 5919 tumcuius
1801 5866 1952 5918 norit.
2008 5864 2148 5919 Istud
2201 5869 2335 5920 forte

739 5954 768 5997 c
819 5939 972 5994 I'ami
1020 5938 1110 5994 ltb.
1157 5937 1222 6005 .\',
1262 5952 1309 5994 c.
1353 5936 1418 5994 SI
1459 5936 1671 6008 accipit,
1701 5934 1796 5994 sed
1825 5936 2016 5993 falsum
2058 5951 2177 5993 case
2221 5945 2326 5993 tes-

2449 5235 2631 5280 tantur
2656 5239 2834 5280 rerum
2859 5225 3178 5280 naturalium
3196 5223 3486 5294 diligentes
3508 5221 3777 5278 historici.
3815 5221 3896 5278 LE
3930 5222 4020 5278 Pa.

2527 5299 2601 5366 (c)
2635 5295 2702 5351 Ut
2761 5296 3048 5350 adulterum
3095 5296 3326 5351 ostendat
3397 5310 3717 5348 numerosum
3787 5300 4055 5346 maritum.

2447 5365 2589 5422 Ismd
2621 5368 2686 5421 ad
2719 5370 2945 5422 lneresin
2977 5369 3203 5433 pertinet
3228 5366 3463 5421 Montani
3492 5381 3505 5427 ;
3533 5381 3639 5433 quo
3687 5369 3745 5418 lit
3789 5375 3848 5419 ut
3893 5369 4055 5420 etiam

2445 5438 2936 5509 detorqueatverba
2958 5436 3156 5494 Christi
3199 5437 3264 5491 ad
3309 5437 3687 5509 samaritanam
3731 5436 3942 5509 Joauti.
3972 5436 4055 5497 IV,

2445 5508 2511 5563 ad
2564 5507 2826 5564 secundas
2868 5512 3098 5579 nuptias.
3141 5523 3262 5564 cum
3294 5519 3470 5562 tamen
3500 5507 3586 5561 ille
3617 5507 3870 5579 loquatur
3905 5508 3973 5561 de.
3998 5522 4058 5560 eo

2444 5581 2534 5662 qui
2581 5581 2886 5662 adhazrebat
2919 5577 3004 5662 illi
3047 5597 3150 5635 nnu
3209 5582 3258 5662 in
3310 5579 3506 5661 nuptiis
3532 5619 3547 5641 ,
3595 5579 3692 5631 sed
3732 5577 3790 5662 in
3829 5577 4060 5662 fornica.

2443 5650 2606 5715 tione,
2634 5653 2785 5706 sicuti
2817 5652 3128 5722 li.,Augnst.
3183 5659 3238 5705 et
3277 5651 3456 5722 gra-ei‘
3483 5650 3859 5722 commentarii
3903 5652 4060 5722 inter-

2441 5731 2736 5847 pretantur.
2773 5723 2830 5777 ll.
2863 5718 3213 5792 Hieronymus
3239 5735 3360 5775 cum
3415 5719 3591 5776 simile
3617 5718 3745 5843 qpid
3802 5720 4051 5778 dixissiet,

2463 5793 2533 5847 ib.
2568 5793 2606 5847 Ι.
2636 5794 2756 5846 adv.
2800 5794 3002 5847 Jovin..
3038 5805 3218 5847 postea
3251 5791 3463 5847 anolott.
3514 5790 3581 5844 ad
3672 5791 3952 5845 ammath.
3982 5792 4051 5845 sic

2463 5793 2533 5847 ib.
2568 5793 2606 5857 I,
2636 5794 2756 5846 adv.
2800 5794 3002 5857 Joviu.,
3038 5790 3218 5864 postea
3251 5791 3473 5864 apolog._
3514 5790 3581 5844 ad
3630 5790 3952 5864 I‘ammath.
3982 5792 4052 5845 sic

2439 5864 2844 5934 interpretatur,
2872 5875 2927 5918 ut
2977 5861 3082 5918 non
3124 5862 3387 5918 referatur
3412 5861 3476 5915 ad
3504 5865 3815 5934 secundas,
3848 5863 3962 5919 imo
3999 5872 4048 5917 ct

2437 5930 2617 5994 sextos
2639 5930 2877 6009 nuptias,
2898 5935 2990 5993 scd
3016 5935 3082 5992 ad
3109 5933 3471 6007 prostitutam.
3503 5930 3639 5989 I’tut.
