4220 6492
808 410 914 469 963

2265 416 2490 474 ΤΕΒτύ
2503 417 2720 476 LLIANI

4006 426 4110 482 9-H

807 529 1019 598 iugibus
1063 527 1356 596 defunctis,
1387 532 1510 602 quia
1538 544 1643 588 non
1685 532 1792 588 erit
1833 533 2102 589 restitutio
2143 533 2396 606 conjugii.
2429 540 2478 598 Α
2507 535 2758 589 maluisti.
2813 533 2938 590 llaec
2970 533 3213 606 Psyehiei
3259 534 3441 590 volunt
3469 535 3783 607 Apostolum
3813 536 4103 608 probasse,

807 624 1001 694 Atquin
1029 640 1093 679 eo
1125 627 1295 696 magis
1329 627 1646 694 tenebimur,
1677 628 1798 697 quia
1825 628 1874 682 in
1899 628 2174 684 meliorem
2202 639 2398 683 statum

802 717 1172 786 destinantur,
1229 721 1580 775 resurrecturi
1629 720 1680 774 in
1733 722 1975 791 spiritale
2025 723 2392 787 consortium,

2509 642 2596 684 attt
2619 631 2670 685 in
2698 639 2865 685 totttm
2890 645 2995 686 non
3036 632 3380 701 recogitasse,
3413 646 3534 686 cum
3567 632 3828 687 scriberet
3862 650 3875 684 :
3925 631 4109 686 Mulier

2506 727 2670 779 cinctu
2700 737 2772 780 est
2800 727 2850 780 in
2877 736 3121 795 quantum
3161 726 3400 795 temporis
3439 726 3558 780 vivit
3595 725 3668 778 vir
3695 728 3845 796 ejus;
3877 730 3922 780 si
3945 737 4108 778 autem

799 810 1026 878 agtsitttri
1059 820 1162 864 tam
1197 811 1572 880 nosmetipsm,
1595 826 1751 882 quam
1781 823 1834 868 et
1860 815 2420 882 IIOSII'OS.CEI!ICI‘UIII,\
2503 828 2732 871 mortuus
2764 817 2918 887 fuerit
2943 860 2958 883 ,
2991 817 3150 872 libera
3176 827 3246 872 est
3276 833 3294 872 :
3321 819 3404 872 cui
3442 818 3578 883 vult,
3604 820 3760 872 nubat
3776 834 3796 881 ;
3831 829 4036 871 (initum
4060 819 4107 870 in

797 903 1072 972 quomodo
1098 905 1296 974 gratias
1327 905 1438 961 Deo
1467 907 1520 960 in
1564 916 1824 962 atternutn
1866 923 2154 976 canemus,
2198 910 2238 964 si
2289 927 2393 964 non

797 997 1033 1051 manebit
1063 999 1114 1052 in
1147 998 1298 1053 nobis
1323 1013 1514 1054 sensus
1544 1010 1599 1055 et
1638 1001 1892 1055 memoria
1935 1001 2097 1055 debiti
2129 1003 2320 1071 hujus?
2348 1004 2390 1057 si

795 1091 1123 1157 substantia,
1151 1108 1256 1146 non
1287 1093 1617 1149 conscientia
1647 1093 2091 1151 relormabimur?
2135 1096 2273 1167 Ergo
2303 1095 2390 1166 qui

791 1198 913 1238 cum
948 1183 1056 1240 Deo
1086 1184 1318 1252 erimus,
1368 1187 1523 1240 simul
1573 1187 1814 1254 erimus,
1863 1189 1989 1242 dmn
2038 1204 2224 1244 omnes
2251 1191 2388 1258 apud

794 1277 960 1331 Ileum
1003 1292 1163 1330 unum
1193 1276 1341 1347 (licet
1372 1293 1577 1334 merces
1609 1279 1781 1345 varia,
1818 1280 1942 1334 licet
1971 1279 2080 1351 (Jo.
2119 1281 2228 1336 XIV
2263 1323 2274 1345 ,
2307 1281 2364 1353 ‘2)

790 1371 966 1423 nmllte
1016 1371 1302 1426 mansiones
1360 1388 1510 1440 penes
1569 1384 1760 1442 putrem
1790 1373 2042 1444 eumdem)
2077 1391 2181 1428 uno
2219 1376 2386 1431 dena-

786 1463 867 1516 rio
896 1461 1135 1532 ejusdem
1164 1464 1429 1520 mercedis
1457 1467 1660 1533 Operati
1681 1508 1695 1533 ,
1731 1467 1782 1520 id
1811 1477 1890 1521 cst
1915 1468 2035 1522 vita:
2069 1477 2306 1536 reternac,
2334 1471 2384 1524 in

784 1568 888 1621 qua
925 1554 1090 1624 magis
1122 1571 1226 1608 non
1257 1556 1528 1626 separabit
1559 1572 1695 1626 quos
1722 1558 2002 1628 conjunxit
2032 1559 2191 1624 Deus,
2223 1577 2382 1632 quant

787 1645 841 1699 in
870 1647 967 1700 ista
1000 1647 1206 1703 minore
1239 1649 1342 1701 vita
1371 1650 1609 1718 separari
1645 1659 1806 1705 vetat.
1838 1652 1969 1706 Cum
2004 1655 2117 1708 tunc
2143 1654 2211 1707 ita
2239 1655 2379 1719 sint,

783 1741 1055 1809 quomodo
1081 1741 1172 1795 alii
1205 1743 1320 1796 viro
1349 1744 1578 1809 vacabit,
1613 1761 1732 1814 quae
1759 1761 1856 1799 suo
1884 1746 2043 1801 etiam
2070 1749 2120 1802 iit
2145 1749 2378 1802 futurum

781 1843 1037 1902 occupata
1067 1836 1188 1889 est?
1219 1834 1440 1907 Utrique
1469 1847 1644 1893 autem
1691 1840 1838 1894 sexui
1872 1841 2156 1911 loquimur,
2187 1843 2284 1897 etsi
2313 1843 2378 1898 ad

2505 909 2722 965 Domino
2757 913 2773 980 (
2807 913 2829 966 l
2865 912 2984 967 Cor.
3012 911 3134 977 VII,
3163 911 3279 982 59).
3327 911 3406 966 Ex
3436 911 3538 966 hoc
3559 912 3700 967 enim
3727 912 3966 981 capitulo
4013 913 4107 966 de-

2500 1003 2724 1061 fenduut
2755 1006 3026 1060 licentiam
3075 1004 3297 1060 secundi
3355 1007 3708 1069 matrimonii,
3743 1005 3851 1058 imo
3898 1016 3954 1059 et
3997 1006 4107 1072 plu-

2499 1097 2646 1162 rimi,
2680 1099 2723 1153 si
2756 1099 2975 1153 secundi
3001 1115 3015 1149 :
3047 1096 3190 1165 quod
3215 1097 3355 1151 enim
3383 1096 3550 1151 semel
3578 1111 3699 1150 esse
3723 1096 3923 1160 desiit,
3955 1116 4102 1149 tt.tttt|

2497 1187 2789 1242 obnoxium
2821 1200 2902 1244 est
2931 1203 3179 1243 munero.
3235 1189 3353 1255 Quo
3377 1197 3552 1243 autem
3600 1203 3759 1242 sensu
3807 1189 4103 1256 Apostolus

2494 1280 2798 1348 scrip~erit,
2835 1281 2905 1334 ita
2937 1280 3230 1344 relucebit,
3286 1281 3330 1334 si
3381 1278 3528 1350 prius
3569 1287 3815 1341 constet,
3853 1297 3962 1331 non
4008 1281 4104 1334 hoc

2494 1372 2638 1426 illum
2668 1387 2828 1428 sensu
2855 1374 3166 1443 scripsisse,
3196 1388 3302 1443 quo
3334 1371 3574 1444 Psycbici
3607 1381 3847 1426 utuntur.
3881 1372 4105 1425 (jurist:-

2492 1462 2568 1516 bit
2596 1476 2801 1529 autem,
2833 1465 2878 1520 si
2924 1465 3044 1534 quis
3085 1479 3148 1519 ea
3193 1464 3524 1530 recordetur,
3559 1479 3679 1534 qua:
3706 1463 3830 1519 huic
3858 1466 4098 1533 capitulo

2489 1554 2700 1611 diversa
2723 1566 2848 1611 sunt
2873 1569 2928 1611 et
2956 1556 3092 1627 apud
3124 1555 3462 1623 doctrinam,
3492 1555 3698 1627 etapud
3732 1558 4098 1622 voluntatem,

2489 1658 2544 1704 et
2572 1650 2715 1720 apud
2748 1652 3017 1722 propriam
3062 1652 3227 1722 ipsius
3277 1651 3427 1706 Pauli
3470 1652 3827 1722 disciplinam.
3862 1654 3919 1708 Si
3957 1656 4099 1710 enini

2488 1742 2754 1798 secundas
2779 1745 2992 1814 nuptias
3014 1745 3274 1814 permittit
3299 1745 3404 1814 (5),
3429 1761 3548 1814 qua:
3575 1745 3644 1799 ab
3670 1744 3824 1800 initio
3855 1765 3964 1800 non
3993 1747 4102 1803 l’ue-

2488 1845 2642 1900 runt,
2676 1835 2946 1906 quomodo
2977 1836 3222 1891 adlirmat
3269 1837 3447 1892 omnia
3477 1838 3544 1893 ab
3598 1838 3802 1892 initium
3854 1841 4098 1908 γετί-υἱιὶεὶ

773 1927 1005 1981 alterum
1029 1943 1204 1982 sermo
1226 1939 1336 1993 est;
1366 1930 1483 1999 quia
1516 1945 1618 1984 una
1643 1929 1922 2001 disciplina
1949 1945 2170 2003 prtnest.
2198 1937 2373 1989 Alium
2409 1941 2454 2000 Β
2485 1926 2536 1979 ill
2582 1926 2832 1981 CllriSIO?
2878 1927 2934 1982 Si
2977 1927 3088 1982 \llll
3130 1942 3227 1981 IIOS
3279 1928 3474 1983 ilel‘al‘c
3499 1931 3768 1999 coniugia,
3819 1932 4100 1999 quomodo

778 2017 993 2072 habebit
1027 2019 1078 2072 in
1111 2020 1332 2089 spiritu,
1381 2021 1543 2074 aliunt
1577 2022 1628 2075 in
1659 2025 1855 2076 carne?
1885 2022 1996 2078 Hoc
2027 2025 2130 2078 erit
2167 2025 2376 2082 adulteo

773 2111 938 2174 rium,
969 2112 1124 2166 unius
1153 2114 1383 2168 lmminze
1417 2115 1465 2167 in
1495 2114 1627 2167 duos
1656 2117 1798 2169 viros
1824 2117 2168 2172 conscientia.
2206 2121 2260 2174 Si
2292 2121 2376 2175 al-

772 2212 852 2257 ter
881 2223 908 2254 a
941 2219 1103 2259 carne
1134 2205 1430 2275 disjanctus
1451 2215 1532 2262 est
1554 2248 1567 2271 ,
1598 2207 1691 2262 sed
1727 2207 1778 2260 iu
1802 2208 1966 2264 corde
1998 2222 2234 2266 remanet
2267 2213 2368 2282 ti);

767 2295 876 2350 illic
918 2295 1030 2366 (ubi
1063 2297 1222 2350 etiam
1249 2298 1515 2368 cogitatus
1561 2300 1679 2354 sine
1727 2301 1906 2355 carnis
1948 2317 2264 2372 congressu,
2316 2315 2370 2360 et

769 2391 1088 2446 adulti-rium
1117 2403 1241 2448 ante
1283 2393 1490 2462 perlicit
1524 2394 1604 2463 (2)
1635 2411 1698 2450 ex
1731 2397 2185 2464 conetq‘iisccntia,
2214 2400 2289 2467 (ii)
2317 2408 2370 2454 et

767 2484 1167 2539 matrimonium
1219 2501 1288 2539 ex
1339 2484 1653 2554 voluntate)
1707 2501 1877 2555 usipte
1920 2486 2093 2542 adhuc
2149 2490 2369 2544 maritus

769 2585 876 2641 est,
907 2575 984 2646 (li)
1012 2577 1179 2646 ipsum
1213 2575 1340 2630 illud
1375 2576 1673 2646 p05sidens,
1699 2593 1794 2648 per
1819 2578 1960 2648 quod
1983 2590 2032 2633 et
2060 2579 2232 2634 factus
2261 2592 2364 2648 est,

764 2667 923 2722 idest
949 2670 1184 2723 animum
1219 2688 1231 2722 :
1262 2670 1312 2723 in
1343 2686 1449 2740 quo
1476 2671 1519 2724 si
1560 2679 1614 2724 et
1641 2671 1778 2724 alius
1823 2671 2103 2734 habitabit,
2133 2673 2233 2727 hoc
2264 2677 2367 2729 erit

761 2761 986 2815 crimen.
1007 2760 1268 2816 Caeterum
1291 2803 1306 2824 ,
1336 2778 1439 2816 non
1469 2771 1552 2816 est
1590 2763 1857 2826 exclusus,
1889 2764 1982 2817 sia
2011 2765 2195 2820 viliore
2217 2780 2362 2820 eom-

760 2854 964 2908 niercio
994 2855 1170 2909 carnis
1201 2855 1436 2910 decessit
1489 2854 1590 2926 (5).
1627 2855 1950 2910 Ilonoratior
1997 2859 2217 2915 maritus
2248 2869 2358 2926 est,

759 2945 975 3015 quando
1001 2947 1254 3003 mundior
1278 2947 1446 3002 lactus
1471 2958 1575 3002 est.

1373 3040 1599 3097 CAPUT
1641 3041 1728 3097 XI.

827 3133 897 3190 Ut
935 3135 1092 3205 igitur
1119 3135 1170 3190 in
1203 3135 1425 3189 Domino
1455 3135 1534 3203 (4)
1561 3135 1728 3190 nubas
1752 3135 2044 3192 secundum
2075 3137 2270 3209 Legem
2303 3148 2360 3195 et

749 3228 790 3282 Α
807 3228 1070 3295 postolum
1110 3228 1178 3300 (si
1211 3239 1386 3284 tamen
1411 3230 1490 3282 vel
1519 3228 1620 3283 hoc
1650 3229 1854 3298 curas),
1883 3231 2052 3300 qualis
2078 3231 2209 3286 esid
2240 3248 2358 3287 ma-

2484 2033 2668 2072 scmen
2696 2027 2939 2072 nostrum
2969 2019 3020 2073 in
3063 2019 3210 2074 Isaac
3237 2020 3404 2075 semel
3435 2022 3625 2075 marito
3647 2031 3872 2077 auctore
3903 2023 4094 2078 delen-

2479 2107 2594 2162 dit?
2617 2109 2896 2176 Quomodo
2922 2120 3092 2165 totum
3119 2109 3362 2167 ordinem
3385 2111 3642 2168 Ecclesia:
3665 2113 3730 2168 de
3753 2118 4095 2184 nionngamis

2477 2201 2745 2272 disponit,
2794 2203 2840 2257 si
2887 2219 2992 2258 non
3016 2203 3130 2259 haec
3156 2203 3438 2274 disciplina
3479 2205 3736 2274 praecedit
3791 2208 3844 2260 in
3910 2209 4092 2275 Locis,

2475 2313 2540 2353 ex
2573 2297 2768 2367 quibus
2797 2296 3052 2353 Ecclesia:
3081 2297 3214 2353 ordo
3241 2297 3484 2368 proﬁcit?
3507 2297 3790 2365 Quomodo
3818 2301 3871 2354 in
3901 2303 4092 2355 matri-

2475 2391 2656 2443 monio
2681 2388 2857 2444 adhuc
2883 2390 3085 2460 positos
3116 2404 3146 2443 a
3189 2389 3361 2445 l'ructu
3385 2391 3712 2446 matrimonii
3740 2405 3937 2447 avocat
3961 2437 3974 2456 ,
4008 2394 4088 2447 di-

2473 2495 2602 2534 cens
2648 2480 2698 2534 in
2743 2480 2975 2536 collecto
3003 2494 3124 2536 esse
3153 2488 3364 2550 tempus
3385 2523 3398 2547 ,
3430 2481 3473 2534 si
3499 2496 3594 2553 per
3623 2493 3862 2538 mortem
3899 2487 4090 2540 matri.

2474 2573 2654 2626 monio
2725 2572 2938 2642 elapsos
2997 2573 3188 2628 iterum
3255 2576 3305 2626 in
3357 2574 3762 2629 matrimonium
3817 2581 4077 2632 revocat?

2473 2666 2599 2721 llmc
2627 2667 2671 2720 si
2706 2666 2915 2721 diversa
2941 2675 3068 2722 sunt
3109 2667 3158 2722 ei
3191 2667 3455 2735 capitulo,
3483 2666 3553 2723 de
3580 2682 3686 2738 quo
3714 2669 3914 2740 agitur,
3951 2687 4080 2726 con.

2469 2757 2669 2823 stabit,
2699 2768 2755 2811 ut
2781 2757 3048 2821 diximus,
3077 2771 3181 2811 non
3215 2757 3315 2810 hoc
3359 2757 3506 2811 illum
3546 2772 3710 2813 sensu
3752 2761 4078 2828 scripsisse.

2474 2866 2582 2921 quo
2615 2850 2855 2920 Psychici
2905 2858 3141 2905 utuntur.
3183 2849 3318 2918 Quia
3368 2849 3576 2905 facilius
3609 2861 3726 2918 est,
3759 2860 3820 2906 ut
3847 2854 4084 2922 aliquam

2470 2944 2731 2998 rationem
2755 2943 2951 2998 habeat
2972 2957 3134 2996 unum
3166 2941 3294 2996 illud
3322 2943 3636 3012 capitulum,
3666 2959 3786 3013 qua:
3815 2960 3941 2998 ουιη
3975 2963 4077 2998 ειε-

2468 3037 2596 3090 teris
2623 3034 2827 3104 sapiat,
2859 3049 3016 3103 quam
3050 3041 3106 3086 ιιι
3149 3032 3440 3102 Apostolus
3469 3032 3683 3088 diversa
3712 3034 3856 3089 inter
3895 3051 3960 3090 se
3981 3036 4076 3090 do-

2464 3127 2641 3181 cuisse
2670 3127 2932 3180 videatur.
2968 3123 3099 3177 Eam
3134 3124 3394 3178 rationem
3427 3125 3480 3178 in
3512 3125 3625 3194 ipsa
3657 3125 3881 3180 materia
3918 3138 4076 3194 pote-

2464 3219 2628 3272 rimus
2658 3231 3062 3287 recognoscere.
3113 3216 3241 3282 Quae
3270 3216 3369 3271 ista
3403 3218 3625 3271 materia
3669 3219 3934 3287 ApOs-tolu
3977 3219 4080 3272 ruit

753 3320 1062 3374 trimonium
1110 3320 1416 3388 postulans,
1464 3320 1603 3389 quod
1649 3321 1728 3374 eis
1765 3337 1794 3374 a
1835 3323 2028 3390 quibus
2077 3325 2352 3392 postulas,

2464 3310 2735 3366 scribendi
2779 3310 2938 3363 talia?
2967 3308 3312 3379 Tyroeiniutn
3363 3324 3521 3364 nove
3567 3319 3622 3364 et
3663 3323 3784 3363 cum
3838 3311 4078 3366 tiiaxime

753 3427 858 3465 non
891 3413 1015 3466 licet
1045 3411 1282 3476 habere;
1313 3411 1380 3465 ab
1407 3412 1666 3482 episeopo
1691 3428 2032 3483 monogamo,
2055 3416 2126 3484 (c)
2149 3431 2176 3468 a
2202 3432 2350 3484 pres-

749 3503 954 3572 byteris
1001 3512 1054 3555 et
1099 3501 1342 3557 diaconis
1387 3502 1626 3571 ejusdem
1677 3505 2032 3568 sacramenti,
2080 3521 2107 3558 a
2141 3506 2347 3572 viduis,

747 3613 971 3666 quarum
1000 3605 1199 3651 sectam
1245 3597 1297 3650 in
1341 3605 1392 3651 te
1421 3597 1718 3651 recusasti?
1750 3597 1831 3666 (il)
1865 3596 1930 3651 Et
1961 3598 2032 3652 illi
2066 3599 2226 3669 plane
2270 3602 2349 3657 sic

751 3687 951 3741 dabunt
973 3687 1114 3742 viros
1143 3697 1196 3742 et
1227 3703 1440 3750 uxores,
1460 3688 1726 3757 quomodo
1755 3690 2042 3744 bucet-llas.
2069 3690 2179 3745 lloc
2201 3694 2345 3748 enim

745 3789 834 3834 est
873 3778 1010 3848 apud
1063 3779 1182 3834 illos
1216 3795 1228 3830 :
1263 3779 1417 3832 Omni
1448 3781 1635 3848 petenti
1663 3790 1706 3832 te
1733 3780 1898 3833 dabis.
1933 3781 1995 3834 Iit
2021 3782 2344 3854 conjnngcnt

749 3886 843 3922 vos
871 3870 922 3923 in
957 3868 1193 3923 Ecclesia
1227 3869 1465 3938 virgine,
1497 3869 1652 3922 unius
1694 3869 1891 3924 Christi
1938 3872 2088 3926 unica
2122 3887 2338 3941 sponsa.

746 3962 813 4017 Iit
841 3961 1024 4016 orabis
1057 3977 1151 4032 pro
1190 3961 1395 4016 maritis
1429 3962 1533 4016 tuis
1554 4001 1568 4027 ,
1603 3977 1741 4015 novo
1766 3971 1818 4016 et
1851 3973 2046 4018 vetere.
2080 3963 2226 4035 Elige
2255 3967 2338 4020 cui

745 4066 797 4112 te
823 4057 1122 4111 adultemn:
1151 4067 1394 4125 prmstes.
1424 4055 1576 4120 Puto,
1597 4055 1876 4110 ambobus.
1903 4056 2053 4123 Quod
2073 4058 2114 4111 si
2139 4060 2335 4127 Sapias,

743 4159 920 4202 taceas
951 4145 1218 4202 defuncto.
1249 4146 1549 4216 Repudium
1599 4149 1666 4200 sit
1716 4147 1788 4200 illi
1841 4147 2109 4202 silentium
2167 4160 2336 4216 tuum,

742 4239 932 4294 alienis
967 4238 1035 4309 (ρ)
1075 4238 1183 4308 jatn
1213 4237 1478 4293 dotalibus
1523 4238 1799 4304 scriptum.
1828 4237 1938 4291 Iloe
1961 4239 2118 4294 modo
2141 4256 2333 4298 novum

744 4330 1134 4402 promereberis
1162 4331 1439 4392 maritum,
1473 4328 1515 4382 si
1549 4329 1742 4382 veteris
1774 4328 2129 4384 obliviscaris.
2161 4332 2332 4389 Debes

743 4427 912 4499 magis
963 4427 1037 4482 illi
1083 4428 1311 4498 placere,
1359 4435 1577 4498 propter
1620 4440 1776 4496 quem
1827 4426 1934 4481 Deo
1978 4427 2186 4496 placere
2227 4446 2332 4485 non

2455 3404 2681 3460 orientis
2713 3403 2992 3468 Ecclesiae,
3023 3417 3182 3471 quant
3215 3401 3350 3456 Iacto
3379 3402 3584 3456 scilicet
3611 3401 3895 3466 educabat,
3934 3420 4077 3457 non-

2455 3496 2578 3552 dum
2601 3495 2767 3550 solido
2798 3493 2906 3548 cibo
2952 3496 2968 3563 (
2995 3491 3015 3546 Ι
3048 3491 3164 3547 Cor.
3198 3491 3281 3562 Ill)
3311 3491 3578 3548 validioris
3606 3493 3862 3548 doctrina:
3896 3513 3908 3546 :
3936 3494 4078 3550 adeo

2466 3600 2544 3654 ut,
2580 3603 2690 3658 prae
2713 3588 2798 3641 illa
2828 3587 3046 3640 infantia
3079 3585 3224 3650 ﬁdei,
3259 3587 3566 3655 ignorarent
3589 3583 3762 3639 adhuc
3791 3585 3922 3654 quid
3970 3587 4071 3641 sibi

2462 3680 2726 3752 agendum
2771 3687 2914 3734 esset
2966 3679 3106 3733 circa
3155 3677 3332 3732 carnis
3361 3686 3415 3732 et
3445 3691 3607 3732 sexus
3653 3680 4068 3734 necessitatem.

2457 3773 2620 3844 Cujus
2646 3772 2805 3828 etiam
2838 3771 2980 3842 ipsas
3007 3770 3220 3838 Species
3261 3785 3325 3824 ex
3356 3768 3632 3839 rescriptis
3676 3770 4069 3840 intelligimus,

2460 3881 2580 3919 cmn
2609 3864 2738 3920 dicit
2771 3883 2783 3918 :
2817 3862 2890 3915 De
2921 3862 2998 3916 liis
3037 3871 3204 3915 autem
3242 3877 3357 3931 qum
3377 3861 3624 3926 scribitis,
3657 3861 3842 3915 bonum
3863 3876 3941 3916 est
3973 3866 4068 3918 ho-

2446 3961 2568 4014 mini
2599 3958 2861 4011 mulicrem
2906 3972 3006 4010 non
3045 3955 3329 4026 attingere;
3359 3956 3427 4026 (f)
3461 3965 3666 4024 prapter
3694 3957 4066 4026 fornicationes

2443 4065 2631 4119 autem,
2663 4051 3015 4122 unusquisque
3041 4065 3250 4104 uxorem
3274 4065 3420 4103 suam
3448 4051 3626 4104 habeat
3653 4051 3671 4118 (
3699 4048 3714 4103 l
3743 4049 3862 4105 Cor.
3901 4053 4014 4121 VII)
4047 4075 4058 4108 :

2443 4145 2676 4202 ostendit
2700 4145 2861 4199 luisse
2891 4144 2981 4213 qui
3031 4143 3082 4196 in
3127 4143 3472 4197 matrimonio
3493 4157 3523 4196 a
3550 4140 3657 4198 lide
3680 4140 4019 4211 deprehensi
4044 4189 4060 4211 ,

2441 4241 2761 4297 verebantur
2786 4255 2852 4293 ne
2883 4251 2988 4291 non
3019 4235 3206 4291 liceret
3231 4236 3309 4290 eis
3335 4234 3677 4290 matrimonio
3706 4250 3808 4290 suo
3852 4238 4062 4293 exinde

2442 4337 2515 4390 uti
2539 4378 2553 4399 ,
2585 4334 2707 4405 quia
2735 4333 2786 4386 in
2813 4345 3027 4386 carnem
3057 4337 3295 4385 sanctam
3323 4327 3520 4384 Chrisd
3551 4328 3938 4385 credidissent.
3990 4333 4060 4387 Et

2441 4441 2621 4487 tamen
2668 4428 2968 4485 secundum
3005 4426 3216 4483 veniam
3258 4426 3536 4493 concedit,
3587 4441 3696 4483 non
3742 4428 4053 4485 secundum

1937 4539 2316 4599 LECTIONES
2361 4541 2777 4601 VARIANTES.

798 4632 872 4695 (l)
900 4631 1172 4684 Remanent
1195 4642 1342 4684 Frun.

803 4695 876 4758 (ἒ)
902 4696 1156 4746 Perlicitur
1181 4696 1329 4748 Illten.

806 4745 880 4822 ἰδῇ
905 4745 1308 4810 Discessitlt—Iien.
1324 4758 1475 4809 Sentl.
2359 4745 2411 4804 Ῑ)

2497 4637 2514 4696 (
2529 4635 2571 4701 t)
2598 4643 2697 4701 beo
2720 4633 2876 4701 iure»:
2903 4635 3052 4684 Sentl.
3073 4631 3239 4684 Obert.

2497 4694 2571 4762 (ὓ)
2595 4698 2812 4747 Admittit
2828 4694 2894 4747 at.

2106 4844 2673 4902 COMMENTARIUS.

817 4939 890 5007 (ει)
918 4936 984 4991 Et
1010 4937 1386 4992 matrimonium
1415 4951 1477 4991 ea:
1505 4935 1760 5007 voluntate
1781 4976 1795 5000 ,
1822 4943 1925 4990 etc.
1958 4934 2101 4990 Istud
2129 4939 2322 4992 contir-

745 5021 854 5064 mat
875 5006 1221 5064 communem
1260 5019 1471 5078 patrum
1504 5019 1554 5061 et
1584 5006 2078 5061 Jureconsultortnn
2109 5018 2323 5064 senten-

743 5083 892 5143 tiam,
917 5079 1056 5149 quod
1084 5081 1243 5135 etiam
1272 5081 1387 5134 sine
1413 5093 1700 5146 congressu
1724 5079 1898 5132 carnis
1926 5080 2321 5136 matrimonium

742 5153 900 5207 fuerat
933 5153 1172 5205 voluntas
1193 5193 1208 5216 ,
1238 5153 1350 5206 sive
1383 5164 1707 5212 consensus;
1741 5164 1845 5218 quo
1871 5149 2007 5204 adeo
2034 5154 2191 5207 etiam
2224 5153 2322 5206 ad-

742 5225 995 5292 probatur
1024 5223 1084 5276 B.
1123 5221 1350 5291 Virginis
1405 5231 1458 5276 et
1501 5220 1697 5289 Josepli
1745 5222 2139 5275 matrimonium
2182 5224 2321 5292 apud

733 5301 962 5362 August.
997 5294 1086 5347 lib.
1143 5293 1163 5346 ι
1214 5295 1276 5347 de
1321 5302 1463 5358 tmpt.
1512 5301 1558 5344 ct
1592 5292 1880 5358 concttpisc.
1912 5308 2036 5362 cap.
2076 5294 2132 5347 Il
2168 5304 2219 5347 et
2245 5296 2324 5348 di.

735 5361 894 5421 seriis
930 5367 1104 5419 verbis
1128 5365 1289 5418 etiam
1318 5363 1440 5417 illud
1471 5363 1754 5416 adlirmant
1781 5362 1839 5414 li.
1869 5361 2144 5432 (lhrysost.
2173 5366 2316 5417 hom.

736 5437 806 5492 ‘52
858 5433 1023 5506 operis
1068 5435 1192 5504 imp.
1239 5443 1292 5490 et
1333 5434 1395 5506 Β,
1425 5435 1738 5506 Ambrosius
1785 5433 1876 5506 lib.
1919 5435 1981 5486 de
2018 5436 2176 5488 instit.
2221 5438 2319 5489 vir-

733 5511 866 5577 gin.,
891 5503 899 5506 ⁷
923 5521 972 5560 c.
1026 5507 1121 5577 16;
1157 5521 1338 5562 verum
1376 5503 1498 5559 inde
1524 5519 1629 5560 non
1659 5505 1901 5575 sequitur
1931 5506 2070 5574 quod
2108 5507 2317 5576 prwtni-

727 5576 798 5633 Sit
820 5582 1040 5632 Auctor.
1073 5576 1206 5630 Pint.

801 5650 880 5719 (b)
913 5648 935 5701 Ι
946 5665 1092 5714 psunt
1111 5647 1240 5702 illud
1265 5648 1524 5716 possidens
1551 5663 1640 5717 per
1663 5649 1797 5716 quod
1826 5657 1872 5701 et
1898 5651 2061 5717 factus
2099 5657 2174 5702 est
2201 5665 2314 5702 ma-

726 5723 857 5775 ritus
877 5762 892 5786 ,
925 5720 978 5772 id
1007 5730 1079 5772 est
1104 5720 1352 5772 animum.
1397 5719 1630 5785 Etenim,
1666 5729 1721 5771 ttt
1750 5719 1898 5772 aiunt
1917 5719 2306 5787 jurisconsulti,

725 5794 937 5859 nuptias
964 5803 1257 5845 consensus
1287 5791 1428 5855 l'aeit,
1460 5805 1563 5843 non
1588 5789 1920 5844 concubitus.
1954 5789 2072 5845 Rue.

797 5863 946 5915 ων.
980 5860 1068 5915 XI.
1095 5861 1247 5930 ——(t-)
1279 5862 1317 5912 Α
1380 5863 1677 5930 presbyteris
1724 5872 1768 5911 et
1816 5862 2041 5914 (linconis
2087 5864 2312 5929 eiusdem

721 5934 1042 5990 sacramenti.
1079 5932 1188 5988 llot:
1218 5941 1316 5993 est,
1345 5931 1686 6002 Monogatttis.
1716 5931 1790 5986 Lt;
1825 5933 1913 5986 I'tt.

2503 4939 2581 5007 (d)
2604 4939 2666 4992 l'lt
2695 4938 2771 4991 illi
2799 4937 2952 5006 plane
2970 4935 3042 4989 sic
3068 4933 3261 4988 dabunt
3291 4934 3510 5007 viros_et
3553 4948 3738 5007 uigores
3778 4939 4045 5003 quomodo

2429 5004 2698 5063 buccell'ts.
2744 5004 3001 5062 (lintribus
3023 5006 3229 5060 scilicet
3249 5004 3570 5073 petentibus.
3593 5005 3756 5073 Quasi
3780 5011 3958 5064 etiam
3973 5013 4040 5064 de

2430 5082 2680 5150 coniugio
2700 5080 2764 5133 sit
2794 5078 2997 5150 dictum
3032 5077 3201 5150 illud,
3240 5077 3393 5150 Omni
3421 5077 3605 5145 petenti
3634 5087 3681 5130 te
3710 5078 3860 5150 dato,
3891 5082 4039 5150 quod

2429 5147 2581 5207 suum
2599 5147 2809 5205 habere
2851 5149 3062 5204 titulum
3105 5149 3168 5200 ad
3213 5147 3613 5218 eleemosynam
3661 5147 4038 5217 pertinentem

2428 5227 2500 5277 ait
2531 5227 2668 5277 libro
2708 5223 2772 5274 de
2801 5222 3070 5288 baptismo.
3107 5218 3289 5288 Itaque
3324 5217 3413 5273 hic
3439 5217 3618 5274 verbis
3647 5219 3900 5275 honestis
3935 5240 4036 5278 ne-

2427 5298 2665 5362 quiorem
2687 5293 3039 5362 siguilieatnm
3071 5289 3808 5362 involvit,quemadmodum
3839 5293 3896 5344 in

2430 5359 2656 5418 lomonis
2684 5359 2978 5432 proverbiis
3001 5362 3224 5430 legimus
3253 5377 3266 5412 :
3300 5359 3391 5415 Sic
3410 5370 3487 5432 est
3515 5361 3598 5432 gia
3624 5362 3861 5415 mulieris
3880 5367 4034 5419 adul-

2427 5447 2576 5500 lt’l'tL’,‘
2606 5429 2840 5497 comedit,
2870 5444 2916 5486 et
2955 5429 3183 5503 tergitos
3207 5447 3377 5503 suum.
3409 5429 3487 5484 LE
3515 5429 3612 5486 Pa.

2498 5508 2577 5577 (e)
2601 5508 2791 5561 Alienis
2812 5507 2927 5576 jam
2955 5501 3164 5577 dotatib.
3201 5501 3405 5577 Dotalia
3434 5504 3626 5572 grwcis
3661 5507 3748 5577 ἐξω
3761 5512 3947 5570 τρέιια
3976 5517 4032 5561 ct

2425 5573 2697 5650 “his.”
2738 5573 3086 5650 qua:_tnttlier
3113 5582 3304 5642 prater
3329 5573 3510 5628 dotem
3543 5576 3907 5629 constitutam
3941 5596 4028 5633 se-

2421 5645 2541 5703 cuin
2559 5645 2742 5705 'all'ert.
2757 5645 2848 5703 Ls
2869 5645 2964 5700 Pa.

2493 5720 2558 5791 (ί)
2584 5719 2799 5788 Propter
2819 5716 3202 5790 fornicationes.
3225 5713 3309 5791 Ad
3325 5713 3548 5771 verbum
3573 5716 3856 5791 transtulit
3874 5720 4027 5789 quod

2415 5785 2590 5861 graece
2612 5785 2798 5846 est'aiti
2819 5785 2868 5844 δὲ
2895 5794 2978 5861 τᾲς
3009 5797 3257 5857 πορνείας
3291 5785 3492 5861 in”un
3533 5785 4028 5861 etiam_Aut:t6rem

2417 5855 2651 5916 imitatus
2703 5873 2778 5914 est
2814 5862 2869 5914 lt.
2903 5855 3290 5929 Hieronymus,
3325 5855 3419 5912 lib.
3467 5855 3488 5911 l
3527 5857 3652 5913 adv.
3695 5859 3908 5928 Jo\'iu.,
3946 5874 4028 5918 ter

2415 5945 2685 6005 quaterve.
2715 5934 2844 5988 I’All.
