4220 6492
755 375 816 432 9ιΙ
827 373 859 431 7

2122 371 2586 433 TERTULLIANI

3945 369 4046 428 918

755 493 931 560 tibus;
977 498 1032 548 et
1075 489 1128 549 in
1175 489 1395 564 primis,
1438 504 1506 548 an
1543 490 1710 565 ipsius
1748 491 1988 566 Apostoli
2033 501 2086 549 et
2127 492 2351 549 consilio
2379 494 2425 552 Α
2456 489 2806 560 monogamim
2849 488 2917 547 de
2960 489 3226 562 episcopis
3267 487 3491 556 factam,
3539 488 3733 548 recede
3779 497 3836 547 et
3889 506 3918 544 a
3965 505 4049 546 rc-

756 587 974 656 proprio
1013 595 1270 657 congruat
1335 596 1390 642 et
1455 588 1696 643 instituto
1738 603 1752 641 :
1810 587 1937 642 nihil
1980 588 2122 642 enim
2164 597 2345 640 custo-

753 676 1004 732 diendum
1031 687 1133 745 est,
1161 694 1412 750 quamne
1451 679 1696 736 diversus
1741 681 1838 735 s'bi
1887 683 2004 750 quis
2043 679 2118 751 (l)
2147 679 2342 751 depre-

754 770 1033 827 bendatur.

1348 866 1574 922 CAPUT
1620 865 1735 921 XII.

824 961 860 1010 Α
872 956 957 1012 udi
980 965 1034 1013 et
1048 957 1447 1014 subtilissimam
1474 976 1501 1013 c
1523 959 1792 1013 contrario
1808 958 2340 1029 argumentationem.

755 1048 925 1115 Adeo,
962 1050 1224 1119 inquittnt,
1273 1051 1515 1119 permisit
1561 1051 1850 1122 Apostolus
1890 1051 2083 1105 iterare
2136 1065 2342 1105 comm-

751 1139 918 1206 bium,
963 1153 1022 1196 ut
1065 1142 1212 1205 solos
1248 1143 1337 1214 qui
1383 1143 1585 1197 suntin
1619 1145 1784 1206 clero,
1827 1145 2178 1212 monogamia:
2215 1142 2343 1212 jugo

745 1231 1124 1288 adstrinxerit:
1179 1235 1319 1302 quod
1372 1237 1513 1290 enim
1566 1234 1882 1304 quibusdam
1927 1235 2241 1302 prazscrihit,
2290 1234 2340 1288 id

747 1339 852 1377 non
919 1326 1169 1380 omnibus
1232 1327 1551 1394 prmscribit.
1609 1327 1874 1396 Numquid
1921 1341 2049 1396 ergo
2093 1335 2145 1381 ct
2197 1326 2339 1396 quod

745 1417 995 1471 omnibus
1046 1419 1320 1488 prmcipit,
1367 1420 1498 1474 solis
1538 1419 1804 1490 episcopis
1852 1435 1956 1474 non
2006 1420 2335 1488 praescribit;

744 1511 788 1564 si
836 1512 974 1578 quod
1015 1511 1282 1580 episcopis
1324 1512 1638 1581 praiseribit,
1673 1529 1778 1567 non
1816 1524 1868 1567 et
1908 1512 2156 1566 omnibus
2198 1528 2336 1582 prse-

742 1603 907 1670 eipit?
943 1605 1022 1658 An
1055 1603 1174 1658 ideo
1205 1604 1474 1670 omnibus,
1518 1605 1639 1676 quia
1687 1614 1741 1659 et
1781 1605 2084 1675 episcopis?
2124 1613 2179 1659 et
2218 1604 2338 1659 ideo

743 1695 1029 1766 episeopis,
1075 1698 1195 1768 quia
1228 1708 1281 1754 et
1322 1699 1607 1755 erunibus?
1648 1699 1802 1756 Unde
1839 1700 1978 1754 enim
2017 1700 2251 1769 episcopi
2282 1710 2337 1754 et

750 1788 957 1842 clerus?
1006 1805 1182 1846 nonne
1232 1790 1298 1845 de
1341 1791 1624 1847 omnibus?
1668 1791 1722 1848 Si
1759 1807 1867 1846 non
1904 1806 2092 1846 onmes
2144 1805 2334 1846 mono-

2455 584 2613 652 liquis
2659 584 2824 637 titulis
2861 582 3180 653 disciplima,
3226 583 3313 652 qui
3358 598 3480 639 cum
3529 584 3869 654 monogamia
3912 584 4050 652 epis-

2449 678 2597 745 eopis
2617 676 3010 731 adscrilmntur.
3039 676 3156 732 Noli
3183 692 3305 732 esse
3333 677 3806 748 irrepreltensibilis,
3831 677 4046 743 sobrius,

2453 771 2574 822 bene
2617 779 2862 831 moratus,
2901 769 3188 838 hospitalis,
3230 769 3488 834 docibilis;
3527 771 3648 840 quin
3693 787 3810 824 vero
3854 781 3900 823 et
3941 771 4047 824 riuo

2447 863 2717 928 deditus,et
2736 878 2886 915 manu
2910 873 3174 933 promptus
3195 861 3261 914 ad
3281 862 3646 924 caedendum,et
3672 861 4044 933 pugnaxUO),

2448 964 2493 1007 et
2537 954 2763 1022 pecunia:
2786 970 2990 1018 mnam,
3023 962 3069 1006 et
3097 953 3303 1007 domum
3332 970 3434 1006 non
3465 968 3663 1023 regens,
3706 969 3799 1007 nec
3823 954 4049 1020 ﬁliorum

2446 1063 2629 1100 curans
2650 1046 2992 1117 disciplinain,
3035 1046 3122 1100 sed
3152 1063 3242 1100 nec
3269 1045 3329 1099 ab
3359 1047 3614 1101 extraneis
3642 1048 3825 1100 bonam
3857 1046 4048 1115 fatuam

2445 1149 2638 1194 sectans
2683 1138 2743 1211 (Ι
2789 1138 2923 1192 Tim.
2965 1139 3050 1204 Ill,
3095 1138 3168 1202 Ξ.
3219 1155 3355 1208 seqq.
3384 1137 3427 1210 ).
3461 1139 3516 1193 Si
3562 1138 3704 1194 enim
3751 1153 3906 1192 suam
3949 1138 4045 1192 ba-

2447 1231 2571 1285 bvnt
2642 1231 2877 1300 episcopi
2934 1232 3104 1302 legem
3173 1232 3314 1286 circa
3378 1231 3799 1300 tnonogamiatn,
3884 1231 4044 1285 etiam

2443 1331 2635 1376 (cetera
2649 1339 2766 1393 qua:
2794 1324 3144 1393 monogamia:
3169 1323 3426 1378 accedere
3449 1323 3741 1392 Oportebit,
3771 1325 4041 1393 episcopis

2442 1423 2599 1470 erunt
2641 1416 2858 1483 scripta.
2907 1414 3082 1469 Laieis
3125 1429 3275 1480 vero,
3335 1415 3488 1485 queis
3540 1415 3897 1484 monogamia-
3941 1430 4042 1470 non

2441 1507 2720 1570 convenit,
2769 1514 2961 1560 czetera
3028 1521 3240 1576 quoque
3314 1506 3488 1561 aliena
3568 1516 3713 1562 sunt.
3785 1505 4042 1572 Evasisti,

2442 1598 2720 1670 Psycbice,
2777 1599 2819 1652 si
2873 1598 3026 1663 velis,
3070 1600 3279 1654 vincula
3308 1599 3604 1670 disciplina!
3664 1600 3851 1656 totius.
3904 1601 4017 1655 Pr:

2440 1689 2618 1744 scribe
2670 1699 2978 1746 constanter
3015 1706 3119 1746 non
3151 1692 3400 1748 onmibus
3454 1692 3687 1761 prareipi,
3751 1708 3876 1762 qum
3932 1693 4047 1762 qui-

2441 1781 2661 1835 busdam
2693 1783 2794 1836 sint
2849 1795 3143 1853 prrccepta;
3175 1793 3268 1838 aut
3311 1783 3358 1838 si
3398 1794 3591 1839 caztcra
3630 1785 3851 1855 quidem
3896 1800 4043 1840 com-

743 1881 932 1950 gnmia
983 1889 1266 1948 ιρηεῃιυιες
1315 1883 1456 1940 unde
1508 1885 1808 1954 monogami
1866 1884 1917 1938 in
1965 1883 2202 1938 clerum?
2253 1884 2334 1940 An
2365 1893 2412 1954 Β
2446 1874 2623 1928 ΙΙΙΙΙΙΙἸὶΙ
2679 1885 2824 1939 ευιιι,
2875 1876 3211 1946 monogamia
3261 1890 3390 1931 vero
3437 1877 3564 1930 SOllS
3624 1878 3899 1948 episcoliis
3948 1878 4045 1931 im-

741 1974 873 2026 ordo
909 1974 1068 2043 aliqui
1099 1990 1339 2031 seorsum
1385 1977 1602 2032 debebit
1639 1976 1841 2031 institui
1871 1990 2330 2047 monogamorum,

745 2065 812 2118 de
859 2081 964 2135 quo
1004 2067 1231 2122 adiectio
1299 2067 1387 2123 liat
1443 2069 1494 2124 in
1551 2069 1794 2124 clerum?
1856 2068 1960 2124 Sed
2001 2084 2122 2124 cum
2159 2069 2334 2124 extol-

741 2157 900 2211 linmr
963 2167 1018 2212 et
1077 2158 1323 2214 intlamur
1377 2159 1632 2217 achrsus
1683 2163 1920 2226 clerum,
1988 2169 2114 2216 tunc
2167 2176 2331 2215 unum

739 2263 927 2303 omnes
973 2264 1192 2316 sumus;
1245 2261 1369 2305 tunc
1420 2267 1607 2307 omnes
1664 2253 2004 2317 sacerdotes;
2059 2252 2180 2322 quia
2241 2267 2333 2304 sa-

736 2339 982 2405 cerdotes
1025 2357 1122 2394 nos
1169 2342 1279 2398 Deo
1342 2353 1393 2398 et
1450 2343 1589 2398 Patri
1657 2343 1780 2398 fecit
1841 2344 2122 2412 (Apocal.,
2171 2342 2222 2407 l,
2275 2343 2328 2406 6,

744 2429 806 2494 ν,
843 2431 934 2500 10)
967 2446 1124 2486 :eum
1165 2433 1230 2487 ad
1280 2436 1729 2505 perzrquatiouem
1805 2434 2098 2504 disciplina:
2149 2448 2329 2488 sacer-

735 2521 931 2577 dotalis
974 2538 1344 2592 provocamur,
1387 2526 1464 2595 (a)
1510 2527 1824 2595 deponimus
1869 2525 2084 2590 infulas,
2129 2534 2183 2578 et
2229 2525 2330 2578 im-

739 2629 893 2684 pares
926 2614 1004 2687 (2)
1054 2631 1238 2672 sumus
1288 2635 1302 2672 :
1363 2618 1436 2673 Dc
1486 2618 1864 2674 ecclesiasticis
1912 2617 2188 2672 ordinibus
2244 2618 2324 2688 (5)

735 2708 1010 2776 agebatur,
1070 2709 1254 2780 quales
1305 2711 1539 2765 ordinari
1585 2721 1878 2780 oporteret.
1913 2708 1987 2782 (b)
2037 2708 2330 2778 Oportebat

734 2799 893 2866 igitur
929 2815 1140 2854 omnem
1180 2801 1252 2873 (c)
1305 2805 1607 2858 communis
1645 2802 1941 2872 disciplina:
1967 2800 2192 2856 formam
2232 2815 2325 2852 sua

734 2891 913 2946 fronte
958 2893 1202 2960 proponi,
1233 2893 1464 2947 edictum
1508 2893 1905 2963 quodammodo
1944 2892 2176 2947 futurum
2207 2892 2327 2945 uni-

736 2985 909 3038 versis
937 2986 985 3036 in
1020 2987 1372 3054 prteceptione
1399 2986 1498 3057 (ιΙ),
1538 2988 1614 3056 (τι)
1637 3002 1742 3056 quo
1769 2987 1936 3056 magis
1966 2987 2136 3048 sciret,
2179 2985 2326 3054 plebs

733 3090 854 3127 cum
902 3075 1141 3131 ordinem
1187 3078 1288 3131 sibi
1338 3078 1753 3144 observandum,
1804 3080 1894 3149 qui
1947 3080 2144 3133 laceret
2191 3095 2324 3148 prro-

735 3164 959 3234 positos.
1007 3176 1061 3220 et
1105 3182 1171 3222 ne
1219 3168 1298 3223 vel
1354 3169 1465 3239 ipse
1517 3169 1689 3224 honor
1738 3169 1818 3242 (5)
1867 3169 2064 3239 aliquid
2115 3169 2213 3225 sibi
2257 3170 2321 3224 :ztl

2443 1967 2610 2035 posita
2654 1977 2757 2033 est,
2792 1969 3048 2038 numquid
3077 1969 3151 2023 illi
3179 1970 3277 2023 soli
3328 1970 3608 2025 christiani
3637 1972 4042 2041 pronuntiandi,

2439 2058 2493 2114 in
2547 2075 2683 2131 quos
2735 2072 2843 2116 tota
2889 2061 3168 2131 disciplina
3219 2063 3414 2118 collata
3459 2064 3574 2120 est?

3029 2153 3252 2208 CAPUT
3296 2153 3431 2208 Xlll.

2509 2242 2612 2298 Sed
2679 2253 2732 2298 et
2779 2243 3062 2302 Timotheo
3118 2246 3378 2312 scribens,
3455 2247 3522 2318 (Ῑ)
3585 2248 3695 2302 vult
3731 2250 4035 2319 jrwenculas

2436 2336 2637 2400 nubere,
2667 2337 2803 2407 ﬁlios
2829 2341 3099 2409 suscipere,
3136 2351 3319 2400 uta/res
3346 2343 3560 2412 familia:
3595 2360 3745 2413 agere
3771 2345 3790 2412 (
3822 2342 3845 2398 Ι
3876 2343 4036 2410 Tim,

2436 2444 2480 2481 υ.
2531 2427 2645 2501 14).
2701 2429 2780 2485 Ad
2829 2446 2921 2486 cas
2971 2431 3169 2502 dirigit,
3217 2433 3404 2503 quales
3454 2448 3612 2503 supra
3657 2436 3907 2499 deamat,
3951 2452 4038 2506 iu-

2436 2521 2685 2574 venculas
2733 2521 2939 2586 viduas,
2984 2539 3101 2592 (tua:
3148 2524 3200 2578 in
3257 2524 3515 2579 viduitate
3556 2526 3936 2595 deprehensae,
3985 2536 4036 2583 et

2432 2611 2737 2681 aliquandiu
2802 2613 3090 2670 adsectatur
3149 2616 3302 2684 (ΙΙ),
3382 2627 3662 2686 postquam
3720 2619 3769 2670 itt
3832 2617 4040 2672 deliciis

2434 2703 2732 2758 halmerunt
2778 2704 3068 2770 Christum,
3121 2707 3322 2761 nubere
3367 2707 3569 2773 volunt,
3617 2708 3878 2764 habentes
3930 2713 4025 2778 ju-

2431 2794 2626 2850 dicium
2685 2797 2822 2867 quod
2865 2799 3088 2867 primatu
3139 2798 3297 2854 ﬁdem
3353 2800 3730 2856 resciderunt:
3765 2801 3914 2856 illam
3957 2804 4042 2854 vi-

2430 2887 2658 2952 delicet,
2709 2905 2737 2943 a
2787 2905 2889 2961 qua
2958 2893 3008 2945 in
3062 2891 3316 2947 viduitate
3357 2896 3605 2959 iuventur,
3662 2905 3714 2949 et
3772 2894 4042 2966 professa,-

2428 2995 2568 3047 eam,
2611 2997 2715 3035 non
2765 2993 3123 3051 perseverant.
3175 2984 3402 3052 Propter
3457 2988 3598 3056 quod
3650 2987 3755 3039 vult
3799 3001 3896 3041 eas
3945 3005 4044 3041 ttu-

2430 3072 2574 3136 bere,
2623 3090 2690 3128 ne
2732 3077 2954 3144 primam
3015 3076 3171 3130 iidem
3244 3087 3504 3148 susct‘pta:
3551 3078 3822 3133 viduitatis
3855 3091 4041 3148 postea

2429 3168 2753 3232 rescindant,
2809 3185 2913 3223 non
2957 3179 3013 3223 ut
3067 3172 3261 3225 totiens
3301 3172 3521 3234 nubant,
3573 3173 3825 3240 quotiens
3871 3174 3923 3225 in
3962 3176 4039 3225 vi-

734 3256 1022 3323 licentiam,
1072 3259 1223 3326 quasi
1269 3259 1333 3315 de
1379 3261 1652 3331 privilegio
1702 3261 1801 3316 loci
1850 3261 2177 3316 blandiretur
2218 3261 2317 3333 (6).
2351 3286 2392 3347 ρ
2428 3260 2628 3315 duitate
2706 3269 2899 3314 tentata
2959 3262 3100 3331 (l2),
3163 3265 3269 3316 imo
3334 3274 3389 3318 et
3461 3265 3510 3316 in
3572 3263 3780 3318 deliciis
3856 3263 4036 3318 habita

735 3347 1096 3418 l’t'ospicichat
1151 3351 1378 3420 Spiritus
1457 3354 1693 3408 Sanctus
1734 3354 1971 3408 dicturos
2031 3354 2318 3422 quosdam,

738 3459 757 3489 ε
782 3439 969 3496 Omnia
999 3440 1158 3496 licent
1183 3443 1483 3513 cpiscoiiis;
1516 3464 1535 3504 ι
1569 3446 1704 3500 sicut
1731 3446 1816 3499 ille
1865 3445 1934 3517 (τι)
1969 3445 2319 3500 \'eslt't'Utlti-

732 3536 912 3589 ncusis
956 3551 1056 3590 nec
1103 3534 1428 3591 Scantiniam
1481 3539 1673 3591 tiumit.
1745 3537 1884 3606 Quot
1935 3538 2014 3608 (7)
2066 3539 2206 3592 enim
2267 3547 2322 3592 ct

729 3625 924 3695 digauti
973 3626 1051 3698 (8)
1102 3630 1386 3698 ρνωείιΙοιιι
1431 3631 1740 3705 ιιρυιΙινοε,
1787 3631 2100 3685 insultantes
2139 3631 2319 3700 utique

731 3720 1007 3786 Apostolo,
1059 3731 1204 3777 certe
1267 3738 1370 3778 non
1432 3725 1829 3786 erubescentes,
1878 3740 1999 3778 cum
2054 3724 2167 3779 time
2223 3725 2322 3779 sub

738 3809 843 3864 illis
873 3811 1117 3880 leguntur
1144 3813 1156 3866 !
1187 3815 1298 3884 Age
1345 3816 1472 3885 jam,
1507 3817 1598 3887 qui
1646 3826 1796 3886 putas
1839 3817 2205 3884 exceptionem
2239 3817 2320 3889 (9)

2429 3352 2698 3406 nolucriut
2743 3369 3104 3422 perseverare.
3139 3353 3388 3424 Legimus
3414 3370 3533 3409 eum
3564 3365 3617 3409 et
3642 3355 3708 3409 ad
3747 3354 4029 3410 Romanos

2423 3444 2775 3498 scribentem:
2823 3443 2952 3508 Qua:
2993 3454 3160 3498 autem
3203 3446 3292 3498 sub
3337 3447 3442 3499 viro
3479 3458 3550 3499 cst
3593 3446 3794 3509 mulier,
3842 3447 4029 3500 uiuenti

2424 3537 2529 3588 riro
2570 3537 2732 3587 cinctu
2772 3546 2877 3601 est;
2918 3537 2961 3588 si
3001 3547 3168 3589 autent
3214 3537 3410 3602 abierit,
3461 3547 3702 3590 evacuate
3743 3547 3820 3590 cst
3866 3554 3900 3589 a
3929 3539 4038 3608 lege

2423 3628 2536 3680 uiri.
2572 3625 2771 3696 Nempe
2821 3644 2939 3698 ergo
2980 3629 3168 3682 vivente
3210 3629 3317 3681 uiro
3347 3628 3633 3682 adulterare
3671 3630 3963 3696 putabitur,
3994 3631 4038 3683 si

2415 3725 2598 3795 juncta
2645 3724 2798 3794 fuerit
2840 3725 2988 3778 alteri
3034 3724 3159 3779 uiro.
3207 3723 3270 3780 Si
3309 3741 3424 3778 vero
3473 3725 3649 3780 abierit
3690 3726 3787 3792 uir,
3822 3727 4038 3780 liberata

2424 3829 2497 3872 est
2559 3836 2590 3871 a
2639 3820 2765 3890 lege,
2811 3819 2948 3889 quod
3011 3834 3113 3872 non
3163 3820 3227 3872 sit
3292 3818 3524 3873 adultera
3573 3823 3709 3889 facta
3762 3820 3856 3874 alii
3927 3819 4034 3874 viro

1963 3949 2359 4008 LECTIONES
2394 3951 2808 4007 VARIANTES.

790 4038 861 4097 (Ι)
883 4040 1002 4096 Quis
1015 4040 1147 4092 abest
1162 4039 1316 4092 Seml.

787 4099 1259 4185 (“air-Siciligfdib.
1307 4103 1474 4155 Ursini
1506 4101 1657 4154 Hlten.
1704 4117 1853 4168 pares
1886 4104 1955 4155 at.
2001 4109 2168 4167 partes
2209 4105 2318 4156 cod.

738 4171 773 4211 11
797 4177 919 4213 ortv.
951 4171 1183 4227 impares.

787 4227 862 4297 ᾗ.)
887 4225 987 4297 9η]
1010 4229 1153 4276 ιιίῑιυε
1173 4226 1340 4297 eberat
1363 4229 1414 4297 in
1441 4228 1561 4297 Cod.
1588 4226 1866 4297 Diuioncusi
1887 4227 1995 4297 Rig.

724 4282 855 4406 ης)
886 4287 1283 4400 louhmvsessioae
1319 4289 1423 4357 Itig.
1473 4295 1594 4342 Ven.
1633 4282 1972 4353 impressione"
1998 4291 2147 4343 Rhea.
2170 4290 2321 4343 Seml.

785 4411 857 4476 (5)
885 4413 1043 4462 Sonor
1059 4411 1240 4478 Rigalt.

2580 4043 2864 4118 glandialur
2879 4043 3030 4096 Seml.
3058 4044 3222 4097 Oberl.
3251 4043 3368 4096 Cod.
3394 4045 3579 4096 Wouw.

2487 4105 2561 4223 (ἒ)
2586 4106 2724 4182 Quod
2744 4107 2852 4179 Rig.
2927 4171 2936 4180 _

2545 4177 2561 4230 ί)
2591 4168 2649 4217 lat
2675 4182 2734 4217 ex
2759 4170 2968 4230 digamta
2994 4165 3146 4219 Ithen.

2489 4229 2562 4294 (9)
2583 4229 2937 4294 ,Aeceptiohem
2959 4230 3110 4281 Rhea.

2494 4291 2597 4356 (Ιῦ)
2620 4291 2817 4356 Ριιςίιςιε
2838 4293 2994 4355 Rhea,

2489 4355 2509 4414 (
2519 4355 2594 4414 ΙΙ)
2614 4355 2865 4406 Aﬂ‘ectataz
2887 4356 3031 4406 nlrcn.

2346 4400 2399 4463 D
2487 4400 2592 4482 (ἃ)
2614 4400 2869 4468 sanna;
2887 4400 3033 4468 nisi;

2079 4523 2642 4581 COMMENTARIUS.

794 4613 945 4670 CAP.
967 4613 1237 4690 XlL—(a)
1260 4617 1566 4690 Deponimus
1586 4620 1798 4685 infulas,
1823 4629 1866 4690 et
1889 4617 2108 4690 impares
2124 4635 2316 4672 sumus.

721 4683 809 4739 Sic
835 4683 1234 4742 emendavituus
1263 4683 1479 4744 ex'lihro
1501 4683 1700 4745 Ursini.
1725 4692 1806 4742 Ait
1834 4683 2022 4756 igitur:
2051 4688 2154 4742 Nos
2177 4690 2315 4754 laici,

719 4772 840 4808 cum
895 4758 958 4811 ad
995 4761 1442 4830 permqnatiouem
1485 4761 1780 4830 disciplina:
1815 4759 2155 4813 sacerdotalis
2194 4776 2318 4830 pro—

719 4842 994 4899 vocamur.
1015 4829 1332 4896 dcponitnus
1365 4829 1644 4898 personam
1685 4831 2100 4891 sacerdotalem;
2131 4829 2313 4899 etiam

719 4898 967 4962 dicimus,
1000 4901 1134 4954 alim
1172 4917 1291 4956 esse
1323 4902 1506 4967 Iolcos,
1540 4905 1673 4956 alios
1695 4901 2020 4956 Sacerdotes.
2057 4901 2173 4957 lito.

793 4970 870 5035 (b)
919 4970 1195 5035 Oportebat
1244 4974 1397 5042 igiur
1443 4975 1725 5027 communis
1769 4973 2054 5040 disciplina:
2094 4978 2311 5042 formam

710 5057 802 5114 sua
834 5042 1004 5106 [route
1033 5045 1265 5112 proponi.
1303 5045 1582 5114 Eleganter
1615 5047 1839 5114 frontem
1871 5044 2121 5097 I'Icclesizu
2149 5055 2305 5097 vocat

710 5111 1012 5184 crustumiis,
1057 5111 1418 5184 presbyteros,
1449 5117 1724 5169 diaconos.
1756 5113 2068 5182 Oportebat,
2112 5115 2299 5184 inquit,

711 5173 761 5260 in
807 5173 981 5235 fronte
1008 5173 1279 5260 _Ecclesia2
1313 5173 1642 5260 glitistiana-
1674 5173 1920 5260 proponi
1961 5200 2022 5260 ac
2057 5173 2304 5260 pendere

708 5251 960 5314 fortnam,
1007 5253 1107 5307 hoc
1158 5266 1260 5320 est,
1312 5256 1542 5310 Tabulas
1593 5251 1752 5310 totius
1792 5251 2085 5324 disciplinaé
2123 5257 2300 5310 et-t-le-

715 5325 978 5392 siasticm:
1021 5337 1075 5376 ut
1122 5327 1198 5377 sic
1239 5329 1566 5394 pra~cetleret
1607 5329 1837 5383 edictum
1883 5326 2021 5394 quod
2068 5328 2299 5380 universi

707 5406 1081 5462 sequercntur.
1133 5397 1222 5448 Sic.
1267 5399 1408 5451 enim
1454 5400 1646 5463 legitur
1683 5398 1734 5454 in
1773 5397 2068 5451 divioneusi
2118 5399 2300 5453 codice

703 5474 931 5540 vetusto,
968 5465 1215 5540 Edictum
1264 5469 1636 5536 quodammodo
1691 5471 1916 5540 futurum
1964 5469 2206 5522 universis
2247 5469 2299 5522 in

697 5538 1046 5602 praeceptione.
1085 5537 1198 5592 lito.

780 5604 1161 5679 (riCommnnis
1183 5608 1476 5679 disciplina:
1491 5614 1728 5679 formant.
1751 5610 1941 5676 Legem
1964 5625 2297 5664 commonent

693 5677 957 5743 signiﬁcat
985 5691 1092 5735 tam
1128 5681 1275 5735 laicis
1301 5677 1473 5751 quam
1493 5677 1862 5737 sacerdotibus
1899 5680 2114 5744 dictam,
2156 5689 2300 5737 τῡπιν

694 5754 1023 5822 τοῦ-πλοιθνίαυ
1056 5750 1222 5820 (Petri
1252 5750 1346 5822 V).
1377 5753 1494 5808 Ιιις.

770 5817 852 5893 (tl)
886 5820 998 5885 Quo
1029 5817 1190 5892 magis
1217 5817 1363 5877 sciret
1406 5823 1544 5893 plebs
1584 5838 1695 5876 eum
1735 5823 1961 5893 ordinent
2008 5824 2104 5876 sibi
2134 5823 2297 5877 obser-

694 5890 938 5956 randum,
989 5894 1076 5963 qui
1115 5890 1312 5962 Iaceret
1359 5890 1681 5964 prwpositos.
1745 5891 1999 5948 Ordinem
2047 5910 2300 5965 monoga-

2429 4632 2635 4671 mornm
2665 4618 2944 4688 signiﬁcat,
2974 4617 3135 4690 unde
3178 4625 3460 4672 sumuntur
3490 4615 3787 4690 praposjti.
3835 4618 4026 4690 Itaque

2425 4703 2637 4742 onmem
2670 4687 2878 4757 plebem
2906 4689 3113 4743 volebat
3143 4702 3269 4758 esse,
3293 4702 3656 4758 monogamos.
3686 4687 3810 4746 Btc.

2497 4759 2574 4830 (ιι)
2614 4758 2786 4813 Vester
2817 4758 3108 4813 (It/tinensis
3137 4775 3227 4812 nec
3249 4757 3569 4830 Scantiniam
3596 4761 3784 4814 tituuit.
3816 4759 4019 4816 Utbina

2421 4829 2671 4898 Oppidum
2701 4840 2781 4884 est
2810 4830 3246 4892 Alricar,c:dmria
3271 4829 3653 4884 Romanorum.
3680 4830 3796 4884 Non
3823 4847 4022 4898 agnos-

2421 4902 2576 4955 Cubat
2602 4911 2801 4964 autem,
2841 4909 2896 4955 ut
2927 4902 3155 4965 videtur,
3183 4915 3372 4954 novam
3404 4900 3632 4954 Montani
3667 4902 4016 4969 prophetiam

2422 4970 2732 5026 Utinm-usis
2751 4973 2996 5026 ecclesia.
3023 4971 3372 5026 Notatautein
3401 4972 3710 5040 episcopum
3733 4972 3804 5026 de
3828 4974 4016 5029 illicita

2416 5057 2633 5099 venere.
2677 5057 2796 5096 cum
2827 5044 2956 5096 dicit
2996 5059 3093 5099 uec
3120 5042 3446 5098 Scantiniam
3497 5042 3689 5095 timuit.
3725 5043 3790 5098 P.
3836 5044 4014 5099 Scano

2411 5114 2572 5186 tinius
2631 5115 2798 5182 legem
2857 5115 2975 5168 tulit
3024 5129 3124 5184 qua
3176 5114 3486 5185 pardcrastze
3535 5115 3681 5184 gravi
3742 5116 4016 5186 supplicio

2408 5185 2769 5238 afﬁcerentur.
2808 5186 2975 5239 lim-1N.

2476 5255 2922 5327 CAP.Xlll.-—(l')
2955 5255 3383 5325 Vulljuveucnlos
3401 5257 3602 5309 nubere.
3636 5255 3844 5327 Locum
3867 5257 4010 5312 hunc

2406 5326 2604 5379 Auctor
2631 5328 2695 5380 ad
2730 5325 3024 5380 institutum
3057 5343 3211 5380 suum
3236 5327 3536 5394 detorquet,
3569 5335 3624 5378 ut
3653 5328 3736 5378 vis
3781 5325 4010 5397 adsequi

2403 5401 2523 5465 quis
2555 5399 2714 5466 possit
2749 5399 2872 5466 quid
2899 5397 3202 5451 vclit.\'aria
3226 5407 3309 5453 cst
3335 5398 3494 5452 etiam
3516 5405 3756 5451 veterum
3780 5401 4008 5465 exposi-

2405 5469 2497 5538 tio,
2531 5471 2668 5522 inter
2693 5485 2824 5538 quas
2870 5469 3041 5535 placet
3089 5469 3318 5523 maxime
3366 5470 3449 5521 illa
3483 5466 3762 5538 Epiphanii
3813 5482 4006 5522 contra

2399 5536 2748 5609 Montatustas
2781 5550 2834 5592 ut
2860 5541 3018 5608 priori
3046 5539 3162 5593 loco
3192 5555 3311 5594 cum
3341 5539 3470 5593 dicit
3504 5557 3516 5591 :
3546 5536 3787 5591 Iuniores
3815 5540 4005 5593 viduas

2404 5609 2588 5676 devita,
2623 5621 2748 5670 etc..
2782 5613 3026 5677 loquatur
3055 5610 3122 5664 de
3153 5611 3216 5663 iis
3242 5625 3361 5680 quae
3417 5611 3707 5678 promisere
3731 5651 3745 5671 ,
3779 5619 3834 5664 et
3872 5626 4003 5678 pro-

2402 5682 2578 5735 missis
2608 5697 2713 5734 uon
2737 5691 2894 5744 stant,
2925 5681 3183 5751 judicium
3215 5681 3572 5751 habentes,eo
3593 5681 3737 5750 quod
3763 5681 4001 5749 primam

2405 5751 2559 5806 [idem
2584 5754 2783 5806 irritam
2811 5750 3061 5817 iecerint;
3101 5760 3283 5821 postea
3316 5766 3444 5806 vero
3473 5750 3575 5804 illis
3604 5753 3818 5805 verbis:
3870 5752 4002 5808 Volo

2403 5839 2520 5892 ergo
2551 5824 2844 5889 iuvenculos
2868 5824 3046 5878 viduas
3086 5821 3298 5888 nubere,
3341 5823 3409 5878 de
3431 5822 3532 5894 iis,
3562 5822 3753 5894 quibus
3781 5837 3882 5894 per
3904 5825 3999 5879 iu-

2406 5894 2709 5949 lirmitatctn
2733 5894 2798 5948 ad
2820 5895 3016 5950 alteras
3039 5895 3264 5950 transire
3294 5893 3503 5964 nuptias
3529 5893 3803 5962 permittit.
3841 5893 3991 5950 ΡΑ..
