4220 6492
726 376 822 438 951

2141 383 2605 443 TERTULLIANI

3930 396 4048 455 953

729 506 914 560 tatem.
949 509 1005 556 nt
1028 501 1078 556 in
1108 503 1356 558 nubendo
1379 503 1681 574 frequenter
1710 503 2072 560 Sustineudam
2101 515 2318 576 putent:
2352 507 2400 562 Λ
2431 503 2550 557 ideo
2604 503 2724 573 quis
2773 510 2979 574 repetat
3029 504 3451 572 matrimonium,
3499 507 3619 578 quia
3663 507 3731 564 de
3769 509 3952 578 priore
3985 511 4054 564 li-

732 611 828 648 enr
869 594 1011 648 illam
1047 597 1095 650 in
1127 597 1226 651 alia
1256 613 1413 652 causa
1449 615 1621 669 neque
1661 602 1942 663 sustinent,
1970 616 2140 670 neque
2170 602 2321 656 venia

734 685 930 748 fovent,
975 702 1094 741 cum
1129 691 1403 743 tormentis
1430 699 1723 760 expugnata
1756 701 1836 744 est
1869 691 1920 745 in
1954 692 2324 761 negationem?

734 775 929 847 Utique
951 780 1094 832 cuitu
1125 780 1266 834 illam
1299 783 1465 852 magis
1493 783 1732 837 echISari
1763 784 1923 852 capit,
1955 799 2074 851 qua:
2104 784 2154 837 in
2187 799 2319 853 pne-

735 868 804 920 lio
834 871 1045 936 cecidit,
1087 888 1244 941 quam
1274 890 1392 942 qttm
1437 876 1486 928 in
1527 874 1801 938 cubiculo;
1849 891 1967 944 qua:
2008 877 2059 929 in
2098 876 2326 946 eqnuleo

734 962 1033 1030 succubuit,
1081 980 1238 1033 quam
1290 983 1408 1034 quae
1466 969 1514 1020 in
1577 967 1804 1032 lectulo;
1861 984 1978 1037 qum
2025 968 2326 1024 credulitati

732 1057 916 1120 cessit,
959 1072 1115 1126 quam
1146 1074 1264 1128 qua:
1310 1060 1552 1123 libidini;
1581 1077 1699 1130 qua!
1724 1077 1947 1131 gemens
1978 1061 2184 1116 devicta
2219 1073 2326 1131 est,

731 1163 890 1215 quam
932 1165 1050 1218 qua:
1095 1150 1300 1205 lubens.
1345 1151 1448 1206 Sed
1485 1153 1626 1206 illam
1657 1154 1871 1223 quidem
1903 1167 1931 1207 a
1963 1156 2328 1210 communica-

737 1242 880 1295 tione
909 1243 1196 1312 depellunt,
1228 1247 1350 1309 quia
1399 1261 1504 1300 non
1561 1247 1811 1301 sustinuit
1861 1248 1910 1300 in
1958 1249 2156 1309 finem;
2195 1248 2330 1304 hanc

735 1349 860 1386 vero
903 1335 1219 1411 suscipiunt,
1269 1337 1419 1408 quasi
1458 1347 1511 1392 et
1555 1338 1667 1393 lure
1699 1340 2010 1394 sustinuerit
2053 1341 2104 1394 in
2139 1341 2319 1396 finem.

741 1428 985 1495 Propone
1025 1431 1148 1496 quid
1194 1441 1418 1502 utraque
1449 1448 1552 1488 non
1596 1435 1907 1489 sustinuerit
1952 1437 2003 1488 in
2065 1437 2245 1500 linem,
2277 1447 2332 1491 et

737 1522 974 1576 invenies
1004 1524 1118 1593 ejus
1168 1540 1409 1580 cans-sam
1450 1527 1831 1594 honestiorem,
1879 1545 1997 1598 quae
2049 1529 2330 1596 srevitiam,

739 1630 896 1680 quam
927 1631 1043 1684 qua?
1075 1616 1378 1686 pudicitiam
1409 1619 1676 1674 sustinere
1704 1637 1806 1673 non
1842 1621 2026 1689 potuit.
2058 1620 2123 1675 Et
2154 1631 2330 1679 tamen

739 1719 836 1758 nec
862 1718 1138 1761 cruentam
1169 1709 1520 1765 defectionem
1556 1711 1836 1766 infirmitas
1863 1713 2040 1768 carnis
2081 1724 2321 1781 excusat,

739 1797 938 1852 nedum
973 1800 1310 1872 impndicatn.

1335 1894 1416 1949 CA
1428 1895 1558 1952 I‘UT
1593 1897 1636 1951 Χ
1648 1898 1678 1949 \'
1691 1895 1729 1950 1.

2430 595 2586 649 heros
2627 613 2730 650 non
2785 596 3003 661 halmit;
3036 597 3277 654 Ilﬂ‘l‘CdCS
3305 600 3510 655 scilicet
3543 601 3865 657 christianos
3891 620 4052 673 quze-

2431 700 2530 754 ret,
2559 690 2738 744 saeculi
2769 694 2929 744 totius
2954 690 3225 747 exhzeres?
3247 693 3416 748 llabet
3435 693 3646 761 fratres,
3679 695 3839 750 habet
3855 696 4057 752 Eccleo

2429 782 2562 836 siam
2610 793 2854 838 matrem.
2904 783 3059 838 Aliud
3112 796 3216 852 est,
3267 786 3342 856 (11)
3386 787 3430 841 si
3473 797 3527 842 et
3567 789 3705 858 apud
3757 788 4040 844 Christum

2432 875 2632 944 legibus
2660 875 2813 930 Juliis
2839 877 2921 946 agi
2943 877 3192 945 credunt,
3225 887 3279 933 et
3305 880 3610 934 existimant
3637 882 3715 952 (5)
3740 883 3959 936 caelibes
3985 891 4048 937 et

2431 965 2594 1021 orbos
2640 983 2703 1022 ex
2739 978 3059 1024 testamento
3093 970 3184 1025 Dei
3215 971 3442 1026 solidum
3488 989 3591 1028 non
3633 989 3788 1044 posse
3819 991 4046 1043 capere.

2433 1057 2644 1114 Nubant
2691 1061 2847 1130 igitur
2879 1061 3180 1132 hujusmodi
3227 1064 3278 1118 in
3327 1063 3484 1120 finem
3527 1081 3716 1137 usque,
3767 1077 3823 1121 ut
3863 1069 3915 1120 in
3947 1070 4054 1122 ista

2431 1149 2747 1207 confusione
2770 1153 2977 1217 carnis;
3022 1154 3162 1209 sicut
3187 1155 3415 1210 Sodoma
3447 1167 3499 1211 et
3530 1157 3857 1222 Gotuorrba,
3891 1161 4054 1215 ctdi-

2435 1238 2559 1296 luvii
2592 1242 2726 1307 dies,
2750 1243 2930 1298 abillo
2958 1245 3144 1298 ultimo
3165 1247 3310 1300 exitu
3332 1248 3513 1302 S:I'Cttli
3541 1249 4048 1319 deprehemlantnr.

2437 1336 2698 1404 Adjicianl
2745 1338 2956 1392 tertium
2998 1338 3197 1393 dictum
3247 1339 3283 1408 (Ι
3334 1339 3453 1394 Cor.
3486 1340 3602 1408 XV,
3651 1343 3741 1412 5‘2)
3775 1361 3789 1397 :
3825 1342 4061 1395 Mandu-

2438 1444 2626 1496 ccmns,
2669 1441 2715 1482 ct
2743 1431 2987 1494 bibamus,
3027 1442 3073 1486 et
3115 1432 3400 1486 turbamus:
3441 1449 3554 1486 cras
3581 1435 3711 1488 enim
3740 1436 4058 1500 moriemur;

2439 1536 2543 1576 non
2587 1525 2944 1593 recogitantes
2989 1525 3073 1578 Vm
3115 1525 3241 1580 illud
3293 1528 3686 1597 prmgnantibus
3725 1537 3781 1583 et.
3837 1530 4057 1585 lactan-

2441 1616 2602 1682 tibus,
2637 1616 2804 1671 multo
2845 1618 3058 1688 gravius
3098 1627 3152 1672 et
3195 1621 3429 1674 amarius
3457 1631 3776 1676 eventurum
3831 1623 3884 1675 itt
3914 1636 4055 1676 con-

2441 1709 2691 1762 ettssione
2744 1709 2906 1762 totius
2961 1710 3165 1774 tnnndi,
3198 1725 3359 1778 quam
3413 1713 3592 1766 evenit
3649 1712 3700 1765 in
3742 1714 4055 1766 vastatione

2445 1802 2599 1854 unius
2629 1803 2903 1870 particulm
2947 1802 3166 1858 Jttdmm.
3199 1804 3342 1857 Satis
3377 1813 3706 1874 opportunos
3737 1807 4058 1860 novissimis

2448 1896 2774 1963 temporilms
2831 1896 3032 1951 fructus
3095 1898 3299 1951 iteratis
3349 1898 3701 1952 matrimoniis
3749 1899 4048 1968 colligant,

807 1981 972 2036 llideo
1001 1993 1201 2052 autem,
1225 2001 1342 2040 cum
1374 1988 1658 2042 infirmitas
1685 1990 1866 2044 carnis
1887 1991 2195 2061 opponitur,
2218 2006 2337 2061 quze
2369 2001 2415 2060 Β
2445 1987 2605 2043 ubera
2635 1987 2915 2056 fluitantia,
2949 1999 3002 2044 et
3053 1998 3235 2045 uteros
3264 2002 3604 2054 nanseautes,
3633 2001 3685 2046 et
3714 1992 3788 2062 (b)
3819 1993 4058 2047 infantes

734 2089 938 2130 summa
969 2076 1222 2132 fortitudo
1252 2079 1476 2134 dicenda
1511 2091 1610 2136 est.
1643 2081 1838 2138 lterum
1875 2086 2097 2150 nubere,
2132 2095 2213 2140 est
2241 2101 2326 2141 res

737 2172 949 2234 virium;
977 2186 1258 2242 resurgere
1289 2175 1338 2227 in
1363 2191 1522 2245 opera
1541 2178 1718 2232 carnis
1740 2177 1806 2233 de
1822 2182 2165 2235 continentize
2191 2182 2323 2248 otio,

733 2261 1027 2316 Slllhiﬂlliia
1069 2275 1150 2318 est
1191 2269 1433 2320 laterum.
1466 2268 1609 2323 Talis
1641 2269 1938 2332 infirmitas.
1971 2281 2022 2326 et
2055 2274 2232 2336 tertio,
2271 2283 2328 2328 et

731 2365 940 2418 quarto,
961 2365 1008 2408 el
1027 2371 1195 2426 usque
1209 2360 1434 2427 septimo
1451 2358 1668 2414 forsitan
1689 2363 2251 2425 matrimoniosnfficit;
2273 2374 2328 2420 ut

733 2461 850 2513 quae
873 2447 1066 2501 totiens
1090 2448 1292 2512 fortior,
1319 2453 1564 2521 quotiens
1587 2452 1746 2507 fuerit
1770 2454 2052 2520 infirmior,
2085 2455 2325 2509 habitura

730 2536 840 2602 jam
891 2551 992 2592 neu
1028 2541 1337 2608 Apostolum
1367 2553 1660 2607 auctorem.
1691 2544 1782 2600 sed
1815 2545 2204 2618 Hermogenem
2233 2549 2328 2602 ali-

733 2648 917 2701 quem,
948 2635 1125 2704 plures
1146 2637 1358 2690 solitum
1391 2640 1641 2692 mulieres
1663 2641 1858 2694 ducere
1899 2656 2062 2709 quam
2087 2641 2325 2711 pingere,

739 2726 958 2778 lt;alt'l‘i:t
993 2727 1136 2782 enim
1180 2730 1230 2782 in
1264 2730 1357 2785 illo
1399 2730 1653 2793 abundat,
1680 2732 1820 2786 unde
1851 2741 1904 2785 et
1933 2734 2163 2786 animam
2209 2748 2329 2788 esse

740 2832 1088 2884 prwsumcns,
1126 2822 1289 2875 ntnlto
1332 2825 1499 2892 magis
1529 2823 1776 2892 Spiritum
1809 2839 1837 2877 a
1874 2824 1983 2879 Deo
2011 2841 2114 2879 non
2149 2825 2325 2887 habet,

733 2908 841 2975 jam
919 2926 1014 2965 nec
1095 2913 1410 2983 psyebicns,
1484 2919 1606 2983 quia
1677 2930 1780 2969 non
1849 2916 1916 2969 de
1988 2916 2170 2971 afflatu
2237 2917 2328 2972 Dei

734 3001 1036 3072 psyi-hieus.
1105 3005 1260 3070 Quid,
1321 3005 1363 3059 si
1443 3006 1676 3076 inopiam
1745 3009 1862 3078 quis
1921 3019 2200 3073 can~etnr,
2273 3021 2330 3065 nt

733 3110 949 3150 Partem
992 3111 1140 3150 suam
1171 3107 1354 3167 aperte
1386 3099 1722 3169 prostitutam
1752 3102 2082 3170 profiteatur,
2117 3101 2327 3156 exhibi-

735 3188 894 3241 tionis
932 3203 1087 3243 causa
1145 3189 1451 3251 nubentem,
1503 3191 1702 3245 oblitus
1749 3190 1942 3259 (Multlt
1976 3233 1988 3254 ,
2038 3191 2118 3255 Vl,
2150 3192 2241 3261 ‘23)
2268 3193 2331 3244 de

733 3283 867 3334 rictu
919 3292 965 3335 et
1015 3285 1190 3337 uestitu
1235 3301 1334 3337 non
1389 3301 1494 3338 csse
1539 3284 1902 3354 cogilandmn?
1945 3285 2114 3340 liabet
2161 3286 2328 3342 Deum

2435 2081 2701 2151 pipianICs
2740 2083 2841 2149 (4).
2893 2083 3084 2137 I'arent
3115 2083 3440 2138 Antichristo
3485 2084 3537 2138 in
3568 2099 3685 2152 quae
3734 2083 3816 2154 (ὃ)
3869 2084 4051 2140 libidi-

2433 2173 2616 2228 nosins
2644 2174 2845 2230 smviat.
2879 2173 3122 2230 Adducet
3153 2175 3253 2228 illis
3280 2176 3561 2231 carnifices
3590 2176 3938 2231 obstetrices.

3006 2309 3236 2367 CAPUT
3282 2310 3446 2366 XVII.

2504 2446 2782 2501 llabelutnt
2817 2447 2969 2516 plane
3007 2445 3221 2501 Christo
3251 2447 3390 2517 quod
3431 2447 3682 2517 allegent,
3728 2449 4044 2517 speciosum

2435 2540 2783 2610 privilegium,
2819 2542 2995 2594 carnis
3036 2555 3419 2611 usquequaque
3451 2541 3897 2595 imbecillitatem.
3933 2543 4044 2596 Sed

2433 2615 2903 2700 haue-judicabant
2930 2632 3034 2700 iam
3065 2632 3145 2701 (6)
3177 2648 3280 2684 non
3315 2631 3461 2684 Isaae
3501 2647 3856 2700 monogamns
3888 2642 4047 2701 pater

2436 2734 2643 2787 uoster,
2687 2738 2783 2776 nec
2809 2721 3042 2776 Joannes
3081 2723 3240 2792 aliqui
3270 2721 3464 2776 Christi
3497 2723 3684 2791 Spailo,
3716 2740 3816 2778 nec
3845 2725 4036 2780 Judith

2435 2815 2540 2870 filia
2583 2815 2790 2882 Morari,
2816 2831 2914 2871 nec
2947 2825 3023 2870 tot
3057 2815 3156 2868 alia
3194 2816 3432 2884 exempla
3474 2825 3806 2870 sanctorum.
3834 2818 3909 2887 (e)
3946 2818 4050 2871 So—

2427 2909 2541 2964 lent
2584 2909 2779 2964 ethnici
2822 2908 3029 2977 indices
3074 2908 3350 2964 destinari.
3386 2908 3648 2979 Exsurget
3695 2912 3877 2978 regina
3917 2911 4053 2963 Car-

2435 3002 2683 3073 thaginis,
2712 3011 2765 3056 et
2789 3001 3044 3057 decernet
3080 3002 3129 3054 in
3181 3001 3522 3065 christianas,
3554 3016 3674 3071 qua:
3709 3000 3961 3071 profuga,
3994 3013 4057 3056 et

2433 3094 2486 3147 in
2511 3095 2685 3148 alieno
2714 3093 2852 3158 solo,
2880 3103 2933 3148 et
2965 3103 3124 3147 tanta:
3151 3093 3388 3148 civitatis
3409 3108 3529 3146 cum
3568 3094 3805 3147 maxime
3835 3093 4050 3146 forma-

2436 3186 2561 3251 trix,
2602 3202 2722 3241 eum
2769 3185 2906 3255 regis
2937 3186 3148 3255 nuptias
3185 3185 3324 3238 ultro
3353 3194 3569 3254 optasse
3611 3183 3932 3247 debuisset;
3983 3201 4052 3240 ne

2436 3287 2612 3333 tamen
2653 3277 2916 3333 secumlas
2961 3293 3052 3333 cas
3095 3278 3446 3347 experiretur,
3481 3277 3666 3331 maluit
3702 3293 3732 3332 e
3764 3281 4054 3334 contrario

733 3381 895 3431 etiam
945 3392 1229 3432 corvorum
1281 3378 1648 3442 educatorem,
1695 3380 1854 3434 etiam
1902 3379 2094 3434 florum
2143 3381 2326 3434 cvi-ul.
2358 3392 2403 3453 α
2437 3373 2516 3426 uri
2548 3387 2707 3441 quam
2749 3370 2969 3426 nubere.
3002 3371 3274 3426 Assidebil
3313 3380 3366 3425 cl
3395 3371 3471 3425 illi
3499 3381 3738 3424 "mirum
3775 3386 4007 3425 romana
4031 3415 4047 3434 ς

737 3478 927 3522 torem.
951 3469 1087 3536 Quid
1115 3470 1158 3523 si
1191 3470 1528 3525 solitudinem
1555 3471 1747 3525 domus
1765 3470 2021 3524 obtendat
2041 3470 2085 3538 (Ι
2104 3473 2145 3532 )‘I
2170 3471 2331 3538 Quasi

738 3575 838 3612 una
889 3561 1080 3615 mulier
1128 3559 1478 3631 frequentiam
1532 3571 1749 3631 praastet
1795 3561 1994 3616 homini
2035 3561 2098 3615 ad
2158 3562 2332 3630 fugam

739 3650 1010 3717 proximo:
1040 3652 1196 3706 habet
1218 3652 1432 3706 viduam
1456 3653 1656 3723 utique.
1677 3668 1835 3723 quam
1865 3653 2111 3708 adsmuat
2132 3654 2330 3709 licebit.

740 3743 854 3797 Non
887 3761 1042 3798 unam
1063 3747 1275 3816 generis
1297 3747 1456 3817 hujus
1475 3764 1718 3810 tutorem,
1752 3748 1843 3802 sed
1873 3748 2130 3817 etiamfﬁ)
2156 3750 2336 3816 plures

738 3837 935 3891 habere
985 3854 1298 3892 concessum
1349 3849 1450 3894 est.
1491 3840 1651 3906 Quid,
1679 3841 1722 3893 si
1754 3840 1821 3893 de
1863 3842 2176 3910 posteritate
2216 3841 2336 3911 quis

737 3929 933 3998 cogitet
977 3929 1169 3984 iisdem
1212 3931 1426 3998 animis,
1455 3933 1646 4003 quibus
1692 3932 1864 3987 oculis
1904 3948 2040 3987 uxor
2070 3932 2228 3995 Loth,
2278 3942 2338 3987 ut

2439 3481 2581 3535 qum,
2625 3465 2728 3518 etsi
2774 3479 2868 3533 per
2897 3465 3001 3518 vim
3049 3474 3388 3526 nocturnam,
3432 3463 3785 3518 nihilominus
3825 3474 4056 3533 experta

2438 3556 2599 3610 alium
2631 3557 2824 3620 virum,
2855 3556 3116 3610 macnlam
3145 3556 3322 3609 carnis
3352 3570 3448 3608 .~no
3469 3555 3730 3624 sanguine
3757 3555 3961 3622 abluit,
3997 3566 4060 3610 ut

2440 3651 2830 3721 monogamiam
2873 3650 2922 3705 in
2969 3651 3312 3721 semetipsum
3344 3650 3421 3720 (7)
3463 3649 3776 3703 vindicaret.
3813 3649 4059 3707 Fuerunt

2440 3752 2492 3795 et
2530 3758 2649 3812 quae
2708 3759 2804 3813 pro
2855 3745 2983 3797 viris
3031 3744 3165 3798 mori
3221 3743 3461 3805 mallent,
3517 3757 3676 3811 quam
3726 3753 3853 3810 post
3900 3745 4048 3799 viros

2441 3835 2664 3890 nubere.
2695 3836 2852 3891 ldolis
2893 3846 3039 3892 certe
3067 3846 3120 3890 et
3167 3837 3501 3906 monogamia
3530 3846 3584 3890 et
3611 3835 3845 3890 viduitas
3876 3852 4051 3907 θρω-

2441 3936 2580 3982 rent.
2619 3926 2870 3982 Fortunae
2909 3927 3156 3984 muliebri
3188 3942 3444 3982 coronam
3492 3942 3598 3982 non
3647 3927 3906 3998 imponit,
3952 3929 4057 3984 nisi

1969 4024 2348 4083 LECTIONES
2388 4019 2798 4079 VARIANTES.

796 4114 870 4180 (1)
894 4115 1120 4180 Ostendit
1147 4117 1296 4168 then.

795 4177 992 4237 (‘3).1am
1021 4180 1169 4230 then.

795 4242 869 4302 (ἦ)
891 4240 1142 4291 :Estimant
1169 4241 1317 4292 Rhcu.

795 4304 870 4367 (t)
896 4303 1129 4368 l’ipautcs
1155 4313 1300 4356 I-‘ron.
1321 4306 1442 4355 Jun.

2504 4116 2572 4178 (Si)
2599 4113 2652 4178 lu
2679 4113 2934 4178 quoniam
2971 4112 3121 4164 Seml.

2499 4176 2574 4234 (6)
2597 4176 2716 4226 'l'aui
2742 4176 2889 4226 thcn.
2919 4185 3020 4227 tum
3045 4178 3168 4227 Jun.

2502 4173 2716 4303 (Bg'l'ani
2742 4176 2889 4226 thcn.
2919 4185 3020 4227 tum
3045 4210 3059 4225 .

2502 4239 2555 4299 (7
2606 4239 2887 4302 Semetipsa
2911 4248 3059 4289 H’lm.

2108 4386 2670 4447 COMMENTARIUS.

808 4482 890 4534 (Ἀ
904 4481 1290 4555 Ρ.Χ1ί1.-έ(11)
1319 4483 1379 4536 Si
1417 4494 1462 4538 et
1491 4485 1632 4554 apud
1667 4484 1924 4538 Clu-istum
1957 4486 2146 4555 legibus
2176 4484 2331 4538 Julii:

733 4552 1413 4624 nnicredunt.Nonfdubinm
1441 4552 1565 4622 quin
1588 4558 1881 4624 respexerit
1897 4557 1960 4609 ad
1981 4552 2122 4624 logos
2137 4555 2327 4616 Julius,

2435 4483 2674 4540 Solidum
2695 4485 2839 4540 enim
2857 4499 3046 4554 capere
3067 4483 3133 4538 de
3145 4497 3251 4552 quo
3273 4482 3356 4538 hic
3369 4482 3542 4547 agitur
3558 4491 3637 4536 est
3654 4492 3764 4538 ἴσων
3779 4489 4059 4549 ἀξιοῦσθαι,

2443 4557 2582 4624 quod
2615 4557 2752 4611 idem
2789 4566 2871 4610 est
2907 4571 2968 4610 ac
3011 4554 3276 4609 lnercdem
3311 4555 3424 4609 fieri
3455 4571 3518 4608 ex
3551 4570 3696 4615 asse.
3729 4566 3787 4609 ct
3837 4573 4059 4610 ornnem

732 4623 1456 4696 quasca‘lihatnsetorbitatis
1472 4623 2340 4694 pmnaseontinebant.Quasauxit
2367 4633 2420 4693 ι)
2449 4623 2590 4680 illam
2623 4627 2986 4682 ha‘reditatem
3019 4627 3164 4679 adire
3189 4641 3203 4689 ;
3231 4624 3371 4696 quml
3401 4635 3454 4678 ttt
3485 4626 3592 4678 dixi
3622 4625 3673 4678 in
3697 4627 3928 4679 carlihcs
3959 4643 4060 4680 non

738 4700 1004 4756 Attgzttsltts
1036 4704 1169 4749 teste
1207 4695 1371 4750 Dione
1402 4698 1490 4749 lib.
1526 4715 1607 4751 LV.
1640 4699 1781 4751 unde
1812 4699 1890 4750 lex
1919 4698 2056 4752 Julia
2089 4698 2227 4751 dicta
2256 4707 2338 4752 est

738 4768 814 4818 lex'
859 4765 1171 4829 caducaria;
1227 4782 1347 4820 nam
1384 4782 1503 4821 cum
1536 4769 1756 4823 caelibes
1805 4769 1931 4822 nihil
1979 4780 2231 4836 caperent
2269 4783 2334 4822 ex

737 4837 1072 4890 testamentis
1102 4837 1200 4889 nisi
1241 4854 1309 4892 ex
1343 4839 1586 4906 proxime
1611 4840 1842 4908 juttCtis,
1875 4840 1991 4894 orbi
2025 4857 2149 4892 vero
2182 4839 2337 4894 dimi-

735 4909 878 4960 dium
926 4917 1150 4962 tantmn.
1177 4908 1406 4974 legatum
1439 4909 1579 4977 qttod
1610 4920 1722 4964 erat
1753 4911 1948 4969 caelibi,
1973 4911 2228 4965 caducum
2257 4910 2337 4964 di-

735 4982 976 5058 rebatur,
1009 4979 1109 5031 nisi
1133 4977 1410 5058 intraudies
1435 4991 1649 5058 centum
1682 4992 1909 5058 pareret.
1929 4983 2256 5058 Sozom'enus
2286 4981 2334 5035 id

733 5051 1016 5119 diligenter
1058 5057 1204 5102 nolat
1267 5050 1359 5102 lih.
1407 5067 1443 5114 t,
1487 5053 1608 5105 ccci.
1659 5054 1776 5105 hist.
1822 5060 1953 5120 »ὁμος
2005 5059 2058 5115 ἦν
2097 5050 2335 5120 ιῖωμαίοις

737 5133 958 5180 “mag.
1010 5127 1105 5172 ἀπᾶ
1153 5128 1299 5174 rixae:
1340 5133 1420 5173 καὶ
1450 5131 1580 5178 πέντε
1627 5131 1737 5179 ἕξιν
1789 5151 1875 5179 των
1925 5133 2032 5179 isto-1
2084 5131 2333 5188 ᾀξηῦσοαὶ

733 5200 912 5245 κωὶὺων
949 5195 1044 5264 τρὶς
1077 5191 1426 5264 ἀγᾴμοις,ιε.τ
1469 5204 1574 5246 erat
1617 5196 1824 5264 antiquo
1865 5197 2002 5263 opm!
2047 5194 2332 5259 Ronumos,

733 5281 832 5329 quo
863 5263 1059 5341 catfiiics
1092 5263 1229 5341 ultra
1269 5264 1444 5333 viginti
1477 5265 1695 5341 quinque
1720 5263 1880 5341 annos
1910 5266 2094 5341 ivgalia.
2114 5272 2330 5341 [rustra-

735 5338 937 5405 fmntnr.
969 5331 1199 5405 Respicit
1232 5331 1407 5387 :ittletn
1439 5333 1503 5388 ad
1537 5331 1719 5404 punias
1759 5336 1874 5390 illus
1916 5331 2228 5390 l’lntat’rihns
2273 5341 2336 5390 (Ie

731 5404 1333 5470 111110ιύΙίὺθΛέΡωμανων
1353 5411 1513 5458 mihi
1537 5415 1762 5473 γαμοῦσι,
1789 5432 2013 5473 Τνλυτιη
2037 5433 2118 5460 και
2153 5415 2230 5462 ciu
2261 5414 2335 5461 ἱνκ

728 5488 777 5529 κ)
795 5480 1040 5545 inpari/aeui;
1062 5485 1242 5542 ε’χωσιν,
1263 5476 1368 5528 ἀΰ)
1391 5481 1466 5528 int
1493 5484 1792 5545 κὶηρ.νοιμεῖν
1817 5482 2035 5534 Cum-n14
2057 5497 2068 5532 ε
2102 5478 2335 5548 Plerique

739 5548 1293 5619 Romanorumuxores
1335 5546 1524 5619 ducunt
1565 5549 1842 5619 liberosque
1886 5552 2196 5618 snsripitmt,
2232 5546 2331 5602 non

733 5629 788 5671 nt
817 5618 1045 5691 heredes
1075 5617 1311 5691 lanceam,
1345 5618 1445 5691 sed
1474 5629 1527 5670 nt
1573 5617 1797 5691 liwt'cdes
1827 5621 1937 5688 ﬁeri
1978 5617 2074 5691 ipsi
2108 5621 2329 5691 possint;

734 5690 876 5741 unde
922 5686 1194 5762 Juvenalis
1235 5687 1534 5744 adulterum
1581 5686 1935 5762 inducit,‘qui
1977 5686 2330 5748 lia'c'marito

727 5760 982 5828 oggannit
1011 5777 1022 5811 :

1242 5891 1454 5956 PrOpter
1476 5909 1555 5943 me
1578 5898 1811 5946 scriberis
1830 5897 2012 5947 hmres.

815 5957 1056 6021 Legatum
1078 5968 1225 6009 omne
1249 5957 1402 6019 capis,
1429 5971 1619 6011 necnon
1645 5968 1696 6011 et
1718 5960 1862 6013 dulce
1880 5963 2133 6012 eadm-um.

2446 4697 2624 4762 fiebat,
2655 4714 2774 4752 nam
2802 4699 2971 4765 legata
2996 4697 3192 4751 fiebant
3218 4697 3438 4757 caduca,
3467 4696 3715 4764 ibantque
3748 4697 3802 4750 in
3845 4701 4057 4751 fiscum.

2443 4769 2535 4822 lih.
2569 4785 2640 4830 \l.
2680 4770 2750 4824 de
2791 4770 2934 4834 vnlg.
2959 4779 3011 4821 et
3056 4767 3476 4838 pupill.snhstit.
3525 4766 3748 4834 Pt'0pler
3787 4768 4059 4821 Christia—

2443 4855 2540 4893 IIOS
2596 4851 2770 4894 tamen
2817 4851 2923 4895 ἴσων
2969 4844 3223 4905 ἀξιιῧσθαι
3277 4845 3529 4907 παρί’ςνάν
3581 4842 3661 4891 xxi
3698 4844 3945 4892 ἀπαιδίαν
3983 4844 4058 4891 ἰδέ

2443 4915 2543 4963 οεὲν
2584 4917 2862 4974 ὦσιιῧντσς,
2893 4911 3272 4980 Constantinus
3319 4909 3510 4961 deinde.
3544 4908 3831 4980 cmlibattts
3872 4924 4062 4980 pmnas

2440 4984 2670 5034 Sttslttlil.
2700 4983 2891 5036 lfuseb.
2919 4983 2984 5035 de
3005 4983 3113 5035 vita‘
3137 4977 3391 5035 Const.et
3415 4980 3631 5034 Suzom.
3658 4979 3750 5032 lil'.
3786 4981 3823 5032 1.
3853 4977 3936 5036 [ε
3964 4981 4056 5035 Pri.

2514 5053 2592 5122 (11)
2627 5053 2859 5123 Infantes
2905 5054 3180 5121 pipinnm.
3216 5052 3422 5121 I‘ipiare
3452 5052 3722 5123 νείκη-11111
3758 5051 3943 5120 lingua
3972 5062 4053 5105 cst

2441 5125 2656 5193 vagire:
2691 5121 2756 5179 ab
2795 5141 2860 5178 eo
2893 5125 2944 5176 fit
2983 5125 3222 5192 pipilarc,
3271 5137 3377 5194 quo
3423 5121 3663 5176 Catullus
3692 5121 3761 5176 de
3819 5126 4056 5192 passeris

2438 5197 2639 5264 gat-ritu
2671 5199 2850 5248 utitur.
2887 5195 2962 5249 LF.
2994 5195 3087 5249 Pu.

2510 5289 2593 5342 CA
2608 5289 2664 5343 1³.
2688 5288 3004 5358 XVll.—-(c)
3032 5289 3208 5342 Solent
3232 5286 3434 5358 Ethnici
3447 5285 3942 5358 judicesdfstinari.
3963 5288 4056 5342 Al-

2439 5359 2572 5412 hnlit
2593 5360 2656 5413 ad
2677 5361 2896 5429 judicia,
2921 5356 3038 5430 qua-
3060 5360 3127 5413 de
3153 5357 3469 5430 fibri~tianis
3524 5357 3662 5425 apud
3686 5356 4056 5430 Ethnirorum

2439 5427 2716 5485 tribunalia
2744 5427 3150 5500 peragebantur.
3173 5429 3283 5482 Non
3308 5429 3650 5500 erit_n_ovum,
3685 5429 3884 5500 inquit,
3904 5427 4058 5484 Chri-

2439 5503 2642 5555 stianos
2696 5498 2806 5555 sun
2860 5498 2956 5571 pro
3005 5501 3356 5555 tribunalilnts
3387 5498 3756 5571 Ethnicorum,
3793 5498 3978 5571 [taque
4005 5510 4060 5555 et

2438 5576 2825 5638 monogamlam
2861 5569 3014 5625 suam
3044 5571 3297 5626 evincere
3326 5581 3551 5623 conatur
3579 5570 3738 5624 etiam
3790 5569 4056 5626 Ethnico-

2437 5659 2551 5697 rum
2571 5644 2791 5712 judicio,
2825 5644 2923 5697 hoc
2950 5656 3051 5708 est,
3083 5643 3371 5712 exemplis
3397 5641 3500 5712 illis
3547 5640 3702 5712 toties
3733 5640 4054 5705 inculcatis;

2435 5711 2619 5775 credo,
2650 5716 2789 5782 quod
2816 5717 2911 5770 arvi
2941 5715 3019 5768 sui
3051 5724 3254 5783 partem
3284 5711 3546 5783 Fidelinm
3569 5711 3828 5783 majorem
3865 5713 4058 5767 talibus

2434 5787 2549 5854 cupi
2605 5781 2884 5841 sentiebat.
2921 5785 2994 5840 Ea
3046 5781 3176 5839 vero
3219 5796 3336 5837 sunt
3381 5781 3665 5845 Lucretim,
3707 5781 4055 5854 Flaminian

2435 5853 2748 5927 Vestalium,
2782 5869 2836 5913 et
2877 5858 2924 5913 id
2957 5872 3123 5929 genus
3153 5857 3376 5912 aliorum
3401 5853 3664 5924 exempla.
3701 5853 3825 5910 1110.
