4220 6492
226 399 335 462 957

1562 397 1767 456 LIBER
1807 399 1896 457 DE
1936 397 2242 457 JEJUNIIS.

3415 396 3522 454 958

224 518 469 580 rilieant;
495 529 616 571 cum
640 514 773 571 ﬁdes
793 512 958 571 libera
984 514 1034 570 in
1061 514 1277 571 Christo
1318 531 1383 571 ne
1432 515 1668 571 .ludaiea:
1706 518 1822 585 qni-
1852 521 1897 577 Α
1929 525 2142 586 Ceperat
2189 515 2355 571 Adam
2388 529 2414 568 a
2454 516 2560 572 Deo
2597 516 2766 587 legem
2804 529 2911 571 non
2940 514 3186 587 gustandi
3222 511 3290 570 de
3328 512 3520 568 arbore

223 612 346 665 ιιι-ιιι
388 611 490 680 legi
523 609 900 665 abstinentiam
939 609 1289 680 quorumdam
1328 611 1568 665 ciborum
1605 609 1814 672 tlt'ln‘al,

221 704 392 758 semel
419 706 468 756 in
498 713 667 757 totum
696 703 974 757 macellum
1001 704 1068 755 ab
1095 688 1350 772 Apostolo
1380 704 1636 763 admissa,
1670 703 1818 756 dete~

219 805 423 850 stature
481 809 668 848 eorum
731 794 820 863 qui
879 794 1016 848 sicut
1084 793 1285 848 nubere
1361 793 1693 862 proliibcmt,
1749 795 1818 847 ita

216 889 442 958 jubeant
490 888 622 943 cibis
664 887 934 942 abstinere
960 903 988 940 a
1025 887 1133 942 Deo
1160 887 1416 942 conditis:
1450 898 1497 942 el
1538 888 1677 941 -ideo
1723 901 1820 942 nos

217 994 344 1036 csse
390 979 501 1050 jam
553 989 678 1034 tunc
712 990 1035 1047 pra-notatos
1079 979 1131 1032 in
1186 980 1468 1034 novissimis
1518 979 1820 1048 temporibus

218 1071 541 1125 abscedentes
565 1089 598 1124 ti
629 1071 751 1137 fide,
783 1072 1098 1125 intendentes
1129 1071 1389 1139 spiritibus
1436 1073 1612 1124 mundi
1662 1071 1816 1124 sedu-

219 1163 463 1223 ctoribus.
505 1161 751 1215 doctrinis
779 1162 1297 1230 mendaciloquot‘uin,
1332 1163 1549 1215 inustam
1583 1163 1818 1216 habentes

217 1255 578 1308 conscientiam
596 1254 636 1326 (l
650 1253 780 1307 Tim.
803 1253 924 1321 ΝΛ
937 1257 974 1324 ).
999 1255 1204 1322 Quibus
1220 1271 1317 1310 oro
1340 1266 1389 1309 te
1408 1255 1638 1325 ignibus?
1656 1255 1818 1310 credo

217 1349 419 1418 quibus
449 1348 662 1417 nuptias
690 1362 834 1418 sarpe
873 1349 1206 1412 deducimus,
1255 1359 1307 1404 et
1350 1364 1533 1404 cannas
1579 1349 1818 1419 quotidie

217 1442 519 1510 c0quimus.
546 1441 634 1496 Sic
660 1452 850 1495 etcum
876 1439 1241 1508 Galaliswtil.
1268 1442 1355 1507 IV,
1379 1441 1466 1511 10)
1493 1457 1590 1496 nos
1609 1457 1818 1512 quoque

218 1536 424 1604 percuti
446 1535 616 1600 aiunt,
647 1535 986 1588 observatores
1027 1537 1248 1602 dierum,
1279 1545 1324 1589 et
1356 1539 1623 1600 mensium,
1651 1545 1699 1590 et
1725 1553 1820 1589 aa-

215 1643 421 1681 norum.
453 1627 764 1683 Jaeulantur
795 1628 997 1683 interea
1024 1638 1078 1683 et
1116 1628 1332 1682 Esaiam
1391 1630 1770 1699 pronuntiasse
1802 1649 1814 1683 :

216 1715 342 1770 Non
373 1719 472 1772 tale
496 1719 746 1788 jejunium
781 1719 1026 1774 Dominus
1072 1721 1221 1790 elegit
1254 1719 1354 1790 (Is.
1387 1720 1568 1785 LVlll,
1595 1721 1632 1776 4
1651 1734 1696 1775 et
1719 1723 1774 1789 5)
1801 1739 1814 1784 ;

214 1809 266 1862 id
301 1820 402 1876 est,
433 1826 536 1865 non
562 1811 939 1866 abstinentiam
972 1811 1096 1874 cibi,
1128 1813 1222 1868 sed
1258 1828 1418 1883 opera
1445 1813 1665 1882 justitia:
1700 1830 1816 1882 qua:

210 1902 482 1968 subtexit;
503 1913 555 1958 ct
579 1905 750 1974 ipsum
786 1905 1066 1960 Dominum
1097 1907 1149 1960 iu
1183 1907 1474 1977 Evangelia
1499 1907 1566 1962 ad
1592 1923 1806 1964 onmem

208 1994 352 2047 circa
389 1994 584 2048 victum
617 1997 695 2067 (l)
717 1997 1182 2065 scrupulositatem
1213 1999 1532 2068 compendio
1588 2015 1806 2067 respon-

207 2084 378 2150 disse,
411 2104 515 2140 non
548 2087 630 2142 bis
669 2087 1030 2142 communicari
1073 2088 1152 2160 (2)
1202 2090 1454 2144 hominem
1480 2131 1493 2153 ,
1520 2107 1632 2161 quae
1662 2093 1712 2144 in
1761 2108 1816 2145 os

204 2178 515 2248 inferantur,
549 2181 636 2234 sed
665 2196 777 2250 qua:
802 2198 865 2235 ea:
884 2198 970 2236 ore
993 2186 1320 2252 proferantur
1345 2181 1532 2253 (.llarc.
1556 2182 1659 2238 Vll.
1695 2185 1716 2238 -1
1732 2183 1812 2254 5),

203 2285 329 2325 cum
355 2282 410 2328 et
437 2273 550 2341 ipse
578 2273 927 2330 manducaret
949 2285 1002 2330 et
1024 2275 1230 2330 biberet
1266 2292 1435 2345 usque
1483 2277 1534 2330 in
1581 2277 1810 2329 notatio-

203 2377 329 2417 nem
353 2380 365 2416 :
399 2363 528 2418 Ecce
555 2366 705 2419 homo
726 2376 926 2420 vorator
938 2377 985 2419 et
1013 2377 1208 2436 potator
1235 2367 1446 2437 (Matth.
1472 2367 1563 2431 XI,
1598 2369 1708 2437 19),
1735 2369 1812 2423 sic

199 2469 257 2512 et
292 2460 602 2526 Apostolum
628 2460 843 2526 docere,
868 2461 1009 2531 quod
1039 2478 1152 2515 esca
1175 2479 1265 2514 nos
1289 2461 1395 2515 Deo
1426 2479 1524 2515 non
1554 2479 1811 2515 euannen-

199 2549 309 2616 det,
330 2565 488 2618 neque
505 2551 821 2606 abundantes
841 2555 884 2606 si
912 2553 1140 2615 edamus,
1158 2569 1313 2622 neque
1342 2553 1630 2621 deﬁcientes
1650 2555 1690 2607 si
1710 2570 1810 2607 non

196 2641 413 2697 edamus
445 2642 499 2712 (1
520 2642 638 2698 Cor.
667 2644 802 2706 VIII,
827 2645 904 2716 8).
938 2645 1034 2699 llis
1060 2653 1113 2700 et
1151 2644 1450 2712 lmjusmodi
1478 2646 1724 2700 sensibus
1746 2662 1810 2699 eo

193 2735 309 2802 jam
338 2735 604 2790 subtiliter
630 2736 878 2802 tendunt,
911 2747 967 2792 ut
993 2738 1361 2806 unusquisque
1390 2739 1608 2807 pronior
1639 2741 1806 2793 \Ctlll‘l

197 2827 372 2898 possit
409 2843 757 2898 supervacua,
795 2846 891 2884 nec
942 2831 1078 2886 adeo
1127 2832 1449 2898 necessaria,
1500 2833 1807 2888 existimare

197 2919 277 2987 (a)
302 2918 495 2973 sublati
524 2920 606 2990 (ὅ)
631 2921 710 2974 vel
748 2921 989 2977 diminuti
1024 2923 1104 2994 (4)
1129 2923 1207 2975 vel
1239 2923 1499 2976 demorati
1539 2925 1639 2978 cibi
1687 2923 1804 2978 olli-

192 3012 279 3064 cia
305 3011 401 3080 (b),
421 3024 763 3082 pneponeute
789 3016 1086 3087 (3)5cilicet
1116 3018 1222 3072 Deo
1241 3019 1318 3088 (6}
1338 3019 1557 3086 justitire
1578 3028 1632 3075 et
1655 3022 1805 3075 inno-

191 3105 388 3159 centi:e
406 3121 584 3177 opera.
613 3108 683 3178 (c)
717 3107 783 3162 Et
799 3109 998 3164 scimus
1020 3111 1200 3176 quales
1217 3111 1323 3164 sint
1341 3113 1631 3165 carnalium
1654 3128 1803 3167 com-

198 3197 485 3251 modormn
519 3201 776 3256 suasoria:
793 3218 807 3263 ;
827 3218 988 3272 quum
1013 3203 1090 3265 (7)
1119 3202 1270 3257 lat-ile
1294 3202 1504 3258 dicatur
1525 3205 1696 3276 :Opus
1721 3217 1804 3262 est

195 3289 267 3343 de
291 3291 414 3344 totis
436 3293 744 3360 pra-Cordus
770 3294 1007 3357 credam,
1032 3296 1244 3365 diligam
1262 3294 1418 3347 Deum
1443 3307 1486 3349 et
1511 3299 1798 3366 proximum

1925 609 2208 679 agnitionis
2236 608 2359 663 boni
2389 619 2440 661 et
2460 609 2606 672 mali,
2627 609 2915 663 moriturus
2939 609 2982 664 si
3003 615 3288 679 gustasset.
3324 605 3520 660 Verum

1924 712 1976 754 et
2009 703 2121 768 ipse
2155 713 2277 755 tunc
2321 701 2371 754 in
2401 702 2711 773 psycbicum
2739 714 2985 755 reversus
3013 699 3091 770 (9)
3135 708 3255 768 post
3288 699 3518 754 ecstasin

1923 792 2242 858 Spiritalem,
2299 793 2348 845 in
2401 809 2504 862 qua
2565 808 2814 862 magnum
2859 791 2986 846 illtid
3038 801 3424 846 sacramentum
3468 791 3518 842 in

1921 884 2191 938 (lliristum
2262 894 2316 939 et
2398 885 2692 941 Ecclesium
2760 885 3200 955 propltetaverat,
3267 898 3365 938 nec
3410 883 3520 952 jam

1922 979 2140 1046 capietis
2187 996 2305 1048 quze
2359 989 2512 1034 erant
2561 982 2819 1049 spiritus,
2878 979 3081 1033 facilius
3135 978 3306 1034 ventri
3361 992 3520 1045 quam

1924 1068 2032 1123 Deo
2061 1071 2262 1134 cessit,
2311 1074 2504 1139 pabulo
2566 1074 2902 1141 potiusquam
2966 1081 3232 1142 praecepto
3294 1071 3515 1136 annuit;

1921 1161 2147 1215 salutem
2210 1163 2332 1232 gula
2410 1164 2665 1218 vendidit.
2737 1163 3078 1219 Manducnvit
3133 1163 3412 1234 denique,
3466 1171 3523 1218 ct

1923 1254 2121 1322 periit:
2177 1255 2355 1308 salvus
2407 1255 2680 1326 alioquin,
2717 1255 2790 1324 (e)
2839 1257 2880 1309 si
2928 1257 3015 1310 uni
3057 1256 3356 1311 arbuscula:
3393 1255 3523 1323 jeju-

1921 1363 2050 1403 nare
2107 1348 2382 1402 maluisset
2420 1349 2572 1419 (l0);
2619 1358 2675 1403 ut
2699 1349 2808 1416 jam
2840 1348 2964 1404 bine
3000 1348 3247 1403 animalis
3273 1347 3404 1402 lides
3433 1362 3522 1403 se-

1923 1454 2046 1493 men
2087 1454 2240 1493 suum
2285 1449 2653 1509 recognoscat,
2701 1440 2895 1495 exinde
2924 1440 3197 1495 deducens
3224 1439 3521 1494 carnalium

1921 1534 2324 1602 appetitionem,
2356 1544 2412 1588 et
2457 1535 2815 1605 Spiritualium
2871 1535 3288 1589 recusationem.
3338 1532 3521 1587 Teneo

1920 1627 2080 1694 igitur
2107 1642 2135 1678 a
2170 1627 2463 1695 primordio
2494 1626 2819 1681 homicidam
2865 1627 3068 1696 gulam,
3122 1624 3406 1679 tormentis
3435 1634 3516 1677 at-

1920 1734 2022 1787 que
2052 1720 2328 1789 siippliciis
2356 1721 2406 1774 iu
2451 1721 2536 1775 die
2563 1722 2891 1793 puniendam
2919 1761 2934 1786 ,
2964 1718 3176 1774 etiamsi
3209 1719 3348 1773 Deus
3377 1719 3518 1772 nulla

1915 1811 2116 1878 jcjllllld
2153 1814 2532 1880 praecepisset;
2579 1812 2870 1867 ostendens
2893 1821 3072 1867 tamen
3097 1810 3236 1866 unde
3262 1811 3331 1865 sit
3378 1811 3520 1862 occi-

1921 1919 2013 1957 sus
2044 1903 2237 1969 Adam,
2271 1905 2399 1959 milii
2436 1906 2722 1974 reliquerat
2775 1904 3112 1975 intelligenda
3167 1901 3400 1957 remedia
3431 1901 3518 1955 of-

1916 1992 2104 2048 fensar.
2137 1995 2227 2064 qui
2255 1995 2512 2051 otl‘ensam
2537 1996 2971 2051 demonstrarat:
3005 1995 3145 2049 ultro
3186 1993 3368 2049 cibum
3399 1995 3515 2063 qui-

1922 2087 2019 2142 luts
2066 2090 2260 2152 modis,
2315 2090 2614 2160 quibusque
2664 2089 2997 2160 temporibus
3054 2089 3367 2158 potuissem,
3423 2101 3518 2156 pro

1919 2197 2128 2237 veneno
2161 2184 2497 2251 deputarem,
2527 2193 2583 2238 et
2626 2182 2926 2237 antidotum
2970 2181 3166 2236 famem
3223 2193 3513 2244 sumerem,

1918 2290 2015 2345 per
2037 2292 2194 2345 quam
2219 2290 2501 2346 purgarem
2533 2277 2722 2329 mortis
2748 2290 2776 2328 a
2811 2274 3107 2344 primordio
3131 2287 3376 2327 caussam
3400 2265 3530 2342 (11)’

1920 2369 1969 2423 iu
2002 2387 2085 2422 me
2115 2384 2327 2438 qucque
2353 2384 2474 2423 cum
2507 2368 2626 2439 ipso
2666 2382 2866 2438 genere
2904 2365 3291 2430 transductam,
3337 2374 3515 2418 certus

1918 2461 2018 2515 boc
2044 2461 2212 2514 Deum
2253 2461 2411 2527 velle,
2461 2463 2614 2529 enjus
2657 2459 2988 2515 contrarium
3043 2457 3231 2522 uoluit,
3277 2456 3515 2525 satisque

1914 2553 2190 2607 conﬁdens
2226 2552 2540 2621 placituram
2575 2552 2654 2606 illi
2684 2551 3032 2606 continentia:
3083 2563 3288 2613 curam,
3323 2563 3353 2602 a
3406 2563 3514 2617 quo

1913 2647 2215 2700 damnatam
2295 2646 2679 2715 comperiSSem
2785 2644 3186 2699 incontinentis:
3278 2643 3510 2712 culpam.

1915 2740 2102 2803 Porro,
2137 2755 2257 2793 cum
2313 2750 2367 2794 et
2413 2740 2528 2808 ipse
2572 2739 2833 2808 jejunium
2883 2737 3119 2799 mandet,
3175 2745 3230 2790 ct
3279 2736 3511 2798 animam

1911 2840 2321 2900 conquassatum
2376 2831 2588 2899 proprie
2621 2830 2802 2899 utique
2852 2828 2956 2882 cibi
2999 2826 3259 2897 angustiis
3298 2824 3509 2879 sacrili-

1909 2925 2049 2978 cium
2081 2924 2314 2993 appellet
2336 2921 2455 2993 (Ps.
2479 2923 2540 2985 1.,
2568 2920 2676 2988 18),
2709 2921 2828 2990 quis
2855 2920 2961 2989 jam
2985 2917 3248 2972 dubitabit
3273 2916 3510 2971 omnium

1909 3031 2033 3086 erga
2059 3017 2251 3070 victum
2284 3015 2396 3085 (12)
2431 3016 2846 3070 macerationum
2874 3014 3008 3067 lianc
3039 3011 3204 3067 fuisse
3221 3011 3508 3075 rationem,

1907 3125 2010 3178 qua
2038 3124 2223 3162 rursus
2249 3108 2533 3162 interdicto
2547 3108 2688 3170 cibo,
2711 3116 2765 3160 et
2786 3107 3071 3160 observato
3091 3114 3375 3174 praeeepto,
3405 3104 3510 3172 pri-

1907 3199 2166 3254 mordiale
2171 3199 2280 3269 jam
2297 3198 2549 3252 delictum
2567 3198 2893 3265 expiaretur,
2911 3205 2968 3249 ut
2985 3196 3145 3250 homo
3158 3212 3250 3265 per
3261 3196 3504 3250 eamdem

1906 3297 2181 3349 materiam
2201 3309 2404 3348 caussa?
2436 3294 2568 3348 satis
2609 3292 2720 3347 Deo
2752 3290 2929 3352 iaciat,
2959 3305 3232 3359 perquam
3264 3288 3506 3342 on'ende-

195 3382 331 3435 mihi
388 3382 503 3455 (8);
559 3386 611 3437 in
669 3386 746 3438 his
789 3388 919 3439 enim
965 3388 1162 3441 duobus
1219 3390 1482 3457 prtcceptis
1536 3399 1641 3442 tota
1697 3389 1804 3444 Lex
1830 3390 1874 3452 C
1911 3403 2013 3455 rat,
2047 3391 2222 3454 idest,
2254 3390 2472 3460 pcrciln
2501 3385 3248 3455 interdictionem;atqueita
3279 3383 3503 3437 salutem

195 3475 384 3543 pendet
431 3486 476 3527 et
531 3477 809 3545 prophetae,
872 3493 978 3532 non
1012 3479 1062 3532 in
1093 3478 1401 3547 pulmonmn
1431 3490 1485 3532 et
1521 3480 1801 3535 intestino-

188 3582 312 3622 rum
359 3582 600 3623 meorum
633 3570 910 3626 inanitate.

801 3661 1030 3718 CAPUT
1062 3662 1152 3718 111.

263 3751 447 3821 Itaque
491 3767 590 3809 nos
643 3753 745 3810 bac
795 3756 941 3825 prius
980 3755 1253 3812 allii-mare
1313 3757 1573 3814 debemus
1604 3801 1616 3823 ,
1659 3760 1800 3830 quod

179 3844 396 3913 occulte
468 3846 650 3900 subrui
699 3847 1069 3917 periclitatur.
1135 3858 1388 3918 quantum
1446 3850 1615 3904 valeat
1656 3853 1796 3920 apud

182 3937 357 3993 Deum
406 3939 633 3995 inanitas
683 3940 780 3994 ista
809 3981 824 4003 ,
878 3949 933 3994 et
969 3949 1096 3996 ante
1120 3941 1295 3994 omnia
1333 3941 1472 3995 unde
1508 3942 1642 3995 ratio
1684 3943 1794 4010 ipsa

180 4033 510 4101 processerit
547 4034 648 4088 hoc
688 4034 849 4089 modo
896 4035 1234 4105 promerendi
1281 4036 1447 4091 Deum
1482 4053 1496 4100 ;
1531 4037 1611 4109 (tl)
1672 4048 1796 4094 tunc

175 4124 330 4180 cnim
363 4136 682 4196 aguoscetur
723 4130 1111 4184 observationis
1128 4130 1439 4197 necessitas,
1459 4145 1579 4184 eum
1607 4131 1797 4186 eluxe-

177 4219 255 4274 rit
283 4219 508 4274 rationis
548 4221 838 4277 auctoritas
862 4235 891 4275 a
919 4220 1221 4291 primordio
1268 4222 1632 4278 recensendze.
1688 4226 1789 4278 Ae-

1908 3484 2104 3537 :enmlo
2128 3482 2286 3536 modo
2315 3480 2739 3538 redaccenderet
2763 3479 2961 3542 inedia,
2995 3478 3135 3532 sicut
3175 3476 3506 3532 exstinxerat

1906 3576 2113 3646 sagitta,
2149 3589 2244 3645 pro
2273 3575 2429 3628 unico
2460 3574 2647 3628 illicito
2672 3573 2820 3640 plura
2854 3573 2994 3626 licita
3025 3580 3404 3626 contemnens.

2508 3663 2737 3719 CAPUT
2804 3662 2894 3716 IV.

1977 3758 2103 3814 llcc
2126 3757 2261 3811 ratio
2287 3757 2600 3811 servabatur
2626 3755 2766 3826 apml
2790 3752 3187 3809 Providentiam
3237 3753 3352 3816 Dei,
3405 3767 3502 3821 pro

1905 3849 2234 3917 temporibus
2251 3849 2431 3904 omnia
2453 3849 2780 3904 modulantis
2801 3848 2942 3918 (l3),
2967 3861 3034 3902 ne
3059 3846 3179 3916 quis
3195 3862 3259 3901 ex
3286 3845 3503 3901 diverso

1899 3944 1964 3999 ad
2000 3943 2352 4013 dejiciendam
2405 3945 2822 4013 propositionem
2869 3951 3153 4006 nostram,
3199 3938 3306 3995 Cur
3348 3957 3498 4010 ergo,

1900 4037 2060 4102 dit-at,
2085 4053 2189 4090 non
2220 4036 2399 4089 statim
2435 4035 2576 4089 Deus
2601 4035 2833 4104 aliquam
2867 4037 3038 4087 victus
3089 4033 3369 4086 constituit
3410 4049 3501 4087 ca-

1898 4130 2257 4201 stigationem,
2292 4129 2531 4199 quinimo
2582 4141 2637 4183 et
2684 4129 2830 4182 auxit
2877 4126 3335 4197 permissionem?
3365 4127 3496 4183 Nam

1901 4223 1952 4276 in
1983 4222 2276 4291 primordio
2298 4221 2512 4292 quidem
2567 4220 2845 4276 herbidum
2878 4219 3216 4275 solummodo
3257 4228 3313 4274 et
3341 4220 3498 4275 arbo-

1400 4333 1782 4391 LECTIONES
1821 4333 2234 4390 VARIANTES.

273 4445 320 4496 ι)
340 4444 506 4495 Victus
529 4443 684 4496 Seml.

264 4505 321 4581 ε)
345 4507 656 4581 {unanimi
679 4505 831 4581 sum
851 4507 974 4581 ιεορ

262 4568 319 4630 5)
347 4568 491 4617 Dilati
516 4569 674 4620 Sentl.
696 4568 850 4619 delati
875 4571 998 4619 Jun.

240 4629 320 4692 (4)
349 4629 585 4682 Diminuti
609 4635 732 4681 Jun.

1959 4442 2033 4563 ξε)
2056 4445 2306 4508 Tanquam
2333 4457 2413 4492 me
2438 4439 2581 4492 senti.

1980 4507 2032 4563 9)
2051 4507 2265 4556 Eversus
2280 4508 2399 4556 Jun.

1980 4507 2032 4568 9)
2051 4507 2265 4556 Eversus
2280 4508 2399 4556 Jun.

1961 4568 2067 4633 illi)
2093 4569 2345 4633 alalitiswt.
2370 4567 2520 4633 Sch.

1955 4630 1998 4687 ('1
2014 4630 2060 4692 l)
2086 4631 2256 4681 Casum
2278 4630 2424 4682 Setttl.

239 4691 316 4762 (ἕ)
341 4692 693 4762 [reponemus
714 4701 826 4762 J_uu.

1955 4691 2061 4762 (Ἓξ)
2087 4693 2256 4762 Victus
2276 4692 2419 4762 sentt.
2430 4692 2562 4762 forte
2582 4704 2702 4753 ergo
2723 4691 2842 4739 Jun.

261 4752 294 4802 ϐ
343 4751 599 4806 Οεο“(ώεεε
620 4756 763 4806 Seml.

234 4755 317 4879 i7)
337 4817 489 4876 Quam
508 4819 658 4869 Seml.

1954 4751 2059 4816 (13)
2087 4757 2378 4806 Moderantis
2402 4751 2555 4805 send.

1545 4921 2107 4980 COMMENTARIUS.

1954 5038 2038 5088 (Ἀ
2052 5039 2108 5091 1³.
2135 5037 2376 5102 111.-(‹Ι)
2399 5036 2540 5091 Tunc
2555 5041 2686 5091 enim
2709 5048 3008 5108 agnoscetur
3029 5037 3383 5093 observationis
3401 5057 3489 5095 nc-

1880 5111 2225 5168 cessitas.cum
2241 5111 2452 5179 obiecerit
2469 5111 2675 5162 rationis
2698 5111 2986 5163 auctoritas.
3009 5109 3144 5179 Ipse,
3163 5109 3288 5163 libro
3310 5111 3374 5164 (lc
3395 5113 3481 5163 tio-

1881 5196 2030 5243 roua,
2053 5169 2453 5233 consuetudinis
2475 5181 2586 5232 sive
2613 5181 3000 5234 observationis
3021 5169 3304 5248 probanda.-
3329 5198 3485 5249 regu-

1879 5249 1981 5304 lam
2011 5251 2350 5319 praescripsit.
2376 5249 2526 5305 Tonc
2556 5252 2801 5306 videlicet
2821 5251 3096 5306 colendam
3119 5266 3238 5304 esse
3259 5265 3484 5307 consue-

1878 5323 2141 5384 tudinem,
2173 5337 2293 5374 cum
2337 5323 2526 5374 rationi
2563 5332 2918 5376 consentanea
2949 5322 3398 5389 deprehenditur;
3428 5335 3482 5379 et

1876 5396 2134 5461 majorem
2181 5391 2320 5445 oftici
2375 5395 2633 5446 rationem
2685 5395 3094 5447 Christianarum
3138 5393 3473 5448 observatio-

1877 5480 2024 5529 num,
2078 5479 2197 5517 cum
2250 5464 2366 5516 illas
2419 5465 2579 5516 etiam
2627 5477 2808 5517 natura
2837 5463 3091 5529 delendit,
3141 5481 3258 5531 quae
3305 5480 3366 5532 pr
3389 5481 3472 5520 ma

1871 5537 2109 5590 omnium
2141 5535 2420 5603 disciplina
2451 5545 2550 5587 est.
2591 5534 2687 5589 llic
2718 5550 2846 5590 vero
2896 5543 3099 5587 tantum
3134 5536 3351 5589 rationis
3381 5551 3474 5590 au-

1869 5609 2168 5660 ctoritatem
2200 5606 2443 5659 advocat.
2479 5605 2600 5660 1116.

1940 5680 2017 5742 (e)
2052 5680 2109 5731 Si
2142 5677 2227 5728 uni
2256 5678 2542 5730 arbuscutw
2559 5677 2800 5745 jciunarc
2824 5677 3097 5730 maluisset.
3129 5675 3297 5742 Quale
3323 5676 3465 5742 jeju-

1869 5748 2508 5818 nium?quamloquidem
2569 5749 2773 5800 Adamn
2833 5749 2970 5799 Deus
3013 5763 3078 5801 ex
3123 5748 3265 5799 onmi
3321 5748 3466 5816 ligno

1863 5820 2149 5872 comedere
2173 5819 2485 5878 indulserat,
2517 5820 2666 5872 unica
2689 5829 2891 5872 tantum
2910 5819 3196 5872 arbuscula
3212 5831 3453 5886 excepfa.

1864 5890 2006 5960 Sane
2035 5891 2294 5942 Adamum
2339 5888 2592 5957 perdidit,
2621 5905 2726 5945 non
2773 5890 2916 5960 gula,
2976 5889 3071 5944 sed
3120 5896 3456 5959 prazmatura:

1859 5959 2152 6015 divinitatis
2172 5961 2385 6029 Cupido.
2416 5960 2535 6015 llic.

254 5034 331 5104 (ἐι)
355 5033 558 5089 Sublati
578 5036 656 5088 vel
678 5036 930 5090 diminuti.
946 5035 1060 5090 Cibi
1085 5035 1510 5102 sublalijejunio,
1531 5035 1778 5091 diminuti

166 5107 526 5176 xerophagia,
557 5106 816 5161 demorati
842 5116 1061 5176 propter
1081 5107 1339 5161 stationes
1367 5123 1484 5175 qua:
1526 5109 1774 5176 tpiouiam

169 5176 659 5248 protendebantur.
702 5179 850 5230 cibos
893 5179 1086 5231 morari
1136 5185 1542 5231 consueverant.
1573 5178 1645 5231 In:
1679 5179 1771 5232 l'n.

237 5247 324 5372 {(b)
345 5246 598 5302 Demarati
617 5249 712 5302 cibi
733 5249 925 5319 officia.
947 5250 1233 5312 Demarati,
1260 5248 1358 5302 bne
1379 5259 1480 5311 eSI,
1501 5249 1668 5302 dilati.
1685 5250 1773 5304 Sic

258 5333 312 5370 ra
347 5319 509 5372 hocce
534 5320 828 5372 opusculo:
865 5319 1044 5372 Stellae
1071 5320 1422 5372 auctoritatem
1461 5319 1772 5372 demorantis

170 5319 312 5373 infra
347 5319 509 5373 hocce
534 5320 828 5388 ttpﬂSCltlt):
865 5319 1044 5374 Stellae
1071 5320 1422 5372 auctoritatem
1461 5319 1772 5375 deniorantis

165 5391 458 5458 suspirant.
492 5390 607 5446 Rlc.

247 5460 325 5532 (c)
359 5458 423 5513 Et
463 5462 647 5515 scimus
684 5463 858 5529 quales
902 5461 1002 5515 sint
1053 5461 1336 5514 carnalium
1390 5461 1768 5515 commodorum

163 5531 433 5587 suasoriis.
463 5531 692 5593 Scimus,
731 5534 920 5601 inquit,
966 5533 1149 5600 quales-
1177 5535 1384 5584 soleant
1419 5545 1447 5584 a
1495 5532 1765 5601 l’syebicis

164 5604 371 5657 nostris
407 5602 819 5657 declamationes
868 5603 1082 5656 tractari
1119 5603 1414 5656 commodis
1461 5603 1765 5657 earualibus

163 5672 482 5727 suadendii.
529 5675 682 5742 Apud
728 5672 1000 5728 Illtetorcs
1041 5675 1147 5726 duo
1192 5689 1388 5742 genera
1419 5674 1760 5726 materiarum

168 5751 495 5806 tractantur,
528 5743 795 5799 Suasoria:
814 5756 867 5799 et
894 5744 1308 5799 Controvei-size.
1343 5745 1628 5808 Suasoriaa,
1656 5755 1742 5797 tan

161 5830 329 5882 quam
357 5814 606 5881 leviores,
628 5825 682 5868 et
712 5818 885 5869 minus
917 5816 1210 5886 prodeuntia:
1232 5816 1538 5884 exigentes.
1583 5822 1760 5880 pueris

167 5886 514 5951 delegantur,
543 5891 690 5954 quasi
733 5888 1031 5941 rudimenta
1063 5885 1292 5940 dicendi.
1341 5887 1753 5952 (lotitrovcrsize,

168 5970 267 6012 seu
287 5956 589 6023 .ludicialcs,
625 5959 1010 6015 robustioribus
1038 5958 1392 6024 assignantur.
1432 5954 1549 6010 Rm.
