4220 6492
697 387 811 448 959

2092 387 2553 447 TERTULIJANI

3910 395 4026 455 960

700 522 850 563 reum
911 505 1112 562 homini
1165 505 1420 578 pabulum
1465 507 1744 565 addixerat
1783 526 1796 564 :
1835 508 1965 565 Ecce
1998 510 2114 564 dedi
2165 511 2306 564 vobis
2336 513 2383 568 Λ
2411 518 2494 563 tte
2523 519 2577 565 et
2599 510 2758 566 melle
2780 512 3014 568 mananti
3042 511 3376 581 destinatus;
3405 513 3585 570 statim
3615 522 3793 571 autem
3819 516 4027 570 solitu-

700 617 848 658 omne
869 602 1061 674 fcitum
1089 603 1417 658 semcntivum
1440 605 1699 659 seminans
1719 620 1886 659 semen
1910 610 2047 676 quod
2064 614 2134 658 est
2149 621 2302 674 super

698 708 918 760 terram;
945 704 992 751 et
1045 713 1194 751 omne
1222 698 1418 769 lignum
1447 700 1583 769 quod
1616 699 1762 753 habet
1803 701 1855 753 in
1905 701 2170 770 semetipso
2185 703 2303 768 fru-

699 798 837 843 ctum
853 790 1061 845 seminis
1083 791 1340 845 sementivi
1363 792 1497 846 vobis
1518 793 1610 845 crit
1630 793 1685 846 in
1709 809 1873 847 escam
1893 793 2042 865 (Gen.
2069 793 2160 859 IX,
2181 793 2299 863 29).

701 881 893 937 Postea
918 896 1047 937 vero
1073 881 1140 935 ad
1180 881 1292 936 Noe
1339 891 1651 937 enumerata
1695 883 2026 952 subjectionc
2061 887 2300 939 omnium

702 974 999 1029 bestiarum
1027 983 1282 1042 terrm,et
1305 975 1598 1030 volatilium
1621 976 1765 1042 coeli,
1797 987 1853 1032 et
1890 979 2218 1032 moventium
2250 978 2301 1032 in

704 1075 870 1132 terra,
891 1075 946 1123 et
970 1066 1190 1136 piscium
1211 1069 1392 1133 maris,
1424 1078 1473 1123 et
1501 1068 1678 1122 onmis
1706 1069 1932 1123 viventis
1959 1069 2036 1139 (1)
2063 1087 2076 1128 :
2113 1070 2300 1138 Erunt,

702 1158 917 1230 inquit,
948 1159 1085 1214 vobis
1111 1159 1165 1213 in
1195 1175 1381 1225 escam,
1411 1161 1545 1215 velut
1575 1162 1716 1215 olera
1738 1162 1859 1232 {teni
1887 1162 2001 1217 dedi
2019 1162 2155 1217 vobis
2185 1165 2302 1217 smi-

703 1267 893 1319 versa;
947 1269 1118 1308 verum
1175 1270 1379 1308 carnem
1429 1256 1482 1308 in
1536 1257 1783 1327 sanguine
1822 1257 2009 1311 anima:
2049 1270 2156 1312 suta
2203 1273 2304 1311 non

703 1347 882 1413 editis;
912 1345 1065 1419 (Gen.
1100 1347 1190 1410 IX,
1226 1347 1284 1417 2)
1317 1363 1437 1402 nam
1469 1349 1648 1405 ethoc
1678 1351 1795 1420 ipso
1825 1351 1965 1421 quod
1993 1365 2111 1406 eam
2129 1350 2302 1406 solam

703 1453 920 1494 carnem
936 1439 1049 1495 esui
1064 1439 1145 1512 (2)
1160 1440 1367 1506 eximit,
1389 1441 1539 1511 cujus
1556 1443 1730 1496 anima
1753 1457 1858 1498 non
1877 1457 1974 1512 per
1985 1444 2302 1514 sanguinem

703 1531 1014 1595 ellmiditur,
1045 1532 1220 1586 omnis
1239 1533 1455 1603 reliqua:
1481 1533 1661 1588 carnis
1691 1547 1844 1588 usum
1868 1533 1948 1605 (ὅ)
1973 1538 2306 1591 concessisse

706 1622 1048 1678 manifestum
1087 1633 1186 1678 est.
1219 1623 1299 1679 Ad
1330 1624 1443 1680 haec
1488 1625 1896 1695 respondemus,
1942 1640 2047 1680 non
2091 1640 2308 1696 compe-

707 1717 837 1772 tissc
863 1718 1074 1773 onerari
1107 1717 1377 1772 hominem
1409 1717 1582 1789 aliqua
1607 1719 1782 1774 adhuc
1809 1720 2146 1775 abstinentia:
2166 1720 2304 1789 lege,

707 1809 796 1878 qui
843 1823 963 1863 cum
1015 1811 1247 1865 maxime
1287 1818 1394 1865 tam
1427 1811 1598 1866 levem
1643 1808 2097 1879 interdictioueui,
2150 1813 2306 1867 unius

2405 600 2548 656 diuis
2575 604 2808 672 copiosa
2837 605 3233 676 circumspectu
3263 607 3674 672 scandalizatus,
3717 609 4027 663 saturitatis

2407 695 2674 769 Egyptia:
2715 698 3039 754 detrimenta
3088 699 3207 772 (l0)
3259 702 3558 771 suspirans,
3589 702 3640 755 in
3692 700 3911 772 Moysen
3973 711 4030 755 et

2408 789 2585 843 Aaron
2617 791 2954 845 mussitavit:
2990 790 3200 846 Utinam
3248 794 3549 850 obiissemus
3579 797 3807 865 percussi
3833 812 3862 848 a
3914 795 4028 848 Do-

2407 882 2543 934 mino
2597 882 2649 934 in
2691 890 2826 935 terra
2857 881 3101 954 Egypti,
3129 886 3335 955 qnttndo
3388 901 3542 954 super
3595 886 3727 939 ollas
3777 888 4024 939 carnium

2405 973 2723 1040 sedebamus,
2771 985 2820 1029 et
2867 992 3028 1045 patres
3090 978 3143 1030 in
3191 977 3560 1047 plenitudinem
3591 979 4029 1033 comedebansns!

2410 1063 2678 1130 Quomodo
2707 1064 2726 1136 ’_
2735 1066 2821 1130 11)
2847 1067 3065 1121 cduxisti
3085 1083 3175 1121 nos
3195 1069 3249 1122 in
3279 1068 3385 1123 lucc
3408 1067 3606 1124 deserta
3623 1069 3692 1122 ad
3713 1069 4032 1138 interﬁcien-

2407 1159 2525 1212 dam
2555 1175 2866 1231 synagogam
2883 1161 3035 1214 istam
3061 1161 3235 1232 fante?
3255 1159 3383 1232 (Ex.
3414 1160 3553 1226 XVI,
3579 1159 3637 1233 2)
3672 1161 3863 1217 Eadem
3891 1177 4031 1215 vcn-

2409 1251 2506 1305 tris
2523 1251 2832 1320 prmlatione
2847 1250 3132 1322 deploratu
3141 1266 3230 1307 rus
3247 1261 3364 1307 erat
3382 1252 3603 1308 eosdem
3630 1252 3794 1308 duces
3821 1268 3960 1308 suos
3976 1264 4032 1308 et

2412 1342 2502 1398 Dei
2517 1343 2903 1413 arbitros,quos
2917 1342 3374 1398 desiderincarnis
3383 1351 3438 1398 et
3450 1341 3733 1398 recordata
3747 1342 4032 1413 [Egyptia'

2407 1448 2526 1489 rum
2551 1433 2823 1503 copiarum
2855 1434 3246 1489 exacerbabat:
3277 1434 3406 1502 Quis
3419 1435 3638 1506 nos(l2)
3674 1436 4031 1506 resccret(l3)

2408 1528 2603 1580 carne!
2632 1524 2884 1580 Venerunt
2903 1527 2956 1580 in
2982 1538 3198 1581 mentem
3227 1527 3373 1581 nobis
3398 1527 3560 1596 pisces
3574 1543 3699 1597 quos
3714 1526 3856 1597 ξιιΛί
3860 1538 4032 1598 gypto

2409 1619 2680 1673 edebamus
2699 1621 2881 1690 gratis,
2911 1628 2958 1673 et
2993 1635 3300 1684 cucumcres,
3338 1629 3385 1673 et
3412 1635 3651 1690 pepones,
3686 1631 3732 1673 et
3759 1622 3926 1688 porri,
3982 1630 4032 1673 et

2409 1729 2549 1781 cepe,
2579 1723 2623 1766 et
2657 1713 2782 1766 alia.
2803 1712 2869 1765 At
2891 1728 3024 1766 nunc
3041 1713 3216 1766 anima
3245 1720 3420 1766 nostra
3437 1712 3604 1776 arida,
3631 1712 3757 1765 nihil
3775 1712 3872 1766 nisi
3907 1712 4034 1782 (14)

2411 1823 2598 1860 manna
2614 1807 2781 1860 vident
2799 1805 2936 1860 oculi
2949 1806 3127 1860 nostri.
3152 1803 3337 1878 (Num.
3360 1803 3456 1870 XI,
3474 1802 3530 1875 4)
3550 1803 3623 1857 Ita
3649 1813 3701 1859 et
3723 1804 3822 1858 illis
3841 1805 3924 1873 (c)
3942 1819 4034 1857 xe-

707 1901 916 1956 scilicet
948 1904 1112 1971 pomi.
1143 1903 1379 1958 tolerare.
1429 1917 1537 1958 non
1567 1904 1776 1973 potuit;
1820 1905 2105 1961 remissum
2130 1907 2309 1976 itaque
2337 1901 2386 1960 B
2413 1902 2682 1973 rophagize
2740 1915 2906 1970 panes
2959 1899 3078 1968 (I5)
3105 1899 3330 1970 angelici
3368 1898 3722 1969 displicebant
3764 1914 3778 1949 :
3833 1898 4030 1952 allium

710 1992 858 2047 illum
889 1993 1135 2049 libertate
1183 1995 1295 2063 ipsa
1324 1995 1806 2052 corroboraudum.
1857 1997 2031 2069 Eque
2070 1998 2151 2071 (.l)
2190 2010 2311 2068 post

709 2085 966 2141 diluvium
1001 2087 1052 2141 in
1103 2085 1486 2144 reformatione
1514 2090 1726 2159 generis
1755 2091 1995 2154 lmmani,
2034 2091 2310 2147 sulleeissc

710 2191 870 2230 unam
925 2177 1138 2232 interim
1199 2178 1366 2249 legem
1412 2195 1441 2232 a
1494 2181 1755 2250 sanguine
1801 2180 2129 2246 abstinendi,
2181 2196 2310 2251 per-

712 2268 878 2322 misso
903 2268 984 2339 (5)
1017 2283 1114 2324 usu
1139 2268 1220 2338 (6)
1253 2279 1592 2326 easterornm.
1620 2272 1734 2326 Jatn
1768 2273 2182 2343 cnimjudicium
2207 2274 2314 2327 Do-

714 2362 890 2416 minus
917 2363 1226 2418 ostenderat
1256 2379 1350 2434 per
1391 2365 1679 2431 diluvium;
1705 2367 1877 2421 adhuc
1906 2370 2066 2423 etiam
2091 2369 2314 2422 commi-

716 2463 874 2508 natus
924 2453 1099 2509 fuerat
1142 2469 1236 2524 per
1291 2458 1703 2526 exquisitioiiem
1736 2461 2009 2528 sanguinis
2038 2461 2106 2516 de
2153 2477 2314 2516 manu

714 2543 919 2612 fratris,
942 2545 1085 2601 etde
1112 2561 1270 2602 manu
1304 2549 1508 2604 liCSliZB.
1532 2546 1683 2616 (lien.
1707 2549 1799 2615 IX,
1828 2551 1884 2621 5)
1906 2550 2092 2609 Omnis
2114 2553 2194 2623 (7)
2220 2553 2318 2606 ita-

715 2638 1290 2709 quejustitiamjudicii
1310 2642 2320 2710 prmministi-aus,iuateriamlibertatis

717 2732 917 2796 emisit,
939 2747 1033 2803 per
1054 2734 1572 2807 venian'tsupparaus
1598 2736 1969 2808 disciplinam;
2002 2740 2320 2808 permittens

716 2824 917 2887 omnia,
943 2833 996 2877 ut
1015 2823 1503 2894 demeretquidam;
1525 2827 1642 2896 plus
1659 2835 1964 2890 exacturus.
1981 2829 2024 2883 si
2046 2829 2162 2898 plus
2179 2845 2322 2884 cmu-

719 2915 836 2970 tuisi
871 2923 972 2978 set;
992 2915 1372 2970 abstinentiam
1400 2916 1777 2987 imperaturus,
1799 2918 2320 2990 cumindulgentiam

722 3005 1067 3077 pnemisissct
1098 3005 1180 3078 (8)
1207 3025 1219 3071 ;
1248 3022 1358 3078 quo
1384 3009 1578 3079 magis,
1615 3020 1670 3063 nt
1693 3009 1948 3073 diximus,
1982 3013 2324 3081 primordiale

719 3098 975 3157 delictum
1007 3099 1315 3169 capiaretur
1348 3101 1567 3170 majoris
1597 3101 1939 3160 abstinentia:
1971 3105 2320 3176 operatione,

722 3193 776 3250 in
810 3191 1029 3264 majoris
1055 3191 1285 3249 licentia:
1308 3195 1613 3251 occasione.

1360 3286 1590 3343 CAPUT
1625 3287 1684 3343 V.

797 3377 1057 3448 Denique,
1091 3377 1180 3432 ubi
1211 3377 1319 3448 jam
1350 3389 1405 3433 et
1450 3379 1727 3435 familiaris
1759 3380 1989 3451 populus
2018 3382 2172 3453 allegi
2212 3382 2322 3439 Deo

725 3472 910 3540 cmpit,
942 3480 996 3526 et
1023 3472 1289 3527 restitutio
1322 3471 1553 3528 hominis
1587 3473 1751 3529 imbui
1782 3475 1984 3545 potuit,
2020 3486 2145 3532 tunc
2182 3477 2324 3549 leges

725 3561 1128 3634 disciplimeque
1169 3578 1358 3620 omnes
1409 3566 1674 3636 impositm
1721 3569 1882 3622 etiam
1915 3584 2033 3638 qum
2071 3569 2328 3641 decerpe—

727 3664 846 3710 rent
875 3657 1094 3722 vietum,
1125 3655 1396 3728 ademptis
1435 3658 1755 3728 quibusdam
1805 3659 1969 3715 veluti
2017 3661 2327 3730 immundis,

727 3762 837 3818 quo
893 3748 1098 3804 facilius
1144 3748 1432 3821 aliquando
1454 3749 1656 3820 jejuuia
1703 3752 1958 3807 toleraret
1996 3755 2177 3822 homo,
2209 3770 2327 3826 per-

732 3851 892 3913 petua
917 3843 968 3897 in
996 3843 1316 3912 quibusdam
1347 3843 1670 3900 abstinentia
1701 3859 1850 3900 usus.
1883 3846 1962 3920 (a)
1986 3846 2119 3903 Nam
2146 3859 2204 3904 et
2229 3850 2336 3920 pri-

728 3953 848 3994 mus
878 3939 1104 4010 populus
1134 3939 1208 4012 (ὸ)
1240 3941 1396 4010 primi
1436 3941 1667 3997 hominis
1709 3944 2065 4014 resculpserat
2107 3947 2335 4009 crimen,

734 4033 958 4104 pronior
983 4035 1156 4089 ventri
1195 4049 1355 4106 quam
1403 4035 1515 4090 Dco
1545 4034 1952 4104 deprehensus;
1985 4052 2108 4092 cum
2139 4036 2207 4093 de
2235 4036 2341 4092 du-

736 4124 857 4179 ritia
889 4124 1158 4196 Egyptim
1201 4127 1475 4182 servitutis
1513 4127 1684 4182 valida
1714 4143 1875 4182 manu
1908 4128 2000 4184 Dei
2033 4138 2086 4184 et
2127 4127 2343 4185 sublimi

735 4219 959 4277 brachio
999 4228 1219 4293 ereptus
1251 4221 1516 4279 Dominus
1542 4222 1659 4292 ejus
1686 4221 1831 4277 visus
1855 4222 1956 4294 (9);
1989 4232 2045 4278 et
2074 4231 2231 4277 terra:
2262 4224 2342 4277 la-

2416 1999 2594 2069 potius
2617 2008 2819 2066 eteepe
2835 2011 2993 2066 quam
3021 1995 3216 2050 emtum
3237 1994 3475 2064 Iragrare
3488 1992 3778 2047 malebant.
3807 1991 3871 2047 Et
3902 1991 4034 2044 ideo

2415 2101 2521 2147 tam
2553 2089 2773 2160 ingratis
2799 2087 3030 2157 gratiora
3056 2096 3109 2141 et
3135 2084 3495 2141 csculentiora
3532 2098 3754 2154 qntrqne
3783 2083 4039 2137 detracta

2415 2194 2559 2250 sunt,
2596 2182 2879 2254 punienda:
2908 2181 3066 2235 simul
3099 2179 3235 2250 gul:e
3251 2188 3302 2234 et
3334 2176 3652 2234 exercenda:
3675 2177 4037 2231 continentim

2415 2291 2628 2343 caussa,
2659 2285 2716 2331 ut
2743 2275 2831 2331 illa
2859 2274 3234 2336 damnaretur,
3267 2272 3370 2328 ista
3411 2269 3735 2326 erudiretur.

3030 2362 3260 2419 CAPUT
3321 2361 3414 2417 VI.

2488 2462 2640 2516 Nunc
2665 2460 2707 2515 si
2742 2469 2946 2514 temere
2976 2457 3211 2512 rationes
3249 2454 3494 2526 castigati
3533 2469 3561 2508 a
3603 2453 3711 2509 Deo
3739 2454 3940 2520 victus,
3975 2462 4034 2509 et

2418 2554 2711 2626 castigandi
2743 2560 2962 2622 propter
2991 2550 3157 2604 Deum
3185 2564 3215 2604 ιι
3266 2548 3442 2608 nobis,
3496 2545 3560 2600 ad
3606 2545 4038 2616 primordiorum

2421 2647 2786 2716 evperimenta
2819 2642 3208 2705 revocavimus,
3263 2639 3652 2695 conscientiam
3684 2653 4039 2694 communem

2423 2737 2785 2800 consulamus,
2821 2735 2932 2805 ipsa
2957 2742 3144 2789 natura
3179 2731 3517 2794 enuntiabit,
3547 2731 3733 2801 quales
3765 2745 3869 2784 nos
3911 2740 4039 2784 ante

2428 2831 2678 2903 palmlum
2695 2837 2749 2884 et
2767 2837 2945 2898 potmn
2965 2826 3018 2880 in
3038 2825 3240 2896 virgine
3259 2823 3432 2878 adhuc
3449 2822 3614 2878 saliva
3631 2821 3893 2877 exhibere
3907 2836 4042 2876 con-

2427 2926 2592 2981 suerit
2623 2924 2782 2979 rebus
2808 2921 3070 2976 duntaxat
3098 2931 3294 2974 sensus
3321 2915 3442 2989 (16)
3471 2915 3694 2986 agendis
3719 2929 3832 2984 quo
3855 2913 4042 2968 divina

2430 3027 2724 3074 tractantur
2745 3014 2790 3070 si
2813 3013 2982 3068 multo
3013 3009 3350 3082 pollentioris
3369 3008 3586 3074 mentis,
3609 3008 3655 3062 si
3684 3006 3860 3062 multo
3890 3007 4044 3060 viva-

2432 3111 2581 3165 tioris
2616 3107 2819 3172 cordis,
2850 3120 3007 3176 quam
3039 3119 3161 3159 cuin
3213 3110 3381 3155 totum
3416 3099 3545 3155 illud
3585 3100 3932 3155 domicilium
3965 3100 4045 3154 in-

2433 3202 2646 3257 terioris
2692 3198 2945 3260 hominis,
3001 3195 3141 3251 escis
3199 3195 3474 3264 stipatum,
3511 3191 3650 3246 vinis
3697 3190 4044 3257 inundatum,

2349 3287 2395 3350 C
2427 3291 2792 3364 decoquendis
2813 3291 2924 3361 jam
2960 3287 3286 3344 stercoribus
3315 3294 3549 3341 :cstuans
3580 3284 3720 3358 (l7),
3769 3283 3854 3358 (d)
3914 3298 4050 3356 pra:-

2429 3386 2824 3443 mcditatorium
2899 3381 3130 3438 el‘llcitur
3191 3379 3552 3443 latrinarum,
3610 3377 3664 3431 in
3723 3391 3837 3447 quo
3889 3374 4050 3446 plane

2431 3480 2565 3535 nihil
2595 3488 2700 3533 tam
2731 3477 2784 3531 in
2812 3476 3062 3544 proximo
3088 3471 3344 3542 supersit,
3370 3484 3529 3542 quam
3561 3467 3625 3524 ad
3649 3468 3934 3523 lasciviam
3962 3481 4052 3522 sa-

2433 3589 2583 3644 pere.
2609 3569 2938 3625 Manducarit
2964 3568 3184 3637 populus
3209 3576 3256 3619 et
3271 3564 3417 3626 bibit,
3440 3572 3486 3616 et
3513 3571 3844 3618 surrexerunt
3873 3562 4054 3615 ludere

2439 3664 2564 3736 (Ex.
2590 3659 2810 3721 XXXII.
2845 3659 2924 3728 6).
2963 3656 3202 3727 lntellige
3227 3665 3424 3711 sancta!
3464 3652 3755 3723 Scriptum
3781 3667 4054 3708 verecun-

2436 3759 2578 3814 diam
2609 3776 2623 3811 :
2658 3755 2857 3821 lusum,
2877 3751 2977 3806 nisi
3008 3747 3358 3821 impudicum,
3381 3760 3488 3802 non
3505 3744 3840 3800 denotasset.
3874 3743 4054 3799 Carte-

2438 3866 2557 3908 rum
2578 3891 2592 3916 ,
2624 3845 3046 3919 quotusquisque
3080 3841 3380 3897 meminerit
3429 3838 3742 3910 religionis,
3776 3838 4059 3907 occupatis

2443 3941 2720 4000 memoria:
2744 3937 2896 4000 locis,
2919 3933 3184 4005 impeditis
3197 3932 3563 4004 sapientianne
3576 3929 3771 3984 mbris?
3794 3927 3977 3984 Nemo
3993 3928 4059 3982 ita

2445 4042 2506 4089 ut
2533 4033 2708 4094 decet,
2743 4030 2811 4084 ita
2840 4037 2898 4088 ut
2926 4041 3021 4098 par
3041 4035 3143 4089 est,
3176 4025 3247 4080 ita
3275 4034 3332 4077 ut
3362 4021 3492 4078 utile
3532 4030 3636 4088 est,
3671 4019 4061 4075 recordabitur

2453 4127 2544 4182 Dei
2599 4125 2651 4180 in
2691 4137 2757 4179 eo
2816 4132 3055 4189 tempore
3101 4117 3215 4189 (ε),
3255 4129 3363 4186 quo
3405 4114 3580 4185 ipsum
3629 4111 3731 4168 sibi
3778 4111 4058 4166 hominem

2450 4217 2702 4277 excidere
2756 4215 2998 4270 solemne
3037 4220 3140 4267 est.
3197 4207 3424 4266 Omnem
3485 4205 3830 4276 disciplinam
3889 4205 4059 4261 victus

1980 4339 2363 4400 LECTIONES
2403 4334 2819 4397 VARIANTES.

826 4430 870 4494 l)
891 4430 1157 4494 §erpen_t_i_s
1180 4432 1329 4494 Seml.

823 4489 872 4545 2)
890 4489 1003 4543 Esui
1029 4489 1150 4544 tollit
1168 4493 1319 4545 Seml.

821 4554 874 4605 5)
898 4554 1048 4605 Esum
1080 4557 1115 4605 J
1123 4569 1203 4605 un.

797 4617 871 4683 tt)
896 4617 1057 4683 atque
1081 4618 1230 4669 Seml.
1247 4621 1388 4683 LeOp.

801 4681 876 4737 (5)
898 4679 1146 4731 Permissu
1169 4679 1311 4731 remi.

802 4741 877 4807 (ti)
900 4741 997 4792 lisu
1023 4744 1144 4794 Jun.
1170 4741 1358 4795 videtur
1380 4741 1609 4807 abfuisse.

799 4805 875 4873 (ἶ)
899 4811 966 4873 ge
985 4819 1128 4873 manu
1153 4808 1326 4873 bestiae
1348 4805 1539 4873 omnes.
1560 4806 1731 4871 Itaque
1755 4808 1874 4857 Jun.
1905 4809 2044 4873 Leop.

827 4866 880 4919 8)
905 4866 1220 4918 Permisissct
1235 4868 1388 4919 Seml.

824 4929 878 4994 9)
901 4929 1116 4994 Ereptus
1136 4930 1361 4983 dominus
1382 4929 1533 4984 Seml.
1559 4933 1784 4983 dominus
1813 4933 1922 4997 ejus
1946 4934 2077 4985 visus
2113 4941 2190 4986 est
2227 4933 2349 4984 Jun.

2435 4430 2630 4484 etadd.
2656 4427 2765 4478 cod.
2800 4427 2987 4476 Wonw.
3019 4418 3240 4485 eis_coni.
3264 4421 3408 4471 Pam.
3431 4423 3485 4469 et
3499 4415 3641 4466 uncis
3662 4415 3842 4466 utitur.

2501 4481 2609 4555 (to)
2634 4492 2944 4555 Detrimeth
2965 4481 3120 4536 Seml.

2365 4592 2421 4653 1)
2505 4556 2614 4738 δὲ)
2636 4545 2958 4666 mea?

2532 4679 2603 4738 15)
2630 4676 2948 4738 PascetJun.

2537 4615 2614 4668 12)
2636 4615 2743 4666 Νοιι
2773 4615 2943 4664 Venet.

2532 4670 2607 4738 15)
2630 4677 2808 4728 Paseet
2824 4676 2948 4738 Jun.
2963 4671 3152 4722 Vcseet
3175 4670 3315 4736 Leop.

2511 4732 2616 4804 (ll)
2638 4740 2758 4804 Siue
2785 4732 2936 4804 Se_ml.

2511 4793 2612 4865 (15)
2644 4803 2807 4851 Penes
2829 4800 2977 4865 (rem.
3000 4798 3138 4861 panis
3157 4793 3269 4847 cod.
3300 4801 3482 4844 n’outtt.

2546 4860 2620 4924 ιϐ’)
2647 4865 2808 4913 Sensu
2837 4860 3001 4924 Gclen.

2546 4871 2620 4924 Ili)
2647 4871 2808 4913 Seusu
2837 4871 3001 4911 Geten.

2516 4871 2624 4992 in)
2648 4925 2939 4978 Exestuans
2959 4920 3029 4972 al.

2098 5034 2658 5096 COMMENTARIUS.

815 5155 972 5212 CAP.
1003 5154 1146 5210 V.—
1175 5155 1254 5229 (a)
1282 5155 1421 5229 Nam
1450 5167 1495 5212 et
1522 5159 1716 5229 primus
1743 5159 1982 5228 populus.
2007 5169 2109 5214 etc.
2139 5157 2352 5229 Primus

747 5229 1046 5297 appellatur
1077 5228 1305 5297 populus
1325 5227 1596 5295 Judaicns,
1620 5230 1684 5285 ad
1711 5227 2107 5286 distinctionem
2130 5228 2350 5284 secundi

747 5295 1016 5370 Gentium.
1048 5295 1300 5354 llic—vero
1334 5299 1542 5355 videtur
1581 5315 1800 5370 prorsus
1829 5300 2157 5370 superﬂuum
2198 5299 2348 5363 illud,

748 5372 889 5444 quod
916 5369 1052 5444 adeo
1097 5371 1399 5444 parenthesi
1454 5369 1790 5438 inclusimus,
1825 5369 2073 5428 Dominus
2103 5373 2348 5444 ejus,seu

750 5442 928 5513 potius
950 5442 1044 5513 eis,
1080 5443 1216 5513 uisus
1243 5452 1336 5497 est.
1365 5444 1499 5499 I’sl.

824 5513 904 5581 (b)
943 5509 1106 5583 Primi
1138 5513 1358 5583 hominis
1386 5515 1718 5581 resculpserat
1757 5514 1966 5568 crimen.
2022 5512 2350 5583 Augustinus

756 5585 806 5638 in
837 5583 976 5637 l'sal.
1013 5581 1077 5636 VI
1108 5601 1120 5636 :
1154 5582 1292 5638 Dum
1320 5585 1451 5638 enim
1482 5602 1572 5640 nos
1598 5587 1957 5651 convertimur,
1987 5584 2042 5638 id
2064 5581 2155 5646 est,
2180 5593 2348 5638 muta-

757 5657 914 5728 tione_
943 5654 1123 5728 veteris
1165 5655 1306 5728 ritur,
1349 5658 1684 5727 resculpimus
1735 5659 1989 5728 spiritum.
2038 5655 2260 5710 liulinns
2300 5655 2353 5709 itt

757 5723 1004 5780 tumidem
1037 5725 1125 5781 Ps.
1153 5724 1291 5780 Dum
1316 5723 1669 5794 convertimur,
1699 5729 1752 5783 id
1764 5723 1870 5796 est,
1912 5728 2033 5782 dum
2079 5736 2359 5783 commuta-

760 5801 894 5870 tione
917 5797 1092 5870 tteteris
1113 5798 1228 5852 vita’
1253 5799 1610 5870 resculpimur.
1635 5799 1756 5856 th.

836 5868 910 5942 (ς’)
944 5865 1301 5942 crepitagitc
1332 5865 1487 5942 panes
1551 5871 1783 5941 angelici.
1831 5870 2015 5942 Longe
2067 5868 2361 5942 dissimiles

836 5886 910 5929 μ’)
958 5886 1095 5921 Aera
1135 5886 1301 5939 uagitu
1365 5887 1487 5924 anes
1551 5886 1783 5941 angelici.
1831 5886 2015 5942 Longe
2067 5886 2361 5925 (llSSIﬂIIll‘S

768 5937 1036 5996 atbleticis
1083 5886 1189 5998 illis
1237 5887 1399 6000 ariti’te
1452 5941 1726 6000 hominum
1781 5943 2008 5999 altilium
2055 5939 2362 6014 sagitationi

2459 5147 2973 5287 ν’ἓνλῖξῗ’νῗῖῗ’(ἀ)
3002 5211 3468 5287 Prtemeditoriunt.
3497 5209 3610 5287 Hoc
3634 5210 3800 5265 etiam
3833 5207 4075 5287 imitatus

2459 5294 2518 5350 Β.
2545 5280 3648 5364 111θτοηγπιῃέε’ριιαζεκξιξιῃιὶι,λείιιιιξιιιιι
3665 5290 3770 5364 est,
3792 5291 3887 5364 usit
3917 5280 4076 5364 quatis

2455 5366 2664 5438 refectio
2697 5352 2806 5431 νόει
2830 5352 3127 5438 jejunium!
3154 5352 3412 5438 Pridianis
3439 5352 3604 5438 epulis
3643 5352 4076 5438 distendims‘tsiet

2453 5424 2627 5508 guttur
2656 5424 2890 5508 nostratui
2923 5427 3317 5508 inetlitatorium,
3342 5439 3431 5508 seu
3481 5424 3648 5508 potius
3687 5424 4072 5508 prgineditato:

2453 5493 2588 5562 rium
2613 5503 3174 5578 cﬂiciturlatringum.
3215 5497 3315 5578 Qui
3337 5493 3738 5578 μίξει-θώρηξ
3762 5493 4073 5578 Scriptum-rs

2460 5578 2549 5634 hic
2578 5562 2790 5641 ciiatas,
2818 5573 2989 5629 Exod.
3016 5573 3104 5628 51.
3128 5584 3193 5626 ac
3222 5562 3426 5641 Denter.
3451 5567 3594 5641 53ft
3617 5564 3672 5621 8.
3693 5562 3830 5620 Item
3863 5563 4001 5641 leni.
4026 5563 4074 5614 ὓ.

2453 5633 2681 5716 dicente
2698 5633 2838 5718 quod
2871 5645 2940 5718 ibi
2963 5645 3122 5698 etiam
3147 5640 3251 5711 legi
3276 5637 3494 5703 debeat,
3507 5635 3702 5718 ⁸ιὶειιιιι,
3730 5633 3880 5718 quod
3906 5646 4079 5718 grafcc

2461 5720 2520 5776 lit
2545 5707 2664 5781 ei».
2691 5707 2746 5774 ct
2772 5715 2912 5788 quod
2941 5723 3128 5770 auctor
3148 5707 3244 5768 sua
3268 5719 3448 5766 utatur
3467 5708 3648 5782 phrasi
3671 5707 4038 5775 salviﬁcatorie
4060 5744 4074 5768 ,

2462 5808 2561 5864 pro
2584 5790 2815 5864 salutari.
2845 5788 2984 5842 PAII-
3243 5855 3253 5864 _
3562 5850 3576 5864 ,
3683 5851 3692 5859 .
3952 5848 3964 5860 .

2541 5861 2618 5934 (e)
2646 5861 2711 5916 In
2733 5877 2791 5916 eo
2819 5870 3072 5934 tempore,
3101 5869 3200 5925 quo
3237 5855 3406 5934 ipsum
3431 5851 3527 5934 sibi
3555 5850 3815 5934 hominem
3830 5847 4079 5934 (excidere

2467 5920 2688 5993 solemne
2731 5941 2822 5988 est.
2853 5920 3066 5988 Etettim
3096 5920 3190 5998 per
3217 5920 3534 5982 ebrietatem
3564 5920 3953 5994 aliquantisper
3996 5932 4077 5974 sa-
