4220 6492
209 423 308 482 96!

209 633 659 704 ipseoblivionem
680 631 761 686 sui
785 629 1116 700 exprobrans
1138 629 1341 695 lsracli,
1357 644 1600 685 caussam
1629 629 1796 697 pleni-

208 727 378 780 ttrdini
402 725 618 796 deputat
645 724 704 795 (1
732 723 748 794 )
773 741 788 778 :
821 722 1143 777 lncrassatns
1159 731 1229 777 est
1254 722 1467 776 dilectus
1488 762 1502 786 ,
1526 733 1572 777 et
1592 722 1802 792 pingue-

207 823 408 889 factus,
437 827 483 872 et
510 817 753 871 dilutatns
794 824 900 882 cst,
949 825 995 869 et
1039 813 1304 884 dereliquit
1345 813 1511 870 Deum
1557 815 1640 882 qui
1685 814 1803 882 fecit

205 927 322 964 eum
346 951 363 976 ,
409 920 455 964 et
493 909 728 964 abscessit
756 924 787 961 α
815 906 1037 961 Domino
1062 907 1429 976 saluti/iuuare
1469 923 1560 960 suo
1609 904 1801 978 (Deut.

206 1002 440 1070 XXXII,
473 1003 592 1073 15).
653 1001 889 1071 Denique
917 1002 970 1054 in
989 999 1178 1055 eodem
1213 999 1626 1055 Deutcrouomio
1658 1014 1801 1054 eant-

207 1097 332 1150 tlem
383 1109 602 1150 causam
651 1095 938 1165 praecaveri
984 1093 1182 1164 jubeus
1224 1109 1238 1146 :
1291 1090 1403 1158 Nc,
1438 1093 1641 1161 inprit,
1690 1109 1805 1146 cum

205 1189 595 1242 mandat-acetis
647 1197 693 1241 et
745 1187 962 1249 biberis,
994 1197 1040 1242 et
1096 1185 1274 1239 domos
1321 1185 1538 1255 optimas
1579 1184 1806 1251 (ediﬁce-

206 1283 376 1348 vcris,
423 1282 598 1336 ovibus
646 1290 692 1335 et
738 1279 894 1335 bobus
936 1281 1036 1335 tuis
1083 1277 1471 1350 multiplicatis,
1532 1291 1577 1333 ct
1624 1295 1807 1349 argen-

206 1384 260 1426 to
288 1381 334 1426 et
364 1389 491 1427 auro
512 1414 525 1437 ,
558 1373 831 1427 extollatur
855 1387 943 1426 cor
968 1381 1112 1425 tuum
1139 1413 1154 1436 ,
1185 1383 1230 1424 et
1261 1370 1571 1425 obliviscaris
1606 1370 1806 1427 Domini

207 1461 310 1517 Dei
332 1465 406 1517 tui
445 1462 650 1534 (Deut,
673 1462 820 1528 V'Ill,
853 1463 966 1532 12).
997 1462 1296 1534 Praeposuit
1316 1462 1636 1532 corruptela:
1664 1462 1801 1518 divi-

206 1560 404 1613 tiarmu
466 1558 747 1614 edacitatis
807 1557 1225 1622 enormitatem,
1277 1558 1362 1611 cui
1423 1557 1553 1627 ipsa:
1604 1557 1808 1612 diiiti:e

207 1659 522 1721 procurant.
567 1650 670 1706 Per
714 1649 831 1704 illas
872 1649 1081 1704 scilicet
1123 1650 1480 1704 incrassatum
1547 1659 1664 1704 erat
1713 1665 1810 1705 cor

205 1742 428 1814 populi,
462 1757 530 1797 ne
581 1741 756 1798 oculis
806 1740 1030 1808 videret,
1058 1749 1114 1796 et
1167 1741 1386 1795 auribus
1449 1740 1700 1806 audiret,
1756 1751 1810 1797 et

205 1836 376 1891 corde
418 1837 712 1904 conjiceret
758 1835 1008 1905 adipibus
1075 1834 1391 1900 obstructo,
1446 1850 1578 1904 quas
1637 1837 1805 1891 nomi.

827 483 833 494 ,
1489 419 1697 477 uasa
1744 419 1833 476 DE
1879 415 2184 477 .IEJUNIIS.

211 551 305 597 aut
344 538 541 598 occidit.
585 546 678 595 aut
706 537 971 594 vulnerat.
1017 535 1285 603 Mentior,
1325 536 1503 592 sinon
1549 537 1803 591 Dominus
1829 539 1881 598 Α

2526 531 2614 587 CA
2633 531 2766 590 PUT
2811 532 2918 590 VII.

1988 626 2066 696 (η)
2093 624 2456 682 Processimus
2479 625 2654 696 itaque
2677 626 2786 694 jam
2810 625 2875 681 ad
2893 624 3157 696 exempla,
3181 623 3256 680 uti
3280 625 3521 681 revolva-

1915 733 2034 775 mus
2063 720 2304 774 utilitatis
2334 719 2564 775 efﬁcacia
2589 727 2879 789 potestates
2908 719 2985 791 (7)
3017 719 3168 774 istius
3202 719 3306 791 (8)
3335 719 3518 787 ollieii,

1906 811 2048 880 quod
2065 812 2224 866 etiam
2241 813 2432 866 iratum
2453 812 2617 867 Deum
2633 811 2836 866 homini
2865 812 3192 867 reconciliat.
3214 811 3522 879 Deliquerat

1912 903 2099 970 Israel,
2121 905 2171 959 in
2189 907 2472 975 aquatione
2497 905 2635 974 apud
2659 903 2869 974 MttSpIta
2891 903 2969 974 (9)
2991 913 3340 974 congregatus
3363 919 3389 956 a
3418 904 3519 958 Sa-

1909 999 2085 1052 muele
2109 1037 2126 1063 ,
2170 996 2264 1052 sed
2299 997 2416 1069 (10)
2446 997 2513 1052 ita
2543 997 2722 1051 statim
2752 998 3002 1053 delicmm
3030 997 3236 1067 jejunio
3257 997 3433 1062 diluit,
3467 1008 3525 1054 ut

1913 1091 2203 1159 periculum
2223 1090 2391 1161 prmlii
2420 1091 2578 1144 simul
2608 1091 2801 1160 fugerit
2834 1092 2972 1158 (11).
3001 1089 3132 1145 Cum
3162 1091 3392 1145 maxime
3420 1091 3517 1145 Sa-

1913 1187 2053 1241 muel
2079 1186 2338 1243 otl‘erebat
2369 1187 2737 1241 holocaustum
2775 1185 2830 1256 (I
2859 1184 3013 1257 licg.,
3033 1185 3145 1251 VII,
3169 1185 3262 1253 9),
3295 1187 3345 1240 in
3377 1186 3523 1241 nullo

1911 1279 2082 1350 magis
2130 1288 2472 1348 procuratam
2513 1278 2759 1333 arrdimus
2792 1279 2884 1334 Dei
2918 1278 3268 1334 clementiam
3295 1319 3310 1343 ,
3361 1294 3520 1347 quam

1913 1369 2235 1425 abstinentia
2286 1370 2492 1440 populi.
2545 1370 2609 1424 Et
2660 1369 2928 1441 Allopbyli
2979 1370 3164 1438 pra-lio
3223 1369 3378 1441 (19.)
3427 1370 3521 1424 ad-

1912 1464 2202 1519 movebant
2229 1480 2244 1517 :
2273 1464 2341 1519 ibi
2372 1462 2588 1519 demmn
2619 1463 2638 1536 (
2664 1463 2770 1533 15)
2820 1463 3081 1518 Dominus
3129 1464 3362 1518 intonuit
3392 1479 3523 1519 Voce

1913 1570 2104 1625 magna
2155 1569 2321 1625 super
2373 1554 2690 1626 Allophylos
2717 1597 2730 1620 ,
2788 1566 2840 1609 et
2869 1553 3076 1610 confusi
3119 1564 3283 1621 sunt,
3317 1567 3366 1610 et
3400 1571 3520 1610 cor-

1915 1657 2139 1702 ruerunt
2191 1649 2244 1701 in
2289 1656 2585 1717 conspectu
2635 1646 2890 1712 Israelis;
2926 1657 2974 1702 et
3007 1656 3384 1716 processerunt
3416 1648 3514 1704 viri

1915 1740 2078 1797 Israel
2119 1756 2182 1796 ex
2213 1740 2456 1810 Maspba,
2506 1749 2560 1796 et
2600 1741 2870 1810 persecuti
2931 1752 3058 1796 sunt
3085 1740 3419 1812 Allophylos,
3457 1751 3511 1796 ct

1916 1853 2081 1905 usque
2132 1834 2365 1889 Betehor
2418 1834 2728 1888 ceciderunt
2777 1844 2959 1903 pastos
3004 1835 3254 1904 impasti,
3285 1844 3523 1891 artrmlos

205 1927 378 1981 statim
400 1928 511 1982 esui
536 1927 782 1992 abstulit,
813 1925 1084 1981 deducens
1105 1925 1376 1980 hominem
1399 1927 1596 1996 saginze
1619 1927 1809 1982 stude-
1840 1934 1886 1994 Β
1916 1926 2168 1980 inermes.
2189 1925 2282 1980 lla:
2305 1934 2464 1981 erunt
2490 1926 2632 1980 vires
2653 1925 3006 1996 jejunantium
3035 1928 3145 1981 lleo
3169 1944 3180 1980 :
3205 1930 3402 1983 ctelnm
3424 1941 3521 1998 pro

208 2034 292 2074 re.
321 2019 589 2076 Czcterum
614 2063 627 2085 ,
657 2021 742 2075 cui
766 2035 860 2074 cor
885 2028 1125 2074 erectum
1160 2020 1260 2090 (2)
1291 2020 1464 2088 potius
1495 2019 1806 2074 invenieba-

209 2119 303 2166 tur
358 2127 516 2182 quam
559 2113 990 2182 impiuguatum,
1050 2114 1158 2183 (5)
1215 2111 1564 2183 quadraginta
1621 2113 1810 2169 dielms

209 2206 544 2277 totidemque
585 2207 830 2260 noctibus
874 2221 1036 2277 supra
1087 2205 1336 2261 humana:
1378 2215 1586 2261 natura:
1632 2207 1802 2262 facul-

211 2307 378 2354 tatem
414 2299 679 2369 jejunium
725 2299 1070 2369 perenuavit,
1125 2298 1358 2368 Spiritali
1399 2297 1508 2354 ﬁde
1559 2299 1810 2354 virtutem

207 2392 696 2455 sulnninistranle;
756 2401 809 2446 et
872 2391 1004 2446 vidit
1047 2391 1217 2446 oculis
1276 2391 1370 2447 Dei
1428 2392 1688 2463 gloriam,
1759 2405 1815 2450 ct

207 2485 416 2538 audivit
486 2485 704 2540 auribus
784 2484 875 2538 Dei
927 2500 1152 2550 vocem,
1210 2493 1266 2540 et
1341 2486 1504 2541 corde
1583 2487 1815 2557 conjecit

213 2577 308 2631 Dei
371 2579 540 2647 legem
610 2577 719 2645 jam
767 2586 895 2631 tunc
958 2576 1204 2632 ducentis
1275 2594 1377 2632 non
1440 2580 1492 2632 in
1533 2581 1643 2633 solo
1683 2595 1816 2648 pane

208 2672 376 2724 eicere
436 2671 688 2724 hominem
716 2712 730 2736 ,
795 2670 884 2724 sed
946 2670 1002 2724 in
1059 2671 1197 2724 omni
1264 2671 1412 2725 verba
1483 2669 1580 2724 Dei
1635 2671 1811 2742 (Luc.,

211 2764 317 2830 IV,
368 2765 486 2836 .I);
534 2780 654 2820 cum
718 2763 934 2834 quidem
993 2779 1092 2820 nec
1164 2765 1336 2835 ipsum
1416 2764 1634 2836 Moysen
1707 2766 1816 2820 Ileo

211 2869 460 2930 pastum,
539 2857 881 2929 inediamque
928 2858 1044 2928 ejus
1101 2858 1317 2913 nomine
1368 2859 1474 2926 (αἱ)
1522 2860 1814 2929 saginatam

210 2961 530 3008 constanter
581 2951 937 3021 contemplari
1003 2951 1208 3007 valeret
1264 2952 1516 3021 pinguior
1568 2953 1811 3022 populus.

211 3044 406 3100 Merito
461 3044 620 3114 igitur
663 3042 824 3098 etiam
871 3043 924 3095 in
969 3056 1134 3097 carne
1185 3057 1244 3096 se
1305 3042 1567 3097 DOruittus
1619 3044 1666 3095 ei
1725 3058 1814 3096 os-

213 3137 390 3191 tendit
428 3136 650 3204 collega:
692 3131 1019 3203 jejuniorum
1067 3147 1323 3198 suormu,
1381 3148 1486 3188 non
1536 3133 1714 3187 rninrrs
1761 3141 1816 3189 ct

215 3229 408 3283 IIeIiat.
461 3227 595 3282 Nam
645 3236 700 3281 et
750 3225 929 3281 tlelias
975 3227 1076 3281 hoc
1131 3227 1361 3296 primum
1420 3226 1562 3298 quod
1617 3227 1810 3283 famem

1912 2017 2176 2087 ejusmodi
2207 2018 2413 2071 tnilitat.
2451 2016 2625 2072 lIabes
2659 2018 2884 2072 formam
2917 2019 3149 2088 praesidii
3181 2020 3345 2075 etiam
3395 2022 3514 2088 διιίο

1921 2110 2167 2165 ritalibus
2189 2111 2345 2165 bellis
2368 2111 2747 2166 ne0essariam.
2801 2111 3035 2168 Proinde
3061 2127 3181 2168 cum
3213 2129 3306 2168 rex
3341 2116 3510 2186 Assy-

1918 2203 2123 2257 riorum
2170 2202 2582 2269 Sennacherih,
2632 2204 2999 2276 compluribus
3045 2206 3156 2275 jam
3210 2207 3518 2265 civitatibus

1918 2294 2330 2364 emptistraeli
2379 2310 2470 2363 per
2508 2293 2787 2364 Rapsacea
2835 2296 3197 2366 blaSphemias
3235 2308 3291 2353 et
3337 2299 3514 2355 minas

1918 2387 2207 2442 intentaret
2257 2386 2366 2456 (ιν
2429 2386 2598 2458 lleg.,
2666 2386 2872 2455 XVIII,
2947 2389 3078 2460 I9),
3159 2389 3292 2447 nihil
3370 2393 3515 2450 aliud

1918 2478 2067 2532 illum
2119 2494 2149 2533 a
2211 2478 2488 2549 proposito
2546 2479 2599 2535 in
2650 2479 2957 2552 Aithiopias
3010 2485 3222 2538 avertit.
3276 2485 3519 2553 Dehinc,

1917 2574 2041 2644 quid
2093 2574 2239 2629 aliud
2290 2576 2444 2644 (14)
2498 2586 2715 2631 centum
2787 2586 2843 2631 et.
2898 2578 3168 2649 octoginta
3241 2580 3408 2634 millia
3455 2581 3523 2638 de

1925 2669 2164 2724 exercitu
2240 2673 2358 2735 ejus
2441 2685 2534 2739 per
2613 2670 2859 2741 angelum
2939 2671 3279 2742 absumpsit,
3361 2690 3522 2743 quam

1921 2760 2169 2817 Ezechitc
2196 2762 2342 2832 regis
2387 2762 2689 2817 ltumiliatio
2718 2763 2740 2815 ?
2766 2763 3061 2830 Siquidem,
3114 2765 3308 2820 duritia
3355 2765 3523 2822 hostis

1921 2855 2253 2919 annuntiata,
2288 2864 2489 2910 vestem
2521 2855 2696 2920 scidit,
2744 2871 2958 2910 saccum
3010 2856 3198 2922 induit,
3223 2859 3524 2930 eodemque

1922 2945 2107 3000 habitu
2155 2946 2397 3001 seniores
2444 2947 2783 3002 sacerdotum
2830 2949 2895 3002 ad
2947 2948 3113 3003 Deum
3161 2964 3256 3019 per
3308 2951 3522 3006 Esaiam

1922 3039 2074 3094 adire
2123 3040 2318 3110 jussit,
2381 3041 2564 3112 utique
2615 3041 2822 3111 jejunio
2895 3056 3083 3112 preces
3121 3053 3520 3113 prosequente:

1921 3146 2094 3201 neque
2165 3133 2306 3186 enim
2367 3131 2471 3187 cibi
2541 3143 2751 3202 tempus
2805 3133 2855 3186 iu
2911 3133 3187 3202 periculo,
3240 3133 3347 3204 (ὁ)
3421 3149 3522 3190 nec

1922 3227 2219 3281 saturitatis
2287 3227 2464 3281 cultus
2523 3227 2574 3280 in
2635 3241 2812 3281 sacco.
2867 3225 3092 3296 Semper
3152 3226 3329 3282 inedia
3389 3243 3525 3284 mm-

212 3327 389 3378 tnerat
431 3322 794 3392 iruprccatus,
840 3319 972 3374 satis
1028 3320 1137 3387 jam
1183 3335 1241 3374 se
1278 3319 1498 3390 jejuniis
1537 3331 1806 3375 voverat:
1843 3321 1888 3381 (ζ
1922 3317 2062 3371 roris
2111 3317 2328 3387 sequela
2387 3326 2508 3378 est,
2573 3316 2712 3371 sicut
2763 3316 2947 3370 lzrtitia
3000 3319 3243 3372 accessio
3283 3319 3507 3388 saginte.

225 3414 382 3481 Vicit,
417 3414 625 3484 inquit,
663 3412 931 3475 Dominus,
961 3412 1044 3465 cui
1071 3411 1265 3465 adsisto
1294 3412 1346 3464 in
1375 3422 1645 3481 conspectu
1675 3413 1806 3481 ejus,

208 3509 256 3562 si
306 3507 399 3561 erit
447 3523 529 3562 ros
585 3505 695 3560 istis
749 3506 898 3558 annis
953 3515 1001 3558 et
1056 3503 1213 3557 imber
1259 3503 1360 3572 (III
1394 3503 1545 3575 Κεφ,
1593 3504 1731 3558 XVII
1762 3507 1805 3576 ).

212 3600 422 3655 Ilcbine
488 3599 780 3652 minantem
845 3594 1059 3652 Iezabel
1137 3594 1346 3667 fugiens
1411 3608 1529 3666 post
1592 3599 1806 3651 unicum

212 3691 473 3763 pabulum
515 3698 572 3745 et
638 3698 821 3760 potum
846 3730 860 3756 ,
911 3703 1070 3760 quetn
1117 3690 1188 3744 ab
1228 3689 1421 3760 angelo
1461 3688 1805 3760 expergefac.

214 3797 305 3839 tus
334 3784 641 3847 invenerat,
673 3792 729 3837 et
760 3782 874 3850 ipse
900 3822 913 3845 ,
945 3779 1299 3851 quadraginta
1331 3780 1525 3835 diebus
1555 3790 1604 3836 et
1636 3783 1808 3836 ttOrti-

217 3877 324 3930 Ims
377 3889 542 3930 vacuo
570 3882 794 3938 ventre,
838 3872 991 3927 arido
1029 3887 1125 3927 ore
1147 3912 1161 3936 ,
1210 3873 1457 3942 pervenit
1487 3873 1536 3925 in
1568 3883 1807 3929 montem

208 3970 432 4025 Cboreb
458 3986 472 4035 ;
499 3968 587 4024 ubi
614 3983 734 4024 cum
763 3969 815 4020 iu
845 3967 1099 4037 spelunca
1123 3966 1229 4037 (5)
1255 3966 1572 4022 devertisset
1600 4007 1614 4031 ,
1650 3983 1806 4036 quam

209 4061 466 4118 Iamiliari
487 4075 779 4132 congressu
805 4059 899 4115 Dei
926 4069 1188 4128 exceptus
1211 4067 1293 4114 est
1320 4059 1333 4112 ε
1358 4058 1496 4126 Quid
1517 4068 1569 4111 tn
1587 4099 1600 4123 ,
1634 4057 1806 4124 llctia,

214 4157 300 4210 hic
329 4154 420 4225 (Ill
452 4155 602 4226 lleg.,
627 4153 771 4221 XIX,
800 4152 901 4225 9)?
927 4153 1094 4208 multo
1113 4153 1336 4208 amicior
1354 4154 1450 4208 ista
1472 4169 1569 4208 \‘u.\'
1589 4194 1601 4217 ,
1626 4170 1807 4222 quam,

210 4249 414 4311 Adam,
446 4247 531 4300 ubi
562 4263 633 4311 es,
669 4244 845 4315 (Gem,
876 4243 971 4307 III,
1001 4243 1095 4312 9).
1130 4242 1222 4297 Illa
1251 4243 1394 4297 enim
1422 4253 1574 4313 pasto
1606 4243 1807 4297 homini

214 4340 542 4404 minabatur,
594 4339 693 4393 ista
744 4337 932 4408 jejuno
974 4336 1054 4406 (6)
1103 4335 1494 4391 blandiebatur.
1525 4336 1690 4392 Tanta
1730 4349 1812 4392 csr.

212 4429 606 4501 eircmnscripti
648 4429 816 4485 victus
868 4427 1216 4498 prterogativa
1240 4468 1254 4494 ,
1289 4436 1345 4480 ut
1400 4428 1563 4482 Demu
1598 4438 1811 4496 pt'mstt‘l

213 4522 420 4578 homini
447 4520 914 4586 contubernalem,
958 4534 1143 4589 parem
1182 4534 1367 4574 revera
1400 4520 1533 4589 pari.
1564 4519 1620 4574 Si
1666 4522 1808 4576 enim

214 4614 361 4669 Deus
388 4623 606 4669 retentus
637 4630 737 4668 non
767 4613 948 4668 esuriet
972 4613 990 4683 (
1010 4612 1102 4679 ls.,
1133 4613 1173 4679 I,
1209 4611 1322 4682 II),
1356 4623 1410 4666 ut
1465 4622 1686 4668 testatur
1717 4631 1813 4685 per

215 4708 456 4774 Esaiam,
482 4709 583 4766 hoc
603 4708 706 4765 erit
729 4717 939 4777 tempus
976 4721 1085 4778 quo
1109 4705 1272 4764 homo
1328 4706 1440 4764 Deo
1466 4705 1776 4776 adaequetur
1795 4752 1808 4776 ,

215 4817 344 4858 cum
364 4801 481 4858 sine
507 4799 704 4872 pabulo
722 4799 872 4855 vivit.

1919 3411 2023 3467 Per
2077 3411 2214 3465 hanc
2277 3411 2527 3468 maeroris
2580 3412 2855 3478 sequelam
2915 3419 2970 3466 et
3026 3409 3304 3478 inediam,
3358 3411 3523 3466 etiam

1916 3505 2106 3558 civitas
2153 3505 2239 3558 illa
2293 3503 2590 3572 peceatrix,
2651 3502 2842 3557 Ninive
2892 3502 2962 3558 de
3012 3503 3178 3558 exitio
3230 3504 3525 3573 praedicata

1922 3597 2196 3652 liberatur.
2267 3596 2412 3653 Satis
2469 3598 2612 3651 enim
2686 3595 3000 3665 poenitentia
3055 3595 3323 3650 scelerum
3376 3611 3525 3651 eom-

1922 3692 2271 3746 mendaverat
2303 3690 2418 3759 (15)
2453 3689 2562 3743 Deo
2594 3688 2854 3756 jejunium
2886 3687 3061 3742 triduo
3090 3687 3270 3743 l'uncta
3297 3729 3312 3752 ,
3356 3689 3519 3744 etiam

1914 3782 2207 3851 pecudilms
2231 3782 2456 3844 enectis,
2486 3779 2680 3849 quibus
2711 3782 2878 3836 iratus
2909 3779 3048 3834 Deus
3080 3796 3186 3835 non
3217 3790 3337 3836 erat
3368 3779 3516 3850 (Jan.

1915 3871 2025 3929 lltl.
2054 3873 2286 3929 Sodoma
2318 3887 2532 3942 quoque
2557 3881 2610 3926 et
2633 3870 2894 3926 Gomorra
2924 3873 3226 3927 evasissent
3257 3913 3272 3938 ,
3303 3872 3346 3926 si
3374 3871 3520 3941 jeju-

1915 3975 2144 4022 nasscnt.
2186 3963 2298 4019 Iloc
2345 3964 2640 4019 remedium
2671 3964 2912 4032 agnoscit
2957 3971 3014 4018 et
3044 3962 3229 4018 Achab
3252 4003 3267 4028 ,
3295 3979 3416 4017 eum
3448 3963 3525 4019 illi

1916 4068 2033 4128 post
2081 4058 2561 4127 tmnsgressionem
2589 4065 2644 4112 et
2674 4054 3029 4110 idololatriam
3057 4065 3111 4112 et
3133 4071 3319 4112 necem
3339 4055 3518 4111 Nabu-

1917 4155 2020 4208 tbm
2045 4195 2057 4218 ,
2116 4161 2331 4222 propter
2362 4151 2571 4206 vineam
2616 4150 2920 4220 interempti
2970 4165 3000 4205 a
3039 4149 3253 4205 Iezabel
3281 4191 3296 4215 ,
3330 4165 3524 4218 expro-

1917 4247 2122 4301 brasset
2149 4243 2327 4299 Ilelias
2354 4259 2366 4296 :
2399 4243 2632 4309 Qualiter
2649 4242 2899 4306 occidisti,
2950 4251 2998 4296 et
3027 4241 3375 4296 Irarreditatcm
3401 4258 3519 4310 pos-

1914 4336 2119 4393 sedisti?
2169 4334 2233 4388 In
2275 4336 2422 4400 loco,
2468 4351 2565 4403 quo
2594 4333 2742 4404 (I6),
2792 4333 3091 4404 sanguinem
3125 4331 3386 4387 Nnbntlra:
3433 4349 3523 4388 ca-

1917 4447 2002 4484 nes
2044 4429 2398 4491 delina'erant,
2432 4436 2573 4480 luunt
2618 4441 2816 4496 quoque
2853 4425 3141 4495 tleliuquent
3187 4424 3301 4496 (III
3363 4424 3520 4497 [ἔφη

1918 4521 2223 4591 ΧΧ1,19).
2283 4519 2528 4575 Destituit
2573 4520 2955 4588 semetipsum,
3013 4528 3066 4572 ct
3121 4530 3335 4573 saccum
3367 4520 3520 4575 t-arni

1916 4629 2026 4669 sua:
2059 4614 2342 4685 imposuit,
2375 4621 2429 4667 ct
2452 4611 2742 4682 jejuuavit.
2778 4623 2831 4666 et
2861 4611 3113 4667 dormivit
3140 4610 3191 4666 in
3225 4627 3421 4678 suem;
3467 4622 3524 4669 et

1920 4720 2043 4762 tunc
2069 4721 2245 4762 sermo
2275 4705 2483 4759 Domini
2513 4703 2578 4759 ad
2613 4702 2850 4758 lleliam:
2895 4701 3080 4758 Vidisti
3107 4713 3158 4756 ut
3187 4705 3428 4759 reveritus
3456 4706 3523 4759 sit

1846 4782 1898 4842 ί)
1925 4800 2095 4854 Aclmb
2120 4815 2151 4852 α
2178 4800 2307 4868 [acie
2326 4797 2480 4850 mea?
2511 4793 2615 4850 Pro
2641 4811 2697 4849 eo
2735 4794 2872 4865 quod
2887 4796 3124 4850 reveritus
3156 4805 3227 4850 est
3246 4837 3263 4863 ,
3295 4813 3396 4850 non
3424 4812 3517 4850 su-

1925 4893 2196 4962 prrducam
2225 4890 2459 4944 (testarum
2483 4889 2536 4942 in
2577 4886 2752 4941 diebus
2780 4887 2962 4957 ipsius,
2992 4888 3080 4943 sed
3118 4888 3172 4942 in
3212 4887 3388 4942 diebus
3425 4888 3522 4956 ﬁlii

1451 4979 1831 5039 LECTIONES
1875 4984 2281 5041 VARIANTIES.

311 5056 352 5120 1)
382 5055 595 5120 Beputat
615 5049 766 5120 ngt.

305 5118 356 5169 2i
379 5118 613 5169 Evectum
641 5118 791 5166 Fratt.

303 5177 356 5244 5)
381 5182 474 5244 Qui
496 5179 614 5230 add.
641 5177 794 5244 senti.
824 5180 966 5242 LeOp.

312 5241 354 5304 1)
380 5243 587 5292 Numine
608 5241 719 5293 cod.
752 5241 932 5292 troiae.
973 5241 1097 5303 Leon

304 5309 357 5369 ὅ)
381 5306 672 5369 Speluncam
696 5304 818 5354 Jun.

381 5311 672 5380 Speluncam
696 5311 728 5354 J

299 5370 332 5416 tl
375 5368 555 5432 Jejuno
581 5376 697 5417 Ven.

299 5411 353 5494 7)
383 5431 605 5494 potestas
630 5431 735 5494 Yen

419 5445 605 5481 οωεωε
636 5445 661 5479 ν
677 5445 754 5480 Cll.

301 5489 355 5544 8⁷1
381 5492 536 5544 Iasius
557 5489 709 5544 Serui.

302 5497 356 5620 si

1985 5056 2089 5118 (l0)
2113 5055 2219 5118 Sed
2235 5054 2367 5118 abest
2377 5117 2382 5118 ν
2393 5061 2538 5118 ιιγφι.

2018 5113 2087 5178 Il)
2123 5117 2324 5166 It‘uderit
2349 5113 2500 5178 send.

1923 5121 2004 5293 ιε(
2014 5121 2090 5243 )
2117 5121 2687 5243 ’ῗξι-ωιίιιηι
2711 5178 2833 5228 Jun.
2860 5177 2963 5228 Lat.
2985 5174 3367 5229 admovebantur
3385 5178 3518 5247 conj.

1985 5256 2065 5293 on.

1985 5256 2065 5304 op.

2013 5303 2086 5372 t5)
2111 5303 2522 5372 Ibidem.,I-‘r.""o...

2013 5308 2064 5355 15
2111 5306 2300 5354 Ibidem
2325 5312 2472 5353 I-‘rmr.

1982 5306 2091 5432 itii
2117 5368 2241 5428 Quid
2266 5365 2394 5432 aliud
2419 5360 2540 5415 tollit
2563 5363 2714 5432 send.

2014 5426 2086 5481 1ϋὶ
2113 5426 2489 5481 Comtuernlaret
2513 5431 2621 5477 cod.
2659 5429 2844 5480 Wouw.
2891 5427 3308 5480 commendaverit
3331 5426 3485 5479 Scml.

2014 5437 2065 5480 lii
2113 5437 2489 5481 Commemlaret
2513 5440 2588 5477 cet

1983 5437 2087 5560 ilbi
2113 5493 2168 5544 In
2192 5504 2289 5556 quo
2309 5489 2414 5540 loco
2438 5488 2588 5540 Serui.

1574 5626 2137 5691 COMMENTARIUS.

209 5713 419 5787 pientis
445 5711 694 5787 moritur.
715 5709 845 5787 Illic;

291 5785 445 5842 CAP.
479 5783 677 5839 Vll.—
706 5781 780 5851 (a)
809 5777 1360 5851 Processimusitaquc.
1389 5775 1527 5846 Quid
1560 5777 1820 5851 intempe-

211 5858 384 5914 rantia
433 5864 667 5926 pra-stat.
710 5848 884 5908 docuit
908 5892 925 5917 ,
955 5860 1012 5906 ut
1041 5852 1226 5926 jejunii
1258 5848 1487 5926 ‘eﬂ‘ectus
1528 5848 1773 5906 ostendat
1805 5866 1816 5900 :

211 5928 358 6002 quod
388 5920 548 5984 variis
578 5925 663 5982 hic
691 5925 951 5996 exemplis
981 5920 1311 5994 exsequitur.
1337 5921 1412 5978 Ls
1439 5920 1535 5977 l'n.

1993 5701 2073 5770 (b)
2104 5695 2212 5753 Nec
2229 5694 2692 5770 satui°itutiscnltrts
2715 5693 2766 5770 in
2788 5707 2956 5770 sacco.
2989 5691 3290 5770 $aluritatis
3319 5692 3518 5770 cultum

1925 5763 2091 5833 dicit,
2121 5769 2240 5840 quia
2268 5783 2334 5821 ex
2367 5766 2642 5821 saturitate
2665 5765 2843 5840 Iustitia
2866 5805 2882 5830 ,
2914 5779 2980 5819 ex
3003 5763 3184 5840 Izctiti‘a
3208 5765 3519 5840 autemcul-

1929 5853 2012 5898 tus
2054 5835 2373 5896 delicatior-is
2417 5854 2578 5902 cura,
2638 5837 2723 5890 cui
2774 5852 2880 5889 non
2937 5835 3186 5892 convertit
3236 5850 3356 5891 cum
3388 5837 3515 5893 bor-

1929 5929 2050 5972 rure
2087 5911 2286 5970 cineris
2313 5919 2368 5966 et
2390 5907 2758 5980 aspcritudinc
2779 5905 2940 5964 sacci.
2971 5905 3087 5962 llic.
