4220 6492
764 399 870 460 963

2179 396 2643 458 TERTULUANI

3957 405 4061 464 Ἡ

754 517 864 593 ejus
900 514 1235 588 superducitur
1259 530 1370 572 eam
1389 516 1407 594 (
1427 513 1576 583 ibid,
1599 513 1716 595 29).
1747 513 1836 587 qui
1860 529 1964 572 non
1987 510 2331 587 cratjejuna-
2367 519 2414 579 Α
2449 528 2542 589 per
2565 531 2740 574 escam
2773 523 2982 577 tentare
3005 520 3266 592 querenti
3287 560 3304 588 ,
3335 514 3611 579 fortiorem
3643 514 3787 579 fune
3817 522 3939 579 tota
3968 537 4058 580 os-

756 623 926 668 tnrns.
968 611 1320 682 lujejunium
1353 614 1402 667 in
1429 613 1594 667 Deum
1619 619 1931 666 reverentia:
1956 626 2091 680 opus
2120 619 2220 668 est.
2239 609 2344 666 Per

751 708 891 774 mind
919 710 1069 761 Anna
1096 723 1306 777 quoque
1327 707 1568 760 :nnbiens
1590 723 1722 759 uxor
1750 704 1995 760 llelc:ma:
2024 716 2166 759 retro
2192 705 2342 759 steri-

753 799 818 854 lis
850 801 1151 868 impetravit
1176 799 1329 853 facile
1349 814 1377 851 a
1420 799 1526 852 De0
1555 799 1765 852 inanem
1790 797 1910 851 ciba
1960 808 2197 852 ventrem
2234 797 2342 850 lilio

750 893 1001 963 implere.
1045 893 1337 961 etquidem
1385 894 1660 960 propheta.
1704 890 1808 946 Sed
1842 909 1944 944 non
1997 891 2156 946 modo
2187 902 2332 944 natu-

749 999 826 1041 rze
878 987 1263 1048 mutationem,
1312 995 1402 1038 ant
1448 983 2216 1053 periculorum.aversioncm,
2247 991 2341 1036 aut

747 1075 1064 1130 delictorum
1140 1075 1638 1139 oblitterationem;
1697 1076 2046 1129 verumetiam
2105 1073 2183 1143 (a)
2244 1089 2329 1127 sa-

746 1176 1147 1222 cramentorum
1199 1167 1563 1236 agnitionem,
1608 1164 1809 1234 jejttnia
1867 1164 1932 1219 de
1997 1165 2104 1218 Deo
2159 1180 2335 1219 mere-

746 1260 964 1316 buntur.
999 1259 1231 1330 Adspice
1264 1259 1494 1313 Danielis
1523 1259 1829 1326 exemplum
1856 1297 1871 1322 ,
1903 1261 2044 1311 circa
2069 1257 2335 1311 somnium

746 1355 889 1423 regis
955 1353 1242 1424 Babylonis
1290 1351 1404 1423 (b)
1455 1367 1643 1406 omnes
1701 1351 1981 1404 turbantur
2038 1351 2291 1419 Sophisne
2321 1392 2334 1416 ,

743 1457 940 1517 negant
971 1448 1112 1502 ultro
1137 1446 1214 1515 tl)
1241 1447 1306 1500 dc
1336 1445 1641 1513 praestantia
1674 1443 1900 1498 humana
1934 1458 2088 1512 pOSst':
2113 1459 2337 1512 cognos-

742 1543 788 1594 ci
847 1540 952 1606 (ci;
1005 1539 1152 1591 solus
1184 1538 1363 1591 Daniel
1390 1539 1495 1590 Deo
1537 1535 1708 1590 lidens
1734 1577 1748 1600 ,
1780 1544 1834 1588 ct
1860 1535 2037 1589 sciens
2083 1534 2222 1605 quod
2270 1534 2335 1588 ad

741 1631 1120 1688 demerendam
1147 1631 1237 1685 Dei
1269 1631 1492 1702 gratiam
1517 1628 1739 1693 faceret,
1769 1631 1995 1699 spatium
2029 1629 2184 1681 tridui
2215 1644 2336 1697 pns-

742 1725 906 1789 tulat,
939 1740 1058 1777 eum
1087 1739 1178 1777 sua
1208 1722 1545 1778 fraternitate
1570 1721 1773 1789 jejunat
1802 1763 1816 1785 ,
1850 1732 2010 1790 atque
2036 1723 2105 1774 ita
2137 1723 2336 1775 oratio-

741 1817 896 1871 nibus
923 1814 1310 1870 commendatis
1341 1856 1354 1878 ,
1404 1824 1458 1868 ct
1497 1813 1741 1867 ordinem
1784 1823 1839 1867 et
1884 1813 2330 1881 significationem

739 1911 932 1964 somnii
1019 1927 1110 1980 per
1181 1912 1358 1964 onmia
1399 1907 1735 1972 instruitur,
1792 1907 2002 1977 tyranni
2071 1905 2326 1974 stipitistis
2369 1914 2410 1972 ιζ

738 2004 1026 2074 parcitur,
1109 2003 1244 2055 Deus
1308 2001 1672 2070 glorilicatur,
1731 1998 1912 2052 Daniel
1993 1998 2330 2058 honoratur;

739 2113 844 2150 non
891 2097 1155 2150 minorem
1207 2094 1297 2147 Dei
1328 2093 1548 2163 gratiam
1598 2101 1652 2144 et
1697 2101 1880 2161 postea
1929 2105 2144 2159 quoque
2196 2089 2334 2142 rela-

737 2197 888 2242 turus
942 2202 1085 2241 anno
1131 2185 1304 2256 primo
1352 2185 1491 2253 regis
1548 2183 1728 2245 Darii,
1767 2197 1887 2236 cum
1946 2197 2008 2235 ex
2069 2180 2331 2248 recogita-

739 2294 791 2336 ιιι
828 2281 1229 2352 ιιιιςριῑίοειιιιτιιιιι
1280 2289 1576 2348 temporum
1627 2277 1693 2328 ab
1739 2275 2030 2338 llieremia,
2063 2273 2141 2342 (il)
2188 2274 2332 2326 dedit

744 2374 934 2428 faciem
967 2388 1117 2427 suam
1153 2372 1263 2424 Deo
1291 2370 1340 2423 in
1367 2369 1584 2438 jt'jttniis
1618 2378 1673 2420 et
1703 2382 1859 2420 sacco
1885 2375 1936 2417 ιιι
1965 2366 2168 2418 cinere.
2198 2363 2331 2416 Nam

735 2479 788 2523 et
816 2469 1036 2537 angelus
1069 2466 1264 2518 missus
1295 2465 1358 2516 ad
1391 2480 1532 2525 eum,
1571 2464 1705 2513 hanc
1736 2461 1914 2514 statim
1949 2457 2218 2527 professus
2247 2467 2330 2510 est

734 2578 976 2616 c.mssam
1002 2559 1194 2613 divina:
1225 2555 1548 2626 dignationis
1581 2573 1593 2606 :
1632 2553 1759 2606 Veni
1788 2593 1801 2614 ,
1836 2551 2046 2619 inquit,
2079 2551 2329 2604 demons-

736 2662 878 2708 trarc
908 2652 1000 2706 tibi
1048 2652 1117 2720 (ε)
1142 2657 1403 2718 quatenus
1431 2645 1746 2700 miserabilis
1775 2658 1832 2698 es
1861 2659 1875 2707 ;
1901 2642 2194 2712 jejunando
2221 2643 2328 2695 sii-

733 2745 876 2800 licet.
925 2744 980 2798 Si
1013 2744 1120 2797 Deo
1170 2740 1526 2801 miserabilis,
1581 2737 1827 2791 le-mibus
1881 2737 1931 2788 in
1985 2736 2099 2788 lacu
2159 2737 2334 2789 fuerat

733 2836 1043 2898 horribilis;
1099 2833 1186 2887 ubi
1266 2833 1479 2901 quidem
1537 2831 1611 2883 illi
1669 2845 1761 2884 sex
1820 2828 2008 2882 diebus
2065 2827 2328 2898 jejunanti

731 2927 1011 3000 prandium
1039 2924 1257 2994 angelus
1286 2921 1610 2992 procuravit.

1324 3055 1553 3112 CAPUT
1601 3053 1736 3110 Vlll.

802 3197 1092 3253 Rcddimns
1127 3205 1180 3251 et
1207 3203 1397 3250 cretera
1431 3191 1568 3261 (2i.
1602 3189 1668 3245 ad
1698 3206 1832 3245 nova
1865 3191 2007 3246 enim
2039 3206 2177 3245 nunc
2205 3192 2301 3244 du-

2450 621 2700 668 tentaret.
2741 612 3031 671 Prcstitnit
3066 615 3258 669 exinde
3279 614 3497 685 jejuniis
3526 615 3698 689 legem
3719 615 3842 672 sine
3878 615 4060 672 tristi-

2452 703 2519 756 tia
2553 705 2928 774 transigcndis.
2973 707 3080 760 Cur
3108 708 3250 760 enim
3285 709 3433 761 triste
3463 709 3603 777 quod
3636 709 3918 762 salutare?
3950 709 4056 762 Do-

2447 795 2555 848 cuit
2582 797 2741 850 ctiam
2766 797 3020 852 adversus
3039 798 3234 852 (ηπ-ξων..
3267 798 3761 868 daemoniajejuniis
3795 801 4058 871 pra-lian-

2445 885 2593 940 dnm.
2628 889 2763 954 Quid
2813 891 2953 944 enim
3004 892 3238 958 mirum,
3268 893 3310 945 si
3348 891 3450 962 (5)
3501 893 3685 946 eadem
3733 897 4058 961 operatione

2445 979 2662 1045 Spiritus
2717 980 2927 1050 iniquus
2988 982 3253 1043 educitur.
3288 997 3391 1052 qua
3440 991 3658 1037 sanctus
3713 982 3992 1036 inducitur
4038 983 4058 1038 .’

2445 1067 2716 1140 Denique,
2745 1080 2800 1125 nt
2828 1074 2878 1125 in
2899 1074 3268 1127 centurionem
3290 1072 3619 1139 Cornelium,
3648 1073 3881 1127 necdum
3918 1075 4052 1128 tinc-

2445 1171 2590 1229 tum,
2631 1162 2867 1234 dignatio
2915 1164 3146 1233 Spiritus
3175 1163 3346 1218 sancti
3383 1180 3503 1218 cum
3546 1166 3874 1220 charismate
3904 1164 4050 1219 insu-

2445 1270 2539 1323 per
2566 1259 2860 1326 prophetia:
2887 1257 3189 1312 festinasset
3209 1300 3222 1321 ,
3256 1258 3456 1328 jejunia
3482 1257 3599 1328 ejus
3623 1259 3852 1325 legimus
3879 1273 4018 1312 cxau
4042 1294 4049 1299 -

2441 1347 2500 1408 di
2529 1371 2575 1400 .i.
2609 1351 2742 1405 Puto
2766 1362 2962 1416 autem,
2990 1361 3044 1406 et
3074 1357 3107 1403 .-\
3121 1352 3360 1421 postulus
3387 1351 3438 1405 in
3471 1351 3703 1405 secunda
3731 1351 4052 1406 Corinthio-

2442 1465 2562 1506 rum
2607 1450 2744 1503 intcr
2790 1447 3001 1501 labores
3045 1460 3171 1500 suos
3218 1454 3273 1499 et
3323 1445 3555 1515 pericula
3602 1454 3658 1500 et
3705 1445 4048 1499 incommoda

2441 1557 2477 1613 p
2498 1554 2561 1596 ist
2587 1542 2782 1595 laincm
2813 1555 2874 1593 ac
2899 1540 3072 1602 sitim,
3104 1539 3307 1608 jejunia
3334 1552 3547 1608 quoque
3567 1537 3794 1610 plurima
3818 1553 4048 1593 eumne-

2443 1647 2526 1692 rat
2552 1636 2614 1706 dt
2639 1635 2753 1690 Cor.
2790 1634 2878 1698 χι,
2907 1634 3022 1701 27).

3061 1769 3290 1824 CAPlTT
3342 1769 3430 1823 IX.

2513 1905 2825 1974 l'rincipalis
2887 1905 3000 1957 luec
3067 1904 3275 1972 species
3332 1904 3382 1957 in
3436 1903 3788 1974 castigatione
3838 1903 4047 1966 victus,

2441 2008 2616 2068 pmest
2647 2000 2752 2066 jam
2785 1997 2850 2052 de
2883 1997 3217 2050 inferioribus
3246 2011 3458 2066 quoque
3486 1996 3828 2050 abstinentiw
3854 2011 4047 2064 opera-

2443 2090 2676 2145 tionibus
2705 2089 3072 2160 pra-judicare,
3100 2097 3227 2144 utet
3257 2090 3334 2159 (l)
3365 2089 3493 2156 ipsis
3522 2103 3616 2158 pro
3644 2087 3806 2142 tnodo
3829 2088 4050 2142 utilibus

2438 2191 2528 2236 aut
2550 2184 2882 2236 necessariis.
2910 2180 3040 2235 Nam
3071 2180 3316 2250 exceptio
3341 2180 3640 2234 eduliornm
3661 2180 4047 2250 quorumdam,

2439 2277 2734 2346 portionalc
2759 2275 3021 2344 jejunium
3049 2283 3147 2327 est.
3178 2273 3528 2343 Inspiciamus
3556 2274 3710 2342 igitur
3731 2285 3784 2326 et
3816 2273 3833 2342 (
3857 2277 3885 2342 Ῑ
3903 2276 3921 2338 )
3954 2287 4047 2328 χει

2442 2369 2814 2437 r0phagiarnm
2858 2368 3147 2420 novitatem
3180 2378 3265 2418 aut
3317 2365 3635 2430 vanitatem,
3665 2365 3708 2417 si
3738 2381 3847 2417 non
3904 2373 3962 2418 ct
3999 2365 4048 2418 itt

2440 2463 2522 2515 his
2570 2472 2673 2515 tam
2721 2461 3102 2534 antiquissime
3171 2475 3331 2531 quam
3376 2459 3762 2514 efficacissima:
3824 2458 4044 2528 religio-

2438 2555 2519 2607 nis
2555 2554 2798 2622 operatio
2837 2564 2938 2608 est.
2981 2553 3164 2607 lledeo
3211 2551 3278 2606 ad
3322 2552 3591 2607 llanielem
3623 2562 3676 2606 et
3705 2549 3904 2605 fratres
3932 2551 4048 2618 ejus

2437 2646 2764 2715 leguminum
2810 2644 3097 2714 pabulum.
3153 2652 3206 2697 et
3271 2658 3423 2711 aqua:
3482 2653 3662 2712 potmn
3721 2641 3945 2696 ferculis
3996 2653 4047 2696 et

2435 2735 2746 2804 aetiiqihoris
2805 2735 2964 2804 regiis
3022 2736 3404 2804 praderentcs,
3458 2743 3618 2802 atque
3682 2733 3878 2788 exinde
3947 2731 4047 2787 for-

2436 2832 2716 2896 mosiores,
2765 2829 2842 2898 (g)
2893 2843 2958 2882 ne
3011 2828 3100 2896 qui
3164 2827 3267 2898 (ὅ)
3313 2826 3378 2880 de
3428 2827 3606 2895 specie
3655 2841 3869 2895 quoque
3917 2841 4045 2880 cor-

2437 2925 2639 2993 pusculi
2689 2934 2918 2986 metuat;
2971 2932 3223 2976 cazterum
3289 2920 3481 2990 spiritu
3551 2920 3774 2988 insuper
3839 2918 4041 2973 cultos.

2436 3018 2589 3072 Dedit
2615 3017 2758 3070 enim
2813 3015 2952 3067 Dens
3006 3011 3420 3066 adolescentulis
3467 3010 3742 3064 scientiam
3774 3018 3831 3063 et
3878 3009 4041 3063 intel-

2437 3108 2704 3179 ligentiam
2751 3107 2802 3160 in
2845 3105 2989 3160 onmi
3031 3103 3366 3170 litteratura,
3407 3110 3462 3156 et
3523 3101 3722 3156 Danieli
3791 3101 3846 3154 in
3903 3101 4044 3154 oraui

2434 3200 2616 3264 verba,
2669 3211 2714 3254 et
2781 3199 2833 3251 iu
2901 3197 3144 3263 sonmiis,
3200 3205 3246 3250 et
3305 3196 3358 3248 in
3417 3195 3554 3248 omni
3615 3193 3798 3263 sophia
3857 3192 4040 3266 (Dan.

727 3301 973 3348 cmnenta
987 3304 1332 3361 pr0peratnns
1355 3304 1367 3338 :
1388 3288 1437 3339 in
1458 3285 1640 3339 limine
1665 3284 1931 3355 Evangelii
1956 3284 2104 3355 (Luc.
2126 3285 2189 3348 Il,
2208 3287 2324 3356 57),
2353 3326 2398 3389 C
2437 3295 2450 3347 |
2475 3335 2488 3357 ,
2526 3294 2622 3364 Π)
2648 3308 2748 3363 qua
2774 3292 2879 3344 hoc
2923 3291 3094 3357 ipsum
3122 3304 3332 3359 quoque
3358 3297 3605 3358 saperet,
3635 3288 3832 3357 quibus
3858 3286 4039 3342 modis

727 3385 879 3439 Anna
901 3380 1294 3451 prolihetislilia
1314 3377 1749 3444 Phanuelis,qua:
1766 3377 2020 3432 inlantem
2043 3378 2324 3433 Dominum

725 3485 779 3534 ct
800 3477 1028 3546 agnovit,
1051 3484 1102 3530 et
1121 3475 1281 3531 multa
1299 3490 1460 3544 super
1477 3491 1542 3530 co
1573 3475 1879 3545 praedicavit
1896 3477 2326 3545 exspectantibus

727 3570 1146 3641 redemptionem
1173 3569 1384 3624 lsmelis
1405 3611 1418 3633 ,
1453 3577 1567 3638 post
1596 3569 1868 3639 egregiqu
1893 3568 2103 3622 titulum
2128 3569 2325 3623 veteris

725 3664 949 3718 univira:
979 3662 1269 3727 viduitatis,
1298 3660 1622 3730 jejuniorum
1651 3675 1865 3730 quoque
1893 3661 2198 3714 testimonio
2227 3677 2319 3713 au-

724 3767 898 3824 getur.
929 3753 1217 3809 ostendens
1257 3753 1309 3806 in
1340 3752 1530 3822 quibus
1569 3751 1760 3806 oflieiis
1797 3751 2021 3805 assideri
2064 3751 2320 3806 Ecclesia:

725 3845 954 3913 debeat,
993 3855 1048 3900 et
1089 3860 1116 3898 a
1151 3844 1309 3899 nullis
1357 3845 1524 3916 magis
1556 3844 1779 3913 intelligi
1817 3843 2088 3898 Christum
2113 3885 2128 3908 ,
2161 3861 2317 3911 quam

723 3938 890 3995 semel
923 3937 1134 4006 nuptis,
1165 3951 1308 4005 saepe
1333 3936 1553 4005 jejunis.
1586 3935 1702 4005 Ipse
1732 3950 1853 3988 mox
1896 3935 2156 3989 Dominus
2188 3936 2318 4006 bap-

725 4035 880 4087 tisma
910 4045 1064 4086 suum
1085 4069 1102 4096 ,
1134 4038 1188 4084 et
1217 4030 1267 4082 in
1309 4045 1409 4083 suo
1437 4029 1676 4082 omnium
1699 4070 1712 4088 .
1745 4027 1962 4096 jejuniis
2007 4029 2272 4083 dedicavit
2299 4071 2314 4096 ,

725 4124 927 4180 habens
957 4121 1174 4178 efficere
1213 4133 1377 4189 panes
1405 4135 1469 4174 ex
1502 4118 1795 4187 lapidibus,
1827 4117 1988 4173 etiam
2019 4118 2306 4174 Jordauem

723 4218 849 4274 vino
866 4216 1092 4271 fortasse
1121 4228 1337 4267 manare
1357 4255 1372 4275 ,
1396 4213 1439 4266 si
1460 4213 1526 4264 ita
1552 4221 1768 4264 Vorator
1793 4221 1847 4266 et
1871 4220 2078 4280 potator
2109 4212 2312 4267 fuisset.

727 4311 840 4367 lmo
898 4323 1092 4362 norum
1144 4305 1414 4361 hominem
1446 4306 1495 4358 in
1533 4305 1726 4359 veteris
1753 4304 2177 4372 snggillationcm
2211 4304 2316 4357 Vir-

726 4409 838 4458 tute
865 4398 1168 4456 fastidiendi
1196 4399 1306 4453 cibi
1341 4397 1615 4453 initiabat.
1653 4405 1851 4450 uteum
1893 4394 2110 4449 diabolo
2138 4413 2324 4453 rursus

2431 3387 2498 3440 de
2540 3386 2648 3439 Deo
2691 3387 3066 3452 impetraretur
3094 3382 3294 3452 agnitio
3345 3389 3823 3434 Sacramentorum.
3881 3379 4042 3434 Anno

2428 3479 2658 3547 denique
2686 3478 2843 3532 tertio
2882 3477 3003 3548 Cyri
3057 3477 3195 3545 regis
3231 3476 3558 3539 Persarum,
3589 3489 3710 3528 cum
3744 3474 3798 3528 in
3822 3474 4037 3542 rec0gi-

2430 3581 2596 3624 talum
2623 3570 2895 3625 incidisset
2918 3567 3135 3622 visionis
3156 3608 3171 3632 ,
3197 3557 3354 3621 aliain
3382 3566 3609 3620 formant
3638 3566 4036 3620 lnttniliatinnis

2429 3662 2701 3732 proSpexit
2772 3658 2836 3714 la
2872 3660 3010 3725 illis,
3055 3659 3250 3728 inquit,
3295 3659 3471 3712 diebus
3498 3700 3511 3717 .
3541 3674 3632 3729 ego
3678 3656 3865 3712 Daniel
3896 3675 4038 3711 «aut

2427 3753 2602 3823 lugeas
2627 3793 2642 3817 ,
2698 3768 2787 3820 per
2845 3761 2944 3804 tres
2997 3748 3373 3816 hebdomadas,
3433 3765 3614 3819 partem
3674 3765 3882 3804 suavem
3938 3765 4037 3803 non

2426 3845 2550 3909 edi,
2611 3859 2730 3897 caro
2778 3853 2824 3897 et
2879 3843 3046 3902 vinum
3093 3859 3195 3896 nou
3245 3843 3549 3896 introierunt
3603 3843 3656 3897 iu
3708 3859 3766 3896 os
3825 3859 4031 3907 meum,

2425 3939 2534 3992 oleo
2588 3948 2765 3990 nactus
2819 3952 2919 3990 non
2979 3952 3092 3990 smn
3135 3978 3149 4001 ,
3204 3937 3362 3992 donec
3403 3945 3879 3990 consamnwrentur
3938 3949 4035 3992 tres

2425 4030 2762 4084 hebdomades
2802 4069 2818 4092 ,
2872 4029 3050 4095 quibus
3098 4029 3366 4083 transactis
3434 4029 3646 4101 angelus
3702 4030 3920 4084 entissus
3966 4038 4036 4083 est

2424 4123 2592 4176 taliter
2645 4123 2922 4192 adloquens
2971 4137 2987 4173 :
3035 4120 3266 4186 Daniel,
3341 4123 3492 4175 Iconio
3562 4137 3615 4175 es
3682 4121 4034 4184 miserabilis;

2425 4231 2487 4268 nc
2539 4215 2793 4277 timueris,
2853 4215 3094 4282 quoniam
3171 4229 3233 4266 ea:
3301 4213 3383 4268 die
3450 4213 3614 4280 prima
3679 4230 3781 4282 qua
3847 4213 4035 4267 dedisti

2428 4308 2652 4359 animam
2703 4317 2840 4358 tuum
2894 4305 3192 4374 rccoyitalui
3215 4314 3262 4358 et
3301 4305 3643 4358 Immiliatioui
3671 4321 3846 4358 cornm
3885 4305 3992 4359 Deo
4016 4347 4032 4371 ,

2429 4399 2724 4452 exauditam
2763 4407 2836 4453 est
2861 4397 3061 4452 verbum
3091 4407 3230 4452 luant
3252 4438 3267 4465 ,
3313 4408 3358 4452 et
3383 4415 3476 4470 ego
3507 4397 3709 4452 iutroivi
3743 4396 3894 4452 verba
3927 4409 4029 4453 tuo.

1940 4530 2320 4592 LECTIONES
2361 4535 2773 4591 VAIllANTES.

787 4654 863 4716 (Ι)
888 4647 1032 4716 Ultra
1051 4651 1172 4716 Jun.

782 4707 857 4777 (2i
883 4713 1196 4777 lteddidirnus
1217 4719 1418 4773 vetera;
1445 4708 1504 4760 ad
1532 4721 1654 4760 nova
1679 4721 1807 4760 nunc
1833 4709 1932 4758 Lat.
1961 4721 2008 4758 (ι.
2038 4721 2080 4757 v.
2109 4707 2166 4757 ad
2203 4723 2322 4760 nova

724 4776 874 4831 etiam
897 4790 1042 4836 nunc,
1068 4776 1188 4824 Jun.

2347 4649 2399 4708 D

2512 4649 2562 4711 3)
2591 4649 2660 4699 Ex
2685 4648 2806 4699 add.
2833 4647 2982 4700 Seml.

2521 4713 2558 4775 t)
2588 4713 2655 4761 lix
2681 4711 2831 4762 Scml.

2512 4771 2564 4837 εἰ)
2589 4775 2707 4833 Quis
2723 4771 2873 4825 Seml.

2078 4882 2633 4941 COMMENTARIUS.

793 5007 868 5079 (a)
905 5006 1354 5079 Sacranmntornm
1393 5001 1715 5079 agnitionem.
1758 4995 1845 5052 Sic
1877 5006 2030 5051 vocat
2063 4998 2305 5079 peritiam

720 5069 1103 5148 interpretandi
1135 5078 1330 5146 liguras
1349 5069 1679 5148 etimagines
1707 5084 1920 5148 sacras,
1940 5084 2143 5148 _nctnpe
2175 5069 2310 5148 div-i-

720 5140 1131 5214 nitus-"obiectas
1155 5140 1205 5202 in
1232 5145 1472 5200 somniis.
1505 5145 1850 5198 Sacramenta
1886 5140 2076 5209 igitur,
2103 5140 2309 5194 somnia

718 5235 748 5274 a
776 5221 887 5276 Deo
918 5221 1175 5274 immissa.
1214 5219 1329 5273 lito.

793 5290 870 5361 (b)
905 5290 1089 5343 Omnes
1118 5289 1382 5361 turbantur
1410 5285 1683 5353 Son/iisne.
1711 5281 1990 5349 Sophistas
2017 5281 2174 5360 dicit,
2220 5283 2309 5349 qui

720 5352 863 5416 aliis
883 5363 1178 5431 sapientes,
1209 5352 1535 5436 sonmiornm
1568 5361 1879 5424 interpretes
1907 5352 2308 5476 .lfonjectores.

1978 5439 2046 5476 te.

1978 5439 2046 5477 IG.

794 5503 867 5570 (ς)
891 5502 1091 5570 Negant
1115 5502 1248 5554 ultro
1277 5500 1339 5552 de
1369 5497 1665 5570 pra'stautia
1689 5496 1912 5548 Immana
1945 5509 2089 5570 posse
2119 5510 2307 5570 cogno-

719 5564 812 5629 sri;
847 5564 1087 5629 llumano
1110 5573 1321 5643 ingenio
1349 5564 1586 5643 praestari
1621 5582 1774 5643 posse
1802 5565 2129 5619 :OIttttiut'ttttt
2163 5565 2310 5618 scili-

718 5657 805 5701 cet
829 5648 1092 5716 regiorum
1118 5638 1647 5716 interpretationem.
1685 5638 1798 5716 lita.

793 5706 1066 5786 (d)vl)cait
1100 5706 1292 5784 facient
1331 5728 1476 5764 suam
1517 5709 1646 5764 Deo.
1693 5713 1995 5831 L‘onvgtgsus
2022 5706 2086 5760 ad
2122 5707 2308 5761 Demn.

1910 5795 1976 5831 tu.

791 5863 866 5918 te)
911 5861 1167 5924 Quatenus
1214 5853 1512 5907 rursm-ululis
1561 5869 1628 5906 ιε.
1681 5855 1902 5919 Quanto
1952 5850 2308 5905 miserationis

717 5931 940 6004 gratiam
972 5930 1193 6001 adeptus
1219 5943 1296 5984 es.
1321 5924 1438 5983 Rto.

2483 4999 2633 5057 CAP.
2660 5001 2905 5071 lX.-—(f)
2936 5000 3382 5073 Xeroplmgiarum
3408 5002 3675 5058 novitatem
3705 5015 3795 5058 aut
3823 5008 4027 5060 vanita-

2413 5081 2528 5125 tem.
2565 5073 2896 5140 Improbattlr
2935 5075 3251 5127 abstinentia
3283 5090 3312 5126 a
3343 5075 3468 5126 vino
3518 5085 3572 5128 et
3611 5077 3883 5139 carnibus,
3927 5078 4025 5132 nisi

2413 5143 2751 5215 continentia:
2777 5160 2938 5200 causa
2971 5144 3018 5197 id
3044 5145 3153 5209 liat,
3180 5145 3495 5215 cam-Apost.
3527 5145 3588 5199 fil
3623 5157 3670 5199 et
3695 5148 3786 5202 53.
3816 5147 3895 5203 [ιε
3925 5148 4022 5205 Pu.

2487 5218 2563 5282 (g)
2602 5213 2680 5267 Ne
2705 5217 2788 5283 qui
2833 5217 2894 5269 de
2930 5217 3092 5282 specie
3118 5231 3314 5284 quoque
3354 5213 3644 5284 corpusculi
3677 5229 3891 5272 ntetuat.
3935 5221 4023 5274 Sic

2414 5286 2500 5338 lib.
2539 5284 2578 5338 Il
2632 5286 2698 5338 ad
2745 5303 2951 5340 uxorem
2987 5304 2998 5338 :
3029 5284 3295 5340 Latcbisne
3329 5296 3418 5351 tu,
3445 5303 3559 5340 cum
3588 5287 3832 5342 lectulum
3858 5332 3873 5351 ,
3909 5307 4026 5344 cum

2416 5357 2770 5423 corpusculum
2799 5368 2938 5428 (nam
2975 5357 3195 5428 signos?
3230 5357 3340 5411 lloc
3360 5357 3505 5412 enim
3537 5359 3752 5413 tandem
3783 5361 3906 5414 loco
3930 5377 4025 5415 nn-

2420 5430 2669 5492 t.-.binms,
2702 5427 3205 5497 Septiiniuntstoica
3238 5427 3403 5482 forma
3434 5431 3512 5482 sic
3540 5431 3736 5497 passim
3762 5430 3934 5499 loqui,
3969 5441 4025 5485 ut

2419 5501 2790 5564 corpttscu'tlttt
2832 5499 3006 5561 dlCal,
3036 5509 3090 5551 ct
3121 5499 3371 5552 leetuhnn
3395 5540 3409 5558 .
3453 5510 3507 5554 et
3554 5501 3929 5564 arbusculam,
3967 5514 4020 5556 et

2419 5569 2820 5643 mulierculam,
2871 5580 2926 5622 ct
2961 5569 3288 5643 cuniculum,
3343 5570 3737 5643 motiunculas,
3785 5583 3855 5643 rct
3901 5590 4024 5643 por-

2421 5641 2715 5702 ιίιιιιιοιιῑςις,
2787 5651 2840 5694 et
2895 5651 3088 5694 eastern
3153 5640 3490 5708 hujusmudi,
3564 5640 4025 5710 quemadnmdum

2419 5711 2494 5774 illi
2531 5718 2769 5776 σωμάτιον
2815 5715 3017 5764 oin/Sin
3042 5753 3056 5773 ,
3079 5717 3392 5777 ἀξιωμάτων,
3434 5717 3670 5782 ἀνρίδισν,
3698 5724 4023 5782 πρηγμάτων,

2423 5787 2640 5848 iugum,
2686 5787 2952 5856 bautspm,
2980 5788 3168 5856 iugi».
3209 5788 3626 5856 ἀργυρωμαὶδιι,
3673 5791 3929 5856 ἐκλάμπει,
3975 5796 4028 5843 Cl

2427 5865 2618 5910 tat-tera
2667 5855 2716 5909 td
2761 5870 2928 5923 genus
2979 5851 3290 5924 Ειιιυιριιυ-ι.
3323 5855 3441 5908 lite.
