  <div class='ocr_page' id='page_1' title='image "/cluster/home/n/w/nwhite01/storage/ocr_20150623/2/hvd.32044015466741/534.png"; bbox 0 0 4220 6492; ppageno 0'>
   <div class='ocr_carea' id='block_1_1' title="bbox 197 423 302 485">
    <p class='ocr_par' dir='ltr' id='par_1_1' title="bbox 197 423 302 485">
     <span class='ocr_line' id='line_1_1' title="bbox 197 423 302 485; baseline 0.038 -4"><span class='ocrx_word' id='word_1_1' title='bbox 197 423 302 485; x_wconf 76' lang='lat'><strong>965</strong></span> 
     </span>
    </p>
   </div>
   <div class='ocr_carea' id='block_1_2' title="bbox 1520 419 2203 481">
    <p class='ocr_par' dir='ltr' id='par_1_2' title="bbox 1520 419 2203 481">
     <span class='ocr_line' id='line_1_2' title="bbox 1520 419 2203 481; baseline -0.012 0"><span class='ocrx_word' id='word_1_2' title='bbox 1520 419 1726 481; x_wconf 78' lang='lat' dir='ltr'><strong>LIBER</strong></span> <span class='ocrx_word' id='word_1_3' title='bbox 1766 423 1855 480; x_wconf 82' lang='lat' dir='ltr'><strong>DE</strong></span> <span class='ocrx_word' id='word_1_4' title='bbox 1893 421 1998 480; x_wconf 79' lang='lat' dir='ltr'><strong>JEJ</strong></span> <span class='ocrx_word' id='word_1_5' title='bbox 2007 420 2176 481; x_wconf 85' lang='lat' dir='ltr'><strong>UNllS</strong></span> <span class='ocrx_word' id='word_1_6' title='bbox 2191 460 2203 473; x_wconf 94' lang='lat'><strong>.</strong></span> 
     </span>
    </p>
   </div>
   <div class='ocr_carea' id='block_1_3' title="bbox 3403 413 3514 478">
    <p class='ocr_par' dir='ltr' id='par_1_3' title="bbox 3403 413 3514 478">
     <span class='ocr_line' id='line_1_3' title="bbox 3403 413 3514 478; baseline 0 0"><span class='ocrx_word' id='word_1_7' title='bbox 3403 413 3514 478; x_wconf 84' lang='lat'><strong>966</strong></span> 
     </span>
    </p>
   </div>
   <div class='ocr_carea' id='block_1_4' title="bbox 190 531 3507 614">
    <p class='ocr_par' dir='ltr' id='par_1_4' title="bbox 190 531 3507 614">
     <span class='ocr_line' id='line_1_4' title="bbox 190 531 3507 614; baseline -0 -18"><span class='ocrx_word' id='word_1_8' title='bbox 190 534 268 597; x_wconf 82' lang='lat' dir='ltr'><strong>Ita</strong></span> <span class='ocrx_word' id='word_1_9' title='bbox 323 539 762 614; x_wconf 66' lang='lat' dir='ltr'><strong>xeropltagiarum</strong></span> <span class='ocrx_word' id='word_1_10' title='bbox 811 540 1085 597; x_wconf 76' lang='lat' dir='ltr'><strong>miseratio</strong></span> <span class='ocrx_word' id='word_1_11' title='bbox 1130 545 1186 596; x_wconf 86' lang='lat' dir='ltr'><strong>et</strong></span> <span class='ocrx_word' id='word_1_12' title='bbox 1237 533 1538 595; x_wconf 79' lang='lat' dir='ltr'><strong>bnmilistio</strong></span> <span class='ocrx_word' id='word_1_13' title='bbox 1589 547 1787 594; x_wconf 85' lang='lat' dir='ltr'><strong>metum</strong></span> <span class='ocrx_word' id='word_1_14' title='bbox 1816 531 2358 610; x_wconf 71' lang='lat' dir='ltr'><strong>Adesset)bocipso</strong></span> <span class='ocrx_word' id='word_1_15' title='bbox 2382 532 2756 594; x_wconf 80' lang='lat' dir='ltr'><strong>abstinentiam</strong></span> <span class='ocrx_word' id='word_1_16' title='bbox 2793 537 2900 594; x_wconf 81' lang='lat' dir='ltr'><strong>vim</strong></span> <span class='ocrx_word' id='word_1_17' title='bbox 2930 533 3144 612; x_wconf 76' lang='lat' dir='ltr'><strong>dignam</strong></span> <span class='ocrx_word' id='word_1_18' title='bbox 3187 534 3299 597; x_wconf 80' lang='lat' dir='ltr'><strong>Deo</strong></span> <span class='ocrx_word' id='word_1_19' title='bbox 3321 535 3507 606; x_wconf 80' lang='lat' dir='ltr'><strong>suasit,</strong></span> 
     </span>
    </p>
   </div>
   <div class='ocr_carea' id='block_1_5' title="bbox 191 629 1791 706">
    <p class='ocr_par' dir='ltr' id='par_1_5' title="bbox 191 629 1791 706">
     <span class='ocr_line' id='line_1_5' title="bbox 191 629 1791 706; baseline -0.003 -15"><span class='ocrx_word' id='word_1_20' title='bbox 191 637 499 706; x_wconf 73' lang='lat' dir='ltr'><strong>expellunt,</strong></span> <span class='ocrx_word' id='word_1_21' title='bbox 557 644 610 689; x_wconf 88' lang='lat' dir='ltr'><strong>et</strong></span> <span class='ocrx_word' id='word_1_22' title='bbox 659 645 820 690; x_wconf 80' lang='lat' dir='ltr'><strong>aures</strong></span> <span class='ocrx_word' id='word_1_23' title='bbox 903 635 994 690; x_wconf 79' lang='lat' dir='ltr'><strong>Dei</strong></span> <span class='ocrx_word' id='word_1_24' title='bbox 1061 633 1376 694; x_wconf 84' lang='lat' dir='ltr'><strong>advertunt.</strong></span> <span class='ocrx_word' id='word_1_25' title='bbox 1431 644 1486 688; x_wconf 88' lang='lat' dir='ltr'><strong>et</strong></span> <span class='ocrx_word' id='word_1_26' title='bbox 1552 629 1791 688; x_wconf 86' lang='lat' dir='ltr'><strong>occulto-</strong></span> 
     </span>
    </p>
   </div>
   <div class='ocr_carea' id='block_1_6' title="bbox 191 728 1790 800">
    <p class='ocr_par' dir='ltr' id='par_1_6' title="bbox 191 728 1790 800">
     <span class='ocr_line' id='line_1_6' title="bbox 191 728 1790 800; baseline -0.001 -17"><span class='ocrx_word' id='word_1_27' title='bbox 191 745 313 785; x_wconf 85' lang='lat' dir='ltr'><strong>rum</strong></span> <span class='ocrx_word' id='word_1_28' title='bbox 361 740 640 800; x_wconf 88' lang='lat' dir='ltr'><strong>compotcs</strong></span> <span class='ocrx_word' id='word_1_29' title='bbox 687 731 904 785; x_wconf 84' lang='lat' dir='ltr'><strong>faciunt.</strong></span> <span class='ocrx_word' id='word_1_30' title='bbox 950 730 1210 784; x_wconf 75' lang='lat' dir='ltr'><strong>Revertor</strong></span> <span class='ocrx_word' id='word_1_31' title='bbox 1243 731 1406 784; x_wconf 88' lang='lat' dir='ltr'><strong>etiam</strong></span> <span class='ocrx_word' id='word_1_32' title='bbox 1455 729 1518 782; x_wconf 90' lang='lat' dir='ltr'><strong>ad</strong></span> <span class='ocrx_word' id='word_1_33' title='bbox 1565 728 1790 791; x_wconf 85' lang='lat' dir='ltr'><strong>lleliam.</strong></span> 
     </span>
    </p>
   </div>
   <div class='ocr_carea' id='block_1_7' title="bbox 192 822 1796 890">
    <p class='ocr_par' dir='ltr' id='par_1_7' title="bbox 192 822 1796 890">
     <span class='ocr_line' id='line_1_7' title="bbox 192 822 1796 890; baseline -0.001 -17"><span class='ocrx_word' id='word_1_34' title='bbox 192 838 318 875; x_wconf 86' lang='lat' dir='ltr'><strong>cum</strong></span> <span class='ocrx_word' id='word_1_35' title='bbox 373 823 522 877; x_wconf 97' lang='lat' dir='ltr'><strong>corvi</strong></span> <span class='ocrx_word' id='word_1_36' title='bbox 576 822 723 876; x_wconf 90' lang='lat' dir='ltr'><strong>illntn</strong></span> <span class='ocrx_word' id='word_1_37' title='bbox 779 838 912 890; x_wconf 90' lang='lat' dir='ltr'><strong>pane</strong></span> <span class='ocrx_word' id='word_1_38' title='bbox 956 832 1010 876; x_wconf 91' lang='lat' dir='ltr'><strong>et</strong></span> <span class='ocrx_word' id='word_1_39' title='bbox 1046 836 1208 876; x_wconf 86' lang='lat' dir='ltr'><strong>carne</strong></span> <span class='ocrx_word' id='word_1_40' title='bbox 1237 829 1484 875; x_wconf 86' lang='lat' dir='ltr'><strong>saturare</strong></span> <span class='ocrx_word' id='word_1_41' title='bbox 1539 834 1796 874; x_wconf 86' lang='lat' dir='ltr'><strong>consues-</strong></span> 
     </span>
    </p>
   </div>
   <div class='ocr_carea' id='block_1_8' title="bbox 192 910 1797 983">
    <p class='ocr_par' dir='ltr' id='par_1_8' title="bbox 192 910 1797 983">
     <span class='ocr_line' id='line_1_8' title="bbox 192 910 1797 983; baseline 0.001 -18"><span class='ocrx_word' id='word_1_42' title='bbox 192 922 338 978; x_wconf 79' lang='lat' dir='ltr'><strong>sent,</strong></span> <span class='ocrx_word' id='word_1_43' title='bbox 370 928 464 967; x_wconf 85' lang='lat' dir='ltr'><strong>cur</strong></span> <span class='ocrx_word' id='word_1_44' title='bbox 492 913 826 983; x_wconf 83' lang='lat' dir='ltr'><strong>postmodum</strong></span> <span class='ocrx_word' id='word_1_45' title='bbox 854 910 990 982; x_wconf 89' lang='lat' dir='ltr'><strong>apud</strong></span> <span class='ocrx_word' id='word_1_46' title='bbox 1021 911 1282 966; x_wconf 83' lang='lat' dir='ltr'><strong>Bersabee</strong></span> <span class='ocrx_word' id='word_1_47' title='bbox 1324 911 1522 967; x_wconf 67' lang='lat' dir='ltr'><strong>ludam</strong></span> <span class='ocrx_word' id='word_1_48' title='bbox 1565 911 1797 967; x_wconf 64' lang='lat' dir='ltr'><strong>elcilalo</strong></span> 
     </span>
    </p>
   </div>
   <div class='ocr_carea' id='block_1_9' title="bbox 189 1006 1793 1078">
    <p class='ocr_par' dir='ltr' id='par_1_9' title="bbox 189 1006 1793 1078">
     <span class='ocr_line' id='line_1_9' title="bbox 189 1006 1793 1078; baseline 0.002 -21"><span class='ocrx_word' id='word_1_49' title='bbox 189 1008 237 1059; x_wconf 82' lang='lat' dir='ltr'><strong>ei</strong></span> <span class='ocrx_word' id='word_1_50' title='bbox 271 1006 339 1059; x_wconf 73' lang='lat' dir='ltr'><strong>de</strong></span> <span class='ocrx_word' id='word_1_51' title='bbox 363 1021 554 1061; x_wconf 69' lang='lat' dir='ltr'><strong>soanno</strong></span> <span class='ocrx_word' id='word_1_52' title='bbox 579 1006 791 1076; x_wconf 87' lang='lat' dir='ltr'><strong>quidatn</strong></span> <span class='ocrx_word' id='word_1_53' title='bbox 817 1008 903 1060; x_wconf 88' lang='lat' dir='ltr'><strong>ille</strong></span> <span class='ocrx_word' id='word_1_54' title='bbox 937 1008 1012 1076; x_wconf 84' lang='lat' dir='ltr'><strong>(l)</strong></span> <span class='ocrx_word' id='word_1_55' title='bbox 1041 1008 1259 1076; x_wconf 81' lang='lat' dir='ltr'><strong>angelus</strong></span> <span class='ocrx_word' id='word_1_56' title='bbox 1286 1007 1578 1061; x_wconf 84' lang='lat' dir='ltr'><strong>sinednbio</strong></span> <span class='ocrx_word' id='word_1_57' title='bbox 1605 1023 1793 1078; x_wconf 88' lang='lat' dir='ltr'><strong>panem</strong></span> 
     </span>
    </p>
   </div>
   <div class='ocr_carea' id='block_1_10' title="bbox 187 1097 1792 1169">
    <p class='ocr_par' dir='ltr' id='par_1_10' title="bbox 187 1097 1792 1169">
     <span class='ocr_line' id='line_1_10' title="bbox 187 1097 1792 1169; baseline 0.001 -18"><span class='ocrx_word' id='word_1_58' title='bbox 187 1097 364 1151; x_wconf 74' lang='lat' dir='ltr'><strong>s&#39;olnm</strong></span> <span class='ocrx_word' id='word_1_59' title='bbox 409 1108 464 1153; x_wconf 91' lang='lat' dir='ltr'><strong>et</strong></span> <span class='ocrx_word' id='word_1_60' title='bbox 506 1115 696 1168; x_wconf 88' lang='lat' dir='ltr'><strong>aquam</strong></span> <span class='ocrx_word' id='word_1_61' title='bbox 743 1099 977 1154; x_wconf 81' lang='lat' dir='ltr'><strong>obtulit?</strong></span> <span class='ocrx_word' id='word_1_62' title='bbox 1021 1099 1329 1154; x_wconf 77' lang='lat' dir='ltr'><strong>defecerant</strong></span> <span class='ocrx_word' id='word_1_63' title='bbox 1367 1099 1512 1155; x_wconf 89' lang='lat' dir='ltr'><strong>corvi</strong></span> <span class='ocrx_word' id='word_1_64' title='bbox 1547 1101 1635 1169; x_wconf 90' lang='lat' dir='ltr'><strong>qui</strong></span> <span class='ocrx_word' id='word_1_65' title='bbox 1673 1117 1792 1154; x_wconf 89' lang='lat' dir='ltr'><strong>ctnn</strong></span> 
     </span>
    </p>
   </div>
   <div class='ocr_carea' id='block_1_11' title="bbox 189 1192 1793 1264">
    <p class='ocr_par' dir='ltr' id='par_1_11' title="bbox 189 1192 1793 1264">
     <span class='ocr_line' id='line_1_11' title="bbox 189 1192 1793 1264; baseline 0.001 -19"><span class='ocrx_word' id='word_1_66' title='bbox 189 1193 465 1247; x_wconf 87' lang='lat' dir='ltr'><strong>liberalius</strong></span> <span class='ocrx_word' id='word_1_67' title='bbox 511 1194 827 1263; x_wconf 86' lang='lat' dir='ltr'><strong>paseerent?</strong></span> <span class='ocrx_word' id='word_1_68' title='bbox 867 1210 932 1246; x_wconf 91' lang='lat' dir='ltr'><strong>an</strong></span> <span class='ocrx_word' id='word_1_69' title='bbox 990 1192 1208 1248; x_wconf 86' lang='lat' dir='ltr'><strong>dil&#39;tieile</strong></span> <span class='ocrx_word' id='word_1_70' title='bbox 1248 1195 1438 1264; x_wconf 79' lang='lat' dir='ltr'><strong>angelo</strong></span> <span class='ocrx_word' id='word_1_71' title='bbox 1487 1193 1657 1248; x_wconf 80' lang='lat' dir='ltr'><strong>fuerat</strong></span> <span class='ocrx_word' id='word_1_72' title='bbox 1701 1194 1793 1247; x_wconf 87' lang='lat' dir='ltr'><strong>ali-</strong></span> 
     </span>
    </p>
   </div>
   <div class='ocr_carea' id='block_1_12' title="bbox 186 1288 1793 1358">
    <p class='ocr_par' dir='ltr' id='par_1_12' title="bbox 186 1288 1793 1358">
     <span class='ocr_line' id='line_1_12' title="bbox 186 1288 1793 1358; baseline 0.002 -20"><span class='ocrx_word' id='word_1_73' title='bbox 186 1305 350 1356; x_wconf 91' lang='lat' dir='ltr'><strong>quem</strong></span> <span class='ocrx_word' id='word_1_74' title='bbox 385 1289 632 1344; x_wconf 89' lang='lat' dir='ltr'><strong>alicunde</strong></span> <span class='ocrx_word' id='word_1_75' title='bbox 661 1288 728 1343; x_wconf 88' lang='lat' dir='ltr'><strong>de</strong></span> <span class='ocrx_word' id='word_1_76' title='bbox 757 1289 1002 1344; x_wconf 86' lang='lat' dir='ltr'><strong>c0nvivio</strong></span> <span class='ocrx_word' id='word_1_77' title='bbox 1040 1289 1179 1358; x_wconf 77' lang='lat' dir='ltr'><strong>regis</strong></span> <span class='ocrx_word' id='word_1_78' title='bbox 1215 1289 1515 1342; x_wconf 90' lang='lat' dir='ltr'><strong>ministrum</strong></span> <span class='ocrx_word' id='word_1_79' title='bbox 1551 1304 1673 1343; x_wconf 86' lang='lat' dir='ltr'><strong>eum</strong></span> <span class='ocrx_word' id='word_1_80' title='bbox 1713 1289 1793 1342; x_wconf 88' lang='lat' dir='ltr'><strong>in-</strong></span> 
     </span>
    </p>
   </div>
   <div class='ocr_carea' id='block_1_13' title="bbox 184 1382 1797 1452">
    <p class='ocr_par' dir='ltr' id='par_1_13' title="bbox 184 1382 1797 1452">
     <span class='ocr_line' id='line_1_13' title="bbox 184 1382 1797 1452; baseline 0.001 -17"><span class='ocrx_word' id='word_1_81' title='bbox 184 1385 546 1438; x_wconf 73' lang='lat' dir='ltr'><strong>structissimo</strong></span> <span class='ocrx_word' id='word_1_82' title='bbox 578 1382 777 1437; x_wconf 80' lang='lat' dir='ltr'><strong>ferculo</strong></span> <span class='ocrx_word' id='word_1_83' title='bbox 801 1393 1008 1452; x_wconf 90' lang='lat' dir='ltr'><strong>raptum</strong></span> <span class='ocrx_word' id='word_1_84' title='bbox 1037 1383 1099 1437; x_wconf 90' lang='lat' dir='ltr'><strong>ad</strong></span> <span class='ocrx_word' id='word_1_85' title='bbox 1135 1382 1336 1437; x_wconf 88' lang='lat' dir='ltr'><strong>llcliatn</strong></span> <span class='ocrx_word' id='word_1_86' title='bbox 1366 1383 1694 1447; x_wconf 80' lang='lat' dir='ltr'><strong>transferre;</strong></span> <span class='ocrx_word' id='word_1_87' title='bbox 1727 1384 1797 1436; x_wconf 82' lang='lat' dir='ltr'><strong>si-</strong></span> 
     </span>
    </p>
   </div>
   <div class='ocr_carea' id='block_1_14' title="bbox 183 1475 1794 1547">
    <p class='ocr_par' dir='ltr' id='par_1_14' title="bbox 183 1475 1794 1547">
     <span class='ocr_line' id='line_1_14' title="bbox 183 1475 1794 1547; baseline -0.001 -17"><span class='ocrx_word' id='word_1_88' title='bbox 183 1485 280 1530; x_wconf 88' lang='lat' dir='ltr'><strong>cut</strong></span> <span class='ocrx_word' id='word_1_89' title='bbox 315 1476 514 1530; x_wconf 79' lang='lat' dir='ltr'><strong>Danieli</strong></span> <span class='ocrx_word' id='word_1_90' title='bbox 561 1475 642 1547; x_wconf 68' lang='grc'><strong>(2)</strong></span> <span class='ocrx_word' id='word_1_91' title='bbox 691 1477 742 1530; x_wconf 93' lang='lat' dir='ltr'><strong>in</strong></span> <span class='ocrx_word' id='word_1_92' title='bbox 771 1475 943 1530; x_wconf 88' lang='lat' dir='ltr'><strong>lacmn</strong></span> <span class='ocrx_word' id='word_1_93' title='bbox 972 1476 1182 1531; x_wconf 89' lang='lat' dir='ltr'><strong>leonum</strong></span> <span class='ocrx_word' id='word_1_94' title='bbox 1227 1477 1482 1532; x_wconf 82' lang='lat' dir='ltr'><strong>esurienti</strong></span> <span class='ocrx_word' id='word_1_95' title='bbox 1518 1477 1794 1547; x_wconf 76' lang='lat' dir='ltr'><strong>prandium</strong></span> 
     </span>
    </p>
   </div>
   <div class='ocr_carea' id='block_1_15' title="bbox 189 1567 1798 1639">
    <p class='ocr_par' dir='ltr' id='par_1_15' title="bbox 189 1567 1798 1639">
     <span class='ocr_line' id='line_1_15' title="bbox 189 1567 1798 1639; baseline 0.001 -17"><span class='ocrx_word' id='word_1_96' title='bbox 189 1570 510 1624; x_wconf 86' lang='lat' dir='ltr'><strong>metentiqu</strong></span> <span class='ocrx_word' id='word_1_97' title='bbox 559 1568 856 1622; x_wconf 75' lang='lat' dir='ltr'><strong>exbibitnm</strong></span> <span class='ocrx_word' id='word_1_98' title='bbox 891 1570 1026 1623; x_wconf 84' lang='lat' dir='ltr'><strong>est?</strong></span> <span class='ocrx_word' id='word_1_99' title='bbox 1078 1567 1182 1624; x_wconf 90' lang='lat' dir='ltr'><strong>Sed</strong></span> <span class='ocrx_word' id='word_1_100' title='bbox 1213 1570 1461 1624; x_wconf 57' lang='lat' dir='ltr'><strong>constitui</strong></span> <span class='ocrx_word' id='word_1_101' title='bbox 1519 1571 1798 1639; x_wconf 80' lang='lat' dir='ltr'><strong>oportebat</strong></span> 
     </span>
    </p>
   </div>
   <div class='ocr_carea' id='block_1_16' title="bbox 183 1658 1799 1732">
    <p class='ocr_par' dir='ltr' id='par_1_16' title="bbox 183 1658 1799 1732">
     <span class='ocr_line' id='line_1_16' title="bbox 183 1658 1799 1732; baseline 0.001 -19"><span class='ocrx_word' id='word_1_102' title='bbox 183 1660 490 1727; x_wconf 70' lang='lat' dir='ltr'><strong>exemplum</strong></span> <span class='ocrx_word' id='word_1_103' title='bbox 548 1658 748 1714; x_wconf 86' lang='lat' dir='ltr'><strong>docens</strong></span> <span class='ocrx_word' id='word_1_104' title='bbox 809 1660 860 1714; x_wconf 93' lang='lat' dir='ltr'><strong>iu</strong></span> <span class='ocrx_word' id='word_1_105' title='bbox 922 1674 1162 1732; x_wconf 73' lang='lat' dir='ltr'><strong>temp-ire</strong></span> <span class='ocrx_word' id='word_1_106' title='bbox 1217 1675 1497 1730; x_wconf 78' lang='lat' dir='ltr'><strong>pressnrze,</strong></span> <span class='ocrx_word' id='word_1_107' title='bbox 1566 1671 1620 1716; x_wconf 92' lang='lat' dir='ltr'><strong>ct</strong></span> <span class='ocrx_word' id='word_1_108' title='bbox 1679 1679 1799 1730; x_wconf 89' lang='lat' dir='ltr'><strong>pcr-</strong></span> 
     </span>
    </p>
   </div>
   <div class='ocr_carea' id='block_1_17' title="bbox 186 1754 1797 1824">
    <p class='ocr_par' dir='ltr' id='par_1_17' title="bbox 186 1754 1797 1824">
     <span class='ocr_line' id='line_1_17' title="bbox 186 1754 1797 1824; baseline 0 -17"><span class='ocrx_word' id='word_1_109' title='bbox 186 1754 502 1816; x_wconf 56' lang='lat' dir='ltr'><strong>sccutioais,</strong></span> <span class='ocrx_word' id='word_1_110' title='bbox 573 1764 627 1808; x_wconf 91' lang='lat' dir='ltr'><strong>et</strong></span> <span class='ocrx_word' id='word_1_111' title='bbox 710 1754 1092 1824; x_wconf 84' lang='lat' dir='ltr'><strong>cnjnscmnque</strong></span> <span class='ocrx_word' id='word_1_112' title='bbox 1147 1755 1582 1820; x_wconf 63' lang='lat' dir='ltr'><strong>circumstantim,</strong></span> <span class='ocrx_word' id='word_1_113' title='bbox 1643 1771 1797 1808; x_wconf 45' lang='grc' dir='ltr'>χιιι-οξ</span> 
     </span>
    </p>
   </div>
   <div class='ocr_carea' id='block_1_18' title="bbox 185 1847 1794 1916">
    <p class='ocr_par' dir='ltr' id='par_1_18' title="bbox 185 1847 1794 1916">
     <span class='ocr_line' id='line_1_18' title="bbox 185 1847 1794 1916; baseline 0 -18"><span class='ocrx_word' id='word_1_114' title='bbox 185 1849 394 1916; x_wconf 76' lang='lat' dir='ltr'><strong>phagiis</strong></span> <span class='ocrx_word' id='word_1_115' title='bbox 455 1863 576 1902; x_wconf 83' lang='lat' dir='ltr'><strong>esse</strong></span> <span class='ocrx_word' id='word_1_116' title='bbox 621 1848 926 1902; x_wconf 83' lang='lat' dir='ltr'><strong>vivendum.</strong></span> <span class='ocrx_word' id='word_1_117' title='bbox 977 1847 1090 1902; x_wconf 86' lang='lat' dir='ltr'><strong>Tali</strong></span> <span class='ocrx_word' id='word_1_118' title='bbox 1146 1850 1284 1902; x_wconf 80' lang='lat' dir='ltr'><strong>victu</strong></span> <span class='ocrx_word' id='word_1_119' title='bbox 1343 1849 1504 1902; x_wconf 89' lang='lat' dir='ltr'><strong>David</strong></span> <span class='ocrx_word' id='word_1_120' title='bbox 1571 1864 1794 1903; x_wconf 73' lang='lat' dir='ltr'><strong>exomn-</strong></span> 
     </span>
    </p>
   </div>
   <div class='ocr_carea' id='block_1_19' title="bbox 1897 628 3508 704">
    <p class='ocr_par' dir='ltr' id='par_1_19' title="bbox 1897 628 3508 704">
     <span class='ocr_line' id='line_1_19' title="bbox 1897 628 3508 704; baseline 0.002 -21"><span class='ocrx_word' id='word_1_121' title='bbox 1897 646 2054 700; x_wconf 89' lang='lat' dir='ltr'><strong>qnam</strong></span> <span class='ocrx_word' id='word_1_122' title='bbox 2075 630 2154 700; x_wconf 82' lang='lat'><strong>(5)</strong></span> <span class='ocrx_word' id='word_1_123' title='bbox 2172 647 2236 685; x_wconf 77' lang='lat' dir='ltr'><strong>es</strong></span> <span class='ocrx_word' id='word_1_124' title='bbox 2258 631 2570 687; x_wconf 84' lang='lat' dir='ltr'><strong>necessitate</strong></span> <span class='ocrx_word' id='word_1_125' title='bbox 2589 630 2841 687; x_wconf 78' lang='lat' dir='ltr'><strong>diSsuasit</strong></span> <span class='ocrx_word' id='word_1_126' title='bbox 2863 632 2961 704; x_wconf 73' lang='lat' dir='ltr'><strong>(Cf.</strong></span> <span class='ocrx_word' id='word_1_127' title='bbox 2983 629 3143 687; x_wconf 85' lang='lat' dir='ltr'><strong>Lerit.</strong></span> <span class='ocrx_word' id='word_1_128' title='bbox 3163 628 3234 701; x_wconf 74' lang='grc' dir='ltr'><strong>Χ,</strong></span> <span class='ocrx_word' id='word_1_129' title='bbox 3253 632 3308 700; x_wconf 82' lang='grc'><strong>9;</strong></span> <span class='ocrx_word' id='word_1_130' title='bbox 3331 631 3508 688; x_wconf 80' lang='lat' dir='ltr'><strong>Amos.</strong></span> 
     </span>
    </p>
   </div>
   <div class='ocr_carea' id='block_1_20' title="bbox 1899 722 3507 796">
    <p class='ocr_par' dir='ltr' id='par_1_20' title="bbox 1899 722 3507 796">
     <span class='ocr_line' id='line_1_20' title="bbox 1899 722 3507 796; baseline 0 -18"><span class='ocrx_word' id='word_1_131' title='bbox 1899 722 2019 791; x_wconf 68' lang='lat' dir='ltr'><strong>XV,</strong></span> <span class='ocrx_word' id='word_1_132' title='bbox 2060 725 2164 790; x_wconf 73' lang='lat' dir='ltr'><strong>i5;</strong></span> <span class='ocrx_word' id='word_1_133' title='bbox 2198 723 2375 780; x_wconf 84' lang='lat' dir='ltr'><strong>IlCor.</strong></span> <span class='ocrx_word' id='word_1_134' title='bbox 2406 723 2499 792; x_wconf 79' lang='lat' dir='ltr'><strong>XI,</strong></span> <span class='ocrx_word' id='word_1_135' title='bbox 2521 723 2626 789; x_wconf 68' lang='lat'><strong>27;</strong></span> <span class='ocrx_word' id='word_1_136' title='bbox 2669 723 2821 780; x_wconf 82' lang='lat' dir='ltr'><strong>Rom.</strong></span> <span class='ocrx_word' id='word_1_137' title='bbox 2847 724 2983 792; x_wconf 79' lang='lat' dir='ltr'><strong>XIII,</strong></span> <span class='ocrx_word' id='word_1_138' title='bbox 3015 728 3116 793; x_wconf 71' lang='lat'><strong>13;</strong></span> <span class='ocrx_word' id='word_1_139' title='bbox 3148 725 3363 794; x_wconf 77' lang='lat' dir='ltr'><strong>Tim.V,</strong></span> <span class='ocrx_word' id='word_1_140' title='bbox 3393 725 3507 796; x_wconf 68' lang='grc'><strong>25).</strong></span> 
     </span>
    </p>
   </div>
   <div class='ocr_carea' id='block_1_21' title="bbox 2520 816 2873 873">
    <p class='ocr_par' dir='ltr' id='par_1_21' title="bbox 2520 816 2873 873">
     <span class='ocr_line' id='line_1_21' title="bbox 2520 816 2873 873; baseline -0.006 -1"><span class='ocrx_word' id='word_1_141' title='bbox 2520 816 2748 872; x_wconf 80' lang='lat' dir='ltr'><strong>CAPUT</strong></span> <span class='ocrx_word' id='word_1_142' title='bbox 2805 817 2873 873; x_wconf 82' lang='grc' dir='ltr'><strong>Χ.</strong></span> 
     </span>
    </p>
   </div>
   <div class='ocr_carea' id='block_1_22' title="bbox 1973 907 3507 982">
    <p class='ocr_par' dir='ltr' id='par_1_22' title="bbox 1973 907 3507 982">
     <span class='ocr_line' id='line_1_22' title="bbox 1973 907 3507 982; baseline 0.001 -20"><span class='ocrx_word' id='word_1_143' title='bbox 1973 909 2046 980; x_wconf 87' lang='lat' dir='ltr'><strong>(b)</strong></span> <span class='ocrx_word' id='word_1_144' title='bbox 2078 910 2254 980; x_wconf 65' lang='lat' dir='ltr'><strong>Eque</strong></span> <span class='ocrx_word' id='word_1_145' title='bbox 2285 907 2358 982; x_wconf 89' lang='lat' dir='ltr'><strong>(c)</strong></span> <span class='ocrx_word' id='word_1_146' title='bbox 2386 912 2643 966; x_wconf 86' lang='lat' dir='ltr'><strong>stationes</strong></span> <span class='ocrx_word' id='word_1_147' title='bbox 2689 921 2899 965; x_wconf 85' lang='lat' dir='ltr'><strong>nostras</strong></span> <span class='ocrx_word' id='word_1_148' title='bbox 2919 951 2933 977; x_wconf 92' lang='lat'><strong>,</strong></span> <span class='ocrx_word' id='word_1_149' title='bbox 2963 919 3021 964; x_wconf 90' lang='lat' dir='ltr'><strong>nt</strong></span> <span class='ocrx_word' id='word_1_150' title='bbox 3047 910 3322 981; x_wconf 79' lang='lat' dir='ltr'><strong>indignas;</strong></span> <span class='ocrx_word' id='word_1_151' title='bbox 3348 925 3507 980; x_wconf 86' lang='lat' dir='ltr'><strong>quas-</strong></span> 
     </span>
    </p>
   </div>
   <div class='ocr_carea' id='block_1_23' title="bbox 1899 1001 3510 1070">
    <p class='ocr_par' dir='ltr' id='par_1_23' title="bbox 1899 1001 3510 1070">
     <span class='ocr_line' id='line_1_23' title="bbox 1899 1001 3510 1070; baseline 0.002 -15"><span class='ocrx_word' id='word_1_152' title='bbox 1899 1001 2019 1056; x_wconf 90' lang='lat' dir='ltr'><strong>dam</strong></span> <span class='ocrx_word' id='word_1_153' title='bbox 2048 1019 2174 1059; x_wconf 89' lang='lat' dir='ltr'><strong>vero</strong></span> <span class='ocrx_word' id='word_1_154' title='bbox 2203 1013 2258 1057; x_wconf 91' lang='lat' dir='ltr'><strong>et</strong></span> <span class='ocrx_word' id='word_1_155' title='bbox 2295 1004 2346 1056; x_wconf 91' lang='lat' dir='ltr'><strong>in</strong></span> <span class='ocrx_word' id='word_1_156' title='bbox 2396 1018 2572 1058; x_wconf 84' lang='lat' dir='ltr'><strong>serunt</strong></span> <span class='ocrx_word' id='word_1_157' title='bbox 2623 1005 2958 1070; x_wconf 82' lang='lat' dir='ltr'><strong>constitutas,</strong></span> <span class='ocrx_word' id='word_1_158' title='bbox 3008 1005 3259 1058; x_wconf 88' lang='lat' dir='ltr'><strong>novitatis</strong></span> <span class='ocrx_word' id='word_1_159' title='bbox 3293 1003 3510 1059; x_wconf 85' lang='lat' dir='ltr'><strong>nomine</strong></span> 
     </span>
    </p>
   </div>
   <div class='ocr_carea' id='block_1_24' title="bbox 1903 1096 3504 1167">
    <p class='ocr_par' dir='ltr' id='par_1_24' title="bbox 1903 1096 3504 1167">
     <span class='ocr_line' id='line_1_24' title="bbox 1903 1096 3504 1167; baseline 0.001 -18"><span class='ocrx_word' id='word_1_160' title='bbox 1903 1096 2168 1163; x_wconf 86' lang='lat' dir='ltr'><strong>incusant,</strong></span> <span class='ocrx_word' id='word_1_161' title='bbox 2210 1097 2311 1150; x_wconf 93' lang='lat' dir='ltr'><strong>hoc</strong></span> <span class='ocrx_word' id='word_1_162' title='bbox 2340 1112 2551 1167; x_wconf 88' lang='lat' dir='ltr'><strong>quoque</strong></span> <span class='ocrx_word' id='word_1_163' title='bbox 2603 1113 2796 1152; x_wconf 90' lang='lat' dir='ltr'><strong>munus</strong></span> <span class='ocrx_word' id='word_1_164' title='bbox 2845 1108 2898 1151; x_wconf 88' lang='lat' dir='ltr'><strong>et</strong></span> <span class='ocrx_word' id='word_1_165' title='bbox 2927 1112 2993 1152; x_wconf 81' lang='lat' dir='ltr'><strong>ex</strong></span> <span class='ocrx_word' id='word_1_166' title='bbox 3046 1096 3271 1151; x_wconf 86' lang='lat' dir='ltr'><strong>arbitrio</strong></span> <span class='ocrx_word' id='word_1_167' title='bbox 3297 1096 3504 1152; x_wconf 88' lang='lat' dir='ltr'><strong>obeun-</strong></span> 
     </span>
    </p>
   </div>
   <div class='ocr_carea' id='block_1_25' title="bbox 1900 1189 3504 1258">
    <p class='ocr_par' dir='ltr' id='par_1_25' title="bbox 1900 1189 3504 1258">
     <span class='ocr_line' id='line_1_25' title="bbox 1900 1189 3504 1258; baseline 0 -13"><span class='ocrx_word' id='word_1_168' title='bbox 1900 1189 2026 1245; x_wconf 86' lang='lat' dir='ltr'><strong>dum</strong></span> <span class='ocrx_word' id='word_1_169' title='bbox 2056 1204 2175 1245; x_wconf 89' lang='lat' dir='ltr'><strong>esse</strong></span> <span class='ocrx_word' id='word_1_170' title='bbox 2204 1190 2464 1255; x_wconf 78' lang='lat' dir='ltr'><strong>dicentes,</strong></span> <span class='ocrx_word' id='word_1_171' title='bbox 2514 1201 2566 1246; x_wconf 86' lang='lat' dir='ltr'><strong>et</strong></span> <span class='ocrx_word' id='word_1_172' title='bbox 2603 1206 2709 1245; x_wconf 92' lang='lat' dir='ltr'><strong>non</strong></span> <span class='ocrx_word' id='word_1_173' title='bbox 2744 1191 2878 1246; x_wconf 85' lang='lat' dir='ltr'><strong>ultra</strong></span> <span class='ocrx_word' id='word_1_174' title='bbox 2909 1205 3100 1245; x_wconf 87' lang='lat' dir='ltr'><strong>nonam</strong></span> <span class='ocrx_word' id='word_1_175' title='bbox 3139 1190 3504 1258; x_wconf 75' lang='lat' dir='ltr'><strong>detinentium,</strong></span> 
     </span>
    </p>
   </div>
   <div class='ocr_carea' id='block_1_26' title="bbox 1901 1283 3506 1355">
    <p class='ocr_par' dir='ltr' id='par_1_26' title="bbox 1901 1283 3506 1355">
     <span class='ocr_line' id='line_1_26' title="bbox 1901 1283 3506 1355; baseline 0.001 -17"><span class='ocrx_word' id='word_1_176' title='bbox 1901 1283 1968 1338; x_wconf 89' lang='lat' dir='ltr'><strong>de</strong></span> <span class='ocrx_word' id='word_1_177' title='bbox 1994 1299 2092 1337; x_wconf 91' lang='lat' dir='ltr'><strong>suo</strong></span> <span class='ocrx_word' id='word_1_178' title='bbox 2123 1284 2334 1339; x_wconf 88' lang='lat' dir='ltr'><strong>scilicet</strong></span> <span class='ocrx_word' id='word_1_179' title='bbox 2378 1300 2549 1339; x_wconf 82' lang='lat' dir='ltr'><strong>ntere.</strong></span> <span class='ocrx_word' id='word_1_180' title='bbox 2593 1284 2698 1340; x_wconf 86' lang='lat' dir='ltr'><strong>Sed</strong></span> <span class='ocrx_word' id='word_1_181' title='bbox 2731 1285 2870 1355; x_wconf 89' lang='lat' dir='ltr'><strong>quod</strong></span> <span class='ocrx_word' id='word_1_182' title='bbox 2903 1286 3161 1354; x_wconf 82' lang='lat' dir='ltr'><strong>pertineat</strong></span> <span class='ocrx_word' id='word_1_183' title='bbox 3188 1284 3253 1339; x_wconf 89' lang='lat' dir='ltr'><strong>ad</strong></span> <span class='ocrx_word' id='word_1_184' title='bbox 3283 1284 3506 1339; x_wconf 83' lang='lat' dir='ltr'><strong>interdi-</strong></span> 
     </span>
    </p>
   </div>
   <div class='ocr_carea' id='block_1_27' title="bbox 1901 1377 3501 1448">
    <p class='ocr_par' dir='ltr' id='par_1_27' title="bbox 1901 1377 3501 1448">
     <span class='ocr_line' id='line_1_27' title="bbox 1901 1377 3501 1448; baseline -0.001 -16"><span class='ocrx_word' id='word_1_185' title='bbox 1901 1377 2092 1432; x_wconf 77' lang='lat' dir='ltr'><strong>etionis</strong></span> <span class='ocrx_word' id='word_1_186' title='bbox 2119 1378 2491 1447; x_wconf 67' lang='lat' dir='ltr'><strong>qutesuonem.</strong></span> <span class='ocrx_word' id='word_1_187' title='bbox 2525 1378 2691 1433; x_wconf 80' lang='lat' dir='ltr'><strong>semel</strong></span> <span class='ocrx_word' id='word_1_188' title='bbox 2746 1394 2843 1448; x_wconf 92' lang='lat' dir='ltr'><strong>pro</strong></span> <span class='ocrx_word' id='word_1_189' title='bbox 2888 1377 3138 1432; x_wconf 89' lang='lat' dir='ltr'><strong>omnibus</strong></span> <span class='ocrx_word' id='word_1_190' title='bbox 3165 1379 3370 1432; x_wconf 84' lang='lat' dir='ltr'><strong>caussis</strong></span> <span class='ocrx_word' id='word_1_191' title='bbox 3397 1392 3501 1432; x_wconf 54' lang='lat' dir='ltr'><strong>res4</strong></span> 
     </span>
    </p>
   </div>
   <div class='ocr_carea' id='block_1_28' title="bbox 1903 1469 3504 1540">
    <p class='ocr_par' dir='ltr' id='par_1_28' title="bbox 1903 1469 3504 1540">
     <span class='ocr_line' id='line_1_28' title="bbox 1903 1469 3504 1540; baseline 0.002 -19"><span class='ocrx_word' id='word_1_192' title='bbox 1903 1469 2173 1540; x_wconf 83' lang='lat' dir='ltr'><strong>pondebo.</strong></span> <span class='ocrx_word' id='word_1_193' title='bbox 2207 1469 2353 1523; x_wconf 71' lang='lat' dir='ltr'><strong>Nunc</strong></span> <span class='ocrx_word' id='word_1_194' title='bbox 2381 1469 2446 1522; x_wconf 88' lang='lat' dir='ltr'><strong>ad</strong></span> <span class='ocrx_word' id='word_1_195' title='bbox 2475 1471 2746 1539; x_wconf 85' lang='lat' dir='ltr'><strong>proprium</strong></span> <span class='ocrx_word' id='word_1_196' title='bbox 2777 1469 2936 1538; x_wconf 89' lang='lat' dir='ltr'><strong>hujus</strong></span> <span class='ocrx_word' id='word_1_197' title='bbox 2963 1470 3161 1539; x_wconf 83' lang='lat' dir='ltr'><strong>speciei</strong></span> <span class='ocrx_word' id='word_1_198' title='bbox 3193 1469 3504 1536; x_wconf 90' lang='lat' dir='ltr'><strong>articulum,</strong></span> 
     </span>
    </p>
   </div>
   <div class='ocr_carea' id='block_1_29' title="bbox 1902 1541 3504 1635">
    <p class='ocr_par' dir='ltr' id='par_1_29' title="bbox 1902 1541 3504 1635">
     <span class='ocr_line' id='line_1_29' title="bbox 1902 1541 3504 1635; baseline 0.001 -18"><span class='ocrx_word' id='word_1_199' title='bbox 1902 1562 1968 1617; x_wconf 87' lang='lat' dir='ltr'><strong>de</strong></span> <span class='ocrx_word' id='word_1_200' title='bbox 1998 1562 2157 1617; x_wconf 83' lang='lat' dir='ltr'><strong>tundo</strong></span> <span class='ocrx_word' id='word_1_201' title='bbox 2181 1565 2439 1632; x_wconf 89' lang='lat' dir='ltr'><strong>temporis</strong></span> <span class='ocrx_word' id='word_1_202' title='bbox 2463 1564 2605 1629; x_wconf 85' lang='lat' dir='ltr'><strong>dico,</strong></span> <span class='ocrx_word' id='word_1_203' title='bbox 2626 1563 2692 1619; x_wconf 89' lang='lat' dir='ltr'><strong>de</strong></span> <span class='ocrx_word' id='word_1_204' title='bbox 2715 1541 2843 1634; x_wconf 77' lang='lat' dir='ltr'><strong>ipsis</strong></span> <span class='ocrx_word' id='word_1_205' title='bbox 2873 1565 3019 1635; x_wconf 89' lang='lat' dir='ltr'><strong>prius</strong></span> <span class='ocrx_word' id='word_1_206' title='bbox 3036 1564 3504 1632; x_wconf 77' lang='lat' dir='ltr'><strong>expostulandum,</strong></span> 
     </span>
    </p>
   </div>
   <div class='ocr_carea' id='block_1_30' title="bbox 1901 1655 3508 1726">
    <p class='ocr_par' dir='ltr' id='par_1_30' title="bbox 1901 1655 3508 1726">
     <span class='ocr_line' id='line_1_30' title="bbox 1901 1655 3508 1726; baseline 0.001 -16"><span class='ocrx_word' id='word_1_207' title='bbox 1901 1656 2042 1710; x_wconf 89' lang='lat' dir='ltr'><strong>unde</strong></span> <span class='ocrx_word' id='word_1_208' title='bbox 2069 1656 2204 1711; x_wconf 86' lang='lat' dir='ltr'><strong>hanc</strong></span> <span class='ocrx_word' id='word_1_209' title='bbox 2235 1655 2457 1710; x_wconf 80' lang='lat' dir='ltr'><strong>formam</strong></span> <span class='ocrx_word' id='word_1_210' title='bbox 2485 1671 2618 1710; x_wconf 88' lang='lat' dir='ltr'><strong>nova</strong></span> <span class='ocrx_word' id='word_1_211' title='bbox 2649 1655 2966 1712; x_wconf 82' lang='lat' dir='ltr'><strong>dirimendis</strong></span> <span class='ocrx_word' id='word_1_212' title='bbox 3021 1656 3340 1711; x_wconf 87' lang='lat' dir='ltr'><strong>stationibus</strong></span> <span class='ocrx_word' id='word_1_213' title='bbox 3372 1672 3508 1726; x_wconf 53' lang='lat' dir='ltr'><strong>prie.</strong></span> 
     </span>
    </p>
   </div>
   <div class='ocr_carea' id='block_1_31' title="bbox 1903 1749 3505 1819">
    <p class='ocr_par' dir='ltr' id='par_1_31' title="bbox 1903 1749 3505 1819">
     <span class='ocr_line' id='line_1_31' title="bbox 1903 1749 3505 1819; baseline 0.001 -15"><span class='ocrx_word' id='word_1_214' title='bbox 1903 1750 2158 1804; x_wconf 85' lang='lat' dir='ltr'><strong>scribant.</strong></span> <span class='ocrx_word' id='word_1_215' title='bbox 2192 1751 2246 1803; x_wconf 75' lang='lat' dir='ltr'><strong>Si</strong></span> <span class='ocrx_word' id='word_1_216' title='bbox 2274 1791 2287 1813; x_wconf 90' lang='lat'><strong>,</strong></span> <span class='ocrx_word' id='word_1_217' title='bbox 2319 1751 2438 1818; x_wconf 93' lang='lat' dir='ltr'><strong>quia</strong></span> <span class='ocrx_word' id='word_1_218' title='bbox 2470 1749 2680 1814; x_wconf 78' lang='lat' dir='ltr'><strong>Petrus,</strong></span> <span class='ocrx_word' id='word_1_219' title='bbox 2709 1759 2762 1804; x_wconf 91' lang='lat' dir='ltr'><strong>et</strong></span> <span class='ocrx_word' id='word_1_220' title='bbox 2802 1750 2890 1819; x_wconf 85' lang='lat' dir='ltr'><strong>qui</strong></span> <span class='ocrx_word' id='word_1_221' title='bbox 2931 1765 3052 1804; x_wconf 90' lang='lat' dir='ltr'><strong>cum</strong></span> <span class='ocrx_word' id='word_1_222' title='bbox 3096 1765 3190 1814; x_wconf 88' lang='lat' dir='ltr'><strong>eo,</strong></span> <span class='ocrx_word' id='word_1_223' title='bbox 3222 1750 3290 1804; x_wconf 84' lang='lat' dir='ltr'><strong>ad</strong></span> <span class='ocrx_word' id='word_1_224' title='bbox 3322 1749 3505 1805; x_wconf 89' lang='lat' dir='ltr'><strong>horam</strong></span> 
     </span>
    </p>
   </div>
   <div class='ocr_carea' id='block_1_32' title="bbox 1904 1841 3507 1913">
    <p class='ocr_par' dir='ltr' id='par_1_32' title="bbox 1904 1841 3507 1913">
     <span class='ocr_line' id='line_1_32' title="bbox 1904 1841 3507 1913; baseline 0 -18"><span class='ocrx_word' id='word_1_225' title='bbox 1904 1857 2100 1895; x_wconf 72' lang='lat' dir='ltr'><strong>nonam</strong></span> <span class='ocrx_word' id='word_1_226' title='bbox 2125 1841 2381 1894; x_wconf 88' lang='lat' dir='ltr'><strong>orationis</strong></span> <span class='ocrx_word' id='word_1_227' title='bbox 2414 1841 2669 1905; x_wconf 77' lang='lat' dir='ltr'><strong>templum</strong></span> <span class='ocrx_word' id='word_1_228' title='bbox 2715 1842 3023 1913; x_wconf 74' lang='lat' dir='ltr'><strong>introgressi</strong></span> <span class='ocrx_word' id='word_1_229' title='bbox 3075 1841 3341 1912; x_wconf 81' lang='lat' dir='ltr'><strong>leguntur,</strong></span> <span class='ocrx_word' id='word_1_230' title='bbox 3387 1843 3507 1910; x_wconf 85' lang='lat' dir='ltr'><strong>quis</strong></span> 
     </span>
    </p>
   </div>
   <div class='ocr_carea' id='block_1_33' title="bbox 186 1931 1785 2013">
    <p class='ocr_par' dir='ltr' id='par_1_33' title="bbox 186 1941 1785 2013">
     <span class='ocr_line' id='line_1_33' title="bbox 186 1941 1785 2013; baseline -0.001 -18"><span class='ocrx_word' id='word_1_231' title='bbox 186 1943 394 2013; x_wconf 63' lang='lat' dir='ltr'><strong>ltigesin</strong></span> <span class='ocrx_word' id='word_1_232' title='bbox 426 1957 576 1996; x_wconf 83' lang='lat' dir='ltr'><strong>suam</strong></span> <span class='ocrx_word' id='word_1_233' title='bbox 615 1959 697 2010; x_wconf 69' lang='lat' dir='ltr'><strong>es)</strong></span> <span class='ocrx_word' id='word_1_234' title='bbox 721 1943 874 1997; x_wconf 88' lang='lat' dir='ltr'><strong>ressit</strong></span> <span class='ocrx_word' id='word_1_235' title='bbox 898 1984 910 2003; x_wconf 86' lang='grc'><em>,</em></span> <span class='ocrx_word' id='word_1_236' title='bbox 943 1944 1178 1996; x_wconf 88' lang='lat' dir='ltr'><strong>cinerem</strong></span> <span class='ocrx_word' id='word_1_237' title='bbox 1219 1941 1431 2011; x_wconf 90' lang='lat' dir='ltr'><strong>quidem</strong></span> <span class='ocrx_word' id='word_1_238' title='bbox 1458 1942 1623 1996; x_wconf 89' lang='lat' dir='ltr'><strong>edens</strong></span> <span class='ocrx_word' id='word_1_239' title='bbox 1656 1943 1785 1996; x_wconf 78' lang='lat' dir='ltr'><strong>velut</strong></span> 
     </span>
    </p>
   </div>
   <div class='ocr_carea' id='block_1_34' title="bbox 1892 1931 3508 2013">
    <p class='ocr_par' dir='ltr' id='par_1_34' title="bbox 1902 1931 3508 2001">
     <span class='ocr_line' id='line_1_34' title="bbox 1902 1931 3508 2001; baseline 0.002 -16"><span class='ocrx_word' id='word_1_240' title='bbox 1902 1932 2030 1985; x_wconf 88' lang='lat' dir='ltr'><strong>mihi</strong></span> <span class='ocrx_word' id='word_1_241' title='bbox 2087 1932 2328 2001; x_wconf 74' lang='lat' dir='ltr'><strong>probabit</strong></span> <span class='ocrx_word' id='word_1_242' title='bbox 2368 1932 2447 2001; x_wconf 83' lang='lat' dir='ltr'><strong>(ti)</strong></span> <span class='ocrx_word' id='word_1_243' title='bbox 2490 1932 2609 1987; x_wconf 82' lang='lat' dir='ltr'><strong>illos</strong></span> <span class='ocrx_word' id='word_1_244' title='bbox 2662 1948 2722 1986; x_wconf 87' lang='lat' dir='ltr'><strong>ea</strong></span> <span class='ocrx_word' id='word_1_245' title='bbox 2775 1931 2862 1987; x_wconf 88' lang='lat' dir='ltr'><strong>die</strong></span> <span class='ocrx_word' id='word_1_246' title='bbox 2912 1933 3141 1989; x_wconf 81' lang='lat' dir='ltr'><strong>statione</strong></span> <span class='ocrx_word' id='word_1_247' title='bbox 3185 1935 3415 2000; x_wconf 79' lang='lat' dir='ltr'><strong>functos,</strong></span> <span class='ocrx_word' id='word_1_248' title='bbox 3450 1943 3508 1989; x_wconf 91' lang='lat' dir='ltr'><strong>ut</strong></span> 
     </span>
    </p>
   </div>
   <div class='ocr_carea' id='block_1_35' title="bbox 183 2035 1792 2105">
    <p class='ocr_par' dir='ltr' id='par_1_35' title="bbox 183 2035 1792 2105">
     <span class='ocr_line' id='line_1_35' title="bbox 183 2035 1792 2105; baseline -0.002 -16"><span class='ocrx_word' id='word_1_249' title='bbox 183 2051 402 2105; x_wconf 84' lang='lat' dir='ltr'><strong>pauent,</strong></span> <span class='ocrx_word' id='word_1_250' title='bbox 433 2036 603 2100; x_wconf 87' lang='lat' dir='ltr'><strong>idest,</strong></span> <span class='ocrx_word' id='word_1_251' title='bbox 629 2050 817 2104; x_wconf 81' lang='lat' dir='ltr'><strong>pauent</strong></span> <span class='ocrx_word' id='word_1_252' title='bbox 840 2036 974 2089; x_wconf 73' lang='lat' dir='ltr'><strong>velut</strong></span> <span class='ocrx_word' id='word_1_253' title='bbox 1019 2035 1255 2090; x_wconf 86' lang='lat' dir='ltr'><strong>cinerem</strong></span> <span class='ocrx_word' id='word_1_254' title='bbox 1303 2035 1508 2087; x_wconf 89' lang='lat' dir='ltr'><strong>aridum</strong></span> <span class='ocrx_word' id='word_1_255' title='bbox 1540 2043 1592 2088; x_wconf 90' lang='lat' dir='ltr'><strong>et</strong></span> <span class='ocrx_word' id='word_1_256' title='bbox 1619 2035 1792 2088; x_wconf 85' lang='lat' dir='ltr'><strong>sordi-</strong></span> 
     </span>
    </p>
   </div>
   <div class='ocr_carea' id='block_1_36' title="bbox 192 2127 1788 2197">
    <p class='ocr_par' dir='ltr' id='par_1_36' title="bbox 192 2127 1788 2197">
     <span class='ocr_line' id='line_1_36' title="bbox 192 2127 1788 2197; baseline -0.001 -16"><span class='ocrx_word' id='word_1_257' title='bbox 192 2131 346 2193; x_wconf 80' lang='lat' dir='ltr'><strong>dum,</strong></span> <span class='ocrx_word' id='word_1_258' title='bbox 379 2140 557 2196; x_wconf 84' lang='lat' dir='ltr'><strong>potum</strong></span> <span class='ocrx_word' id='word_1_259' title='bbox 585 2145 709 2183; x_wconf 84' lang='lat' dir='ltr'><strong>vero</strong></span> <span class='ocrx_word' id='word_1_260' title='bbox 735 2128 859 2183; x_wconf 80' lang='lat' dir='ltr'><strong>fletu</strong></span> <span class='ocrx_word' id='word_1_261' title='bbox 893 2130 1142 2192; x_wconf 64' lang='lat' dir='ltr'><strong>mis-rens,</strong></span> <span class='ocrx_word' id='word_1_262' title='bbox 1171 2129 1351 2197; x_wconf 78' lang='lat' dir='ltr'><strong>utiqttc</strong></span> <span class='ocrx_word' id='word_1_263' title='bbox 1381 2144 1472 2196; x_wconf 91' lang='lat' dir='ltr'><strong>pro</strong></span> <span class='ocrx_word' id='word_1_264' title='bbox 1502 2129 1638 2182; x_wconf 84' lang='lat' dir='ltr'><strong>vino.</strong></span> <span class='ocrx_word' id='word_1_265' title='bbox 1674 2127 1788 2196; x_wconf 78' lang='lat' dir='ltr'><strong>(Ps.</strong></span> 
     </span>
    </p>
   </div>
   <div class='ocr_carea' id='block_1_37' title="bbox 181 2220 1790 2290">
    <p class='ocr_par' dir='ltr' id='par_1_37' title="bbox 181 2220 1790 2290">
     <span class='ocr_line' id='line_1_37' title="bbox 181 2220 1790 2290; baseline -0.001 -14"><span class='ocrx_word' id='word_1_266' title='bbox 181 2220 275 2286; x_wconf 77' lang='lat' dir='ltr'><strong>Cl,</strong></span> <span class='ocrx_word' id='word_1_267' title='bbox 327 2221 409 2290; x_wconf 82' lang='grc'><strong>10)</strong></span> <span class='ocrx_word' id='word_1_268' title='bbox 448 2221 614 2276; x_wconf 82' lang='lat' dir='ltr'><strong>liabet</strong></span> <span class='ocrx_word' id='word_1_269' title='bbox 660 2223 802 2276; x_wconf 88' lang='lat' dir='ltr'><strong>enim</strong></span> <span class='ocrx_word' id='word_1_270' title='bbox 843 2231 905 2276; x_wconf 76' lang='lat' dir='ltr'><strong>ct&#39;</strong></span> <span class='ocrx_word' id='word_1_271' title='bbox 945 2221 1263 2275; x_wconf 84' lang='lat' dir='ltr'><strong>abstinentia</strong></span> <span class='ocrx_word' id='word_1_272' title='bbox 1295 2221 1402 2273; x_wconf 90' lang='lat' dir='ltr'><strong>vini</strong></span> <span class='ocrx_word' id='word_1_273' title='bbox 1431 2236 1556 2275; x_wconf 91' lang='lat' dir='ltr'><strong>suos</strong></span> <span class='ocrx_word' id='word_1_274' title='bbox 1588 2221 1790 2285; x_wconf 90' lang='lat' dir='ltr'><strong>titulos,</strong></span> 
     </span>
    </p>
   </div>
   <div class='ocr_carea' id='block_1_38' title="bbox 182 2312 1789 2381">
    <p class='ocr_par' dir='ltr' id='par_1_38' title="bbox 182 2312 1789 2381">
     <span class='ocr_line' id='line_1_38' title="bbox 182 2312 1789 2381; baseline 0.002 -17"><span class='ocrx_word' id='word_1_275' title='bbox 182 2330 307 2381; x_wconf 70' lang='lat' dir='ltr'><strong>qua:</strong></span> <span class='ocrx_word' id='word_1_276' title='bbox 351 2323 405 2366; x_wconf 80' lang='lat' dir='ltr'><strong>el.</strong></span> <span class='ocrx_word' id='word_1_277' title='bbox 438 2312 742 2367; x_wconf 79' lang='lat' dir='ltr'><strong>Satnnelem</strong></span> <span class='ocrx_word' id='word_1_278' title='bbox 791 2313 899 2367; x_wconf 85' lang='lat' dir='ltr'><strong>Deo</strong></span> <span class='ocrx_word' id='word_1_279' title='bbox 943 2323 1184 2378; x_wconf 78' lang='lat' dir='ltr'><strong>voverat,</strong></span> <span class='ocrx_word' id='word_1_280' title='bbox 1212 2324 1263 2366; x_wconf 87' lang='lat' dir='ltr'><strong>et</strong></span> <span class='ocrx_word' id='word_1_281' title='bbox 1301 2314 1568 2368; x_wconf 76' lang='lat' dir='ltr'><strong>Aaronem</strong></span> <span class='ocrx_word' id='word_1_282' title='bbox 1598 2328 1789 2367; x_wconf 79' lang='lat' dir='ltr'><strong>consc-</strong></span> 
     </span>
    </p>
   </div>
   <div class='ocr_carea' id='block_1_39' title="bbox 181 2403 1792 2474">
    <p class='ocr_par' dir='ltr' id='par_1_39' title="bbox 181 2403 1792 2474">
     <span class='ocr_line' id='line_1_39' title="bbox 181 2403 1792 2474; baseline 0.001 -17"><span class='ocrx_word' id='word_1_283' title='bbox 181 2415 382 2458; x_wconf 76' lang='lat' dir='ltr'><strong>erarat.</strong></span> <span class='ocrx_word' id='word_1_284' title='bbox 414 2404 542 2459; x_wconf 85' lang='lat' dir='ltr'><strong>Nam</strong></span> <span class='ocrx_word' id='word_1_285' title='bbox 586 2405 654 2458; x_wconf 89' lang='lat' dir='ltr'><strong>de</strong></span> <span class='ocrx_word' id='word_1_286' title='bbox 687 2405 933 2460; x_wconf 87' lang='lat' dir='ltr'><strong>Satnuclc</strong></span> <span class='ocrx_word' id='word_1_287' title='bbox 962 2416 1150 2460; x_wconf 85' lang='lat' dir='ltr'><strong>mater.</strong></span> <span class='ocrx_word' id='word_1_288' title='bbox 1185 2403 1250 2457; x_wconf 77' lang='lat' dir='ltr'><strong>Et</strong></span> <span class='ocrx_word' id='word_1_289' title='bbox 1279 2406 1481 2468; x_wconf 81' lang='lat' dir='ltr'><strong>vinum,</strong></span> <span class='ocrx_word' id='word_1_290' title='bbox 1515 2405 1716 2474; x_wconf 79' lang='lat' dir='ltr'><strong>inquit,</strong></span> <span class='ocrx_word' id='word_1_291' title='bbox 1747 2416 1792 2459; x_wconf 84' lang='lat' dir='ltr'><strong>ct</strong></span> 
     </span>
    </p>
   </div>
   <div class='ocr_carea' id='block_1_40' title="bbox 188 2497 1790 2568">
    <p class='ocr_par' dir='ltr' id='par_1_40' title="bbox 188 2497 1790 2568">
     <span class='ocr_line' id='line_1_40' title="bbox 188 2497 1790 2568; baseline 0 -16"><span class='ocrx_word' id='word_1_292' title='bbox 188 2498 442 2553; x_wconf 75' lang='lat' dir='ltr'><strong>rbriomen</strong></span> <span class='ocrx_word' id='word_1_293' title='bbox 473 2517 571 2552; x_wconf 87' lang='lat' dir='ltr'><strong>non</strong></span> <span class='ocrx_word' id='word_1_294' title='bbox 585 2499 712 2553; x_wconf 78' lang='lat' dir='ltr'><strong>bibet</strong></span> <span class='ocrx_word' id='word_1_295' title='bbox 729 2498 771 2568; x_wconf 92' lang='lat' dir='ltr'><strong>(I</strong></span> <span class='ocrx_word' id='word_1_296' title='bbox 793 2499 917 2564; x_wconf 75' lang='lat' dir='ltr'><strong>&quot;eq.</strong></span> <span class='ocrx_word' id='word_1_297' title='bbox 938 2497 1085 2568; x_wconf 69' lang='lat'><strong>1,15)</strong></span> <span class='ocrx_word' id='word_1_298' title='bbox 1109 2517 1120 2549; x_wconf 89' lang='lat'><strong>:</strong></span> <span class='ocrx_word' id='word_1_299' title='bbox 1145 2498 1414 2554; x_wconf 65' lang='lat' dir='ltr'><strong>taliscnint</strong></span> <span class='ocrx_word' id='word_1_300' title='bbox 1432 2507 1477 2551; x_wconf 83' lang='lat' dir='ltr'><strong>et</strong></span> <span class='ocrx_word' id='word_1_301' title='bbox 1497 2498 1606 2566; x_wconf 85' lang='lat' dir='ltr'><strong>ipsa</strong></span> <span class='ocrx_word' id='word_1_302' title='bbox 1629 2499 1790 2552; x_wconf 75' lang='lat' dir='ltr'><strong>licunt</strong></span> 
     </span>
    </p>
   </div>
   <div class='ocr_carea' id='block_1_41' title="bbox 183 2588 1788 2646">
    <p class='ocr_par' dir='ltr' id='par_1_41' title="bbox 183 2588 1788 2646">
     <span class='ocr_line' id='line_1_41' title="bbox 183 2588 1788 2646; baseline -0.001 -3"><span class='ocrx_word' id='word_1_303' title='bbox 183 2592 395 2644; x_wconf 82' lang='lat' dir='ltr'><strong>orabat.</strong></span> <span class='ocrx_word' id='word_1_304' title='bbox 435 2593 497 2645; x_wconf 72' lang='lat' dir='ltr'><strong>Iit</strong></span> <span class='ocrx_word' id='word_1_305' title='bbox 530 2592 787 2645; x_wconf 87' lang='lat' dir='ltr'><strong>Dominus</strong></span> <span class='ocrx_word' id='word_1_306' title='bbox 816 2591 880 2643; x_wconf 89' lang='lat' dir='ltr'><strong>ad</strong></span> <span class='ocrx_word' id='word_1_307' title='bbox 914 2592 1088 2643; x_wconf 83' lang='lat' dir='ltr'><strong>Aaron</strong></span> <span class='ocrx_word' id='word_1_308' title='bbox 1117 2607 1129 2641; x_wconf 91' lang='lat'>:</span> <span class='ocrx_word' id='word_1_309' title='bbox 1181 2588 1360 2642; x_wconf 67' lang='lat' dir='ltr'><strong>Vinum</strong></span> <span class='ocrx_word' id='word_1_310' title='bbox 1388 2601 1432 2643; x_wconf 83' lang='lat' dir='ltr'><strong>et</strong></span> <span class='ocrx_word' id='word_1_311' title='bbox 1463 2591 1673 2642; x_wconf 72' lang='lat' dir='ltr'><strong>sirm&#39;un</strong></span> <span class='ocrx_word' id='word_1_312' title='bbox 1687 2607 1788 2646; x_wconf 83' lang='lat' dir='ltr'><strong>non</strong></span> 
     </span>
    </p>
   </div>
   <div class='ocr_carea' id='block_1_42' title="bbox 181 2681 1772 2752">
    <p class='ocr_par' dir='ltr' id='par_1_42' title="bbox 181 2681 1772 2752">
     <span class='ocr_line' id='line_1_42' title="bbox 181 2681 1772 2752; baseline -0.001 -17"><span class='ocrx_word' id='word_1_313' title='bbox 181 2683 381 2748; x_wconf 82' lang='lat' dir='ltr'><strong>bibctis,</strong></span> <span class='ocrx_word' id='word_1_314' title='bbox 412 2696 464 2736; x_wconf 81' lang='lat' dir='ltr'><strong>tu</strong></span> <span class='ocrx_word' id='word_1_315' title='bbox 490 2693 534 2737; x_wconf 77' lang='lat' dir='ltr'><strong>et</strong></span> <span class='ocrx_word' id='word_1_316' title='bbox 559 2683 655 2750; x_wconf 84' lang='lat' dir='ltr'><strong>ﬁlii</strong></span> <span class='ocrx_word' id='word_1_317' title='bbox 683 2683 755 2734; x_wconf 88' lang='lat' dir='ltr'><strong>tui</strong></span> <span class='ocrx_word' id='word_1_318' title='bbox 784 2691 893 2750; x_wconf 86' lang='lat' dir='ltr'><strong>post</strong></span> <span class='ocrx_word' id='word_1_319' title='bbox 928 2691 976 2734; x_wconf 84' lang='lat' dir='ltr'><strong>te</strong></span> <span class='ocrx_word' id='word_1_320' title='bbox 996 2681 1098 2751; x_wconf 79' lang='lat'><strong>(5),</strong></span> <span class='ocrx_word' id='word_1_321' title='bbox 1126 2682 1168 2735; x_wconf 89' lang='lat' dir='ltr'><strong>si</strong></span> <span class='ocrx_word' id='word_1_322' title='bbox 1194 2682 1394 2750; x_wconf 78' lang='lat' dir='ltr'><strong>quando</strong></span> <span class='ocrx_word' id='word_1_323' title='bbox 1423 2682 1772 2752; x_wconf 71' lang='lat' dir='ltr'><strong>ingredimini</strong></span> 
     </span>
    </p>
   </div>
   <div class='ocr_carea' id='block_1_43' title="bbox 182 2773 1786 2841">
    <p class='ocr_par' dir='ltr' id='par_1_43' title="bbox 182 2773 1786 2841">
     <span class='ocr_line' id='line_1_43' title="bbox 182 2773 1786 2841; baseline -0.002 -11"><span class='ocrx_word' id='word_1_324' title='bbox 182 2775 590 2841; x_wconf 78' lang='lat' dir='ltr'><strong>tubermtcnlmn,</strong></span> <span class='ocrx_word' id='word_1_325' title='bbox 609 2774 685 2828; x_wconf 79' lang='lat' dir='ltr'><strong>rel</strong></span> <span class='ocrx_word' id='word_1_326' title='bbox 700 2774 978 2828; x_wconf 70' lang='lat' dir='ltr'><strong>ostendatis</strong></span> <span class='ocrx_word' id='word_1_327' title='bbox 999 2773 1064 2825; x_wconf 83' lang='lat' dir='ltr'><strong>od</strong></span> <span class='ocrx_word' id='word_1_328' title='bbox 1086 2774 1265 2834; x_wconf 81' lang='lat' dir='ltr'><strong>altare,</strong></span> <span class='ocrx_word' id='word_1_329' title='bbox 1290 2784 1333 2826; x_wconf 77' lang='lat' dir='ltr'><strong>et</strong></span> <span class='ocrx_word' id='word_1_330' title='bbox 1361 2791 1460 2827; x_wconf 89' lang='lat' dir='ltr'><strong>non</strong></span> <span class='ocrx_word' id='word_1_331' title='bbox 1487 2776 1786 2829; x_wconf 81' lang='lat' dir='ltr'><strong>moriemini.</strong></span> 
     </span>
    </p>
   </div>
   <div class='ocr_carea' id='block_1_44' title="bbox 188 2868 1790 2938">
    <p class='ocr_par' dir='ltr' id='par_1_44' title="bbox 188 2868 1790 2938">
     <span class='ocr_line' id='line_1_44' title="bbox 188 2868 1790 2938; baseline -0.001 -14"><span class='ocrx_word' id='word_1_332' title='bbox 188 2869 344 2924; x_wconf 71' lang='lat' dir='ltr'><strong>Adeo</strong></span> <span class='ocrx_word' id='word_1_333' title='bbox 375 2868 673 2922; x_wconf 83' lang='lat' dir='ltr'><strong>morientur</strong></span> <span class='ocrx_word' id='word_1_334' title='bbox 702 2869 789 2938; x_wconf 91' lang='lat' dir='ltr'><strong>qui</strong></span> <span class='ocrx_word' id='word_1_335' title='bbox 819 2883 922 2921; x_wconf 90' lang='lat' dir='ltr'><strong>non</strong></span> <span class='ocrx_word' id='word_1_336' title='bbox 951 2868 1113 2924; x_wconf 83' lang='lat' dir='ltr'><strong>sobrii</strong></span> <span class='ocrx_word' id='word_1_337' title='bbox 1157 2869 1236 2938; x_wconf 70' lang='grc'><strong>(4)</strong></span> <span class='ocrx_word' id='word_1_338' title='bbox 1262 2869 1312 2922; x_wconf 93' lang='lat' dir='ltr'><strong>in</strong></span> <span class='ocrx_word' id='word_1_339' title='bbox 1345 2868 1580 2924; x_wconf 70' lang='lat' dir='ltr'><strong>Ecclesia</strong></span> <span class='ocrx_word' id='word_1_340' title='bbox 1603 2871 1790 2924; x_wconf 84' lang='lat' dir='ltr'><strong>minis-</strong></span> 
     </span>
    </p>
   </div>
   <div class='ocr_carea' id='block_1_45' title="bbox 186 2958 1788 3029">
    <p class='ocr_par' dir='ltr' id='par_1_45' title="bbox 186 2958 1788 3029">
     <span class='ocr_line' id='line_1_45' title="bbox 186 2958 1788 3029; baseline -0.001 -15"><span class='ocrx_word' id='word_1_341' title='bbox 186 2961 466 3015; x_wconf 85' lang='lat' dir='ltr'><strong>travcrint.</strong></span> <span class='ocrx_word' id='word_1_342' title='bbox 493 2960 581 3015; x_wconf 89' lang='lat' dir='ltr'><strong>Sic</strong></span> <span class='ocrx_word' id='word_1_343' title='bbox 607 2971 658 3014; x_wconf 88' lang='lat' dir='ltr'><strong>et</strong></span> <span class='ocrx_word' id='word_1_344' title='bbox 683 2958 866 3014; x_wconf 85' lang='lat' dir='ltr'><strong>Israeli</strong></span> <span class='ocrx_word' id='word_1_345' title='bbox 896 2960 1137 3028; x_wconf 72' lang='lat' dir='ltr'><strong>proximo</strong></span> <span class='ocrx_word' id='word_1_346' title='bbox 1161 2960 1484 3028; x_wconf 75' lang='lat' dir='ltr'><strong>exprobrat:</strong></span> <span class='ocrx_word' id='word_1_347' title='bbox 1517 2959 1584 3013; x_wconf 75' lang='lat' dir='ltr'><strong>Et</strong></span> <span class='ocrx_word' id='word_1_348' title='bbox 1614 2971 1788 3029; x_wconf 81' lang='lat' dir='ltr'><strong>potum</strong></span> 
     </span>
    </p>
   </div>
   <div class='ocr_carea' id='block_1_46' title="bbox 180 3052 1784 3122">
    <p class='ocr_par' dir='ltr' id='par_1_46' title="bbox 180 3052 1784 3122">
     <span class='ocr_line' id='line_1_46' title="bbox 180 3052 1784 3122; baseline 0.002 -17"><span class='ocrx_word' id='word_1_349' title='bbox 180 3053 385 3106; x_wconf 78' lang='lat' dir='ltr'><strong>dabam</strong></span> <span class='ocrx_word' id='word_1_350' title='bbox 404 3053 732 3119; x_wconf 80' lang='lat' dir='ltr'><strong>sanctiﬁcatis</strong></span> <span class='ocrx_word' id='word_1_351' title='bbox 753 3052 874 3105; x_wconf 87' lang='lat' dir='ltr'><strong>meis</strong></span> <span class='ocrx_word' id='word_1_352' title='bbox 898 3053 1086 3106; x_wconf 82' lang='lat' dir='ltr'><strong>vinum.</strong></span> <span class='ocrx_word' id='word_1_353' title='bbox 1117 3052 1192 3122; x_wconf 81' lang='lat' dir='ltr'><strong>(tt)</strong></span> <span class='ocrx_word' id='word_1_354' title='bbox 1227 3053 1286 3106; x_wconf 78' lang='lat' dir='ltr'><strong>Et</strong></span> <span class='ocrx_word' id='word_1_355' title='bbox 1317 3052 1429 3106; x_wconf 74' lang='lat' dir='ltr'><strong>hmc</strong></span> <span class='ocrx_word' id='word_1_356' title='bbox 1457 3063 1630 3108; x_wconf 86' lang='lat' dir='ltr'><strong>autem</strong></span> <span class='ocrx_word' id='word_1_357' title='bbox 1661 3057 1784 3108; x_wconf 87' lang='lat' dir='ltr'><strong>stri-</strong></span> 
     </span>
    </p>
   </div>
   <div class='ocr_carea' id='block_1_47' title="bbox 177 3141 1786 3215">
    <p class='ocr_par' dir='ltr' id='par_1_47' title="bbox 177 3141 1786 3215">
     <span class='ocr_line' id='line_1_47' title="bbox 177 3141 1786 3215; baseline 0.004 -21"><span class='ocrx_word' id='word_1_358' title='bbox 177 3153 332 3196; x_wconf 78' lang='lat' dir='ltr'><strong>ctura</strong></span> <span class='ocrx_word' id='word_1_359' title='bbox 365 3151 521 3212; x_wconf 90' lang='lat' dir='ltr'><strong>potus</strong></span> <span class='ocrx_word' id='word_1_360' title='bbox 551 3141 887 3213; x_wconf 49' lang='lat' dir='ltr'><strong>xerophagi»</strong></span> <span class='ocrx_word' id='word_1_361' title='bbox 911 3144 1083 3212; x_wconf 91' lang='lat' dir='ltr'><strong>portio</strong></span> <span class='ocrx_word' id='word_1_362' title='bbox 1115 3152 1218 3198; x_wconf 89' lang='lat' dir='ltr'><strong>est.</strong></span> <span class='ocrx_word' id='word_1_363' title='bbox 1243 3143 1556 3215; x_wconf 85' lang='lat' dir='ltr'><strong>Quanquam</strong></span> <span class='ocrx_word' id='word_1_364' title='bbox 1585 3146 1672 3200; x_wconf 89' lang='lat' dir='ltr'><strong>ubi</strong></span> <span class='ocrx_word' id='word_1_365' title='bbox 1695 3146 1786 3200; x_wconf 82' lang='lat' dir='ltr'><strong>ab-</strong></span> 
     </span>
    </p>
   </div>
   <div class='ocr_carea' id='block_1_48' title="bbox 178 3233 1785 3304">
    <p class='ocr_par' dir='ltr' id='par_1_48' title="bbox 178 3233 1785 3304">
     <span class='ocr_line' id='line_1_48' title="bbox 178 3233 1785 3304; baseline 0.004 -18"><span class='ocrx_word' id='word_1_366' title='bbox 178 3233 434 3288; x_wconf 75' lang='lat' dir='ltr'><strong>stinentia</strong></span> <span class='ocrx_word' id='word_1_367' title='bbox 466 3234 572 3288; x_wconf 90' lang='lat' dir='ltr'><strong>vini</strong></span> <span class='ocrx_word' id='word_1_368' title='bbox 598 3244 687 3288; x_wconf 91' lang='lat' dir='ltr'><strong>aut</strong></span> <span class='ocrx_word' id='word_1_369' title='bbox 707 3250 738 3289; x_wconf 92' lang='lat' dir='ltr'><strong>a</strong></span> <span class='ocrx_word' id='word_1_370' title='bbox 766 3233 879 3288; x_wconf 89' lang='lat' dir='ltr'><strong>Deo</strong></span> <span class='ocrx_word' id='word_1_371' title='bbox 911 3233 1160 3304; x_wconf 75' lang='lat' dir='ltr'><strong>exigitur,</strong></span> <span class='ocrx_word' id='word_1_372' title='bbox 1182 3244 1273 3289; x_wconf 86' lang='lat' dir='ltr'><strong>aut</strong></span> <span class='ocrx_word' id='word_1_373' title='bbox 1296 3237 1364 3290; x_wconf 88' lang='lat' dir='ltr'><strong>ab</strong></span> <span class='ocrx_word' id='word_1_374' title='bbox 1389 3235 1605 3292; x_wconf 90' lang='lat' dir='ltr'><strong>homine</strong></span> <span class='ocrx_word' id='word_1_375' title='bbox 1627 3253 1785 3293; x_wconf 85' lang='lat' dir='ltr'><strong>vove-</strong></span> 
     </span>
    </p>
   </div>
   <div class='ocr_carea' id='block_1_49' title="bbox 1904 2023 3506 2095">
    <p class='ocr_par' dir='ltr' id='par_1_49' title="bbox 1904 2023 3506 2095">
     <span class='ocr_line' id='line_1_49' title="bbox 1904 2023 3506 2095; baseline 0.002 -17"><span class='ocrx_word' id='word_1_376' title='bbox 1904 2023 2090 2079; x_wconf 87' lang='lat' dir='ltr'><strong>horam</strong></span> <span class='ocrx_word' id='word_1_377' title='bbox 2120 2041 2314 2078; x_wconf 86' lang='lat' dir='ltr'><strong>nonam</strong></span> <span class='ocrx_word' id='word_1_378' title='bbox 2335 2026 2399 2079; x_wconf 90' lang='lat' dir='ltr'><strong>ad</strong></span> <span class='ocrx_word' id='word_1_379' title='bbox 2424 2025 2714 2079; x_wconf 84' lang='lat' dir='ltr'><strong>clausulam</strong></span> <span class='ocrx_word' id='word_1_380' title='bbox 2742 2035 2795 2080; x_wconf 91' lang='lat' dir='ltr'><strong>et</strong></span> <span class='ocrx_word' id='word_1_381' title='bbox 2821 2027 3230 2095; x_wconf 77' lang='lat' dir='ltr'><strong>espnnetionem</strong></span> <span class='ocrx_word' id='word_1_382' title='bbox 3259 2027 3506 2082; x_wconf 87' lang='lat' dir='ltr'><strong>stationis</strong></span> 
     </span>
    </p>
   </div>
   <div class='ocr_carea' id='block_1_50' title="bbox 1901 2116 3493 2187">
    <p class='ocr_par' dir='ltr' id='par_1_50' title="bbox 1901 2116 3493 2187">
     <span class='ocr_line' id='line_1_50' title="bbox 1901 2116 3493 2187; baseline 0.003 -18"><span class='ocrx_word' id='word_1_383' title='bbox 1901 2116 2326 2185; x_wconf 76' lang='lat' dir='ltr'><strong>interpretetur?</strong></span> <span class='ocrx_word' id='word_1_384' title='bbox 2370 2117 2528 2187; x_wconf 77' lang='lat' dir='ltr'><strong>Atqui</strong></span> <span class='ocrx_word' id='word_1_385' title='bbox 2582 2116 2786 2171; x_wconf 73' lang='lat' dir='ltr'><strong>[acilius</strong></span> <span class='ocrx_word' id='word_1_386' title='bbox 2834 2117 3072 2172; x_wconf 85' lang='lat' dir='ltr'><strong>invenias</strong></span> <span class='ocrx_word' id='word_1_387' title='bbox 3123 2119 3332 2173; x_wconf 80' lang='lat' dir='ltr'><strong>l’etrum</strong></span> <span class='ocrx_word' id='word_1_388' title='bbox 3363 2118 3493 2173; x_wconf 90' lang='lat' dir='ltr'><strong>hora</strong></span> 
     </span>
    </p>
   </div>
   <div class='ocr_carea' id='block_1_51' title="bbox 1898 2208 3503 2280">
    <p class='ocr_par' dir='ltr' id='par_1_51' title="bbox 1898 2208 3503 2280">
     <span class='ocr_line' id='line_1_51' title="bbox 1898 2208 3503 2280; baseline 0.001 -16"><span class='ocrx_word' id='word_1_389' title='bbox 1898 2219 2048 2264; x_wconf 75' lang='lat' dir='ltr'><strong>sexta</strong></span> <span class='ocrx_word' id='word_1_390' title='bbox 2075 2208 2315 2278; x_wconf 89' lang='lat' dir='ltr'><strong>capiendi</strong></span> <span class='ocrx_word' id='word_1_391' title='bbox 2342 2210 2446 2264; x_wconf 87' lang='lat' dir='ltr'><strong>cibi</strong></span> <span class='ocrx_word' id='word_1_392' title='bbox 2475 2225 2682 2274; x_wconf 83' lang='lat' dir='ltr'><strong>caussa,</strong></span> <span class='ocrx_word' id='word_1_393' title='bbox 2705 2211 2850 2280; x_wconf 91' lang='lat' dir='ltr'><strong>prius</strong></span> <span class='ocrx_word' id='word_1_394' title='bbox 2877 2211 2928 2264; x_wconf 90' lang='lat' dir='ltr'><strong>in</strong></span> <span class='ocrx_word' id='word_1_395' title='bbox 2955 2211 3230 2279; x_wconf 89' lang='lat' dir='ltr'><strong>superiora</strong></span> <span class='ocrx_word' id='word_1_396' title='bbox 3262 2212 3326 2266; x_wconf 90' lang='lat' dir='ltr'><strong>ad</strong></span> <span class='ocrx_word' id='word_1_397' title='bbox 3346 2227 3503 2266; x_wconf 84' lang='lat' dir='ltr'><strong>oran-</strong></span> 
     </span>
    </p>
   </div>
   <div class='ocr_carea' id='block_1_52' title="bbox 1896 2299 3502 2373">
    <p class='ocr_par' dir='ltr' id='par_1_52' title="bbox 1896 2299 3502 2373">
     <span class='ocr_line' id='line_1_52' title="bbox 1896 2299 3502 2373; baseline 0.003 -18"><span class='ocrx_word' id='word_1_398' title='bbox 1896 2299 2022 2355; x_wconf 91' lang='lat' dir='ltr'><strong>dum</strong></span> <span class='ocrx_word' id='word_1_399' title='bbox 2078 2301 2422 2369; x_wconf 67' lang='lat' dir='ltr'><strong>ascendisse,</strong></span> <span class='ocrx_word' id='word_1_400' title='bbox 2472 2319 2577 2370; x_wconf 90' lang='lat' dir='ltr'><strong>quo</strong></span> <span class='ocrx_word' id='word_1_401' title='bbox 2637 2302 2801 2372; x_wconf 74' lang='lat' dir='ltr'><strong>magis</strong></span> <span class='ocrx_word' id='word_1_402' title='bbox 2841 2300 2951 2373; x_wconf 79' lang='grc' dir='ltr'>(ιι)</span> <span class='ocrx_word' id='word_1_403' title='bbox 2991 2311 3141 2357; x_wconf 58' lang='lat' dir='ltr'><strong>sexta</strong></span> <span class='ocrx_word' id='word_1_404' title='bbox 3192 2304 3298 2359; x_wconf 88' lang='lat' dir='ltr'><strong>diei</strong></span> <span class='ocrx_word' id='word_1_405' title='bbox 3364 2304 3502 2360; x_wconf 88' lang='lat' dir='ltr'><strong>liniri</strong></span> 
     </span>
    </p>
   </div>
   <div class='ocr_carea' id='block_1_53' title="bbox 1895 2392 3501 2467">
    <p class='ocr_par' dir='ltr' id='par_1_53' title="bbox 1895 2392 3501 2467">
     <span class='ocr_line' id='line_1_53' title="bbox 1895 2392 3501 2467; baseline 0.003 -19"><span class='ocrx_word' id='word_1_406' title='bbox 1895 2393 2070 2448; x_wconf 87' lang='lat' dir='ltr'><strong>ollicio</strong></span> <span class='ocrx_word' id='word_1_407' title='bbox 2103 2392 2223 2447; x_wconf 86' lang='lat' dir='ltr'><strong>huic</strong></span> <span class='ocrx_word' id='word_1_408' title='bbox 2253 2397 2436 2462; x_wconf 69' lang='lat' dir='ltr'><strong>possit,</strong></span> <span class='ocrx_word' id='word_1_409' title='bbox 2479 2411 2598 2464; x_wconf 71' lang='lat' dir='ltr'><strong>quae</strong></span> <span class='ocrx_word' id='word_1_410' title='bbox 2645 2395 2772 2449; x_wconf 89' lang='lat' dir='ltr'><strong>illttd</strong></span> <span class='ocrx_word' id='word_1_411' title='bbox 2813 2396 3124 2450; x_wconf 84' lang='lat' dir='ltr'><strong>absolutura</strong></span> <span class='ocrx_word' id='word_1_412' title='bbox 3151 2407 3271 2467; x_wconf 88' lang='lat' dir='ltr'><strong>post</strong></span> <span class='ocrx_word' id='word_1_413' title='bbox 3298 2399 3501 2454; x_wconf 88' lang='lat' dir='ltr'><strong>oratio-</strong></span> 
     </span>
    </p>
   </div>
   <div class='ocr_carea' id='block_1_54' title="bbox 1896 2488 3503 2552">
    <p class='ocr_par' dir='ltr' id='par_1_54' title="bbox 1896 2488 3503 2552">
     <span class='ocr_line' id='line_1_54' title="bbox 1896 2488 3503 2552; baseline 0.003 -8"><span class='ocrx_word' id='word_1_414' title='bbox 1896 2488 2340 2544; x_wconf 68' lang='lat' dir='ltr'><strong>ncmvidobatnr.</strong></span> <span class='ocrx_word' id='word_1_415' title='bbox 2374 2489 2570 2552; x_wconf 86' lang='lat' dir='ltr'><strong>Porro,</strong></span> <span class='ocrx_word' id='word_1_416' title='bbox 2619 2505 2740 2545; x_wconf 90' lang='lat' dir='ltr'><strong>cum</strong></span> <span class='ocrx_word' id='word_1_417' title='bbox 2789 2489 2841 2544; x_wconf 91' lang='lat' dir='ltr'><strong>in</strong></span> <span class='ocrx_word' id='word_1_418' title='bbox 2893 2489 3084 2546; x_wconf 79' lang='lat' dir='ltr'><strong>eodem</strong></span> <span class='ocrx_word' id='word_1_419' title='bbox 3115 2493 3503 2549; x_wconf 85' lang='lat' dir='ltr'><strong>commentario</strong></span> 
     </span>
    </p>
   </div>
   <div class='ocr_carea' id='block_1_55' title="bbox 1896 2582 3500 2657">
    <p class='ocr_par' dir='ltr' id='par_1_55' title="bbox 1896 2582 3500 2657">
     <span class='ocr_line' id='line_1_55' title="bbox 1896 2582 3500 2657; baseline 0.004 -22"><span class='ocrx_word' id='word_1_420' title='bbox 1896 2583 2074 2647; x_wconf 61' lang='lat' dir='ltr'><strong>Lucae,</strong></span> <span class='ocrx_word' id='word_1_421' title='bbox 2104 2590 2157 2635; x_wconf 91' lang='lat' dir='ltr'><strong>ct</strong></span> <span class='ocrx_word' id='word_1_422' title='bbox 2188 2582 2342 2635; x_wconf 89' lang='lat' dir='ltr'><strong>tertia</strong></span> <span class='ocrx_word' id='word_1_423' title='bbox 2377 2583 2504 2635; x_wconf 80' lang='lat' dir='ltr'><strong>liora</strong></span> <span class='ocrx_word' id='word_1_424' title='bbox 2538 2585 2798 2637; x_wconf 91' lang='lat' dir='ltr'><strong>orationis</strong></span> <span class='ocrx_word' id='word_1_425' title='bbox 2823 2585 3244 2652; x_wconf 88' lang='lat' dir='ltr'><strong>demonstretur,</strong></span> <span class='ocrx_word' id='word_1_426' title='bbox 3276 2585 3376 2641; x_wconf 89' lang='lat' dir='ltr'><strong>sub</strong></span> <span class='ocrx_word' id='word_1_427' title='bbox 3397 2602 3500 2657; x_wconf 87' lang='lat' dir='ltr'><strong>qua</strong></span> 
     </span>
    </p>
   </div>
   <div class='ocr_carea' id='block_1_56' title="bbox 1895 2676 3498 2748">
    <p class='ocr_par' dir='ltr' id='par_1_56' title="bbox 1895 2676 3498 2748">
     <span class='ocr_line' id='line_1_56' title="bbox 1895 2676 3498 2748; baseline 0.004 -19"><span class='ocrx_word' id='word_1_428' title='bbox 1895 2676 2096 2745; x_wconf 84' lang='lat' dir='ltr'><strong>Spiritu</strong></span> <span class='ocrx_word' id='word_1_429' title='bbox 2122 2677 2322 2730; x_wconf 79' lang='lat' dir='ltr'><strong>Sancto</strong></span> <span class='ocrx_word' id='word_1_430' title='bbox 2346 2676 2554 2738; x_wconf 88' lang='lat' dir='ltr'><strong>initiati,</strong></span> <span class='ocrx_word' id='word_1_431' title='bbox 2579 2693 2672 2747; x_wconf 90' lang='lat' dir='ltr'><strong>pro</strong></span> <span class='ocrx_word' id='word_1_432' title='bbox 2685 2677 2847 2733; x_wconf 84' lang='lat' dir='ltr'><strong>ebriis</strong></span> <span class='ocrx_word' id='word_1_433' title='bbox 2865 2679 3196 2734; x_wconf 86' lang='lat' dir='ltr'><strong>habebantur</strong></span> <span class='ocrx_word' id='word_1_434' title='bbox 3220 2697 3235 2745; x_wconf 87' lang='lat'><strong>;</strong></span> <span class='ocrx_word' id='word_1_435' title='bbox 3257 2689 3310 2736; x_wconf 90' lang='lat' dir='ltr'><strong>et</strong></span> <span class='ocrx_word' id='word_1_436' title='bbox 3325 2690 3498 2748; x_wconf 76' lang='lat' dir='ltr'><strong>sexta,</strong></span> 
     </span>
    </p>
   </div>
   <div class='ocr_carea' id='block_1_57' title="bbox 1895 2768 3502 2844">
    <p class='ocr_par' dir='ltr' id='par_1_57' title="bbox 1895 2768 3502 2844">
     <span class='ocr_line' id='line_1_57' title="bbox 1895 2768 3502 2844; baseline 0.007 -24"><span class='ocrx_word' id='word_1_437' title='bbox 1895 2784 1997 2838; x_wconf 90' lang='lat' dir='ltr'><strong>qua</strong></span> <span class='ocrx_word' id='word_1_438' title='bbox 2033 2768 2222 2824; x_wconf 85' lang='lat' dir='ltr'><strong>l’etrns</strong></span> <span class='ocrx_word' id='word_1_439' title='bbox 2242 2768 2484 2824; x_wconf 87' lang='lat' dir='ltr'><strong>ascendit</strong></span> <span class='ocrx_word' id='word_1_440' title='bbox 2525 2770 2576 2822; x_wconf 90' lang='lat' dir='ltr'><strong>in</strong></span> <span class='ocrx_word' id='word_1_441' title='bbox 2622 2770 2935 2837; x_wconf 78' lang='lat' dir='ltr'><strong>superiora;</strong></span> <span class='ocrx_word' id='word_1_442' title='bbox 2970 2782 3025 2827; x_wconf 92' lang='lat' dir='ltr'><strong>et</strong></span> <span class='ocrx_word' id='word_1_443' title='bbox 3055 2787 3214 2837; x_wconf 91' lang='lat' dir='ltr'><strong>nona,</strong></span> <span class='ocrx_word' id='word_1_444' title='bbox 3237 2789 3339 2844; x_wconf 90' lang='lat' dir='ltr'><strong>qua</strong></span> <span class='ocrx_word' id='word_1_445' title='bbox 3369 2787 3502 2831; x_wconf 85' lang='lat' dir='ltr'><strong>tent-</strong></span> 
     </span>
    </p>
   </div>
   <div class='ocr_carea' id='block_1_58' title="bbox 1895 2860 3499 2935">
    <p class='ocr_par' dir='ltr' id='par_1_58' title="bbox 1895 2860 3499 2935">
     <span class='ocr_line' id='line_1_58' title="bbox 1895 2860 3499 2935; baseline 0.007 -24"><span class='ocrx_word' id='word_1_446' title='bbox 1895 2860 2037 2930; x_wconf 89' lang='lat' dir='ltr'><strong>pltun</strong></span> <span class='ocrx_word' id='word_1_447' title='bbox 2083 2872 2208 2915; x_wconf 88' lang='lat' dir='ltr'><strong>sttnt</strong></span> <span class='ocrx_word' id='word_1_448' title='bbox 2261 2862 2598 2930; x_wconf 78' lang='lat' dir='ltr'><strong>introgreSsi,</strong></span> <span class='ocrx_word' id='word_1_449' title='bbox 2642 2878 2738 2915; x_wconf 75' lang='lat' dir='ltr'><strong>cur</strong></span> <span class='ocrx_word' id='word_1_450' title='bbox 2790 2878 2893 2916; x_wconf 90' lang='lat' dir='ltr'><strong>non</strong></span> <span class='ocrx_word' id='word_1_451' title='bbox 2951 2863 3310 2935; x_wconf 77' lang='lat' dir='ltr'><strong>intelligamus</strong></span> <span class='ocrx_word' id='word_1_452' title='bbox 3352 2867 3499 2923; x_wconf 81' lang='lat' dir='ltr'><strong>salva</strong></span> 
     </span>
    </p>
   </div>
   <div class='ocr_carea' id='block_1_59' title="bbox 1896 2947 3501 3026">
    <p class='ocr_par' dir='ltr' id='par_1_59' title="bbox 1896 2947 3501 3026">
     <span class='ocr_line' id='line_1_59' title="bbox 1896 2947 3501 3026; baseline 0.008 -25"><span class='ocrx_word' id='word_1_453' title='bbox 1896 2951 2047 3020; x_wconf 90' lang='lat' dir='ltr'><strong>plane</strong></span> <span class='ocrx_word' id='word_1_454' title='bbox 2070 2950 2429 3006; x_wconf 81' lang='lat' dir='ltr'><strong>indiil&#39;erentia</strong></span> <span class='ocrx_word' id='word_1_455' title='bbox 2454 2967 2666 3022; x_wconf 86' lang='lat' dir='ltr'><strong>semper</strong></span> <span class='ocrx_word' id='word_1_456' title='bbox 2692 2962 2748 3007; x_wconf 86' lang='lat' dir='ltr'><strong>et</strong></span> <span class='ocrx_word' id='word_1_457' title='bbox 2775 2951 2972 3023; x_wconf 88' lang='lat' dir='ltr'><strong>ubique</strong></span> <span class='ocrx_word' id='word_1_458' title='bbox 3001 2965 3055 3008; x_wconf 92' lang='lat' dir='ltr'><strong>et</strong></span> <span class='ocrx_word' id='word_1_459' title='bbox 3083 2957 3226 3010; x_wconf 91' lang='lat' dir='ltr'><strong>omni</strong></span> <span class='ocrx_word' id='word_1_460' title='bbox 3259 2947 3501 3026; x_wconf 86' lang='lat' dir='ltr'><strong>tempore</strong></span> 
     </span>
    </p>
   </div>
   <div class='ocr_carea' id='block_1_60' title="bbox 1898 3044 3498 3118">
    <p class='ocr_par' dir='ltr' id='par_1_60' title="bbox 1898 3044 3498 3118">
     <span class='ocr_line' id='line_1_60' title="bbox 1898 3044 3498 3118; baseline 0.005 -21"><span class='ocrx_word' id='word_1_461' title='bbox 1898 3044 2083 3098; x_wconf 88' lang='lat' dir='ltr'><strong>orandi</strong></span> <span class='ocrx_word' id='word_1_462' title='bbox 2129 3045 2232 3116; x_wconf 77' lang='lat'><strong>(7&#39;),</strong></span> <span class='ocrx_word' id='word_1_463' title='bbox 2265 3053 2438 3100; x_wconf 90' lang='lat' dir='ltr'><strong>tamen</strong></span> <span class='ocrx_word' id='word_1_464' title='bbox 2483 3055 2592 3100; x_wconf 88' lang='lat' dir='ltr'><strong>tres</strong></span> <span class='ocrx_word' id='word_1_465' title='bbox 2631 3046 2758 3099; x_wconf 87' lang='lat' dir='ltr'><strong>istas</strong></span> <span class='ocrx_word' id='word_1_466' title='bbox 2802 3045 2964 3100; x_wconf 90' lang='lat' dir='ltr'><strong>horas</strong></span> <span class='ocrx_word' id='word_1_467' title='bbox 3014 3057 3068 3100; x_wconf 94' lang='lat' dir='ltr'><strong>ut</strong></span> <span class='ocrx_word' id='word_1_468' title='bbox 3100 3047 3418 3118; x_wconf 80' lang='lat' dir='ltr'><strong>insigniores</strong></span> <span class='ocrx_word' id='word_1_469' title='bbox 3446 3051 3498 3105; x_wconf 93' lang='lat' dir='ltr'><strong>in</strong></span> 
     </span>
    </p>
   </div>
   <div class='ocr_carea' id='block_1_61' title="bbox 1893 3137 3497 3214">
    <p class='ocr_par' dir='ltr' id='par_1_61' title="bbox 1893 3137 3497 3214">
     <span class='ocr_line' id='line_1_61' title="bbox 1893 3137 3497 3214; baseline 0.004 -22"><span class='ocrx_word' id='word_1_470' title='bbox 1893 3138 2052 3192; x_wconf 90' lang='lat' dir='ltr'><strong>rebus</strong></span> <span class='ocrx_word' id='word_1_471' title='bbox 2102 3137 2377 3203; x_wconf 87' lang='lat' dir='ltr'><strong>humanis,</strong></span> <span class='ocrx_word' id='word_1_472' title='bbox 2433 3153 2552 3209; x_wconf 67' lang='lat' dir='ltr'><strong>qua:</strong></span> <span class='ocrx_word' id='word_1_473' title='bbox 2607 3140 2748 3193; x_wconf 89' lang='lat' dir='ltr'><strong>diem</strong></span> <span class='ocrx_word' id='word_1_474' title='bbox 2793 3139 3298 3211; x_wconf 80' lang='lat' dir='ltr'><strong>distribuunt,qua:</strong></span> <span class='ocrx_word' id='word_1_475' title='bbox 3331 3159 3497 3214; x_wconf 72' lang='lat' dir='ltr'><strong>nego-</strong></span> 
     </span>
    </p>
   </div>
   <div class='ocr_carea' id='block_1_62' title="bbox 1894 3232 3497 3304">
    <p class='ocr_par' dir='ltr' id='par_1_62' title="bbox 1894 3232 3497 3304">
     <span class='ocr_line' id='line_1_62' title="bbox 1894 3232 3497 3304; baseline 0.003 -17"><span class='ocrx_word' id='word_1_476' title='bbox 1894 3233 1965 3288; x_wconf 86' lang='lat' dir='ltr'><strong>tia</strong></span> <span class='ocrx_word' id='word_1_477' title='bbox 1987 3233 2334 3304; x_wconf 77' lang='lat' dir='ltr'><strong>distinguunt,</strong></span> <span class='ocrx_word' id='word_1_478' title='bbox 2361 3234 2430 3302; x_wconf 84' lang='lat' dir='ltr'><strong>(c)</strong></span> <span class='ocrx_word' id='word_1_479' title='bbox 2457 3249 2575 3302; x_wconf 87' lang='lat' dir='ltr'><strong>qua:</strong></span> <span class='ocrx_word' id='word_1_480' title='bbox 2601 3232 2809 3302; x_wconf 86' lang='lat' dir='ltr'><strong>publice</strong></span> <span class='ocrx_word' id='word_1_481' title='bbox 2834 3247 3104 3298; x_wconf 85' lang='lat' dir='ltr'><strong>resonant,</strong></span> <span class='ocrx_word' id='word_1_482' title='bbox 3125 3235 3194 3290; x_wconf 90' lang='lat' dir='ltr'><strong>ita</strong></span> <span class='ocrx_word' id='word_1_483' title='bbox 3221 3247 3274 3291; x_wconf 90' lang='lat' dir='ltr'><strong>et</strong></span> <span class='ocrx_word' id='word_1_484' title='bbox 3297 3237 3497 3293; x_wconf 88' lang='lat' dir='ltr'><strong>solem-</strong></span> 
     </span>
    </p>
   </div>
   <div class='ocr_carea' id='block_1_63' title="bbox 181 3323 3496 3408">
    <p class='ocr_par' dir='ltr' id='par_1_63' title="bbox 181 3323 3496 3408">
     <span class='ocr_line' id='line_1_63' title="bbox 181 3323 3496 3408; baseline 0.002 -30"><span class='ocrx_word' id='word_1_485' title='bbox 181 3333 290 3390; x_wconf 91' lang='lat' dir='ltr'><strong>tur,</strong></span> <span class='ocrx_word' id='word_1_486' title='bbox 325 3323 430 3380; x_wconf 89' lang='lat' dir='ltr'><strong>illic</strong></span> <span class='ocrx_word' id='word_1_487' title='bbox 457 3325 782 3396; x_wconf 78' lang='lat' dir='ltr'><strong>intelligatur</strong></span> <span class='ocrx_word' id='word_1_488' title='bbox 825 3325 984 3380; x_wconf 90' lang='lat' dir='ltr'><strong>etiam</strong></span> <span class='ocrx_word' id='word_1_489' title='bbox 1032 3325 1208 3394; x_wconf 89' lang='lat' dir='ltr'><strong>pabuli</strong></span> <span class='ocrx_word' id='word_1_490' title='bbox 1257 3341 1503 3396; x_wconf 86' lang='lat' dir='ltr'><strong>pressura</strong></span> <span class='ocrx_word' id='word_1_491' title='bbox 1557 3327 1782 3382; x_wconf 82' lang='lat' dir='ltr'><strong>formam</strong></span> <span class='ocrx_word' id='word_1_492' title='bbox 1812 3337 1856 3399; x_wconf 69' lang='grc' dir='ltr'><strong>ς</strong></span> <span class='ocrx_word' id='word_1_493' title='bbox 1893 3328 2071 3381; x_wconf 90' lang='lat' dir='ltr'><strong>niorcs</strong></span> <span class='ocrx_word' id='word_1_494' title='bbox 2122 3325 2284 3381; x_wconf 77' lang='lat' dir='ltr'><strong>fuisse</strong></span> <span class='ocrx_word' id='word_1_495' title='bbox 2350 3328 2400 3380; x_wconf 93' lang='lat' dir='ltr'><strong>in</strong></span> <span class='ocrx_word' id='word_1_496' title='bbox 2454 3326 2786 3380; x_wconf 87' lang='lat' dir='ltr'><strong>orationilms</strong></span> <span class='ocrx_word' id='word_1_497' title='bbox 2848 3327 3084 3382; x_wconf 85' lang='lat' dir='ltr'><strong>divinis?</strong></span> <span class='ocrx_word' id='word_1_498' title='bbox 3131 3328 3283 3408; x_wconf 76' lang='lat' dir='ltr'><strong>Quod</strong></span> <span class='ocrx_word' id='word_1_499' title='bbox 3335 3331 3496 3386; x_wconf 86' lang='lat' dir='ltr'><strong>etiam</strong></span> 
     </span>
    </p>
   </div>
   <div class='ocr_carea' id='block_1_64' title="bbox 180 3419 1781 3491">
    <p class='ocr_par' dir='ltr' id='par_1_64' title="bbox 180 3419 1781 3491">
     <span class='ocr_line' id='line_1_64' title="bbox 180 3419 1781 3491; baseline 0.004 -23"><span class='ocrx_word' id='word_1_500' title='bbox 180 3428 512 3488; x_wconf 75' lang='lat' dir='ltr'><strong>przestrucns</strong></span> <span class='ocrx_word' id='word_1_501' title='bbox 559 3419 722 3488; x_wconf 87' lang='lat' dir='ltr'><strong>potui.</strong></span> <span class='ocrx_word' id='word_1_502' title='bbox 752 3420 936 3487; x_wconf 85' lang='lat' dir='ltr'><strong>Qualis</strong></span> <span class='ocrx_word' id='word_1_503' title='bbox 980 3420 1124 3474; x_wconf 88' lang='lat' dir='ltr'><strong>enim</strong></span> <span class='ocrx_word' id='word_1_504' title='bbox 1174 3435 1319 3480; x_wconf 86' lang='lat' dir='ltr'><strong>esus.</strong></span> <span class='ocrx_word' id='word_1_505' title='bbox 1373 3421 1492 3475; x_wconf 89' lang='lat' dir='ltr'><strong>talis</strong></span> <span class='ocrx_word' id='word_1_506' title='bbox 1517 3433 1573 3476; x_wconf 89' lang='lat' dir='ltr'><strong>et</strong></span> <span class='ocrx_word' id='word_1_507' title='bbox 1599 3432 1781 3491; x_wconf 90' lang='lat' dir='ltr'><strong>potus.</strong></span> 
     </span>
    </p>
   </div>
   <div class='ocr_carea' id='block_1_65' title="bbox 177 3508 1780 3582">
    <p class='ocr_par' dir='ltr' id='par_1_65' title="bbox 177 3508 1780 3582">
     <span class='ocr_line' id='line_1_65' title="bbox 177 3508 1780 3582; baseline 0.002 -21"><span class='ocrx_word' id='word_1_508' title='bbox 177 3508 483 3565; x_wconf 69' lang='lat' dir='ltr'><strong>Verisimile</strong></span> <span class='ocrx_word' id='word_1_509' title='bbox 511 3526 614 3564; x_wconf 85' lang='lat' dir='ltr'><strong>non</strong></span> <span class='ocrx_word' id='word_1_510' title='bbox 653 3520 752 3574; x_wconf 83' lang='lat' dir='ltr'><strong>est,</strong></span> <span class='ocrx_word' id='word_1_511' title='bbox 789 3522 842 3564; x_wconf 93' lang='lat' dir='ltr'><strong>ut</strong></span> <span class='ocrx_word' id='word_1_512' title='bbox 869 3510 988 3581; x_wconf 89' lang='lat' dir='ltr'><strong>quis</strong></span> <span class='ocrx_word' id='word_1_513' title='bbox 1029 3510 1306 3565; x_wconf 83' lang='lat' dir='ltr'><strong>dimidiam</strong></span> <span class='ocrx_word' id='word_1_514' title='bbox 1333 3511 1511 3582; x_wconf 75' lang='lat' dir='ltr'><strong>gulam</strong></span> <span class='ocrx_word' id='word_1_515' title='bbox 1546 3512 1655 3567; x_wconf 86' lang='lat' dir='ltr'><strong>Deo</strong></span> <span class='ocrx_word' id='word_1_516' title='bbox 1682 3515 1780 3567; x_wconf 77' lang='lat' dir='ltr'><strong>im-</strong></span> 
     </span>
    </p>
   </div>
   <div class='ocr_carea' id='block_1_66' title="bbox 175 3601 1786 3670">
    <p class='ocr_par' dir='ltr' id='par_1_66' title="bbox 175 3601 1786 3670">
     <span class='ocr_line' id='line_1_66' title="bbox 175 3601 1786 3670; baseline 0.002 -14"><span class='ocrx_word' id='word_1_517' title='bbox 175 3601 367 3663; x_wconf 85' lang='lat' dir='ltr'><strong>molet,</strong></span> <span class='ocrx_word' id='word_1_518' title='bbox 396 3601 547 3670; x_wconf 85' lang='lat' dir='ltr'><strong>aquis</strong></span> <span class='ocrx_word' id='word_1_519' title='bbox 593 3601 823 3666; x_wconf 88' lang='lat' dir='ltr'><strong>sobrius,</strong></span> <span class='ocrx_word' id='word_1_520' title='bbox 861 3611 915 3656; x_wconf 87' lang='lat' dir='ltr'><strong>et</strong></span> <span class='ocrx_word' id='word_1_521' title='bbox 960 3601 1095 3656; x_wconf 90' lang='lat' dir='ltr'><strong>cibis</strong></span> <span class='ocrx_word' id='word_1_522' title='bbox 1139 3601 1340 3658; x_wconf 84' lang='lat' dir='ltr'><strong>ebrius.</strong></span> <span class='ocrx_word' id='word_1_523' title='bbox 1385 3606 1465 3658; x_wconf 79' lang='lat' dir='ltr'><strong>An</strong></span> <span class='ocrx_word' id='word_1_524' title='bbox 1510 3613 1686 3658; x_wconf 81' lang='lat' dir='ltr'><strong>autem</strong></span> <span class='ocrx_word' id='word_1_525' title='bbox 1731 3612 1786 3659; x_wconf 87' lang='lat' dir='ltr'><strong>et</strong></span> 
     </span>
    </p>
   </div>
   <div class='ocr_carea' id='block_1_67' title="bbox 174 3693 1780 3766">
    <p class='ocr_par' dir='ltr' id='par_1_67' title="bbox 174 3693 1780 3766">
     <span class='ocr_line' id='line_1_67' title="bbox 174 3693 1780 3766; baseline 0.001 -16"><span class='ocrx_word' id='word_1_526' title='bbox 174 3694 472 3764; x_wconf 77' lang='lat' dir='ltr'><strong>Apostolus</strong></span> <span class='ocrx_word' id='word_1_527' title='bbox 505 3693 858 3764; x_wconf 78' lang='lat' dir='ltr'><strong>xerophagias</strong></span> <span class='ocrx_word' id='word_1_528' title='bbox 899 3695 1058 3758; x_wconf 90' lang='lat' dir='ltr'><strong>nOrit,</strong></span> <span class='ocrx_word' id='word_1_529' title='bbox 1107 3695 1196 3766; x_wconf 90' lang='lat' dir='ltr'><strong>qui</strong></span> <span class='ocrx_word' id='word_1_530' title='bbox 1244 3695 1442 3766; x_wconf 87' lang='lat' dir='ltr'><strong>majora</strong></span> <span class='ocrx_word' id='word_1_531' title='bbox 1471 3696 1780 3752; x_wconf 79' lang='lat' dir='ltr'><strong>celebrave-</strong></span> 
     </span>
    </p>
   </div>
   <div class='ocr_carea' id='block_1_68' title="bbox 175 3786 1782 3858">
    <p class='ocr_par' dir='ltr' id='par_1_68' title="bbox 175 3786 1782 3858">
     <span class='ocr_line' id='line_1_68' title="bbox 175 3786 1782 3858; baseline 0.001 -17"><span class='ocrx_word' id='word_1_532' title='bbox 175 3796 286 3849; x_wconf 87' lang='lat' dir='ltr'><strong>rat,</strong></span> <span class='ocrx_word' id='word_1_533' title='bbox 313 3786 457 3841; x_wconf 91' lang='lat' dir='ltr'><strong>sitim</strong></span> <span class='ocrx_word' id='word_1_534' title='bbox 483 3795 537 3840; x_wconf 88' lang='lat' dir='ltr'><strong>et</strong></span> <span class='ocrx_word' id='word_1_535' title='bbox 559 3786 752 3841; x_wconf 80' lang='lat' dir='ltr'><strong>famem</strong></span> <span class='ocrx_word' id='word_1_536' title='bbox 785 3797 838 3840; x_wconf 90' lang='lat' dir='ltr'><strong>et</strong></span> <span class='ocrx_word' id='word_1_537' title='bbox 863 3787 1026 3840; x_wconf 87' lang='lat' dir='ltr'><strong>multa</strong></span> <span class='ocrx_word' id='word_1_538' title='bbox 1049 3787 1274 3857; x_wconf 88' lang='lat' dir='ltr'><strong>jejunia,</strong></span> <span class='ocrx_word' id='word_1_539' title='bbox 1295 3788 1382 3858; x_wconf 92' lang='lat' dir='ltr'><strong>qui</strong></span> <span class='ocrx_word' id='word_1_540' title='bbox 1411 3789 1699 3844; x_wconf 86' lang='lat' dir='ltr'><strong>ebrietates</strong></span> <span class='ocrx_word' id='word_1_541' title='bbox 1728 3800 1782 3844; x_wconf 90' lang='lat' dir='ltr'><strong>et</strong></span> 
     </span>
    </p>
   </div>
   <div class='ocr_carea' id='block_1_69' title="bbox 172 3883 1774 3952">
    <p class='ocr_par' dir='ltr' id='par_1_69' title="bbox 172 3883 1774 3952">
     <span class='ocr_line' id='line_1_69' title="bbox 172 3883 1774 3952; baseline -0.001 -14"><span class='ocrx_word' id='word_1_542' title='bbox 172 3883 658 3938; x_wconf 90' lang='lat' dir='ltr'><strong>commcssatioucs</strong></span> <span class='ocrx_word' id='word_1_543' title='bbox 688 3893 1047 3948; x_wconf 73' lang='lat' dir='ltr'><strong>recusaverat,</strong></span> <span class='ocrx_word' id='word_1_544' title='bbox 1091 3884 1175 3938; x_wconf 85' lang='lat' dir='ltr'><strong>vel</strong></span> <span class='ocrx_word' id='word_1_545' title='bbox 1204 3883 1271 3939; x_wconf 92' lang='lat' dir='ltr'><strong>de</strong></span> <span class='ocrx_word' id='word_1_546' title='bbox 1297 3883 1560 3952; x_wconf 81' lang='lat' dir='ltr'><strong>discipulo</strong></span> <span class='ocrx_word' id='word_1_547' title='bbox 1589 3883 1774 3938; x_wconf 87' lang='lat' dir='ltr'><strong>Timo-</strong></span> 
     </span>
    </p>
   </div>
   <div class='ocr_carea' id='block_1_70' title="bbox 173 3976 1780 4047">
    <p class='ocr_par' dir='ltr' id='par_1_70' title="bbox 173 3976 1780 4047">
     <span class='ocr_line' id='line_1_70' title="bbox 173 3976 1780 4047; baseline 0.001 -17"><span class='ocrx_word' id='word_1_548' title='bbox 173 3976 306 4031; x_wconf 89' lang='lat' dir='ltr'><strong>theo</strong></span> <span class='ocrx_word' id='word_1_549' title='bbox 329 3977 629 4047; x_wconf 72' lang='lat' dir='ltr'><strong>argumenti</strong></span> <span class='ocrx_word' id='word_1_550' title='bbox 665 3979 795 4029; x_wconf 85' lang='lat' dir='ltr'><strong>satis</strong></span> <span class='ocrx_word' id='word_1_551' title='bbox 843 3985 958 4042; x_wconf 91' lang='lat' dir='ltr'><strong>est,</strong></span> <span class='ocrx_word' id='word_1_552' title='bbox 1003 3991 1161 4047; x_wconf 86' lang='lat' dir='ltr'><strong>quem</strong></span> <span class='ocrx_word' id='word_1_553' title='bbox 1191 3985 1408 4046; x_wconf 91' lang='lat' dir='ltr'><strong>propter</strong></span> <span class='ocrx_word' id='word_1_554' title='bbox 1441 3977 1780 4033; x_wconf 89' lang='lat' dir='ltr'><strong>stomaclnnn</strong></span> 
     </span>
    </p>
   </div>
   <div class='ocr_carea' id='block_1_71' title="bbox 171 4067 1776 4134">
    <p class='ocr_par' dir='ltr' id='par_1_71' title="bbox 171 4067 1776 4134">
     <span class='ocr_line' id='line_1_71' title="bbox 171 4067 1776 4134; baseline 0 -10"><span class='ocrx_word' id='word_1_555' title='bbox 171 4077 232 4124; x_wconf 91' lang='lat' dir='ltr'><strong>et</strong></span> <span class='ocrx_word' id='word_1_556' title='bbox 259 4067 505 4123; x_wconf 87' lang='lat' dir='ltr'><strong>assiduas</strong></span> <span class='ocrx_word' id='word_1_557' title='bbox 545 4067 940 4124; x_wconf 86' lang='lat' dir='ltr'><strong>imbecillitates</strong></span> <span class='ocrx_word' id='word_1_558' title='bbox 995 4069 1206 4124; x_wconf 89' lang='lat' dir='ltr'><strong>modico</strong></span> <span class='ocrx_word' id='word_1_559' title='bbox 1251 4068 1374 4122; x_wconf 91' lang='lat' dir='ltr'><strong>vino</strong></span> <span class='ocrx_word' id='word_1_560' title='bbox 1425 4085 1651 4124; x_wconf 83' lang='lat' dir='ltr'><strong>tuonens</strong></span> <span class='ocrx_word' id='word_1_561' title='bbox 1683 4071 1776 4134; x_wconf 94' lang='lat' dir='ltr'><strong>uti,</strong></span> 
     </span>
    </p>
   </div>
   <div class='ocr_carea' id='block_1_72' title="bbox 168 4159 1780 4233">
    <p class='ocr_par' dir='ltr' id='par_1_72' title="bbox 168 4159 1780 4233">
     <span class='ocr_line' id='line_1_72' title="bbox 168 4159 1780 4233; baseline 0.001 -19"><span class='ocrx_word' id='word_1_562' title='bbox 168 4175 284 4233; x_wconf 88' lang='lat' dir='ltr'><strong>quo</strong></span> <span class='ocrx_word' id='word_1_563' title='bbox 307 4159 396 4215; x_wconf 86' lang='lat' dir='ltr'><strong>ille</strong></span> <span class='ocrx_word' id='word_1_564' title='bbox 425 4175 530 4215; x_wconf 92' lang='lat' dir='ltr'><strong>non</strong></span> <span class='ocrx_word' id='word_1_565' title='bbox 561 4175 627 4215; x_wconf 81' lang='lat' dir='ltr'><strong>ex</strong></span> <span class='ocrx_word' id='word_1_566' title='bbox 658 4159 1024 4228; x_wconf 87' lang='lat' dir='ltr'><strong>institutione,</strong></span> <span class='ocrx_word' id='word_1_567' title='bbox 1071 4162 1164 4216; x_wconf 91' lang='lat' dir='ltr'><strong>sed</strong></span> <span class='ocrx_word' id='word_1_568' title='bbox 1189 4177 1254 4216; x_wconf 79' lang='lat' dir='ltr'><strong>ex</strong></span> <span class='ocrx_word' id='word_1_569' title='bbox 1285 4161 1566 4218; x_wconf 78' lang='lat' dir='ltr'><strong>devotione</strong></span> <span class='ocrx_word' id='word_1_570' title='bbox 1613 4162 1780 4216; x_wconf 71' lang='lat' dir='ltr'><strong>absti-</strong></span> 
     </span>
    </p>
   </div>
   <div class='ocr_carea' id='block_1_73' title="bbox 171 4251 1782 4324">
    <p class='ocr_par' dir='ltr' id='par_1_73' title="bbox 171 4251 1782 4324">
     <span class='ocr_line' id='line_1_73' title="bbox 171 4251 1782 4324; baseline 0.001 -17"><span class='ocrx_word' id='word_1_571' title='bbox 171 4251 343 4308; x_wconf 80' lang='lat' dir='ltr'><strong>nebat</strong></span> <span class='ocrx_word' id='word_1_572' title='bbox 380 4257 677 4320; x_wconf 72' lang='lat' dir='ltr'><strong>(czcterutn,</strong></span> <span class='ocrx_word' id='word_1_573' title='bbox 724 4252 1004 4308; x_wconf 76' lang='lat' dir='ltr'><strong>stomacho</strong></span> <span class='ocrx_word' id='word_1_574' title='bbox 1071 4255 1238 4324; x_wconf 80' lang='lat' dir='ltr'><strong>magis</strong></span> <span class='ocrx_word' id='word_1_575' title='bbox 1280 4255 1614 4310; x_wconf 83' lang='lat' dir='ltr'><strong>consuetudo</strong></span> <span class='ocrx_word' id='word_1_576' title='bbox 1659 4271 1782 4324; x_wconf 87' lang='lat' dir='ltr'><strong>pro-</strong></span> 
     </span>
    </p>
   </div>
   <div class='ocr_carea' id='block_1_74' title="bbox 1887 3418 3492 3489">
    <p class='ocr_par' dir='ltr' id='par_1_74' title="bbox 1887 3418 3492 3489">
     <span class='ocr_line' id='line_1_74' title="bbox 1887 3418 3492 3489; baseline 0.002 -15"><span class='ocrx_word' id='word_1_577' title='bbox 1887 3419 2075 3474; x_wconf 84' lang='lat' dir='ltr'><strong>snadet</strong></span> <span class='ocrx_word' id='word_1_578' title='bbox 2105 3418 2334 3471; x_wconf 73' lang='lat' dir='ltr'><strong>Danielis</strong></span> <span class='ocrx_word' id='word_1_579' title='bbox 2366 3432 2577 3487; x_wconf 87' lang='lat' dir='ltr'><strong>quoque</strong></span> <span class='ocrx_word' id='word_1_580' title='bbox 2622 3431 2994 3489; x_wconf 83' lang='lat' dir='ltr'><strong>argtnnentum</strong></span> <span class='ocrx_word' id='word_1_581' title='bbox 3023 3430 3102 3475; x_wconf 91' lang='lat' dir='ltr'><strong>ter</strong></span> <span class='ocrx_word' id='word_1_582' title='bbox 3138 3421 3224 3476; x_wconf 91' lang='lat' dir='ltr'><strong>die</strong></span> <span class='ocrx_word' id='word_1_583' title='bbox 3266 3422 3492 3486; x_wconf 81' lang='lat' dir='ltr'><strong>orantis.</strong></span> 
     </span>
    </p>
   </div>
   <div class='ocr_carea' id='block_1_75' title="bbox 1888 3509 3496 3583">
    <p class='ocr_par' dir='ltr' id='par_1_75' title="bbox 1888 3509 3496 3583">
     <span class='ocr_line' id='line_1_75' title="bbox 1888 3509 3496 3583; baseline 0.004 -19"><span class='ocrx_word' id='word_1_584' title='bbox 1888 3511 2072 3580; x_wconf 80' lang='lat' dir='ltr'><strong>utique</strong></span> <span class='ocrx_word' id='word_1_585' title='bbox 2101 3525 2194 3579; x_wconf 87' lang='lat' dir='ltr'><strong>per</strong></span> <span class='ocrx_word' id='word_1_586' title='bbox 2220 3509 2515 3579; x_wconf 87' lang='lat' dir='ltr'><strong>aliquarum</strong></span> <span class='ocrx_word' id='word_1_587' title='bbox 2563 3510 2642 3581; x_wconf 87' lang='lat'><strong>(8)</strong></span> <span class='ocrx_word' id='word_1_588' title='bbox 2675 3511 2924 3566; x_wconf 87' lang='lat' dir='ltr'><strong>horarum</strong></span> <span class='ocrx_word' id='word_1_589' title='bbox 2964 3514 3355 3583; x_wconf 74' lang='lat' dir='ltr'><strong>exceptiantn,</strong></span> <span class='ocrx_word' id='word_1_590' title='bbox 3388 3529 3496 3570; x_wconf 91' lang='lat' dir='ltr'><strong>non</strong></span> 
     </span>
    </p>
   </div>
   <div class='ocr_carea' id='block_1_76' title="bbox 1887 3602 3489 3677">
    <p class='ocr_par' dir='ltr' id='par_1_76' title="bbox 1887 3602 3489 3677">
     <span class='ocr_line' id='line_1_76' title="bbox 1887 3602 3489 3677; baseline 0.004 -21"><span class='ocrx_word' id='word_1_591' title='bbox 1887 3602 2109 3657; x_wconf 90' lang='lat' dir='ltr'><strong>aliarum</strong></span> <span class='ocrx_word' id='word_1_592' title='bbox 2134 3612 2312 3656; x_wconf 91' lang='lat' dir='ltr'><strong>autem</strong></span> <span class='ocrx_word' id='word_1_593' title='bbox 2344 3619 2499 3672; x_wconf 90' lang='lat' dir='ltr'><strong>quam</strong></span> <span class='ocrx_word' id='word_1_594' title='bbox 2527 3605 2900 3673; x_wconf 78' lang='lat' dir='ltr'><strong>insigniormn,</strong></span> <span class='ocrx_word' id='word_1_595' title='bbox 2929 3606 3121 3661; x_wconf 76' lang='lat' dir='ltr'><strong>exinde</strong></span> <span class='ocrx_word' id='word_1_596' title='bbox 3154 3607 3489 3677; x_wconf 73' lang='lat' dir='ltr'><strong>Apostolico-</strong></span> 
     </span>
    </p>
   </div>
   <div class='ocr_carea' id='block_1_77' title="bbox 1887 3697 3488 3771">
    <p class='ocr_par' dir='ltr' id='par_1_77' title="bbox 1887 3697 3488 3771">
     <span class='ocr_line' id='line_1_77' title="bbox 1887 3697 3488 3771; baseline 0.003 -20"><span class='ocrx_word' id='word_1_597' title='bbox 1887 3712 2002 3751; x_wconf 88' lang='lat' dir='ltr'><strong>rum</strong></span> <span class='ocrx_word' id='word_1_598' title='bbox 2031 3740 2045 3761; x_wconf 92' lang='lat'><strong>,</strong></span> <span class='ocrx_word' id='word_1_599' title='bbox 2100 3697 2268 3751; x_wconf 78' lang='lat' dir='ltr'><strong>tertia:</strong></span> <span class='ocrx_word' id='word_1_600' title='bbox 2290 3737 2303 3760; x_wconf 95' lang='lat'><strong>,</strong></span> <span class='ocrx_word' id='word_1_601' title='bbox 2334 3707 2498 3750; x_wconf 67' lang='lat' dir='ltr'><strong>sextae</strong></span> <span class='ocrx_word' id='word_1_602' title='bbox 2523 3739 2538 3763; x_wconf 95' lang='lat'><strong>,</strong></span> <span class='ocrx_word' id='word_1_603' title='bbox 2571 3712 2747 3753; x_wconf 84' lang='lat' dir='ltr'><strong>nome.</strong></span> <span class='ocrx_word' id='word_1_604' title='bbox 2797 3697 2928 3754; x_wconf 92' lang='lat' dir='ltr'><strong>llinc</strong></span> <span class='ocrx_word' id='word_1_605' title='bbox 2971 3699 3146 3771; x_wconf 91' lang='lat' dir='ltr'><strong>itaque</strong></span> <span class='ocrx_word' id='word_1_606' title='bbox 3176 3710 3230 3756; x_wconf 88' lang='lat' dir='ltr'><strong>et</strong></span> <span class='ocrx_word' id='word_1_607' title='bbox 3274 3701 3488 3756; x_wconf 81' lang='lat' dir='ltr'><strong>Petrum</strong></span> 
     </span>
    </p>
   </div>
   <div class='ocr_carea' id='block_1_78' title="bbox 1887 3789 3493 3858">
    <p class='ocr_par' dir='ltr' id='par_1_78' title="bbox 1887 3789 3493 3858">
     <span class='ocr_line' id='line_1_78' title="bbox 1887 3789 3493 3858; baseline 0.004 -14"><span class='ocrx_word' id='word_1_608' title='bbox 1887 3789 2061 3845; x_wconf 83' lang='lat' dir='ltr'><strong>dicant</strong></span> <span class='ocrx_word' id='word_1_609' title='bbox 2093 3805 2156 3843; x_wconf 75' lang='lat' dir='ltr'><strong>ex</strong></span> <span class='ocrx_word' id='word_1_610' title='bbox 2186 3800 2364 3842; x_wconf 87' lang='lat' dir='ltr'><strong>vetere</strong></span> <span class='ocrx_word' id='word_1_611' title='bbox 2400 3789 2574 3858; x_wconf 85' lang='lat' dir='ltr'><strong>potius</strong></span> <span class='ocrx_word' id='word_1_612' title='bbox 2608 3805 2705 3846; x_wconf 91' lang='lat' dir='ltr'><strong>usu</strong></span> <span class='ocrx_word' id='word_1_613' title='bbox 2739 3805 2934 3847; x_wconf 89' lang='lat' dir='ltr'><strong>nonam</strong></span> <span class='ocrx_word' id='word_1_614' title='bbox 2965 3793 3302 3858; x_wconf 86' lang='lat' dir='ltr'><strong>observasse,</strong></span> <span class='ocrx_word' id='word_1_615' title='bbox 3335 3795 3493 3850; x_wconf 86' lang='lat' dir='ltr'><strong>tertio</strong></span> 
     </span>
    </p>
   </div>
   <div class='ocr_carea' id='block_1_79' title="bbox 1888 3884 3495 3958">
    <p class='ocr_par' dir='ltr' id='par_1_79' title="bbox 1888 3884 3495 3958">
     <span class='ocr_line' id='line_1_79' title="bbox 1888 3884 3495 3958; baseline 0.004 -21"><span class='ocrx_word' id='word_1_616' title='bbox 1888 3893 2128 3938; x_wconf 86' lang='lat' dir='ltr'><strong>orantem</strong></span> <span class='ocrx_word' id='word_1_617' title='bbox 2157 3898 2422 3951; x_wconf 78' lang='lat' dir='ltr'><strong>supremae</strong></span> <span class='ocrx_word' id='word_1_618' title='bbox 2453 3884 2710 3940; x_wconf 70' lang='lat' dir='ltr'><strong>orationis</strong></span> <span class='ocrx_word' id='word_1_619' title='bbox 2738 3901 2985 3941; x_wconf 85' lang='lat' dir='ltr'><strong>munere.</strong></span> <span class='ocrx_word' id='word_1_620' title='bbox 3021 3886 3144 3942; x_wconf 68' lang='lat' dir='ltr'><strong>llaec</strong></span> <span class='ocrx_word' id='word_1_621' title='bbox 3169 3897 3345 3944; x_wconf 89' lang='lat' dir='ltr'><strong>autem</strong></span> <span class='ocrx_word' id='word_1_622' title='bbox 3373 3904 3495 3958; x_wconf 82' lang='lat' dir='ltr'><strong>pro-</strong></span> 
     </span>
    </p>
   </div>
   <div class='ocr_carea' id='block_1_80' title="bbox 1889 3975 3493 4051">
    <p class='ocr_par' dir='ltr' id='par_1_80' title="bbox 1889 3975 3493 4051">
     <span class='ocr_line' id='line_1_80' title="bbox 1889 3975 3493 4051; baseline 0.007 -25"><span class='ocrx_word' id='word_1_623' title='bbox 1889 3986 2003 4046; x_wconf 83' lang='lat' dir='ltr'><strong>pter</strong></span> <span class='ocrx_word' id='word_1_624' title='bbox 2039 3975 2178 4042; x_wconf 87' lang='lat' dir='ltr'><strong>illos,</strong></span> <span class='ocrx_word' id='word_1_625' title='bbox 2212 3976 2386 4046; x_wconf 91' lang='lat' dir='ltr'><strong>quise</strong></span> <span class='ocrx_word' id='word_1_626' title='bbox 2428 3985 2612 4045; x_wconf 87' lang='lat' dir='ltr'><strong>putant</strong></span> <span class='ocrx_word' id='word_1_627' title='bbox 2640 3993 2704 4032; x_wconf 80' lang='lat' dir='ltr'><strong>ex</strong></span> <span class='ocrx_word' id='word_1_628' title='bbox 2739 3981 2906 4034; x_wconf 79' lang='lat' dir='ltr'><strong>forma</strong></span> <span class='ocrx_word' id='word_1_629' title='bbox 2938 3979 3078 4034; x_wconf 83' lang='lat' dir='ltr'><strong>Petri</strong></span> <span class='ocrx_word' id='word_1_630' title='bbox 3107 3995 3288 4050; x_wconf 82' lang='lat' dir='ltr'><strong>agere,</strong></span> <span class='ocrx_word' id='word_1_631' title='bbox 3330 3996 3493 4051; x_wconf 85' lang='lat' dir='ltr'><strong>quam</strong></span> 
     </span>
    </p>
   </div>
   <div class='ocr_carea' id='block_1_81' title="bbox 1886 4068 3492 4145">
    <p class='ocr_par' dir='ltr' id='par_1_81' title="bbox 1886 4068 3492 4145">
     <span class='ocr_line' id='line_1_81' title="bbox 1886 4068 3492 4145; baseline 0.005 -25"><span class='ocrx_word' id='word_1_632' title='bbox 1886 4068 2167 4137; x_wconf 80' lang='lat' dir='ltr'><strong>ignorant;</strong></span> <span class='ocrx_word' id='word_1_633' title='bbox 2200 4082 2304 4122; x_wconf 92' lang='lat' dir='ltr'><strong>non</strong></span> <span class='ocrx_word' id='word_1_634' title='bbox 2349 4068 2499 4138; x_wconf 87' lang='lat' dir='ltr'><strong>quasi</strong></span> <span class='ocrx_word' id='word_1_635' title='bbox 2560 4083 2875 4137; x_wconf 83' lang='lat' dir='ltr'><strong>respuantus</strong></span> <span class='ocrx_word' id='word_1_636' title='bbox 2907 4086 3139 4138; x_wconf 87' lang='lat' dir='ltr'><strong>nonam,</strong></span> <span class='ocrx_word' id='word_1_637' title='bbox 3192 4072 3276 4127; x_wconf 89' lang='lat' dir='ltr'><strong>cui</strong></span> <span class='ocrx_word' id='word_1_638' title='bbox 3316 4084 3366 4127; x_wconf 90' lang='lat' dir='ltr'><strong>et</strong></span> <span class='ocrx_word' id='word_1_639' title='bbox 3409 4073 3492 4145; x_wconf 86' lang='lat'><strong>(9)</strong></span> 
     </span>
    </p>
   </div>
   <div class='ocr_carea' id='block_1_82' title="bbox 1885 4161 3488 4235">
    <p class='ocr_par' dir='ltr' id='par_1_82' title="bbox 1885 4161 3488 4235">
     <span class='ocr_line' id='line_1_82' title="bbox 1885 4161 3488 4235; baseline 0.007 -24"><span class='ocrx_word' id='word_1_640' title='bbox 1885 4169 2069 4230; x_wconf 90' lang='lat' dir='ltr'><strong>quarta</strong></span> <span class='ocrx_word' id='word_1_641' title='bbox 2098 4161 2327 4225; x_wconf 89' lang='lat' dir='ltr'><strong>sabbati,</strong></span> <span class='ocrx_word' id='word_1_642' title='bbox 2349 4171 2401 4215; x_wconf 89' lang='lat' dir='ltr'><strong>et</strong></span> <span class='ocrx_word' id='word_1_643' title='bbox 2426 4169 2575 4215; x_wconf 79' lang='lat' dir='ltr'><strong>sexta</strong></span> <span class='ocrx_word' id='word_1_644' title='bbox 2605 4161 2890 4229; x_wconf 88' lang='lat' dir='ltr'><strong>plurinuun</strong></span> <span class='ocrx_word' id='word_1_645' title='bbox 2913 4161 3216 4233; x_wconf 80' lang='lat' dir='ltr'><strong>iungimur:</strong></span> <span class='ocrx_word' id='word_1_646' title='bbox 3243 4164 3336 4220; x_wconf 71' lang='lat' dir='ltr'><strong>sed</strong></span> <span class='ocrx_word' id='word_1_647' title='bbox 3363 4165 3488 4235; x_wconf 87' lang='lat' dir='ltr'><strong>quia</strong></span> 
     </span>
    </p>
   </div>
   <div class='ocr_carea' id='block_1_83' title="bbox 1893 4252 3495 4331">
    <p class='ocr_par' dir='ltr' id='par_1_83' title="bbox 1893 4252 3495 4331">
     <span class='ocr_line' id='line_1_83' title="bbox 1893 4252 3495 4331; baseline 0.003 -21"><span class='ocrx_word' id='word_1_648' title='bbox 1893 4268 2085 4310; x_wconf 89' lang='lat' dir='ltr'><strong>eorum</strong></span> <span class='ocrx_word' id='word_1_649' title='bbox 2127 4270 2244 4323; x_wconf 76' lang='lat' dir='ltr'><strong>qua:</strong></span> <span class='ocrx_word' id='word_1_650' title='bbox 2274 4270 2338 4308; x_wconf 81' lang='lat' dir='ltr'><strong>ex</strong></span> <span class='ocrx_word' id='word_1_651' title='bbox 2385 4252 2672 4310; x_wconf 89' lang='lat' dir='ltr'><strong>traditione</strong></span> <span class='ocrx_word' id='word_1_652' title='bbox 2710 4256 3081 4322; x_wconf 88' lang='lat' dir='ltr'><strong>observantur,</strong></span> <span class='ocrx_word' id='word_1_653' title='bbox 3141 4266 3286 4314; x_wconf 90' lang='lat' dir='ltr'><strong>tanto</strong></span> <span class='ocrx_word' id='word_1_654' title='bbox 3325 4259 3495 4331; x_wconf 70' lang='lat' dir='ltr'><strong>magis</strong></span> 
     </span>
    </p>
   </div>
   <div class='ocr_carea' id='block_1_84' title="bbox 1415 4369 2256 4428">
    <p class='ocr_par' dir='ltr' id='par_1_84' title="bbox 1415 4369 2256 4428">
     <span class='ocr_line' id='line_1_84' title="bbox 1415 4369 2256 4428; baseline -0.006 -2"><span class='ocrx_word' id='word_1_655' title='bbox 1415 4370 1797 4428; x_wconf 82' lang='lat' dir='ltr'><strong>LECTIUNES</strong></span> <span class='ocrx_word' id='word_1_656' title='bbox 1842 4369 2256 4428; x_wconf 61' lang='lat' dir='ltr'><strong>VARI-\NTES.</strong></span> 
     </span>
    </p>
   </div>
   <div class='ocr_carea' id='block_1_85' title="bbox 238 4457 1303 4521">
    <p class='ocr_par' dir='ltr' id='par_1_85' title="bbox 238 4457 1303 4521">
     <span class='ocr_line' id='line_1_85' title="bbox 238 4457 1303 4521; baseline 0.004 -13"><span class='ocrx_word' id='word_1_657' title='bbox 238 4459 317 4521; x_wconf 87' lang='grc' dir='ltr'><strong>(ι)</strong></span> <span class='ocrx_word' id='word_1_658' title='bbox 341 4457 546 4521; x_wconf 81' lang='lat' dir='ltr'><strong>Quidem</strong></span> <span class='ocrx_word' id='word_1_659' title='bbox 572 4459 640 4509; x_wconf 90' lang='lat' dir='ltr'><strong>illi</strong></span> <span class='ocrx_word' id='word_1_660' title='bbox 667 4459 818 4510; x_wconf 82' lang='lat' dir='ltr'><strong>Seml.</strong></span> <span class='ocrx_word' id='word_1_661' title='bbox 843 4459 907 4509; x_wconf 87' lang='lat' dir='ltr'><strong>illi</strong></span> <span class='ocrx_word' id='word_1_662' title='bbox 935 4475 1023 4512; x_wconf 90' lang='lat' dir='ltr'><strong>ms.</strong></span> <span class='ocrx_word' id='word_1_663' title='bbox 1058 4463 1303 4512; x_wconf 79' lang='lat' dir='ltr'><strong>Wouwer.</strong></span> 
     </span>
    </p>
   </div>
   <div class='ocr_carea' id='block_1_86' title="bbox 242 4520 1647 4589">
    <p class='ocr_par' dir='ltr' id='par_1_86' title="bbox 242 4520 1647 4589">
     <span class='ocr_line' id='line_1_86' title="bbox 242 4520 1647 4589; baseline 0.003 -19"><span class='ocrx_word' id='word_1_664' title='bbox 242 4521 316 4589; x_wconf 60' lang='grc' dir='ltr'><strong>(ξ)</strong></span> <span class='ocrx_word' id='word_1_665' title='bbox 339 4520 530 4589; x_wconf 61' lang='lat' dir='ltr'><strong>panicii</strong></span> <span class='ocrx_word' id='word_1_666' title='bbox 557 4523 604 4589; x_wconf 86' lang='lat' dir='ltr'><strong>i_n</strong></span> <span class='ocrx_word' id='word_1_667' title='bbox 628 4534 788 4583; x_wconf 81' lang='lat' dir='ltr'><strong>sacra,</strong></span> <span class='ocrx_word' id='word_1_668' title='bbox 816 4525 919 4589; x_wconf 59' lang='lat' dir='ltr'><strong>Litt.</strong></span> <span class='ocrx_word' id='word_1_669' title='bbox 939 4523 1121 4589; x_wconf 80' lang='lat' dir='ltr'><strong>Daniel</strong></span> <span class='ocrx_word' id='word_1_670' title='bbox 1140 4525 1290 4574; x_wconf 79' lang='lat' dir='ltr'><strong>Seml.</strong></span> <span class='ocrx_word' id='word_1_671' title='bbox 1312 4526 1360 4574; x_wconf 90' lang='lat' dir='ltr'><strong>in</strong></span> <span class='ocrx_word' id='word_1_672' title='bbox 1379 4524 1483 4574; x_wconf 87' lang='lat' dir='ltr'><strong>lacu</strong></span> <span class='ocrx_word' id='word_1_673' title='bbox 1507 4526 1647 4589; x_wconf 81' lang='lat' dir='ltr'><strong>Leop.</strong></span> 
     </span>
    </p>
   </div>
   <div class='ocr_carea' id='block_1_87' title="bbox 241 4582 1236 4649">
    <p class='ocr_par' dir='ltr' id='par_1_87' title="bbox 241 4582 1236 4649">
     <span class='ocr_line' id='line_1_87' title="bbox 241 4582 1236 4649; baseline -0.002 -13"><span class='ocrx_word' id='word_1_674' title='bbox 241 4582 321 4649; x_wconf 63' lang='grc' dir='ltr'><strong>(ξ)</strong></span> <span class='ocrx_word' id='word_1_675' title='bbox 342 4582 416 4649; x_wconf 36' lang='grc' dir='ltr'>ιιι,</span> <span class='ocrx_word' id='word_1_676' title='bbox 439 4583 617 4649; x_wconf 75' lang='lat' dir='ltr'><strong>Rigalt.</strong></span> <span class='ocrx_word' id='word_1_677' title='bbox 662 4593 713 4636; x_wconf 92' lang='lat' dir='ltr'><strong>tu</strong></span> <span class='ocrx_word' id='word_1_678' title='bbox 740 4582 793 4636; x_wconf 89' lang='lat' dir='ltr'><strong>et</strong></span> <span class='ocrx_word' id='word_1_679' title='bbox 814 4587 942 4636; x_wconf 87' lang='lat' dir='ltr'><strong>lilius</strong></span> <span class='ocrx_word' id='word_1_680' title='bbox 965 4592 1076 4636; x_wconf 90' lang='lat' dir='ltr'><strong>tuus</strong></span> <span class='ocrx_word' id='word_1_681' title='bbox 1096 4588 1236 4649; x_wconf 72' lang='lat' dir='ltr'><strong>Leon.</strong></span> 
     </span>
    </p>
   </div>
   <div class='ocr_carea' id='block_1_88' title="bbox 266 4645 679 4708">
    <p class='ocr_par' dir='ltr' id='par_1_88' title="bbox 266 4645 679 4708">
     <span class='ocr_line' id='line_1_88' title="bbox 266 4645 679 4708; baseline 0.012 -14"><span class='ocrx_word' id='word_1_682' title='bbox 266 4645 316 4708; x_wconf 65' lang='lat'><strong>4)</strong></span> <span class='ocrx_word' id='word_1_683' title='bbox 338 4645 516 4708; x_wconf 79' lang='lat' dir='ltr'><strong>Sobrie</strong></span> <span class='ocrx_word' id='word_1_684' title='bbox 536 4656 679 4698; x_wconf 85' lang='lat' dir='ltr'><strong>rran.</strong></span> 
     </span>
    </p>
   </div>
   <div class='ocr_carea' id='block_1_89' title="bbox 263 4707 620 4770">
    <p class='ocr_par' dir='ltr' id='par_1_89' title="bbox 263 4707 620 4770">
     <span class='ocr_line' id='line_1_89' title="bbox 263 4707 620 4770; baseline 0.011 -14"><span class='ocrx_word' id='word_1_685' title='bbox 263 4707 318 4770; x_wconf 81' lang='lat'><strong>5)</strong></span> <span class='ocrx_word' id='word_1_686' title='bbox 336 4707 488 4768; x_wconf 77' lang='lat' dir='ltr'><strong>Quam</strong></span> <span class='ocrx_word' id='word_1_687' title='bbox 520 4709 620 4760; x_wconf 85' lang='lat' dir='ltr'><strong>Lat.</strong></span> 
     </span>
    </p>
   </div>
   <div class='ocr_carea' id='block_1_90' title="bbox 1802 4696 1856 4756">
    <p class='ocr_par' dir='ltr' id='par_1_90' title="bbox 1802 4696 1856 4756">
     <span class='ocr_line' id='line_1_90' title="bbox 1802 4696 1856 4756; baseline 0 0"><span class='ocrx_word' id='word_1_688' title='bbox 1802 4696 1856 4756; x_wconf 89' lang='lat' dir='ltr'><strong>D</strong></span> 
     </span>
    </p>
   </div>
   <div class='ocr_carea' id='block_1_91' title="bbox 1947 4460 2751 4526">
    <p class='ocr_par' dir='ltr' id='par_1_91' title="bbox 1947 4460 2751 4526">
     <span class='ocr_line' id='line_1_91' title="bbox 1947 4460 2751 4526; baseline 0.005 -16"><span class='ocrx_word' id='word_1_689' title='bbox 1947 4463 2021 4526; x_wconf 85' lang='grc' dir='ltr'><strong>(ϐ)</strong></span> <span class='ocrx_word' id='word_1_690' title='bbox 2047 4462 2228 4526; x_wconf 59' lang='lat' dir='ltr'><strong>Probat</strong></span> <span class='ocrx_word' id='word_1_691' title='bbox 2251 4460 2401 4512; x_wconf 82' lang='lat' dir='ltr'><strong>Seml.</strong></span> <span class='ocrx_word' id='word_1_692' title='bbox 2425 4464 2599 4526; x_wconf 85' lang='lat' dir='ltr'><strong>probet</strong></span> <span class='ocrx_word' id='word_1_693' title='bbox 2624 4465 2751 4516; x_wconf 83' lang='lat' dir='ltr'><strong>Jun.</strong></span> 
     </span>
    </p>
   </div>
   <div class='ocr_carea' id='block_1_92' title="bbox 1955 4524 2478 4583">
    <p class='ocr_par' dir='ltr' id='par_1_92' title="bbox 1955 4524 2478 4583">
     <span class='ocr_line' id='line_1_92' title="bbox 1955 4524 2478 4583; baseline 0.002 -9"><span class='ocrx_word' id='word_1_694' title='bbox 1955 4524 2030 4583; x_wconf 81' lang='lat'><strong>(&#39;7)</strong></span> <span class='ocrx_word' id='word_1_695' title='bbox 2055 4524 2302 4575; x_wconf 86' lang='lat' dir='ltr'><strong>Orandutn</strong></span> <span class='ocrx_word' id='word_1_696' title='bbox 2325 4524 2478 4576; x_wconf 73' lang='lat' dir='ltr'><strong>Santi.</strong></span> 
     </span>
    </p>
   </div>
   <div class='ocr_carea' id='block_1_93' title="bbox 1966 4587 2433 4649">
    <p class='ocr_par' dir='ltr' id='par_1_93' title="bbox 1966 4587 2433 4649">
     <span class='ocr_line' id='line_1_93' title="bbox 1966 4587 2433 4649; baseline 0 -14"><span class='ocrx_word' id='word_1_697' title='bbox 1966 4589 2013 4649; x_wconf 85' lang='lat'><strong>8)</strong></span> <span class='ocrx_word' id='word_1_698' title='bbox 2043 4587 2260 4637; x_wconf 80' lang='lat' dir='ltr'><strong>Aliarum</strong></span> <span class='ocrx_word' id='word_1_699' title='bbox 2285 4587 2433 4637; x_wconf 77' lang='lat' dir='ltr'><strong>Seml.</strong></span> 
     </span>
    </p>
   </div>
   <div class='ocr_carea' id='block_1_94' title="bbox 1968 4650 2583 4713">
    <p class='ocr_par' dir='ltr' id='par_1_94' title="bbox 1968 4650 2583 4713">
     <span class='ocr_line' id='line_1_94' title="bbox 1968 4650 2583 4713; baseline 0.005 -17"><span class='ocrx_word' id='word_1_700' title='bbox 1968 4652 2020 4713; x_wconf 67' lang='grc' dir='ltr'><strong>ι»)</strong></span> <span class='ocrx_word' id='word_1_701' title='bbox 2046 4653 2150 4710; x_wconf 83' lang='lat' dir='ltr'><strong>Qua</strong></span> <span class='ocrx_word' id='word_1_702' title='bbox 2179 4659 2231 4700; x_wconf 94' lang='lat' dir='ltr'><strong>et</strong></span> <span class='ocrx_word' id='word_1_703' title='bbox 2251 4650 2358 4700; x_wconf 79' lang='lat' dir='ltr'><strong>cod.</strong></span> <span class='ocrx_word' id='word_1_704' title='bbox 2397 4651 2583 4702; x_wconf 85' lang='lat' dir='ltr'><strong>Wontr.</strong></span> 
     </span>
    </p>
   </div>
   <div class='ocr_carea' id='block_1_95' title="bbox 1536 4795 2096 4853">
    <p class='ocr_par' dir='ltr' id='par_1_95' title="bbox 1536 4795 2096 4853">
     <span class='ocr_line' id='line_1_95' title="bbox 1536 4795 2096 4853; baseline -0.002 0"><span class='ocrx_word' id='word_1_705' title='bbox 1536 4795 2096 4853; x_wconf 68' lang='lat' dir='ltr'><strong>COMMENTARIUS.</strong></span> 
     </span>
    </p>
   </div>
   <div class='ocr_carea' id='block_1_96' title="bbox 247 4887 1777 4962">
    <p class='ocr_par' dir='ltr' id='par_1_96' title="bbox 247 4887 1777 4962">
     <span class='ocr_line' id='line_1_96' title="bbox 247 4887 1777 4962; baseline 0.003 -20"><span class='ocrx_word' id='word_1_706' title='bbox 247 4887 326 4960; x_wconf 85' lang='lat' dir='ltr'><strong>(a)</strong></span> <span class='ocrx_word' id='word_1_707' title='bbox 365 4887 567 4962; x_wconf 13' lang='lat' dir='ltr'><strong>Eli/acc</strong></span> <span class='ocrx_word' id='word_1_708' title='bbox 590 4901 756 4946; x_wconf 72' lang='lat' dir='ltr'><strong>autem</strong></span> <span class='ocrx_word' id='word_1_709' title='bbox 783 4894 1026 4946; x_wconf 82' lang='lat' dir='ltr'><strong>strictura</strong></span> <span class='ocrx_word' id='word_1_710' title='bbox 1065 4901 1211 4961; x_wconf 85' lang='lat' dir='ltr'><strong>potus</strong></span> <span class='ocrx_word' id='word_1_711' title='bbox 1254 4891 1581 4962; x_wconf 74' lang='lat' dir='ltr'><strong>xeroplmgite</strong></span> <span class='ocrx_word' id='word_1_712' title='bbox 1611 4897 1777 4962; x_wconf 83' lang='lat' dir='ltr'><strong>portio</strong></span> 
     </span>
    </p>
   </div>
   <div class='ocr_carea' id='block_1_97' title="bbox 169 4961 1773 5033">
    <p class='ocr_par' dir='ltr' id='par_1_97' title="bbox 169 4961 1773 5033">
     <span class='ocr_line' id='line_1_97' title="bbox 169 4961 1773 5033; baseline 0.001 -17"><span class='ocrx_word' id='word_1_713' title='bbox 169 4971 294 5033; x_wconf 77' lang='lat' dir='ltr'><strong>est._</strong></span> <span class='ocrx_word' id='word_1_714' title='bbox 316 4962 405 5016; x_wconf 83' lang='lat' dir='ltr'><strong>Ait</strong></span> <span class='ocrx_word' id='word_1_715' title='bbox 431 4961 739 5032; x_wconf 78' lang='lat' dir='ltr'><strong>Septimius,</strong></span> <span class='ocrx_word' id='word_1_716' title='bbox 774 4964 874 5017; x_wconf 89' lang='lat' dir='ltr'><strong>hac</strong></span> <span class='ocrx_word' id='word_1_717' title='bbox 896 4963 1062 5017; x_wconf 89' lang='lat' dir='ltr'><strong>l&#39;orma</strong></span> <span class='ocrx_word' id='word_1_718' title='bbox 1095 4973 1248 5032; x_wconf 87' lang='lat' dir='ltr'><strong>potus</strong></span> <span class='ocrx_word' id='word_1_719' title='bbox 1276 4961 1579 5033; x_wconf 83' lang='lat' dir='ltr'><strong>perstricta,</strong></span> <span class='ocrx_word' id='word_1_720' title='bbox 1613 4961 1773 5020; x_wconf 89' lang='lat' dir='ltr'><strong>etiam</strong></span> 
     </span>
    </p>
   </div>
   <div class='ocr_carea' id='block_1_98' title="bbox 173 5030 1182 5157">
    <p class='ocr_par' dir='ltr' id='par_1_98' title="bbox 173 5030 1182 5157">
     <span class='ocr_line' id='line_1_98' title="bbox 173 5030 1182 5105; baseline 0.001 -21"><span class='ocrx_word' id='word_1_721' title='bbox 173 5030 392 5086; x_wconf 79' lang='lat' dir='ltr'><strong>aridum</strong></span> <span class='ocrx_word' id='word_1_722' title='bbox 493 5030 672 5087; x_wconf 80' lang='lat' dir='ltr'><strong>bulum</strong></span> <span class='ocrx_word' id='word_1_723' title='bbox 700 5035 1007 5105; x_wconf 75' lang='lat' dir='ltr'><strong>signiﬁcari.</strong></span> <span class='ocrx_word' id='word_1_724' title='bbox 1036 5030 1182 5090; x_wconf 75' lang='grc' dir='ltr'><strong>Βισ..</strong></span> 
     </span>
     <span class='ocr_line' id='line_1_99' title="bbox 245 5048 1166 5157; baseline 0.001 -1"><span class='ocrx_word' id='word_1_725' title='bbox 245 5099 401 5157; x_wconf 80' lang='lat' dir='ltr'><strong>CAP.</strong></span> <span class='ocrx_word' id='word_1_726' title='bbox 531 5134 601 5143; x_wconf 94' lang='lat'>—</span> <span class='ocrx_word' id='word_1_727' title='bbox 631 5103 712 5157; x_wconf 80' lang='lat' dir='ltr'><strong>ib)</strong></span> <span class='ocrx_word' id='word_1_728' title='bbox 740 5103 912 5157; x_wconf 62' lang='lat' dir='ltr'><strong>Afr/ue</strong></span> <span class='ocrx_word' id='word_1_729' title='bbox 929 5107 1166 5157; x_wconf 73' lang='lat' dir='ltr'><strong>stationes</strong></span> 
     </span>
    </p>
   </div>
   <div class='ocr_carea' id='block_1_99' title="bbox 245 5099 1774 5176">
    <p class='ocr_par' dir='ltr' id='par_1_99' title="bbox 245 5099 1774 5176">
     <span class='ocr_line' id='line_1_100' title="bbox 245 5099 1774 5176; baseline 0.001 -20"><span class='ocrx_word' id='word_1_730' title='bbox 245 5099 501 5176; x_wconf 81' lang='lat' dir='ltr'><strong>CAP._X.</strong></span> <span class='ocrx_word' id='word_1_731' title='bbox 531 5134 603 5176; x_wconf 59' lang='grc' dir='ltr'><strong>-έ</strong></span> <span class='ocrx_word' id='word_1_732' title='bbox 631 5103 712 5175; x_wconf 88' lang='lat' dir='ltr'><strong>(b)</strong></span> <span class='ocrx_word' id='word_1_733' title='bbox 740 5099 912 5169; x_wconf 58' lang='lat' dir='ltr'><strong>Hique</strong></span> <span class='ocrx_word' id='word_1_734' title='bbox 929 5107 1166 5160; x_wconf 73' lang='lat' dir='ltr'><strong>stationes</strong></span> <span class='ocrx_word' id='word_1_735' title='bbox 1190 5115 1407 5169; x_wconf 86' lang='lat' dir='ltr'><strong>nostras,</strong></span> <span class='ocrx_word' id='word_1_736' title='bbox 1445 5115 1499 5159; x_wconf 80' lang='lat' dir='ltr'><strong>ut</strong></span> <span class='ocrx_word' id='word_1_737' title='bbox 1522 5107 1774 5176; x_wconf 83' lang='lat' dir='ltr'><strong>indignus.</strong></span> 
     </span>
    </p>
   </div>
   <div class='ocr_carea' id='block_1_100' title="bbox 168 5171 1782 5248">
    <p class='ocr_par' dir='ltr' id='par_1_100' title="bbox 168 5171 1782 5248">
     <span class='ocr_line' id='line_1_101' title="bbox 168 5171 1782 5248; baseline 0.002 -21"><span class='ocrx_word' id='word_1_738' title='bbox 168 5171 381 5248; x_wconf 71' lang='lat' dir='ltr'><strong>Sensus</strong></span> <span class='ocrx_word' id='word_1_739' title='bbox 395 5171 643 5248; x_wconf 82' lang='lat' dir='ltr'><strong>Auctoris</strong></span> <span class='ocrx_word' id='word_1_740' title='bbox 663 5171 860 5231; x_wconf 80' lang='lat' dir='ltr'><strong>evincit</strong></span> <span class='ocrx_word' id='word_1_741' title='bbox 884 5176 1185 5243; x_wconf 77' lang='lat' dir='ltr'><strong>legendum,</strong></span> <span class='ocrx_word' id='word_1_742' title='bbox 1209 5177 1442 5232; x_wconf 81' lang='lat' dir='ltr'><strong>indictos.</strong></span> <span class='ocrx_word' id='word_1_743' title='bbox 1471 5188 1524 5229; x_wconf 91' lang='lat' dir='ltr'><strong>ut</strong></span> <span class='ocrx_word' id='word_1_744' title='bbox 1546 5187 1600 5231; x_wconf 89' lang='lat' dir='ltr'><strong>et</strong></span> <span class='ocrx_word' id='word_1_745' title='bbox 1625 5171 1782 5248; x_wconf 77' lang='lat' dir='ltr'><strong>paulo</strong></span> 
     </span>
    </p>
   </div>
   <div class='ocr_carea' id='block_1_101' title="bbox 167 5243 1782 5318">
    <p class='ocr_par' dir='ltr' id='par_1_101' title="bbox 167 5243 1782 5318">
     <span class='ocr_line' id='line_1_102' title="bbox 167 5243 1782 5318; baseline 0.007 -26"><span class='ocrx_word' id='word_1_746' title='bbox 167 5255 323 5318; x_wconf 72' lang='lat' dir='ltr'><strong>post:</strong></span> <span class='ocrx_word' id='word_1_747' title='bbox 342 5243 447 5318; x_wconf 74' lang='lat' dir='ltr'><strong>Sed</strong></span> <span class='ocrx_word' id='word_1_748' title='bbox 466 5247 600 5318; x_wconf 74' lang='lat' dir='ltr'><strong>quod</strong></span> <span class='ocrx_word' id='word_1_749' title='bbox 629 5248 872 5310; x_wconf 72' lang='lat' dir='ltr'><strong>pertineat</strong></span> <span class='ocrx_word' id='word_1_750' title='bbox 886 5248 954 5300; x_wconf 85' lang='lat' dir='ltr'><strong>ad</strong></span> <span class='ocrx_word' id='word_1_751' title='bbox 978 5248 1266 5300; x_wconf 87' lang='lat' dir='ltr'><strong>indictionis</strong></span> <span class='ocrx_word' id='word_1_752' title='bbox 1286 5243 1638 5316; x_wconf 47' lang='lat' dir='ltr'><strong>quaestionem:</strong></span> <span class='ocrx_word' id='word_1_753' title='bbox 1658 5249 1782 5318; x_wconf 79' lang='lat' dir='ltr'><strong>Psy-</strong></span> 
     </span>
    </p>
   </div>
   <div class='ocr_carea' id='block_1_102' title="bbox 165 5315 1777 5384">
    <p class='ocr_par' dir='ltr' id='par_1_102' title="bbox 165 5315 1777 5384">
     <span class='ocr_line' id='line_1_103' title="bbox 165 5315 1777 5384; baseline 0.001 -16"><span class='ocrx_word' id='word_1_754' title='bbox 165 5315 343 5375; x_wconf 84' lang='lat' dir='ltr'><strong>chici,</strong></span> <span class='ocrx_word' id='word_1_755' title='bbox 375 5316 574 5384; x_wconf 91' lang='lat' dir='ltr'><strong>inquit.</strong></span> <span class='ocrx_word' id='word_1_756' title='bbox 603 5320 859 5373; x_wconf 66' lang='lat' dir='ltr'><strong>stationes</strong></span> <span class='ocrx_word' id='word_1_757' title='bbox 897 5315 1406 5379; x_wconf 67' lang='lat' dir='ltr'><strong>nostrasaecus&#39;int.</strong></span> <span class='ocrx_word' id='word_1_758' title='bbox 1443 5328 1498 5371; x_wconf 92' lang='lat' dir='ltr'><strong>ut</strong></span> <span class='ocrx_word' id='word_1_759' title='bbox 1526 5315 1777 5384; x_wconf 51' lang='lat' dir='ltr'><strong>indit-tas,</strong></span> 
     </span>
    </p>
   </div>
   <div class='ocr_carea' id='block_1_103' title="bbox 167 5389 1780 5459">
    <p class='ocr_par' dir='ltr' id='par_1_103' title="bbox 167 5389 1780 5459">
     <span class='ocr_line' id='line_1_104' title="bbox 167 5389 1780 5459; baseline 0.006 -23"><span class='ocrx_word' id='word_1_760' title='bbox 167 5396 227 5437; x_wconf 71' lang='lat' dir='ltr'><strong>vt</strong></span> <span class='ocrx_word' id='word_1_761' title='bbox 259 5389 503 5459; x_wconf 80' lang='lat' dir='ltr'><strong>inserqu</strong></span> <span class='ocrx_word' id='word_1_762' title='bbox 530 5391 867 5443; x_wconf 73' lang='lat' dir='ltr'><strong>constitutas.</strong></span> <span class='ocrx_word' id='word_1_763' title='bbox 899 5401 1058 5458; x_wconf 87' lang='lat' dir='ltr'><strong>atque</strong></span> <span class='ocrx_word' id='word_1_764' title='bbox 1079 5391 1179 5444; x_wconf 88' lang='lat' dir='ltr'><strong>hoc</strong></span> <span class='ocrx_word' id='word_1_765' title='bbox 1201 5405 1393 5443; x_wconf 89' lang='lat' dir='ltr'><strong>munus</strong></span> <span class='ocrx_word' id='word_1_766' title='bbox 1421 5389 1632 5459; x_wconf 77' lang='lat' dir='ltr'><strong>quidem</strong></span> <span class='ocrx_word' id='word_1_767' title='bbox 1663 5408 1780 5446; x_wconf 82' lang='lat' dir='ltr'><strong>esse</strong></span> 
     </span>
    </p>
   </div>
   <div class='ocr_carea' id='block_1_104' title="bbox 167 5457 1775 5524">
    <p class='ocr_par' dir='ltr' id='par_1_104' title="bbox 167 5457 1775 5524">
     <span class='ocr_line' id='line_1_105' title="bbox 167 5457 1775 5524; baseline 0.002 -12"><span class='ocrx_word' id='word_1_768' title='bbox 167 5474 280 5512; x_wconf 82' lang='lat' dir='ltr'><strong>non</strong></span> <span class='ocrx_word' id='word_1_769' title='bbox 329 5457 712 5520; x_wconf 84' lang='lat' dir='ltr'><strong>imliscendnm.</strong></span> <span class='ocrx_word' id='word_1_770' title='bbox 743 5461 836 5514; x_wconf 86' lang='lat' dir='ltr'><strong>sed</strong></span> <span class='ocrx_word' id='word_1_771' title='bbox 864 5476 927 5514; x_wconf 83' lang='lat' dir='ltr'><strong>ex</strong></span> <span class='ocrx_word' id='word_1_772' title='bbox 970 5461 1190 5514; x_wconf 87' lang='lat' dir='ltr'><strong>arbitrio</strong></span> <span class='ocrx_word' id='word_1_773' title='bbox 1215 5457 1551 5524; x_wconf 82' lang='lat' dir='ltr'><strong>obeundum;</strong></span> <span class='ocrx_word' id='word_1_774' title='bbox 1585 5471 1637 5514; x_wconf 90' lang='lat' dir='ltr'><strong>et</strong></span> <span class='ocrx_word' id='word_1_775' title='bbox 1672 5477 1775 5516; x_wconf 91' lang='lat' dir='ltr'><strong>non</strong></span> 
     </span>
    </p>
   </div>
   <div class='ocr_carea' id='block_1_105' title="bbox 173 5531 1775 5592">
    <p class='ocr_par' dir='ltr' id='par_1_105' title="bbox 173 5531 1775 5592">
     <span class='ocr_line' id='line_1_106' title="bbox 173 5531 1775 5592; baseline 0.004 -11"><span class='ocrx_word' id='word_1_776' title='bbox 173 5531 228 5581; x_wconf 90' lang='lat' dir='ltr'><strong>in</strong></span> <span class='ocrx_word' id='word_1_777' title='bbox 264 5544 442 5582; x_wconf 86' lang='lat' dir='ltr'><strong>serum</strong></span> <span class='ocrx_word' id='word_1_778' title='bbox 496 5531 772 5592; x_wconf 88' lang='lat' dir='ltr'><strong>constitui.</strong></span> <span class='ocrx_word' id='word_1_779' title='bbox 811 5531 904 5586; x_wconf 91' lang='lat' dir='ltr'><strong>sed</strong></span> <span class='ocrx_word' id='word_1_780' title='bbox 953 5531 1020 5585; x_wconf 92' lang='lat' dir='ltr'><strong>ad</strong></span> <span class='ocrx_word' id='word_1_781' title='bbox 1065 5546 1258 5586; x_wconf 90' lang='lat' dir='ltr'><strong>nonam</strong></span> <span class='ocrx_word' id='word_1_782' title='bbox 1304 5532 1476 5585; x_wconf 90' lang='lat' dir='ltr'><strong>dirimi</strong></span> <span class='ocrx_word' id='word_1_783' title='bbox 1517 5533 1775 5587; x_wconf 76' lang='lat' dir='ltr'><strong>statioxtes</strong></span> 
     </span>
    </p>
   </div>
   <div class='ocr_carea' id='block_1_106' title="bbox 165 5599 900 5656">
    <p class='ocr_par' dir='ltr' id='par_1_106' title="bbox 165 5599 900 5656">
     <span class='ocr_line' id='line_1_107' title="bbox 165 5599 900 5656; baseline 0.001 -3"><span class='ocrx_word' id='word_1_784' title='bbox 165 5599 372 5653; x_wconf 81' lang='lat' dir='ltr'><strong>debere</strong></span> <span class='ocrx_word' id='word_1_785' title='bbox 399 5601 747 5656; x_wconf 74' lang='lat' dir='ltr'><strong>t&#39;tmlelldlllil.</strong></span> <span class='ocrx_word' id='word_1_786' title='bbox 779 5601 900 5656; x_wconf 76' lang='lat' dir='ltr'><strong>Rm.</strong></span> 
     </span>
    </p>
   </div>
   <div class='ocr_carea' id='block_1_107' title="bbox 247 5671 1776 5743">
    <p class='ocr_par' dir='ltr' id='par_1_107' title="bbox 247 5671 1776 5743">
     <span class='ocr_line' id='line_1_108' title="bbox 247 5671 1776 5743; baseline -0.001 -19"><span class='ocrx_word' id='word_1_787' title='bbox 247 5671 322 5740; x_wconf 86' lang='lat' dir='ltr'><strong>(c)</strong></span> <span class='ocrx_word' id='word_1_788' title='bbox 364 5671 619 5743; x_wconf 75' lang='lat' dir='ltr'><strong>Stmiqncs</strong></span> <span class='ocrx_word' id='word_1_789' title='bbox 645 5683 842 5726; x_wconf 82' lang='lat' dir='ltr'><strong>nostras</strong></span> <span class='ocrx_word' id='word_1_790' title='bbox 885 5683 936 5725; x_wconf 85' lang='lat' dir='ltr'><strong>ut</strong></span> <span class='ocrx_word' id='word_1_791' title='bbox 978 5673 1234 5743; x_wconf 81' lang='lat' dir='ltr'><strong>indignas,</strong></span> <span class='ocrx_word' id='word_1_792' title='bbox 1260 5681 1364 5728; x_wconf 86' lang='lat' dir='ltr'><strong>etc.</strong></span> <span class='ocrx_word' id='word_1_793' title='bbox 1403 5673 1539 5726; x_wconf 74' lang='lat' dir='ltr'><strong>Dixit</strong></span> <span class='ocrx_word' id='word_1_794' title='bbox 1568 5674 1636 5728; x_wconf 87' lang='lat' dir='ltr'><strong>de</strong></span> <span class='ocrx_word' id='word_1_795' title='bbox 1666 5684 1776 5727; x_wconf 87' lang='lat' dir='ltr'><strong>sta-</strong></span> 
     </span>
    </p>
   </div>
   <div class='ocr_carea' id='block_1_108' title="bbox 173 5741 1774 5814">
    <p class='ocr_par' dir='ltr' id='par_1_108' title="bbox 173 5741 1774 5814">
     <span class='ocr_line' id='line_1_109' title="bbox 173 5741 1774 5814; baseline 0.005 -24"><span class='ocrx_word' id='word_1_796' title='bbox 173 5741 412 5814; x_wconf 68' lang='lat' dir='ltr'><strong>tionibus</strong></span> <span class='ocrx_word' id='word_1_797' title='bbox 440 5741 587 5807; x_wconf 83' lang='lat' dir='ltr'><strong>alibi,</strong></span> <span class='ocrx_word' id='word_1_798' title='bbox 617 5745 779 5798; x_wconf 84' lang='lat' dir='ltr'><strong>statio</strong></span> <span class='ocrx_word' id='word_1_799' title='bbox 803 5756 981 5797; x_wconf 80' lang='lat' dir='ltr'><strong>autem</strong></span> <span class='ocrx_word' id='word_1_800' title='bbox 1011 5761 1039 5796; x_wconf 89' lang='lat' dir='ltr'><strong>a</strong></span> <span class='ocrx_word' id='word_1_801' title='bbox 1063 5741 1274 5814; x_wconf 74' lang='lat' dir='ltr'><strong>jejunio</strong></span> <span class='ocrx_word' id='word_1_802' title='bbox 1303 5744 1499 5808; x_wconf 84' lang='lat' dir='ltr'><strong>dill‘ert,</strong></span> <span class='ocrx_word' id='word_1_803' title='bbox 1530 5747 1774 5813; x_wconf 87' lang='lat' dir='ltr'><strong>quamvis</strong></span> 
     </span>
    </p>
   </div>
   <div class='ocr_carea' id='block_1_109' title="bbox 169 5810 1776 5886">
    <p class='ocr_par' dir='ltr' id='par_1_109' title="bbox 169 5810 1776 5886">
     <span class='ocr_line' id='line_1_110' title="bbox 169 5810 1776 5886; baseline 0.004 -22"><span class='ocrx_word' id='word_1_804' title='bbox 169 5810 388 5886; x_wconf 89' lang='lat' dir='ltr'><strong>id_non</strong></span> <span class='ocrx_word' id='word_1_805' title='bbox 437 5813 710 5886; x_wconf 78' lang='lat' dir='ltr'><strong>existimet</strong></span> <span class='ocrx_word' id='word_1_806' title='bbox 762 5810 1232 5870; x_wconf 45' lang='lat' dir='ltr'><strong>Parneliustrat</strong></span> <span class='ocrx_word' id='word_1_807' title='bbox 1283 5817 1425 5869; x_wconf 90' lang='lat' dir='ltr'><strong>enim</strong></span> <span class='ocrx_word' id='word_1_808' title='bbox 1495 5810 1776 5886; x_wconf 68' lang='lat' dir='ltr'><strong>religiosus</strong></span> 
     </span>
    </p>
   </div>
   <div class='ocr_carea' id='block_1_110' title="bbox 167 5881 1775 5956">
    <p class='ocr_par' dir='ltr' id='par_1_110' title="bbox 167 5881 1775 5956">
     <span class='ocr_line' id='line_1_111' title="bbox 167 5881 1775 5956; baseline 0.004 -21"><span class='ocrx_word' id='word_1_809' title='bbox 167 5881 388 5946; x_wconf 87' lang='lat' dir='ltr'><strong>cultus,</strong></span> <span class='ocrx_word' id='word_1_810' title='bbox 421 5883 562 5953; x_wconf 88' lang='lat' dir='ltr'><strong>quod</strong></span> <span class='ocrx_word' id='word_1_811' title='bbox 616 5883 693 5956; x_wconf 84' lang='lat' dir='ltr'><strong>ad</strong></span> <span class='ocrx_word' id='word_1_812' title='bbox 726 5887 967 5956; x_wconf 75' lang='lat' dir='ltr'><strong>synaxim</strong></span> <span class='ocrx_word' id='word_1_813' title='bbox 1013 5887 1329 5940; x_wconf 74' lang='lat' dir='ltr'><strong>accedentes</strong></span> <span class='ocrx_word' id='word_1_814' title='bbox 1382 5881 1666 5941; x_wconf 73' lang='lat' dir='ltr'><strong>Christiani</strong></span> <span class='ocrx_word' id='word_1_815' title='bbox 1710 5886 1775 5941; x_wconf 89' lang='lat' dir='ltr'><strong>ad</strong></span> 
     </span>
    </p>
   </div>
   <div class='ocr_carea' id='block_1_111' title="bbox 177 5955 1777 6032">
    <p class='ocr_par' dir='ltr' id='par_1_111' title="bbox 177 5955 1777 6032">
     <span class='ocr_line' id='line_1_112' title="bbox 177 5955 1777 6032; baseline 0.004 -23"><span class='ocrx_word' id='word_1_816' title='bbox 177 5967 374 6010; x_wconf 88' lang='lat' dir='ltr'><strong>nouam</strong></span> <span class='ocrx_word' id='word_1_817' title='bbox 421 5970 588 6028; x_wconf 84' lang='lat' dir='ltr'><strong>usque</strong></span> <span class='ocrx_word' id='word_1_818' title='bbox 623 5955 826 6028; x_wconf 73' lang='lat' dir='ltr'><strong>jejunio</strong></span> <span class='ocrx_word' id='word_1_819' title='bbox 869 5957 1262 6030; x_wconf 85' lang='lat' dir='ltr'><strong>producebant,</strong></span> <span class='ocrx_word' id='word_1_820' title='bbox 1328 5958 1525 6032; x_wconf 79' lang='lat' dir='ltr'><strong>duplex</strong></span> <span class='ocrx_word' id='word_1_821' title='bbox 1580 5958 1777 6031; x_wconf 85' lang='lat' dir='ltr'><strong>quippe</strong></span> 
     </span>
    </p>
   </div>
   <div class='ocr_carea' id='block_1_112' title="bbox 1881 4893 3485 4972">
    <p class='ocr_par' dir='ltr' id='par_1_112' title="bbox 1881 4893 3485 4972">
     <span class='ocr_line' id='line_1_113' title="bbox 1881 4893 3485 4972; baseline 0.009 -28"><span class='ocrx_word' id='word_1_822' title='bbox 1881 4902 1993 4972; x_wconf 70' lang='lat' dir='ltr'><strong>erat</strong></span> <span class='ocrx_word' id='word_1_823' title='bbox 2013 4893 2446 4972; x_wconf 75' lang='lat' dir='ltr'><strong>olimjojnnimn,</strong></span> <span class='ocrx_word' id='word_1_824' title='bbox 2477 4894 2703 4972; x_wconf 85' lang='lat' dir='ltr'><strong>alterum</strong></span> <span class='ocrx_word' id='word_1_825' title='bbox 2729 4898 2869 4970; x_wconf 89' lang='lat' dir='ltr'><strong>quod</strong></span> <span class='ocrx_word' id='word_1_826' title='bbox 2887 4899 2950 4954; x_wconf 90' lang='lat' dir='ltr'><strong>ad</strong></span> <span class='ocrx_word' id='word_1_827' title='bbox 2976 4915 3250 4972; x_wconf 85' lang='lat' dir='ltr'><strong>vesperam</strong></span> <span class='ocrx_word' id='word_1_828' title='bbox 3282 4910 3485 4958; x_wconf 71' lang='lat' dir='ltr'><strong>Lautum</strong></span> 
     </span>
    </p>
   </div>
   <div class='ocr_carea' id='block_1_113' title="bbox 1885 4965 3488 5040">
    <p class='ocr_par' dir='ltr' id='par_1_113' title="bbox 1885 4965 3488 5040">
     <span class='ocr_line' id='line_1_114' title="bbox 1885 4965 3488 5040; baseline 0.006 -23"><span class='ocrx_word' id='word_1_829' title='bbox 1885 4965 2186 5040; x_wconf 79' lang='lat' dir='ltr'><strong>liniebatnr.</strong></span> <span class='ocrx_word' id='word_1_830' title='bbox 2242 4967 2401 5035; x_wconf 91' lang='lat' dir='ltr'><strong>quale</strong></span> <span class='ocrx_word' id='word_1_831' title='bbox 2427 4978 2541 5020; x_wconf 87' lang='lat' dir='ltr'><strong>erat</strong></span> <span class='ocrx_word' id='word_1_832' title='bbox 2569 4965 3027 5040; x_wconf 80' lang='lat' dir='ltr'><strong>quadragesitmtle</strong></span> <span class='ocrx_word' id='word_1_833' title='bbox 3058 4965 3086 5024; x_wconf 76' lang='grc' dir='ltr'><strong>ε’</strong></span> <span class='ocrx_word' id='word_1_834' title='bbox 3103 4974 3329 5028; x_wconf 88' lang='lat' dir='ltr'><strong>alterum</strong></span> <span class='ocrx_word' id='word_1_835' title='bbox 3360 4991 3488 5030; x_wconf 82' lang='lat' dir='ltr'><strong>vero</strong></span> 
     </span>
    </p>
   </div>
   <div class='ocr_carea' id='block_1_114' title="bbox 1882 5036 3488 5115">
    <p class='ocr_par' dir='ltr' id='par_1_114' title="bbox 1882 5036 3488 5115">
     <span class='ocr_line' id='line_1_115' title="bbox 1882 5036 3488 5115; baseline 0.009 -28"><span class='ocrx_word' id='word_1_836' title='bbox 1882 5036 2120 5115; x_wconf 77' lang='lat' dir='ltr'><strong>quodad</strong></span> <span class='ocrx_word' id='word_1_837' title='bbox 2152 5051 2342 5115; x_wconf 76' lang='lat' dir='ltr'><strong>nonam</strong></span> <span class='ocrx_word' id='word_1_838' title='bbox 2376 5047 2577 5115; x_wconf 78' lang='lat' dir='ltr'><strong>tantum</strong></span> <span class='ocrx_word' id='word_1_839' title='bbox 2610 5036 3340 5115; x_wconf 63' lang='lat' dir='ltr'><strong>prorogabatur,eujusnuuli</strong></span> <span class='ocrx_word' id='word_1_840' title='bbox 3369 5055 3488 5101; x_wconf 85' lang='lat' dir='ltr'><strong>erat</strong></span> 
     </span>
    </p>
   </div>
   <div class='ocr_carea' id='block_1_115' title="bbox 1880 5107 3486 5177">
    <p class='ocr_par' dir='ltr' id='par_1_115' title="bbox 1880 5107 3486 5177">
     <span class='ocr_line' id='line_1_116' title="bbox 1880 5107 3486 5177; baseline 0.011 -22"><span class='ocrx_word' id='word_1_841' title='bbox 1880 5107 2138 5177; x_wconf 67' lang='lat' dir='ltr'><strong>jejunium</strong></span> <span class='ocrx_word' id='word_1_842' title='bbox 2192 5108 2333 5160; x_wconf 75' lang='lat' dir='ltr'><strong>feria:</strong></span> <span class='ocrx_word' id='word_1_843' title='bbox 2381 5109 2414 5160; x_wconf 73' lang='grc'><strong>4</strong></span> <span class='ocrx_word' id='word_1_844' title='bbox 2459 5119 2511 5161; x_wconf 92' lang='lat' dir='ltr'><strong>et</strong></span> <span class='ocrx_word' id='word_1_845' title='bbox 2541 5107 2721 5166; x_wconf 40' lang='lat' dir='ltr'><strong>tiallic</strong></span> <span class='ocrx_word' id='word_1_846' title='bbox 2775 5107 2956 5167; x_wconf 74' lang='lat' dir='ltr'><strong>autem</strong></span> <span class='ocrx_word' id='word_1_847' title='bbox 2986 5107 3332 5171; x_wconf 64' lang='lat' dir='ltr'><strong>)lorriattistas</strong></span> <span class='ocrx_word' id='word_1_848' title='bbox 3381 5133 3486 5172; x_wconf 91' lang='lat' dir='ltr'><strong>non</strong></span> 
     </span>
    </p>
   </div>
   <div class='ocr_carea' id='block_1_116' title="bbox 1889 5178 3489 5256">
    <p class='ocr_par' dir='ltr' id='par_1_116' title="bbox 1889 5178 3489 5256">
     <span class='ocr_line' id='line_1_117' title="bbox 1889 5178 3489 5256; baseline 0.008 -24"><span class='ocrx_word' id='word_1_849' title='bbox 1889 5195 2016 5256; x_wconf 64' lang='lat' dir='ltr'><strong>vero</strong></span> <span class='ocrx_word' id='word_1_850' title='bbox 2059 5178 2375 5256; x_wconf 55' lang='lat' dir='ltr'><strong>galbaneos</strong></span> <span class='ocrx_word' id='word_1_851' title='bbox 2401 5178 2710 5250; x_wconf 81' lang='lat' dir='ltr'><strong>impugnat,</strong></span> <span class='ocrx_word' id='word_1_852' title='bbox 2744 5183 2883 5253; x_wconf 87' lang='lat' dir='ltr'><strong>quod</strong></span> <span class='ocrx_word' id='word_1_853' title='bbox 2917 5200 3198 5256; x_wconf 89' lang='lat' dir='ltr'><strong>perperam</strong></span> <span class='ocrx_word' id='word_1_854' title='bbox 3257 5189 3489 5244; x_wconf 79' lang='lat' dir='ltr'><strong>asseruit</strong></span> 
     </span>
    </p>
   </div>
   <div class='ocr_carea' id='block_1_117' title="bbox 1893 5249 2435 5303">
    <p class='ocr_par' dir='ltr' id='par_1_117' title="bbox 1893 5249 2435 5303">
     <span class='ocr_line' id='line_1_118' title="bbox 1893 5249 2435 5303; baseline -0.004 -1"><span class='ocrx_word' id='word_1_855' title='bbox 1893 5249 2178 5302; x_wconf 75' lang='lat' dir='ltr'><strong>l’antciins.</strong></span> <span class='ocrx_word' id='word_1_856' title='bbox 2225 5249 2299 5303; x_wconf 71' lang='grc' dir='ltr'><strong>[ιε</strong></span> <span class='ocrx_word' id='word_1_857' title='bbox 2345 5249 2435 5302; x_wconf 75' lang='lat' dir='ltr'><strong>l‘n.</strong></span> 
     </span>
    </p>
   </div>
   <div class='ocr_carea' id='block_1_118' title="bbox 1959 5320 3482 5398">
    <p class='ocr_par' dir='ltr' id='par_1_118' title="bbox 1959 5320 3482 5398">
     <span class='ocr_line' id='line_1_119' title="bbox 1959 5320 3482 5398; baseline 0.012 -30"><span class='ocrx_word' id='word_1_858' title='bbox 1959 5320 2038 5398; x_wconf 75' lang='lat' dir='ltr'><strong>(tl)</strong></span> <span class='ocrx_word' id='word_1_859' title='bbox 2079 5320 2235 5398; x_wconf 56' lang='lat' dir='ltr'><strong>Serti:</strong></span> <span class='ocrx_word' id='word_1_860' title='bbox 2283 5321 2567 5398; x_wconf 75' lang='lat' dir='ltr'><strong>tliei_/iniri</strong></span> <span class='ocrx_word' id='word_1_861' title='bbox 2594 5323 2732 5398; x_wconf 60' lang='lat' dir='ltr'><strong>Julii:</strong></span> <span class='ocrx_word' id='word_1_862' title='bbox 2783 5327 2940 5396; x_wconf 71' lang='lat' dir='ltr'><strong>officio</strong></span> <span class='ocrx_word' id='word_1_863' title='bbox 2990 5330 3164 5398; x_wconf 75' lang='lat' dir='ltr'><strong>possit.</strong></span> <span class='ocrx_word' id='word_1_864' title='bbox 3217 5330 3328 5386; x_wconf 92' lang='lat' dir='ltr'><strong>lloc</strong></span> <span class='ocrx_word' id='word_1_865' title='bbox 3381 5341 3482 5398; x_wconf 82' lang='lat' dir='ltr'><strong>est,</strong></span> 
     </span>
    </p>
   </div>
   <div class='ocr_carea' id='block_1_119' title="bbox 1887 5391 2708 5460">
    <p class='ocr_par' dir='ltr' id='par_1_119' title="bbox 1887 5391 2708 5460">
     <span class='ocr_line' id='line_1_120' title="bbox 1887 5391 2708 5460; baseline 0.009 -21"><span class='ocrx_word' id='word_1_866' title='bbox 1887 5393 2159 5460; x_wconf 70' lang='lat' dir='ltr'><strong>pra-liniri,</strong></span> <span class='ocrx_word' id='word_1_867' title='bbox 2189 5391 2560 5447; x_wconf 82' lang='lat' dir='ltr'><strong>determinari.</strong></span> <span class='ocrx_word' id='word_1_868' title='bbox 2592 5393 2708 5448; x_wconf 64' lang='lat' dir='ltr'><strong>lito.</strong></span> 
     </span>
    </p>
   </div>
   <div class='ocr_carea' id='block_1_120' title="bbox 1956 5462 3485 5538">
    <p class='ocr_par' dir='ltr' id='par_1_120' title="bbox 1956 5462 3485 5538">
     <span class='ocr_line' id='line_1_121' title="bbox 1956 5462 3485 5538; baseline 0.01 -24"><span class='ocrx_word' id='word_1_869' title='bbox 1956 5464 2030 5532; x_wconf 82' lang='lat' dir='ltr'><strong>(c)</strong></span> <span class='ocrx_word' id='word_1_870' title='bbox 2075 5463 2199 5529; x_wconf 81' lang='lat' dir='ltr'><strong>Qua:</strong></span> <span class='ocrx_word' id='word_1_871' title='bbox 2229 5462 2423 5538; x_wconf 66' lang='lat' dir='ltr'><strong>publica</strong></span> <span class='ocrx_word' id='word_1_872' title='bbox 2442 5475 2696 5538; x_wconf 74' lang='lat' dir='ltr'><strong>resonant.</strong></span> <span class='ocrx_word' id='word_1_873' title='bbox 2724 5467 2862 5538; x_wconf 80' lang='lat' dir='ltr'><strong>Ergo</strong></span> <span class='ocrx_word' id='word_1_874' title='bbox 2886 5468 3126 5536; x_wconf 87' lang='lat' dir='ltr'><strong>Septimii</strong></span> <span class='ocrx_word' id='word_1_875' title='bbox 3147 5472 3344 5526; x_wconf 68' lang='lat' dir='ltr'><strong>saeculo</strong></span> <span class='ocrx_word' id='word_1_876' title='bbox 3374 5483 3485 5529; x_wconf 82' lang='lat' dir='ltr'><strong>tres</strong></span> 
     </span>
    </p>
   </div>
   <div class='ocr_carea' id='block_1_121' title="bbox 1882 5530 3480 5610">
    <p class='ocr_par' dir='ltr' id='par_1_121' title="bbox 1882 5530 3480 5610">
     <span class='ocr_line' id='line_1_122' title="bbox 1882 5530 3480 5610; baseline 0.008 -26"><span class='ocrx_word' id='word_1_877' title='bbox 1882 5530 2028 5610; x_wconf 61' lang='lat' dir='ltr'><strong>hora:</strong></span> <span class='ocrx_word' id='word_1_878' title='bbox 2075 5543 2282 5610; x_wconf 76' lang='lat' dir='ltr'><strong>tantum</strong></span> <span class='ocrx_word' id='word_1_879' title='bbox 2324 5536 2436 5610; x_wconf 74' lang='lat' dir='ltr'><strong>ista;</strong></span> <span class='ocrx_word' id='word_1_880' title='bbox 2475 5530 2822 5610; x_wconf 66' lang='lat' dir='ltr'><strong>insigniores</strong></span> <span class='ocrx_word' id='word_1_881' title='bbox 2860 5530 3071 5607; x_wconf 77' lang='lat' dir='ltr'><strong>publice</strong></span> <span class='ocrx_word' id='word_1_882' title='bbox 3133 5543 3480 5610; x_wconf 88' lang='lat' dir='ltr'><strong>resonabant,</strong></span> 
     </span>
    </p>
   </div>
   <div class='ocr_carea' id='block_1_122' title="bbox 1879 5604 3482 5683">
    <p class='ocr_par' dir='ltr' id='par_1_122' title="bbox 1879 5604 3482 5683">
     <span class='ocr_line' id='line_1_123' title="bbox 1879 5604 3482 5683; baseline 0 -27"><span class='ocrx_word' id='word_1_883' title='bbox 1879 5605 2182 5683; x_wconf 72' lang='lat' dir='ltr'><strong>sigtio_tlatti</strong></span> <span class='ocrx_word' id='word_1_884' title='bbox 2211 5604 2332 5683; x_wconf 71' lang='lat' dir='ltr'><strong>tuba</strong></span> <span class='ocrx_word' id='word_1_885' title='bbox 2354 5605 2432 5683; x_wconf 78' lang='lat' dir='ltr'><strong>vel</strong></span> <span class='ocrx_word' id='word_1_886' title='bbox 2452 5605 2823 5683; x_wconf 76' lang='lat' dir='ltr'><strong>tintimtalmlo.</strong></span> <span class='ocrx_word' id='word_1_887' title='bbox 2855 5604 3116 5683; x_wconf 57' lang='lat' dir='ltr'><strong>tia-terunt</strong></span> <span class='ocrx_word' id='word_1_888' title='bbox 3143 5615 3333 5683; x_wconf 75' lang='lat' dir='ltr'><strong>priscis</strong></span> <span class='ocrx_word' id='word_1_889' title='bbox 3353 5604 3482 5682; x_wconf 48' lang='grc' dir='ltr'><strong>Ηυξ</strong></span> 
     </span>
    </p>
   </div>
   <div class='ocr_carea' id='block_1_123' title="bbox 1882 5675 3482 5749">
    <p class='ocr_par' dir='ltr' id='par_1_123' title="bbox 1882 5675 3482 5749">
     <span class='ocr_line' id='line_1_124' title="bbox 1882 5675 3482 5749; baseline 0.009 -24"><span class='ocrx_word' id='word_1_890' title='bbox 1882 5689 1984 5743; x_wconf 81' lang='lat' dir='ltr'><strong>quo</strong></span> <span class='ocrx_word' id='word_1_891' title='bbox 2019 5675 2271 5749; x_wconf 62' lang='lat' dir='ltr'><strong>liotnatzis</strong></span> <span class='ocrx_word' id='word_1_892' title='bbox 2310 5675 2493 5749; x_wconf 82' lang='lat' dir='ltr'><strong>eadem</strong></span> <span class='ocrx_word' id='word_1_893' title='bbox 2524 5677 2626 5731; x_wconf 86' lang='lat' dir='ltr'><strong>diei</strong></span> <span class='ocrx_word' id='word_1_894' title='bbox 2660 5681 2826 5746; x_wconf 83' lang='lat' dir='ltr'><strong>spatia</strong></span> <span class='ocrx_word' id='word_1_895' title='bbox 2851 5681 3037 5749; x_wconf 68' lang='lat' dir='ltr'><strong>signilit</strong></span> <span class='ocrx_word' id='word_1_896' title='bbox 3059 5675 3345 5744; x_wconf 54' lang='lat' dir='ltr'><strong>ai&#39;i&#39;sitlita,</strong></span> <span class='ocrx_word' id='word_1_897' title='bbox 3369 5675 3482 5740; x_wconf 70' lang='grc' dir='ltr'><strong>ἐιυ-</strong></span> 
     </span>
    </p>
   </div>
   <div class='ocr_carea' id='block_1_124' title="bbox 1883 5745 3480 5822">
    <p class='ocr_par' dir='ltr' id='par_1_124' title="bbox 1883 5745 3480 5822">
     <span class='ocr_line' id='line_1_125' title="bbox 1883 5745 3480 5822; baseline 0.008 -25"><span class='ocrx_word' id='word_1_898' title='bbox 1883 5760 2046 5822; x_wconf 79' lang='lat' dir='ltr'><strong>censu</strong></span> <span class='ocrx_word' id='word_1_899' title='bbox 2075 5746 2158 5800; x_wconf 88' lang='lat' dir='ltr'><strong>ubi</strong></span> <span class='ocrx_word' id='word_1_900' title='bbox 2187 5745 2706 5822; x_wconf 59' lang='lat' dir='ltr'><strong>Praetorividebatur</strong></span> <span class='ocrx_word' id='word_1_901' title='bbox 2735 5751 2798 5803; x_wconf 88' lang='lat' dir='ltr'><strong>ad</strong></span> <span class='ocrx_word' id='word_1_902' title='bbox 2832 5745 3080 5820; x_wconf 79' lang='lat' dir='ltr'><strong>populum</strong></span> <span class='ocrx_word' id='word_1_903' title='bbox 3103 5759 3480 5822; x_wconf 87' lang='lat' dir='ltr'><strong>pronuntiante</strong></span> 
     </span>
    </p>
   </div>
   <div class='ocr_carea' id='block_1_125' title="bbox 1885 5815 3478 5889">
    <p class='ocr_par' dir='ltr' id='par_1_125' title="bbox 1885 5815 3478 5889">
     <span class='ocr_line' id='line_1_126' title="bbox 1885 5815 3478 5889; baseline 0.008 -20"><span class='ocrx_word' id='word_1_904' title='bbox 1885 5815 2070 5871; x_wconf 88' lang='lat' dir='ltr'><strong>horam</strong></span> <span class='ocrx_word' id='word_1_905' title='bbox 2126 5831 2258 5889; x_wconf 82' lang='lat' dir='ltr'><strong>esse</strong></span> <span class='ocrx_word' id='word_1_906' title='bbox 2297 5820 2529 5880; x_wconf 86' lang='lat' dir='ltr'><strong>tertiam,</strong></span> <span class='ocrx_word' id='word_1_907' title='bbox 2581 5815 3156 5889; x_wconf 50' lang='lat' dir='ltr'><strong>itemque&#39;uieridicm,</strong></span> <span class='ocrx_word' id='word_1_908' title='bbox 3189 5837 3242 5880; x_wconf 86' lang='lat' dir='ltr'><strong>et</strong></span> <span class='ocrx_word' id='word_1_909' title='bbox 3294 5826 3478 5882; x_wconf 81' lang='lat' dir='ltr'><strong>horam</strong></span> 
     </span>
    </p>
   </div>
   <div class='ocr_carea' id='block_1_126' title="bbox 1885 5886 3479 5964">
    <p class='ocr_par' dir='ltr' id='par_1_126' title="bbox 1885 5886 3479 5964">
     <span class='ocr_line' id='line_1_127' title="bbox 1885 5886 3479 5964; baseline 0.008 -21"><span class='ocrx_word' id='word_1_910' title='bbox 1885 5903 2099 5954; x_wconf 81' lang='lat' dir='ltr'><strong>nonam,</strong></span> <span class='ocrx_word' id='word_1_911' title='bbox 2128 5886 2384 5944; x_wconf 79' lang='lat' dir='ltr'><strong>discimus</strong></span> <span class='ocrx_word' id='word_1_912' title='bbox 2410 5905 2478 5945; x_wconf 76' lang='lat' dir='ltr'><strong>ex</strong></span> <span class='ocrx_word' id='word_1_913' title='bbox 2516 5886 2764 5949; x_wconf 74' lang='lat' dir='ltr'><strong>Varronis</strong></span> <span class='ocrx_word' id='word_1_914' title='bbox 2785 5895 2970 5964; x_wconf 86' lang='lat' dir='ltr'><strong>quinto</strong></span> <span class='ocrx_word' id='word_1_915' title='bbox 3000 5895 3064 5949; x_wconf 86' lang='lat' dir='ltr'><strong>de</strong></span> <span class='ocrx_word' id='word_1_916' title='bbox 3098 5895 3479 5963; x_wconf 72' lang='lat' dir='ltr'><strong>lingua‘latina.</strong></span> 
     </span>
    </p>
   </div>
   <div class='ocr_carea' id='block_1_127' title="bbox 3091 5966 3208 6029">
    <p class='ocr_par' dir='ltr' id='par_1_127' title="bbox 3091 5966 3208 6029">
     <span class='ocr_line' id='line_1_128' title="bbox 3091 5966 3208 6029; baseline 0.009 -7"><span class='ocrx_word' id='word_1_917' title='bbox 3091 5966 3208 6029; x_wconf 72' lang='lat' dir='ltr'><strong>lito.</strong></span> 
     </span>
    </p>
   </div>
  </div>
