4220 6492
682 395 787 454 967
2135 397 2596 457 TERTULLIANI
3881 400 3991 458 91:8

681 509 896 579 dignam
941 507 1203 566 rationem
1254 507 1450 568 allerre
1512 508 1773 568 debemus
1797 550 1812 578 ,
1843 517 2045 581 quanto
2087 521 2280 569 carent
2304 514 2360 577 Α
2385 517 2512 585 ejus,
2537 525 2582 570 et
2611 523 2716 570 tota
2745 523 2883 571 terra
2919 531 3020 571 uou
3049 514 3330 588 prandebat
3368 515 3507 586 (15).
3549 514 3775 571 Tantam
3806 527 3990 571 aulem

684 603 975 674 Scriptura:
1006 605 1345 671 auctoritate,
1397 606 1568 662 donec
1613 606 1792 676 aliquo
1837 607 2043 662 caelesti
2071 607 2278 663 eiiaris~
2386 607 2529 663 licus
2559 609 2805 678 pra-stitit
2833 610 3207 666 auctoritatem
3236 609 3412 666 edicto
3442 611 3689 665 stationis
3715 610 3881 676 illitis,
3941 622 3996 662 ut

686 707 830 754 rnate
855 706 945 753 aut
973 697 1379 764 conﬁrmentur,
1409 708 1502 753 aut
1547 697 1903 768 corrigantur.
1959 697 2023 752 Et
2067 699 2111 752 si
2144 714 2242 768 qua
2262 739 2278 763 ,
2384 699 2650 756 Jonathan
2673 701 2812 756 [ilius
2832 701 3030 768 Saulis,
3055 718 3356 773 quanquam
3401 702 3615 772 ignarus
3639 701 3996 772 jejunatiozus

687 791 876 862 inquit,
908 791 1176 863 ignoratis,
1197 790 1444 846 Dominus
1469 791 1605 846 vobis
1620 790 2030 863 rwelabit(Phil.
2052 791 2136 857 Ill,
2162 792 2278 861 15).
2389 795 2440 848 in
2470 810 2649 850 serum
2677 795 2910 850 delinita:
2936 806 3149 866 gustum
3195 794 3368 850 mellis
3402 793 3713 859 admiserat,
3756 804 3813 850 et
3853 808 4001 849 sorte

687 881 893 956 Itaque,
927 886 1162 955 seposito
1195 886 1571 940 contirmatorc
1599 885 1838 940 omuimu
1869 887 2090 940 istorum
2121 885 2284 940 Par-ao
2391 887 2506 957 (li)
2538 903 2659 941 mox
2691 887 2760 943 de
2784 887 2983 944 delicto
3011 889 3080 942 sit
3123 888 3427 952 traductus,
3454 896 3510 943 et
3540 889 3624 942 vix
3656 904 3753 958 per
3783 905 4001 958 prcut'tn

687 975 999 1042 eleto,ducc
1017 977 1278 1032 universa:
1295 977 1632 1042 veritatis,an
1657 977 1920 1048 indignior
1936 977 2074 1046 apud
2095 992 2189 1033 vos
2207 977 2287 1050 (1)
2393 982 2570 1051 populi
2606 981 2844 1050 periculo
2869 991 3170 1050 exemptus,
3196 981 3333 1051 gula:
3359 981 3523 1044 enim,
3551 981 3674 1036 licet
3712 981 4003 1050 simplicis,

691 1068 828 1124 ratio
853 1069 1106 1124 all'eratnr
1131 1069 1183 1124 in
1215 1083 1410 1124 nonam
1457 1068 1774 1124 observandi
1833 1069 2046 1139 requiro
2088 1067 2192 1140 (2),
2232 1075 2292 1122 ιιι
2396 1089 2520 1128 rens
2554 1072 2745 1128 fuerat.
2790 1073 2897 1130 Sed
2945 1087 2999 1130 et
3029 1074 3236 1139 Daniel,
3265 1089 3408 1128 anno
3433 1074 3608 1143 primo
3638 1075 3779 1143 regis
3824 1074 4000 1138 Darii,

693 1164 854 1219 etiam
899 1163 1053 1218 Petro
1075 1178 1135 1216 ea
1194 1163 1331 1217 ratio
1357 1163 1658 1233 deputanda
1705 1163 1794 1228 sit,
1826 1162 1871 1218 si
1912 1162 2139 1218 statione
2168 1173 2290 1216 tunc
2398 1180 2520 1221 eum
2567 1165 2890 1236 jejunansin
2941 1181 3098 1222 sacco
3128 1175 3176 1221 et
3219 1166 3402 1221 cinere
3445 1165 3848 1236 cxomologesin
3899 1166 4011 1219 ln-o

695 1255 909 1310 functus
936 1267 1039 1311 ρει.
1073 1255 1224 1311 Venit
1267 1257 1408 1312 enim
1433 1254 1501 1310 dc
1544 1256 1690 1310 exitu
1738 1254 1967 1320 Domini,
1999 1269 2157 1325 quem
2189 1252 2290 1308 etsi
2399 1269 2602 1328 ageret,
2635 1267 2689 1313 et
2717 1257 2923 1321 adlmc,
2978 1258 3170 1328 inquit,
3217 1257 3467 1327 loquente
3509 1272 3593 1312 me
3638 1258 3691 1312 in
3735 1256 4010 1323 oratione,

693 1361 907 1418 semper
955 1347 1364 1402 commemorari
1407 1355 1619 1416 oportet
1639 1347 1755 1402 sine
1795 1345 2092 1402 diﬂ'izrettlia
2133 1345 2294 1399 lmral-
2400 1365 2526 1405 cccc
2554 1352 2632 1402 vir
2658 1365 2816 1419 quem
2840 1349 3076 1404 videram
3107 1351 3389 1404 insomnis
3419 1347 3589 1413 initio,
3624 1349 3887 1404 velociter
3921 1364 4016 1401 τυ-

702 1456 844 1506 rum,
881 1439 1194 1511 impressins
1222 1449 1400 1496 tamen
1432 1450 1541 1494 tum
1570 1440 1618 1496 ei
1648 1438 1938 1494 secundum
1967 1439 2141 1509 ipsum
2191 1447 2299 1492 sta-
2403 1442 2521 1497 laus
2548 1442 2996 1513 adpropinquavit
3025 1441 3153 1496 mihi
3181 1442 3331 1512 quasi
3363 1441 3491 1496 hora
3515 1440 3807 1510 vespertini
3832 1442 3981 1494 sacri
4000 1471 4016 1480 -

699 1533 859 1590 tionis
901 1532 1216 1588 vocabulum
1270 1531 1568 1586 addicimur
1623 1533 1705 1602 (5)
1757 1550 1768 1584 :
1827 1547 1948 1586 nam
1991 1539 2046 1585 et
2105 1529 2302 1583 milites
2406 1535 2532 1590 licii.
2563 1535 2687 1591 Haec
2713 1535 2949 1605 erit(l5)
2974 1534 3134 1589 statio
3160 1548 3301 1600 sera,
3325 1548 3443 1603 qu.e
3463 1531 3531 1588 ad
3562 1547 3844 1603 vesperam
3868 1532 4018 1602 jeju-

700 1642 969 1696 nunquam
999 1626 1344 1681 innuemores
1382 1625 1727 1686 sacramenti,
1786 1624 1956 1693 magis
1983 1622 2304 1677 stationibus

2070 1622 2304 1677 liOIIibUS
2410 1645 2575 1694 nans,
2629 1628 2961 1700 pinguiorem
2990 1629 3289 1684 orationem
3332 1628 3442 1682 Deo
3479 1627 3735 1681 immolat.

701 1727 910 1789 parem.
934 1717 1118 1788 Itaque
1144 1717 1197 1771 in
1237 1731 1354 1771 eam
1391 1731 1558 1785 usque
1581 1716 1764 1770 horam
1809 1715 2127 1770 celebranda
2156 1731 2306 1784 pres-

704 1761 910 1789 ν--ν-υ.
935 1761 1117 1788 ..ς-τ...
1394 1761 1764 1785 ..-πη
1812 1761 2127 1770 “mum”
2157 1761 2276 1784 In"
3061 1763 3075 1777 ‘

703 1829 826 1870 sura
867 1821 990 1874 est,
1042 1813 1094 1864 in
1140 1824 1244 1879 qua
1289 1806 1368 1878 (4)
1428 1823 1457 1861 a
1512 1817 1659 1863 sexta
1703 1807 2116 1862 eontenebratus
2161 1808 2308 1861 orbis
3035 1761 3264 1819 (APUT
3311 1761 3405 1817 Χι-

705 1904 958 1960 defuncto
977 1901 1194 1956 domino
1217 1900 1440 1970 lugubre
1468 1897 1864 1962 fecitolﬁeinm,
1895 1908 1950 1952 ut
1972 1908 2097 1953 tunc
2124 1907 2176 1952 et
2201 1914 2301 1954 nos
2331 1911 2379 1971 Β
2483 1901 2673 1957 Omnia
2699 1909 2876 1956 autem
2895 1900 2992 1956 ista
3011 1899 3174 1956 credo
3198 1899 3372 1971 ignota
3399 1899 3501 1967 eis,
3519 1899 3594 1970 (ὁ)
3617 1899 3706 1971 qui
3736 1899 3805 1955 ad
3840 1910 4027 1954 nostra

706 2006 1039 2055 revertamur
1066 1994 1132 2050 ad
1173 1994 1577 2063 iucunditatem,
1609 2008 1732 2047 cum
1762 2002 1815 2047 et
1845 1993 2071 2046 mundus
2100 2003 2306 2061 rercptt
2411 1995 2714 2060 turbantur,
2748 2003 2840 2048 aut
2863 1992 2974 2048 sola
3003 1993 3223 2048 forsitan
3251 1993 3500 2059 lectione,
3533 2009 3638 2047 non
3662 1994 3822 2049 etiam
3845 1993 4030 2046 inten-

708 2089 1024 2143 ειπῖιςιιριιι,
1055 2085 1166 2140 lloc
1194 2085 1236 2138 si
1265 2084 1432 2154 magis
1457 2084 1523 2138 ad
1557 2084 1862 2154 religionem
1895 2083 2033 2152 sapit
2061 2083 2307 2138 christia-
2413 2089 2555 2142 tione
2580 2094 2885 2153 comperta,
2906 2083 3472 2154 secundummajorem
3493 2085 3598 2139 vim
3620 2085 4026 2155 imperitormn,

710 2197 871 2245 nam,
900 2179 1026 2234 dum
1073 2178 1242 2249 magis
1290 2175 1487 2230 Christi
1531 2175 1756 2244 gloriam
1800 2175 2053 2240 celebrat,
2091 2190 2305 2246 possunt
2411 2178 2549 2249 apud
2580 2176 3018 2248 gloriosissimam
3051 2176 3254 2230 scilicet
3298 2176 3690 2230 multitudinem
3722 2175 4033 2247 Psycliieo-

711 2289 864 2346 mque
889 2288 1025 2328 serze
1069 2270 1312 2326 stationis
1340 2286 1407 2324 ex
1437 2268 1626 2326 eodem
1675 2269 1750 2324 rei
1779 2269 1968 2324 ordine
2019 2278 2212 2324 statum
2245 2270 2307 2323 li-
2414 2288 2553 2326 rum.
2589 2271 2874 2338 l’mpterea
2905 2285 2998 2338 per
3027 2269 3262 2339 singulas
3303 2268 3597 2324 direximus
3623 2269 3833 2338 species
3884 2269 3930 2337 λι
3944 2267 4035 2336 jn-

712 2383 858 2438 Βοΐυν
890 2375 947 2419 ιιι
990 2363 1292 2435 inlunem“
1343 2362 1407 2416 ³ιά
1463 2377 1664 2427 serum.
1694 2370 2071 2430 οιειιοειαηιεε
2102 2371 2312 2430 tempus
2417 2361 2714 2426 nationum,
2739 2360 3212 2430 xeropliagiarum,
3245 2360 3556 2426 stationum,
3592 2369 3649 2414 ut
3674 2358 3804 2414 dum
3833 2375 4035 2414 recen-

721 2457 1012 2513 Domiuieze
1064 2455 1352 2526 sepultura:
1379 2469 1501 2508 eum
1543 2451 1740 2521 Joscph
1779 2452 2098 2522 postulatum
2126 2451 2314 2506 detulit
2418 2469 2598 2509 scmus
2643 2452 2937 2508 secundum
2989 2451 3268 2522 utriusque
3320 2451 3648 2508 'l‘estamemi
3693 2462 4036 2522 paraturam,

717 2562 932 2619 corpus,
980 2556 1035 2603 et
1083 2544 1340 2602 condidit.
1403 2543 1527 2599 Inde
1571 2552 1625 2598 et
1671 2542 2020 2614 irreligiosum
2067 2552 2150 2598 est
2191 2550 2316 2598 ante
2419 2553 2676 2616 quantum
2699 2545 2978 2615 proliciant
3008 2545 3257 2610 recuSati,
3288 2545 3373 2599 vel
3427 2545 3604 2610 recisi,
3643 2544 3724 2600 vel
3768 2545 4038 2600 retardati

728 2640 1047 2696 famulorum
1115 2638 1194 2706 (α)
1234 2652 1449 2691 carnem
1493 2637 1812 2707 relrigerare
1854 2635 1980 2708 (5).
2023 2652 2181 2708 quam
2221 2636 2316 2692 do—
2419 2640 2598 2712 palmli
2629 2637 2824 2703 ol‘ticia,
2854 2652 2948 2692 eos
2989 2636 3336 2693 retundamus
3379 2636 3452 2708 (c)
3503 2638 3592 2706 qui
3621 2637 3734 2692 lucc
3761 2637 3912 2691 velut
3939 2653 4039 2688 va-

723 2737 873 2790 mini.
925 2731 1028 2788 Sed
1079 2731 1284 2799 hocex
1341 2727 1421 2800 (6)
1485 2727 2003 2799 argumentationum
2065 2741 2317 2796 provoca-
2421 2731 2596 2787 eantia
2629 2731 2922 2785 inﬁrmant.
2969 2729 3100 2783 ltem
3131 2730 3255 2784 dum
3299 2729 3499 2799 pariter
3536 2729 3871 2785 ostendimus
3929 2746 4043 2799 quo

723 2830 870 2884 tione
899 2825 1279 2887 commiserim,
1310 2821 1644 2892 conjecturas
1671 2820 1994 2888 conjecturis
2015 2859 2030 2884 ,
2058 2827 2113 2874 et
2143 2829 2318 2875 tamen
2424 2837 2639 2893 semper
2683 2821 2734 2875 in
2765 2821 2954 2876 ordine
2984 2819 3182 2875 fuerint
3233 2820 3530 2891 religionis,
3562 2837 3656 2877 eos
3689 2822 4045 2877 revineamus

726 2924 806 2997 (7)
867 2931 994 2992 puto
1045 2916 1408 2982 ﬁdelioribus,
1450 2913 1835 2983 repercutiens.
1903 2912 2190 2968 Videamus
2252 2928 2320 2968 an
2425 2916 2514 2986 qui
2563 2915 2678 2970 hare
2732 2923 2790 2970 ut
2834 2929 2971 2968 nova
3016 2923 3310 2979 accusant;
3363 2930 3461 2970 nec
3489 2931 3684 2970 novum
3715 2916 3856 2971 enim
3891 2916 4042 2985 quod

727 3014 924 3085 aliquid
957 3011 1060 3065 tale
1086 3009 1240 3063 nobis
1285 3007 1354 3062 de
1391 3007 1746 3061 vetustatibus
1777 3020 1987 3076 quoque
2026 3005 2325 3076 patrocine-
2427 3022 2659 3077 semper,
2691 3021 2790 3061 nec
2815 3021 3040 3061 vacumn
3068 3005 3209 3076 quod
3240 3007 3386 3061 utile.
3415 3005 3519 3062 Sed
3544 3015 3600 3062 et
3624 3007 3750 3061 illud
3776 3008 3828 3061 in
3851 3008 4046 3060 medio

729 3105 912 3164 tur.lu
943 3100 1146 3166 Exodo,
1177 3101 1388 3155 habitus
1416 3100 1503 3155 ille
1541 3097 1735 3169 Moysis
1763 3097 2019 3153 adversus
2069 3097 2322 3152 Amalech
2428 3107 2532 3163 est,
2559 3097 2801 3168 qmedam
2831 3113 2894 3152 ex
2930 3097 3010 3151 his
3044 3097 3235 3156 ciliciis
3279 3113 3308 3152 a
3360 3098 3472 3154 Deo
3503 3098 3705 3152 homini
3747 3099 4045 3168 imperata,

731 3195 1064 3253 orationibus
1091 3192 1382 3264 pra'liantis
1404 3206 1573 3262 usque
1595 3190 1647 3243 in
1670 3203 1919 3244 occasum
1950 3203 2319 3260 perseverans,

2432 3192 2598 3262 legem
2628 3191 3008 3253 constituisse;
3049 3190 3294 3262 quaedam
3325 3191 3393 3245 ab
3434 3191 3653 3247 homine
3693 3191 3802 3246 Deo
3831 3192 4047 3257 oblata,

735 3312 913 3355 nonne
970 3294 1128 3349 statio
1179 3291 1277 3346 luit
1329 3304 1446 3345 sera
1473 3288 1496 3340 ?
1541 3287 1721 3344 Jesum
1770 3285 1913 3340 Nave
1965 3284 2324 3340 debellantem
2353 3297 2399 3360 ρ
2432 3295 2611 3338 votum
2634 3299 2699 3339 ex
2712 3286 2963 3353 punxisse
2992 3300 3006 3347 ;
3036 3291 3214 3338 tamen
3247 3293 3300 3338 et
3325 3293 3527 3351 votum,
3547 3299 3666 3339 eum
3695 3299 3722 3336 a
3747 3285 3856 3340 Deo
3887 3302 4054 3339 acre-

737 3387 1104 3448 Amorrhmos.
1133 3382 1410 3456 prandisse
1433 3381 1520 3436 illa
1549 3381 1633 3436 die
1654 3380 2044 3445 existimamus,
2075 3394 2178 3449 qua
2203 3379 2331 3448 ipsis
2436 3385 2636 3446 ptatum
2665 3385 2770 3442 est,
2799 3375 2972 3445 legem
3007 3376 3058 3429 in
3091 3385 3360 3445 posterum
3389 3375 3512 3430 facit
3555 3375 3694 3447 (l6),
3731 3391 3828 3446 per
3847 3387 4054 3430 aucto-

737 3481 1020 3542 elementis
1052 3478 1333 3534 Stationem
1377 3474 1656 3544 imperavit
1696 3471 1813 3542 (8)?
1853 3471 2013 3526 Stetit
2047 3471 2125 3525 sol
2158 3471 2208 3524 in
2230 3469 2334 3524 (Ξει-
2437 3469 2648 3524 ritatem
2675 3468 3051 3539 aeceptatoris,
3081 3467 3278 3523 exinde
3302 3467 3444 3522 enim
3490 3467 3789 3523 faciendum
3815 3469 4055 3522 ιιιειι.ιι;ι-

741 3578 902 3641 haon,
932 3583 987 3630 et
1012 3573 1133 3627 luna
1161 3572 1212 3624 in
1239 3566 1428 3624 Aialon
1456 3582 1468 3621 :
1497 3565 1646 3619 stetit
1685 3561 1762 3635 (9)
1801 3563 1956 3617 solet
1981 3561 2100 3616 luna
2139 3562 2335 3616 iustru-
2441 3562 2547 3626 vit,
2593 3562 2681 3631 qui
2715 3559 2910 3615 faenum
2955 3561 3344 3630 comprobavit.
3403 3561 3582 3629 itaque
3618 3570 3674 3616 ct
3713 3560 3797 3615 hic
3827 3547 3962 3631 (17)
4003 3563 4058 3616 in

742 3671 938 3732 ctione,
968 3665 1142 3721 donec
1171 3663 1311 3716 ultus
1341 3669 1424 3714 est
1472 3656 1700 3728 populus
1747 3653 1815 3708 de
1859 3654 2089 3710 inimicis
2107 3655 2254 3720 suis;
2283 3662 2339 3708 et
2440 3656 2542 3711 alia
2570 3655 2749 3724 specie
2778 3654 3054 3709 altercatio
3079 3653 3308 3708 diversa:
3351 3653 3519 3725 partis
3561 3652 3840 3709 obducitur
3866 3695 3880 3716 ,
3925 3671 4058 3707 (tun

745 3761 893 3817 stetit
926 3758 1004 3813 sol
1029 3755 1204 3812 medio
1226 3753 1384 3815 cmlo,
1414 3760 1467 3806 ct
1495 3765 1599 3804 non
1628 3747 1916 3803 accedebat
1947 3746 2060 3818 (l0)
2101 3747 2152 3801 in
2177 3760 2335 3801 occa-
2443 3745 2644 3812 dicunt,
2715 3755 2808 3799 aut
2868 3743 3351 3815 pseudopmphetia
3405 3755 3490 3800 est
3534 3745 3578 3799 si
3620 3745 3872 3814 spiritalis
3953 3761 4061 3801 vox

747 3867 888 3917 sum,
917 3858 970 3905 et
1002 3849 1052 3902 in
1075 3847 1232 3901 linem
1260 3844 1364 3898 diei
1409 3842 1587 3896 unius.
1632 3839 1748 3894 Non
1793 3837 1908 3910 (ll)
1949 3839 2040 3892 fuit
2073 3838 2191 3894 dies
2223 3839 2340 3893 talis
2443 3839 2701 3894 solemnia
2761 3839 2856 3891 ista
2915 3838 3225 3901 constituit;
3281 3847 3379 3892 aut
3433 3838 3674 3902 heresis,
3713 3839 3755 3894 si
3809 3837 4059 3894 humana

748 3955 894 4000 retro
943 3949 998 3996 et
1047 3939 1099 3994 in
1147 3936 1458 3996 novissimo,
1488 3933 1669 4002 utique
1700 3943 1806 3986 tam
1855 3929 2127 3999 prolixus;
2158 3939 2232 3993 ut,
2263 3929 2342 3983 iu-
2447 3931 2792 4003 prazsumptio
2818 3930 3112 3985 adinvenit.
3145 3929 3277 3984 Eam
3308 3931 3453 3986 enim
3481 3930 3706 3985 l'ormam
3757 3932 4066 4000 reprehen-

751 4035 865 4106 quit
886 4074 900 4099 ,
932 4029 1210 4088 exaudiret
1241 4027 1380 4082 Deus
1410 4025 1714 4090 hominem,
1746 4037 1928 4093 parem
1960 4020 2163 4076 scilicet
2189 4021 2342 4085 solis,
2448 4023 2638 4078 dentes
2669 4037 2769 4093 qua
2821 4029 2874 4075 et
2905 4029 3085 4076 vetera
3115 4020 3559 4087 decucurrerunt,
3591 4031 3646 4076 et
3687 4038 3749 4076 ex
3788 4038 3852 4077 ea
3881 4034 4071 4077 τριοτ-

752 4120 1173 4193 instautem(l2)
1200 4119 1402 4175 tamdiu
1433 4120 1485 4173 in
1511 4117 1709 4182 ol‘lieio,
1733 4116 2017 4171 stationem
2035 4113 2196 4170 etiam
2225 4128 2344 4168 sera
2449 4125 2674 4185 quentes
2701 4128 2818 4182 qure
2863 4112 2977 4182 (l8)
3033 4110 3327 4167 adversarii
3380 4121 3618 4167 veterum
3659 4111 3919 4168 adversus
3977 4115 4072 4167 illa

755 4220 1071 4291 longiorem.
1120 4216 1278 4271 Certe
1307 4212 1431 4268 Saul
1461 4220 1515 4266 et
1543 4211 1655 4279 ipse
1684 4211 1736 4264 in
1786 4209 1968 4280 pra-lio
1998 4209 2346 4276 constitutus,
2452 4215 2699 4278 poterant
2741 4204 2854 4276 (l9)
2899 4213 3227 4267 retractare;
3258 4215 3351 4260 aut
3393 4214 3447 4260 et
3490 4205 3579 4260 illa
3615 4221 3861 4262 recusare
3890 4207 4073 4262 debe-

756 4313 1036 4370 manileste
1062 4321 1253 4363 munus
1284 4303 1423 4359 istud
1453 4301 1639 4356 indixit
1659 4301 1700 4372 (Ι
1731 4301 1837 4372 Reg
1867 4299 2026 4366 ,XlV,
2065 4300 2168 4364 21)
2193 4319 2206 4352 :
2235 4299 2350 4354 .llu-
2454 4302 2584 4356 bunt
2626 4299 2763 4371 (20).
2807 4308 2898 4354 aut
2929 4309 3075 4355 certe
3119 4299 3238 4369 (21)
3280 4299 3378 4352 ista
3427 4299 3700 4370 suscipere
3729 4301 4072 4366 necessario,

759 4406 968 4461 (edictus
998 4404 1148 4456 homo
1172 4400 1258 4467 qui
1286 4396 1441 4452 ederit
1465 4411 1645 4467 panem
1667 4394 1736 4447 ad
1765 4409 2022 4463 vesperam
2050 4408 2204 4462 usque
2229 4392 2352 4446 dum
2460 4394 2699 4448 maxime
2744 4390 2860 4463 (22)
2899 4406 3020 4446 cum
3069 4401 3126 4446 et
3170 4391 3293 4458 ista,
3324 4407 3354 4446 a
3400 4405 3737 4462 quocnmque
3758 4391 4078 4448 institutore

759 4497 974 4552 ulciscar
997 4493 1060 4547 de
1086 4491 1286 4545 inimico
1314 4503 1459 4554 meo;
1487 4497 1533 4542 et
1561 4503 1660 4541 non
1704 4484 1920 4557 gustavit
1959 4493 2092 4539 totus
2135 4486 2353 4554 populus
2459 4487 2586 4551 sint,
2612 4486 2724 4541 sive
2752 4484 3000 4555 spiritali,
3039 4485 3152 4540 sive
3191 4492 3396 4540 tantum
3421 4485 3585 4554 lidcli,
3627 4485 3708 4556 (ιι)
3748 4485 3932 4546 eidem
3970 4489 4082 4542 Deo

1962 4623 2337 4683 LECTIONES
2374 4624 2783 4682 VARIANTES.

825 4770 894 4836 (1)
927 4768 1132 4836 Dignior
1153 4765 1393 4836 a_pud_nos
1413 4760 1562 4814 Seml.
2386 4764 2440 4825 Ῑ)
2663 4757 3065 4836 instantissimis

829 4819 1320 4898 iéilse‘iiuircsevd-
2386 4819 2426 4825 '
2533 4819 3285 4898 £15.).:119eirr33999'mScnd-

1242 4892 1273 4939 i.
1301 4903 1342 4939 s.
1369 4902 1415 4938 v.
1440 4887 1749 4937 addiscimus.
1773 4882 1924 4936 Seml.
2535 4882 2885 4978 lyrtqsozte

857 4945 905 5019 5)
932 4958 1085 5015 Quam
1109 4955 1229 5004 Jun.
2565 4945 2638 5007 15)
2660 4945 2876 5016 Eratnts.
2900 4945 3087 4994 Wouw.

934 5015 1454 5117 Belﬁigprarisii’guw.
1485 5014 1626 5075 Leop.
2666 5007 2952 5117 ᾓᾳὲοιὲιαξί

857 5088 887 5117 h
982 5089 993 5117 t
1057 5093 1110 5117 an.
1149 5092 1209 5117 nx
1277 5088 1334 5117 m
2717 5086 2726 5117 I
2764 5082 2790 5117 (Σ
2854 5081 2910 5117 οη
2953 5105 2966 5117 .

938 5081 1001 5131 L't
1024 5069 1127 5128 hic
1149 5092 1211 5127 ex
1246 5073 1388 5126 semI.
1577 5069 1587 5075 ’

835 5147 910 5211 (7)
935 5143 1035 5211 Sed
1055 5150 1214 5211 tamen
1238 5139 1338 5211 ιρι.
1365 5197 1378 5211 .

1379 5112 1388 5126 .
1577 5069 1587 5075 ’
2666 5069 2790 5142 ῌιυε
2813 5069 2966 5118 Scml.

2669 5126 3045 5211 %‘_94£‘_;.S£"Et

859 5192 912 5272 ἐς)
941 5192 1222 5276 Impetravit
1243 5197 1392 5251 Seml.
2569 5192 2633 5242 l9
2677 5194 2914 5242 l’oterunt
2936 5192 3088 5243 Seml.

861 5269 913 5320 9)
937 5267 1085 5317 Stetit
1105 5264 1214 5314 cod.
1251 5265 1437 5314 Wonw.
2673 5255 3014 5320 notuerunt...
3033 5255 3088 5305 de

861 5255 926 5379 9g,
937 5255 1085 5317 Stetit
1105 5264 1214 5314 cod.
1251 5265 1437 5314 Wonw.

868 5332 889 5379 1
927 5329 948 5379 )
975 5328 1039 5379 Ut
1059 5337 1224 5378 autem
1247 5324 1512 5376 accedebat
1535 5321 1684 5374 Seml.

2540 5255 2645 5320 (20)
2673 5255 3009 5305 Potuerunt...
3033 5255 3319 5306 debuerunt.
3343 5257 3447 5308 ιαι.

2543 5315 2648 5379 (tl)
2674 5316 2859 5368 Exerta
2883 5315 3032 5379 Seml.
3059 5325 3239 5368 exerte
3265 5319 3417 5368 Fran.

868 5315 926 5382 li)
950 5315 1043 5380 illiti
1059 5315 1224 5378 autem
1247 5324 1512 5376 accedebat
1535 5321 1684 5374 Seml.
2543 5315 2648 5379 (2r)
2674 5316 2859 5368 Exerta
2883 5315 3032 5367 Seml.
3059 5325 3239 5368 exerte
3265 5319 3417 5368 Fran.

871 5329 949 5456 ll;
975 5390 1030 5442 ιιι
1051 5401 1292 5450 occasum,
1318 5388 1368 5437 in
1389 5386 1532 5437 linem
1557 5387 1652 5436 dici
1677 5386 1848 5448 miius,
1875 5392 1928 5437 et
1947 5396 2042 5436 non
2064 5384 2186 5434 Jun.
2545 5378 2650 5444 (22)
2677 5379 2888 5430 Maxime
2911 5378 3044 5431 abest
3064 5393 3096 5430 a
3117 5380 3227 5431 cod.
3261 5390 3300 5429 η
3318 5391 3500 5431 onwer.

2131 5505 2688 5570 COMMENTARIUS.

859 5642 935 5715 (τι)
958 5638 1190 5715 _Cn_rucm
1215 5634 1531 5715 refrigerari:
1564 5633 1873 5715 Quiescere.
1905 5629 2022 5686 ﬂre.
2057 5700 2096 5715 ἢ
2227 5698 2240 5715 ¹
2282 5699 2313 5715 Α
2526 5624 2637 5715 '(d‘)
2683 5622 2860 5715 Eidem
2881 5621 2994 5715 IDco
3017 5634 3256 5715 'r‘srrralul.‘
3280 5623 3392 5715 [loc
3413 5633 3498 5715 est
3538 5624 3715 5715 eidem
3750 5624 4103 5715 Deoncon've-

1038 5695 1292 5780 XL—(b)
1336 5695 1434 5772 Qui
1456 5705 1523 5759 (id
1550 5695 1719 5780 nostra
1747 5708 2030 5780 turbantur.
2057 5698 2381 5755 Parat'letica
2487 5695 2984 5780 nianl...De-eode‘tu
3017 5696 3292 5780 Deo'dieta
3323 5696 3549 5780 intelligi
3573 5697 3824 5780 debeant.
3850 5697 3947 5753 Sic
3981 5700 4104 5780 ἰξςυ-

791 5765 995 5842 εοὶἰὶἷιῖι
1021 5765 1458 5838 blontatiis'tarum
1486 5778 1748 5830 instituta.
1797 5775 1916 5830 “l6.
2491 5769 2627 5842 tiens
2651 5766 2788 5842 dixit
2812 5767 2880 5822 de
2903 5767 3048 5820 Deo:
3087 5765 3294 5842 Δνιιιιιιηι
3338 5777 3411 5824 est
3457 5765 3712 5842 priet-cpta
3759 5769 3884 5821 dare
3911 5773 4107 5837 quibus

866 5838 939 5926 (c)
983 5855 1080 5921 Qui
1134 5856 1259 5926 haec-
1290 5849 1440 5926 twlu_t__
1475 5849 1707 5926 tacentia
1774 5847 2053 5915 infirmant.
2110 5842 2386 5916 Tanquam
2492 5838 2718 5926 homines
2743 5839 2979 5926 viverent,
3010 5847 3055 5890 et
3081 5838 3249 5926 ipsulm
3268 5839 3524 5919 jamquiu
3547 5839 3697 5894 homo
3718 5855 3830 5920 esse
3851 5842 4108 5926 dignatus

798 5909 1084 5988 ὶιιιῖιίιῆςῗςι
1112 5923 1264 5994 pretii
1315 5921 1528 5976 nullius.
1576 5917 1691 5973 Illo.
1831 5909 1842 5915 ⁷
2244 5909 2261 5916 ’
2493 5919 2585 5977 est,
2614 5909 2722 5963 sine
2761 5918 3124 5980 prreceplorum
3155 5909 3499 5965 obseruatione
3527 5911 3828 5966 cucurrisse.
3849 5909 3970 5966 Hec
3999 5922 4106 5968 est.
