4220 6492
144 420 241 480 969

1415 417 1618 474 LIBER
1656 418 1747 474 DE
1785 416 2094 474 JEJUNIIS.

3330 411 3437 470 970

144 543 373 600 currant,
396 535 484 591 cui
519 542 573 590 et
610 541 809 590 vetera.
847 531 1145 591 lndubitate
1175 533 1317 589 enim
1348 541 1401 589 et
1422 532 1643 591 haeresis
1668 541 1721 589 et
1749 535 1801 594 A
1830 533 1882 604 (Ι
1908 531 2052 600 Con,
2075 530 2162 598 IV,
2186 529 2255 601 8)
2282 571 2297 597 ,
2338 544 2445 587 non
2472 528 2668 586 delicta
2718 529 3042 597 incusantes,
3074 544 3192 601 qua;
3218 529 3434 601 jejuniis

145 625 617 696 pscndnprnpltctia
666 626 958 681 divinitatis
1008 626 1315 682 diversitate
1349 626 1729 696 judicabuntur

144 718 274 787 apud
315 733 413 773 nos
457 733 644 773 onmes
686 718 825 773 unici
878 718 969 773 Dei
998 717 1270 774 Creatoris
1296 728 1347 773 ct
1374 719 1572 774 Christi
1613 719 1731 790 ejus

144 810 420 874 antistites,
445 810 685 880 adeoque
703 808 1071 866 indifferenter
1093 810 1228 865 hanc
1252 820 1454 880 partem
1476 810 1727 877 defendo,

146 902 241 957 illis
278 902 507 957 oﬁ‘erens
550 904 605 958 in
652 918 757 975 quo
805 902 973 959 velint
1009 903 1231 973 gradunt
1272 904 1453 974 ﬁgere.
1504 903 1731 974 Spiritus

144 992 332 1047 diaboli
362 1003 461 1055 est,
491 992 645 1057 dicis,
676 1009 708 1048 o
738 994 1013 1065 Psychice.
1050 994 1115 1049 Et
1142 995 1412 1065 quomodo
1443 994 1535 1050 Dei
1566 995 1731 1049 nostri

144 1084 307 1138 ofﬁcia
339 1083 545 1146 indicit.
596 1100 694 1139 nec
736 1085 825 1139 alii
865 1084 1133 1142 oﬁ'erenda
1166 1102 1323 1155 quam
1356 1088 1463 1141 Deo
1510 1085 1734 1141 nostro?

144 1177 240 1231 Aut
271 1175 532 1229 contende
562 1176 832 1233 diabolum
878 1192 999 1233 cum
1035 1178 1144 1234 Deo
1184 1178 1359 1235 facere
1400 1188 1607 1244 nostro,
1645 1186 1737 1234 aut

143 1267 361 1324 Satanas
390 1267 697 1324 Paracletns
730 1268 1006 1325 habeatur.
1033 1271 1138 1327 Sed
1168 1270 1438 1327 hominem
1469 1270 1737 1327 Antichri-

142 1368 275 1415 stnm
303 1358 588 1423 adﬁrmas;
627 1360 726 1413 hoc
752 1364 894 1415 enim
936 1372 1192 1421 vocantur
1229 1363 1465 1419 lueretici
1520 1363 1738 1417 nomine

142 1465 300 1520 penes
347 1449 630 1507 Joannem.
693 1450 758 1505 Et
819 1453 1089 1522 quomodo
1120 1455 1361 1525 quisquis
1419 1455 1505 1509 ille
1550 1464 1632 1510 est
1686 1454 1735 1508 in

140 1541 348 1598 Christo
380 1551 585 1609 nostro,
640 1543 752 1599 haec
794 1561 919 1614 erga
950 1546 1232 1601 Domimun
1282 1556 1523 1604 nostrum
1562 1545 1739 1601 ol‘ﬁcia

144 1635 441 1705 diSposuit,
492 1652 612 1691 cum
661 1649 713 1693 et
759 1640 1071 1695 Antichristi
1117 1656 1240 1711 erga
1288 1641 1455 1695 Deum
1518 1641 1597 1711 (1)
1650 1639 1744 1693 ad-

141 1743 323 1784 versus
370 1739 611 1784 nostrum
656 1733 1017 1799 processerint
1061 1732 1376 1788 Christum?
1405 1732 1522 1799 Quo
1564 1733 1743 1802 itaque

144 1833 294 1891 putas
324 1822 545 1876 latermn
575 1821 947 1877 conﬁrmatum
979 1824 1119 1893 apud
1163 1840 1260 1879 nos
1306 1824 1575 1894 spiritum,
1620 1838 1741 1878 cum

1832 627 2138 690 elimentur,
2164 640 2262 681 nec
2284 624 2669 679 revelationum
2701 624 2922 680 scientia
2955 623 3275 695 indigentes,
3309 640 3426 692 quae

1834 719 2173 789 xerOphagiis
2194 726 2637 789 extorqueantur,
2662 731 2761 771 nec
2790 716 2924 771 bella
2946 717 3156 786 propria
3190 724 3430 771 metuen-

1834 821 1932 866 tes.
1954 827 2074 881 quae
2097 810 2417 865 stationibus
2443 808 2815 864 discutiantur.
2856 806 2923 863 Ut
2954 806 3244 863 abJoanne
3276 806 3437 861 Para-

1834 905 2006 961 cletus
2030 903 2404 965 obmutuisset,
2440 902 2537 972 ipsi
2554 900 2706 956 nobis
2728 899 3011 969 Prophetas
3032 900 3083 953 in
3104 898 3242 954 hanc
3270 900 3441 955 maxi.

1838 1012 1922 1050 me
1943 1012 2187 1052 caussam
2206 994 2567 1051 extitissemus
2590 1012 2602 1047 :
2622 993 2732 1063 jam
2757 1008 2862 1048 non
2880 993 2999 1048 dico
3022 992 3086 1047 ad
3113 992 3436 1049 exorandam

1841 1088 1933 1143 Dei
1963 1089 2093 1142 iram
2120 1128 2135 1154 ,
2167 1103 2263 1145 nec
2302 1086 2367 1141 ad
2397 1085 2787 1155 impetrandam
2818 1085 3034 1139 tutelam
3067 1085 3182 1152 ejus
3198 1095 3287 1141 aut
3314 1097 3436 1153 gra-

1839 1181 1988 1246 tiam,
2018 1180 2113 1236 sed
2143 1180 2208 1235 ad
2236 1176 2687 1247 praemuniendam
2715 1191 2810 1247 per
2830 1176 3185 1247 nosmetipsos
3214 1176 3441 1231 novissi-

1841 1287 2050 1329 morum
2080 1282 2379 1342 temporum
2430 1269 2793 1325 conditionem
2817 1310 2832 1334 ,
2885 1267 3180 1324 indicentes
3219 1283 3429 1323 omnem

1838 1370 2281 1437 τικισνογρόνησιν,
2312 1379 2433 1419 cum
2481 1377 2667 1417 carcer
2697 1360 3037 1425 ediscendus,
3069 1369 3124 1416 et
3166 1362 3332 1416 fames
3379 1377 3440 1417 ac

1842 1460 1961 1515 sitis
1988 1456 2325 1522 exercendae,
2344 1465 2399 1510 et
2424 1465 2529 1509 tam
2553 1453 2742 1509 inediae
2766 1469 2924 1524 quam
2950 1453 3088 1507 anxii
3114 1453 3286 1509 victus
3309 1453 3442 1508 tole-

1844 1550 2013 1605 rantia
2038 1548 2336 1619 usurpanda
2357 1548 2445 1611 sit,
2475 1547 2594 1600 utin
2612 1561 2882 1602 carcerem
2908 1542 3445 1600 talisintroeatChri-

1845 1642 2079 1706 stianus,
2110 1640 2282 1709 qualis
2311 1639 2435 1693 inde
2468 1638 2771 1707 prodisset;
2806 1652 2910 1692 non
2944 1652 3156 1707 [uenam
3191 1636 3298 1691 illic
3322 1652 3447 1707 pas-

1846 1747 2024 1794 surus,
2059 1730 2151 1786 sed
2175 1730 2507 1799 disciplinam
2536 1746 2555 1794 ;
2581 1745 2679 1783 nec
2706 1729 2885 1784 seculi
2915 1737 3201 1793 tormenta,
3230 1729 3321 1783 sed
3352 1744 3447 1784 sua

1848 1822 2061 1885 ofﬁcia;
2107 1836 2280 1892 eoque
2325 1820 2574 1875 ﬁdentior
2614 1819 2718 1889 (ti)
2760 1834 3110 1889 processurus
3155 1820 3221 1875 ad
3276 1829 3450 1876 certa-

143 1912 385 1983 intperat,
415 1928 481 1967 an
509 1929 627 1967 eum
656 1914 844 1982 prohat
875 1931 993 1985 quae
1023 1915 1160 1970 Deus
1188 1924 1369 1969 noster
1390 1914 1747 1984 etimperavit
1775 1928 1822 1988 Β
1850 1929 1971 1970 meo
1993 1928 2024 1969 e
2049 1912 2288 1971 cuStodia
2316 1914 2515 1969 abusus
2539 1954 2554 1977 ,
2602 1912 2729 1965 nihil
2771 1911 2977 1968 habens
3016 1913 3197 1969 carnis
3224 1954 3238 1977 ,
3290 1914 3368 1971 sic
3398 1924 3455 1971 ut

144 2020 353 2074 semper
379 2016 430 2061 et
457 2006 701 2077 probavit
735 2008 757 2059 ?
789 2005 896 2061 Sed
942 2022 1128 2062 rursus
1171 2006 1249 2076 (a)
1316 2007 1463 2076 palos
1497 2005 1748 2061 termina-

148 2096 227 2151 les
257 2096 412 2166 ﬁgitis
434 2097 563 2161 Deo,
597 2098 733 2151 sicut
758 2098 825 2151 de
851 2099 1043 2164 gratia,
1074 2098 1143 2152 ita
1172 2096 1240 2153 de
1268 2097 1584 2167 disciplina;
1614 2099 1752 2152 sicut

144 2188 212 2245 de
264 2189 701 2252 charismatibus,
748 2189 815 2243 ita
859 2199 912 2244 et
952 2190 1083 2261 (2)
1146 2189 1215 2245 de
1266 2189 1633 2253 solemnibus;
1695 2196 1752 2242 ut

146 2280 371 2351 proinde
400 2280 570 2336 ollicia
599 2282 952 2347 cessaverint,
982 2280 1437 2353 quemadmodum
1462 2289 1518 2335 et
1544 2277 1748 2335 beneﬁ-

148 2374 228 2428 cia
268 2373 417 2443 ejus,
468 2384 624 2443 atque
660 2374 733 2428 ita
773 2374 978 2444 negetis
1014 2388 1180 2445 usque
1217 2375 1392 2430 adlutc
1419 2389 1542 2428 eum
1568 2372 1751 2427 munia

149 2466 462 2535 imponere,
490 2465 611 2535 quia
662 2473 717 2519 et
760 2464 848 2520 hic
892 2464 1000 2519 Lex
1045 2475 1098 2521 et
1144 2465 1425 2535 Propheta
1472 2479 1642 2533 usque
1687 2462 1754 2519 ad

151 2557 411 2613 Joannem
440 2576 451 2609 :
506 2566 753 2627 superest
801 2567 859 2613 ut
890 2566 1059 2614 totum
1088 2558 1364 2626 auferatis,
1394 2563 1650 2627 quantum
1703 2555 1755 2609 in

155 2648 310 2704 vobis
338 2660 442 2704 tam
472 2649 727 2704 Otiosum.

752 2738 981 2797 CAPUT
1033 2742 1142 2799 XII.

224 2829 341 2885 lant
360 2830 501 2886 enim
521 2841 575 2887 et
604 2832 655 2886 in
687 2831 788 2888 ista
815 2834 996 2903 specie
1026 2832 1173 2887 ditati
1200 2830 1515 2900 saturatiqus
1544 2829 1767 2900 regnatis

1854 2022 1953 2063 nec
1984 2006 2214 2062 habeant
2256 2014 2520 2060 tormenta
2553 2004 2835 2061 materiam
2864 2021 2879 2069 ;
2911 2005 3030 2060 cum
3072 2005 3183 2060 sola
3224 2016 3276 2060 et
3303 2006 3451 2061 arida

1852 2102 1923 2156 sit
1948 2110 2071 2156 cute
2113 2098 2367 2153 loricatus
2392 2140 2408 2164 ,
2458 2098 2559 2168 (c)
2605 2108 2657 2151 et
2692 2106 2877 2153 contra
2926 2098 3150 2169 ungulas
3184 2113 3454 2163 corneus;

1856 2193 1935 2263 (ά)
1960 2190 2236 2263 praemisso
2253 2189 2362 2259 jam
2386 2188 2661 2259 sanguinis
2682 2204 2864 2256 succo,
2891 2189 2961 2259 (ε)
2984 2199 3235 2260 tanquam
3261 2192 3453 2246 animae

1857 2283 2273 2355 impedimentis,
2299 2292 2619 2351 properante
2646 2283 2749 2349 jam
2775 2294 2823 2336 et
2851 2282 2962 2351 ipsa
2986 2324 3000 2342 .
3032 2299 3151 2353 quae
3172 2283 3281 2353 jam
3311 2298 3455 2352 saepe

1857 2375 2104 2446 ipjunans
2126 2382 2351 2429 mortem
2375 2372 2442 2427 de
2469 2373 2712 2441 proximo
2735 2374 2877 2427 norit
2908 2393 2919 2427 :
2947 2372 3013 2445 (fi
3041 2376 3199 2446 plane
3222 2386 3454 2433 vestrum

1860 2478 1944 2525 est
1973 2469 2023 2523 itt
2055 2466 2360 2523 carceribus
2389 2467 2464 2536 (υ)
2499 2467 2725 2537 pepinas
2754 2466 3010 2522 exhibere
3029 2468 3108 2539 (It)
3135 2470 3460 2541 martyribus

1866 2559 2122 2621 incertis,
2172 2560 2235 2625 (ἱ)
2267 2572 2333 2611 ne
2370 2556 2814 2613 consuetudinem
2858 2568 3130 2627 quaerant,
3177 2576 3243 2615 ne
3270 2560 3463 2618 taedeat

1870 2652 1994 2705 vitae
2020 2692 2032 2715 ,
2065 2650 2133 2720 (j)
2162 2664 2229 2703 ne
2258 2663 2391 2704 nova
2434 2647 2771 2703 abstinentiae
2797 2648 3073 2719 disciplina
3101 2651 3465 2708 scandalizen-

1876 2752 1981 2807 tur,
2028 2754 2187 2811 quant
2236 2752 2334 2795 nec
2362 2739 2449 2793 ille
2478 2736 2739 2795 Pristinus
2780 2748 2954 2795 \‘CSICI‘
2999 2754 3103 2796 non
3135 2739 3463 2799 christianos

1386 2936 1772 2997 LECTIONES
1811 2930 2221 2993 VARIANTES.

216 3055 289 3121 (ί)
322 3056 451 3120 Erga
468 3055 646 3118 Deum,
673 3054 815 3108 delet.
845 3058 946 3108 Lat.

1928 3046 2002 3111 (2)
2029 3044 2091 3097 Et
2113 3042 2240 3097 delet
2255 3041 2407 3096 Seml.

1513 3150 2071 3217 COMMENTARIUS.

153 3256 433 3327 peregisse
475 3270 593 3327 quae
635 3256 703 3311 de
746 3270 811 3311 co
836 3256 1076 3311 ordinata
1122 3266 1177 3312 et
1230 3254 1480 3381 pradli‘cta
1522 3255 1752 3312 fuerant.

1408 3341 1476 3381 ιο.

1408 3341 1476 3383 IC.

233 3397 316 3468 (a)
360 3396 523 3470 Palas
575 3398 861 3453 terminales
900 3398 1055 3470 ﬁgitis
1098 3396 1226 3453 Deo.
1279 3398 1539 3455 Auctorcs
1582 3396 1761 3450 ﬁnium

158 3468 528 3538 regundorum
560 3470 707 3538 palos
740 3486 835 3539 pro
866 3468 1107 3524 teriuinis
1138 3470 1187 3523 in
1230 3470 1543 3538 quibusdam
1588 3470 1760 3537 regio-

160 3542 323 3595 nibus
353 3540 475 3608 poni
529 3540 763 3604 docent,
808 3541 1028 3610 iliccos,
1064 3540 1385 3610 oleagineos,
1432 3541 1763 3610 junipercos,

160 3620 295 3675 etc.,
333 3611 482 3676 palos
509 3610 576 3664 de
608 3611 724 3665 ilice
756 3613 974 3680 picatos.
1007 3609 1124 3664 lito.

234 3682 394 3738 CAP.
426 3679 539 3736 XII.
569 3712 638 3721 —
654 3681 735 3752 (ιι)
759 3679 1117 3736 Ῥωσηωιηη
1132 3682 1199 3735 ad
1218 3694 1464 3736 certamen
1493 3698 1521 3735 e
1543 3679 1765 3733 custodia

162 3752 375 3806 abusus.
411 3753 644 3814 Abusus,
678 3752 834 3822 longo
878 3767 973 3806 usu
1020 3755 1398 3822 propemodum
1452 3753 1766 3822 absumptus

163 3822 572 3891 confectosque.
616 3824 669 3878 Si
698 3819 821 3893 quid
847 3819 1094 3893 juvaréut
1121 3819 1446 3893 exemplaria
1468 3865 1481 3884 .
1516 3819 1765 3893 mallem,

163 3894 382 3959 obesus,
415 3892 864 3963 quemadnuidum
925 3905 1077 3949 vetns
1122 3892 1457 3963 poeta’apud
1498 3892 1763 3959 Gellium,

165 3966 382 4019 obesum
413 3964 543 4017 dixit
570 3980 665 4032 pro
690 3967 819 4018 exili
852 3974 903 4019 et
932 3965 1243 4033 gracilento.
1288 3964 1407 4019 lito.

246 4036 377 4104 (c)
429 4033 490 4086 Et
546 4046 721 4088 contra
766 4036 983 4105 ungulas
1030 4052 1262 4089 corneus.
1320 4035 1459 4087 Inter
1505 4041 1768 4105 tormenta

164 4112 335 4162 erant
376 4104 614 4174 ungula);
663 4122 723 4160 ac
767 4108 993 4175 pritnmn
1025 4107 1263 4176 quidem,
1313 4115 1459 4159 uth
1506 4104 1767 4176 vocabulo

164 4176 563 4257 conjiccrc_cst
584 4218 598 4242 ,
627 4176 691 4231 de
718 4175 1059 4257 ipsis_liestiis
1095 4178 1308 4257 decisae;
1333 4177 1458 4257 dein
1495 4175 1765 4257 ad_ct_irum

164 4248 415 4302 fortnam
463 4245 651 4301 ferreae
686 4265 699 4301 :
740 4245 803 4301 iis
848 4249 1012 4303 latera
1064 4250 1381 4303 miserorum
1417 4245 1767 4307 deradebant,

163 4319 289 4384 vel,
329 4329 384 4371 ut
425 4316 610 4371 dixere
639 4319 877 4386 quidam,
909 4318 1235 4380 scribebant,
1267 4318 1649 4373 charaxabant.
1685 4317 1771 4371 Ait

166 4390 349 4457 igitur
389 4388 701 4456 Septimius,
744 4399 918 4443 cntetu
948 4389 1166 4458 jejuniis
1196 4390 1397 4443 aridam
1436 4400 1489 4443 et
1517 4404 1769 4458 corneam

165 4456 447 4516 δόνει-ειη
469 4459 765 4526 hujusmodi
786 4456 1046 4515 tormenta
1066 4462 1475 4515 constantiorem
1496 4460 1626 4513 fore.
1652 4456 1767 4513 Rto.

256 4529 345 4601 (ό)
382 4527 651 4601 Rrrcmisso
671 4532 785 4601 jam
821 4532 1085 4601 sanguinis
1114 4548 1280 4585 sacco.
1334 4531 1616 4587 I’t‘ztnisso
1668 4530 1771 4601 sci-

167 4600 314 4684 licet
365 4600 429 4684 ad
455 4600 797 4684 .Dcum,quo
823 4600 933 4672 jam
967 4614 1019 4656 et
1062 4606 1174 4672 ipse
1200 4611 1340 4658 totus
1371 4610 1645 4684 properat.
1682 4600 1771 4654 Sic

168 4672 313 4749 alibi
360 4670 493 4749 dixit
537 4670 1153 4749 pra-missarumxorem,
1202 4670 1506 4745 praemissos
1551 4672 1768 4737 liberos,
1798 4691 1850 4749 Ι)

163 4744 296 4814 jam
320 4742 529 4814 stet-nlo
550 4742 837 4813 digressos.
874 4743 988 4800 th.

257 4811 338 4883 (ι’)
382 4811 642 4883 Tanquam
702 4816 885 4869 anima:
952 4816 1338 4885 impedimentis.
1395 4811 1775 4885 Impedimenta

172 4885 321 4939 dicit
357 4884 602 4957 militari
636 4886 953 4955 signiﬁcatu.
1003 4884 1337 4943 Christianus
1376 4884 1486 4957 jam
1520 4884 1776 4957 plurimis

170 4953 496 5011 cmncialus
534 4953 751 5026 jejuni—is
788 4958 1043 5026 praemisit
1068 4959 1132 5012 ad
1182 4953 1464 5013 Dominum
1516 4953 1651 5009 hanc
1696 4954 1775 5026 sui

168 5035 430 5099 partem,
464 5024 771 5095 sanguinem
789 5024 957 5083 suum
1001 5030 1221 5093 scilicet,
1263 5024 1777 5099 tauquamimpedi-

171 5097 383 5153 inenta
423 5112 543 5169 sua,
586 5108 834 5169 tanquam
877 5114 1025 5163 vasa,
1073 5107 1322 5169 tanquam
1369 5097 1774 5169 Supellectilem.

171 5170 374 5237 Quam
405 5168 577 5239 gravis
607 5167 690 5223 hic
718 5170 1064 5238 paracleticns
1102 5167 1321 5235 doctor,
1349 5186 1470 5223 cum
1504 5169 1617 5222 istis
1640 5167 1779 5236 jeju-

175 5240 302 5295 niis
327 5247 437 5293 tant
476 5241 701 5295 austeris
733 5241 745 5292 !
784 5241 922 5295 Sane
969 5242 1133 5294 miror
1163 5243 1215 5295 itt
1254 5242 1398 5295 libris
1424 5239 1781 5306 exsanguibus

175 5320 249 5367 ct
280 5310 499 5365 corneis
528 5319 727 5365 tantum
776 5311 993 5382 ingenii,
1028 5319 1231 5366 tantum
1279 5311 1619 5375 amamitatis,
1664 5318 1779 5361 latt-

174 5392 319 5451 tum
341 5382 746 5451 elegantiarum.
780 5382 897 5437 th.

268 5450 345 5523 (Γ)
374 5450 531 5525 Plane
562 5462 778 5506 vestrum
805 5463 900 5525 est,
933 5453 983 5507 in
1006 5454 1287 5508 carceribus
1318 5454 1529 5525 popinas
1556 5450 1788 5525 aspicere

178 5522 513 5595 martyribus
556 5524 778 5577 incertis.
829 5524 1097 5595 Principio
1146 5526 1265 5579 libri
1311 5522 1564 5578 adversus
1596 5522 1779 5595 Valett

182 5591 462 5658 littiaitos,
511 5595 710 5663 facilem
755 5610 876 5651 esse
918 5600 990 5651 ait
1013 5591 1273 5649 'Fratrum
1323 5596 1619 5656 caritatem;
1654 5603 1705 5645 ct
1746 5591 1777 5644 I.

178 5663 469 5736 adversus
494 5664 750 5721 I’raxcam
772 5710 786 5733 ,
815 5670 1023 5736 majoris
1044 5683 1239 5735 semper
1262 5667 1566 5736 credentium
1594 5672 1783 5733 partem

180 5734 466 5807 simplices
510 5744 556 5787 ct
608 5736 809 5807 idiotas.
860 5734 951 5790 llic
1004 5734 1475 5807 ergohominibus
1521 5735 1573 5807 id
1622 5746 1790 5807 genus

181 5804 539 5871 exprobrare
580 5806 787 5859 videtur
835 5802 1333 5863 benelircinissimre
1358 5806 1592 5859 caritatis
1614 5802 1787 5858 ofﬁcia

182 5876 253 5929 in
297 5874 646 5943 Peregrinum
676 5878 821 5931 illum
852 5890 1194 5945 impostorem
1222 5878 1429 5939 collata,
1456 5875 1544 5945 qui
1576 5874 1788 5929 tandem

184 5945 450 6015 agnitus,
495 5956 548 5999 et
594 5946 881 6001 christiana
912 5950 1290 6004 communione
1332 5947 1585 6017 depulsus
1614 5960 1644 6001 a
1686 5945 1790 5999 Lu-

442 6039 888 6103 TERTULLIANI
936 6042 1015 6104 II.

1867 3248 2021 3301 ciano
2080 3243 2443 3304 describitur.
2504 3242 2659 3313 cujus
2710 3245 2869 3300 etiam
2924 3246 3063 3303 inter
3114 3248 3459 3313 Ethnicorum

1868 3317 2114 3391 exempla
2139 3315 2395 3391 meminit
2414 3312 2716 3391 Septimius
2735 3317 2826 3370 lib.
2852 3317 2916 3372 ad
2950 3317 3230 3391 Martyras.

2058 3386 2283 3453 Papinus
2312 3385 2561 3462 exhibere.
2592 3386 2872 3450 Lucianus,
2899 3385 3229 3447 συνίκεὶδιυδιν
3257 3396 3363 3462 μ·τ’
3380 3404 3469 3453 αὖ-

1868 3468 1972 3521 τῶν
2008 3464 2343 3530 διαφθείροντι(
2372 3467 2476 3521 τοὺς
2503 3461 2878 3531 ὃςσμιῖὑλαας,
2912 3462 3019 3517 εἶτα
3064 3468 3230 3518 osi-rvat
3258 3461 3469 3524 inauditi.

1870 3542 2213 3597 τὶιριομίζετο.

1946 3602 2026 3670 (h)
2058 3598 2368 3680 Martyribtts
2392 3598 2615 3680 incertis.
2655 3598 2889 3666 Quorum
2940 3602 3070 3659 ﬁdes
3098 3607 3272 3661 minus
3299 3625 3454 3680 spec-

1871 3683 2001 3737 tata,
2030 3686 2202 3740 neque
2224 3671 2353 3725 satis
2378 3671 2676 3738 explorata.

1940 3744 2001 3811 (ἰ)
2033 3740 2114 3795 Ne
2139 3742 2549 3813 consuetudinem
2581 3755 2830 3810 quwrant.
2860 3740 2935 3798 Ne
2961 3757 3233 3813 consueta,
3258 3765 3323 3807 ne
3361 3770 3453 3810 sua

1869 3814 2195 3941 gesiderent,
2228 3811 2297 3869 Ut
2347 3813 2544 3867 lautius
2593 3815 2645 3867 in
2689 3815 2992 3870 carceribus
3038 3811 3244 3887 vivant,
3290 3839 3450 3893 quam

1910 3901 2036 3939 omi.

1910 3901 2036 3939 "IIII.

1944 3957 2012 4023 (li
2054 3954 2136 4009 Ne
2177 3970 2306 4030 nova
2340 3952 2655 4030 abstinentia:
2701 3955 2969 4030 disciplina
3010 3960 3451 4030 scandalizentur,

1871 4042 2019 4104 quam
2052 4042 2139 4079 nec
2170 4024 2257 4104 ille
2286 4023 2528 4104 pristinus
2573 4034 2731 4104 vester
2770 4040 2868 4078 non
2909 4026 3215 4104 chris/ianus
3263 4023 3453 4104 martyr

1872 4094 2128 4167 attigerat.
2185 4094 2489 4167 I.eg_endum
2546 4096 2898 4167 arbitramur.
2946 4098 3210 4164 pristinum
3270 4094 3448 4159 veste}.

1876 4165 1986 4223 Iloc
2012 4178 2092 4220 est
2117 4165 2383 4233 quondam
2416 4174 2612 4229 vester,
2652 4166 3097 4234 quemadmodum
3144 4172 3291 4227 initio
3332 4173 3448 4231 lihri

1872 4241 2130 4295 adversus
2163 4237 2399 4290 Praxean
2422 4235 2553 4289 dixit
2574 4237 2843 4303 pristinum
2873 4238 3065 4293 doctor.
3092 4242 3146 4295 In
3170 4244 3303 4299 hanc
3327 4264 3453 4305 vero

1875 4309 2150 4365 historiam
2179 4323 2336 4384 quam
2368 4305 2902 4384 narrat_Se_ptimiu_s,
2936 4309 3156 4384 plurima
3188 4318 3450 4384 quadrant

1874 4394 2060 4435 eorum
2106 4394 2223 4446 quae
2256 4376 2519 4448 Lueianus
2553 4377 2618 4430 de
2649 4376 3356 4448 Peregrinatradiditham
3399 4400 3452 4442 PI.

1878 4452 2035 4506 istum
2066 4449 2202 4523 apud
2230 4447 2565 4501 Christianos
2602 4448 2651 4499 in
2684 4446 2819 4523 fama
2847 4458 2901 4501 et
2947 4452 3117 4523 pretio
3145 4454 3449 4523 aliquandiu

1877 4523 2037 4599 [uisse
2084 4518 2267 4599 refert,
2308 4534 2373 4599 ac
2426 4526 2643 4585 propter
2684 4518 2889 4573 habitos
2929 4521 2997 4575 ab
3025 4538 3088 4599 eo
3118 4538 3211 4593 per
3236 4518 3450 4599 'oppida

1875 4594 2044 4665 Syria:
2091 4592 2161 4665 de
2204 4590 2416 4645 Christo
2464 4601 2758 4650 sermones.
2793 4590 3455 4665 cornprehensmnfinis.

1877 4660 2102 4732 sumque
2151 4662 2200 4715 iu
2240 4668 2742 4732 carceremaatque
2792 4660 2984 4715 ibidem
3030 4660 3449 4725 Christianorum

1877 4728 2135 4791 chori-tate
2177 4747 2237 4786 ac
2288 4730 2463 4803 studio
2513 4728 2914 4803 diligentissime
2969 4746 3245 4803 curatum,
3286 4747 3455 4796 comis

1879 4822 2038 4878 omne
2066 4818 2232 4875 genus
2279 4800 2459 4878 illatis,
2485 4816 2611 4853 mox
2658 4817 2750 4869 per
2790 4802 3169 4878 humanitatem
3213 4800 3453 4878 limini,-

1880 4870 2133 4931 emissu'm
2159 4886 2393 4927 carcere.
2427 4870 2612 4947 I’ostca
2643 4887 2768 4926 vero
2792 4874 2858 4925 ob
2873 4874 3062 4947 delicta
3093 4870 3355 4947 qumdam,
3386 4888 3452 4941 ab

1880 4948 2171 5001 christiano
2216 4942 2486 4998 consortio
2534 4942 2804 5010 ejectum,
2840 4946 3012 4999 varias
3057 4942 3216 5004 urbes
3256 4942 3457 5009 obiisse

1883 5032 1987 5073 non
2016 5018 2129 5071 sine
2158 5015 2321 5085 gloria
2340 5084 2345 5085 γ
2364 5012 2849 5085 pltilosolihantem,
2902 5030 2965 5069 ac
2993 5017 3206 5076 demum
3235 5025 3457 5080 Athenis

1886 5090 2069 5141 insana
2098 5083 2370 5157 quierendi
2399 5083 2628 5137 nominis
2656 5083 2904 5157 cupidine
2926 5090 3216 5157 percitum,
3254 5110 3456 5149 convn-

1884 5169 2000 5215 cata
2058 5154 2417 5225 multitudine,
2472 5163 2753 5225 postquam
2797 5154 2957 5210 \erba
3006 5160 3165 5213 multa
3205 5154 3285 5217 de
3330 5182 3461 5220 con-

1886 5239 2087 5303 temptu
2117 5228 2302 5281 mortis
2331 5224 2639 5303 fe.cisset_,_in
2666 5224 2940 5303 ardentem
2971 5242 3155 5299 rogmn
3186 5233 3455 5303 insiliis~e,

1888 5294 2202 5378 necivisutn
2229 5294 2499 5378 Isi-mplius.
2540 5294 2825 5378 Martyrettt
2855 5294 3463 5378 istuur'qualiscumqne

1889 5372 2067 5447 fuerit,
2099 5365 2500 5447 psycbicum,_id
2522 5376 2607 5421 est
2628 5365 2970 5447 catholicum,
3004 5365 3167 5447 fuisse
3189 5376 3263 5430 ait
3286 5365 3434 5447 Septi
3451 5412 3466 5421 -

1891 5444 2056 5506 titius,
2101 5436 2214 5494 non
2262 5436 2613 5510 christianum
2656 5454 2669 5491 :
2720 5439 2839 5507 quia
2890 5444 3170 5499 tormentis
3224 5436 3469 5510 admotus

1891 5514 2157 5569 Christum
2218 5514 2524 5578 negaverat.
2581 5507 2927 5578 Peregrinum
2996 5528 3152 5567 suum
3206 5507 3471 5578 Lucianus

1892 5585 2067 5640 scribit
2092 5584 2141 5634 iu
2174 5577 2443 5635 mre-cretii
2471 5577 2793 5647 conjectum.
2816 5590 3100 5648 propterea
3121 5590 3263 5654 quod
3290 5577 3477 5649 Chris-

1893 5668 1999 5711 lttltt
2017 5654 2234 5715 Cttlt'rttl,
2254 5661 2327 5705 τὶν
2352 5654 2690 5722 μέγαν-ἰατὴν
2716 5657 2951 5720 {if/penus
2975 5658 3018 5705 ἰν
3051 5668 3333 5722 animum
3358 5670 3448 5717 ἀνι
3468 5697 3478 5705 .

1892 5732 2267 5781 exanimatin.
2288 5720 2572 5795 confestim
2602 5734 2896 5795 accurrisse
2917 5723 3261 5795 christianos,
3280 5720 3349 5787 u'ti
3374 5736 3484 5789 rm-

1898 5807 2027 5858 tres,
2057 5805 2215 5869 atque
2240 5790 2547 5846 omnitnoda
2579 5790 2763 5869 solatia
2803 5796 3121 5859 contulisse;
3151 5790 3276 5869 quin
3319 5809 3481 5861 etiam

1897 5880 2114 5944 eunt‘eo
2140 5866 2190 5917 in
2211 5864 2825 5944 carcerenpermansisse
2866 5880 2929 5918 ac
2950 5864 3323 5944 pernoctasse,
3358 5891 3477 5933 cor-

1898 5938 2073 6007 ruptis
2105 5934 2382 5992 custodiis.
2428 5931 2553 5990 Rue.

2680 6024 2935 6104 (Trente
2963 6039 3015 6092 et
3048 6041 3217 6114 una.)
