4220 6492
756 390 855 442 971

2148 370 2537 431 TERTULLIA
2548 371 2610 427 NI

3946 369 4047 425 972

763 514 965 574 martyr
1008 502 1245 571 attigerat
1273 516 1286 565 ς
1319 514 1475 570 quem
1518 506 1570 551 et
1600 496 1676 565 (a)
1713 494 1959 549 facultate
1992 493 2065 562 (1)
2096 489 2352 546 custodia:
2378 494 2431 554 Α
2457 496 2510 543 et
2532 485 2737 542 adulari
2770 503 2784 544 :
2815 485 2941 541 illud
2970 486 3111 540 enim
3134 485 3359 556 imperio
3383 484 3521 555 ejus,
3553 484 3653 540 hoc
3675 484 3904 539 arbitrio
3932 500 4049 540 meo

767 594 948 650 liberm
990 592 1293 663 aliquandiu
1327 591 1520 645 fartum
1555 585 1632 657 (9.)
1671 586 1919 641 onmibus
1954 584 2157 638 balneis
2195 581 2345 652 quasi

765 672 1085 750 baptismate
1111 676 1417 733 melioribus
1441 685 1495 729 et
1523 672 1769 729 omnibus
1795 670 2015 726 luxuria:
2043 667 2347 725 secessibus

761 774 911 843 quasi
952 773 1202 827 Ecclesiae
1242 768 1623 825 secretioribus
1665 776 1719 822 et
1755 765 2004 821 omnibus
2028 764 2149 819 vita:
2195 763 2347 817 istius

765 867 971 920 illecebt
987 864 1031 917 is
1047 862 1195 934 quasi
1224 873 1440 917 aeterna:
1463 858 1821 931 dignioribus,
1857 858 1958 912 hoc
1984 867 2111 927 puto
2138 853 2344 925 obliga-

764 969 871 1013 tum
902 959 978 1028 (3)
1010 971 1075 1011 ne
1106 958 1238 1011 mori
1283 955 1468 1020 Vellet,
1504 962 1774 1024 postremo
1813 952 1927 1022 ipso
1954 949 2233 1005 tribunalis
2259 949 2347 1003 die

763 1052 877 1105 Iure
905 1065 1110 1104 summa
1134 1048 1211 1119 (b)
1236 1049 1457 1103 condito
1483 1060 1631 1100 mero
1656 1053 1904 1113 tanquam
1930 1041 2171 1097 antidoto
2213 1057 2347 1110 prae-

764 1141 1122 1207 medicatum,
1156 1142 1223 1194 ita
1251 1139 1571 1203 eucrvastis,
1615 1138 1688 1207 (c)
1748 1146 1799 1189 ut
1830 1134 2012 1207 paucis
2040 1134 2250 1204 ungulis
2281 1135 2347 1187 ti-

762 1234 982 1298 tillatus,
1013 1234 1112 1287 hoc
1131 1231 1273 1286 enim
1304 1231 1535 1286 ebrietas
1556 1228 1837 1293 sentiebat,
1872 1242 2030 1297 quem
2066 1226 2345 1281 Dominum

760 1325 1103 1380 confiteretur
1142 1321 1487 1391 interroganti
1516 1320 1728 1391 praesidi
1768 1318 2092 1389 respondere
2120 1333 2223 1372 non
2251 1332 2347 1388 po-

762 1417 921 1471 tuerit
941 1415 1186 1485 amplius.
1216 1414 1293 1484 (d)
1324 1416 1494 1483 Atque
1534 1414 1603 1467 ita
1628 1412 1693 1467 de
1719 1411 1819 1465 hoc
1836 1411 1945 1481 jam
1969 1421 2211 1466 extortus
2239 1410 2343 1481 (4),

759 1508 829 1578 (ε)
861 1523 983 1563 cum
1013 1508 1271 1576 singultus
1297 1516 1351 1560 et
1377 1516 1559 1560 ructus
1582 1505 1727 1559 solos
1754 1504 2005 1571 haberet,
2038 1509 2090 1559 in
2122 1506 2229 1574 ipsa
2254 1519 2346 1559 ne-

757 1602 971 1669 gatione
996 1599 1219 1667 digessit
1251 1598 1350 1664 (5).
1402 1596 1527 1651 Ideo
1556 1595 1864 1651 sobrietatis
1899 1595 2232 1666 disciplinam
2256 1597 2347 1666 qui

760 1691 1048 1760 praedicant
1080 1688 1561 1760 pseudoprophelae
1582 1730 1595 1752 ,
1632 1689 1752 1743 ideo
1779 1687 2017 1744 haeretici
2038 1689 2126 1759 qui
2156 1690 2346 1743 obser-

760 1791 903 1837 vant.
931 1781 1065 1848 Quid
1083 1795 1211 1851 ergo
1227 1780 1449 1835 cessatis
1470 1780 1825 1845 Paraelettun,
1846 1792 2005 1849 quem
2022 1780 2071 1833 in
2097 1778 2347 1833 Montano

2454 588 2669 651 praesto.
2702 578 2844 635 Bene
2868 588 3045 634 autem
3079 578 3222 648 quod
3263 587 3317 633 ct
3340 578 3577 647 episcOpi
3602 578 3869 632 universae
3900 577 4041 647 plebi

2449 672 2701 728 mandare
2720 670 2918 741 jejuuia
2958 671 3229 733 assolent;
3261 686 3365 724 non
3391 669 3511 724 dico
3540 671 3608 725 de
3638 670 3897 725 industria
3931 670 4032 723 sti-

2452 766 2593 836 pium
2616 764 3059 821 conferendarum
3082 808 3097 831 ,
3127 774 3185 819 ut
3216 774 3405 822 vestra.-
3430 772 3665 834 capturte
3690 775 3771 819 est
3794 781 3808 827 ;
3845 762 4046 817 sodiu-

2449 863 2657 919 terdutn
2685 870 2741 917 et
2758 876 2822 915 ex
2840 860 3013 931 aliqua
3030 859 3403 916 sollicitudinis
3424 858 3803 912 ecclesiastica:
3828 870 4041 912 caussa.

2450 952 2631 1023 Itaque
2671 952 2716 1006 si
2752 959 2807 1006 et
2848 966 2914 1006 ex
2955 949 3188 1005 hominis
3215 948 3390 1003 cdieto
3414 990 3428 1014 ,
3474 957 3525 1003 et
3553 948 3607 1003 in
3655 960 3820 1003 unum
3861 960 4049 999 omnes

2450 1049 2855 1117 ταπεινοφρὸνησιν
2885 1044 3127 1114 agitatis,
3160 1042 3430 1113 quomodo
3454 1042 3507 1096 in
3541 1041 3692 1096 nobis
3722 1043 3897 1109 ipsam
3924 1054 4051 1109 quo-

2449 1152 2554 1206 que
2604 1136 2860 1191 unitatem
2913 1135 3307 1207 jeiunationum
3366 1143 3419 1188 et
3476 1133 3931 1202 xerophagiarum
4004 1142 4051 1185 et

2448 1230 2734 1284 stationum
2760 1228 3068 1283 denotatis?
3098 1227 3199 1281 nisi
3242 1227 3377 1280 forte
3406 1226 3456 1278 in
3500 1236 3721 1280 senatus
3761 1224 4012 1278 consulta
4032 1263 4046 1288 ,

2450 1333 2506 1378 et
2533 1324 2584 1378 iu
2628 1324 2925 1394 principum
2975 1322 3222 1377 mandata
3252 1320 3574 1376 coitionibus
3602 1319 3849 1388 opp0sita
3881 1318 4052 1372 delin-

2449 1418 2683 1487 quimus.
2714 1414 2944 1484 Spiritus
2968 1414 3216 1478 Sanctus,
3247 1427 3366 1470 cum
3391 1414 3440 1466 iu
3470 1411 3663 1483 quibus
3688 1410 3848 1464 vellet
3877 1408 4051 1474 terris,

2452 1520 2505 1565 ct
2533 1526 2627 1579 per
2650 1524 2783 1579 quos
2811 1509 2972 1564 vellet
3019 1508 3365 1578 praedicaret,
3398 1523 3463 1561 ex
3503 1505 3840 1575 providentia
3872 1504 4052 1559 immi-

2453 1604 2730 1667 nentium,
2785 1604 2898 1656 sive
2938 1599 3421 1655 ecclesiasticarum
3481 1598 3885 1663 tcutatiouum,
3946 1597 4052 1650 sive

2454 1696 2801 1750 mundialium
2847 1696 3156 1765 plagarum,
3189 1709 3293 1765 qua
3327 1692 3654 1762 paraclelus,
3687 1692 3736 1745 id
3768 1700 3853 1745 cst
3882 1690 4049 1744 advo-

2451 1800 2633 1853 catus,
2663 1788 2727 1842 ad
2755 1788 3082 1843 exorandum
3111 1786 3347 1857 judicent
3369 1824 3385 1850 ,
3409 1783 3711 1854 huiusmodi
3748 1782 4055 1839 officiorum

760 1873 994 1945 negatis,
1037 1874 1088 1926 in
1135 1872 1322 1941 Apicio
1370 1872 1632 1926 credere?
1675 1870 2026 1925 Prmscribitis
2062 1871 2345 1925 constituta

2455 1880 2687 1937 remedia
2711 1880 3015 1935 mandabat.
3044 1879 3174 1933 l’uta
3199 1894 3341 1933 nunc
3367 1878 3432 1931 ad
3456 1876 3819 1932 exercendam
3848 1876 4055 1930 sobrie-

760 1982 881 2022 esse
907 1965 1166 2020 solemnia
1196 1963 1318 2019 huic
1349 1963 1472 2019 fidei
1502 1964 1782 2033 scripturis
1807 1964 1889 2018 vel
1916 1964 2205 2020 traditione
2235 1982 2346 2021 uta-

756 2062 937 2131 jortun
964 2102 978 2123 ,
1012 2059 1250 2129 nihilque
1281 2057 1667 2113 observationis
1694 2057 1922 2127 amplius
1953 2057 2306 2128 adjiciendum
2328 2101 2343 2125 ,

759 2152 829 2208 ob
863 2149 1103 2206 illicitum
1149 2149 1526 2205 iuuovatiouis.
1574 2149 1723 2205 State
1752 2149 1805 2204 in
1837 2149 1938 2206 i510
1962 2151 2128 2220 gradu
2174 2152 2217 2207 si
2248 2168 2343 2223 po-

754 2245 925 2301 testis.

1338 2375 1565 2433 CAPUT
1605 2376 1742 2431 XIII.

832 2518 968 2573 Ecce
1004 2515 1077 2587 (f)
1111 2514 1251 2570 enim
1279 2511 1539 2568 convenio
1566 2526 1661 2567 vos
1687 2520 1739 2567 et
1764 2522 1956 2582 praeter
1986 2512 2184 2569 Pascha
2207 2514 2345 2586 jeju-

759 2618 978 2672 uantes,
1011 2608 1140 2661 citra
1175 2607 1290 2659 illos
1306 2604 1421 2659 dies
1447 2603 1642 2673 quibus
1667 2603 1875 2658 ablatus
1898 2614 1979 2659 est
1999 2621 2260 2675 Sponsus,
2291 2616 2345 2662 et

756 2696 1045 2750 stationum
1078 2691 1412 2759 setuijcjuuia
1444 2689 1843 2759 interponentes
1867 2733 1881 2758 ,
1916 2700 1969 2747 et
2000 2691 2078 2763 ig)
2109 2709 2234 2748 vero
2266 2694 2343 2763 (6)

756 2790 1021 2845 interdum
1054 2804 1188 2860 ptine
1226 2798 1279 2842 et
1321 2803 1456 2857 aqua
1499 2788 1800 2843 victitantes
1822 2830 1834 2851 ,
1868 2799 1925 2841 ut
1953 2789 2144 2858 cuique
2170 2790 2342 2842 vismn

756 2890 871 2947 est;
897 2882 1127 2951 denique
1148 2879 1480 2949 respondctis
1507 2879 1621 2933 haec
1647 2896 1710 2934 ex
1738 2879 1960 2935 arbitrio
1984 2880 2209 2951 agenda,
2238 2896 2341 2935 non

756 2990 823 3032 cx
838 2976 1077 3045 imperio.
1104 2974 1340 3029 Movistis
1360 2974 1751 3045 igiturgradnm
1772 2975 2080 3031 excedcnilo
2099 2976 2339 3031 traditio-

754 3086 909 3133 nem,
943 3085 1063 3124 cum
1104 3085 1220 3137 qua:
1260 3085 1363 3123 non
1390 3069 1498 3123 sint
1531 3070 1611 3139 (7)
1637 3068 1924 3126 constituta
1967 3071 2145 3126 obitis.
2175 3072 2341 3141 Quale

752 3172 835 3217 est
872 3171 1047 3217 autem
1090 3172 1147 3216 tit
1172 3172 1260 3216 tuo
1285 3161 1509 3216 arbitrio
1533 3161 1809 3230 permittas
1829 3163 1969 3232 quod
1991 3164 2217 3234 imperio
2248 3166 2339 3222 Dei

2454 1976 2574 2028 tatis
2601 1984 2655 2029 et
2677 1973 3009 2029 abstinentia:
3039 1972 3406 2041 disciplinain;
3439 1968 3579 2024 hunc
3604 1969 3695 2039 qui
3727 1970 4048 2037 recipimus,

2450 2066 2755 2121 necessario
2801 2066 2961 2120 etiam
3009 2080 3127 2133 qua:
3176 2074 3297 2116 tunc
3342 2062 3618 2116 constituit
3665 2061 4040 2114 observantius.

2450 2159 2684 2228 Adspice
2715 2158 2779 2213 ad
2807 2158 3060 2213 Iudaicos
3081 2154 3275 2221 fastos,
3304 2165 3357 2209 et
3388 2154 3627 2209 invenies
3653 2151 3789 2207 nihil
3817 2167 4017 2206 novum
4046 2168 4059 2204 :

2457 2253 2501 2305 si
2532 2250 2621 2320 (9)
2652 2265 2771 2319 qua:
2812 2249 3049 2319 patribus
3081 2256 3206 2302 sunt
3246 2255 3509 2316 prcccepta
3532 2286 3546 2310 ,
3589 2246 3768 2298 omnis
3806 2244 4061 2312 deinceps

2450 2343 2739 2414 pOSIeritas
2791 2339 3129 2395 haereditaria
3188 2338 3449 2408 religione
3498 2335 3755 2390 custodt.
3815 2338 4061 2403 Aguntur

2452 2441 2707 2502 praeterea
2742 2432 2819 2502 (Ιι)
2849 2431 2965 2502 (10)
3010 2446 3105 2501 per
3133 2427 3369 2485 Graecias
3408 2428 3494 2482 illa
3526 2428 3645 2498 (ll)
3674 2427 3840 2481 certis
3897 2427 3951 2480 in
3985 2427 4061 2480 lo-

2447 2526 2526 2580 cis
2580 2524 2802 2580 cet-.cilia
2846 2540 2912 2577 ex
2958 2520 3221 2577 universis
3276 2519 3518 2575 ccclesiis
3574 2533 3671 2588 per
3710 2532 3832 2586 qua:
3890 2524 3949 2571 et
3993 2516 4064 2569 al-

2450 2617 2583 2671 liora
2628 2631 2852 2686 quzrque
2906 2616 2955 2667 iu
3004 2627 3289 2667 commune
3331 2618 3660 2675 tractantur,
3702 2622 3756 2664 et
3805 2608 3926 2677 ipsa
3984 2624 4064 2663 re-

2450 2709 2797 2779 praesentatio
2842 2707 3004 2760 tetius
3054 2705 3287 2759 nominis
3316 2702 3595 2758 christiani
3646 2716 3841 2771 magna
3895 2716 4061 2755 vene-

2450 2803 2655 2856 ratione
2682 2799 3004 2854 celebratur.
3051 2797 3121 2853 Et
3148 2798 3247 2851 hoc
3277 2810 3437 2866 quam
3469 2794 3689 2865 dignum
3722 2793 3830 2847 fide
3870 2794 4056 2862 auSpi-

2445 2904 2601 2949 caute
2640 2892 2953 2962 congregari
2996 2889 3229 2959 undique
3266 2888 3331 2942 ad
3369 2887 3682 2942 Christum!
3730 2884 3863 2941 Vide
3906 2903 4053 2956 quam

2446 2984 2630 3039 bonum
2673 2993 2719 3036 et
2753 2999 2904 3051 quam
2928 2980 3215 3051 jucundum
3267 2979 3496 3032 habitare
3545 2984 3735 3047 fratrea
3780 2979 3835 3031 in
3897 2994 4053 3030 unum

2446 3079 2463 3149 (
2491 3077 2580 3133 Ps.
2610 3076 2700 3133 Cll
2723 3081 2739 3146 )
2765 3093 2778 3142 ;
2814 3074 2913 3129 hoc
2946 3086 2998 3128 tu
3028 3075 3255 3144 psallere
3296 3088 3404 3127 non
3436 3072 3589 3126 facile
3615 3074 3793 3136 nosti,
3827 3073 3933 3126 nisi
3962 3089 4061 3142 quo

2447 3182 2689 3240 tempore
2726 3183 2847 3221 cum
2885 3165 3251 3234 compluribus
3279 3177 3479 3218 ccenas.
3528 3162 3848 3218 Conventus
3885 3177 4060 3219 autem

752 3272 857 3310 non
892 3254 1025 3310 das?
1053 3254 1170 3324 plus
1202 3253 1447 3308 humana:
1476 3252 1657 3309 licebit
1686 3253 1938 3309 voluntati
1964 3272 2121 3326 quam
2147 3257 2338 3318 divinte
2366 3274 2411 3337 ρ
2446 3264 2519 3318 illi
2550 3262 2865 3317 stationibus
2882 3260 3028 3329 prius
3049 3269 3102 3313 et
3124 3258 3548 3328 jejuuationibus
3574 3258 3787 3325 operati
3811 3274 3827 3320 ;
3860 3258 4049 3314 dolere

753 3346 1038 3415 potestati?
1067 3345 1175 3415 Ego
1201 3359 1286 3399 me
1313 3344 1533 3411 steculo,
1562 3358 1666 3400 non
1694 3344 1804 3399 Deo
1827 3344 2053 3402 liberum
2078 3353 2293 3408 memini
2322 3374 2335 3409 :

749 3442 827 3495 sic
852 3454 1058 3495 mecum
1087 3447 1172 3493 est
1189 3438 1331 3493 ultro
1356 3437 1592 3494 oﬂicium
1623 3438 1795 3494 facere
1816 3439 2063 3505 Domino,
2096 3443 2233 3501 sicut
2255 3447 2337 3519 (8)

751 3531 988 3588 indicere
1018 3530 1159 3586 illius
1182 3540 1303 3596 est;
1335 3544 1441 3588 non
1472 3538 1675 3585 tantum
1701 3530 1923 3602 obsequi
1950 3533 2001 3589 ei
2023 3533 2216 3607 debeo,
2239 3541 2335 3595 sed

2443 3373 2566 3411 cum
2584 3355 2703 3426 (ιε)
2720 3353 3043 3418 dolentibus,
3059 3361 3112 3407 et
3131 3353 3200 3406 ita
3221 3351 3437 3406 demum
3465 3354 3813 3421 eongaudere
3832 3354 4065 3422 gauden~

2443 3448 2583 3501 tibus
2612 3454 2829 3502 norunt.
2859 3445 2913 3500 Si
2942 3452 2996 3499 et
3022 3444 3122 3498 ista
3151 3443 3411 3498 solemnia
3436 3443 3630 3513 quibus
3666 3453 3797 3497 tunc
3824 3459 4061 3514 praesens

2443 3539 2801 3612 patrocinatus
2830 3549 2912 3596 est
2937 3551 3149 3606 sermo,
3185 3552 3284 3594 nos
3313 3551 3525 3609 quoque
3569 3538 3621 3592 in
3650 3536 3897 3601 diversis
3940 3554 4056 3610 pro.

1960 3668 2252 3729 LECTION
2257 3673 2340 3731 ES
2379 3673 2789 3732 VARIANTES.

822 3806 838 3867 (
852 3807 895 3863 ι)
920 3802 1071 3862 Quam
1097 3816 1158 3853 ex
1186 3801 1415 3867 facultate
1437 3804 1547 3855 cod.
1576 3803 1817 3857 Wouwer.

873 3861 892 3935 l
918 3861 1118 3935 ἓῗβςδυιη
1142 3861 1293 3935 Set"!-

875 3923 1209 3992 )leegatum
1232 3923 1385 3992 Seutl.

882 3988 894 4053 )
916 3988 1130 4053 Exortus
1149 3988 1293 4040 sentt.

874 4050 888 4116 )
915 4050 1149 4102 Discessit
1168 4058 1282 4102 Jun.

873 4118 888 4180 )
908 4114 968 4165 Et
989 4128 1075 4164 vos
1092 4112 1244 4164 Seml.

817 3869 870 3923 (2

818 3931 869 4049 t2

850 3992 872 4039 I

815 4056 866 4109 (5

814 4112 888 4182 (ϐ)
908 4114 968 4165 Et
989 4128 1075 4164 vos
1092 4112 1244 4164 Seml.

2517 3871 2593 3935 (8)
2617 3872 2697 3935 Sic
2718 3871 2869 3922 Seml.

2540 3934 2592 3986 9)
2612 3934 2689 3986 Sit
2713 3938 2835 3985 Jun.

2547 3996 2624 4101 10)
2644 3997 2897 4059 Praecepta
2916 3996 3070 4046 Fran.

2547 4060 2590 4101 It
2649 4059 2760 4101 Illas
2788 4068 2931 4101 "an.

2542 4059 2621 4110 11)
2647 4059 2760 4109 Illas
2784 4068 2931 4110 Pran.

2512 4104 2618 4185 (is)
2636 4104 2757 4172 sui;
2775 4104 2925 4173 hac

2521 3812 2571 3869 (7
2616 3810 2741 3859 Sunt
2764 3809 2918 3859 Seml.

2521 3872 2571 3935 (8
2617 3872 2697 3921 Sic
2718 3871 2869 3922 Seml.

2521 3936 2571 4048 (9
2612 3934 2689 3986 Sit
2713 3938 2835 3985 Jun.

2547 3998 2562 4047 l
2607 3996 2918 4048 )Prtecenta.

2118 4244 2667 4305 COMMENTARIUS.

836 4385 912 4457 (a)
943 4384 1207 4439 Facultate
1232 4382 1475 4438 custodite
1502 4382 1690 4437 liberat.
1713 4381 1979 4440 Lucianus
2004 4389 2350 4459 διαφθείραντες

836 4484 865 4510 ιι
906 4462 1274 4510 δςσν-ιοὺὶαιιαι.
1312 4454 1428 4510 [ὶις.

822 4469 865 4511 in
906 4464 1274 4511 δεσμ-ιοὺὶαιιαι.
1312 4464 1428 4510 “lc.

762 4469 865 4521 τοὺς
906 4469 1274 4525 δεσμ-ιφὺὶαχας.
1312 4469 1428 4510 “l6.

842 4529 920 4598 (b)
951 4526 1164 4598 Condito
1193 4542 1353 4588 mero,
1381 4538 1620 4595 tauquam
1644 4526 1888 4598 antidoto,
1917 4528 2346 4597 prazmedicatum.

2458 4386 2669 4456 prmsidi
2694 4401 2799 4441 non
2829 4381 3565 4457 responderet.Peregrinum
3592 4396 3750 4457 suum
3794 4382 4054 4457 Lucianus

2454 4453 2719 4513 extortum
2750 4453 2932 4512 fuisse
2955 4472 3060 4511 non
3107 4454 3299 4517 tradit,
3333 4454 3440 4506 ituo
3485 4453 3788 4508 dimissiuu.
3843 4454 3965 4511 Rm.

2530 4530 2601 4599 (e)
2630 4524 2752 4583 Cum
2792 4528 3044 4598 singultus
3090 4538 3136 4579 et
3182 4535 3353 4579 ructus
3399 4523 3802 4599 solos/tabem,
3846 4528 3901 4579 in
3953 4529 4054 4594 ipsa

768 4594 911 4654 vnto"
940 4596 1219 4671 myrrhato
1247 4596 1892 4671 consopitum,myrrha:
1918 4594 2351 4668 ‘prmsumptione
2378 4600 2429 4659 D
2462 4594 2734 4671 negatione
2750 4594 2974 4671 digessit.
3010 4599 3245 4671 Iloneslo
3265 4594 3526 4671 vocabulo
3550 4595 3748 4671 foedum
3781 4603 4051 4666 negotium

771 4671 1133 4725 obllrntatum.
1165 4667 1477 4739 Iuliis-toria
1506 4666 2099 4739 passioningructuosi.
2134 4666 2353 4739 Augurii

769 4750 825 4797 et
861 4740 1102 4808 Eulogii,
1137 4738 1359 4808 legimus
1391 4736 1628 4792 oblatqu
1652 4737 1715 4792 iis
1739 4738 1807 4793 ab
1837 4737 2064 4794 fraterna
2092 4736 2356 4799 charitate

769 4811 1173 4881 eondimentum
1200 4826 1214 4873 ;
1238 4808 1654 4881 admonitosque
1680 4817 1736 4863 ut
1756 4811 2077 4881 permixtum
2106 4814 2354 4881 poculum

772 4891 1088 4944 sumerent,
1138 4879 1378 4940 dixisse,
1429 4878 1662 4932 nondum
1712 4878 1831 4935 esse
1881 4880 2064 4936 horam
2106 4878 2353 4939 solvendi

770 4952 979 5022 jejunii.
1005 4951 1207 5022 Nempe
1229 4950 1487 5022 agebatur
1512 4950 1643 5022 hora
1678 4950 1780 5005 diei
1807 4964 1993 5020 quarta
2022 4994 2038 5018 ,
2069 4953 2197 5010 feria
2228 4970 2356 5011 vero

772 5020 960 5095 quarta
990 5036 1136 5095 :qua
1162 5020 1293 5095 feria
1326 5020 1684 5095 il_li,_etiam‘in
1713 5036 1951 5095 carcere,
1980 5025 2263 5095 stationem
2291 5026 2357 5081 de

771 5089 922 5150 more
946 5089 1308 5149 celebrabant.
1341 5090 1447 5147 Sed
1477 5107 1572 5146 cur
1597 5089 1827 5148 fraterna
1854 5093 1937 5148 illa
1969 5093 2201 5150 cbaritas
2227 5096 2355 5151 feria

775 5174 972 5236 quarta
1010 5163 1409 5236 condimentum
1456 5161 1749 5236 offerebat,
1791 5179 1911 5236 cum
1957 5179 2105 5218 sexta
2153 5176 2354 5222 tantum

771 5234 900 5292 feria
946 5234 1089 5291 ducti
1139 5234 1247 5307 sint
1289 5243 1581 5307 martyres.
1634 5234 1732 5288 nisi
1779 5235 1904 5307 quia
1951 5244 2199 5303 putarent
2242 5239 2355 5307 ipsa

772 5307 902 5381 feria
928 5314 1113 5381 quarta
1136 5303 1441 5381 ducendos?
1466 5303 1756 5381 Cgat‘terum,
1776 5306 2123 5381 imposturam
2156 5303 2357 5381 marty-

779 5379 860 5430 rio
890 5374 1076 5431 fecisse
1116 5375 1385 5448 videntur,
1426 5379 1513 5443 qui
1548 5376 1599 5429 in
1642 5374 1757 5444 ipso
1782 5374 2022 5448 martyrii
2052 5374 2349 5448 procinctu,

779 5463 1005 5516 corpora
1031 5448 1108 5503 sic
1135 5446 1397 5500 curabant
1433 5460 1546 5510 sua,
1591 5456 1648 5499 ut
1687 5446 1955 5503 cruciatus
1998 5446 2064 5501 eti
2088 5446 2353 5509 tormenta

780 5519 1304 5592 minimesentirent.
1328 5516 1470 5592 _Na_nt
1500 5532 1620 5586 quze
1648 5520 1978 5592 constantia,
2000 5536 2185 5588 quaeve
2236 5523 2351 5592 glo-

779 5590 854 5641 ria
904 5589 1178 5660 medicata;
1231 5589 1463 5657 potionis
1501 5589 1715 5657 crapula
1763 5590 2062 5660 consopito,
2104 5589 2351 5650 sensibus

771 5660 1119 5722 interceptis?
1148 5658 1266 5714 th.

843 5732 919 5799 (c)
954 5730 1020 5784 Ut
1066 5730 1243 5801 paucis
1281 5728 1483 5800 ungulis
1535 5728 1789 5801 titillatua,
1834 5731 1927 5784 hoc
1964 5732 2095 5785 enim
2136 5733 2347 5789 ebrietas

766 5798 1497 5873 sen'iebut..'ltaconsopitus
1536 5798 1730 5865 fuerat,
1762 5811 1819 5873 ut
1849 5802 2070 5873 ungulas
2101 5805 2347 5862 admotas

769 5876 917 5943 quasi
947 5871 1205 5929 titillantis
1230 5887 1445 5943 manum
1478 5880 1767 5937 pateretur.
1796 5872 1917 5928 th.

831 5942 909 6018 (ιι)
939 5945 1098 6015 Atque
1118 5944 1187 5995 ita
1208 5943 1271 5998 de
1296 5941 1389 5996 hoc
1413 5942 1519 6012 iam
1554 5952 1797 5997 extortus.
1821 5944 1975 6012 Quod
1995 5944 2342 6020 interroganti

2462 4665 2745 4741 significat.
2776 4665 2909 4725 Nam
2947 4669 3033 4741 hic
3076 4669 3336 4741 f’ristinus
3367 4665 3538 4741 nimia
3564 4666 3668 4741 vini
3717 4682 3781 4721 ac
3813 4665 4052 4724 ciborum

2461 4736 2614 4811 copia
2658 4741 2846 4807 fartus,
2893 4740 3123 4795 admotis
3159 4738 3438 4811 tormentis
3482 4736 3769 4811 ILhristum.
3804 4744 4047 4809 negat-it,

2460 4807 2621 4883 atque
2644 4813 2693 4867 in
2723 4815 2831 4883 ipsa
2856 4814 3134 4883 negatione
3163 4811 3299 4883 inter
3324 4807 3587 4883 singultus
3608 4816 3670 4883 et
3691 4807 3905 4883 ructtts,
3932 4813 4043 4883 alio

2462 4878 2675 4953 perside
2707 4878 2901 4950 laxata,
2928 4878 3072 4937 vfecit
3100 4882 3240 4953 quod
3282 4881 3334 4934 in
3365 4878 3568 4953 Milesia
3606 4878 3780 4932 fabula
3815 4880 4017 4937 Lucius
4037 4923 4051 4947 ,

2460 4950 2580 5008 cum
2612 4950 2688 5010 ab
2723 4957 2877 5011 asino
2916 4969 3014 5008 suo
3042 4950 3320 5007 carnifices
3347 4950 3525 5019 abegit
3556 4967 3568 5001 :
3602 4963 3696 5003 seu
3736 4954 3895 5019 quod
3942 4966 4067 5005 uio-'

2460 5026 2606 5080 riens
2633 5024 2884 5081 Claudius
2913 5024 3113 5094 Caesar,
3148 5037 3250 5094 qua
3294 5032 3441 5094 parte
3483 5020 3714 5083 facilius,
3746 5034 3809 5076 ut
3853 5025 3928 5076 ait
3958 5026 4051 5078 Se-

2462 5112 2614 5161 neca,
2667 5097 3000 5166 loquebatur.
3045 5091 3469 5164 Sed'quomodo
3515 5094 3747 5166 negavit,
3782 5096 3901 5166 qui
3952 5110 4052 5163 prze

2462 5160 2768 5223 tentuleutia
2795 5169 2937 5222 solos
2964 5160 3230 5234 singultus
3250 5176 3309 5235 et
3328 5173 3511 5235 ructus
3542 5160 3802 5235 haberet?
3820 5160 4053 5235 Negasse

2458 5236 2728 5293 Christum
2763 5239 2989 5302 videtur,
3018 5233 3105 5306 qui
3137 5252 3229 5306 per
3267 5234 3581 5306 ebrietatem
3619 5233 3925 5302 eripuerat
3957 5236 4050 5290 sibi

2458 5312 2701 5382 martyrii
2732 5325 2984 5375 sensum,
3012 5303 3064 5362 et
3106 5303 3374 5378 praeclarae
3405 5303 3762 5428 ευιιΐεῗῗίυιιίε
3799 5307 4050 5376 gloriam.

3612 5390 3683 5428 te.

3612 5390 3683 5430 IG.

2528 5450 2682 5507 CAP.
2715 5451 2854 5507 Xlll.
2885 5480 2957 5491 -
3003 5450 3070 5516 (f)
3108 5447 3241 5503 Ecce
3286 5448 3418 5502 enim
3460 5446 3700 5499 convenio
3738 5463 3854 5501 vos.
3893 5448 4051 5515 Quasi

2455 5524 2720 5577 contraria
2744 5524 2971 5577 actione.
3014 5521 3135 5577 th.

2528 5594 2605 5663 (g)
2646 5592 2773 5647 Vero
2796 5594 3050 5648 interdum
3081 5607 3211 5662 pane
3240 5586 3682 5663 victitantes._lloc
3702 5597 3816 5653 est,
3844 5605 3982 5659 puro
4006 5599 4053 5643 et

2454 5660 2605 5719 mero
2643 5672 2802 5733 pane,
2834 5660 3094 5719 siccantes
3120 5662 3297 5715 cibum
3328 5660 3402 5733 ab
3420 5660 3563 5713 omni
3600 5674 3791 5724 carne,
3825 5674 3879 5716 et
3914 5664 4051 5716 omni

2449 5729 2763 5806 jurulet'rlia,
2789 5729 2852 5788 ut
2882 5736 2993 5802 ipse
3022 5736 3093 5806 ait
3121 5732 3223 5786 hoc
3253 5733 3345 5806 lib.
3370 5729 3492 5806 R_Ic.

2527 5805 2607 5877 (b)
2639 5804 2743 5860 Per
2773 5800 3035 5877 Gratias.
3058 5805 3160 5858 Per
3196 5803 3368 5855 varias
3390 5800 3612 5877 Graeciaa
3640 5802 3973 5877 tt‘oyineias.
4008 5807 4053 5857 in

2450 5870 2648 5945 quibus
2675 5877 2819 5931 varia
2847 5875 3073 5931 concilia
3102 5881 3447 5945 coacta‘sunkt.
3474 5870 3685 5942 Leguut
3707 5873 3799 5930 alii
3828 5874 4051 5932 Gravius

2449 5942 2567 6005 illa:
2596 5948 2735 6018 quod
2759 5947 2937 6004 forsan
2967 5960 3073 6000 non
3099 5945 3259 6001 male.
3292 5942 3368 5999 LE
3396 5942 3491 5998 Pn.
