4220 6492
807 371 913 428 979

2215 377 2679 438 TERTULLIANI

4019 390 4117 446 980

1106 553 1116 554 ί
1231 553 2460 561 μέκή
2795 553 2850 593 η
3044 555 3126 597 in

1285 703 1653 791 QUINTI
1711 702 2208 777 SEPTIMII
2257 707 2856 781 FLOREN’I‘IS
2904 711 3651 789 TERTULLIANI

1696 937 1968 1082 DE
2077 940 3158 1090 PUDICITIA.

800 1392 841 1450 I.
889 1395 1157 1454 Pudicitia:
1184 1415 1356 1455 amore
1383 1399 1727 1456 Tertullianus
1754 1404 1805 1458 in
1834 1404 2065 1459 haeresim
2097 1405 2291 1474 lapsus,
2320 1403 2388 1457 li-
2416 1401 2467 1460 Α

873 1490 960 1546 bro
1007 1494 1102 1547 hoc
1149 1511 1371 1548 errorem
1403 1495 1638 1550 Montani
1689 1507 1985 1565 prosecutus
2034 1499 2095 1551 de
2133 1515 2234 1551 non
2264 1497 2393 1550 reci-

871 1587 1067 1652 pieudis
1101 1589 1474 1657 paenitentibus,
1518 1590 1697 1643 saltem
1741 1592 1947 1645 moechis
1975 1601 2022 1644 et
2071 1591 2396 1661 foruicatori~

875 1677 1004 1742 bus;
1044 1679 1195 1732 laude
1239 1679 1496 1748 pudicitite
1521 1682 1806 1750 praemissa,
1836 1683 2059 1752 itlipsum
2090 1683 2245 1748 huius
2277 1682 2396 1736 libri

868 1781 1222 1841 argumentum
1259 1773 1434 1840 paucis
1473 1774 1665 1827 indicat
1703 1775 1721 1844 (
1745 1779 1932 1844 fassus,
1963 1791 2015 1829 se
2042 1784 2195 1841 retro,
2218 1791 2396 1844 nempe

865 1881 978 1916 cum
1008 1865 1190 1919 librum
1220 1865 1284 1918 de
1326 1865 1630 1920 Pwnitentia
1676 1868 1948 1934 scriberet,
1999 1869 2208 1922 alterius
2235 1869 2391 1939 fuisse

864 1958 1198 2028 sententiae);
1232 1960 1452 2012 maxime
1495 1976 1611 2012 cum
1653 1961 1853 2015 culmen
1882 1961 2148 2015 criminum
2191 1971 2391 2016 teneant

862 2049 1074 2102 maecltia
1102 2057 1146 2102 et
1175 2049 1464 2119 fornicatio.

791 2136 854 2190 II.
875 2137 1033 2208 Atque
1059 2140 1326 2210 imprimis,
1352 2139 1635 2210 Scripturis
1657 2143 1954 2214 Scripturas
1973 2160 2251 2216 opponens,
2273 2146 2392 2200 inde

863 2233 1101 2304 colligere
1150 2235 1362 2302 nititur,
1397 2236 1579 2290 delicta
1622 2238 1856 2308 qutedam
1887 2254 1993 2293 esse
2028 2238 2349 2293 remissibilia
2370 2280 2387 2307 ,

858 2325 963 2378 alia
992 2327 1383 2382 irremissibilia.

785 2415 870 2471 III.
906 2416 1026 2471 Non
1057 2427 1224 2473 tamen
1255 2428 1526 2489 propterea
1551 2420 1910 2491 negligendam
1939 2437 2148 2492 prorsus
2170 2422 2384 2476 delicto-

852 2528 968 2564 rum
992 2513 1330 2581 quorumdam
1355 2515 1724 2583 paenitentiam.

784 2598 871 2653 IV.
901 2599 1022 2654 Jam
1045 2618 1159 2656 vero
1185 2613 1455 2672 postquam
1483 2605 1677 2670 docuit,
1703 2607 1935 2661 maechice
1961 2617 2008 2661 et
2033 2608 2382 2679 fornicationis

855 2694 1060 2747 nomine
1089 2710 1142 2748 se
1169 2697 1596 2763 comprehendere
1625 2698 1796 2751 omnia
1823 2699 2094 2752 libidinum
2121 2699 2323 2762 delicta,

2423 1257 2526 1301 00-

2567 1401 2765 1472 ipsius)
2792 1401 3046 1459 Barnaba:
3085 1403 3253 1466 titulo,
3285 1413 3329 1458 et
3380 1403 3601 1459 Leuitico
3625 1447 3637 1470 ,
3692 1408 3948 1476 quasdam
3973 1406 4116 1463 Scri-

2574 1503 2751 1559 pturus
2777 1493 2947 1562 affert,
2967 1512 3270 1566 quamquam
3290 1500 3482 1567 frustra
3514 1514 3606 1567 pro
3627 1515 3718 1552 suo
3746 1501 4008 1554 instituto.

2501 1581 2640 1638 XXI.
2685 1585 2857 1657 Atqui,
2888 1605 2988 1643 non
3018 1605 3210 1658 negans
3244 1590 3501 1658 Apostolis
3539 1594 3835 1662 competisse
3881 1603 4114 1661 potesta-

2569 1687 2665 1730 tem
2687 1679 2974 1732 remittendi
2997 1689 3223 1750 peccata,
3250 1691 3295 1733 et
3323 1681 3538 1749 proinde
3562 1683 3712 1734 etiam
3743 1681 4032 1748 Ecclesitr,
4062 1687 4112 1738 id

2573 1786 2681 1823 sua:
2710 1768 2958 1824 Ecclesiae
2979 1772 3241 1841 spiritttali
3263 1777 3455 1840 frustra
3483 1784 3710 1842 arrogat.

2500 1858 2666 1915 XXII.
2704 1860 2929 1932 Denique
2954 1864 3058 1932 agit
3099 1873 3275 1916 contra
3304 1863 3501 1916 veniam
3531 1867 3799 1919 criminum
3825 1877 3870 1920 et
3902 1884 4108 1936 pacem,

2563 1971 2715 2024 quam
2751 1967 2998 2027 martyres
3015 1957 3222 2027 quidam
3244 1957 3452 2011 tuaac/tis
3469 1957 3747 2022 donabant,
3772 1961 4108 2028 negatoribus

2567 2045 2836 2118 negabant.
2869 2047 3007 2102 Pu.

2993 2141 3224 2197 CAPUT
3267 2140 3554 2198 PRIMUM.

2564 2228 2824 2284 Pudicitia
2883 2229 2980 2284 IIos
3031 2246 3278 2297 morum,
3335 2231 3510 2286 honor
3556 2249 3880 2303 corporum,
3940 2237 4108 2293 decor

2492 2334 2758 2387 sexuum,
2791 2321 3064 2392 integritas
3096 2323 3402 2393 sanguinis,
3445 2324 3574 2380 lides
3615 2330 3858 2395 generis,
3904 2331 4106 2385 tunda-

2491 2423 2728 2468 tneutum
2767 2414 3087 2476 sanctitatis,
3120 2416 3484 2484 prcejudiciuin
3530 2419 3702 2472 omnis
3745 2421 3903 2474 bona:
3954 2438 4107 2476 men-

2491 2506 2605 2568 tis;
2655 2521 2975 2577 quamquam
3034 2523 3151 2562 rara
3181 2549 3193 2572 ,
3247 2523 3344 2563 nec
3385 2508 3536 2563 facile
3589 2510 3856 2581 perfecta,
3906 2514 4106 2585 vixque

2489 2609 2790 2669 perpetua;
2853 2611 3030 2654 tamen
3073 2599 3151 2670 (a)
3202 2601 3536 2671 aliquatenus
3579 2605 3628 2657 in
3675 2605 3874 2659 s:cculo
3919 2623 4106 2662 mora-

2489 2691 2650 2757 bitur,
2689 2691 2732 2746 si
2775 2702 2963 2746 natura
3008 2694 3417 2762 praestruxerit,
3467 2695 3510 2747 si
3549 2694 3827 2765 disciplina
3869 2714 4104 2766 persua-

784 2783 848 2838 v.
882 2784 1156 2841 Man-Itium
1182 2787 1495 2844 idololatriae
1545 2801 1593 2845 ει
1631 2792 1906 2846 homicidio
1957 2794 2268 2865 comparari,
2319 2809 2382 2847 ex
2409 2793 2458 2853 B
2487 2786 2638 2847 serit,
2704 2799 2930 2838 censura
2977 2785 3380 2856 compresserit.
3427 2785 3700 2855 Siquidem
3732 2805 3896 2843 omne
3924 2793 4098 2845 animi

856 2878 1142 2948 Scripturis
1171 2881 1410 2935 ostendit.

782 2966 870 3021 VI.
918 2970 1029 3023 lusi
1079 2987 1196 3025 vero
1238 2973 1290 3024 in
1340 2974 1492 3026 veteri
1544 2972 1862 3028 Testamento
1909 2984 2104 3029 exstent
2147 2978 2381 3044 exempta

849 3061 1010 3113 venite
1038 3078 1131 3128 pro
1178 3064 1403 3128 masc/tis,
1436 3065 1650 3118 inveniri
1677 3067 1830 3120 etiam
1862 3067 2089 3136 jttdicii;
2133 3078 2180 3121 et
2222 3069 2378 3124 aliam

850 3168 955 3206 esse
983 3153 1096 3205 novi
1117 3152 1425 3209 Testamenti
1455 3158 1718 3212 rationem.

780 3240 890 3296 VII.
921 3242 1173 3315 Deinceps
1204 3246 1304 3299 late
1331 3247 1554 3318 disputat
1581 3249 1644 3303 de
1675 3249 1920 3319 parabola
1942 3251 2046 3304 ovis
2058 3259 2105 3304 et
2119 3250 2377 3306 dracltmw

849 3338 1078 3404 perditw.

780 3429 915 3485 VIII.
951 3431 1039 3486 IX.
1104 3432 1235 3487 Item
1263 3435 1328 3489 de
1353 3436 1571 3488 duorum
1604 3436 1830 3504 filiorum
1855 3437 2122 3504 parabola.

778 3519 843 3574 Χ.
882 3522 1237 3578 Ρωιιίιειιιὶαιιι
1269 3528 1401 3581 enim
1425 3529 1577 3580 etiam
1605 3529 1817 3580 etltuicis
1838 3538 2138 3596 competere.

776 3611 871 3666 XI.
917 3611 1122 3668 Exinde
1146 3626 1189 3668 et
1207 3621 1342 3686 facta
1364 3618 1567 3670 Domini
1583 3618 1931 3687 peccatoribus
1951 3618 2086 3671 edita
2112 3620 2366 3675 describit.

778 3703 891 3758 XII.
927 3705 1069 3759 Certe
1113 3710 1176 3760 ab
1225 3709 1481 3778 Apostolis
1519 3725 1634 3762 cum
1679 3709 1972 3763 idololatria
2008 3721 2054 3763 et
2096 3711 2369 3766 Itonticidio

847 3800 1232 3870 fornicationem
1265 3803 1516 3856 interdici.

774 3892 906 3948 XIII.
955 3893 1092 3948 XIV.
1146 3895 1311 3950 Porro
1358 3905 1403 3951 et
1443 3898 1641 3951 veniam
1693 3897 1988 3967 fornicatori
2015 3900 2264 3954 corinthio
2303 3901 2367 3954 ab

843 3987 1085 4054 Apostolo
1110 4004 1397 4042 concessam
1423 3992 1700 4043 examinat.

771 4075 888 4131 XV.
919 4078 1054 4133 XVI.
1104 4079 1336 4147 Alfereus
1366 4091 1468 4134 tam
1499 4082 1734 4136 secunda:
1773 4097 1919 4152 quam
1957 4084 2141 4151 prioris
2169 4086 2238 4138 ad
2267 4085 2365 4141 Coo

842 4173 1057 4226 rint/tios
1088 4171 1334 4241 Episton
1358 4175 1496 4228 locos
1521 4174 1764 4229 adversus
1789 4174 2147 4244 fornicatores.

773 4262 935 4318 XVII.
967 4263 1094 4317 Item
1122 4275 1170 4319 et
1193 4267 1385 4320 similes
1410 4267 1631 4321 aliarunt
1669 4267 1892 4336 apostoli
1927 4265 2081 4334 Pauli
2103 4267 2366 4339 Epistola-

839 4375 948 4410 rum
979 4360 1269 4412 sententias.

768 4448 954 4505 XVIII.
993 4450 1161 4503 Etiam
1189 4450 1334 4517 tales,
1378 4459 1483 4504 tum
1507 4451 1667 4518 illius,
1700 4461 1805 4505 tum
1828 4453 2004 4507 ceteris
2031 4452 2362 4520 Testameuli,

837 4559 951 4612 qua:
983 4544 1386 4596 communionem
1416 4543 1807 4597 ecclesiasticam
1840 4545 2044 4599 mcecltis
2070 4546 2322 4601 adimunt.

765 4636 909 4692 XIX.
943 4637 1150 4692 Similes
1165 4654 1364 4708 quoque
1385 4638 1542 4703 locos,
1569 4655 1632 4693 ea:
1655 4637 1876 4693 Joannis
1904 4639 2124 4709 apostoli
2147 4649 2194 4693 et
2221 4638 2362 4710 Apo-

836 4729 1053 4799 calypsi,
1077 4740 1122 4783 et
1146 4728 1403 4801 Epistola.

767 4820 884 4876 XX.
933 4820 1017 4876 Ex
1045 4820 1276 4891 Epistota
1319 4821 1503 4877 deinde
1529 4822 1598 4876 ad
1628 4821 1873 4879 Ilebrteos
1912 4823 2035 4878 olim
2069 4823 2360 4893 (sententia

2488 2879 2684 2935 bonum
2748 2889 2840 2935 aut
2896 2881 3174 2944 nascitur,
3227 2889 3318 2935 aut
3375 2882 3659 2945 eruditur,
3714 2895 3800 2936 aut
3851 2887 4097 2956 cogitur.

2484 2972 2587 3028 Sed
2619 2984 2674 3028 ut
2704 2974 2840 3028 mala
2887 2975 3053 3044 magis
3099 2973 3347 3038 vincunt,
3400 2974 3542 3044 quod
3597 2975 3908 3031 ultimorum
3966 2987 4103 3032 ltrlll-

2486 3082 2673 3136 porum
2739 3068 2873 3121 ratio
2948 3080 3078 3132 CSI;
3148 3067 3285 3121 bona
3347 3067 3458 3136 jam
3533 3084 3632 3122 nec
3701 3071 3844 3124 nasci
3926 3072 4097 3138 licet,

2483 3161 2554 3213 ita
2596 3170 2843 3228 corrupta
2886 3167 3012 3212 sunt
3040 3159 3280 3219 semina:
3331 3175 3429 3213 nec
3467 3161 3664 3214 erudiri
3699 3203 3712 3224 ,
3757 3162 3822 3214 ita
3869 3161 4099 3218 deserta

2481 3261 2604 3306 Sunt
2631 3250 2841 3314 studia;
2872 3266 2971 3306 nec
2995 3251 3149 3320 cogi,
3185 3254 3253 3303 ita
3282 3263 3552 3304 exarmata
3586 3260 3708 3304 sunt
3729 3251 3870 3320 jura.
3927 3254 4098 3308 Deni-

2480 3358 2613 3413 qttc,
2643 3343 2709 3397 de
2738 3359 2837 3411 qua
2870 3343 3172 3411 incipimus,
3207 3355 3444 3412 t-outhtc
3466 3341 3576 3410 jam
3605 3343 3855 3404 exolevit,
3894 3355 3956 3396 ut
3988 3361 4097 3400 non

2478 3435 2727 3505 t-juratio,
2759 3434 2852 3489 sed
2883 3434 3178 3488 moderatio
3213 3433 3491 3488 libidinmn
3521 3435 3765 3502 pudicitia
3797 3436 4093 3503 credatur;

2479 3529 2627 3601 isque
2656 3529 2784 3582 satis
2812 3536 2990 3581 castus
3021 3527 3304 3592 habeatur,
3345 3528 3418 3596 (tt)
3451 3528 3537 3597 qui
3569 3529 3740 3582 minus
3771 3529 4095 3586 castusfue-

2478 3623 2566 3676 rit.
2601 3621 2707 3676 Sed
2739 3620 2931 3674 viderit
2958 3619 3139 3674 saeculi
3171 3619 3420 3688 pudicitia
3458 3619 3525 3689 (c)
3557 3635 3677 3673 cum
3707 3623 3912 3675 sxculu
3948 3624 4092 3692 ipso,

2474 3729 2594 3769 cmn
2635 3727 2730 3765 suo
2771 3712 2982 3781 ingenio
3025 3710 3067 3763 si
3115 3709 3466 3772 nascebatur,
3515 3726 3632 3764 cum
3674 3725 3770 3764 suo
3808 3713 4005 3767 studio
4048 3717 4094 3770 si

2473 3803 2836 3862 erudiebatur.
2861 3817 2981 3856 cum
3006 3816 3105 3855 suo
3127 3801 3349 3855 servitio
3375 3803 3416 3854 si
3445 3801 3761 3871 cogebatur;
3796 3803 3904 3858 nisi
3941 3807 4092 3875 quod

2473 3897 2734 3952 intelicior
2761 3895 2943 3956 etiam,
2990 3893 3033 3947 si
3063 3895 3328 3957 stetisset,
3360 3893 3427 3946 ut'
3451 3893 3744 3950 infucmosa
3768 3937 3783 3960 ,
3817 3913 3948 3964 qua:
3976 3913 4090 3953 non

2470 3988 2608 4058 apud
2642 3989 2806 4042 Deum
2834 3987 3049 4055 egisset.
3086 3985 3259 4040 Malim
3296 3987 3500 4040 nullttm
3532 3989 3755 4051 bonum,
3791 4004 3967 4058 quam
3996 4007 4092 4045 va-

2473 4098 2597 4135 nmn
2626 4081 2729 4146 td).
2767 4079 2903 4146 Quid
2935 4078 3152 4148 prodest
3175 4093 3328 4144 eSsc,
3362 4079 3500 4148 quod
3531 4093 3651 4134 esse
3680 4094 3783 4134 non
3813 4083 4090 4150 prodest?

2390 4185 2436 4248 ρ
2471 4173 2782 4228 Nostrorum
2830 4171 3088 4225 bonorum
3137 4177 3307 4223 status
3349 4169 3458 4238 jam
3503 4170 3728 4239 exigitur
3751 4172 3862 4240 (I),
3928 4176 4089 4230 chri-

2469 4270 2656 4324 stiana:
2684 4266 2947 4338 pudicitia:
2970 4265 3104 4319 ratio
3129 4265 3459 4318 concutitur:
3491 4279 3608 4333 qua:
3633 4264 3807 4318 omnia
3834 4263 3913 4320 dc
3937 4268 4088 4322 caelo

2471 4359 2662 4422 trahit,
2710 4370 2764 4413 et
2803 4368 3044 4411 naturam
3076 4372 3173 4426 per
3205 4355 3473 4410 lavacrum
3515 4357 3986 4426 regenerationis,
4031 4369 4089 4416 et

2469 4450 2800 4518 disciplinam
2839 4464 2931 4517 per
2968 4450 3373 4500 instrumentmu
3409 4447 3824 4512 prtedicatiouis,
3859 4461 3920 4504 et
3952 4467 4088 4507 ceu.

2466 4557 2644 4598 suram
2678 4558 2770 4610 per
2792 4539 2991 4611 judicia
3025 4554 3088 4593 ex
3131 4549 3357 4609 utroque
3382 4538 3757 4604 Testamento,
3796 4550 3854 4595 et
3885 4554 4087 4601 coacta

2464 4633 2797 4690 constantius
2842 4648 2907 4686 ex
2954 4640 3097 4684 metu
3141 4639 3191 4684 et
3233 4640 3358 4684 voto
3395 4632 3580 4685 aeterni
3620 4631 3754 4702 ignis
3790 4643 3847 4686 et
3895 4638 4082 4706 regni.

2466 4728 2740 4784 Adversus
2767 4725 2906 4780 banc
2944 4737 3121 4779 nonne
3148 4722 3228 4794 (ε)
3255 4722 3594 4779 dissimulare
3623 4725 3927 4794 potuissem
3954 4729 3980 4780 ‘t
4010 4729 4083 4799 (e)

2467 4819 2640 4876 Audio
2665 4818 2825 4874 etiam
2852 4815 3086 4872 edictum
3111 4829 3230 4870 esse
3261 4815 3616 4886 propositum,
3640 4825 3694 4874 et
3719 4816 3954 4886 quidem
3989 4837 4084 4892 pe.

1991 4959 2364 5018 LECTIONES
2401 4955 2815 5017 VARIANTES.

818 5078 833 5137 (
844 5074 891 5138 t)
927 5075 1168 5138 Mergitur
1190 5072 1386 5127 Obertlt.
1412 5074 1562 5126 Seml.

2521 5075 2594 5140 (Ξ)
2627 5073 2767 5124 Nunc
2791 5085 2855 5123 ne
2881 5071 3043 5122 Paris.

2126 5179 2691 5239 COMMENTARIUS.

829 5317 982 5375 CAP.
1033 5319 1075 5373 I.
1107 5349 1176 5358 —
1206 5314 1281 5387 (ιι)
1335 5317 1668 5385 Aliquatenus
1709 5321 1762 5371 in
1813 5319 1998 5372 stcculo
2045 5318 2342 5372 morabitur.

758 5390 998 5446 IIabebat
1041 5391 1092 5443 in
1139 5397 1317 5444 mente
1358 5390 1678 5460 principium
1730 5390 1908 5445 satira:
1932 5387 2246 5445 Juvenalis:

815 5506 972 5555 Credo
993 5500 1277 5567 pudicitiam
1300 5505 1514 5567 Saturno
1545 5515 1660 5567 rege
1677 5510 1910 5555 moratam

821 5569 880 5617 in
901 5564 1064 5627 terris,
1088 5565 1333 5630 visamque
1355 5564 1460 5626 diu,
1488 5574 1583 5616 etc.
1601 5564 1717 5616 'ltto.

818 5673 898 5733 ib)
933 5672 1033 5745 Qui
1069 5674 1235 5726 minus
1277 5682 1444 5745 castus
1485 5673 1654 5745 fuerit.
1704 5671 1894 5727 Fulvio
1922 5671 2118 5729 Ursino
2157 5674 2341 5745 legen-

747 5752 871 5799 dum
901 5744 1203 5816 Videbatur,
1231 5744 1315 5814 qui
1350 5759 1449 5816 non
1481 5744 1630 5816 nimis
1659 5747 1895 5816 incestus.
1927 5745 2085 5799 Certe
2113 5744 2332 5816 expedi-

745 5817 847 5870 tior
877 5815 1029 5870 lcetio
1059 5811 1253 5879 fuerat,
1286 5815 1372 5881 qui
1393 5815 1539 5868 nimis
1568 5816 1806 5871 incestus.
1841 5815 1956 5870 HIG.

812 5885 886 5957 (ε)
928 5886 1035 5941 Sed
1063 5887 1240 5941 viderit
1264 5885 1439 5940 seculi
1463 5885 1730 5956 pudicitia.
1775 5887 1848 5942 De
1887 5886 1984 5942 bac
2025 5887 2130 5942 late
2167 5887 2331 5944 habes

2452 5326 2734 5372 tractatum
2766 5315 2854 5369 lib.
2887 5313 2907 5369 I
2935 5314 3003 5368 ad
3037 5313 3288 5376 (labrem,
3325 5313 3416 5368 lib.
3443 5314 3507 5369 de
3536 5313 3798 5371 bis/tortat.
3829 5317 4084 5379 Cestiu-

2450 5391 2542 5448 tis.
2574 5399 2628 5443 et
2657 5389 2744 5441 lib.
2773 5391 2837 5440 de
2866 5385 3209 5453 Monogamia.
3245 5386 3382 5440 Pan.

2522 5461 2603 5537 (tl)
2637 5459 3027 5537 Malimnullum
3058 5457 3277 5537 bonum;
3296 5466 3396 5537 etc.
3423 5457 3623 5537 Vanum
3643 5459 3724 5513 ltic
3749 5458 3890 5537 dit-it
3921 5469 4082 5537 quod

2450 5527 2606 5601 paulo
2647 5531 3200 5604 anteuinfructnosum.
3237 5528 3382 5582 Facit
3412 5545 3537 5583 vero
3565 5534 3678 5604 hoc,
3713 5535 3862 5604 quod
3903 5527 4082 5604 ρὶιάί-

2446 5602 2812 5677 citiant__swculi
2833 5601 3212 5677 bonum‘vocet,
3237 5611 3422 5677 cpntra
3444 5615 3538 5656 eos
3561 5602 3646 5670 qui
3669 5603 3852 5656 omnia
3884 5601 4075 5677 opm

2446 5673 2734 5728 inﬁdelium
2770 5681 2982 5740 peccata
3015 5669 3226 5724 faciant.
3260 5671 3395 5726 Pu.

2515 5743 2590 5816 (ε)
2629 5743 2975 5817 Audioetiam
2995 5742 3210 5817 edictum
3243 5760 3352 5817 esse
3369 5744 3702 5817 prapositum.
3729 5745 3786 5817 Si
3813 5764 3942 5817 qua
3968 5753 4075 5810 fuit

2437 5812 2595 5871 edicti
2622 5813 2865 5896 formula,
2895 5827 3011 5896 cap)
3044 5812 3208 5894 fuisse
3245 5813 3344 5896 his_
3363 5812 3564 5868 tantum
3599 5816 3775 5896 verbis
3804 5812 4074 5896 erige-ep-

2437 5895 2542 5943 tam
2571 5884 2921 5943 crediderim:
2951 5881 3238 5954 Episcopus
3263 5887 3612 5956 episcoporum
3637 5887 3824 5944 edicit:
3858 5881 4074 5966 Εςοέί
