4220 6492
159 399 259 455 981

1442 398 1639 455 LIBER
1674 398 1761 455 DE
1804 397 2160 457 PIEDICITIA.

3360 395 3465 453 98?.

160 513 545 585 t'ctnptorium,
600 511 844 570 Pontifex
897 513 1097 570 scilicet
1149 513 1413 569 maximus
1462 516 1559 584 tu),
1612 514 1752 584 quod
1782 522 1831 579 Α
1862 516 1961 570 lius
2006 517 2075 569 sit
2122 527 2303 569 errare
2345 526 2466 569 cum
2514 510 2793 583 pluribus,
2834 511 3048 584 quando
3086 509 3283 567 veritas
3326 526 3448 565 cum

158 620 243 662 est
267 608 346 686 (b)
377 607 668 676 Episcopus
690 606 1098 677 Episc0pornm,
1126 606 1285 661 edicit
1309 623 1321 658 :
1362 625 1380 657 ι
1406 607 1518 675 Ego
1548 615 1599 660 et
1627 622 1759 660 mm-

158 700 283 755 chia
324 712 377 754 ct
417 699 783 755 fornicationis
820 699 1011 755 delicta
1035 743 1049 765 ,
1092 701 1401 769 pmnitentia
1444 698 1637 755 functis
1674 700 1756 753 di-

158 794 317 848 mitto
348 792 474 863 (e).»
519 792 564 847 0
591 794 822 848 edictum
845 834 859 857 ,
886 796 969 847 cui
1000 792 1227 847 adscribi
1269 808 1373 847 non
1404 794 1625 861 poterit.
1658 792 1759 846 Bo-

159 902 291 939 num
323 885 515 940 factum
548 886 666 955 (tl)!
703 886 767 940 Et
812 887 897 940 ubi
942 896 1263 954 proponetur
1308 885 1595 938 liberalitas
1623 885 1759 938 ista?

160 976 399 1043 Ibidem,
433 979 653 1046 Opinor,
700 980 749 1031 in
781 978 908 1047 ipsis
938 976 1214 1031 libidinum
1239 976 1446 1044 januis,
1494 976 1590 1029 sub
1633 976 1759 1044 ipsis

160 1070 443 1123 libidinum
495 1071 677 1124 titulis.
726 1069 837 1125 Illic
883 1070 1144 1137 ejusmodi
1177 1069 1483 1138 ptenitentia
1518 1067 1758 1136 promul-

156 1164 333 1233 ganda
362 1174 440 1218 est
462 1204 476 1229 ,
520 1164 607 1217 ubi
638 1163 999 1233 delinquentia
1028 1163 1137 1231 ipsa
1170 1162 1501 1223 versabitur;
1547 1160 1652 1214 illic
1681 1154 1756 1213 te.

156 1256 333 1326 gelida
362 1267 443 1311 est
473 1259 660 1320 venia,
707 1272 817 1326 quo
858 1272 978 1311 Cum
1024 1272 1117 1325 spe
1160 1256 1276 1327 ejus
1308 1256 1608 1310 intrabitur.
1654 1256 1757 1311 Sed

158 1351 267 1403 hoc
296 1351 346 1403 in
375 1350 610 1406 Ecclesia
645 1352 868 1420 legitur,
909 1359 962 1404 et
1000 1351 1051 1404 in
1092 1349 1325 1403 Ecclesia
1362 1349 1755 1419 prommtiatnr,

156 1452 212 1494 et
237 1442 386 1511 virgo
416 1441 543 1494 est?
583 1440 763 1504 Absit,
800 1440 937 1494 absit
963 1455 992 1493 a
1021 1454 1215 1508 Sponsa
1243 1440 1435 1493 Christi
1476 1442 1579 1494 tale
1620 1455 1757 1507 pra:-

155 1532 398 1587 coniutn.
449 1530 540 1585 Illa
571 1548 690 1602 qua:
717 1546 843 1587 vera
872 1542 974 1595 est,
1007 1547 1125 1602 qua:
1152 1531 1337 1601 pudica
1357 1570 1372 1594 ,
1404 1546 1521 1601 qua:
1552 1543 1757 1597 sancta,

158 1628 368 1682 carebit
391 1627 552 1681 etiam
581 1628 789 1681 aurium
814 1627 1056 1681 maculis.
1102 1625 1214 1679 Non
1256 1624 1413 1678 habet
1438 1626 1632 1694 quibus
1660 1623 1759 1678 hoc

156 1719 530 1789 repromittat;
555 1727 609 1772 et
629 1720 671 1771 si
702 1718 962 1782 habuerit,
987 1734 1091 1772 non
1119 1718 1475 1785 repromittit:
1508 1718 1758 1786 quoniam

156 1822 211 1863 et
260 1821 528 1864 terrenum
572 1810 662 1865 Dei
709 1810 960 1879 templum
1005 1810 1160 1864 citius
1198 1811 1440 1879 spelunca
1479 1811 1757 1874 latronum,

1867 608 2044 677 paucis
2073 617 2280 662 ametur
2306 607 2395 679 .(I)
2430 606 2640 660 Atenim
2666 620 2753 660 me
2778 620 2881 660 non
2910 605 3077 674 magis
3105 604 3449 659 dedecorahit

1865 700 2102 768 utilis(t)
2131 699 2335 765 levitas,
2369 713 2527 769 quam
2552 697 2758 752 ornarit
2784 710 3002 752 nocens.
3035 695 3148 750 Non
3176 694 3452 749 sull’undor

1861 807 2048 847 errore
2079 808 2182 860 qun
2209 793 2376 857 carui,
2407 791 2529 860 quia
2560 791 2796 845 caruisse
2824 790 3083 851 delector,
3113 790 3233 858 quia
3266 790 3451 843 melin-

1866 902 1979 939 rem
2019 904 2102 940 me
2141 896 2193 939 et
2239 885 2567 953 pudiciorem
2598 897 2943 952 recognosco.
2976 881 3145 936 Nemo
3171 880 3453 950 proﬁciens

1864 977 2148 1031 erubescit.
2200 976 2369 1029 liabet
2404 985 2457 1029 ct
2500 976 2551 1028 in
2587 975 2804 1029 Christo
2832 974 3052 1027 scientia
3094 981 3277 1026 a-tates
3306 986 3449 1033 snas,

1866 1085 1957 1139 per
1988 1084 2120 1140 quas
2144 1070 2427 1123 devolutus
2472 1078 2555 1122 cst
2596 1076 2649 1121 et
2690 1067 2995 1136 Apostolus.
3038 1065 3162 1117 Cum
3190 1063 3451 1134 parvulus,

1864 1162 2066 1232 ittquit,
2108 1178 2300 1227 essent,
2334 1173 2575 1227 tanquam
2626 1161 2863 1231 parvulus
2904 1158 3173 1230 loquebar,
3215 1168 3456 1226 tanquam
3522 1228 3525 1229 ν

1864 1258 2102 1326 parvulus
2133 1258 2425 1327 sepiebant:
2450 1267 2501 1309 at
2530 1257 2614 1309 ubi
2640 1258 2715 1309 vir
2739 1273 2851 1311 sunt
2877 1262 3041 1327 factus
3062 1296 3076 1316 ,
3109 1272 3167 1309 ea
3195 1271 3307 1324 qua:
3332 1271 3426 1323 par
3443 1281 3455 1289 -

1863 1352 1963 1405 vult
1994 1353 2196 1420 [nerant
2225 1394 2240 1418 ,
2268 1352 2504 1406 evacuari
2531 1350 2573 1419 (I
2605 1350 2720 1404 Cor.
2754 1350 2891 1415 XIII,
2927 1349 3038 1421 Η).
3070 1349 3217 1404 Adeo
3243 1348 3459 1405 divertit

1862 1458 1890 1494 a
1920 1443 2201 1498 sententiis
2229 1444 2485 1512 pristinis,
2512 1458 2609 1497 nec
2638 1443 2836 1497 idcircti
2864 1442 3105 1510 deliquit.
3133 1441 3270 1509 quod
3298 1458 3457 1494 (vntu-

1864 1533 1996 1588 lator
2008 1539 2172 1604 factus
2187 1545 2281 1599 est,
2302 1550 2405 1590 non
2428 1545 2753 1605 paternarum
2772 1535 3101 1587 traditiounm
3119 1532 3257 1603 (Gal.
3279 1532 3321 1598 I,
3343 1534 3456 1604 M),

1862 1624 1956 1681 sed
1994 1627 2445 1690 ehristianarum;
2495 1636 2685 1696 optans
2734 1627 2894 1680 etiam
2947 1634 3004 1678 ιιι
3044 1624 3458 1692 pra-cidereutur

1862 1720 1950 1790 qui
1983 1720 2443 1774 circumcisionem
2484 1720 2824 1774 detinendam
2865 1718 3156 1774 suadebant
3194 1719 3211 1786 (
3244 1717 3359 1771 Gal.
3390 1717 3455 1779 V,

1866 1814 1952 1877 lt,
1985 1813 2091 1881 12).
2122 1816 2292 1882 Atque
2318 1813 2517 1866 utinam
2546 1822 2601 1865 et
2628 1812 2710 1865 isti
2742 1811 2829 1881 qui
2860 1824 3059 1865 meram
3088 1819 3141 1863 et
3165 1823 3345 1862 veram
3378 1810 3459 1862 in-

162 1903 381 1975 (Jlattlt.
416 1903 533 1957 XXI
555 1945 570 1971 ,
605 1904 732 1975 15),
778 1905 1032 1974 appellari
1067 1906 1232 1973 potuit
1260 1924 1286 1955 a
1324 1906 1581 1969 Domino,
1609 1921 1766 1976 quam
1799 1915 1846 1974 Β
1876 1905 2175 1975 tegritatetn
2205 1905 2381 1959 carnis
2418 1906 2769 1971 obtruncant,
2803 1914 3137 1974 amputantes
3174 1917 3277 1957 non
3308 1916 3457 1955 sum-

159 1996 499 2050 mmehorum
530 2006 584 2049 et
613 1996 1016 2049 fornicatorunt.
1049 1994 1167 2049 Erit
1196 1994 1353 2065 igitur
1379 2008 1431 2050 et
1464 1996 1549 2050 hic
1578 1998 1756 2051 adver-

158 2105 249 2141 sus
284 2087 555 2159 Psyrln'cos
579 2090 648 2161 (e)
678 2092 881 2155 titulus,
938 2089 1195 2144 advt-rsus
1224 2105 1354 2145 metr.
1384 2106 1593 2159 quoque
1630 2108 1759 2145 sett-

164 2183 351 2237 tentia:
377 2195 520 2238 retro
552 2199 716 2252 penes
758 2185 877 2238 ilios
920 2183 1265 2244 societatem,
1306 2200 1413 2254 quo
1456 2184 1621 2255 magis
1664 2185 1764 2240 hoc

160 2278 297 2331 mihi
331 2278 383 2331 in
415 2290 591 2332 notam
617 2278 851 2333 levitatis
878 2280 1165 2348 ohjectent.
1209 2277 1487 2348 Nunquam
1535 2280 1765 2333 societa-

166 2372 238 2425 tis
273 2372 546 2441 rcpudinm
583 2372 763 2426 delicti
799 2372 1158 2443 pra'judicium
1192 2381 1294 2437 est,
1324 2371 1471 2440 quasi
1503 2387 1606 2425 non
1640 2369 1769 2423 faei-

1864 2013 2004 2053 matn
2050 1996 2416 2065 superﬁciem,
2460 1996 2553 2051 sed
2594 1997 2832 2051 intimam
2864 1997 3094 2067 efligiem
3128 1998 3346 2067 pudoris
3375 1997 3456 2064 ip-

1863 2095 1995 2157 sius,
2011 2109 2133 2148 cum
2154 2091 2375 2148 moechis
2394 2103 2446 2147 et
2472 2091 2885 2148 fornicatoribns
2906 2096 3113 2147 veniam
3140 2094 3462 2161 pollicentur

1867 2187 2124 2243 adversus
2157 2186 2500 2256 principalem
2530 2186 2806 2240 christiani
2834 2187 3065 2241 nominis
3100 2184 3459 2255 disciplinam.

1870 2295 2029 2350 quam
2062 2279 2234 2349 ipsum
2280 2293 2490 2348 quoque
2532 2279 2787 2333 saeculum
2834 2294 3000 2348 usque
3040 2279 3176 2333 adeo
3217 2288 3459 2337 testatur,

1874 2382 1952 2437 ut,
1985 2373 2030 2427 si
2056 2370 2292 2444 quando,
2324 2387 2440 2428 eam
2468 2373 2519 2427 in
2551 2372 2784 2429 l‘ceminis
2811 2374 3008 2429 nostris
3046 2372 3461 2442 inquinamentis

1413 2486 1791 2544 LECTIONES
1834 2486 2240 2545 VARIANTES.

235 2623 303 2685 (1)
346 2622 534 2674 Inutilis
560 2622 707 2673 ﬂltcn.
734 2622 929 2673 Obcrtlt.

1544 2728 2105 2793 COMMENTARIUS.

170 2871 398 2925 nim-Itin?
437 2878 481 2924 et
528 2868 874 2939 fornicationis
910 2865 1094 2921 delicta
1129 2867 1426 2939 paenitentia
1460 2868 1648 2939 functis
1683 2869 1768 2921 di-

168 2946 333 2996 mitto.
388 2941 477 2994 Illa
519 2937 730 2996 atteri.
777 2937 1016 3006 Pontifex
1044 2938 1230 2991 scilicet
1261 2941 1545 3001 maximus,
1590 2937 1765 2994 addita

170 3029 297 3068 esse
330 3012 575 3067 ridentur
610 3028 639 3064 a
668 3010 958 3078 Septimio,
1005 3020 1059 3062 ut
1091 3009 1617 3078 interpretatiouilms
1656 3008 1771 3065 istis

169 3084 516 3140 ambitionem
569 3091 624 3135 et
684 3081 984 3147 superbiam
1050 3079 1306 3148 objiccrct
1373 3079 1767 3136 Catholieorum

171 3156 439 3227 Episcopo
466 3195 503 3227 ,_
527 3154 678 3227 cujus
711 3152 838 3227 Cleri
876 3150 1066 3227 invidia
1096 3162 1145 3203 et
1174 3149 1509 3227 contumeliis
1533 3150 1770 3206 offensus

170 3220 241 3280 ad
276 3220 508 3280 Montani
549 3220 738 3293 dogma
781 3222 1043 3287 descivit,
1092 3232 1146 3275 ιιι
1188 3220 1559 3293 Hieronymus
1587 3234 1773 3293 auctor

170 3307 278 3351 cst.
300 3297 387 3352 sic
416 3296 557 3350 enim
584 3310 763 3361 supra.
789 3294 1092 3363 magistrum
1116 3293 1400 3363 quemdam
1428 3292 1564 3361 apud
1584 3292 1775 3347 Valen-

169 3369 406 3423 tinianos
434 3367 690 3436 insignem
719 3366 918 3431 ridens,
941 3365 1011 3418 ait
1033 3364 1161 3436 :Ex
1179 3363 1457 3435 pontiﬁcali
1486 3380 1579 3419 sua
1600 3374 1772 3420 aucto.

168 3440 321 3492 ritate
348 3440 398 3490 in
428 3435 559 3489 hunc
589 3437 792 3489 modum
818 3438 1027 3489 censuit.
1060 3435 1177 3491 th.

249 3509 325 3575 (τι)
365 3507 599 3575 Pontifex
627 3505 815 3560 scilicet
844 3509 1113 3568 maximus,
1143 3515 1245 3561 etc.
1293 3506 1434 3561 Bene
1462 3506 1617 3560 habet
1644 3507 1776 3576 Sep—

171 3581 357 3635 timius
380 3590 433 3632 et
461 3586 715 3631 annotatu
757 3578 997 3643 dignum,
1018 3577 1159 3645 quod
1185 3576 1343 3630 etiam
1367 3577 1476 3646 jam
1506 3578 1558 3631 in
1585 3577 1776 3632 ha-resi

170 3654 516 3711 constitutus,
539 3658 591 3702 et
607 3648 862 3705 adversus
878 3648 1167 3704 Ecclesium
1182 3647 1440 3709 scribens,
1466 3648 1774 3704 Pontiticem

175 3722 482 3777 Rotnannm
504 3718 814 3788 Episcopum
839 3720 1209 3789 Episcopornm
1234 3727 1521 3789 nuncupet,
1544 3730 1595 3774 et
1618 3719 1775 3785 intra,

171 3809 301 3859 cap.
359 3794 463 3857 l5,
505 3791 691 3845 bonum
721 3801 969 3859 pastorem
1006 3788 1052 3844 et
1099 3790 1410 3843 benedictum
1439 3788 1673 3860 Papam,
1724 3799 1779 3844 et

171 3879 297 3933 cap.
348 3863 414 3917 21
443 3904 455 3925 ,
488 3862 852 3931 apostolicum,
892 3862 1048 3918 sicuti
1089 3860 1251 3933 etiam
1284 3876 1467 3933 supra
1495 3861 1773 3933 annotavi-

174 3931 299 3990 mns
320 3976 335 3996 ,
367 3934 433 3987 de
462 3933 780 3986 auctoritate
815 3944 1035 4001 agentes
1065 3932 1256 3985 sunuui
1284 3931 1554 3986 Pontiﬁcis
1573 3974 1587 3996 ,
1620 3931 1684 3984 ad
1718 3931 1779 3985 li~

174 4008 335 4060 hrum
357 4006 418 4058 de
444 4000 934 4073 l’rtescriptiouibus,
957 4018 1074 4069 cap.
1109 4000 1337 4057 36.......
1365 4002 1459 4056 Hic
1492 4016 1776 4073 rvero......

175 4076 494 4145 adiit-iuuans
519 4116 533 4139 ,
566 4072 671 4129 non
698 4076 867 4128 solum
900 4073 1188 4145 privilegiis
1213 4083 1452 4127 ornatam
1480 4072 1641 4129 fuisse
1670 4075 1776 4127 lio-

176 4144 392 4203 manam
440 4147 622 4200 sedem
667 4163 694 4197 a
744 4145 822 4198 Fl.
882 4144 1234 4199 Constantino
1282 4145 1633 4213 imperatore,
1685 4146 1776 4199 sed

179 4220 350 4272 etiam
380 4226 590 4283 sceptro
620 4224 672 4268 et
698 4216 998 4269 diademate
1017 4216 1362 4282 imperatoria
1382 4256 1395 4277 ,
1426 4215 1531 4267 imo
1552 4227 1605 4268 et
1640 4215 1781 4270 Urbe

177 4301 239 4345 et
263 4288 553 4342 ditionibns
600 4285 762 4339 Italize
802 4285 1173 4356 amplissimis,
1222 4288 1294 4337 uti
1327 4302 1387 4337 es
1417 4285 1591 4339 edicto
1616 4286 1782 4339 dona-

176 4359 344 4415 tinnis
373 4358 728 4423 Constantini,
766 4374 793 4409 a
832 4357 871 4410 Β
924 4357 1123 4410 Isidoro
1150 4356 1313 4418 edito,
1358 4365 1596 4420 constat,
1642 4358 1779 4426 quod

180 4431 348 4486 hodie
365 4440 537 4483 exstat
561 4430 610 4481 in
636 4426 791 4481 tomis
808 4428 1184 4482 Conciliormn.
1209 4429 1356 4493 Quod
1377 4433 1533 4480 etiam
1557 4427 1749 4481 anthen
1766 4459 1779 4469 -

179 4502 351 4557 ticum
399 4515 519 4554 esse
571 4502 913 4571 (quamquam
958 4514 1231 4571 perperam
1281 4498 1430 4571 multi
1474 4499 1524 4551 in
1563 4500 1780 4552 dubitnu

1873 2872 2244 2941 Marcellinus,
2305 2873 2399 2929 lib.
2449 2873 2674 2937 XXVII,
2723 2875 2830 2941 jam
2882 2874 3207 2944 temporibus
3257 2874 3464 2929 Damasi

1873 2945 2210 3011 splendorem
2260 2944 2618 2999 Romanorum
2661 2945 2973 3015 Pontificum
3017 2946 3262 2999 eumdem
3304 2962 3463 3015 quem

1875 3016 1963 3069 illa
1993 3017 2121 3071 Acta
2152 3016 2457 3081 describat;
2490 3028 2544 3072 et
2569 3014 3341 3083 LaonicnsChalcondylas....
3372 3018 3462 3068 lib.

1874 3088 1936 3139 de
1959 3085 2122 3142 Gcstis
2146 3086 2518 3142 Turcarunn...
2550 3089 2768 3155 insuper
2787 3088 2897 3142 Suo
2918 3087 3006 3141 lih.
3033 3085 3097 3141 IV
3121 3086 3184 3139 de
3211 3087 3467 3156 Dignitate

1875 3168 1919 3211 et
1956 3157 2235 3227 Privilegiis
2264 3159 2506 3214 Romamn
2528 3159 2812 3213 Ecclesiae"
2846 3175 2864 3221 ;
2891 3157 3195 3221 Gratianus,
3226 3155 3347 3210 dist.
3375 3158 3465 3222 .46,

1876 3243 1996 3299 cap.
2023 3228 2398 3289 Constantinus,
2429 3239 2483 3283 et
2510 3230 2592 3295 l2,
2623 3244 2711 3299 gn.
2733 3230 2783 3293 1,
2813 3244 2933 3296 cap.
2960 3227 3210 3299 Futurum
3349 3228 3466 3281 Ilal-

1876 3298 2060 3354 samon
2079 3300 2131 3353 in
2142 3299 2751 3364 PhotiiNontocauonem,
2774 3298 2996 3357 tit.Vl||.
3018 3298 3437 3353 tIeParocltiis:..
3454 3341 3465 3352 .

1879 3370 2185 3426 Vincentius
2217 3371 2629 3436 Bellovacensis,
2662 3372 2779 3424 Itist.
2811 3384 2921 3425 suae
2952 3370 3041 3423 lib.
3073 3369 3208 3430 XIII,
3236 3385 3353 3436 cap.
3378 3371 3466 3432 5t,

1877 3443 1974 3503 55.
2022 3442 2182 3496 56....
2223 3442 2485 3510 Quidquid
2532 3442 2711 3512 itaque
2754 3441 2843 3495 alii
2871 3441 3085 3512 tradunt
3125 3440 3359 3512 ltistoriri
3401 3441 3468 3493 de

1879 3512 2239 3567 muniﬁcentia
2278 3528 2400 3582 erga
2436 3510 2711 3568 romanam
2741 3512 2923 3582 sedem
2954 3510 3259 3582 Jusﬁniani,
3292 3510 3469 3582 Theo-

1877 3582 2044 3638 dorici
2086 3584 2224 3651 regis
2260 3580 2763 3654 Langobardorum,
2808 3580 3011 3654 Pipiui,
3057 3581 3232 3654 Caroli
3274 3580 3466 3647 Magni,

1878 3654 2124 3735 Othonis,
2159 3652 2419 3735 ltadulplii
2450 3653 2788 3735 Habsbttrgii,
2817 3652 3152 3735 aliorumque
3179 3653 3469 3735 imperato-

1880 3741 2018 3789 rmu,
2042 3724 2199 3779 debet
2226 3722 2473 3778 similiter
2499 3725 2716 3792 intelligi
2744 3724 2813 3779 de
2833 3724 3171 3778 restitutione
3193 3722 3336 3777 urbis
3357 3722 3436 3775 [to
3453 3750 3467 3761 ο

1880 3810 2009 3859 mae,
2046 3795 2311 3850 Ravenna:
2340 3796 2673 3865 aliarumque
2702 3794 2860 3850 Italia:
2886 3794 3185 3865 civitatum,
3221 3808 3313 3861 per
3340 3809 3470 3861 apo-

1881 3875 2071 3920 statam
2116 3865 2418 3932 .Iulianum,
2458 3868 2683 3921 Arianns
2720 3875 2770 3921 et
2814 3864 3077 3919 exarchos
3116 3864 3468 3926 Ravennates.

1879 3946 2133 4007 quantum
2159 3946 2805 4008 apparet._occupatarum
2826 3946 2891 4008 et
2917 3943 3245 4008 erepturuth
3280 3935 3414 4008 P.t_st.

1953 4008 2031 4080 (h)
2079 4004 2361 4077 Episcopus
2396 4004 2784 4080 Episcoporunt.
2817 4006 2908 4062 Sic
2945 4004 3187 4061 Rul'tinus
3217 4004 3472 4080 {aeolnnn

1881 4076 2088 4135 Justum
2135 4080 2481 4134 ceustitutum
2532 4078 2696 4133 fuisse
2742 4079 3117 4145 Apostolorum
3166 4076 3473 4145 episcopum

1882 4151 2031 4213 dicit,
2058 4166 2238 4219 quem,
2270 4151 2408 4219 apud
2442 4150 2720 4205 Eusebium
2752 4147 2884 4203 llist.
2913 4148 2974 4212 Il,
3004 4163 3123 4215 cap.
3144 4147 3478 4219 Litllemens

1885 4218 2133 4276 επισιοτέον
2166 4218 2467 4290 timuique»
2506 4222 2731 4274 dixerat.
2780 4220 2854 4273 De
2896 4219 3157 4288 Episcopo
3184 4218 3479 4290 Episcopu-

1885 4308 2001 4362 rum
2042 4288 2383 4362 pervulgatas
2422 4302 2501 4347 est
2542 4290 2789 4362 Cypriani
2834 4291 3011 4354 locns,
3064 4290 3116 4344 in
3163 4288 3480 4344 l’t‘tel'ationc

1885 4360 2103 4418 Concilii
2134 4360 2381 4427 Carthag.
2413 4364 2528 4419 llic.

1961 4435 2031 4503 (cl
2069 4435 2174 4505 Ego
2198 4445 2239 4486 et
2271 4436 2561 4505 utmcltimret
2591 4429 2968 4499 fornicationis.
3002 4441 3104 4505 etc.
3138 4430 3269 4505 Cum
3302 4440 3478 4505 tauto-

1891 4502 2017 4574 pere
2065 4502 2165 4558 hoc
2204 4505 2433 4557 edictum
2463 4504 2639 4559 elevet
2676 4507 2909 4574 Auctor,
2943 4502 3135 4574 mirum
3179 4503 3229 4555 in
3262 4502 3478 4574 modum

180 4583 403 4635 vocent,
428 4569 595 4643 etiam
634 4571 723 4641 qui
759 4570 1015 4643 catholici
1043 4569 1473 4643 habcriyttlnnt),
1504 4580 1649 4643 patet
1673 4578 1780 4623 tnnt
1811 4570 1861 4630 D
1891 4569 2199 4630 imllucinari
2233 4585 2407 4643 patet,
2443 4574 2524 4628 vel
2563 4589 2629 4628 ex
2664 4573 2906 4643 apostolo
2934 4573 3172 4633 Joanne,
3207 4574 3365 4640 Apoc.
3402 4572 3441 4625 II
3467 4613 3480 4635 ,

179 4659 257 4698 ex
286 4642 517 4695 concilio
547 4639 768 4695 t'ttllttttit‘p
799 4643 897 4696 sub
928 4640 1201 4711 Sylvestro
1233 4641 1404 4706 Papa,
1454 4656 1574 4695 can.
1632 4639 1683 4701 l,
1717 4657 1780 4693 ex

182 4712 398 4785 synodo
435 4712 471 4765 II
491 4712 717 4785 Nicone,
742 4710 982 4785 generali
1019 4710 1139 4773 VII,
1175 4711 1262 4785 tibi
1287 4754 1299 4775 ,
1326 4711 1779 4785 ttl)_c0ItIirIItatiu-

183 4782 315 4839 trem
347 4783 630 4853 imagimuu
662 4782 712 4835 in
762 4782 998 4837 Ecclesia
1038 4782 1299 4853 primitiva
1334 4782 1645 4853 usitatarum
1668 4825 1681 4846 ,
1705 4782 1786 4835 ri-

181 4865 373 4910 tantur
399 4852 622 4909 exactis
644 4854 884 4920 ejusdem
927 4852 1224 4906 donationis
1247 4852 1502 4920 imagines
1525 4856 1618 4909 SS.
1648 4853 1787 4907 Petri

183 4938 242 4981 ct
270 4927 416 4979 l’auh
436 4966 450 4989 ,
488 4925 839 4978 Constantino
865 4942 892 4974 ιι
915 4922 1190 4995 Sylvcstro
1214 4935 1532 4978 osteus:e....
1563 4924 1617 4979 Si
1646 4924 1786 4979 enim

186 5012 322 5069 pars
349 5008 584 5069 actorum
624 4995 850 5069 citetur,
892 4998 1051 5069 etiam
1082 4996 1402 5069 reliquorum
1436 4994 1621 5051 iisdem
1660 5011 1790 5050 οιιιι.

190 5066 469 5123 ientot'um
519 5067 646 5138 lides
680 5066 977 5138 probatur.»
1002 5066 1202 5120 Eodem
1250 5066 1511 5138 pertinent
1553 5070 1786 5138 quaetex

188 5139 388 5195 iisdem
421 5139 552 5190 actis
585 5137 722 5190 haud
760 5137 919 5191 dubie
950 5136 1283 5206 deprompta)
1323 5138 1533 5191 tradunt
1566 5137 1621 5190 Β.
1656 5136 1787 5192 Gre-

188 5208 379 5280 gorius
428 5208 759 5280 Turonensis
779 5206 936 5280 ﬂist.
985 5209 1077 5261 lib.
1108 5206 1190 5269 Il;
1232 5207 1409 5280 Beda,
1448 5207 1794 5280 itiCItt‘otticis

191 5277 264 5335 {id
300 5294 499 5333 annum
530 5280 707 5332 mundi
736 5277 882 5332 4288
908 5296 920 5341 ;
959 5280 1217 5332 Adrianus
1244 5278 1385 5347 Papa
1409 5320 1422 5341 ,
1473 5278 1700 5346 Epistula
1727 5279 1794 5333 ad

192 5350 607 5407 Constantinum
631 5360 682 5402 et
706 5348 913 5404 [renum
934 5367 947 5413 ;
970 5349 1316 5418 Nicepltorus,
1341 5348 1552 5413 lib.VII,
1569 5351 1790 5418 cap.55,

196 5434 255 5479 et
281 5422 341 5475 Β.
367 5420 623 5479 Thomas,
647 5421 874 5473 Summa:
896 5423 1004 5475 sua:
1030 5431 1169 5490 part.
1191 5419 1280 5480 ΙΙΙ,
1304 5420 1562 5490 qumst.6,
1588 5436 1792 5489 argum.

202 5497 235 5549 ι
258 5536 272 5553 ,
308 5493 374 5545 de
402 5503 579 5544 curata
612 5495 755 5562 lepra
780 5491 1114 5546 Constantini
1137 5508 1150 5543 :
1196 5506 1419 5562 qua-que
1443 5491 1511 5546 de
1535 5491 1799 5561 baptismo

200 5564 449 5633 ejusdem
504 5578 596 5631 per
642 5561 852 5635 beatum
893 5563 1222 5635 Sylrestrutn
1267 5561 1491 5635 Papam,
1539 5563 1796 5635 scribunt,

203 5644 406 5705 prarter
446 5635 748 5705 praedii-tos,
796 5633 952 5688 dicta?
990 5634 1111 5705 dua:
1150 5633 1370 5705 synodi,
1417 5634 1703 5687 Damascus
1744 5633 1800 5705 in

206 5703 505 5760 I’ontilicali
532 5704 727 5759 Liberii
774 5715 912 5769 acta,
942 5719 1061 5775 cap.
1089 5704 1155 5768 6;
1184 5703 1547 5771 Nicephorus,
1574 5705 1663 5759 lib.
1688 5704 1799 5770 VII,

204 5794 330 5844 cap.
362 5777 464 5840 ‘55,
495 5789 547 5830 et
580 5777 668 5830 lib.
705 5775 831 5837 VIII,
857 5792 973 5845 cap.
1007 5777 1042 5831 ὅ
1074 5784 1128 5829 et
1155 5776 1262 5837 ὄις
1302 5776 1565 5830 Marianus
1589 5775 1801 5841 Scottis,

207 5850 264 5904 in
294 5847 583 5913 Chronico,
614 5857 668 5902 et
697 5848 754 5901 Β.
786 5847 1016 5901 'l'hmnas
1045 5847 1162 5901 loco
1184 5847 1293 5916 jam
1323 5849 1439 5910 cit.,
1469 5858 1648 5916 utpote
1684 5862 1805 5917 qua:

214 5920 407 5974 iisdem
435 5920 582 5975 Actis
622 5920 1054 5974 continentur....
1095 5918 1273 5985 Quid?
1310 5920 1452 5987 quod
1499 5918 1807 5973 Ammianus

1886 4648 1957 4703 ΞΟ
1990 4647 2095 4707 22,
2130 4648 2213 4701 ubi
2237 4642 2311 4699 de.
2338 4646 2566 4709 Jesabel,
2600 4642 2717 4713 (ιιιςὲ
2742 4642 2971 4697 docebat
2996 4643 3314 4697 fornicari...
3345 4643 3447 4697 dici
3470 4674 3481 4681 -

1891 4728 2012 4772 tur:
2058 4716 2120 4769 Et
2159 4717 2294 4769 dedit
2331 4716 2409 4770 illi
2436 4726 2629 4785 tempus
2655 4723 2708 4767 nl
2748 4713 3088 4785 ptzniteutinnt
3124 4724 3382 4782 (ψέγει...
3423 4713 3485 4764 Et

1888 4790 1975 4857 qni
2006 4788 2317 4841 inme/tantur
2350 4804 2462 4840 cum
2490 4783 2548 4839 ett
2569 4827 2584 4851 ,
2627 4787 2681 4838 in
2707 4783 3292 4857 tribulationeintuatiuta
3314 4796 3478 4857 crum.

1891 4854 1987 4913 nisi
2032 4860 2371 4924 paenitentiam
2408 4859 2469 4910 ab
2512 4857 2744 4923 aper-ibus
2778 4856 2883 4908 suis
2922 4856 3130 4921 egerint.
3178 4854 3326 4922 Quod
3374 4856 3486 4922 ipse

1892 4930 2091 4985 Auctor
2110 4929 2282 4984 adhuc
2297 4928 2590 4983 eatholicus
2609 4927 2937 4992 expressit...
2959 4926 3051 4980 lib.
3075 4926 3142 4981 de
3167 4925 3485 4987 l'mnitentin,

1891 5016 2006 5068 cap.
2057 5002 2132 5063 8;
2184 5010 2237 5054 ct
2297 5010 2615 5070 posticum,
2659 4997 2720 5051 Β.
2762 4996 3065 5070 I’_acianus,_
3106 4997 3265 5070 epist.
3321 4999 3379 5070 ι,
3422 4995 3489 5048 ad

1894 5066 2182 5143 Sy‘mpron.
2208 5066 2391 5143 norat.
2429 5068 2630 5143 Eodem
2673 5067 2903 5143 pertinet
2929 5066 3069 5137 quod
3104 5066 3161 5120 Β.
3192 5067 3491 5137 Cyprianus

1897 5138 2047 5211 (dicit
2081 5140 2151 5211 in)
2183 5142 2349 5211 Epist.
2379 5141 2667 5211 Antonian.
2712 5138 2846 5211 Psu.

1968 5212 2046 5281 td)
2076 5206 2273 5265 Bonum
2303 5216 2512 5282 factum.
2543 5209 2691 5282 lianc
2731 5209 2943 5282 phrasin
2989 5208 3329 5282 sieexplicat
3356 5206 3495 5282 'l'ur:

1898 5278 2087 5342 nebus.
2121 5278 2387 5336 Adversor.
2419 5282 2510 5336 lib.
2538 5278 2637 5345 Ill,
2667 5295 2785 5349 cap.
2821 5279 2889 5333 η
2909 5321 2921 5341 ,
2952 5279 3090 5347 quod
3117 5289 3327 5335 veteres
3367 5278 3490 5333 boni

1897 5356 2093 5409 ominis
2117 5368 2302 5408 caussa
2334 5354 2518 5406 bonum
2550 5357 2741 5419 factum
2769 5350 2975 5419 prtciari
2998 5350 3243 5405 solebant
3269 5352 3320 5403 in
3350 5350 3492 5405 edie-

1901 5427 1985 5491 tis,
2016 5442 2080 5481 ex
2109 5426 2198 5478 illo
2229 5424 2397 5479 Plauti
2429 5425 2481 5478 in
2514 5421 2730 5476 Pennlo.

2054 5496 2242 5544 Bonum
2267 5494 2441 5545 factum
2467 5501 2545 5544 est
2570 5493 2731 5542 edicta
2754 5496 2808 5541 ut
2828 5497 2997 5541 servet
3016 5505 3145 5540 mea.
3183 5491 3309 5540 Pan.

1976 5558 2047 5629 (e)
2107 5558 2215 5611 Erit
2258 5559 2419 5629 igitur
2459 5568 2505 5629 et
2549 5553 3277 5629 ltlc_AD‘VBRSUS_P§i'CﬂICOs
3303 5553 3497 5629 titulus.

1903 5625 2036 5684 Cum
2069 5630 2153 5683 hie
2183 5625 2383 5684 indicet
2408 5626 2583 5682 adhuc
2609 5626 2830 5681 alterius
2860 5625 2998 5679 tituli
3028 5626 3218 5680 librum
3244 5625 3498 5678 Adversus

1908 5700 2186 5770 Psyclticos
2231 5715 2260 5753 a
2289 5714 2347 5753 se
2365 5698 2590 5770 editum,
2615 5706 2760 5766 patet
2778 5697 3047 5770 posterius
3064 5695 3491 5770 scrip_tutn__hu_t_ic

1909 5764 2228 5842 prtecedenti
2273 5770 2445 5837 libro,
2487 5769 2553 5823 ad
2593 5764 2753 5839 quem
2784 5766 2870 5822 hic
2912 5766 3048 5821 haud
3093 5764 3497 5842 dubie_allndit.

1984 5912 2045 5987 (Γ)
2102 5915 2164 5968 At
2194 5914 2325 5969 enim
2357 5928 2435 5965 nte
2473 5928 2573 5965 non
2601 5909 2759 5981 magis
2789 5908 3104 5963 dedecorabit
3134 5836 3480 5963 ntilifltzitas
