4220 6492
754 380 860 440 983

2168 379 2631 439 TERTIIILMNI

3958 388 4065 441 931

760 502 939 570 potius
978 500 1156 585 carnis
1195 515 1353 571 quam
1397 500 1678 556 tormentis
1712 500 1901 573 punire
1935 500 2253 566 contendat,
2300 501 2347 554 id
2376 504 2427 563 Α
2459 504 2531 556 vel
2559 504 2693 557 catlit
2713 520 2730 557 :
2761 512 2813 557 tu
2840 504 2953 574 quis
2979 520 3052 571 es,
3079 514 3135 560 ut
3162 520 3359 561 servum
3380 507 3578 579 judices
3599 508 3859 562 alienum?
3883 508 4061 563 :Rum.

760 598 947 651 volens
976 598 1184 666 eripere
1210 595 1351 666 quod
1382 597 1502 649 vita:
1532 598 1892 665 anteponant!
1943 596 2045 648 Sed
2082 596 2191 663 jam
2240 599 2351 649 Iure

756 687 922 757 gloria
946 687 1291 758 extinguitur,
1323 697 1377 742 et
1403 686 1617 756 quidem
1648 704 1741 755 per
1764 703 1859 741 ens
1890 703 2025 758 quos
2055 697 2200 741 tanto
2216 702 2354 741 cou-

757 782 985 836 stantius
1004 790 1317 850 oportuerat
1348 779 1609 849 ejusmodi
1650 780 1870 834 maculis
1895 780 2092 833 nullam
2120 778 2354 834 subscri-

757 870 885 928 bere
915 872 1123 928 \'eniam
1146 914 1160 939 ,
1190 880 1390 942 quanto
1421 880 1697 941 propterea
1728 871 1975 940 quotiens
2006 870 2217 932 volunt,
2250 884 2351 922 titt-

758 968 887 1023 lntnt
914 968 1015 1039 t'I),
1046 982 1115 1023 ne
1143 966 1390 1022 mmcltize
1409 974 1461 1021 et
1492 965 1828 1020 fornicationi
1858 964 2131 1019 succidere
2159 978 2353 1033 cogan-

754 1072 871 1113 tur:
891 1060 1141 1131 quoniam
1166 1060 1343 1112 melius
1362 1068 1434 1113 est
1458 1058 1643 1111 nabere
1666 1074 1818 1123 quant
1843 1057 1923 1109 uri
1948 1056 1989 1123 (Ι
2013 1055 2249 1121 Cor.V|I,
2271 1055 2351 1125 9).

752 1150 1015 1205 Nimirum
1039 1193 1054 1215 ,
1088 1162 1305 1221 propter
1333 1150 1715 1205 continentiam
1749 1148 2134 1204 incontinentia
2162 1164 2352 1203 neces-

748 1242 888 1297 saria
916 1253 1016 1307 est,
1048 1242 1349 1299 incendium
1381 1241 1590 1311 ignibus
1618 1241 2009 1311 esstingnetur.
2038 1238 2355 1311 Curergoet

748 1336 972 1389 crimina
991 1334 1327 1405 postmodum
1348 1331 1622 1403 indulgent
1639 1333 1962 1403 pmnitentizu
1977 1332 2212 1393 nontine.
2227 1346 2355 1403 quo-

751 1445 866 1482 rum
895 1429 1126 1483 remedia
1141 1428 1482 1499 praestitutum
1500 1426 1928 1481 tnnltinubentim
1959 1427 2122 1493 jure?
2145 1425 2274 1480 Nam
2300 1435 2355 1481 et

750 1522 984 1577 remedia
1006 1520 1289 1586 vacabunt,
1307 1536 1429 1575 cum
1446 1520 1669 1575 crimina
1689 1518 2045 1589 indulgentnr;
2064 1530 2116 1574 et
2131 1520 2351 1575 crimina

749 1615 1059 1678 manclmnt,
1076 1617 1117 1669 si
1131 1613 1365 1669 remedia
1380 1612 1665 1669 vacabunt.
1684 1614 1863 1683 Itaque
1878 1612 2158 1684 utrobique
2170 1614 2356 1669 desol-

746 1706 1021 1761 lieitndine
1045 1717 1097 1762 et
1124 1706 1442 1777 negligentia
1465 1705 1672 1769 ludunt,
1696 1706 2047 1776 prmcavendo
2067 1708 2355 1762 vanissime

751 1799 945 1866 quibus
976 1808 1219 1868 parcunt,
1248 1810 1302 1853 et
1334 1796 1603 1867 parcendo
1629 1797 1963 1869 ineptissime
1993 1797 2189 1869 quibus
2213 1812 2353 1868 pra:-

2460 596 2689 659 XIVJ).
2713 597 2936 663 Dimitte,
2961 609 3006 652 et
3035 600 3311 653 dimittetur
3336 601 3423 653 tibi
3453 598 3694 670 (Luc.VI,
3728 601 3818 666 57;
3865 601 3935 670 (Cl
3962 599 4065 652 Ta-

2457 688 2521 742 lia
2552 698 2607 743 et
2647 698 2787 742 tanta
2823 690 2985 744 Ittlilia
3025 706 3210 745 eorum
3264 692 3456 760 quibus
3499 703 3552 746 et
3592 692 3701 745 Deo
3753 691 4064 755 adulantur,

2455 789 2504 833 et
2537 778 2637 834 sibi
2667 780 3064 845 lenocinantur,
3098 780 3479 835 etheminantia
3511 784 3680 853 magis
3723 797 3890 850 quam
3920 783 4067 851 vigo-

2457 873 2622 926 rantia
2646 872 3016 942 disciplinam,
3042 874 3253 943 quantis
3274 884 3327 927 et
3356 890 3454 929 nos
3480 886 3533 930 et
3560 876 3848 929 contrariis
3877 890 4068 946 possu-

2458 978 2576 1019 ntus
2604 976 2981 1037 repercutere,
3024 982 3144 1037 qua:
3184 976 3240 1022 et
3268 966 3357 1022 Dei
3391 968 3731 1023 severitatem
3774 968 4062 1033 intentent,

2455 1065 2511 1111 et
2539 1067 2774 1113 nostram
2804 1059 3154 1113 constantiam
3190 1062 3518 1127 provocent?
3547 1061 3713 1128 Quia,
3750 1063 3854 1115 etsi
3890 1062 4066 1117 beans

2456 1158 2645 1203 natura
2664 1150 2822 1214 Deus,
2856 1160 3031 1205 tamen
3055 1160 3109 1206 et
3133 1151 3310 1221 justus
3330 1151 3623 1223 (Psal.VII,
3652 1152 3765 1223 12).
3797 1154 3877 1207 Ex
3906 1166 4065 1207 (musa

2455 1244 2621 1307 enim,
2648 1244 2787 1298 sicut
2804 1259 2993 1298 sanare
3018 1244 3185 1311 novit,
3217 1246 3284 1299 ita
3312 1254 3366 1300 et
3399 1246 3606 1301 (κράατα
3636 1245 3818 1318 (Dent.
3844 1245 4065 1309 XXXII,

2456 1334 2569 1405 59).
2590 1333 2789 1390 faciens
2817 1350 3022 1406 pacem,
3042 1336 3132 1390 sed
3158 1347 3211 1391 et
3231 1337 3468 1392 condens
3489 1338 3623 1391 mala
3653 1338 3670 1408 (
3693 1337 3748 1391 Is
3796 1337 3965 1401 XLV,
3985 1339 4064 1403 7),

2460 1429 2823 1497 pwnitentiam
2857 1430 3061 1484 malens
3106 1431 3125 1503 (
3158 1429 3345 1485 Ezech.
3375 1431 3574 1494 XVIII,
3606 1431 3710 1495 εδ,
3741 1431 3861 1499 5'3),
3894 1431 3991 1486 sed
4022 1440 4069 1485 et

2460 1521 2739 1577 llierentia:
2766 1523 3024 1577 mandans
3046 1565 3060 1587 ,
3094 1540 3161 1579 ne
3188 1540 3283 1593 pro
3314 1525 3509 1594 papula
3541 1536 3827 1594 peccatore
3867 1525 4067 1596 depre-

2457 1623 2669 1670 carelur
2701 1633 2714 1667 :
2748 1615 3000 1682 Quoniam
3040 1617 3084 1670 si
3117 1619 3492 1688 jejunaveriut,
3529 1620 3730 1688 inquit,
3764 1636 3872 1671 non
3914 1635 4069 1671 exau-

2458 1706 2596 1759 diam
2624 1705 3017 1761 obsecrationem
3044 1723 3249 1771 eorum;
3278 1718 3327 1763 et
3358 1723 3541 1763 rursus
3568 1727 3580 1762 :
3603 1707 3668 1761 Et
3698 1720 3753 1762 tu
3783 1726 3849 1763 tte
3879 1710 4068 1763 adora-

2457 1798 2586 1852 veris
2616 1814 2707 1864 pro
2734 1799 2921 1869 papula
2943 1841 2957 1861 ,
3001 1810 3047 1852 et
3085 1816 3148 1852 ne
3173 1800 3505 1867 postulaverit
3532 1817 3624 1871 pro
3654 1802 3735 1854 Itis
3764 1802 3817 1854 in
3848 1818 4000 1870 prece
4024 1812 4068 1855 et

746 1900 1043 1955 caverunt;
1089 1904 1210 1945 eum
1242 1898 1335 1943 aut
1358 1889 1767 1961 priccavendum
1796 1904 1902 1943 non
1934 1888 2025 1953 sit,
2057 1889 2144 1944 tibi
2175 1891 2350 1959 parci-
2383 1893 2430 1952 B
2458 1891 2719 1953 oratione,
2747 1891 2987 1960 quoniant
3014 1907 3114 1944 non
3140 1890 3415 1945 exaudiam
3450 1892 3501 1944 in
3534 1903 3760 1960 tempore
3793 1910 3896 1959 quo
3932 1895 4069 1945 invo—

745 1996 859 2045 tur;
900 1994 991 2038 aut
1036 1984 1363 2055 parcendum
1393 1999 1497 2046 non
1524 1983 1614 2048 sit,
1640 1984 1726 2037 ubi
1758 1994 2106 2053 prmcavctnr.
2140 1983 2348 2039 Praecu-

741 2086 869 2130 vent
898 2076 1041 2130 enim
1062 2118 1076 2140 ,
1112 2076 1262 2146 quasi
1293 2076 1465 2130 nolint
1495 2073 1703 2130 admitti
1732 2076 1837 2130 tale
1860 2073 1986 2144 quid
2014 2092 2029 2139 ;
2070 2074 2351 2144 indulgent

741 2176 944 2228 autem,
972 2168 1123 2237 quasi
1148 2167 1313 2221 velint
1333 2166 1539 2221 admitti
1565 2184 1578 2231 ;
1608 2166 1821 2237 quando
1847 2167 1891 2221 si
1921 2166 2129 2220 admitti
2154 2166 2345 2231 nolint,

745 2278 850 2314 non
878 2260 1111 2315 debeant
1140 2260 1451 2331 indulgere;
1490 2261 1533 2315 si
1568 2259 1843 2330 indulgere
1870 2259 2029 2315 velint
2054 2302 2069 2326 ,
2112 2276 2218 2315 non
2248 2260 2346 2315 de-

745 2355 907 2408 beant
935 2370 1257 2423 pratcavere.
1302 2353 1411 2409 Nec
1448 2354 1591 2409 enim
1634 2353 1861 2409 muacliia
1893 2363 1948 2408 et
1978 2353 2257 2409 l’ornicatio
2282 2355 2347 2409 de

748 2446 973 2501 modicis
1002 2459 1051 2501 et
1086 2448 1159 2517 (a)
1191 2447 1258 2502 de
1291 2447 1540 2502 maximis
1568 2446 1649 2519 (Ξ)
1680 2446 1891 2501 delictis
1925 2445 2345 2515 deputabuntur,

743 2549 801 2593 ut
832 2550 1116 2610 ntrmnqne
1143 2548 1449 2610 competat,
1491 2549 1545 2595 et
1580 2540 1883 2595 sollicitudo
1908 2558 2028 2611 qum
2057 2551 2343 2611 przeeat‘et,

742 2639 797 2684 et
826 2632 1087 2686 securitas
1111 2647 1231 2701 quat:
1267 2630 1522 2702 indulget.
1554 2630 1660 2686 Sed
1687 2646 1807 2685 cum
1836 2647 1897 2686 ea
1939 2633 2045 2686 sint
2077 2648 2197 2702 qua:
2235 2634 2347 2687 cul-

745 2738 867 2777 tuen
895 2724 1178 2777 criminum
1213 2732 1464 2787 teneant,
1509 2739 1614 2778 non
1642 2724 1787 2794 capit
1811 2734 1864 2779 et
1904 2724 2165 2794 indulgeri
2195 2726 2345 2794 quasi

742 2813 951 2870 modica
980 2856 993 2879 ,
1036 2823 1088 2868 et
1134 2816 1420 2885 praecaveri
1462 2817 1612 2885 quasi
1662 2816 1915 2872 maxima.
1966 2816 2129 2872 Nobis
2168 2828 2344 2873 autem

741 2906 970 2961 maxima
1011 2916 1102 2961 aut
1143 2921 1349 2961 smnma
1398 2908 1476 2962 sic
1505 2922 1719 2978 quoque
1767 2918 2176 2978 prrccaventnr,
2218 2910 2345 2965 dunt

740 3012 842 3053 nec
868 2996 1130 3053 secundas
1154 2998 1367 3067 quidem
1405 3008 1526 3068 post
1568 2997 1728 3052 Iidem
1773 3000 1983 3067 nuptias
2024 3000 2349 3067 permittitur

741 3105 925 3153 nosse,
956 3090 1284 3161 nuptialibus
1317 3099 1371 3144 et
1398 3088 1668 3143 dotalibus
1692 3091 1735 3143 si
1771 3090 1907 3144 forte
1938 3092 2128 3145 tabulis
2156 3106 2183 3145 a
2215 3106 2346 3147 ma:-

741 3184 879 3239 cltia:
898 3192 953 3239 et
974 3183 1339 3239 fornicationis
1361 3197 1521 3253 opere
1542 3182 1803 3238 diversas.
1829 3183 1893 3239 Et
1917 3182 2038 3238 ideo
2060 3184 2347 3240 durissintc

2452 1985 2675 2038 careriut
2714 2000 2811 2046 nte,
2837 1984 2887 2037 itt
2919 1994 3141 2053 tempore
3168 1984 3451 2053 aﬂIiclionis
3491 2001 3595 2038 sua:
3620 1986 3638 2053 (
3667 1983 3781 2038 Jer.
3822 1984 3947 2049 VII,
3982 1985 4065 2049 I0,

2453 2076 2522 2132 XI
2544 2120 2557 2140 ,
2592 2076 2695 2143 14,
2731 2076 2869 2142 XIV,
2905 2078 2992 2140 II,
3028 2076 3141 2147 1‘2).
3177 2076 3242 2131 Et
3267 2076 3438 2131 adlmc
3469 2093 3652 2145 supra,
3682 2078 3825 2133 idem
3860 2080 4069 2132 miseri-

2450 2170 2645 2227 cordia:
2677 2170 2925 2241 pra-lator
2968 2186 3126 2241 quam
3169 2170 3412 2226 sacriﬁcii
3443 2190 3455 2224 :
3491 2168 3554 2223 Et
3587 2181 3639 2223 ttt
3670 2189 3733 2225 ne
3777 2173 4072 2227 adoraceris

2452 2279 2545 2333 pro
2569 2262 2758 2332 populo
2787 2262 2920 2328 isto;
2947 2271 3020 2328 et,
3056 2259 3137 2314 Ne
3159 2262 3492 2331 postulaeeris
3519 2263 3931 2317 misericordiam
3955 2280 4073 2317 con-

2450 2355 2589 2424 sequi
2616 2370 2721 2407 eos.
2776 2352 2841 2407 Et
2862 2394 2876 2419 ,
2928 2351 3012 2407 Ne
3047 2354 3317 2406 accesseris
3348 2370 3440 2420 pro
3478 2355 3557 2407 Itis
3582 2354 3651 2406 ad
3679 2371 3793 2421 me,
3828 2358 4075 2426 quoniam

2450 2465 2550 2503 nou
2581 2448 2852 2502 exaudiant
2878 2448 3050 2517 utique
3080 2448 3477 2499 misericordiam
3510 2448 3824 2515 postulantes
3854 2448 4069 2517 (lbid.i,

2451 2540 2632 2610 utique
2656 2556 2719 2592 es
2752 2538 3070 2607 paenitentia
3100 2538 3291 2595 ﬁentes
3320 2548 3373 2591 et
3397 2538 3723 2606 jejnnanles.
3750 2552 3801 2591 et
3833 2540 4074 2594 adflicta-

2452 2634 2648 2687 tionem
2676 2646 2825 2685 suam
2854 2630 3138 2685 olI'ercuIes
3166 2630 3291 2683 Deo.
3325 2628 3458 2683 Deus
3489 2632 3622 2683 enim
3652 2632 3839 2685 zelotes
3870 2631 4068 2701 (Exod.

2450 2723 2519 2785 Χ.
2552 2724 2607 2787 5,
2650 2722 2890 2787 XXXIV,
2945 2722 3011 2777 II
3044 2724 3085 2792 ).
3118 2724 3197 2793 (d)
3246 2733 3300 2776 et
3352 2722 3439 2792 qni
3496 2738 3624 2775 naSn
3662 2739 3767 2778 non
3794 2724 4075 2798 deridetur

2454 2816 2651 2888 (Gulat.
2682 2814 2853 2886 Vl,7),
2878 2813 3205 2869 adulantium
3232 2814 3437 2869 Scilicet
3465 2815 3586 2868 boni
3616 2816 3684 2868 ati
3714 2816 3857 2885 ejus.
3891 2816 3959 2871 Et
3988 2820 4072 2887 qui

2452 2910 2570 2965 licet
2596 2909 2801 2979 patiens
2825 2906 2997 2979 (Psal.
3031 2906 3145 2968 VII,
3176 2908 3243 2962 I2
3266 2907 3311 2978 ),
3346 2920 3521 2961 tamen
3556 2926 3646 2977 per
3672 2908 3888 2965 E~aiant
3921 2925 4073 2964 cont-

2452 3003 2684 3056 tuinetur
2711 3001 2978 3071 patientia:
3007 2998 3166 3053 ﬁnem
3204 3016 3217 3051 :
3250 2998 3444 3064 Tacui,
3491 3001 3737 3068 numquid
3782 3012 3832 3053 et
3875 3018 4073 3069 semper

2451 3096 2640 3159 tacebo,
2666 3105 2712 3149 et
2737 3092 3026 3149 sustinebo?
3050 3094 3231 3161 quievi,
3264 3091 3395 3146 velut
3423 3094 3709 3163 parturiens
3730 3108 3747 3156 ;
3767 3110 4069 3166 exsurgant,

2450 3199 2497 3243 et
2514 3203 2739 3242 arescere
2766 3186 2951 3261 faciam
2980 3186 2997 3255 (
3024 3183 3129 3239 lsa.
3156 3183 3314 3249 XLII,
3341 3183 3428 3249 14,
3463 3184 3577 3253 I5).
3604 3183 3748 3254 Ignis
3768 3186 3915 3239 enim
3943 3203 4072 3251 prte-

744 3293 844 3333 nos
873 3276 1193 3332 infantantes
1220 3275 1553 3331 Paracletum
1584 3275 1881 3345 disciplina:
1912 3277 2230 3331 enonmitate
2259 3276 2337 3331 di-
2365 3280 2409 3342 C
2443 3281 2581 3335 cedet
2609 3288 2726 3333 ante
2752 3278 2931 3349 faciem
2960 3277 3141 3348 ipsius,
3173 3284 3219 3329 et
3244 3284 3420 3329 exuret
3446 3276 3676 3329 inimicos
3722 3278 3836 3345 ejus
3868 3279 3884 3343 (
3931 3276 4072 3341 Psal,

743 3386 929 3443 gamos
951 3371 1077 3427 loris
1100 3371 1359 3435 sistimus,
1383 3370 1629 3425 eumdem
1652 3370 1872 3424 limitem
1898 3370 2097 3425 liminis
2120 3370 2344 3427 mmeltis

743 3478 958 3535 quoque
998 3475 1051 3521 et
1097 3464 1506 3520 fornicatoribtts
1566 3462 1796 3532 ﬁgimus.
1831 3464 1903 3533 (b)
1950 3463 2159 3533 jejttnas
2204 3466 2347 3533 pacis

743 3556 1015 3628 lacrymas
1047 3555 1346 3628 prolnsuris
1368 3598 1384 3623 ,
1429 3571 1529 3611 nec
1558 3555 1790 3626 amplius
1818 3555 1885 3611 ab
1916 3555 2155 3611 Ecclesia
2187 3573 2345 3627 quam

742 3648 1159 3719 publicationem
1187 3647 1468 3704 dedecoris
1494 3647 1765 3704 relaturis.

1375 3738 1603 3796 CAPUT
1655 3739 1717 3793 II.

812 3830 1113 3898 Czeternm,
1158 3832 1335 3899 Deus,
1376 3831 1655 3903 inquiunt.
1700 3830 1876 3887 bonus
1910 3839 1965 3886 et
1999 3830 2265 3899 optimus,
2302 3842 2348 3885 et

738 3924 1023 3979 misericors
1049 3934 1095 3978 et
1121 3925 1384 3979 miserator
1421 3925 1439 3997 (
1470 3923 1617 3979 Psal.
1640 3920 1773 3988 CXI,
1803 3923 1882 3995 4),
1915 3932 1961 3978 et
1991 3925 2349 3979 misericordiae

739 4016 990 4087 plurimus
1029 4016 1047 4083 (
1074 4016 1193 4071 Joel
1220 4015 1287 4080 II,
1327 4015 1440 4085 I3),
1463 4032 1621 4087 quam
1649 4017 1795 4071 omni
1827 4015 2091 4071 sacriﬁcio
2123 4026 2345 4086 antepo-

736 4110 812 4163 nit
848 4110 865 4178 (
892 4109 910 4164 l
940 4108 1065 4181 Reg.
1087 4108 1203 4177 XV,
1231 4108 1332 4172 2%;
1366 4109 1582 4175 Ose.VI,
1602 4110 1636 4164 6
1656 4128 1671 4175 ;
1695 4109 1877 4164 Matth.
1896 4108 1989 4173 IX,
2016 4110 2103 4175 15,
2125 4108 2237 4174 XII,
2263 4111 2341 4182 7);

2450 3370 2648 3436 XCVI,
2677 3368 2765 3441 ὖ),
2800 3384 2905 3423 non
2946 3368 3115 3422 solum
3147 3382 3361 3438 corpus,
3391 3382 3577 3421 verum
3608 3375 3661 3421 et
3688 3369 3899 3422 animas
3927 3374 4071 3423 oeci-

2450 3465 2584 3520 dens
2615 3464 2664 3518 itt
2692 3462 2991 3533 gehennam
3025 3460 3236 3533 (.Ilallh.
3270 3460 3337 3525 Χ,
3369 3458 3485 3531 28).
3509 3460 3797 3526 Ca'ternm,
3824 3463 4069 3531 judican-

2451 3556 2591 3612 tibus
2628 3554 2897 3625 quomodo
2933 3553 3189 3607 Dominus
3238 3552 3631 3615 connuinetnr,
3679 3552 3797 3621 ipse
3837 3553 4065 3608 deumn-

2451 3658 2619 3701 strat:
2658 3646 2769 3711 Quo
2813 3645 2947 3698 enim
2981 3642 3183 3713 judicio
3222 3642 3613 3713 judicaveritt's,
3649 3642 3982 3709 judicabt'tar
4007 3646 4067 3698 de

2454 3738 2589 3793 vobis
2638 3735 2849 3807 (Matth.
2874 3732 2987 3799 VII,
3018 3733 3097 3804 2).
3134 3732 3204 3785 Ila
3239 3747 3342 3785 non
3374 3730 3641 3801 prohibuit
3663 3732 3940 3800 judicare,
3974 3736 4066 3788 Sed

2451 3828 2649 3885 docuit.
2683 3825 2832 3882 Unde
2856 3834 2909 3879 et
2933 3823 3221 3892 Apostolus
3236 3821 3461 3891 jndicat,
3485 3821 3773 3891 etquidem
3804 3824 3857 3876 in
3886 3840 4049 3879 causa

2451 3920 2835 3980 fornicationis,
2869 3914 3170 3971 dedendmn
3202 3915 3455 3985 ejusmodi
3481 3916 3739 3970 hominem
3764 3915 3988 3972 Salano:
4013 3920 4062 3973 is

2449 4014 2706 4067 interitum
2734 4012 2903 4065 carnis
2946 4010 2965 4081 (
2999 4010 3015 4064 I
3047 4007 3166 4063 Cor.
3196 4008 3257 4073 V,
3290 4010 3323 4064 ὅ
3345 4006 3389 4079 ),
3421 4008 3703 4077 increpans
3728 4008 3894 4062 etiam
3926 4012 4063 4080 quod

2448 4105 2638 4161 fratres
2669 4118 2772 4158 non
2802 4101 2938 4172 apud
2966 4110 3182 4155 sanctos
3202 4099 3569 4169 judicarentur
3611 4097 3631 4171 (
3660 4098 3680 4152 l
3711 4098 3837 4155 Cor.
3889 4100 3979 4168 VI,
4015 4104 4061 4167 I,

736 4218 845 4258 non
878 4204 1005 4258 tanti
1050 4194 1253 4260 ducens
1290 4206 1568 4273 peccatoris
1610 4216 1856 4271 mortem,
1892 4221 2043 4275 quam
2084 4207 2335 4275 paeniten-

2447 4198 2596 4270 μιᾳ).
2631 4196 2901 4265 Adjiciens
2929 4193 3070 4247 enim
3100 4192 3305 4261 inquit:
3336 4190 3404 4246 Ut
3433 4192 3555 4263 quid
3579 4192 3708 4244 milii
3735 4194 4065 4263 eosquifori;

730 4295 854 4348 tiam
885 4296 902 4364 (
934 4296 1116 4350 Ezeclt.
1144 4296 1330 4361 XVIII,
1352 4297 1443 4362 εδ,
1463 4296 1554 4362 ⁸52,
1575 4296 1769 4361 XXIII,
1797 4296 1882 4368 II)
1918 4298 2231 4367 salvi/Icator
2254 4299 2335 4369 l3)

734 4388 960 4441 omnium
992 4388 1270 4457 hominum,
1290 4399 1337 4443 et
1362 4391 1585 4443 maxime
1611 4390 1841 4457 ﬁdelium
1873 4390 1915 4462 (I
1940 4389 2069 4444 Tim.
2100 4390 2189 4457 IV,
2220 4390 2333 4462 I0).

730 4478 919 4551 Itaque
943 4492 993 4536 ct
1019 4483 1154 4537 ﬁlios
1176 4484 1265 4537 Dei
1296 4483 1670 4538 misericordes
1692 4493 1741 4539 et
1768 4484 2016 4553 paciﬁcos
2037 4498 2159 4540 esse
2183 4500 2341 4554 opor-

731 4573 867 4627 tebit
895 4574 913 4642 (
940 4572 1127 4629 Mattlt.
1157 4574 1217 4639 V,
1248 4576 1304 4636 9.
1337 4577 1412 4645 7),
1448 4576 1693 4628 tlouantes
1718 4575 1947 4642 invicem,
1980 4576 2109 4629 sicut
2132 4573 2342 4629 etC/tri-

734 4675 841 4719 stus
866 4666 1073 4721 donavit
1099 4668 1243 4721 nobis
1281 4668 1502 4736 (Coloss.
1528 4666 1616 4729 IlI,
1641 4666 1765 4737 I3);
1798 4681 1901 4721 non
1922 4666 2244 4734 indicantes,
2276 4682 2343 4721 ne

724 4756 1030 4827 jtttliccmur
1084 4758 1298 4832 (Matth.
1324 4759 1436 4827 VII,
1468 4761 1545 4832 I).
1575 4759 1797 4816 Domino
1826 4759 1967 4815 enim
1994 4775 2089 4814 suo
2104 4769 2205 4814 stat
2230 4759 2343 4830 quis

2440 4305 2589 4355 sunt,
2614 4289 2889 4360 judicare?
2923 4286 2964 4359 (I
3004 4286 3123 4341 Cor.
3156 4285 3219 4351 V,
3263 4284 3380 4355 Β.)
3401 4285 3631 4341 Dimittis
3659 4296 3864 4349 autem,
3898 4297 3959 4342 ttt
3987 4291 4063 4342 die

2442 4386 2680 4439 mittatur
2709 4379 2801 4435 tibi
2832 4394 2863 4434 a
2895 4379 3005 4434 Deo
3034 4378 3053 4449 (
3084 4376 3209 4430 Luc.
3234 4376 3322 4441 VI,
3342 4377 3457 4447 37').
3494 4376 3689 4431 Delicta
3708 4376 4058 4447 mandantur,

2444 4492 2564 4550 qua:
2593 4475 2711 4546 quis
2743 4473 2793 4535 in
2825 4470 3043 4526 l'ratrem
3066 4512 3081 4537 ,
3116 4484 3221 4524 non
3252 4470 3415 4524 Deum
3447 4467 3745 4523 admiserit.
3791 4469 4059 4525 Debitori-

2448 4570 2546 4625 bus
2575 4567 2804 4636 denique
2849 4564 3165 4619 dimissuros
3205 4578 3301 4618 nos
3344 4562 3396 4618 in
3451 4562 3695 4617 oratione
3739 4565 4059 4633 proﬁtemur

2448 4663 2657 4735 (Ilattlt.
2685 4660 2773 4722 VI.
2806 4658 2919 4727 I2).
2971 4657 3076 4713 Sed
3114 4673 3218 4711 non
3266 4656 3429 4712 decet
3469 4656 3605 4711 ultra
3632 4654 3701 4711 de
3729 4659 4056 4713 auctoritate

2443 4755 2839 4824 Scripturarnm
2879 4749 3141 4820 ejusmodi
3185 4748 3366 4805 funem
3402 4748 3800 4805 contentiosum
3844 4750 4056 4805 alterno

1982 4874 2368 4931 LECTIONES
2406 4866 2816 4927 VARIAN'I‘ES.

900 4989 1096 5041 Nubant
1119 4990 1319 5044 Obertlt.
1343 4990 1497 5043 Seml.

907 5052 1084 5103 Mediis
1105 5062 1219 5105 Jun.

791 4990 870 5119 lli

2500 4983 2577 5049 (5)
2610 4981 2937 5034 Salutiﬁcator
2960 4989 3107 5033 n'au.

2092 5153 2657 5213 COMMENTARIUS.

718 5292 872 5341 quant
912 5276 1107 5330 ornauit
1146 5290 1348 5329 nocens.
1394 5273 1465 5331 Ut
1506 5270 1705 5326 nemini
1743 5269 1975 5339 gloriosa
2024 5278 2107 5324 est
2148 5271 2335 5327 levitas

720 5362 841 5415 qua:
883 5362 1062 5401 secum
1108 5345 1280 5401 adfert
1322 5344 1655 5400 calamitates
1693 5352 1747 5397 et
1770 5342 2001 5405 damna,
2050 5343 2129 5396 sic
2167 5344 2327 5397 etiam

718 5414 918 5473 nemini
953 5418 1204 5485 probrosa
1235 5426 1313 5472 est
1350 5418 1572 5482 levitas,
1617 5430 1682 5470 ex
1710 5429 1811 5485 qua
1851 5415 2098 5483 sequitur
2132 5414 2327 5469 utilitas

717 5487 908 5555 ingens
938 5498 991 5543 et
1016 5486 1259 5543 honesta.
1294 5488 1410 5544 Rm.
1691 5522 1699 5531 -

792 5560 865 5642 (a)
895 5559 969 5615 De
988 5560 1225 5642 tt‘axintis
1251 5561 1467 5642 delictis,
1483 5567 1587 5613 etc.
1612 5556 1815 5639 Modica
1838 5555 2037 5642 delicta
2046 5564 2320 5642 sunt-qum

720 5626 871 5685 lacile
914 5648 941 5683 a
988 5630 1097 5685 Deo
1139 5630 1542 5695 condonantur,
1585 5630 1813 5683 maxima
1855 5644 1973 5698 quae
2005 5626 2311 5695 dilﬁculter,

718 5703 885 5771 qualis
915 5712 996 5755 est
1027 5703 1274 5757 mtecbia.
1309 5704 1382 5757 Ls:
1416 5703 1507 5756 Pa.

788 5774 865 5843 (b)
913 5771 1132 5838 Ieiunas
1161 5776 1302 5843 pacis
1332 5776 1605 5843 lacryntas.
1640 5772 1853 5839 Absque
1886 5770 2030 5843 pacis
2058 5783 2195 5843 spe.)
2220 5769 2307 5825 Sic

708 5842 1011 5912 Jejuuantes
1054 5842 1399 5917 p/titosOpltia.
1444 5842 1802 5915 Jejuuautibus
1828 5842 2022 5896 (tuteris
2049 5842 2297 5966 anglutc.

2125 5925 2174 5968 ια
2192 5955 2194 5959 ,

2508 5266 2756 5341 ΒΑΕ-11.
2787 5298 2859 5307 -
2899 5265 3164 5341 (ογτῃιία
3208 5275 3257 5319 et
3303 5272 3446 5341 tanta
3486 5261 3657 5341 [utilia
3706 5261 4056 5341 ςυρψ-βῆ

2435 5340 2602 5396 edidit
2632 5331 2939 5393 lIbeuanns.
2984 5339 3087 5395 Sed
3126 5353 3231 5408 quo
3259 5353 3355 5389 ore
3380 5331 3669 5408 Septimius
3702 5331 3874 5408 Iutilia
3906 5333 4058 5392 dice.

2432 5422 2545 5475 ret,
2588 5426 2708 5479 qnze
2746 5422 2871 5464 sunt
2895 5427 2957 5465 es
2991 5404 3159 5465 sacris
3188 5404 3632 5481 paginispetita}
3671 5407 3807 5467 etsi,
3842 5416 3902 5481 ut
3940 5409 4057 5475 ipse

2426 5474 2711 5544 sentiebat,
2749 5482 2799 5535 itt
2833 5498 3023 5551 pravas
3052 5474 3544 5551 argumentationes
3562 5474 3807 5551 (detorta
3859 5474 4055 5551 Itaque

2428 5556 2609 5609 malint
2642 5553 2783 5623 quod
2818 5544 2878 5607 ex
2912 5544 3205 5621 Anglicano
3234 5550 3352 5605 cod.
3398 5549 3691 5623 protulerat
3736 5544 4050 5623 Patttelius,

2419 5615 2679 5695 sparsilia'.
2730 5625 2860 5679 Nam
2892 5634 2943 5679 et
2970 5615 3021 5678 in
3050 5624 3302 5678 Remensi
3324 5666 3339 5688 ,
3370 5615 3610 5691 sparsilia
3652 5617 3754 5688 legi
3787 5615 4051 5673 Pitlttmts

2420 5707 2720 5753 notaverat.
2759 5697 2873 5750 llic.

2486 5771 2564 5838 (tl)
2601 5769 2678 5831 ,Et
2722 5770 2811 5836 qui
2850 5784 2976 5820 naso
3018 5783 3116 5821 non
3146 5764 3422 5819 deridetur.
3470 5762 3559 5838 Sic
3601 5758 3839 5838 reddidit
3865 5757 3926 5838 7P
3942 5762 4051 5813 Iuli

2412 5832 2629 5894 verbum
2658 5832 2963 5895 atl'Gal.VI.
2999 5843 3052 5891 οὗ
3077 5847 3438 5907 μυκτηρίςξτιι.
3476 5832 3795 5905 Hesychius,
3825 5837 4050 5907 κυεη-

2398 5918 2533 5984 “ﬁt,
2560 5917 2791 5983 χλευάζῃ,
2818 5919 3053 5983 καταγελᾷ
3073 5902 3164 5966 inst
3186 5902 3273 5965 τέῦ
3297 5913 3454 5978 Mitt
3480 5902 3877 5973 τοῖίμωιτίροις.
3906 5902 4034 5960 th.
