4220 6492
206 415 313 475 985

1519 416 1725 474 LIBER
1767 415 1855 474 DE
1893 416 2256 476 PUDICITIA.

3395 422 3496 479 986

205 533 371 588 ductu
394 532 448 589 in
471 531 678 590 diversa
705 532 1031 600 distendere,
1057 541 1113 590 ut
1134 533 1246 589 lucc
1268 533 1589 603 restringere
1610 535 1801 589 fraenos
1828 533 1881 594 Λ
1909 538 2125 592 nitentia
2153 537 2354 607 agenda
2382 547 2478 594 est.
2516 537 2655 610 Ergo
2682 539 2856 596 omnis
2882 541 3090 596 veniam
3115 551 3493 613 consequatur,

205 625 528 695 disciplinae,
556 627 644 681 illa
677 628 854 682 laxare
880 627 1177 687 videantur,
1205 626 1352 694 quasi
1387 626 1621 688 incerta),
1651 626 1801 695 et(l)

208 720 538 788 poeiiitentia:
567 719 862 774 subsidiqu
893 722 978 773 illa
1019 730 1356 789 prosternere
1387 734 1482 790 per
1510 721 1796 783 lenitatem,

206 809 325 864 lucc
381 827 574 881 negare
627 827 720 882 per
763 813 1150 868 austeritatem.
1204 812 1368 866 Porro
1419 821 1473 866 et
1513 812 1803 866 auctoritas

207 904 568 975 Scripturmin
587 907 698 961 suis
717 907 956 961 terminis
983 906 1146 960 stabit
1175 906 1556 961 sinealterutra
1585 907 1802 977 opposi-

207 1001 375 1063 tione,
392 1002 434 1055 si
457 1001 532 1071 (9.)
547 1011 600 1056 et
626 1001 952 1072 paenitentiae
968 1001 1264 1056 subsidium
1283 1001 1393 1055 suis
1410 1000 1803 1055 conditionibus

205 1095 598 1148 determinatur
623 1094 741 1149 sine
770 1097 974 1163 passiva
1002 1093 1348 1148 concessione
1367 1133 1382 1156 ,
1418 1102 1469 1146 et
1497 1092 1625 1162 ipsa:
1654 1093 1803 1162 prius

204 1205 385 1244 causa
402 1191 516 1257 ejus
532 1189 924 1259 diSIinguantur
949 1190 1064 1242 sine
1081 1189 1300 1242 confusa
1325 1188 1682 1256 propositione
1699 1187 1799 1258 (5).

205 1281 381 1337 Causa
397 1284 723 1353 paenitentia:
736 1283 925 1336 delicta
940 1281 1289 1336 eondicimus.
1314 1280 1800 1336 limcdividimusin

204 1375 345 1430 duos
369 1377 570 1432 exitus:
600 1375 698 1429 alia
721 1386 874 1430 erunt
896 1374 1254 1438 remissibilia,
1276 1373 1377 1427 alia
1394 1373 1797 1437 irremissibilia;

205 1469 503 1524 secundum
533 1468 674 1538 quod
701 1469 897 1523 nemini
915 1467 1134 1521 dttbium
1153 1475 1253 1531 est,
1274 1467 1376 1520 alia
1399 1466 1800 1536 castigationem

205 1561 423 1625 mereri,
445 1561 546 1614 alia
561 1560 1154 1615 damnationem.0mne
1168 1558 1422 1614 delictum
1439 1569 1530 1613 aut
1543 1560 1692 1615 venia
1709 1576 1803 1614 ex-

204 1655 416 1724 pungit,
436 1665 524 1708 aut
539 1669 690 1723 pinna
716 1673 764 1706 ει
777 1654 987 1718 enia,es
1004 1654 1369 1724 castigatione;
1391 1667 1564 1724 pcena,
1577 1668 1641 1709 ex
1655 1654 1806 1708 dam-

205 1747 376 1800 tioue.
406 1746 480 1800 De
508 1746 608 1801 ista
633 1745 927 1801 differentia
946 1746 1054 1815 jam
1087 1756 1140 1800 et
1161 1746 1419 1816 quasdam
1448 1747 1804 1817 praemisimus

202 1843 583 1896 altercationes
627 1842 1056 1911 Scripturarum,
1098 1842 1221 1897 hinc
1262 1843 1637 1908 retinentium,
1681 1843 1802 1897 hinc

1908 648 1974 685 ne
2011 631 2200 686 frustra
2237 644 2459 702 agatur;
2497 633 2616 701 quia
2657 648 2762 687 non
2803 635 2904 688 erit
2939 634 3175 704 agenda,
3216 636 3258 688 si
3303 635 3495 691 frustra

1905 727 2096 796 agitur.
2133 725 2297 779 l'orro
2317 766 2332 791 ,
2362 726 2555 781 frustra
2582 737 2800 796 agetur,
2831 729 2873 780 si
2899 728 3048 781 venia
3073 727 3292 782 carebit.
3345 728 3497 783 Meri-

1907 829 1961 873 to
1991 818 2069 889 (4)
2101 822 2280 890 utique
2312 822 2393 890 (5)
2440 821 2508 874 ita
2553 831 2831 890 opponunt
2853 863 2864 883 ,
2888 823 3139 891 quoniam
3173 821 3329 891 hujus
3357 838 3492 891 quo-

1906 928 2008 983 que
2039 912 2368 983 paenitentia:
2399 913 2648 979 fructum,
2683 914 2733 968 id
2761 924 2843 970 est
2865 916 3095 976 veniam.
3123 916 3175 969 in
3197 930 3289 969 sua
3315 927 3494 985 potes-

1910 1017 2015 1061 tate
2044 1015 2453 1075 usurpaverunt.
2487 1005 2756 1074 Quantum
2802 1007 2944 1062 enim
2997 1007 3062 1061 ad
3107 1006 3223 1060 illos
3249 1022 3275 1060 a
3305 1008 3496 1076 quibus

1907 1115 2088 1170 pacem
2139 1099 2426 1155 humanam
2480 1102 2826 1171 consequitur
2877 1099 2990 1170 (6);
3022 1111 3276 1170 quantum
3318 1111 3494 1155 autem

1906 1191 1970 1245 ad
1999 1205 2113 1254 nos,
2146 1191 2235 1261 qui
2266 1192 2436 1246 solum
2465 1191 2748 1247 Dominum
2780 1193 3120 1247 meminimus
3140 1191 3332 1246 delicta
3361 1207 3494 1246 eon-

1905 1282 2099 1338 cedere
2121 1281 2194 1354 (c)
2223 1293 2275 1338 et
2302 1284 2481 1354 utique
2510 1282 2777 1348 mortalia,
2810 1298 2916 1338 non
2952 1282 3146 1338 frustra
3175 1293 3380 1354 agetur.
3413 1283 3493 1338 Ad

1908 1378 2192 1432 Dominum
2223 1378 2364 1433 enim
2398 1378 2620 1433 remissa
2644 1387 2696 1433 et
2723 1377 2798 1432 illi
2835 1377 3030 1434 exinde
3074 1386 3364 1448 prostrata,
3397 1378 3498 1432 hoc

1907 1470 2023 1540 ipso
2053 1472 2220 1539 magis
2247 1469 2555 1538 operabitur
2583 1471 2813 1537 veniam,
2842 1469 2984 1540 quod
3011 1485 3128 1524 eam
3158 1485 3186 1524 a
3218 1469 3336 1524 solo
3385 1469 3496 1524 Deo

1905 1571 2091 1617 exorat
2115 1563 2212 1631 (ά),
2238 1562 2376 1632 quod
2426 1561 2623 1617 delicto
2650 1578 2747 1618 suo
2774 1563 3057 1618 humanam
3115 1578 3298 1633 pacem
3347 1564 3496 1617 suffi-

1905 1670 2028 1711 cere
2060 1669 2164 1709 non
2189 1655 2392 1719 credit,
2439 1653 2580 1725 quod
2635 1654 2891 1711 Ecclesia:
2941 1654 3138 1709 mavult
3181 1654 3500 1710 erubescere

1905 1765 2060 1818 quam
2092 1748 2507 1804 communicare.
2542 1747 2765 1804 Adsistit
2786 1750 2926 1803 enim
2955 1765 3052 1819 pro
3088 1749 3294 1803 foribus
3341 1749 3456 1816 ejus
3479 1791 3493 1815 ,

1906 1849 1961 1895 et
1985 1840 2051 1895 de
2078 1849 2217 1894 nota:
2243 1855 2352 1894 suae
2374 1840 2621 1912 exemplo
2660 1851 2882 1895 caeteros
2926 1840 3197 1902 admonet,
3229 1850 3282 1894 et
3322 1841 3497 1912 lacry-

203 1932 588 1988 dimittentium
615 1934 827 1989 delicta.
859 1934 962 1989 Sed
992 1943 1045 1988 et
1071 1934 1303 1988 Joannes
1329 1934 1573 1989 docebit:
1608 1935 1667 1991 Si
1691 1936 1800 2005 quis
1830 1924 1878 1985 B
1910 1949 2023 1989 mas
2054 1934 2270 1988 fratrum
2312 1934 2410 1988 sibi
2442 1948 2653 2004 quoque
2700 1933 2944 1997 advocat,
2997 1944 3048 1988 et
3083 1932 3216 1987 redit
3248 1933 3363 2002 plus
3394 1935 3497 1986 titi-

203 2026 300 2080 scit
330 2027 542 2093 fratrem
568 2043 712 2080 suum
743 2028 1034 2095 delinquere
1061 2027 1299 2080 delictum
1337 2044 1436 2081 non
1476 2029 1544 2080 ad
1572 2038 1800 2094 mortem,

205 2118 516 2189 postulabit,
548 2129 594 2172 et
623 2119 825 2172 dubitur
853 2121 952 2172 vita
979 2121 1022 2172 ci
1050 2127 1065 2188 (
1091 2119 1106 2172 l
1133 2119 1258 2173 Joh.
1291 2119 1355 2184 ν,
1392 2119 1512 2187 16);
1544 2121 1664 2190 quia
1699 2136 1802 2173 non

202 2214 273 2266 ad
316 2223 542 2267 mortem
583 2212 876 2282 delinquit:
912 2215 1012 2266 Itoc
1057 2214 1159 2267 erit
1197 2213 1535 2269 remissibile.
1585 2213 1679 2267 Est
1710 2215 1801 2267 tle-

203 2305 382 2358 lictum
416 2304 486 2356 ad
523 2313 732 2357 mortem
774 2319 794 2358 :
829 2321 928 2356 non
965 2321 1056 2375 pro
1092 2305 1181 2358 illo
1216 2305 1329 2358 dico
1361 2314 1412 2357 ut
1441 2307 1552 2374 quis
1588 2305 1804 2375 postulet

203 2395 423 2466 (Ibirl.):
453 2395 554 2450 hoc
577 2396 678 2450 erit
703 2395 1091 2451 irremissibile.
1111 2395 1208 2461 lta,
1237 2396 1326 2450 ubi
1355 2406 1435 2454 est
1462 2397 1696 2451 conditio
1725 2397 1804 2451 vel

203 2489 344 2542 ratio
376 2487 781 2569 postulationis,
824 2488 929 2542 illic
966 2489 1128 2543 etiam
1169 2490 1536 2546 remissionis:
1583 2491 1668 2544 ubi
1709 2507 1806 2545 nec

204 2581 606 2652 postulationis,
651 2581 720 2634 ibi
768 2597 920 2651 teque
965 2597 1065 2636 nec
1107 2583 1456 2638 remissionis.
1502 2584 1806 2641 Secundum

208 2674 346 2728 hanc
395 2673 752 2728 differentiam
797 2674 1154 2740 delictorum,
1221 2679 1548 2747 pmnitentiae
1598 2695 1808 2751 quoque

205 2768 447 2821 conditio
476 2765 897 2822 discriminatur.
939 2769 1055 2822 Alia
1088 2771 1191 2825 erit
1222 2787 1341 2841 qua:
1369 2773 1576 2826 veniam
1615 2787 1806 2828 conse-

203 2860 297 2926 qui
347 2860 539 2928 possit,
587 2860 636 2912 in
677 2860 872 2915 delicto
911 2863 1111 2917 scilicet
1157 2865 1500 2929 remissibili;
1551 2867 1655 2920 alia
1689 2883 1808 2937 qua:

204 2952 460 3019 censequi
495 2951 642 3004 nullo
668 2951 826 3006 modo
854 2955 1051 3022 possit,
1100 2955 1151 3008 in
1195 2955 1388 3010 delicto
1429 2957 1633 3012 scilicet
1673 2961 1808 3015 irre-

204 3046 477 3099 missibili.
520 3045 582 3099 Et
624 3055 874 3116 superest
913 3048 1218 3116 specialiter
1256 3049 1323 3104 de
1352 3053 1595 3106 mmebiae
1624 3064 1677 3108 et
1705 3053 1809 3109 for-

207 3137 492 3191 nicationis
516 3146 658 3191 statu
685 3139 993 3194 examinare
1015 3181 1028 3204 ,
1062 3141 1112 3195 in
1143 3156 1300 3210 quam
1331 3141 1648 3200 delictorum
1682 3161 1806 3217 par-

205 3238 314 3282 tem
342 3227 570 3285 debeant
599 3228 784 3300 redigi.

831 3323 1057 3381 CAPUT
1101 3324 1184 3380 ll].

280 3417 386 3471 Sed
432 3416 578 3487 prius
613 3419 856 3474 decidam
899 3420 1320 3476 intercedentem
1363 3437 1426 3477 ex
1467 3423 1680 3478 diverso
1725 3441 1804 3481 rc-

204 3509 551 3578 Spousionem
579 3510 644 3563 ad
668 3525 784 3564 eam
817 3513 1141 3579 pmnitentim
1170 3514 1403 3582 Speciem
1426 3555 1440 3579 ,
1471 3530 1628 3584 quam
1659 3532 1807 3572 cum-

205 3599 442 3653 maxime
464 3599 539 3671 (a)
562 3600 844 3656 definimus
869 3603 1020 3656 renia
1045 3618 1248 3658 carere.
1278 3603 1332 3658 Si
1351 3605 1516 3670 enim,
1540 3607 1803 3676 inquiunt,

203 3694 380 3762 aliqua
407 3693 716 3762 paenitentia
732 3704 878 3748 caret
898 3695 1196 3762 venia,jam
1223 3711 1320 3750 uec
1344 3697 1394 3750 in
1416 3706 1582 3751 totum
1600 3700 1803 3769 agenda

205 3789 298 3842 tibi
323 3798 422 3842 est.
447 3787 586 3842 Nihil
613 3788 754 3843 enim
778 3788 1040 3857 agendum
1064 3798 1144 3844 est
1167 3786 1379 3843 frustra.
1412 3789 1580 3844 Porro
1606 3791 1799 3847 frustra

203 3891 395 3951 agetur
418 3881 748 3952 paenitentia,
769 3882 812 3936 si
831 3891 978 3936 caret
999 3881 1173 3936 venia.
1197 3881 1268 3953 (ὁ)
1290 3883 1476 3938 Omnis
1494 3893 1669 3940 autem
1690 3903 1802 3956 pte-

1908 2042 2012 2097 quc
2062 2026 2140 2096 (7)
2174 2028 2456 2096 negotiata,
2492 2029 2916 2096 compassioncm
2949 2026 3152 2080 scilicet
3210 2025 3287 2096 (8)
3339 2040 3498 2093 quam

1908 2121 2465 2174 communicationem.
2511 2120 2575 2174 Et
2632 2121 2675 2175 si
2743 2135 2927 2191 pacem
2985 2120 3070 2173 hic
3134 2135 3236 2174 neu
3302 2119 3496 2184 metit,

1910 2214 2047 2282 apud
2077 2213 2354 2267 Dominum
2387 2213 2615 2267 seminat
2643 2232 2654 2267 :
2687 2229 2785 2268 nec
2815 2214 3040 2276 antittit,
3092 2212 3183 2268 sed
3241 2221 3502 2282 praeparat

1912 2306 2138 2360 fructum
2169 2323 2180 2359 :
2215 2322 2319 2360 non
2352 2306 2558 2359 vacabit
2598 2306 2665 2359 ab
2720 2306 3104 2366 emolumento,
3139 2306 3182 2358 si
3213 2320 3315 2359 non
3344 2319 3498 2358 vaca-

1911 2401 2047 2454 verit
2075 2399 2139 2451 ali
2179 2398 2376 2453 ofﬁcio.
2408 2398 2479 2452 Ita
2513 2412 2609 2452 nec
2643 2397 2951 2466 pmnitentia
2983 2396 3283 2465 Imjusmodi
3326 2411 3455 2448 vana
3482 2437 3496 2461 ,

1913 2506 2010 2546 nec
2040 2491 2316 2559 disciplina
2343 2489 2604 2560 ejusmodi
2631 2489 2761 2544 dura
2789 2498 2888 2544 est.
2928 2489 3093 2544 Deum
3125 2489 3295 2541 amba:
3324 2488 3496 2541 hono-

1913 2594 2064 2644 raut;
2099 2582 2184 2636 illa
2214 2581 2344 2635 uiltil
2394 2581 2495 2636 sibi
2540 2580 2860 2636 blandiendo
2906 2579 3111 2634 facilius
3159 2578 3494 2649 impetrabit,

1914 2676 2013 2730 ista
2043 2674 2174 2729 nihil
2203 2673 2301 2729 sibi
2328 2672 2660 2728 adsumendo
2688 2672 2900 2743 plenius
2927 2671 3216 2741 adjuvabit.

2528 2765 2756 2822 CAPUT
2795 2765 2881 2821 IV.

1986 2863 2276 2916 Possumus
2317 2860 2501 2930 igitur,
2534 2857 2850 2913 demandata
2915 2856 3240 2926 pmniteutia‘
3284 2855 3506 2910 distine-

1915 2958 2077 3022 tione,
2109 2956 2173 3009 ad
2198 2956 2434 3025 ipsorum
2473 2954 2580 3024 jam
2622 2954 2936 3008 delictorum
2997 2951 3201 3021 regredi
3250 2965 3500 3013 censum,

1912 3065 1980 3104 an
2012 3065 2070 3103 ca
2100 3051 2206 3104 sint
2248 3064 2366 3117 quae
2411 3047 2618 3101 veniam
2674 3046 2741 3099 ab
2783 3046 3030 3099 omnibus
3076 3046 3326 3114 consequi
3385 3059 3503 3114 pos-

1913 3147 2038 3201 siut.
2074 3144 2126 3197 In
2158 3143 2364 3213 primis,
2396 3140 2535 3210 quod
2565 3139 2848 3194 mmchiam
2887 3147 2940 3193 et
2970 3138 3373 3192 fornicationem
3405 3152 3502 3190 uo-

1915 3241 2211 3298 minamus,
2241 3249 2367 3289 usus
2413 3232 2718 3302 expostulat
2749 3250 2761 3284 :
2799 3232 2869 3303 (e)
2920 3231 3080 3285 habet
3123 3239 3176 3284 et
3207 3229 3335 3284 fides
3374 3246 3502 3299 quo-

1837 3317 1881 3378 (ἶ
1916 3331 2157 3386 rumdam
2189 3328 2461 3382 nominmn
2493 3324 2942 3388 familiaritatem;
2979 3324 3049 3377 ita
3083 3323 3132 3376 in
3165 3323 3308 3375 otnni
3338 3336 3501 3390 Opus-

1912 3427 2033 3482 Culo
2061 3439 2213 3477 usum
2255 3419 2606 3475 custodimus.
2636 3417 2923 3480 Caeterum,
2953 3417 2995 3470 si
3026 3416 3345 3470 adulterium
3380 3423 3433 3469 et
3459 3416 3502 3469 si

1910 3529 2150 3588 stuprum
2179 3515 2368 3568 dixero
2395 3509 2493 3582 (ι’),
2528 3527 2688 3564 ttntun
2741 3511 2841 3564 erit
2892 3508 3268 3562 contaminata:
3324 3506 3505 3560 carnis

1909 3610 2160 3679 elogium.
2191 3605 2298 3660 Nec
2325 3604 2466 3658 enim
2508 3603 2728 3656 interest
2772 3611 2990 3670 nuptam
3040 3600 3268 3652 alienam
3312 3613 3378 3651 an
3427 3598 3504 3650 vi-

1909 3703 2064 3756 duam
2095 3699 2211 3769 quis
2249 3696 2501 3757 incurset,
2534 3693 2660 3746 dum
2693 3707 2797 3746 non
2849 3707 2998 3746 suam
3052 3690 3321 3746 lteruinam
3378 3689 3458 3758 t9)
3488 3707 3500 3738 :

1910 3796 2046 3850 sicut
2077 3806 2174 3846 nec
2194 3787 2326 3845 locis
2350 3785 2532 3850 refert,
2565 3785 2617 3838 in
2647 3785 2904 3839 cubiculis
2932 3800 2998 3838 an
3030 3784 3079 3836 in
3107 3782 3352 3837 curribus
3381 3780 3499 3852 (l0)

1908 3885 2162 3958 pudicitia
2193 3879 2500 3936 trucidetur.
2529 3877 2699 3933 Onme
2741 3876 3084 3931 homicidium
3114 3885 3261 3930 extra
3295 3869 3501 3945 syli'am

1485 3996 1860 4061 LECTIONES
1898 3996 2309 4059 VARIANTES.

270 4087 346 4212 (ιζ
381 4086 441 4136 Et
459 4087 587 4138 abest
608 4099 639 4136 a
660 4087 809 4139 Rhea.
836 4086 1029 4139 Obertlr.
1068 4089 1207 4137 Pam.

270 4151 323 4212 (2
381 4151 430 4198 Si
456 4149 585 4201 abest
603 4164 633 4199 η
651 4149 802 4202 Rheu.
831 4149 1026 4201 Oberth.

267 4149 346 4271 ἕξ)
381 4151 430 4198 Si
456 4149 633 4226 abesto.
651 4149 802 4202 Rheu.
831 4149 1026 4201 Oberth.

291 4223 344 4271 at
381 4212 732 4271 Praepostuone
760 4211 952 4264 Obertlt.
976 4215 1026 4263 Si

291 4211 344 4276 5}
381 4212 732 4275 Prasposilione
760 4211 952 4264 Obertlt.
976 4212 1125 4263 Seml.

266 4279 283 4342 (
297 4279 344 4342 ι)
378 4277 428 4342 Si
455 4280 595 4325 venia
618 4278 803 4342 carebit
827 4279 1002 4342 merito
1026 4276 1195 4342 utique
1228 4277 1414 4342 Wouw.
1438 4277 1546 4330 cod.

272 4336 345 4402 (ὅ)
383 4339 560 4402 Utique
580 4339 708 4390 abest
726 4354 756 4389 α
780 4337 931 4390 then.
958 4336 1329 4389 SemlfObertlt.

1967 4094 2040 4148 (ϐ)
2079 4093 2276 4141 Frustra
2295 4088 2457 4148 agitur
2479 4084 2621 4136 addit
2647 4083 2808 4137 Ciacc.

1971 4154 2044 4215 (7)
2081 4154 2293 4215 Plusque
2321 4155 2458 4201 Pam.

1993 4209 2043 4280 8}
2080 4209 2413 4275 l’rccibnsque
2438 4215 2703 4280 negotiola,
2723 4212 3104 4280 compassionem
3130 4209 3278 4259 elicit.
3308 4211 3407 4259 Lat.

1993 4221 2043 4282 8)
2080 4221 2413 4275 l’rccibnsque
2438 4221 2703 4273 negotiata,
2723 4221 3062 4322 COﬂEﬂSSlOI'Iel

1970 4221 2037 4401 ἐς),
2078 4282 2148 4328 At;
2172 4279 2378 4350 alienam
2399 4276 2462 4324 tul
2490 4274 2730 4344 immittam
2758 4273 2816 4323 de
2864 4279 2880 4322 t
2906 4274 3062 4324 Ciacc.

1996 4345 2073 4401 10)
2107 4342 2345 4391 Turribus
2373 4340 2468 4388 Lat.
2499 4341 2607 4401 Rtg.
2633 4337 2763 4385 (Irae.

1996 4336 2073 4404 10)
2107 4342 2345 4391 Turribus
2373 4340 2468 4388 Lat.
2499 4336 2607 4401 Rig.
2633 4336 2763 4385 Ciae.

1550 4424 2111 4483 COMMENTARIUS.

276 4537 432 4595 CAP.
467 4536 548 4592 Ill.
579 4566 648 4578 —
677 4535 750 4607 (a)
784 4535 1066 4604 Deﬁuimus
1103 4538 1247 4591 venia
1285 4554 1472 4592 carere.
1510 4540 1582 4594 De
1615 4539 1799 4595 Pwnit.

1907 4551 1962 4596 et
1989 4555 2117 4596 vana
2143 4539 2383 4594 traditio!
2410 4535 2607 4592 hortari
2626 4535 2690 4589 ad
2714 4533 3089 4590 satisfactiouis
3110 4533 3498 4604 paenitentiam,

200 4627 328 4679 cap.
353 4612 385 4664 4
413 4625 532 4665 cttm
563 4605 737 4662 adhuc
765 4607 1080 4680 catholicus,
1118 4611 1166 4662 in
1201 4625 1260 4663 ea
1294 4624 1396 4662 non
1426 4623 1538 4663 erat
1584 4623 1800 4666 senten-
1829 4620 1880 4680 Ι)
1908 4623 1962 4667 et
2017 4612 2332 4665 subtrahere
2386 4610 2452 4663 de
2505 4607 2866 4680 satisfactione
2895 4605 3276 4680 _mcdicinam!
3320 4605 3498 4660 dicere

203 4678 282 4736 lia
304 4701 314 4732 :
348 4680 588 4733 Omnibus
614 4695 731 4748 ergo
753 4678 972 4752 delictis,
998 4679 1184 4752 inquit,
1205 4697 1291 4733 seu
1311 4682 1513 4747 spiritu,
1531 4698 1621 4735 seu
1644 4685 1799 4752 facto,

199 4770 294 4807 seu
328 4754 578 4806 voluntate
603 4749 899 4813 commissis,
927 4751 1014 4817 qui
1034 4765 1231 4818 plenam
1257 4767 1346 4818 per
1367 4752 1620 4820 judicium
1644 4749 1802 4807 desti-

200 4825 367 4886 navit,
391 4824 522 4877 idem
548 4832 592 4876 et
620 4822 818 4874 veniam
849 4836 938 4887 per
969 4821 1310 4888 paenitentiam
1336 4825 1627 4887 spopondit.
1677 4823 1804 4878 Oni-

199 4896 355 4949 nium
380 4897 519 4950 enim
540 4900 890 4964 peccatorum
919 4895 1264 4964 quantumvis
1293 4895 1530 4964 gravium
1565 4910 1660 4963 per
1692 4911 1802 4964 pm-

199 4967 482 5020 uitentiam
528 4959 584 5017 lit
619 4959 896 5025 remissio,
939 4959 998 5016 ut
1023 4962 1215 5018 docent
1271 4963 1369 5019 SS.
1405 4959 1585 5020 Patres
1615 4959 1799 5021 contra

198 5037 548 5092 Novatianos.
584 5033 657 5088 Ls:
689 5034 785 5088 Pu.

277 5108 357 5176 (ιι)
392 5107 568 5160 Omnis
596 5115 762 5158 autem
802 5105 1095 5172 paenitentia
1133 5108 1331 5174 agenda
1357 5115 1447 5159 est.
1493 5106 1798 5176 Legendum

199 5180 438 5242 videtur,
469 5177 622 5232 Omni
651 5188 821 5229 autem
848 5176 1136 5241 pauitantia
1162 5178 1359 5246 agenda
1389 5188 1478 5230 est.
1517 5177 1634 5232 Rm.

274 5251 350 5318 (c)
395 5249 493 5314 Qui
522 5248 682 5303 solum
731 5246 1005 5318 Dominum
1050 5249 1372 5318 meminimus
1401 5248 1586 5301 delicta
1615 5266 1793 5304 conce-

194 5315 344 5376 dere.
375 5320 571 5375 Alludit
587 5318 654 5372 ad
691 5317 816 5370 illud
856 5315 1018 5389 blarc.
1045 5317 1084 5370 Il
1102 5362 1114 5381 ,
1140 5321 1169 5370 7
1189 5361 1200 5380 ,
1249 5319 1376 5384 Quis
1400 5329 1559 5384 potest
1583 5331 1794 5389 peccata

195 5394 484 5455 dimittere,
530 5393 626 5445 nisi
665 5391 803 5444 solus
847 5385 1091 5454 Deus...;
1143 5406 1326 5444 verum
1371 5389 1436 5444 de
1487 5385 1591 5444 hoe
1642 5393 1797 5446 Ia'ius

195 5465 361 5518 infra.
395 5465 527 5518 l’nt.

276 5535 354 5602 (ιι)
399 5535 545 5601 Quod
573 5551 684 5588 eam
706 5550 738 5586 a
763 5531 870 5587 solo
900 5531 1005 5586 Deo
1033 5543 1229 5597 exorat,
1263 5542 1357 5585 etc.
1391 5531 1586 5585 Contra
1622 5532 1788 5587 hoc...

195 5608 362 5663 latius
387 5607 543 5660 etiam
573 5605 704 5659 infra
725 5647 738 5663 .
771 5618 889 5672 Cap.
928 5604 1019 5659 21.
1051 5605 1144 5658 llic
1178 5605 1347 5656 solum
1379 5604 1616 5656 dicemus
1652 5605 1791 5673 quod

195 5681 441 5733 videatur
463 5679 600 5732 idem
617 5675 846 5730 sensisse
863 5678 1080 5738 Auctor,
1099 5676 1237 5744 qttod
1261 5675 1328 5727 de
1356 5673 1646 5727 Novaliauo
1671 5679 1794 5728 seri-

195 5752 279 5805 bit
311 5751 489 5801 beatus
517 5747 810 5817 Cyprianus
839 5746 855 5815 (
887 5747 1031 5817 epist.
1066 5747 1136 5801 52
1161 5747 1229 5797 ad
1263 5744 1582 5812 Antoniam).
1607 5748 1791 5817 Atque

193 5820 336 5874 adeo
365 5815 686 5887 posset’ipsi
731 5816 1040 5885 responderi
1073 5817 1246 5871 verbis
1277 5817 1514 5884 ejusdem
1551 5835 1561 5868 :
1592 5815 1634 5867 0
1657 5815 1789 5870 frus-

194 5887 975 5945 tramliefraternitatisirrisio!
997 5890 1370 5943 Omiserornm
1388 5888 1786 5942 lamentantium

194 5961 400 6016 caduca
443 5959 726 6031 deceptiol
772 5974 808 6013 o
854 5957 1118 6016 hzerctiem
1149 5959 1492 6015 institutionis
1535 5958 1776 6015 inefﬁcax

1908 4683 2059 4738 fratri
2091 4702 2101 4734 :
2138 4684 2356 4753 plango,
2400 4692 2450 4734 et
2482 4681 2743 4753 laerymas
2785 4676 2973 4753 funde,
3001 4685 3055 4730 et
3078 4675 3265 4753 diebus
3295 4691 3356 4753 ac
3378 4691 3505 4753 uoc-

1907 4755 2048 4809 tibus
2071 4745 2356 4822 inigetitiscc
2377 4794 2391 4813 ,
2427 4759 2478 4802 et
2505 4745 2608 4818 pro
2645 4748 2908 4802 abluemlo
2929 4756 2983 4822 e_t
3013 4745 3502 4822 purgandodelicto

1907 4815 2214 4896 frequenier
2244 4834 2295 4896 et
2320 4815 2535 4890 largiter
2564 4834 2825 4896 operare;
2869 4818 2961 4872 sed
2988 4827 3139 4871 extra
3175 4815 3496 4896 Ecclesiam,

1908 4888 2022 4965 posi
2055 4897 2230 4950 ornnia
2275 4894 2372 4946 ista
2393 4888 2422 4954 ,⁷
2467 4890 2740 4965 morieris;
2792 4903 3139 4958 rlttmettntqtte
3190 4888 3258 4942 ad
3314 4904 3498 4965 pacem

1904 4959 2174 5037 pertinent
2207 4966 2396 5037 facias,
2449 4961 2543 5017 sed
2584 4963 2786 5037 trullam
2834 4975 3013 5029 pacem
3063 4974 3221 5037 quam
3271 4959 3495 5037 umeris,

1903 5030 2150 5107 accipies.
2177 5035 2382 5090 Etenim
2414 5032 2683 5107 praemittit
2718 5031 2802 5107 hic
2822 5040 2964 5083 actus
2986 5030 3232 5107 publicos,
3255 5030 3499 5107 pazuiten-

1905 5110 1989 5163 tia:
2012 5101 2229 5163 eosdem
2262 5122 2396 5173 quos
2416 5101 2517 5160 lib.
2549 5105 2611 5157 de
2640 5102 2827 5158 Paruit.
2856 5118 2974 5172 cap.
2996 5102 3072 5173 ll;
3101 5109 3152 5155 et
3183 5110 3358 5154 tamen
3387 5101 3496 5154 vult

1902 5196 1933 5232 a
1963 5182 2071 5233 solo
2097 5179 2198 5231 Deo
2221 5170 2423 5232 exorari
2443 5177 2662 5238 veniam,
2690 5192 2792 5228 nou
2827 5170 2951 5228 vero
2985 5170 3226 5226 Ecclesia:
3265 5187 3494 5224 commu-

1903 5252 2090 5303 nicare.
2137 5249 2202 5302 Et
2248 5263 2375 5301 vero
2419 5247 2570 5301 valde
2623 5248 2820 5300 incerta
2870 5255 2952 5298 est
2980 5243 3162 5309 venia,
3194 5251 3245 5296 et
3275 5242 3496 5311 proinde

1903 5321 2260 5390 (quantumvis
2290 5319 2360 5390 id
2408 5319 2583 5387 neget)
2641 5315 2946 5390 ptettiteulia
2995 5329 3125 5390 vana
3165 5356 3180 5379 ,
3216 5314 3259 5367 si
3290 5312 3407 5384 quis
3458 5330 3487 5366 :t

1899 5385 2016 5445 solo
2050 5392 2156 5445 Deo
2183 5389 2387 5443 veniam
2420 5385 2731 5456 exspectare
2755 5387 2966 5440 debeat.
3001 5385 3132 5438 Pass.

1971 5463 2120 5517 CAP.
2152 5461 2236 5515 IV.
2264 5491 2329 5499 —-
2354 5460 2428 5527 (e)
2467 5460 2628 5513 Habet
2653 5472 2698 5511 et
2722 5459 2846 5525 ﬁdes
2867 5456 3199 5527 quorumdam
3232 5457 3493 5508 nominum

1898 5533 2319 5602 familiaritatem.
2364 5527 2546 5585 Fidem
2583 5530 2666 5583 hic
2692 5530 2820 5602 dicit
2862 5542 3025 5602 quam
3077 5527 3210 5602 alias
3254 5537 3486 5602 sectam,

1898 5597 2308 5673 philosophiam,
2339 5603 2695 5673 disciplinam.
2727 5600 3058 5673 religionem,
3091 5597 3296 5673 scilicet
3318 5597 3465 5649 chris

1898 5668 2124 5730 lienam.-
2147 5678 2316 5741 Supra
2345 5668 2514 5738 dixit,
2555 5671 2715 5725 Habet
2746 5683 2790 5724 ct
2817 5673 2869 5723 in
2900 5669 3100 5724 Christo
3127 5668 3332 5721 scientia
3360 5677 3487 5720 (τω-

1895 5757 1968 5800 tes
1995 5765 2130 5800 suas.
2178 5746 2292 5798 lito.

1968 5817 2033 5884 (Γ)
2096 5819 2156 5872 Si
2200 5817 2540 5880 adulterium,
2571 5827 2615 5870 ct
2665 5816 2706 5868 si
2747 5825 2974 5883 stuprum
3020 5811 3228 5884 dixero,
3270 5815 3372 5861 etc.
3413 5807 3487 5884 [te

1895 5879 2154 5941 adulterio
2181 5889 2404 5955 idipsum
2437 5890 2646 5950 docuit,
2669 5886 2732 5938 de
2763 5879 3086 5953 Mouogamia
3125 5880 3219 5955 lib.
3249 5879 3480 5955 cap.-9;

1893 5960 1960 6016 de
1989 5970 2193 6028 stupro,
2230 5948 2318 6014 lib.
2349 5960 2410 6016 de
2446 5948 2711 6015 Exliortat.
2743 5972 2859 6026 cap.
2894 5948 2937 6011 9'
2958 5973 2969 6007 :
3001 5950 3142 6026 quod
3173 5956 3343 6023 ipsum
3374 5948 3480 6004 fre-
