4220 6492
722 409 827 465 987

2125 405 2593 465 TERTULLIANI

3921 409 4025 465 988

718 522 1053 580 latrocinium
1083 532 1164 580 cst
1193 542 1204 578 :
1239 524 1308 579 ita
1339 532 1394 580 et
1424 523 1765 596 ubicumque,
1802 524 1882 579 vel
1908 523 1960 579 in
1999 540 2313 596 qttamctnn-
2345 529 2389 585 Λ
2422 528 2670 579 mittens:
2695 522 2814 580 Non
2839 524 3495 597 ittmchaberis;adjungit:
3519 525 3639 581 Non
3661 527 3883 582 occides:
3898 543 4028 581 onc-

716 635 819 688 que.
846 619 1189 689 semetipsum
1222 618 1487 674 adulterat
1517 628 1572 673 et
1601 628 1824 689 stuprat.
1856 619 1943 689 qui
1973 619 2131 672 aliter
2152 635 2309 689 quam

722 710 922 788 nuptiis
947 711 1133 764 utitur.
1179 709 1306 765 ldeo
1333 725 1496 779 penes
1529 725 1625 765 nos
1663 711 1885 765 occulta:
1937 726 2148 780 quoque
2186 725 2314 764 con-

712 801 1039 871 junctitntes,
1065 800 1116 857 id
1138 813 1353 857 estnon
1394 803 1541 872 prius
1589 801 1730 871 apud
1771 801 2065 856 Ecclesiam
2114 802 2314 871 profes-

717 909 788 948 εκ
811 896 887 967 (a)
912 897 1060 965 juxta
1091 896 1376 950 mmcltiam
1408 905 1463 950 et
1491 895 1895 950 fornicationem
1916 895 2140 964 judicari
2175 895 2315 963 peri-

715 989 990 1045 clitantur.
1023 989 1131 1045 Nec
1181 991 1303 1046 inde
1331 992 1408 1063 (l)
1438 999 1696 1046 conserta:
1744 991 1964 1045 obtentu
1992 991 2310 1042 matrimonii

717 1082 921 1137 crimen
955 1083 1190 1138 eludant.
1238 1083 1490 1154 Reliquas
1516 1094 1694 1139 autem
1729 1083 2004 1137 libidinum
2037 1083 2112 1154 (ὁ)
2151 1081 2314 1138 furias

723 1175 916 1244 impias
947 1184 1001 1229 et
1031 1175 1081 1229 in
1122 1190 1350 1246 corpora
1393 1185 1446 1229 et
1486 1179 1538 1230 in
1579 1191 1741 1230 sexus
1780 1175 1917 1229 ultra
1952 1175 2069 1244 jura
2111 1184 2316 1228 naturae

715 1283 820 1323 non
851 1267 1010 1322 modo
1032 1269 1238 1335 limine,
1268 1284 1452 1322 verum
1474 1268 1616 1321 otnni
1648 1267 1904 1321 Ecclesia
1931 1275 2074 1321 tecto
2095 1265 2313 1320 submo-

718 1375 934 1427 vemus;
966 1362 1088 1431 quia
1118 1376 1223 1416 non
1254 1370 1379 1416 sunt
1404 1360 1620 1423 delicta,
1650 1359 1743 1414 sed
1769 1367 2025 1413 monstra.

1345 1451 1578 1508 CAPUT
1625 1452 1685 1506 V.

790 1544 933 1616 Ergo
982 1544 1243 1612 mazcbia,
1284 1544 1425 1615 quod
1480 1546 1639 1598 etiam
1677 1541 2040 1598 fornicationis
2075 1550 2157 1596 est
2205 1555 2312 1606 res,

721 1635 1010 1693 secundum
1035 1651 1170 1707 opus
1199 1636 1437 1691 criminis
1485 1635 1668 1706 quanti
1709 1634 2021 1688 :estimanda
2051 1633 2114 1687 sit
2148 1634 2316 1688 scele-

718 1732 790 1786 ris
821 1733 893 1802 (c)
930 1732 1096 1799 prima
1121 1732 1203 1785 lex
1241 1731 1334 1784 Dei
1368 1739 1566 1800 prmsto
1594 1740 1695 1785 est.
1746 1727 2022 1798 Siquidem
2070 1738 2187 1797 post
2237 1728 2315 1780 itt-

718 1824 997 1878 terdictam
1043 1823 1342 1877 alienorum
1394 1823 1612 1877 deorum
1661 1821 2128 1891 superstitionem,
2176 1820 2316 1890 ipso-

718 1930 947 1986 rumque
976 1915 1236 1970 idolorum
1268 1916 1707 1979 fabricationem;
1742 1923 1860 1984 post
1889 1912 2316 1968 commendatam

719 2009 924 2064 sabbati
974 2010 1406 2072 venerationem;
1465 2018 1582 2078 post
1628 2009 1939 2078 imperatam
1973 2007 2022 2060 in
2070 2016 2317 2075 parentes

719 2098 1010 2154 secundam
1055 2115 1084 2153 a
1129 2100 1238 2154 Deo
1261 2101 1595 2168 religionem,
1627 2099 1829 2153 nullum
1857 2098 1998 2152 aliud
2023 2098 2072 2151 in
2099 2097 2319 2168 ((01³Ιί-

724 2193 821 2246 bus
853 2191 1019 2246 titulis
1047 2191 1322 2246 firmandis
1345 2192 1733 2262 monendisque
1761 2189 2060 2245 substrinxit
2083 2205 2319 2260 praecep-

720 2293 854 2346 tum,
897 2298 1057 2355 quam
1091 2282 1248 2337 :Non
1288 2284 1612 2337 matr/laberis
1652 2283 1844 2354 (Exod.
1889 2282 2005 2346 XX,
2053 2282 2164 2350 14).
2194 2280 2320 2335 Post

721 2374 1015 2446 spiritalem
1047 2376 1186 2429 enim
1206 2376 1502 2429 castitatem
1529 2376 1996 2443 sanctitatemque,
2025 2373 2319 2442 corporalis

721 2468 1045 2537 sequebatur
1074 2468 1374 2538 integritas.
1417 2467 1484 2522 Et
1512 2468 1648 2522 banc
1689 2468 1868 2537 itaque
1916 2467 2159 2530 munivit,
2195 2466 2316 2520 bos-

720 2568 826 2614 tem
853 2557 1029 2613 statim
1056 2560 1171 2629 ejus
1199 2558 1534 2627 prohibendo
1556 2557 2043 2624 mcecbiam.Quale
2065 2557 2319 2612 delictum

716 2649 826 2720 jam
862 2651 1118 2721 intcllige,
1141 2650 1296 2720 cujus
1317 2650 1698 2705 cobibitionem
1743 2659 1863 2720 post
1890 2650 2203 2704 idololatria:
2241 2648 2319 2721 (2)

723 2741 1010 2796 ordinavit.
1045 2741 1185 2796 Nibil
1227 2744 1521 2797 secundum
1551 2742 1862 2812 longinquat
1886 2756 1913 2792 a
1945 2742 2156 2810 primo;
2187 2740 2319 2794 nihil

724 2845 829 2890 tam
859 2836 1161 2907 proximum
1201 2839 1395 2907 primo,
1421 2852 1579 2907 quam
1618 2835 1908 2890 secundum
1941 2835 2117 2904 :qttod
2157 2833 2212 2888 fit
2253 2848 2317 2888 ex

721 2930 896 2999 primo
923 2927 1089 2996 aliud,
1120 2928 1518 2999 quodammodo
1544 2930 1773 2998 primum
1820 2936 1924 2982 est.
1967 2927 2147 2996 Itaque
2187 2941 2319 2980 mae-

719 3023 836 3078 cltia
866 3022 1058 3076 adfini.-
1099 3023 1449 3087 idololatriae;
1488 3038 1613 3085 nam
1637 3030 1692 3077 et
1720 3020 2016 3075 idololatria
2077 3020 2321 3075 tntechia:

728 3115 944 3169 nomine
987 3126 1042 3170 et
1097 3114 1464 3171 fornicationis
1523 3130 1664 3184 saepe
1727 3115 1923 3185 pepulo
2004 3114 2318 3184 exprobrata

2347 1785 2393 1844 B

2426 618 2558 670 ravit
2607 618 2786 687 utique
2842 618 3150 681 utcecbiam,
3185 635 3341 687 quam
3393 619 3682 674 homicidio
3730 624 4028 690 anteponit.

2424 710 2476 764 In
2505 711 2670 779 prima
2705 712 2882 779 itaque
2914 715 2992 782 (5)
3022 711 3197 768 fronte
3252 714 3609 769 sanctissimae
3657 715 3810 783 legis,
3843 717 3896 768 in
3928 718 4031 784 [iri-

2425 803 2524 856 mis
2552 804 2718 857 titulis
2743 802 2980 859 ccelestis
3009 804 3192 865 edicti.
3229 805 3608 875 principalium
3642 808 3827 875 utique
3873 807 4034 862 delic-

2426 907 2596 950 torum
2627 898 3015 966 proscriptione
3040 899 3246 968 signata
3290 898 3390 968 (4),
3419 899 3488 956 de
3531 900 3649 955 loco
3680 901 3926 965 modum,
3971 902 4035 954 de

2423 989 2610 1041 ordine
2641 999 2862 1057 statum,
2882 989 2950 1044 de
2979 990 3221 1046 confinio
3247 993 3500 1046 meritum
3532 993 3794 1063 cujusque
3819 994 4037 1064 dignos-

2423 1093 2531 1134 cas.
2580 1080 2673 1135 Est
2702 1092 2755 1136 et
2786 1082 2909 1136 mali
2935 1083 3188 1152 dignitas,
3211 1083 3354 1154 quod
3389 1085 3441 1138 in
3465 1099 3674 1138 summo
3708 1094 3800 1138 aut
3828 1087 3884 1139 in
3919 1102 4034 1140 mc-

2424 1169 2512 1225 dio
2538 1173 2890 1240 pessimorum
2920 1174 3234 1228 collocatur.
3278 1175 3534 1244 Pompam
3558 1177 3850 1247 quamdam
3878 1187 4039 1247 atque

2423 1274 2729 1334 suggestum
2758 1265 2995 1336 adspicio
3037 1267 3304 1333 maechiae,
3335 1267 3462 1323 hinc
3499 1268 3756 1323 ducatum
3813 1268 4041 1323 idolola-

2426 1356 2539 1410 triae
2569 1357 2968 1425 antecedentis,
3021 1358 3147 1414 hinc
3198 1359 3516 1416 comitatum
3568 1360 3843 1418 homicidii
3899 1365 4038 1416 insc-

2433 1447 2668 1516 quentis.
2705 1448 2852 1504 Inter
2878 1450 3010 1504 duos
3030 1451 3210 1519 apices
3247 1451 3543 1507 facinorum
3571 1454 4040 1511 eminentissimos

2424 1541 2541 1595 sine
2590 1541 2756 1597 dubio
2799 1543 2957 1614 digna
3015 1545 3281 1614 consedit,
3322 1555 3376 1601 et
3416 1562 3510 1616 per
3547 1548 3784 1603 medium
3826 1563 4041 1615 eorum,

2424 1637 2573 1703 quasi
2603 1644 2880 1690 vacantem
2907 1637 3085 1691 locum
3120 1638 3231 1707 pari
3254 1639 3498 1694 criminis
3533 1642 3862 1696 auctoritate
3891 1657 4040 1696 com-

2427 1726 2610 1795 plevit.
2643 1726 2773 1793 Quis
2815 1742 2934 1783 eam
2984 1729 3178 1785 talibus
3232 1730 3488 1786 lateribus
3522 1733 3806 1796 inclusam,
3844 1735 4039 1790 talibus

2421 1816 2584 1870 costis
2625 1816 3043 1883 circumfultam,
3077 1835 3106 1874 a
3137 1819 3526 1876 cobmrentium
3559 1836 3790 1892 corpore
3822 1823 4040 1878 divellet

2421 1909 2488 1964 de
2513 1910 2808 1964 vicinorum
2837 1912 3122 1966 criminum
3153 1928 3318 1978 nexu,
3350 1913 3418 1968 de
3441 1915 3875 1984 propinquorum
3934 1932 4044 1969 sce-

2424 2001 2594 2055 lerum
2625 2001 2930 2072 complexu,
2959 2013 3016 2057 ut
3041 2003 3213 2058 solam
3243 2018 3362 2058 eam
3406 2015 3652 2059 secernat
3673 2004 3740 2058 ad
3777 2006 4045 2074 paeniten-

2423 2097 2508 2150 ti:e
2557 2094 2834 2150 fructum?
2871 2096 3060 2151 Nonne
3108 2096 3236 2151 hinc
3286 2096 3611 2161 idololatria,
3644 2097 3772 2152 inde
3805 2098 4036 2152 bomicio

2421 2187 2590 2251 dium,
2622 2187 2979 2243 detinebant?
3009 2199 3063 2243 et
3113 2190 3156 2242 si
3207 2203 3309 2257 qua
3357 2204 3460 2244 vox
3512 2189 3591 2261 (5)
3635 2190 3820 2255 fuerit,
3878 2192 4044 2244 recla-

2425 2281 2692 2335 mabant:
2739 2281 2932 2335 Noster
2982 2281 3066 2336 hic
3095 2296 3298 2337 cuneus
3347 2291 3464 2350 est,
3510 2293 3689 2338 nostra
3741 2289 4044 2354 compago?

2423 2373 2506 2427 Ab
2555 2373 2856 2427 idololatria
2911 2383 3196 2438 metamur,
3225 2373 3310 2427 illa
3342 2373 3708 2430 distinuttente
3756 2376 4043 2446 coajungi-

2423 2481 2561 2530 mur,
2596 2467 2664 2519 illi
2717 2466 2786 2521 de
2837 2466 3015 2522 medio
3044 2467 3294 2522 emicanti
3325 2467 3623 2522 adunamur
3651 2469 3775 2540 (6);
3817 2485 4045 2525 concer-

2424 2561 2631 2630 poravit
2671 2575 2768 2616 nos
2805 2561 3076 2630 Scriptura
3131 2560 3354 2626 divina,
3397 2560 3564 2615 literae
3633 2562 3764 2630 ipsm
3831 2564 4041 2632 glutina

2426 2662 2605 2706 nostra
2637 2663 2782 2712 sunt.
2810 2653 2920 2722 jam
2949 2667 3050 2708 nec
3080 2653 3194 2722 ipsa
3238 2653 3356 2708 sine
3383 2651 3540 2707 nobis
3565 2663 3762 2722 potest.
3794 2653 3913 2723 Ego
3934 2658 4043 2723 qui.

2423 2745 2544 2800 dem
2573 2744 2874 2798 ldololatria
2899 2745 3197 2814 smpissime
3227 2746 3475 2799 ιιιωοιιίςυ
3523 2746 3872 2800 occasionem
3913 2747 4011 2799 sub

2423 2838 2688 2892 ministro.
2727 2837 2914 2892 Sciunt
2963 2836 3068 2890 luci
3113 2838 3218 2891 mei
3249 2845 3304 2890 et
3332 2837 3436 2890 mei
3498 2845 3750 2899 montes,
3794 2847 3853 2890 et
3905 2838 4039 2890 vivw

2424 2948 2597 3003 aqum,
2631 2933 2850 3002 ipsaque
2875 2933 2923 2985 itt
2949 2931 3169 2986 urbibus
3199 2932 3418 3001 templa,
3442 2940 3700 3000 quantum
3729 2932 4039 2985 evertendas

2427 3027 2692 3096 pudicitiae
2733 3041 3082 3096 procuremus
3131 3027 3230 3099 (7).
3268 3027 3380 3097 Ego
3413 3041 3627 3096 quoque
3676 3025 4040 3079 Homicidium

2435 3135 2817 3188 nonnunquam
2848 3120 3092 3175 mcecltiaa
3137 3120 3376 3174 elabora.
3431 3119 3496 3174 Ut
3540 3118 3833 3190 tragmdias
3881 3108 4038 3172 omit-

726 3207 859 3280 (Jer.
916 3207 997 3275 Ill,
1032 3210 1082 3275 l,
1129 3227 1243 3282 sq.;
1295 3209 1483 3264 Ezech.
1547 3178 1681 3273 XVI,
1835 3209 1939 3277 sq),
1969 3178 2129 3263 etiam
2182 3217 2328 3264 sorte
2355 3178 2397 3241 C
2433 3221 2540 3268 tam
2569 3213 2638 3284 (ε)
2666 3178 2839 3269 sciunt
2883 3213 3042 3268 hodie
3067 3213 3362 3279 venenarii,
3392 3213 3570 3268 sciunt
3615 3178 3777 3282 magi,
3808 3212 3892 3283 (8)
3919 3223 4044 3281 quot

727 3304 1085 3375 conjungctur
1109 3305 1206 3367 illi,
1234 3305 1368 3360 sicut
1391 3315 1444 3360 et
1473 3306 1648 3371 serie;
1677 3306 1837 3360 etiam
1865 3303 2208 3359 damnatione
2233 3319 2326 3358 co-

727 3397 954 3454 luercbit
983 3399 1080 3465 illi,
1114 3399 1254 3453 sicut
1299 3409 1354 3455 et
1401 3398 1772 3468 dispositione.
1829 3398 1906 3453 Eo
1934 3399 2165 3467 amplius
2195 3411 2328 3466 pra:-

2434 3307 2715 3376 pellicatus
2743 3309 2968 3362 ulciscar
2997 3307 3063 3378 (Γ)
3089 3318 3219 3378 quot
3243 3308 3536 3363 rivalitates
3570 3305 3892 3371 defendam,
3914 3317 4046 3376 quot

2436 3399 2710 3461 custodes,
2760 3409 2891 3470 quot
2936 3400 3242 3466 delatores,
3295 3410 3425 3470 quot
3484 3398 3736 3454 conscios
3782 3401 4041 3454 auferam.

1952 3511 2336 3570 LECTIONES
2365 3513 2784 3572 VARIANTES.

787 3630 858 3694 (l)
896 3631 1275 3688 Periclitabitttr,
1303 3645 1366 3681 ne
1394 3633 1506 3694 inde
1535 3634 1634 3681 Lat.

788 3692 862 3764 (ἓ)
901 3694 1219 3764 idololatriam
1245 3698 1385 3764 Pam.
1415 3693 1558 3764 Riten.
1581 3692 1776 3764 Qbertlt.
1805 3695 1946 3757 Leop.

792 3755 867 3882 (ἦ)
905 3755 1098 3828 Ubique
1126 3766 1211 3807 M5.
1238 3757 1368 3868 anigl.
1398 3760 1566 3818 utique
1592 3755 1698 3821 Rig.

817 3819 846 3866 4
903 3817 1169 3879 Stguatam.
1199 3819 1272 3870 De
1313 3834 1402 3870 oce
1427 3819 1621 3870 Obertlt.
1647 3823 1698 3870 St

817 3817 867 3879 4)
903 3817 1169 3879 εἰειωυιιη.
1199 3819 1272 3870 De
1297 3817 1402 3870 loco
1427 3817 1621 3870 Obertlt.
1647 3817 1797 3870 Seml.

2491 3633 2564 3687 (5)
2599 3631 2684 3682 Vis
2709 3631 2868 3683 Civica.

2495 3693 2566 3754 (6)
2603 3695 2870 3744 Adulamur
2893 3697 3035 3746 Pam.
3059 3693 3210 3746 Rhea.
3239 3691 3436 3745 Obcrth.

2499 3755 2568 3816 (7)
2605 3757 2873 3807 Procurem
2895 3757 3055 3809 Ciacc.

2494 3817 2566 3881 (8)
2604 3820 2740 3878 Quod
2766 3829 2909 3870 Fran.
2936 3825 2983 3870 et
3017 3816 3069 3868 in
3090 3829 3221 3882 seqq.

2103 3921 2670 3981 COMMENTARIUS.

731 4051 957 4114 quenter
981 4051 1236 4110 usurpat,
1268 4056 1370 4096 non
1401 4041 1562 4096 modo
1587 4056 1683 4114 pro
1712 4040 1958 4114 masc/tia.
2001 4039 2096 4093 sed
2118 4049 2185 4114 et
2227 4053 2322 4114 pro

737 4111 1145 4184 fornicatione...
1189 4114 1366 4166 malim
1409 4111 1597 4168 autem
1637 4113 1813 4184 legere
1843 4131 1863 4184 :4
1895 4111 2057 4184 Omne
2107 4111 2320 4163 homici-

732 4181 873 4239 tlium
901 4186 1037 4238 intra
1062 4184 1276 4253 sylvam.
1307 4199 1404 4252 pro
1430 4194 1604 4249 extra;
1649 4183 1742 4238 sed
1781 4181 1927 4237 nolui
1973 4182 2024 4235 itt
2072 4191 2323 4236 contextu

735 4257 862 4326 quid
890 4257 1191 4326 immutare.
1226 4254 1359 4309 PAII.

807 4327 882 4397 (τι)
929 4325 1046 4379 Non
1091 4327 1230 4396 prius
1292 4325 1431 4393 apud
1480 4325 1755 4379 Ecclesium
1803 4325 2063 4396 professae.
2125 4323 2330 4397 Oblatis

740 4398 995 4452 Ecclesizr.
1047 4413 1140 4465 per
1172 4397 1512 4468 presbyteros
1562 4397 1806 4452 fidi-libus
1836 4396 2217 4468 conittgandis,
2278 4404 2335 4468 ut

736 4468 1114 4523 communibus
1161 4469 1295 4521 votis
1335 4465 1584 4536 conjttgio
1616 4469 1932 4523 benedicere
1962 4483 2040 4520 ur.
2067 4466 2176 4519 Hoc
2205 4465 2348 4536 enim

745 4541 1012 4608 signiticet
1045 4540 1097 4591 in
1142 4541 1245 4592 line
1292 4538 1409 4592 libri
1439 4540 1479 4594 ll
1505 4535 1570 4591 ad
1603 4539 1856 4599 Uxorem,
1887 4555 2004 4591 cum
2034 4538 2106 4590 ait
2136 4556 2148 4590 :
2187 4535 2336 4590 Unde

739 4610 1062 4680 sufﬁciamus
1090 4613 1156 4662 ad
1185 4610 1523 4664 enarrandam
1573 4611 1858 4680 felicitatem
1887 4612 1996 4680 ejus
2025 4609 2336 4680 matrimonii

735 4679 872 4750 quod
925 4681 1154 4734 Ecclesia
1203 4682 1440 4735 conciliat
1488 4692 1535 4735 ct
1574 4679 1858 4748 confirmat
1907 4679 2149 4734 oblatio?
2203 4681 2336 4750 Dum

737 4749 962 4805 acc-ultas
1007 4753 1388 4815 conjunctiones
1438 4755 1817 4821 interpretatur
1869 4769 1968 4806 non
2018 4752 2158 4820 prius
2200 4749 2340 4815 apud

741 4822 1024 4876 Ecclesiam
1053 4823 1336 4890 professas,
1370 4824 1560 4877 mirum
1584 4820 1638 4878 in
1673 4824 1885 4876 modum
1931 4821 2215 4875 confirmat
2241 4820 2308 4873 de

738 4903 947 4948 cretum
991 4895 1199 4946 concilii
1228 4893 1524 4950 Tridentini
1557 4894 1622 4948 de
1654 4896 1819 4949 irritis
1849 4894 2041 4948 talibus
2084 4892 2341 4960 conjunc-

743 4965 978 5019 tionibus
998 5005 1013 5028 ,
1045 4979 1110 5017 eo
1138 4965 1278 5034 quod
1304 4964 1371 5019 de
1404 4966 1507 5019 illis
1530 4965 1743 5034 subjicit
1772 4984 1783 5016 :
1824 4985 1841 5015 ι
1871 4964 2026 5019 Juxta
2059 4964 2343 5034 mcecbiam

745 5045 800 5090 et
855 5033 1264 5090 fornicationem
1316 5037 1540 5104 judicari
1621 5033 2030 5106 periclitantur.
2072 5034 2180 5088 Nec
2210 5033 2346 5106 inde

741 5115 1007 5161 consertte
1051 5107 1267 5161 obtentu
1301 5109 1621 5161 matrimonii
1667 5109 1868 5162 crimen
1913 5105 2145 5161 eludant.
2208 5105 2343 5159 ΡΑι.

742 5177 886 5232 SCSs.
1048 5176 1110 5229 dc
1137 5194 1353 5232 sacram.
1388 5178 1628 5246 Matrim,
1657 5194 1772 5248 cap.
1819 5179 1857 5233 I.
1905 5178 2022 5233 th.

819 5247 895 5317 (b)
957 5246 1200 5318 Reliquas
1245 5261 1409 5304 autem
1459 5246 1734 5303 libidinum
1779 5251 1940 5318 furias
1991 5249 2208 5316 impias,
2241 5255 2346 5298 etc.

745 5318 1034 5386 Eleganter
1064 5321 1339 5390 distinguit
1363 5321 1502 5375 inter
1529 5321 1702 5375 tintine
1744 5321 1984 5374 Ecclesia:
2027 5318 2348 5381 submovere,

746 5400 802 5444 ct
822 5391 961 5443 omni
993 5400 1119 5444 tecto
1150 5389 1392 5448 Ecclesia:
1416 5395 1709 5447 submovere
1735 5410 1752 5459 ;
1800 5408 1860 5445 ac
1891 5395 1933 5445 si
1965 5390 2088 5445 velit
2125 5389 2353 5459 [amicae

751 5471 895 5515 tores
941 5468 996 5516 et
1023 5461 1294 5518 adulteros
1319 5465 1580 5518 admi~sos
1620 5464 1684 5517 ad
1735 5458 1894 5518 limen
1939 5461 2230 5525 Eccb-siw,
2279 5458 2354 5512 uti

753 5547 872 5605 cap.
921 5534 1150 5600 praeced.
1180 5535 1317 5590 inter
1341 5538 1660 5605 ptenitentes
1689 5536 2028 5605 (quamquam
2059 5534 2277 5592 frustra,
2311 5545 2354 5605 ξι

752 5601 964 5676 veniam
1023 5605 1254 5660 Ecclesia
1305 5601 1432 5662 dare
1472 5623 1573 5660 non
1615 5601 1813 5676 pos‘sit,
1859 5601 1916 5660 ut
1962 5617 2240 5676 perperam
2271 5601 2358 5676 atl-

753 5675 982 5743 seruit);
1009 5686 1062 5730 at
1088 5688 1448 5732 monstrorum
1473 5673 1682 5731 illorum
1711 5693 1830 5733 reos
1860 5673 2029 5747 neque.
2052 5673 2120 5730 ibi
2155 5673 2355 5747 admis-

757 5761 871 5811 505.
907 5747 1001 5799 sed
1035 5764 1252 5814 prorsus
1287 5751 1534 5805 exclusos
1563 5750 1742 5804 fuisse.
1777 5749 1842 5802 Et
1899 5743 2024 5801 vero
2051 5749 2211 5801 etiam
2235 5743 2358 5797 hinc

758 5815 1106 5871 confirmatur
1120 5829 1356 5874 vetustas
1375 5820 1939 5875 excommunicationis
1962 5816 2356 5879 ccclesiaSIicze;

760 5885 828 5940 de
856 5902 956 5966 qua
987 5904 1244 5966 s_upra...,
1270 5892 1484 5966 Apolog
1550 5907 1667 5966 cap.
1711 5890 1812 5958 59,
1859 5902 1912 5946 et
1943 5890 2067 5944 alibi
2122 5904 2225 5966 non
2262 5901 2361 5966 se-

766 5959 870 6012 mel
905 5975 916 6011 :
948 5959 1014 6015 ad
1059 5958 1231 6031 quam
1267 5958 1472 6019 iterum'
1511 5958 1761 6018 alluditur
1813 5966 1977 6023 intra,
2006 5978 2123 6030 cap.
2159 5959 2219 6022 7,
2261 5958 2363 6011 illis

2430 4041 2649 4125 verbis:
2680 4061 2717 4125 τε
2751 4040 2833 4125 Ob
2871 4041 2986 4123 tale
3055 4041 3180 4125 quid
3230 4051 3384 4125 extra
3438 4055 3652 4125 gregem
3702 4041 3864 4125 datth
3919 4051 4047 4125 est.

2428 4127 2489 4166 ac
2526 4131 2544 4163 ‹
2580 4115 2646 4166 de
2680 4113 2915 4167 Ecclesia
2944 4113 3246 4182 expellitur.
3284 4133 3302 4163 ι
3322 4113 3484 4183 Plura
3506 4112 3628 4166 vide
3647 4127 3768 4183 cap.
3797 4113 3890 4166 14.
3919 4112 4052 4167 Pu.

2503 4184 2656 4238 CAP.
2687 4184 2751 4238 V.
2778 4185 2940 4250 —(c)
2971 4181 3150 4236 Prima
3206 4183 3288 4237 lex
3309 4181 3402 4237 Dei
3425 4193 3608 4252 prcsto
3631 4181 3727 4236 est.
3755 4183 3943 4236 Prima
3974 4188 4053 4238 lex

2437 4254 2529 4308 Dei
2562 4271 2654 4322 per
2683 4255 2882 4307 Moscm
2917 4254 3128 4316 tradita,
3163 4253 3398 4308 secunda
3435 4270 3528 4323 per
3553 4253 3858 4308 Christum.
3909 4255 4053 4309 Alias

2438 4328 2662 4395 primam
2711 4340 2805 4378 seu
2853 4325 3252 4393 primordialem
3313 4325 3403 4378 Dei
3455 4326 3625 4394 legem
3684 4326 3738 4379 in
3797 4326 4059 4394 principio

2455 4397 2638 4450 mundi
2693 4397 2821 4450 Αάω
2851 4408 2903 4450 et.
2935 4396 3058 4450 Evze
3083 4397 3260 4450 datam
3310 4395 3476 4450 fuisse
3523 4399 3624 4457 ait,
3671 4395 3766 4449 lib.
3821 4399 4060 4449 adt-erus

2457 4465 2692 4521 Judwos.
2739 4469 2922 4536 Itaque
2951 4467 3357 4521 convenientius
3389 4467 3907 4535 interpretabimur:
3944 4466 4058 4519 Pri-

2445 4557 2524 4590 ma
2555 4540 2635 4591 lex.
2663 4537 2757 4592 Dei
2787 4548 2972 4606 prtesto
3003 4548 3107 4602 est,
3152 4539 3254 4592 hoc
3301 4545 3416 4605 est,
3446 4546 3568 4592 ante
3613 4540 3793 4592 omnia
3829 4540 4063 4593 occurrit

2449 4613 2532 4664 lex
2582 4611 2693 4663 llci.
2747 4609 2864 4663 Βία.

2527 4680 2606 4750 (tl)
2651 4681 2861 4734 Talibus
2915 4680 3074 4733 titulis
3117 4681 3386 4747 ﬁrmandis
3433 4680 3819 4750 monendisque.
3873 4679 3985 4736 Hoc
4017 4682 4063 4732 in

2446 4767 2610 4822 opere
2639 4751 2970 4818 Septimiano
3000 4761 3379 4819 pnctentamus
3428 4752 3531 4805 iter
3574 4753 3856 4812 manibus,
3897 4752 4062 4806 desti-

2449 4824 2545 4877 tuti
2569 4833 2806 4877 veterum
2834 4823 3214 4891 exemplarium
3236 4823 3372 4876 luce.
3407 4823 3597 4888 Aptius
3619 4833 3765 4875 certe
3791 4823 4062 4880 videatur.

2449 4893 2658 4948 Talibus
2709 4895 2868 4946 titulis
2911 4893 3179 4962 ﬁrmandis
3230 4893 3634 4960 muniendisque.
3685 4891 3909 4947 Etenim
3954 4905 4067 4960 post

2491 4967 2612 5018 aulo
2641 4967 2883 5031 sequitur
2902 5005 2916 5026 ,
2962 4962 3027 5017 Et
3054 4965 3184 5018 hanc
3205 4965 3375 5033 itaque
3395 4964 3629 5018 munivit.
3654 4962 3870 5019 Titulos
3891 4973 4066 5022 vocat.

2478 5037 2588 5103 ogis
2651 5036 2844 5088 divinae
2895 5037 3102 5106 capita;
3154 5036 3450 5105 eodemque
3507 5033 3812 5106 significatu
3873 5051 4068 5106 supra,

2452 5107 2792 5160 damnationis
2821 5106 2993 5159 titulos
3019 5106 3171 5160 dixit.
3213 5106 3328 5161 llic.

2527 5179 2602 5246 (θ)
2628 5177 2806 5231 Sciunt
2825 5178 2974 5229 hodie
2994 5178 3270 5243 venatorii,
3297 5178 3461 5231 sciunt
3479 5178 3633 5246 magi.
3657 5175 3845 5244 Magos
3862 5192 3890 5230 a
3917 5193 4074 5232 vene-

2457 5251 2622 5302 nat-iis
2653 5249 2981 5316 distinguere
3011 5249 3096 5302 vix
3144 5249 3375 5317 poteris;
3408 5264 3531 5303 nam
3561 5249 3834 5302 venerarii
3869 5265 3967 5302 seu
3995 5263 4075 5300 ve-

2458 5321 2646 5381 netici,
2688 5335 2808 5373 cum
2863 5319 3050 5388 magis,
3092 5319 3376 5382 cbaldteis,
3418 5319 3807 5390 genethliacis,
3869 5320 4075 5374 thessa-

2460 5391 2628 5460 lisque
2679 5392 2806 5444 olim
2871 5390 3369 5454 confundebantur,
3430 5392 3519 5460 qui
3579 5390 3716 5443 alios
3772 5391 4078 5458 pltarmacis

2460 5463 2718 5529 malisque
2777 5462 3039 5515 ltedellattl
3071 5462 3306 5526 artibus,
3347 5463 3562 5530 suisque
3612 5463 4073 5515 incantationibus

2461 5535 2618 5585 vitam
2653 5533 2814 5586 etiam
2863 5534 3150 5601 aliquando
3193 5533 3511 5601 eripiebant.
3555 5532 3819 5600 Apuleius
3853 5534 3904 5585 in
3937 5533 4074 5600 armi.

2462 5604 2764 5656 Amatricem
2793 5620 2925 5668 eam,
2955 5620 3036 5656 me
3076 5621 3279 5672 magum
3331 5614 3375 5656 et
3429 5603 3704 5672 veneﬁcum
3750 5603 4078 5664 clamitaret,

2463 5675 2632 5728 multis
2652 5675 2993 5727 audientibus.
3046 5675 3121 5728 LE
3150 5675 3246 5729 Ρη.

2533 5746 2596 5816 (f)
2634 5745 2766 5812 Quot
2788 5747 3065 5800 rivalitates
3107 5745 3401 5815 defendam.
3428 5745 3637 5800 Etenim
3661 5747 3911 5814 plerique
3936 5761 4072 5798 ama-

2467 5828 2610 5871 tores
2633 5861 2646 5882 ,
2681 5827 2885 5871 amatas
2911 5832 3035 5872 suas
3063 5819 3131 5871 ab
3159 5816 3408 5871 rivalibus
3429 5817 3726 5872 defendunt
3747 5816 4074 5874 homicidio,

2468 5889 2725 5944 rivalibus
2753 5889 2899 5944 vario
2929 5888 3114 5944 mortis
3139 5903 3334 5959 genere
3358 5889 3630 5944 extinctis.
3665 5888 3786 5943 th.
