4220 6492
204 396 312 457 989

1502 416 1709 476 LIBER
1751 420 1838 479 DE
1866 421 2230 485 PUDICITM.

3395 452 3501 511 990

202 523 394 580 Sciunt
439 524 600 582 etiam
648 525 1005 597 obstetrices,
1051 539 1184 601 quot
1226 530 1452 588 adulteri
1504 544 1796 603 conceptus
1822 539 1877 599 Α
1904 538 2341 615 (Rom.Vlll,l2),
2366 546 2566 620 utique,
2601 550 2721 608 Non
2748 556 3357 625 ntt:clmberilex.XX,
3384 563 3494 634 14).

206 620 559 676 trucidentur.
595 621 769 677 Etiam
796 624 936 692 apud
958 622 1292 679 Christianos
1332 637 1542 681 nonest
1569 629 1796 683 mteeliia

204 712 327 767 sine
372 711 529 767 nobis
572 730 587 766 :
638 712 835 769 ibidem
872 724 996 770 sunt
1045 714 1388 781 idololatriw,
1420 719 1506 772 tibi
1540 720 1794 774 immundi

205 808 427 878 Spiritus
452 823 540 864 res
564 817 676 875 est;
708 809 902 866 ibidem
930 822 1009 866 est
1038 823 1091 867 et
1121 813 1482 877 homicidium,
1506 818 1590 869 ttht
1615 815 1794 882 homo,

204 914 329 954 cum
355 901 676 971 inquinatur,
699 901 957 957 occiditur
1020 904 1211 975 Igitur,
1262 916 1355 960 aut
1405 921 1502 961 nec
1549 908 1679 970 illis,
1709 919 1801 962 aut

203 994 370 1049 etiam
420 994 573 1049 nobis
628 996 956 1065 paenitentia:
1013 998 1247 1054 subsidia
1302 1001 1639 1055 t'0nvenient.
1697 1004 1800 1056 Aut

202 1087 510 1141 detinemus
537 1101 678 1153 eam,
704 1098 796 1142 aut
823 1091 1115 1160 sequimur.
1150 1089 1274 1145 Han:
1302 1092 1428 1161 ipsa:
1459 1108 1544 1147 res
1574 1092 1797 1164 loquun-

206 1187 315 1234 tur.
343 1178 398 1234 Si
422 1195 508 1235 res
536 1195 667 1237 voce
694 1180 973 1247 deficiunt,
1002 1183 1215 1240 adsistit
1241 1185 1567 1253 idololatres,
1595 1188 1803 1244 adsistit

204 1270 495 1338 homicida,
522 1273 574 1327 in
602 1274 780 1330 medio
806 1289 989 1330 eorum
1017 1276 1573 1345 adsistitetmtechus,
1603 1282 1802 1351 pariter

202 1361 275 1416 de
304 1364 633 1433 poenitentia:
653 1364 830 1421 ofﬁcio
849 1367 1057 1433 sedent,
1081 1369 1131 1423 in
1150 1384 1307 1427 sacco
1333 1381 1388 1427 et
1412 1373 1592 1429 cinere
1619 1374 1803 1429 inhor-

205 1469 465 1527 rescunt,
510 1460 701 1516 eodem
747 1459 875 1515 ﬂatu
916 1463 1249 1533 gemisetmt,
1301 1465 1502 1521 eisdem
1557 1466 1803 1537 precibus

202 1550 481 1619 ambiunt,
509 1550 713 1607 eisdem
741 1553 965 1623 genibus
994 1565 1248 1621 exorant,
1281 1558 1525 1612 eamdem
1556 1559 1803 1615 invocant

203 1654 454 1699 matrem.
493 1645 570 1716 (η)
612 1645 747 1715 Quid
799 1648 943 1718 agis,
998 1650 1311 1706 mollissima
1340 1663 1394 1707 et
1423 1654 1802 1709 liumanissima

203 1734 529 1807 disciplina?
559 1748 649 1791 aut
687 1739 937 1794 omnibus
964 1742 1042 1794 cis
1090 1742 1190 1797 huc
1213 1758 1335 1799 esse
1370 1744 1593 1800 tlebchis
1626 1764 1638 1797 :
1673 1748 1805 1800 beati

203 1828 350 1884 enim
401 1830 601 1900 pacifici
646 1830 858 1903 (llatth.
906 1833 973 1900 ν,
1014 1833 1101 1906 6);
1147 1846 1257 1899 aut,
1289 1839 1332 1891 si
1364 1852 1467 1893 non
1518 1839 1801 1901 omnibus.

1899 632 2005 688 Sed
2027 646 2081 690 et
2103 650 2282 707 supra,
2308 639 2491 710 Legem
2518 660 2636 715 ergo
2673 661 2972 703 evacuamus
3001 667 3091 719 per
3110 651 3311 721 ﬁdem?
3334 632 3497 721 Absit,

1901 726 1987 778 sed
2011 727 2167 797 legem
2192 730 2410 786 sistimus
2430 734 2596 803 (Rom.
2618 736 2705 803 IIl,
2737 738 2852 810 51),
2883 740 3085 797 scilicet
3111 743 3163 798 in
3192 744 3277 801 his
3302 761 3419 816 quae
3448 754 3504 802 et

1904 834 2042 873 nunc
2072 836 2209 876 novo
2236 823 2577 883 Testamento
2626 830 2901 887 interdicta
2943 836 3101 891 etiam
3146 840 3499 896 cumulatiore

1906 926 2170 983 prteccpto
2197 919 2559 986 prohibentur.
2605 924 2707 978 I’ro
2740 924 2859 981 Non
2889 930 3211 988 nime/taberis
3243 950 3261 988 :
3292 936 3397 999 Qui
3421 937 3499 988 vi—

1905 1005 2036 1060 derit
2063 1008 2131 1061 ad
2168 1014 2645 1082 concupiscentiam,
2670 1019 2785 1087 jam
2814 1020 3088 1078 multatus
3137 1035 3209 1079 est
3254 1026 3307 1080 in
3350 1027 3504 1082 corde

1902 1114 1995 1155 suo
2022 1098 2231 1170 (Matth.
2260 1102 2325 1170 V,
2354 1104 2445 1170 27,
2472 1106 2587 1174 28);
2610 1118 2665 1163 et
2694 1124 2790 1179 pro
2814 1111 2935 1167 Non
2962 1113 3195 1171 occides:
3222 1118 3324 1186 Qui
3351 1120 3500 1176 dixe-

1902 1192 1968 1244 rit
1994 1193 2143 1261 fratri
2192 1212 2285 1249 suo
2336 1200 2524 1267 rae/ta,
2552 1219 2665 1256 reus
2709 1205 2801 1258 erit
2846 1208 3089 1276 gehennae
3118 1209 3242 1282 (Id.
3289 1210 3499 1285 XXII).

1905 1282 2097 1351 Qumre
2127 1301 2194 1341 an
2224 1288 2367 1343 salva
2396 1292 2465 1345 sit
2497 1293 2577 1347 lex
2612 1309 2717 1348 non
2762 1298 3063 1354 nimehandi
3085 1342 3099 1365 ,
3148 1304 3232 1358 cui
3274 1282 3503 1362 accessit

1907 1390 2003 1431 nec
2032 1382 2461 1450 concupiscentli.
2491 1385 2787 1454 Caaterum,
2829 1390 2995 1457 siqua
3047 1394 3198 1449 vobis
3254 1400 3498 1468 exempla

1907 1469 1960 1523 in
2009 1472 2183 1526 sinum
2219 1474 2489 1544 plaudent,
2515 1493 2618 1533 non
2646 1492 2983 1550 opponentur
3030 1484 3153 1542 huic
3200 1505 3357 1559 qttam
3407 1491 3501 1547 de-

1906 1561 2171 1620 fendimus
2198 1566 2513 1638 disciplima.
2550 1571 2765 1630 Frustra
2793 1577 2934 1631 enim
2996 1579 3077 1634 lex
3132 1594 3495 1652 suprastructa

1905 1666 2008 1717 est,
2037 1658 2269 1727 origines
2295 1676 2507 1731 quoque
2534 1663 2877 1729 delictorum.
2911 1669 2961 1723 id
2989 1680 3069 1725 est
3113 1676 3498 1744 concupiscen-

1907 1750 2006 1803 tias
2035 1762 2088 1805 et
2116 1754 2436 1817 voluntates,
2471 1773 2575 1811 non
2634 1761 2811 1815 ntinus
2856 1778 3013 1831 quam
3072 1765 3204 1821 facta
3244 1771 3501 1824 condem-

1908 1858 2062 1908 nans,
2096 1845 2137 1898 si
2174 1844 2292 1902 ideo
2324 1847 2481 1903 hodie
2512 1850 2837 1907 concedetur
2884 1854 3129 1911 llitPcItitl‘.
3156 1860 3309 1914 venia
3335 1903 3349 1927 ,
3381 1863 3503 1931 quia

204 1931 388 1977 uestra
432 1937 572 1978 esse.
628 1923 703 1994 (b)
733 1923 1071 1981 Idololatram
1118 1928 1332 1998 quidem
1378 1940 1430 1985 et
1483 1932 1799 1988 homicidam
1830 1934 1880 1996 B
1908 1945 1959 1989 et
1991 1935 2277 2005 aliquando
2322 1941 2401 2007 (1)
2440 1955 2697 1997 concessa
2726 1954 2825 2000 est.
2874 1945 2982 2001 Cur
3007 1923 3374 2006 emolumento
3400 1923 3502 2005 Im-

205 2013 376 2069 scmel
406 2013 649 2082 damnas,
683 2018 949 2072 mtecbum
978 2034 1105 2075 vero
1130 2021 1198 2076 de
1226 2022 1402 2078 medio
1426 2024 1647 2092 excipis,
1687 2023 1800 2079 ido-

204 2106 435 2161 lolatria:
451 2122 839 2177 successorem,
858 2110 1139 2168 homicida:
1160 2124 1577 2175 antecessoretn.
1602 2120 1773 2173 utrius
1786 2152 1798 2161 -

204 2214 313 2269 que
341 2200 646 2272 collegam?
674 2202 926 2260 Personae
976 2208 1275 2277 aceeptatio
1302 2219 1416 2277 est,
1450 2210 1802 2268 miserabilio-

207 2307 296 2349 res
327 2295 667 2363 ptenitentias
688 2298 968 2367 reliquisti.

827 2390 1050 2448 CAPUT
1092 2392 1177 2449 γι.

284 2478 472 2547 Plane,
504 2481 550 2535 si
574 2481 826 2537 ostendas
854 2482 922 2539 de
950 2486 1142 2555 quibus
1192 2490 1499 2557 patrociniis
1523 2492 1803 2561 exemplo-

206 2588 350 2639 rum,
385 2584 880 2645 prmceptorumque
905 2580 1225 2647 cmlcstium,
1258 2583 1355 2636 soli
1385 2585 1647 2651 mtechiae,
1671 2597 1723 2641 et
1750 2590 1802 2642 in

208 2681 274 2723 ea
305 2665 641 2722 fornicationi
671 2683 913 2739 quoque,
949 2672 1165 2741 januam
1224 2678 1547 2744 (imttitentiae
1599 2694 1802 2749 expan-

206 2758 329 2824 das,
358 2759 424 2816 ad
455 2760 593 2817 hanc
610 2762 720 2831 jam
740 2764 933 2819 lineam
966 2766 1239 2822 dimicabit
1269 2779 1447 2824 nostra
1474 2775 1778 2842 congressio

211 2850 565 2908 Praescribam
618 2863 795 2910 tamen
844 2857 932 2910 tibi
985 2856 1209 2913 formam
1263 2876 1482 2916 necesse
1508 2874 1611 2926 est,
1645 2881 1710 2919 ne
1736 2864 1803 2920 ad

209 2950 394 2997 vetera
438 2958 653 2998 manum
684 2946 916 3011 emittas,
947 2963 1015 3003 ne
1042 2950 1092 3003 in
1122 2960 1266 3020 terga
1311 2953 1582 3021 reSpicias.
1630 2954 1805 3010 Vetera

208 3036 355 3089 enim
386 3037 714 3103 transierunt,
758 3040 1047 3094 secundum
1082 3043 1289 3097 Esaiam
1321 3044 1464 3111 (lsa.
1497 3047 1677 3113 XLIII,
1714 3048 1801 3113 18,

210 3123 341 3195 19),
374 3136 429 3182 et
457 3144 588 3182 noua
624 3139 698 3183 est
734 3132 848 3201 jam
888 3135 1090 3187 novalia
1132 3137 1426 3191 secundum
1481 3139 1802 3195 Iliercmiam

209 3218 346 3291 (lcr.
384 3220 472 3283 IV,
502 3222 593 3292 3);
624 3233 679 3278 et
702 3224 844 3279 obliti
880 3229 1240 3296 posteriorum,
1274 3232 1324 3283 in
1371 3232 1543 3301 priora
1586 3237 1803 3306 porrigi-

1905 2028 1992 2082 die
2022 2028 2261 2098 pleniore
2288 2031 2569 2103 disciplina
2596 2045 2906 2101 coercetur,
2937 2039 3036 2092 nisi
3069 2049 3126 2094 ut
3152 2040 3354 2111 majore
3393 2044 3503 2098 for-

1906 2122 2045 2176 sitan
2076 2123 2339 2180 lenoeinio
2367 2136 2458 2180 tuo
2484 2128 2863 2199 indulgeatur?
2895 2132 3051 2188 Dabis
3077 2149 3205 2206 ergo
3250 2144 3307 2191 et
3332 2136 3504 2192 idolo-

1902 2216 2076 2278 latrize
2106 2226 2158 2270 et
2181 2218 2325 2272 omni
2372 2229 2632 2287 apostatre
2682 2223 2924 2290 veniam,
2971 2226 3091 2295 quia
3140 2237 3195 2281 et
3247 2230 3504 2299 populum

1904 2306 2076 2377 ipsum
2097 2310 2288 2365 totiens
2302 2326 2450 2364 reum
2467 2311 2540 2381 (e)
2568 2313 2808 2379 istorum,
2839 2316 3345 2376 totiensinvenimtts
3362 2330 3506 2377 retro

1906 2402 2204 2456 restitutum
2239 2402 2432 2471 (Judic.
2468 2404 2533 2460 Ill
2555 2448 2568 2468 ,
2602 2407 2757 2479 sqq).
2786 2407 3220 2466 Communicabis
3245 2421 3299 2466 et
3328 2412 3503 2468 homi-

1907 2492 2072 2559 cidre;
2105 2495 2225 2565 quia
2275 2506 2326 2549 et
2368 2495 2627 2552 Nabutha:
2658 2498 2968 2568 sanguinem
3016 2500 3202 2557 Achab
3245 2502 3504 2574 depreca-

1910 2585 2052 2639 tione
2077 2585 2267 2641 delevit
2287 2587 2373 2661 (III
2416 2590 2542 2660 Reg.
2579 2589 2720 2658 XXI,
2756 2590 2874 2662 29);
2906 2592 3070 2647 David
3097 2592 3240 2650 Uria:
3268 2594 3502 2664 caedem,

1909 2686 2019 2732 tum
2074 2694 2315 2735 caussam
2383 2684 2498 2750 ejus
2554 2684 2837 2739 mmeliiam
2886 2684 2965 2757 (2)
3005 2685 3342 2741 confessione
3382 2704 3506 2758 pur-

1906 2772 2049 2839 gavit
2074 2771 2141 2843 (Il
2181 2773 2306 2845 lleg.
2355 2774 2471 2838 XII,
2501 2777 2740 2846 t5).lam
2767 2786 2820 2832 et
2846 2779 3041 2833 incesta
3072 2779 3314 2844 donabis,
3344 2797 3505 2853 prop-

1911 2872 1991 2917 ter
2019 2862 2154 2919 Loth
2186 2864 2335 2937 (Gen.
2374 2867 2526 2930 XIX,
2565 2870 2654 2931 53,
2703 2870 2826 2940 35);
2871 2881 2925 2925 et
2958 2870 3332 2927 fornicationes
3380 2888 3502 2929 cum

1911 2956 2132 3025 incesto,
2167 2970 2381 3028 propter
2403 2959 2592 3016 ludam
2623 2961 2774 3032 (Geu.
2797 2962 3085 3028 XXXVIII,
3118 2962 3298 3036 I8),ct
3324 2974 3504 3035 turpes

1909 3051 1975 3104 de
2001 3054 2371 3121 prostitutione
2399 3056 2605 3125 nuptias
2625 3096 2639 3121 ,
2664 3066 2883 3127 propter
2899 3055 3037 3112 Osce
3056 3056 3200 3129 (οδε.
3231 3058 3279 3122 I,
3311 3058 3375 3123 2,
3406 3060 3460 3131 5)
3486 3100 3502 3125 ,

1908 3155 1963 3199 et
2004 3162 2107 3198 non
2134 3156 2334 3199 tanttnn
2368 3145 2757 3216 frequentatas,
2790 3164 2975 3203 verum
3019 3158 3074 3203 et
3110 3150 3274 3203 semel
3323 3150 3503 3217 plures

1912 3246 2127 3305 propter
2149 3247 2322 3305 patres
2348 3249 2557 3292 nosnos
2589 3238 2737 3308 (Gen.
2764 3238 2901 3302 XVI,
2920 3241 2974 3303 5,
2997 3239 3061 3303 4;
3091 3238 3285 3304 XXIX,
3304 3239 3499 3311 XXX).

207 3330 346 3379 mur,
375 3315 669 3372 secundum
700 3319 1013 3389 Apostolum
1046 3321 1268 3393 (Philip.
1301 3323 1401 3389 III,
1431 3326 1566 3395 IS);
1609 3338 1662 3383 et
1706 3326 1813 3384 Lex
1838 3322 1884 3385 C
1920 3330 2110 3401 Utique
2129 3331 2271 3386 enim
2299 3331 2514 3401 dignum
2536 3340 2617 3385 est
2641 3331 2930 3401 permquari
2965 3347 3104 3386 nunc
3130 3347 3341 3402 quoque
3380 3347 3503 3402 gra-

206 3417 255 3461 ct
288 3406 561 3480 Propheta:
586 3428 745 3483 usque
771 3417 839 3467 ad
875 3415 1157 3482 Joannem,
1184 3419 1473 3473 secundum
1521 3422 1800 3477 Dominum

208 3498 429 3571 (Matth.
482 3502 583 3567 XI,
621 3505 705 3575 15)
741 3524 754 3560 :
789 3522 931 3572 nam,
961 3518 1016 3563 et
1058 3509 1104 3563 si
1149 3525 1269 3565 cum
1325 3513 1557 3567 maxime
1606 3531 1633 3566 a
1688 3514 1803 3586 lege

204 3594 470 3665 carpimus
522 3595 941 3655 demonstrando
995 3603 1311 3668 mtethiam,
1374 3609 1565 3661 merito
1616 3610 1685 3662 ab
1737 3624 1801 3663 eo

203 3696 350 3742 statu
373 3689 525 3761 legis,
556 3706 716 3761 quem
745 3692 989 3750 Christus
1015 3711 1119 3750 non
1145 3696 1420 3765 dissolvit,
1466 3700 1558 3753 sed
1609 3701 1800 3770 imple-

205 3782 284 3837 vit
312 3781 521 3854 (tllattlt.
553 3784 618 3848 ν,
650 3786 760 3857 17).
789 3785 962 3843 Oncra
992 3790 1135 3844 enim
1168 3789 1298 3861 legis
1348 3806 1513 3862 usque
1544 3792 1608 3847 ad
1636 3792 1800 3849 Joan-

206 3888 369 3939 nem,
414 3890 522 3929 non
573 3876 836 3944 remedia;
869 3895 1091 3950 operum
1115 3882 1239 3952 jnga
1291 3885 1487 3950 rejecta
1517 3898 1662 3952 sunt,
1695 3904 1799 3943 non

202 3968 606 4040 disciplinarum
638 3990 651 4026 :
690 3974 907 4029 libertas
943 3976 994 4030 in
1030 3976 1247 4034 Christo
1309 3995 1413 4034 non
1471 3982 1589 4038 fecit
1642 3985 1797 4038 inuo-

198 4059 395 4115 centite
420 4062 689 4132 injuriam.
722 4064 895 4121 Manet
926 4068 1009 4123 lex
1044 4077 1150 4124 tota
1178 4072 1386 4140 pictatis
1407 4116 1420 4139 ,
1467 4076 1791 4140 sant-litatis,

197 4151 574 4223 humanitatis,
609 4158 867 4223 veritatis,
897 4162 1159 4218 castitatis
1179 4205 1194 4230 ,
1223 4165 1464 4235 juStitim,
1498 4170 1799 4225 miserieor-

196 4243 338 4311 dizn,
378 4245 795 4319 benevolentia},
859 4252 1143 4322 pudicitiae.
1198 4257 1253 4313 In
1303 4274 1405 4328 qua
1451 4260 1565 4329 lege
1626 4261 1799 4318 beatus

196 4339 278 4392 vir
296 4340 385 4409 qui
406 4342 730 4399 meditabitur
766 4345 850 4400 die
886 4363 947 4400 ac
975 4359 1119 4403 nocte
1158 4350 1329 4423 (Psnl.
1362 4353 1402 4417 I,
1438 4353 1513 4424 l).
1571 4355 1646 4410 De
1693 4372 1795 4426 qua

196 4432 346 4487 idem
382 4430 544 4489 David
575 4451 791 4493 rursus:
833 4437 941 4493 Lex
967 4439 1175 4495 Domini
1202 4445 1633 4516 invituperabilis,
1676 4467 1797 4503 cou-

194 4538 397 4583 vertens
417 4530 651 4596 animas;
677 4533 797 4601 iura
819 4532 1025 4588 Domini
1044 4535 1259 4605 directa,
1282 4539 1586 4596 oblectantia
1607 4546 1796 4609 corda;

193 4632 506 4690 prtrceptum
561 4622 768 4679 Domini
824 4626 971 4697 longe
1017 4628 1216 4695 lucens,
1267 4633 1578 4687 inluminans
1625 4638 1798 4690 oculos

1910 3425 2036 3479 tiam
2061 3424 2202 3479 circa
2230 3425 2407 3478 omnia
2440 3438 2586 3478 retro
2613 3424 2812 3477 indulta
2831 3466 2846 3489 ,
2881 3424 2923 3477 si
2952 3424 3018 3478 de
3070 3424 3294 3493 pristino
3322 3424 3502 3494 aliquo

1906 3520 2151 3588 exemplo
2178 3518 2333 3572 venia
2365 3517 2607 3571 mmcltia:
2637 3517 2952 3572 vindicatur.
2989 3516 3255 3571 Ilabcmus
3283 3516 3499 3587 quidem

1904 3622 1959 3667 et
1986 3627 2081 3666 nos
2105 3610 2345 3678 ejusdem
2377 3611 2654 3665 vetustatis
2680 3609 2922 3679 exempla
2952 3623 3049 3679 pro
3074 3610 3336 3664 sententia
3375 3622 3502 3663 nos-

1906 3714 2008 3770 tra,
2041 3719 2145 3757 nou
2180 3702 2338 3757 modo
2370 3716 2473 3757 nou
2504 3700 2711 3765 indulti,
2735 3715 2921 3755 verum
2941 3700 3100 3755 etiam
3131 3700 3500 3770 reprzrscmati

1900 3797 2082 3868 judicii
2110 3794 2189 3868 (d)
2223 3795 2586 3851 fornicationis
2611 3793 2761 3867 (Gen.
2801 3792 3059 3860 XIX,‘24,
3088 3790 3202 3864 28).
3234 3792 3297 3847 Et
3322 3792 3501 3862 utique

1903 3891 2100 3948 sufficit
2114 3901 2316 3945 tantum
2334 3906 2609 3944 nmuermu
2627 3890 2807 3959 viginti
2831 3900 3062 3959 quatuor
3081 3888 3305 3942 millium
3324 3887 3503 3957 populi

1903 3986 2213 4040 fornicantis
2235 3988 2286 4038 in
2307 3984 2438 4038 Illius
2463 3985 2614 4037 Moab
2637 4000 2738 4038 una
2758 3984 2907 4053 plaga
2929 3984 3100 4037 ruisse
3124 3982 3310 4055 (Nunt.
3332 3982 3501 4048 XXV,

1904 4079 1954 4141 I,
1980 4078 2137 4148 sqq.).
2169 4076 2271 4132 Sed
2302 4076 2443 4131 man
2470 4077 2520 4130 in
2562 4077 2783 4145 gloriatn
2814 4074 3008 4128 Christi
3036 4091 3063 4126 a
3090 4072 3303 4128 Christo
3327 4073 3499 4128 dedu-

1902 4186 2023 4225 cere
2036 4169 2390 4238 disciplinam.
2412 4167 2700 4221 llabuerint
2728 4166 2948 4237 pristina
2979 4175 3217 4235 tempora
3236 4166 3304 4235 (e)
3325 4167 3500 4222 omnis

1905 4262 2269 4333 impudicitia,
2299 4263 2341 4317 si
2400 4261 2585 4314 voluttt
2638 4259 2900 4331 Psycbici,
2956 4260 3115 4315 etiam
3151 4267 3496 4328 potestatem;

1903 4357 2087 4411 luserit
2112 4365 2235 4409 aute
2259 4353 2528 4408 Christum
2570 4367 2722 4415 caro,
2756 4352 2861 4405 imo
2894 4352 3111 4420 perierit
3139 4360 3425 4419 antequam
3462 4364 3493 4404 a

1906 4449 2129 4504 Domino
2173 4464 2268 4501 suo
2314 4445 2563 4515 requisita
2594 4454 2709 4506 est;
2742 4443 2975 4498 nondum
3009 4454 3123 4497 erat
3152 4445 3309 4514 digna
3356 4442 3499 4499 dono

1901 4544 2116 4605 salutis,
2149 4540 2380 4594 nondum
2427 4547 2543 4604 apta
2598 4536 2777 4591 oflicio
2828 4537 3143 4590 sanctitatis.
3204 4535 3396 4591 Adhuc
3445 4537 3498 4589 in

1905 4638 2068 4691 Atiam
2135 4632 2488 4704 tleputabatur
2544 4646 2663 4683 cum
2723 4643 2820 4683 suo
2885 4628 3056 4693 vitio,
3124 4627 3278 4682 facile
3344 4627 3487 4696 quod

194 4712 376 4782 (Psnt.
411 4715 607 4785 XVIII,
637 4719 671 4774 8
694 4732 739 4775 et
760 4722 916 4793 ειη).
944 4721 1033 4778 Sic
1062 4736 1114 4778 et
1141 4727 1423 4797 Apostolus
1455 4750 1465 4781 :
1507 4727 1682 4800 Itaque
1709 4732 1790 4785 lea:

1903 4730 2194 4797 speciosum
2274 4725 2472 4778 viderat
2556 4723 2969 4791 concupiscens,
3026 4731 3074 4775 et
3144 4720 3209 4774 ad
3284 4720 3499 4774 ittIerio-

192 4807 403 4876 quidem
430 4820 607 4865 sancta
635 4822 726 4879 est,
761 4823 805 4867 et
836 4827 1143 4886 prteceptum
1183 4830 1409 4873 sanctum
1436 4834 1481 4875 et
1509 4823 1789 4892 Optimum;

1897 4839 1953 4879 ra
2008 4820 2332 4890 reSpicieus,
2401 4825 2455 4871 et
2518 4814 2586 4870 de
2650 4814 2889 4870 ficulneis
2956 4811 3095 4868 foliis
3172 4813 3499 4883 pruriginem

1421 4958 1806 5017 LECTIONES
1843 4956 2258 5016 VARIANTES.

260 5088 337 5153 (1)
370 5089 545 5154 Aliqua
564 5093 705 5144 Pam.
728 5092 880 5147 Rhea.
903 5094 1098 5147 Obertlt.

1962 5094 2035 5162 (2)
2069 5095 2187 5147 Cum
2210 5106 2353 5145 causa
2380 5093 2486 5154 ejus
2508 5091 2714 5143 mtechia
2740 5089 2889 5143 Rhen.
2916 5094 3058 5143 Pam.
3082 5090 3281 5145 Obertlt.
3303 5093 3441 5156 Lt'op.

1596 5208 2147 5267 COMMENTARIUS.

276 5315 673 5394 (a)___Qu_id‘agis
698 5321 996 5376 mollissima
1040 5326 1083 5376 et
1105 5324 1468 5379 humanissima
1495 5324 1785 5394 disciplina.

188 5387 295 5451 Sic‘
312 5387 435 5465 alibi
456 5387 607 5458 dicit,
630 5392 905 5465 laxissimte
948 5394 1235 5465 disciplina:
1256 5411 1531 5465 "Campum.
1559 5387 1782 5450 Ut'eon-

191 5459 363 5520 trario
411 5476 569 5517 sensu
619 5463 944 5535 Augustinus
992 5459 1089 5518 lib:
1127 5467 1191 5519 de
1246 5459 1461 5520 Fide’et
1502 5466 1783 5535 operibus:

189 5537 476 5602 Antiquam
497 5544 542 5587 et
566 5534 827 5588 robustum
853 5552 1059 5590 morem.
1095 5536 1194 5593 litt:

265 5601 348 5679 (b)
376 5601 708 5679 Idololatram
734 5608 937 5679 quidem
955 5617 1005 5661 et
1024 5607 1330 5663 homicidam
1348 5608 1502 5663 semel
1539 5608 1777 5662 damnas.

186 5673 471 5751 Ipse'ittfra
505 5694 517 5729 :
545 5673 723 5751 Neque
745 5673 1072 5751 idololatria;
1088 5697 1253 5751 neque
1288 5680 1523 5751 sanguini
1572 5695 1677 5747 pax
1719 5679 1782 5732 ab

241 5748 440 5803 cclcsiis
478 5747 724 5802 redditur.
771 5749 892 5806 Bto.
934 5780 1005 5790 —
1035 5750 1131 5805 llic
1171 5747 1537 5808 calumniatur
1590 5762 1777 5805 auctor

182 5818 241 5875 in
268 5818 626 5890 ortltndosos,
657 5828 903 5890 tanquam
935 5821 980 5875 si
1014 5822 1366 5877 itlololatriatn
1389 5834 1435 5875 et
1454 5821 1770 5876 homicidam

181 5891 254 5947 ad
281 5888 642 5959 ptenitemiam
670 5888 776 5945 non
794 5891 1155 5947 admitterent.
1192 5892 1323 5948 Pint.

260 5960 416 6017 CAP.
464 5959 552 6016 VI.
578 5991 649 6003 —
674 5962 745 6032 (e)
781 5960 1037 6032 Populum
1090 5966 1257 6035 ipsum
1280 5966 1462 6020 totiens
1485 5980 1647 6031 reum,
1669 5973 1776 6024 etc.

1894 5322 2026 5380 Utut
2065 5321 2282 5377 eludere
2304 5321 2502 5375 nitatur
2522 5328 2737 5385 auctor,
2768 5328 2913 5375 certe
2943 5329 2995 5373 et
3016 5319 3097 5373 his
3118 5319 3246 5390 ipsis
3273 5328 3492 5375 utuntur

1894 5395 1953 5449 Β.
1995 5394 2310 5473 Cyprianus,
2348 5392 2404 5446 Β.
2440 5391 2699 5473 Paciauus
2742 5403 2795 5445 et
2825 5390 2867 5445 Β
2917 5391 3179 5473 Hirrum...
3217 5390 3292 5444 ttti
3322 5391 3493 5473 paeni-

1891 5462 2112 5521 tentiam
2155 5464 2394 5517 omnium
2443 5472 2785 5530 peccatorum
2835 5462 3176 5532 quantumvis
3245 5463 3490 5528 gravium

1887 5540 2208 5592 conlirment
2238 5535 2495 5588 adversus
2537 5533 2890 5596 Novatiauos;
2919 5544 2970 5586 et
3004 5534 3117 5603 ipse
3136 5537 3333 5587 Auctor
3363 5547 3494 5603 quo-

1885 5623 1987 5676 que
2015 5606 2280 5677 exctnplis
2308 5604 2491 5677 Achab
2523 5615 2577 5657 et
2618 5605 2778 5658 David
2798 5645 2812 5667 ,
2839 5604 2930 5659 lib.
2972 5603 3011 5658 V
3044 5606 3283 5659 adversus
3344 5603 3491 5657 Mur-

1884 5681 2101 5760 cion_em_.
2132 5694 2252 5748 cap.
2298 5678 2387 5731 II.
2426 5676 2599 5760 .PtutL
2635 5748 2666 5758 η
2732 5747 2747 5760 ⁸
2830 5747 2839 5757 .
2885 5745 2914 5760 __
3018 5746 3065 5760 H
3400 5758 3407 5760 ‘
3453 5748 3482 5760 Δ.

1952 5750 2031 5824 (d)
2065 5745 2435 5824 Represenuni
2476 5748 2683 5824 judicii.
2721 5745 2988 5824 accipitur
3017 5746 3100 5799 hic
3137 5748 3482 5817 reprtcseittati

1882 5816 1978 5891 pro
2007 5816 2664 5893 adprmsentinmadducti.
2721 5816 2857 5873 I’Au'
3053 5887 3132 5893 __
3194 5816 3201 5817 ί
3268 5887 3310 5893 ,η

1949 5892 2021 5963 (e)
2069 5890 2352 5963 llabuerint
2381 5890 2871 5963 pristina_tempora,
2901 5897 3005 5944 etc.
3052 5887 3223 5944 Etiam
3266 5887 3354 5943 hic
3381 5905 3473 5944 0r-

1883 5961 2147 6021 th0doxns
2173 5961 2541 6020 calomniatur.
2588 5961 2699 6015 Plut
