4220 6492
201 419 308 484 993

1494 420 1692 477 LIBER
1732 419 1820 477 DE
1853 417 2211 476 PUDICITIA.

3395 421 3500 478 994

201 552 312 596 tem
357 556 420 594 ex
466 539 798 609 paenitentia,
853 551 1011 607 quam
1069 537 1277 592 illorum
1328 551 1390 591 ex
1430 536 1654 606 justitia.
1700 539 1805 590 Aut
1832 534 1880 595 Α
1923 543 2190 588 mortuum
2221 532 2399 587 statim
2421 531 2654 587 admisso
2686 533 3225 602 pronttntiavit?Quo
3253 548 3344 590 ore
3369 551 3503 590 mor-

204 632 462 703 numquid
493 647 600 686 non
628 630 753 701 justi
776 629 966 695 Judaei,
997 639 1051 683 et
1084 629 1278 698 quibus
1333 628 1639 696 ναςιιίιοιιιίο
1671 641 1804 697 opus

205 741 313 778 non
346 733 510 788 esset,
545 723 802 777 habentes
822 721 1177 792 gubernacula
1209 721 1502 790 disciplina:
1526 731 1578 776 et
1599 720 1806 775 timoris

206 817 563 871 instrumenta
605 814 801 886 Legem
824 823 878 868 et
907 814 1240 883 I’t‘Opltetas?
1282 813 1462 868 Posuit
1496 813 1649 883 igitur
1687 813 1807 868 illos

205 912 260 964 in
294 910 564 980 parabola,
605 921 658 964 ct
703 909 745 963 si
777 924 878 963 non
908 909 1091 978 quales
1134 917 1304 971 erant,
1357 907 1450 961 sed
1478 909 1663 977 quales
1687 920 1808 960 esse

203 1001 527 1069 debuerant,
557 1017 662 1071 quo
693 1002 860 1070 magis
882 999 1336 1061 sull‘umlerentur,
1365 999 1482 1052 aliis
1504 1009 1554 1053 et
1579 1016 1683 1052 non
1707 999 1806 1052 sibi

207 1097 580 1168 paenitentiam
644 1096 926 1149 audientes
1007 1093 1384 1149 necessariam.
1459 1091 1686 1147 Proinde
1757 1092 1806 1146 in

205 1190 480 1244 dtaehune
524 1189 771 1259 parabola
801 1186 883 1258 (I)
905 1231 919 1251 ,
955 1197 1010 1242 ut
1050 1203 1114 1242 ex
1145 1187 1331 1242 eadem
1365 1187 1582 1240 materia
1617 1201 1810 1256 provo-

205 1293 350 1348 cata,
384 1297 533 1352 atque
569 1281 842 1337 etltnicum
882 1280 1188 1335 drachmam
1243 1278 1323 1349 (ἢ)
1370 1280 1807 1346 interpretamur;

205 1375 309 1429 etsi
344 1374 395 1428 in
428 1373 588 1427 domo
618 1373 893 1436 amissam,
915 1372 1072 1442 quasi
1105 1371 1157 1424 in
1188 1370 1423 1425 Ecclesia
1451 1385 1464 1434 ;
1499 1370 1596 1423 etsi
1628 1370 1692 1424 ad
1727 1370 1809 1422 lu-

204 1467 580 1522 cernzelumen
612 1475 897 1535 repertam,
939 1465 1088 1534 quasi
1119 1463 1183 1516 ad
1219 1463 1309 1517 Dei
1339 1461 1580 1516 verbum.
1617 1463 1812 1530 Atquin

208 1568 354 1612 totus
385 1557 469 1612 hic
503 1557 731 1611 mundus
761 1573 860 1610 una
892 1557 1130 1611 omnium
1155 1555 1344 1610 domus
1367 1566 1469 1618 est,
1492 1555 1542 1607 in
1570 1569 1676 1620 quo
1705 1568 1814 1606 nia-

203 1650 290 1721 gis
311 1651 365 1705 in
393 1651 608 1705 ethnico
630 1651 796 1719 gratia
823 1649 915 1704 Dei
942 1649 1160 1713 inlucet,
1193 1651 1282 1719 qui
1313 1651 1363 1702 in
1398 1648 1630 1702 tenebris
1661 1648 1812 1701 inve-

205 1743 374 1806 nitur,
404 1759 561 1813 quam
599 1742 917 1809 christiano,
943 1742 1033 1813 qui
1077 1741 1186 1811 jam
1219 1743 1269 1795 in
1302 1741 1394 1796 Dei
1426 1742 1543 1796 luce
1571 1751 1674 1796 est.
1710 1742 1812 1793 Ile-

205 1839 390 1907 nique,
414 1847 468 1892 et
493 1840 576 1892 ovi
611 1848 663 1893 et
685 1837 953 1892 draclnn:e
982 1854 1116 1892 unus
1139 1853 1289 1892 error
1311 1836 1649 1890 adscribitur.
1682 1835 1812 1888 Nam

1916 636 2068 680 tuum
2107 626 2358 681 restitues
2390 627 2440 680 in
2471 641 2682 697 gregem
2720 642 2784 682 ex
2823 626 3087 696 parabolae
3131 629 3246 697 ejus
3272 629 3502 683 auctori-

1921 727 2050 784 tate,
2089 735 2207 789 qtae
2241 735 2346 774 non
2392 729 2657 772 mortuum
2688 734 2848 787 pecus
2885 720 3138 774 revorat?
3165 721 3420 789 Denique,
3457 722 3502 778 si

1919 810 2204 864 meministi
2252 809 2670 880 prophetarum,
2711 827 2832 864 eum
2864 821 3101 881 pastores
3143 812 3501 883 increpantur,

1919 912 2048 970 puto
2071 902 2365 957 Ezechielis
2390 913 2470 957 est
2500 918 2600 957 vox
2641 919 2656 958 ε
2697 902 2956 969 Pastores,
3003 921 3114 959 ecce
3149 905 3227 959 lac
3259 907 3508 962 devoratis

1921 1005 1965 1049 et
1994 996 2125 1049 lanis
2156 996 2436 1057 eestimiui;
2467 995 2601 1065 quod
2630 999 2758 1066 forte
2778 1007 2867 1060 cst,
2899 997 3183 1062 occidistis;
3204 999 3338 1069 quod
3363 999 3508 1066 iit/ir-

1914 1104 2062 1142 mum
2097 1099 2189 1151 est,
2215 1105 2312 1142 uou
2342 1089 2554 1142 curastis
2574 1104 2592 1152 ,'
2614 1090 2749 1159 quod
2784 1092 3143 1144 comminutum
3171 1103 3262 1156 est,
3306 1110 3403 1146 uou
3449 1095 3512 1146 li-

1918 1181 2108 1250 gastis;
2134 1180 2269 1250 quod
2289 1181 2557 1249 expulsum
2580 1192 2671 1245 est,
2697 1199 2794 1234 non
2813 1184 3157 1246 courertistis;
3187 1185 3321 1252 quod
3342 1186 3509 1253 periit,

1917 1290 2014 1327 non
2045 1275 2320 1339 requisislis
2347 1274 2584 1341 (Ezecln,
2616 1273 2853 1340 XXXIV,
2888 1275 2942 1339 2,
2977 1277 3052 1345 5).
3087 1277 3347 1348 Numquid
3369 1288 3419 1332 ct
3444 1279 3512 1335 dc

1919 1378 2130 1422 mortuo
2155 1368 2463 1436 exprobrat,
2491 1368 2631 1438 quod
2682 1384 2786 1423 non
2819 1381 2870 1423 et
2897 1369 3022 1424 illud
3056 1371 3106 1424 in
3129 1387 3340 1441 gregem
3388 1374 3514 1426 reli-

1916 1477 2036 1516 cerc
2049 1463 2375 1516 curaverint?
2390 1463 2551 1518 Plane
2568 1463 2755 1533 ingerit
2775 1464 2912 1531 quod
2931 1464 3102 1532 perire.
3119 1479 3245 1520 oves
3260 1464 3474 1519 fecerint
3495 1508 3506 1534 ,

1921 1563 1971 1606 et
1992 1568 2018 1604 a
2045 1553 2230 1608 bestiis
2269 1555 2380 1624 agri
2408 1549 2636 1609 comedi.
2670 1554 2851 1625 Neque
2883 1567 3101 1625 possunt
3133 1574 3228 1612 nec
3259 1560 3434 1626 perire
3462 1561 3514 1614 in

1920 1657 2169 1708 mortem,
2185 1660 2282 1699 nec
2299 1644 2529 1712 comedi,
2547 1645 2589 1698 si
2621 1646 3004 1715 relinquantur,
3023 1658 3077 1700 ut
3095 1663 3198 1702 non
3217 1649 3438 1717 pertlitze
3461 1649 3513 1704 in

1919 1748 2144 1791 mortem
2163 1747 2478 1794 ctcomesta'
2495 1740 3010 1794 restituantur.Juxta
3027 1741 3291 1797 drachmm
3306 1757 3517 1814 quoque

1919 1828 2248 1897 exemplum;
2266 1829 2424 1882 etiam
2442 1830 2574 1882 intra
2589 1829 2806 1883 domum
2831 1830 2920 1884 Dei
2941 1832 3377 1899 Ecclesiannlicet
3397 1851 3468 1889 est
3485 1849 3518 1890 ο

201 1937 250 1986 si
281 1933 390 2000 jam
420 1934 472 1986 in
508 1933 861 1989 christianum
895 1941 1230 2001 peceatorem
1255 1930 1670 1998 dcﬁugerentur,
1698 1937 1814 1996 post
1845 1931 1891 1990 Β
1919 1920 2092 1989 aliqua
2125 1921 2314 1974 delicta
2347 1937 2442 1989 pro
2471 1922 2636 1990 ipsius
2668 1922 2936 1977 draclmue
2965 1925 3178 1978 modulo
3199 1941 3260 1980 ac
3284 1927 3519 1996 pondere

204 2027 369 2082 ﬁdem
398 2028 657 2097 perditam
706 2039 755 2081 et
792 2029 975 2082 iterata
1005 2027 1226 2080 amiSsio
1251 2041 1438 2080 eorum
1469 2037 1521 2079 et.
1554 2024 1818 2078 restitutio

203 2130 502 2175 notaretur.
560 2121 818 2175 lteeedam
859 2135 999 2173 nunc
1051 2119 1326 2188 paulisper
1368 2118 1433 2171 de
1488 2117 1650 2185 gradu
1693 2117 1814 2181 isto,

203 2229 313 2280 quo
344 2213 511 2282 magis
557 2229 678 2267 cum
707 2213 867 2266 etiam
897 2210 1210 2266 decedendo
1253 2194 1647 2273 connnendem,
1695 2223 1816 2261 cum

204 2307 287 2361 sic
314 2322 531 2376 quoque
559 2307 835 2361 ohduxcro
864 2306 1092 2361 diversw
1119 2307 1287 2375 partis
1315 2304 1816 2375 praesumptionem.

201 2399 446 2454 Condico
512 2399 860 2453 christianum
913 2399 1024 2467 jam
1073 2407 1406 2467 peccatoretn
1459 2396 1509 2448 in
1569 2394 1817 2463 parabola

205 2502 437 2560 utraque
466 2490 735 2559 portendi,
774 2506 878 2542 non
910 2499 1084 2543 tamen
1115 2488 1236 2543 ideo
1265 2504 1387 2543 eum
1417 2486 1814 2550 aiﬁrmandnnt,

203 2585 294 2655 qui
317 2583 385 2637 de
433 2584 666 2638 facinore
716 2582 960 2638 mmchite
987 2580 1042 2636 et
1082 2579 1452 2635 fornicationis
1490 2578 1696 2632 restitui
1724 2592 1818 2645 per

205 2674 576 2744 imziitentiam
622 2675 804 2742 possit.
839 2673 991 2728 Licet
1017 2674 1159 2727 enim
1191 2671 1411 2741 periisse
1441 2669 1668 2731 dicatur,
1718 2668 1820 2723 erit

203 2778 260 2822 et
285 2768 352 2822 de
381 2766 697 2838 perditionis
721 2782 916 2836 genere
941 2775 1271 2827 retractare;
1306 2764 1429 2832 quia
1468 2772 1522 2817 ct
1557 2764 1672 2816 ovis
1712 2780 1816 2816 non

205 2859 524 2923 moriendo,
555 2859 646 2913 sed
677 2859 912 2914 errando
934 2901 948 2924 ,
974 2866 1027 2913 et
1055 2857 1308 2912 drachma
1344 2872 1447 2909 non
1476 2854 1814 2917 intereundo,

205 2952 303 3007 sed
337 2950 591 3006 latitando
634 2952 926 3020 perierunt.
977 2949 1072 3013 Ita,
1130 2949 1253 3002 licet
1294 2948 1394 3002 dici
1429 2947 1631 3016 perisse
1674 2947 1815 3015 quod

205 3045 418 3099 salvum
456 3054 555 3099 est.
593 3043 738 3098 Perit
773 3044 933 3113 igitur
958 3051 1011 3097 et
1041 3041 1212 3096 lidelis
1237 3041 1451 3109 elapsus
1478 3039 1553 3112 (α)
1581 3040 1632 3093 in
1663 3054 1819 3108 Spec~

209 3135 785 3205 taenlumquadrigarii
815 3134 1033 3197 luroris,
1081 3142 1133 3187 et
1168 3131 1465 3201 gladiatorii
1509 3131 1738 3197 eruoris,
1763 3139 1820 3184 ct.

207 3229 441 3284 scenica:
473 3227 746 3292 foeditatis,
778 3237 832 3284 et
880 3226 1100 3298 xysticae
1149 3225 1418 3284 vanitatis.
1469 3226 1519 3277 in
1553 3224 1700 3277 lusus
1722 3265 1736 3286 ,
1763 3223 1814 3276 in

206 3324 454 3379 convivia
492 3321 766 3377 StCCtllal'lS
801 3320 1177 3384 solemttitatis,
1227 3318 1278 3372 in
1332 3316 1587 3380 ofﬁcium,
1619 3318 1668 3370 in
1723 3317 1819 3371 tni-
1846 3318 1891 3379 C

209 3417 490 3473 nisterium
538 3416 728 3469 aliena:
772 3413 1086 3467 idololatriae
1133 3410 1338 3479 aliquas
1387 3417 1531 3462 artes
1573 3408 1816 3462 adhibuit

208 3508 572 3571 curiositatis;
608 3507 658 3560 in
704 3504 927 3559 verbum
959 3503 1208 3571 ancipitis
1262 3501 1558 3571 negationis
1598 3499 1677 3570 (3)
1724 3509 1817 3554 aut

209 3601 558 3671 blasphemiae
581 3599 819 3669 impegit,
847 3598 917 3652 ob
949 3599 1056 3652 tale
1082 3596 1210 3667 quid
1233 3607 1381 3650 extra
1413 3610 1630 3665 gregem
1654 3594 1809 3648 datus

210 3704 317 3758 est,
348 3693 429 3747 vel
460 3701 517 3745 et
557 3693 670 3761 ipse
711 3692 845 3744 forte
894 3691 990 3754 ira,
1027 3701 1254 3752 tumore,
1289 3688 1648 3751 :emulatione,
1675 3685 1816 3756 quod

211 3786 446 3856 denique
468 3800 610 3854 sa'pe
655 3786 730 3846 lit,
758 3781 1137 3850 dedignatioue
1174 3779 1538 3848 castigationis
1581 3777 1815 3846 abrupit,

210 3879 375 3934 debet
396 3877 593 3948 requiri
625 3885 785 3944 atque
807 3872 1068 3928 revocari.
1093 3870 1247 3936 Quod
1277 3881 1453 3939 potest
1483 3871 1809 3940 recuperari,

213 3985 324 4026 non
350 3971 542 4038 aperit,
573 3967 673 4022 nisi
720 3964 801 4038 (I)
860 3964 985 4019 l'oris
1018 3963 1460 4034 perseveraverit.
1489 3963 1633 4018 Bene
1656 3964 1816 4018 inter-

215 4063 518 4136 pretaberis
548 4060 874 4130 parabolam,
918 4058 1184 4113 viventem
1207 4055 1383 4111 adhuc
1409 4071 1666 4111 revocans
1692 4071 1814 4126 pec-

209 4167 482 4214 catorum.
513 4152 779 4209 Moechum
828 4165 958 4207 vero
1004 4159 1058 4206 et
1114 4149 1522 4214 l'ornicatorem,
1556 4151 1674 4218 quis
1705 4165 1811 4203 non

1930 2013 2238 2076 mediocria,
2260 2029 2380 2083 qua:
2402 2014 2970 2069 ibidemdelitescentia
2999 2032 3118 2070 mox
3144 2016 3334 2072 ibidem
3363 2030 3410 2071 et
3433 2035 3517 2073 rc-

1929 2115 2098 2174 perta.
2133 2106 2309 2158 statim
2337 2106 2532 2159 ibidem
2556 2122 2674 2160 cum
2699 2106 2890 2177 gaudio
2921 2108 3309 2163 emendationis
3343 2122 3518 2166 trans-

1925 2197 2151 2266 igautur.
2185 2196 2428 2251 Mmcltiae
2479 2213 2612 2251 vero
2635 2207 2688 2252 et
2713 2198 3078 2254 fornicationis
3103 2217 3205 2254 non
3240 2201 3513 2268 drachma,

1925 2287 2016 2342 sed
2058 2287 2311 2341 talentum
2355 2288 2451 2358 (lt).
2495 2289 2683 2357 quibus
2730 2290 3093 2358 exquirendis,
3145 2306 3248 2346 non
3285 2293 3520 2351 lucerna:

1925 2380 2112 2448 spiculi
2143 2381 2348 2436 lumine
2380 2382 2485 2451 (5),
2505 2381 2599 2436 sed
2632 2383 2703 2451 (c)
2728 2383 2888 2438 totius
2915 2384 3044 2440 solis
3066 2385 3246 2441 lancea
3275 2387 3356 2459 (6)
3384 2405 3520 2458 opus

1923 2482 2024 2526 est.
2054 2473 2221 2528 Simul
2253 2474 2517 2542 apparuit,
2542 2474 2718 2528 statim
2751 2475 2908 2529 homo
2931 2475 2998 2531 de
3022 2477 3256 2533 Ecclesia
3296 2481 3520 2550 expelli-

1925 2576 2032 2632 tur,
2062 2581 2159 2620 ncc
2188 2566 2294 2621 illic
2324 2577 2532 2634 manet,
2568 2583 2664 2622 nec
2707 2571 2956 2638 gaudium
2987 2571 3195 2627 confert
3243 2575 3519 2644 repertriei

1927 2659 2200 2726 ECCICaIIP,
2231 2661 2323 2716 sed
2356 2661 2587 2727 luctttm;
2631 2677 2728 2717 nec
2755 2664 3269 2732 congratulationem
3300 2668 3522 2723 advocat

1925 2757 2238 2821 vicinarum,
2274 2755 2366 2811 sed
2393 2759 2851 2813 contristationcm
2879 2762 3238 2830 proximarum
3267 2763 3518 2817 fraterni-

1927 2858 2114 2904 tatum.
2143 2850 2442 2904 Connuissa
2491 2851 2666 2921 itaque
2697 2853 2854 2907 etiam
2889 2853 2986 2909 hac
3035 2865 3213 2910 nostra
3245 2873 3364 2911 cum
3397 2858 3520 2912 illo-

1926 2957 2041 2995 rum
2097 2943 2556 3011 interpretatione,
2591 2959 2656 2998 eo
2685 2945 2850 3015 magis
2895 2946 2944 2999 in
2984 2947 3254 3002 cthnieum
3309 2960 3521 3018 speeta-

1926 3039 2054 3093 lmnt
2099 3048 2154 3093 et
2195 3041 2309 3094 ovis
2349 3051 2397 3094 et
2449 3039 2722 3096 drachma!
2754 3054 3084 3111 argumenta,
3115 3053 3312 3112 quanto
3341 3062 3437 3100 nec
3470 3047 3520 3102 in

1925 3136 2040 3198 ejus
2059 3132 2238 3186 delicti
2279 3132 2630 3187 christianunt
2665 3145 2971 3204 competere
3009 3146 3249 3205 posmnt,
3302 3150 3520 3209 propter

1924 3229 2064 3298 quod
2093 3229 2143 3282 in
2170 3226 2520 3283 christianum
2549 3227 2615 3282 de
2641 3228 2848 3284 diversa
2881 3238 3028 3296 parte
3050 3240 3330 3301 coguntur.

2526 3317 2752 3372 CAPUT
2787 3317 2913 3371 VIII.

1994 3409 2097 3464 Sed
2126 3409 2266 3463 enim
2303 3409 2586 3477 plerosque
2618 3411 2938 3480 interpretes
2967 3411 3336 3482 parabolarum
3380 3417 3520 3473 idem

1919 3501 2095 3556 exitus
2126 3500 2342 3569 decipit,
2375 3515 2534 3570 quem
2565 3498 2642 3571 (ιι)
2687 3501 2737 3554 in
2785 3501 3021 3556 vestibus
3049 3520 3278 3574 purpura
3302 3505 3520 3562 oculati-

1921 3591 2002 3646 dis
2020 3592 2314 3660 smpiSsime
2341 3592 2558 3646 evenire
2601 3600 2713 3657 est;
2748 3608 2867 3647 cum
2902 3597 3168 3664 putaveris
3220 3609 3364 3653 recte
3394 3615 3524 3655 con-

1923 3685 2136 3738 ciliasse
2185 3693 2604 3752 tentperamenta
2645 3686 2904 3750 colorum,
2937 3695 2992 3741 ct
3044 3688 3336 3744 credideris
3378 3707 3524 3747 cont-

1927 3779 2227 3847 parationes
2259 3792 2442 3831 eorum
2475 3777 2612 3830 inter
2628 3792 2686 3831 se
2706 3779 2973 3835 animasse
3015 3782 3128 3853 (7),
3166 3784 3374 3838 erudito
3400 3802 3524 3842 mox

1926 3882 2151 3942 utroque
2205 3885 2449 3940 corpore,
2506 3879 2558 3925 et
2607 3870 2895 3926 luminibus
2947 3880 3235 3944 exlircssis,
3282 3891 3521 3936 errOrent

1921 3981 2132 4019 omnem
2159 3963 2396 4018 traducta
2425 3963 2705 4018 diversitas
2746 3975 2958 4020 evomct
2987 3966 3075 4037 (ι’).
3118 3967 3315 4024 Eadem
3349 3972 3525 4041 itaque

1925 4057 2153 4127 caligine
2199 4056 2340 4110 circa
2395 4056 2626 4110 liliorum
2669 4072 2879 4127 quoque
2928 4058 3152 4113 duorum
3187 4060 3272 4131 (f)
3303 4066 3524 4131 parabo-

1923 4150 2025 4202 lam
2090 4149 2239 4220 (Luc.
2270 4147 2382 4212 XV,
2434 4147 2492 4203 ll
2528 4158 2572 4201 ct
2598 4150 2789 4220 seqq.),
2825 4151 3140 4220 quibusdam
3185 4153 3250 4209 ad
3291 4171 3525 4226 praesens

1464 4241 1853 4298 LECTIONES
1905 4241 2317 4296 VAIKIANTES.

278 4321 352 4383 (l)
389 4316 672 4384 Parabolam
699 4313 846 4384 Men.
876 4313 1071 4384 Obertlt.
1096 4311 1246 4384 abest.
1291 4371 1319 4384 Α,
1846 4314 1900 4372 ί)
1994 4313 2069 4384 ta)
2099 4309 2460 4384 _Lumine_tlelet
2492 4313 2594 4362 Lat.

301 4371 352 4450 ᾖ
387 4382 678 4450 prachtnatn
702 4379 833 4450 abest
852 4391 882 4425 (ι
910 4376 1056 4426 nheri.
1083 4381 1128 4424 et
1156 4371 1348 4425 Oberth.
1848 4371 1872 4372 ί
2098 4374 2288 4450 Ιίτιιιευο
2312 4375 2456 4450 Iliun.

301 4437 351 4503 5)
387 4442 895 4505 ὶῖεεςιιικιιὶουὶδᾳιᾳι.Δ
996 4498 1005 4505 _
1090 4502 1124 4505 __

2002 4439 2068 4500 (7)
2104 4439 2304 4486 Amasse
2330 4437 2482 4486 Fran.

279 4498 355 4572 (ι)
391 4498 496 4556 Νοῆ
525 4504 725 4568 poterit,
750 4504 790 4552 si
807 4502 928 4551 foris
951 4498 1052 4564 Rig.
1083 4502 1205 4550 Par.
2051 4498 2060 4500 “

1584 4561 2121 4620 COMMENTARIUS

211 4677 341 4720 cum
371 4674 522 4715 usuin
553 4666 608 4712 et
636 4658 796 4711 ritum
827 4655 1146 4726 signiﬁcant.
1176 4654 1327 4721 Quod
1353 4653 1494 4709 enim
1536 4653 1687 4708 allcrl
1721 4655 1817 4708 [δει-

213 4734 413 4789 tnelius
437 4731 502 4786 de
528 4728 782 4784 calicibus
813 4746 828 4776 \
846 4729 1012 4784 itreis.
1035 4727 1293 4790 stanneis,
1317 4727 1514 4789 aureis,
1546 4729 1817 4795 argenteis

213 4820 285 4861 ex
317 4803 542 4858 decretis
568 4800 908 4864 Pontiﬁcum,
937 4797 1002 4852 ad
1026 4797 1168 4853 hunc
1195 4798 1368 4850 locum
1399 4795 1618 4850 minime
1651 4799 1820 4867 pet-ti-

215 4891 353 4932 ltcrc
384 4874 650 4928 existimo.
680 4871 756 4924 ιε
789 4871 886 4924 Pa.

295 4945 373 5016 (a)
411 4943 471 4997 lu
500 4940 997 5016 spectaculuttt,etc.
1053 4939 1126 5016 De
1156 4949 1382 5016 quatuor
1409 4937 1490 5016 his
1533 4942 1818 5016 generibus

215 5009 658 5087 Spectaculorum
677 5012 796 5087 vide
827 5012 890 5087 ad
916 5011 1007 5064 lib.
1031 5011 1109 5087 de
1135 5015 1379 5087 Spectac.
1415 5009 1488 5087 De
1509 5010 1698 5087 artibus
1728 5027 1816 5087 cu-

216 5081 466 5142 riositatis
501 5087 552 5137 iu
592 5085 927 5136 ministerium
988 5081 1171 5134 aliena:
1214 5081 1550 5136 idololatriw:
1608 5083 1699 5134 lth.
1753 5081 1820 5135 de

220 5157 444 5214 ldolol..
472 5171 522 5209 (ε.
545 5155 599 5216 4,
635 5156 687 5218 5,
723 5155 777 5219 ϐ,
809 5155 862 5218 7,
892 5152 924 5207 8
948 5161 1002 5206 ct
1031 5154 1086 5216 9,
1115 5152 1178 5205 de
1200 5151 1409 5220 ancipiti
1464 5153 1818 5220 negotiatione,

221 5229 424 5285 ibidem
447 5237 500 5280 et
523 5227 586 5279 de
616 5228 761 5279 ret-bo
807 5224 1155 5293 blasphemiw,
1185 5223 1388 5290 quando
1415 5224 1524 5282 quis
1546 5224 1690 5291 jurat
1733 5224 1823 5290 per

219 5302 386 5364 idola,
412 5314 530 5368 cap.
557 5297 628 5352 20
666 5313 729 5352 ac
756 5295 846 5351 ‘29.
876 5295 1062 5368 lllirum
1095 5303 1272 5368 autem
1297 5302 1444 5368 esset
1469 5293 1613 5368 quod
1638 5306 1825 5368 auctor
1859 5333 1870 5346 .

224 5364 569 5426 vehementia
624 5369 786 5422 animi
847 5366 1235 5436 blasphemiam
1294 5366 1432 5419 inter
1485 5364 1823 5418 remissibilia

221 5451 571 5515 proponeret.
611 5454 740 5515 euut
791 5437 922 5491 infra
968 5433 1087 5506 cap.
1128 5433 1179 5501 9,
1232 5445 1287 5491 et
1322 5436 1652 5515 rttrsuttt_l5,
1687 5435 1824 5489 inter

223 5505 591 5568 irreinissibilia
639 5509 894 5573 collucet;
957 5505 1123 5577 quare
1170 5505 1474 5562 necessario
1527 5506 1676 5568 illud,
1739 5515 1826 5559 aut

224 5583 595 5654 blasphemiae,
613 5580 1068 5654 prattermisimus.
1099 5579 1234 5632 Pu.

301 5647 383 5726 (ὃ)
416 5652 539 5708 Non
563 5647 827 5726 drachma.
868 5649 1260 5726 schtalentunt.
1294 5647 1532 5726 Etiamsi
1567 5649 1822 5726 talentum

224 5721 395 5788 esset,
425 5740 529 5779 non
557 5721 931 5776 animadvertit
962 5722 1164 5793 Auctor
1191 5721 1347 5793 aliam
1389 5721 1694 5793 parabolam
1744 5737 1826 5775 rc-

225 5800 309 5868 gis
361 5799 447 5865 qui
488 5796 699 5868 idimisit
762 5809 916 5848 servo
951 5810 1049 5846 suo
1098 5791 1288 5846 decein
1332 5791 1492 5844 millia
1543 5792 1821 5845 talentum.

225 5864 445 5938 (stanti.
487 5864 692 5933 xvnt).

307 5939 380 6010 (e)
418 5938 589 5994 Totius
610 5931 731 5992 sua
757 5936 951 5989 lancea.
982 5934 1167 5990 Badio.
1200 5933 1462 5990 Lanccam
1495 5931 1826 6001 tribuitsoli,

1929 4674 2084 4734 quam
2121 4668 2353 4725 opponat
2387 4656 2618 4711 lucerna:
2646 4660 2874 4727 spiculo,
2915 4665 3054 4731 quod
3089 4682 3116 4720 a
3142 4667 3284 4724 Julio
3313 4673 3527 4734 Polluce

1926 4730 2260 4814 dicituresse
2296 4739 2456 4814 exitio;
2485 4738 2842 4814 σηρατιωρκὸν.
2878 4730 2993 4789 lltc.
3049 4767 3116 4777 -—
3144 4742 3271 4806 Qua:
3303 4730 3528 4814 sequun-

1923 4811 2028 4878 tur,
2049 4801 2332 4866 pertinent,
2355 4813 2456 4851 non
2481 4805 2542 4878 ad
2561 4801 2880 4878 possitentes
2905 4801 3228 4878 peccatore-5,
3246 4817 3337 4867 sed
3354 4801 3417 4870 a'd
3433 4835 3526 4876 eos

1921 4875 2008 4940 qui
2042 4886 2144 4922 non
2178 4878 2338 4944 agunt
2370 4873 2773 4944 pmttitentiattt;
2812 4877 2909 4930 nisi
2953 4877 3087 4933 forte
3133 4873 3336 4939 dc'sua
3371 4873 3523 4944 Μοιιζ

1923 4945 2232 4994 tanistarutn
2268 4941 2512 5010 loquatur
2533 4942 2789 4997 Ecclesia.
2819 4946 2950 5002 Ptut.

1994 5010 2126 5090 Cap
2184 5010 2390 5090 _\.'1|Im-h——
2417 5011 2495 5090 (d)
2527 5011 2595 5090 Itt
2647 5017 2858 5090 uestibus
2898 5036 3125 5090 purpura
3146 5027 3425 5083 oculaudis.
3460 5030 3526 5084 Il-

1925 5082 2265 5164 IUtnittattdis.
2296 5084 2381 5162 Sic
2409 5088 2474 5136 de
2522 5086 2632 5138 sole
2665 5084 2864 5142 Plinius
2898 5082 2928 5143 ἐ
2975 5082 3072 5164 Hic
3119 5096 3312 5164 reliqua
3358 5082 3525 5155 sidera

1929 5155 2118 5228 oculut.
2167 5153 2602 5228 lfroprizeittttem
2638 5171 2881 5228 purpurae
2913 5162 3167 5226 splendor
3209 5153 3300 5222 seu
3353 5153 3524 5228 ﬁdem;

1927 5225 2106 5302 lumen
2152 5214 2362 5276 dicitur.
2417 5223 2610 5302 Fabius
2638 5214 2983 5302 'lustitiVIiI

1928 5297 2097 5349 clavus
2172 5311 2414 5362 purpura:
2426 5295 2552 5382 .loco
2577 5297 2796 5382 ittsertaz.
2810 5300 3064 5382 .lloratius
3083 5295 3167 5376 (ιΪε
3181 5308 3300 5362 Arte
3315 5295 3520 5382 Paeti);

2115 5364 2398 5426 Purpureus
2424 5364 2519 5413 late
2543 5369 2626 5429 qui
2648 5367 2904 5429 Splendeat
2929 5386 3054 5422 unus
3079 5364 3129 5426 et
3152 5377 3294 5430 alter.

1929 5436 2224 5522 Alrr-hiauus
2258 5429 2518 5521 Epictpl.
2545 5442 2578 5489 2
2600 5456 2616 5522 ς
2653 5431 2756 5506 ἐγὼ
2786 5445 2831 5495 δὲ
2859 5451 3069 5515 παρρὺρκ
3117 5449 3520 5522 animum“,

1928 5512 1981 5560 οτὸ
2013 5511 2168 5572 ελεγιν
2195 5512 2360 5570 3x259,
2394 5514 2472 5559 καὶ
2515 5515 2753 5574 actia-1w,
2794 5517 2873 5566 καὶ
2918 5511 3015 5578 ira};
3050 5524 3215 5580 ἄλλοις
3251 5511 3409 5578 ξιὶτιηί
3442 5511 3524 5584 τιδ-

1929 5582 2139 5647 conpari,
2169 5582 2413 5646 φαίνηᾋι
2455 5591 2532 5631 καὶ
2563 5583 2705 5631 καθά.

2003 5646 2075 5718 (ρ)
2098 5646 2334 5723 Εννονιήι
2350 5666 2546 5723 ῳηιιινηι
2565 5658 2793 5705 traducta
2817 5655 3078 5713 diversitas
3105 5676 3312 5718 evomat:
3327 5667 3524 5723 Osten-

1930 5719 2014 5774 det
2038 5719 2174 5799 male
2203 5720 2486 5775 conciliata
2512 5722 2674 5799 fuisse
2700 5725 2938 5780 colorum
2965 5719 3524 5799 temperamentaslsa-

1932 5792 2178 5865 nasAdieit
2215 5807 2464 5846 evomere
2491 5794 2697 5848 colores
2718 5799 2901 5865 quales
2923 5792 3201 5856 imbibere.
3233 5807 3354 5862 th.

2109 5862 2254 5952 .(girca
2274 5864 2492 5952 [diorum
2515 5881 2708 5952 quoque
2728 5861 2943 5952 deorum
2981 5861 3385 5952 paraboittmaln
3418 5897 3522 5952 qua

1931 5945 2082 5988 certe
2110 5941 2221 6002 ipse
2245 5947 2415 6005 potms
2435 5941 2627 5990 Auctor
2657 5954 2705 5989 tn
2737 5943 2954 6008 caligine
2977 5962 3006 5993 ιι
3029 5960 3140 6000 vero
3163 5948 3354 6005 lumine
3377 5941 3523 6008 exor—
