  <div class='ocr_page' id='page_1' title='image "/cluster/home/n/w/nwhite01/storage/ocr_20150623/2/hvd.32044015466741/550.png"; bbox 0 0 4220 6492; ppageno 0'>
   <div class='ocr_carea' id='block_1_1' title="bbox 178 419 279 474">
    <p class='ocr_par' dir='ltr' id='par_1_1' title="bbox 178 419 279 474">
     <span class='ocr_line' id='line_1_1' title="bbox 178 419 279 474; baseline -0.01 -1"><span class='ocrx_word' id='word_1_1' title='bbox 178 419 279 474; x_wconf 83' lang='lat'><strong>997</strong></span> 
     </span>
    </p>
   </div>
   <div class='ocr_carea' id='block_1_2' title="bbox 1443 412 2178 473">
    <p class='ocr_par' dir='ltr' id='par_1_2' title="bbox 1443 412 2178 473">
     <span class='ocr_line' id='line_1_2' title="bbox 1443 412 2178 473; baseline -0.004 0"><span class='ocrx_word' id='word_1_2' title='bbox 1443 415 1645 473; x_wconf 85' lang='lat' dir='ltr'><strong>LIBER</strong></span> <span class='ocrx_word' id='word_1_3' title='bbox 1687 412 1774 470; x_wconf 83' lang='lat' dir='ltr'><strong>DE</strong></span> <span class='ocrx_word' id='word_1_4' title='bbox 1813 412 2178 472; x_wconf 82' lang='lat' dir='ltr'><strong>PUDICI‘I’IA.</strong></span> 
     </span>
    </p>
   </div>
   <div class='ocr_carea' id='block_1_3' title="bbox 3370 416 3474 475">
    <p class='ocr_par' dir='ltr' id='par_1_3' title="bbox 3370 416 3474 475">
     <span class='ocr_line' id='line_1_3' title="bbox 3370 416 3474 475; baseline -0.01 0"><span class='ocrx_word' id='word_1_5' title='bbox 3370 416 3474 475; x_wconf 81' lang='lat'><strong>998</strong></span> 
     </span>
    </p>
   </div>
   <div class='ocr_carea' id='block_1_4' title="bbox 178 525 3466 602">
    <p class='ocr_par' dir='ltr' id='par_1_4' title="bbox 178 525 3466 602">
     <span class='ocr_line' id='line_1_4' title="bbox 178 525 3466 602; baseline 0.002 -20"><span class='ocrx_word' id='word_1_6' title='bbox 178 540 231 584; x_wconf 90' lang='lat' dir='ltr'><strong>et</strong></span> <span class='ocrx_word' id='word_1_7' title='bbox 260 544 379 598; x_wconf 82' lang='lat' dir='ltr'><strong>quae</strong></span> <span class='ocrx_word' id='word_1_8' title='bbox 412 528 516 582; x_wconf 84' lang='lat' dir='ltr'><strong>ilhc</strong></span> <span class='ocrx_word' id='word_1_9' title='bbox 541 542 720 595; x_wconf 62' lang='lat' dir='ltr'><strong>scopa;</strong></span> <span class='ocrx_word' id='word_1_10' title='bbox 747 530 762 598; x_wconf 90' lang='lat'><strong>(</strong></span> <span class='ocrx_word' id='word_1_11' title='bbox 792 526 926 581; x_wconf 79' lang='lat' dir='ltr'><strong>Ibid.</strong></span> <span class='ocrx_word' id='word_1_12' title='bbox 961 528 1055 599; x_wconf 85' lang='lat'><strong>8)?</strong></span> <span class='ocrx_word' id='word_1_13' title='bbox 1080 527 1308 584; x_wconf 81' lang='lat' dir='ltr'><strong>Necesse</strong></span> <span class='ocrx_word' id='word_1_14' title='bbox 1341 539 1473 593; x_wconf 92' lang='lat' dir='ltr'><strong>erat,</strong></span> <span class='ocrx_word' id='word_1_15' title='bbox 1503 529 1592 599; x_wconf 86' lang='lat' dir='ltr'><strong>qui</strong></span> <span class='ocrx_word' id='word_1_16' title='bbox 1625 527 1779 582; x_wconf 88' lang='lat' dir='ltr'><strong>unius</strong></span> <span class='ocrx_word' id='word_1_17' title='bbox 1804 527 1858 587; x_wconf 84' lang='lat' dir='ltr'><strong>A</strong></span> <span class='ocrx_word' id='word_1_18' title='bbox 1883 525 2114 597; x_wconf 79' lang='lat' dir='ltr'><strong>Spiritus</strong></span> <span class='ocrx_word' id='word_1_19' title='bbox 2131 527 2336 594; x_wconf 90' lang='lat' dir='ltr'><strong>Sancti,</strong></span> <span class='ocrx_word' id='word_1_20' title='bbox 2355 537 2411 584; x_wconf 91' lang='lat' dir='ltr'><strong>et</strong></span> <span class='ocrx_word' id='word_1_21' title='bbox 2439 529 2692 584; x_wconf 86' lang='lat' dir='ltr'><strong>annulum</strong></span> <span class='ocrx_word' id='word_1_22' title='bbox 2709 528 2884 585; x_wconf 89' lang='lat' dir='ltr'><strong>denuo</strong></span> <span class='ocrx_word' id='word_1_23' title='bbox 2897 529 3223 600; x_wconf 81' lang='lat' dir='ltr'><strong>signaculum</strong></span> <span class='ocrx_word' id='word_1_24' title='bbox 3250 533 3466 602; x_wconf 79' lang='lat' dir='ltr'><strong>lavacri,</strong></span> 
     </span>
    </p>
   </div>
   <div class='ocr_carea' id='block_1_5' title="bbox 181 620 1776 690">
    <p class='ocr_par' dir='ltr' id='par_1_5' title="bbox 181 620 1776 690">
     <span class='ocr_line' id='line_1_5' title="bbox 181 620 1776 690; baseline 0 -17"><span class='ocrx_word' id='word_1_25' title='bbox 181 622 486 690; x_wconf 71' lang='lat' dir='ltr'><strong>peccatoris</strong></span> <span class='ocrx_word' id='word_1_26' title='bbox 526 622 750 675; x_wconf 82' lang='lat' dir='ltr'><strong>salutem</strong></span> <span class='ocrx_word' id='word_1_27' title='bbox 801 621 1158 688; x_wconf 70' lang='lat' dir='ltr'><strong>gratissimam</strong></span> <span class='ocrx_word' id='word_1_28' title='bbox 1199 620 1308 675; x_wconf 90' lang='lat' dir='ltr'><strong>Deo</strong></span> <span class='ocrx_word' id='word_1_29' title='bbox 1350 620 1564 676; x_wconf 88' lang='lat' dir='ltr'><strong>volebat</strong></span> <span class='ocrx_word' id='word_1_30' title='bbox 1598 620 1776 689; x_wconf 79' lang='lat' dir='ltr'><strong>expri-</strong></span> 
     </span>
    </p>
   </div>
   <div class='ocr_carea' id='block_1_6' title="bbox 183 711 1778 783">
    <p class='ocr_par' dir='ltr' id='par_1_6' title="bbox 183 711 1778 783">
     <span class='ocr_line' id='line_1_6' title="bbox 183 711 1778 783; baseline -0.001 -18"><span class='ocrx_word' id='word_1_31' title='bbox 183 730 352 780; x_wconf 90' lang='lat' dir='ltr'><strong>mere,</strong></span> <span class='ocrx_word' id='word_1_32' title='bbox 376 713 603 783; x_wconf 84' lang='lat' dir='ltr'><strong>aliquam</strong></span> <span class='ocrx_word' id='word_1_33' title='bbox 633 712 837 766; x_wconf 90' lang='lat' dir='ltr'><strong>numeri</strong></span> <span class='ocrx_word' id='word_1_34' title='bbox 864 713 1216 781; x_wconf 83' lang='lat' dir='ltr'><strong>quantitatem</strong></span> <span class='ocrx_word' id='word_1_35' title='bbox 1235 712 1555 774; x_wconf 90' lang='lat' dir='ltr'><strong>nominaret,</strong></span> <span class='ocrx_word' id='word_1_36' title='bbox 1584 711 1650 765; x_wconf 91' lang='lat' dir='ltr'><strong>de</strong></span> <span class='ocrx_word' id='word_1_37' title='bbox 1671 725 1778 781; x_wconf 91' lang='lat' dir='ltr'><strong>quo</strong></span> 
     </span>
    </p>
   </div>
   <div class='ocr_carea' id='block_1_7' title="bbox 183 803 1779 875">
    <p class='ocr_par' dir='ltr' id='par_1_7' title="bbox 183 803 1779 875">
     <span class='ocr_line' id='line_1_7' title="bbox 183 803 1779 875; baseline -0.002 -16"><span class='ocrx_word' id='word_1_38' title='bbox 183 822 344 859; x_wconf 87' lang='lat' dir='ltr'><strong>unum</strong></span> <span class='ocrx_word' id='word_1_39' title='bbox 386 805 602 875; x_wconf 88' lang='lat' dir='ltr'><strong>quidem</strong></span> <span class='ocrx_word' id='word_1_40' title='bbox 654 804 855 873; x_wconf 88' lang='lat' dir='ltr'><strong>perisse</strong></span> <span class='ocrx_word' id='word_1_41' title='bbox 895 803 1260 869; x_wconf 81' lang='lat' dir='ltr'><strong>describeret;</strong></span> <span class='ocrx_word' id='word_1_42' title='bbox 1304 819 1525 859; x_wconf 89' lang='lat' dir='ltr'><strong>necesse</strong></span> <span class='ocrx_word' id='word_1_43' title='bbox 1565 811 1679 858; x_wconf 89' lang='lat' dir='ltr'><strong>erat</strong></span> <span class='ocrx_word' id='word_1_44' title='bbox 1722 810 1779 856; x_wconf 86' lang='lat' dir='ltr'><strong>ut</strong></span> 
     </span>
    </p>
   </div>
   <div class='ocr_carea' id='block_1_8' title="bbox 182 893 1777 965">
    <p class='ocr_par' dir='ltr' id='par_1_8' title="bbox 182 893 1777 965">
     <span class='ocr_line' id='line_1_8' title="bbox 182 893 1777 965; baseline -0.001 -15"><span class='ocrx_word' id='word_1_45' title='bbox 182 896 394 951; x_wconf 88' lang='lat' dir='ltr'><strong>habitus</strong></span> <span class='ocrx_word' id='word_1_46' title='bbox 419 895 738 965; x_wconf 73' lang='lat' dir='ltr'><strong>requirentis</strong></span> <span class='ocrx_word' id='word_1_47' title='bbox 769 893 1079 948; x_wconf 87' lang='lat' dir='ltr'><strong>drachmam</strong></span> <span class='ocrx_word' id='word_1_48' title='bbox 1098 895 1346 961; x_wconf 90' lang='lat' dir='ltr'><strong>indomo,</strong></span> <span class='ocrx_word' id='word_1_49' title='bbox 1372 906 1476 949; x_wconf 92' lang='lat' dir='ltr'><strong>tam</strong></span> <span class='ocrx_word' id='word_1_50' title='bbox 1496 910 1777 964; x_wconf 88' lang='lat' dir='ltr'><strong>scoparum</strong></span> 
     </span>
    </p>
   </div>
   <div class='ocr_carea' id='block_1_9' title="bbox 180 986 1777 1058">
    <p class='ocr_par' dir='ltr' id='par_1_9' title="bbox 180 986 1777 1058">
     <span class='ocr_line' id='line_1_9' title="bbox 180 986 1777 1058; baseline 0.004 -21"><span class='ocrx_word' id='word_1_51' title='bbox 180 1005 339 1058; x_wconf 83' lang='lat' dir='ltr'><strong>quam</strong></span> <span class='ocrx_word' id='word_1_52' title='bbox 385 989 614 1042; x_wconf 87' lang='lat' dir='ltr'><strong>lucern:e</strong></span> <span class='ocrx_word' id='word_1_53' title='bbox 648 986 972 1041; x_wconf 90' lang='lat' dir='ltr'><strong>adminiculo</strong></span> <span class='ocrx_word' id='word_1_54' title='bbox 1016 987 1536 1043; x_wconf 88' lang='lat' dir='ltr'><strong>adcommodaretur.</strong></span> <span class='ocrx_word' id='word_1_55' title='bbox 1579 988 1777 1058; x_wconf 83' lang='lat' dir='ltr'><strong>Hujus-</strong></span> 
     </span>
    </p>
   </div>
   <div class='ocr_carea' id='block_1_10' title="bbox 183 1078 1779 1149">
    <p class='ocr_par' dir='ltr' id='par_1_10' title="bbox 183 1078 1779 1149">
     <span class='ocr_line' id='line_1_10' title="bbox 183 1078 1779 1149; baseline 0.002 -17"><span class='ocrx_word' id='word_1_56' title='bbox 183 1079 325 1132; x_wconf 88' lang='lat' dir='ltr'><strong>modi</strong></span> <span class='ocrx_word' id='word_1_57' title='bbox 365 1080 505 1133; x_wconf 89' lang='lat' dir='ltr'><strong>enim</strong></span> <span class='ocrx_word' id='word_1_58' title='bbox 533 1078 872 1133; x_wconf 87' lang='lat' dir='ltr'><strong>curiositates</strong></span> <span class='ocrx_word' id='word_1_59' title='bbox 899 1088 952 1132; x_wconf 91' lang='lat' dir='ltr'><strong>et</strong></span> <span class='ocrx_word' id='word_1_60' title='bbox 978 1089 1225 1148; x_wconf 85' lang='lat' dir='ltr'><strong>suspecta</strong></span> <span class='ocrx_word' id='word_1_61' title='bbox 1261 1079 1458 1134; x_wconf 88' lang='lat' dir='ltr'><strong>faciunt</strong></span> <span class='ocrx_word' id='word_1_62' title='bbox 1486 1080 1729 1149; x_wconf 68' lang='lat' dir='ltr'><strong>qnzedam</strong></span> <span class='ocrx_word' id='word_1_63' title='bbox 1761 1121 1779 1146; x_wconf 89' lang='lat'><strong>,</strong></span> 
     </span>
    </p>
   </div>
   <div class='ocr_carea' id='block_1_11' title="bbox 183 1172 1778 1241">
    <p class='ocr_par' dir='ltr' id='par_1_11' title="bbox 183 1172 1778 1241">
     <span class='ocr_line' id='line_1_11' title="bbox 183 1172 1778 1241; baseline 0.003 -17"><span class='ocrx_word' id='word_1_64' title='bbox 183 1181 231 1226; x_wconf 80' lang='lat' dir='ltr'><strong>et</strong></span> <span class='ocrx_word' id='word_1_65' title='bbox 260 1184 560 1227; x_wconf 89' lang='lat' dir='ltr'><strong>coactarnm</strong></span> <span class='ocrx_word' id='word_1_66' title='bbox 587 1172 978 1241; x_wconf 78' lang='lat' dir='ltr'><strong>expositionum</strong></span> <span class='ocrx_word' id='word_1_67' title='bbox 1008 1173 1299 1226; x_wconf 89' lang='lat' dir='ltr'><strong>subtilitate</strong></span> <span class='ocrx_word' id='word_1_68' title='bbox 1331 1174 1641 1241; x_wconf 76' lang='lat' dir='ltr'><strong>plerumque</strong></span> <span class='ocrx_word' id='word_1_69' title='bbox 1682 1173 1778 1228; x_wconf 84' lang='lat' dir='ltr'><strong>de-</strong></span> 
     </span>
    </p>
   </div>
   <div class='ocr_carea' id='block_1_12' title="bbox 183 1263 1782 1336">
    <p class='ocr_par' dir='ltr' id='par_1_12' title="bbox 183 1263 1782 1336">
     <span class='ocr_line' id='line_1_12' title="bbox 183 1263 1782 1336; baseline 0.002 -19"><span class='ocrx_word' id='word_1_70' title='bbox 183 1266 382 1318; x_wconf 85' lang='lat' dir='ltr'><strong>d..cnnt</strong></span> <span class='ocrx_word' id='word_1_71' title='bbox 426 1281 453 1317; x_wconf 91' lang='lat' dir='ltr'><strong>a</strong></span> <span class='ocrx_word' id='word_1_72' title='bbox 500 1264 740 1318; x_wconf 80' lang='lat' dir='ltr'><strong>veritate.</strong></span> <span class='ocrx_word' id='word_1_73' title='bbox 783 1263 918 1319; x_wconf 92' lang='lat' dir='ltr'><strong>Sunt</strong></span> <span class='ocrx_word' id='word_1_74' title='bbox 962 1274 1138 1319; x_wconf 89' lang='lat' dir='ltr'><strong>autem</strong></span> <span class='ocrx_word' id='word_1_75' title='bbox 1191 1280 1309 1334; x_wconf 66' lang='lat' dir='ltr'><strong>quae</strong></span> <span class='ocrx_word' id='word_1_76' title='bbox 1357 1276 1411 1319; x_wconf 91' lang='lat' dir='ltr'><strong>et</strong></span> <span class='ocrx_word' id='word_1_77' title='bbox 1466 1266 1782 1336; x_wconf 87' lang='lat' dir='ltr'><strong>simpliciter</strong></span> 
     </span>
    </p>
   </div>
   <div class='ocr_carea' id='block_1_13' title="bbox 187 1358 1780 1427">
    <p class='ocr_par' dir='ltr' id='par_1_13' title="bbox 187 1358 1780 1427">
     <span class='ocr_line' id='line_1_13' title="bbox 187 1358 1780 1427; baseline 0.003 -18"><span class='ocrx_word' id='word_1_78' title='bbox 187 1359 358 1426; x_wconf 86' lang='lat' dir='ltr'><strong>posita</strong></span> <span class='ocrx_word' id='word_1_79' title='bbox 391 1367 512 1412; x_wconf 90' lang='lat' dir='ltr'><strong>sunt</strong></span> <span class='ocrx_word' id='word_1_80' title='bbox 544 1358 607 1412; x_wconf 92' lang='lat' dir='ltr'><strong>ad</strong></span> <span class='ocrx_word' id='word_1_81' title='bbox 636 1358 947 1412; x_wconf 87' lang='lat' dir='ltr'><strong>struendam</strong></span> <span class='ocrx_word' id='word_1_82' title='bbox 995 1367 1046 1412; x_wconf 90' lang='lat' dir='ltr'><strong>et</strong></span> <span class='ocrx_word' id='word_1_83' title='bbox 1078 1358 1462 1427; x_wconf 83' lang='lat' dir='ltr'><strong>diSponendam</strong></span> <span class='ocrx_word' id='word_1_84' title='bbox 1503 1369 1557 1414; x_wconf 92' lang='lat' dir='ltr'><strong>et</strong></span> <span class='ocrx_word' id='word_1_85' title='bbox 1593 1372 1780 1414; x_wconf 79' lang='lat' dir='ltr'><strong>texen-</strong></span> 
     </span>
    </p>
   </div>
   <div class='ocr_carea' id='block_1_14' title="bbox 184 1450 1779 1522">
    <p class='ocr_par' dir='ltr' id='par_1_14' title="bbox 184 1450 1779 1522">
     <span class='ocr_line' id='line_1_14' title="bbox 184 1450 1779 1522; baseline 0.001 -19"><span class='ocrx_word' id='word_1_86' title='bbox 184 1450 308 1503; x_wconf 84' lang='lat' dir='ltr'><strong>dain</strong></span> <span class='ocrx_word' id='word_1_87' title='bbox 357 1450 688 1520; x_wconf 90' lang='lat' dir='ltr'><strong>parabolam,</strong></span> <span class='ocrx_word' id='word_1_88' title='bbox 722 1460 779 1504; x_wconf 93' lang='lat' dir='ltr'><strong>ut</strong></span> <span class='ocrx_word' id='word_1_89' title='bbox 811 1451 936 1504; x_wconf 90' lang='lat' dir='ltr'><strong>illuc</strong></span> <span class='ocrx_word' id='word_1_90' title='bbox 978 1450 1336 1519; x_wconf 74' lang='lat' dir='ltr'><strong>perducantur</strong></span> <span class='ocrx_word' id='word_1_91' title='bbox 1365 1452 1447 1506; x_wconf 86' lang='lat' dir='ltr'><strong>cui</strong></span> <span class='ocrx_word' id='word_1_92' title='bbox 1477 1453 1779 1522; x_wconf 81' lang='lat' dir='ltr'><strong>exemplum</strong></span> 
     </span>
    </p>
   </div>
   <div class='ocr_carea' id='block_1_15' title="bbox 187 1541 1782 1612">
    <p class='ocr_par' dir='ltr' id='par_1_15' title="bbox 187 1541 1782 1612">
     <span class='ocr_line' id='line_1_15' title="bbox 187 1541 1782 1612; baseline 0.002 -18"><span class='ocrx_word' id='word_1_93' title='bbox 187 1551 524 1611; x_wconf 81' lang='lat' dir='ltr'><strong>procuratur.</strong></span> <span class='ocrx_word' id='word_1_94' title='bbox 561 1542 625 1596; x_wconf 83' lang='lat' dir='ltr'><strong>Et</strong></span> <span class='ocrx_word' id='word_1_95' title='bbox 646 1542 751 1596; x_wconf 91' lang='lat' dir='ltr'><strong>duo</strong></span> <span class='ocrx_word' id='word_1_96' title='bbox 783 1543 963 1612; x_wconf 80' lang='lat' dir='ltr'><strong>utique</strong></span> <span class='ocrx_word' id='word_1_97' title='bbox 994 1541 1082 1596; x_wconf 79' lang='lat' dir='ltr'><strong>lilii</strong></span> <span class='ocrx_word' id='word_1_98' title='bbox 1127 1542 1251 1596; x_wconf 91' lang='lat' dir='ltr'><strong>illnc</strong></span> <span class='ocrx_word' id='word_1_99' title='bbox 1293 1545 1606 1612; x_wconf 87' lang='lat' dir='ltr'><strong>spectabunt</strong></span> <span class='ocrx_word' id='word_1_100' title='bbox 1636 1585 1649 1607; x_wconf 85' lang='lat'><strong>,</strong></span> <span class='ocrx_word' id='word_1_101' title='bbox 1678 1559 1782 1612; x_wconf 90' lang='lat' dir='ltr'><strong>quo</strong></span> 
     </span>
    </p>
   </div>
   <div class='ocr_carea' id='block_1_16' title="bbox 185 1634 1781 1702">
    <p class='ocr_par' dir='ltr' id='par_1_16' title="bbox 185 1634 1781 1702">
     <span class='ocr_line' id='line_1_16' title="bbox 185 1634 1781 1702; baseline 0.003 -17"><span class='ocrx_word' id='word_1_102' title='bbox 185 1645 238 1686; x_wconf 76' lang='lat' dir='ltr'><strong>et</strong></span> <span class='ocrx_word' id='word_1_103' title='bbox 268 1634 524 1688; x_wconf 81' lang='lat' dir='ltr'><strong>drachma</strong></span> <span class='ocrx_word' id='word_1_104' title='bbox 548 1643 600 1688; x_wconf 89' lang='lat' dir='ltr'><strong>et</strong></span> <span class='ocrx_word' id='word_1_105' title='bbox 627 1637 760 1688; x_wconf 90' lang='lat' dir='ltr'><strong>ovis.</strong></span> <span class='ocrx_word' id='word_1_106' title='bbox 792 1635 995 1702; x_wconf 86' lang='lat' dir='ltr'><strong>Quibus</strong></span> <span class='ocrx_word' id='word_1_107' title='bbox 1031 1635 1174 1690; x_wconf 91' lang='lat' dir='ltr'><strong>enim</strong></span> <span class='ocrx_word' id='word_1_108' title='bbox 1201 1637 1494 1702; x_wconf 69' lang='lat' dir='ltr'><strong>cohaerent,</strong></span> <span class='ocrx_word' id='word_1_109' title='bbox 1535 1636 1781 1691; x_wconf 84' lang='lat' dir='ltr'><strong>eamdem</strong></span> 
     </span>
    </p>
   </div>
   <div class='ocr_carea' id='block_1_17' title="bbox 186 1726 1781 1797">
    <p class='ocr_par' dir='ltr' id='par_1_17' title="bbox 186 1726 1781 1797">
     <span class='ocr_line' id='line_1_17' title="bbox 186 1726 1781 1797; baseline 0.001 -16"><span class='ocrx_word' id='word_1_110' title='bbox 186 1726 385 1782; x_wconf 85' lang='lat' dir='ltr'><strong>habent</strong></span> <span class='ocrx_word' id='word_1_111' title='bbox 415 1741 696 1789; x_wconf 88' lang='lat' dir='ltr'><strong>caussam,</strong></span> <span class='ocrx_word' id='word_1_112' title='bbox 737 1727 1086 1796; x_wconf 87' lang='lat' dir='ltr'><strong>eamdemque</strong></span> <span class='ocrx_word' id='word_1_113' title='bbox 1120 1728 1300 1797; x_wconf 88' lang='lat' dir='ltr'><strong>utique</strong></span> <span class='ocrx_word' id='word_1_114' title='bbox 1352 1729 1781 1783; x_wconf 84' lang='lat' dir='ltr'><strong>mussitationem</strong></span> 
     </span>
    </p>
   </div>
   <div class='ocr_carea' id='block_1_18' title="bbox 189 1820 1778 1890">
    <p class='ocr_par' dir='ltr' id='par_1_18' title="bbox 189 1820 1778 1890">
     <span class='ocr_line' id='line_1_18' title="bbox 189 1820 1778 1890; baseline 0.002 -17"><span class='ocrx_word' id='word_1_115' title='bbox 189 1821 580 1874; x_wconf 71' lang='lat' dir='ltr'><strong>l‘liarisznnrnm</strong></span> <span class='ocrx_word' id='word_1_116' title='bbox 604 1836 728 1890; x_wconf 88' lang='lat' dir='ltr'><strong>erga</strong></span> <span class='ocrx_word' id='word_1_117' title='bbox 760 1820 1145 1874; x_wconf 75' lang='lat' dir='ltr'><strong>commercium</strong></span> <span class='ocrx_word' id='word_1_118' title='bbox 1179 1821 1384 1876; x_wconf 91' lang='lat' dir='ltr'><strong>Domini</strong></span> <span class='ocrx_word' id='word_1_119' title='bbox 1415 1822 1778 1876; x_wconf 87' lang='lat' dir='ltr'><strong>ethnicorum:</strong></span> 
     </span>
    </p>
   </div>
   <div class='ocr_carea' id='block_1_19' title="bbox 1883 620 3466 696">
    <p class='ocr_par' dir='ltr' id='par_1_19' title="bbox 1883 620 3466 696">
     <span class='ocr_line' id='line_1_19' title="bbox 1883 620 3466 696; baseline 0.004 -20"><span class='ocrx_word' id='word_1_120' title='bbox 1883 630 1936 676; x_wconf 91' lang='lat' dir='ltr'><strong>et</strong></span> <span class='ocrx_word' id='word_1_121' title='bbox 1966 636 2151 677; x_wconf 89' lang='lat' dir='ltr'><strong>rursus</strong></span> <span class='ocrx_word' id='word_1_122' title='bbox 2178 622 2253 676; x_wconf 89' lang='lat' dir='ltr'><strong>illi</strong></span> <span class='ocrx_word' id='word_1_123' title='bbox 2287 622 2607 677; x_wconf 90' lang='lat' dir='ltr'><strong>mactabitur</strong></span> <span class='ocrx_word' id='word_1_124' title='bbox 2636 621 2875 677; x_wconf 83' lang='lat' dir='ltr'><strong>Christus</strong></span> <span class='ocrx_word' id='word_1_125' title='bbox 2903 620 3052 693; x_wconf 81' lang='lat' dir='ltr'><strong>(Luc.</strong></span> <span class='ocrx_word' id='word_1_126' title='bbox 3086 623 3197 686; x_wconf 89' lang='lat' dir='ltr'><strong>XV,</strong></span> <span class='ocrx_word' id='word_1_127' title='bbox 3230 623 3320 690; x_wconf 70' lang='lat'><strong>92,</strong></span> <span class='ocrx_word' id='word_1_128' title='bbox 3348 626 3466 696; x_wconf 74' lang='grc'><strong>25),</strong></span> 
     </span>
    </p>
   </div>
   <div class='ocr_carea' id='block_1_20' title="bbox 1881 713 3476 786">
    <p class='ocr_par' dir='ltr' id='par_1_20' title="bbox 1881 713 3476 786">
     <span class='ocr_line' id='line_1_20' title="bbox 1881 713 3476 786; baseline 0.004 -20"><span class='ocrx_word' id='word_1_129' title='bbox 1881 719 1935 766; x_wconf 91' lang='lat' dir='ltr'><strong>et</strong></span> <span class='ocrx_word' id='word_1_130' title='bbox 1957 713 2233 768; x_wconf 89' lang='lat' dir='ltr'><strong>recumbet</strong></span> <span class='ocrx_word' id='word_1_131' title='bbox 2263 729 2329 769; x_wconf 93' lang='lat' dir='ltr'><strong>eo</strong></span> <span class='ocrx_word' id='word_1_132' title='bbox 2356 715 2406 768; x_wconf 89' lang='lat' dir='ltr'><strong>in</strong></span> <span class='ocrx_word' id='word_1_133' title='bbox 2436 715 2630 768; x_wconf 87' lang='lat' dir='ltr'><strong>throno</strong></span> <span class='ocrx_word' id='word_1_134' title='bbox 2659 714 2727 770; x_wconf 90' lang='lat' dir='ltr'><strong>de</strong></span> <span class='ocrx_word' id='word_1_135' title='bbox 2745 730 2849 783; x_wconf 88' lang='lat' dir='ltr'><strong>quo</strong></span> <span class='ocrx_word' id='word_1_136' title='bbox 2877 714 3089 786; x_wconf 79' lang='lat' dir='ltr'><strong>indigne</strong></span> <span class='ocrx_word' id='word_1_137' title='bbox 3117 718 3291 770; x_wconf 79' lang='lat' dir='ltr'><strong>vestiti</strong></span> <span class='ocrx_word' id='word_1_138' title='bbox 3312 735 3338 769; x_wconf 92' lang='lat' dir='ltr'><strong>a</strong></span> <span class='ocrx_word' id='word_1_139' title='bbox 3367 727 3476 772; x_wconf 87' lang='lat' dir='ltr'><strong>tor-</strong></span> 
     </span>
    </p>
   </div>
   <div class='ocr_carea' id='block_1_21' title="bbox 1883 805 3474 879">
    <p class='ocr_par' dir='ltr' id='par_1_21' title="bbox 1883 805 3474 879">
     <span class='ocr_line' id='line_1_21' title="bbox 1883 805 3474 879; baseline 0.005 -22"><span class='ocrx_word' id='word_1_140' title='bbox 1883 805 2086 860; x_wconf 89' lang='lat' dir='ltr'><strong>toribus</strong></span> <span class='ocrx_word' id='word_1_141' title='bbox 2105 807 2280 862; x_wconf 89' lang='lat' dir='ltr'><strong>solent</strong></span> <span class='ocrx_word' id='word_1_142' title='bbox 2311 808 2446 873; x_wconf 92' lang='lat' dir='ltr'><strong>tolli,</strong></span> <span class='ocrx_word' id='word_1_143' title='bbox 2468 807 2696 879; x_wconf 55' lang='lat' dir='ltr'><strong>et,abjici</strong></span> <span class='ocrx_word' id='word_1_144' title='bbox 2731 808 2780 861; x_wconf 90' lang='lat' dir='ltr'><strong>in</strong></span> <span class='ocrx_word' id='word_1_145' title='bbox 2805 809 3051 863; x_wconf 88' lang='lat' dir='ltr'><strong>tenebras</strong></span> <span class='ocrx_word' id='word_1_146' title='bbox 3071 808 3282 879; x_wconf 82' lang='lat' dir='ltr'><strong>(Matth.</strong></span> <span class='ocrx_word' id='word_1_147' title='bbox 3307 811 3474 876; x_wconf 84' lang='lat' dir='ltr'><strong>XXII,</strong></span> 
     </span>
    </p>
   </div>
   <div class='ocr_carea' id='block_1_22' title="bbox 1884 896 3476 975">
    <p class='ocr_par' dir='ltr' id='par_1_22' title="bbox 1884 896 3476 975">
     <span class='ocr_line' id='line_1_22' title="bbox 1884 896 3476 975; baseline 0.006 -26"><span class='ocrx_word' id='word_1_148' title='bbox 1884 896 1972 960; x_wconf 72' lang='lat' dir='ltr'><strong>I2,</strong></span> <span class='ocrx_word' id='word_1_149' title='bbox 1999 899 2110 967; x_wconf 81' lang='lat' dir='ltr'><strong>I5),</strong></span> <span class='ocrx_word' id='word_1_150' title='bbox 2143 898 2338 953; x_wconf 92' lang='lat' dir='ltr'><strong>nedum</strong></span> <span class='ocrx_word' id='word_1_151' title='bbox 2371 899 2601 968; x_wconf 88' lang='lat' dir='ltr'><strong>spoliati.</strong></span> <span class='ocrx_word' id='word_1_152' title='bbox 2635 899 2757 953; x_wconf 90' lang='lat' dir='ltr'><strong>Plus</strong></span> <span class='ocrx_word' id='word_1_153' title='bbox 2787 911 2867 954; x_wconf 92' lang='lat' dir='ltr'><strong>est</strong></span> <span class='ocrx_word' id='word_1_154' title='bbox 2900 900 3078 968; x_wconf 81' lang='lat' dir='ltr'><strong>igitur,</strong></span> <span class='ocrx_word' id='word_1_155' title='bbox 3108 901 3152 954; x_wconf 94' lang='lat' dir='ltr'><strong>si</strong></span> <span class='ocrx_word' id='word_1_156' title='bbox 3189 918 3286 956; x_wconf 89' lang='lat' dir='ltr'><strong>nec</strong></span> <span class='ocrx_word' id='word_1_157' title='bbox 3313 918 3476 975; x_wconf 82' lang='lat' dir='ltr'><strong>expe-</strong></span> 
     </span>
    </p>
   </div>
   <div class='ocr_carea' id='block_1_23' title="bbox 1883 987 3472 1066">
    <p class='ocr_par' dir='ltr' id='par_1_23' title="bbox 1883 987 3472 1066">
     <span class='ocr_line' id='line_1_23' title="bbox 1883 987 3472 1066; baseline 0.004 -25"><span class='ocrx_word' id='word_1_158' title='bbox 1883 987 1960 1042; x_wconf 91' lang='lat' dir='ltr'><strong>dit</strong></span> <span class='ocrx_word' id='word_1_159' title='bbox 2003 987 2053 1041; x_wconf 91' lang='lat' dir='ltr'><strong>in</strong></span> <span class='ocrx_word' id='word_1_160' title='bbox 2094 987 2460 1043; x_wconf 89' lang='lat' dir='ltr'><strong>Christianum</strong></span> <span class='ocrx_word' id='word_1_161' title='bbox 2491 991 2778 1045; x_wconf 87' lang='lat' dir='ltr'><strong>convenire</strong></span> <span class='ocrx_word' id='word_1_162' title='bbox 2825 989 3068 1045; x_wconf 89' lang='lat' dir='ltr'><strong>ordinem</strong></span> <span class='ocrx_word' id='word_1_163' title='bbox 3116 992 3210 1047; x_wconf 87' lang='lat' dir='ltr'><strong>lilii</strong></span> <span class='ocrx_word' id='word_1_164' title='bbox 3240 995 3472 1066; x_wconf 78' lang='lat' dir='ltr'><strong>prodigi.</strong></span> 
     </span>
    </p>
   </div>
   <div class='ocr_carea' id='block_1_24' title="bbox 1882 1080 3475 1157">
    <p class='ocr_par' dir='ltr' id='par_1_24' title="bbox 1882 1080 3475 1157">
     <span class='ocr_line' id='line_1_24' title="bbox 1882 1080 3475 1157; baseline 0.006 -25"><span class='ocrx_word' id='word_1_165' title='bbox 1882 1080 2033 1148; x_wconf 90' lang='lat' dir='ltr'><strong>Quod</strong></span> <span class='ocrx_word' id='word_1_166' title='bbox 2060 1082 2104 1136; x_wconf 88' lang='lat' dir='ltr'><strong>si</strong></span> <span class='ocrx_word' id='word_1_167' title='bbox 2135 1097 2231 1136; x_wconf 89' lang='lat' dir='ltr'><strong>nec</strong></span> <span class='ocrx_word' id='word_1_168' title='bbox 2263 1082 2312 1135; x_wconf 92' lang='lat' dir='ltr'><strong>in</strong></span> <span class='ocrx_word' id='word_1_169' title='bbox 2335 1081 2580 1137; x_wconf 82' lang='lat' dir='ltr'><strong>Judzeum</strong></span> <span class='ocrx_word' id='word_1_170' title='bbox 2615 1083 2819 1152; x_wconf 77' lang='lat' dir='ltr'><strong>integre</strong></span> <span class='ocrx_word' id='word_1_171' title='bbox 2847 1084 2938 1137; x_wconf 87' lang='lat' dir='ltr'><strong>lilii</strong></span> <span class='ocrx_word' id='word_1_172' title='bbox 2964 1084 3139 1155; x_wconf 84' lang='lat' dir='ltr'><strong>imago</strong></span> <span class='ocrx_word' id='word_1_173' title='bbox 3166 1087 3475 1157; x_wconf 90' lang='lat' dir='ltr'><strong>concurrit,</strong></span> 
     </span>
    </p>
   </div>
   <div class='ocr_carea' id='block_1_25' title="bbox 1883 1171 3475 1251">
    <p class='ocr_par' dir='ltr' id='par_1_25' title="bbox 1883 1171 3475 1251">
     <span class='ocr_line' id='line_1_25' title="bbox 1883 1171 3475 1251; baseline 0.005 -25"><span class='ocrx_word' id='word_1_174' title='bbox 1883 1171 1949 1226; x_wconf 92' lang='lat' dir='ltr'><strong>ad</strong></span> <span class='ocrx_word' id='word_1_175' title='bbox 1978 1174 2307 1241; x_wconf 90' lang='lat' dir='ltr'><strong>propositum</strong></span> <span class='ocrx_word' id='word_1_176' title='bbox 2352 1173 2560 1227; x_wconf 90' lang='lat' dir='ltr'><strong>Domini</strong></span> <span class='ocrx_word' id='word_1_177' title='bbox 2613 1174 2928 1244; x_wconf 85' lang='lat' dir='ltr'><strong>simpliciter</strong></span> <span class='ocrx_word' id='word_1_178' title='bbox 2973 1177 3341 1247; x_wconf 81' lang='lat' dir='ltr'><strong>interpretatio</strong></span> <span class='ocrx_word' id='word_1_179' title='bbox 3377 1195 3475 1251; x_wconf 84' lang='lat' dir='ltr'><strong>gu-</strong></span> 
     </span>
    </p>
   </div>
   <div class='ocr_carea' id='block_1_26' title="bbox 1885 1263 3475 1340">
    <p class='ocr_par' dir='ltr' id='par_1_26' title="bbox 1885 1263 3475 1340">
     <span class='ocr_line' id='line_1_26' title="bbox 1885 1263 3475 1340; baseline 0.004 -24"><span class='ocrx_word' id='word_1_180' title='bbox 1885 1263 2212 1318; x_wconf 88' lang='lat' dir='ltr'><strong>bernabitur.</strong></span> <span class='ocrx_word' id='word_1_181' title='bbox 2234 1264 2465 1319; x_wconf 85' lang='lat' dir='ltr'><strong>Venerat</strong></span> <span class='ocrx_word' id='word_1_182' title='bbox 2485 1265 2738 1318; x_wconf 82' lang='lat' dir='ltr'><strong>Dominus</strong></span> <span class='ocrx_word' id='word_1_183' title='bbox 2761 1268 2959 1337; x_wconf 87' lang='lat' dir='ltr'><strong>utique,</strong></span> <span class='ocrx_word' id='word_1_184' title='bbox 2988 1279 3042 1323; x_wconf 90' lang='lat' dir='ltr'><strong>ut</strong></span> <span class='ocrx_word' id='word_1_185' title='bbox 3069 1270 3207 1340; x_wconf 89' lang='lat' dir='ltr'><strong>quod</strong></span> <span class='ocrx_word' id='word_1_186' title='bbox 3227 1272 3475 1340; x_wconf 83' lang='lat' dir='ltr'><strong>perierat,</strong></span> 
     </span>
    </p>
   </div>
   <div class='ocr_carea' id='block_1_27' title="bbox 1883 1353 3476 1433">
    <p class='ocr_par' dir='ltr' id='par_1_27' title="bbox 1883 1353 3476 1433">
     <span class='ocr_line' id='line_1_27' title="bbox 1883 1353 3476 1433; baseline 0.006 -25"><span class='ocrx_word' id='word_1_187' title='bbox 1883 1356 2084 1408; x_wconf 88' lang='lat' dir='ltr'><strong>salvum</strong></span> <span class='ocrx_word' id='word_1_188' title='bbox 2139 1353 2357 1420; x_wconf 80' lang='lat' dir='ltr'><strong>Iaceret,</strong></span> <span class='ocrx_word' id='word_1_189' title='bbox 2402 1356 2640 1411; x_wconf 86' lang='lat' dir='ltr'><strong>medicus</strong></span> <span class='ocrx_word' id='word_1_190' title='bbox 2687 1357 3063 1427; x_wconf 85' lang='lat' dir='ltr'><strong>languentibus</strong></span> <span class='ocrx_word' id='word_1_191' title='bbox 3112 1364 3279 1432; x_wconf 88' lang='lat' dir='ltr'><strong>magis</strong></span> <span class='ocrx_word' id='word_1_192' title='bbox 3319 1381 3476 1433; x_wconf 91' lang='lat' dir='ltr'><strong>quam</strong></span> 
     </span>
    </p>
   </div>
   <div class='ocr_carea' id='block_1_28' title="bbox 1885 1447 3476 1519">
    <p class='ocr_par' dir='ltr' id='par_1_28' title="bbox 1885 1447 3476 1519">
     <span class='ocr_line' id='line_1_28' title="bbox 1885 1447 3476 1519; baseline 0.006 -19"><span class='ocrx_word' id='word_1_193' title='bbox 1885 1447 2028 1501; x_wconf 90' lang='lat' dir='ltr'><strong>sanis</strong></span> <span class='ocrx_word' id='word_1_194' title='bbox 2067 1449 2402 1502; x_wconf 90' lang='lat' dir='ltr'><strong>necessarius</strong></span> <span class='ocrx_word' id='word_1_195' title='bbox 2459 1448 2672 1518; x_wconf 79' lang='lat' dir='ltr'><strong>(Ilattli.</strong></span> <span class='ocrx_word' id='word_1_196' title='bbox 2722 1449 2918 1517; x_wconf 84' lang='lat' dir='ltr'><strong>XVIII,</strong></span> <span class='ocrx_word' id='word_1_197' title='bbox 2951 1454 3037 1516; x_wconf 87' lang='lat' dir='ltr'><strong>Il,</strong></span> <span class='ocrx_word' id='word_1_198' title='bbox 3063 1452 3129 1507; x_wconf 85' lang='lat' dir='ltr'><strong>IX</strong></span> <span class='ocrx_word' id='word_1_199' title='bbox 3156 1495 3170 1518; x_wconf 90' lang='lat'><strong>,</strong></span> <span class='ocrx_word' id='word_1_200' title='bbox 3203 1453 3272 1508; x_wconf 76' lang='grc'>12</span> <span class='ocrx_word' id='word_1_201' title='bbox 3304 1471 3317 1519; x_wconf 87' lang='grc'><strong>;</strong></span> <span class='ocrx_word' id='word_1_202' title='bbox 3351 1455 3476 1510; x_wconf 83' lang='lat' dir='ltr'><strong>Luc.</strong></span> 
     </span>
    </p>
   </div>
   <div class='ocr_carea' id='block_1_29' title="bbox 1887 1537 3478 1615">
    <p class='ocr_par' dir='ltr' id='par_1_29' title="bbox 1887 1537 3478 1615">
     <span class='ocr_line' id='line_1_29' title="bbox 1887 1537 3478 1615; baseline 0.009 -25"><span class='ocrx_word' id='word_1_203' title='bbox 1887 1537 2080 1603; x_wconf 86' lang='lat' dir='ltr'><strong>XXIX,</strong></span> <span class='ocrx_word' id='word_1_204' title='bbox 2113 1539 2199 1602; x_wconf 78' lang='lat'><strong>10,</strong></span> <span class='ocrx_word' id='word_1_205' title='bbox 2235 1538 2299 1605; x_wconf 87' lang='lat' dir='ltr'><strong>V,</strong></span> <span class='ocrx_word' id='word_1_206' title='bbox 2328 1541 2445 1609; x_wconf 81' lang='grc'><strong>51).</strong></span> <span class='ocrx_word' id='word_1_207' title='bbox 2470 1540 2577 1596; x_wconf 88' lang='lat' dir='ltr'><strong>Iloc</strong></span> <span class='ocrx_word' id='word_1_208' title='bbox 2601 1551 2656 1596; x_wconf 89' lang='lat' dir='ltr'><strong>et</strong></span> <span class='ocrx_word' id='word_1_209' title='bbox 2676 1542 2726 1595; x_wconf 90' lang='lat' dir='ltr'><strong>in</strong></span> <span class='ocrx_word' id='word_1_210' title='bbox 2752 1544 3015 1611; x_wconf 71' lang='lat' dir='ltr'><strong>parabolis</strong></span> <span class='ocrx_word' id='word_1_211' title='bbox 3049 1545 3327 1615; x_wconf 83' lang='lat' dir='ltr'><strong>figurabat,</strong></span> <span class='ocrx_word' id='word_1_212' title='bbox 3352 1558 3405 1602; x_wconf 84' lang='lat' dir='ltr'><strong>el.</strong></span> <span class='ocrx_word' id='word_1_213' title='bbox 3427 1549 3478 1604; x_wconf 83' lang='lat' dir='ltr'><strong>in</strong></span> 
     </span>
    </p>
   </div>
   <div class='ocr_carea' id='block_1_30' title="bbox 1886 1631 3480 1710">
    <p class='ocr_par' dir='ltr' id='par_1_30' title="bbox 1886 1631 3480 1710">
     <span class='ocr_line' id='line_1_30' title="bbox 1886 1631 3480 1710; baseline 0.006 -25"><span class='ocrx_word' id='word_1_214' title='bbox 1886 1632 2170 1685; x_wconf 84' lang='lat' dir='ltr'><strong>sententiis</strong></span> <span class='ocrx_word' id='word_1_215' title='bbox 2199 1631 2540 1701; x_wconf 78' lang='lat' dir='ltr'><strong>pra-dicabat.</strong></span> <span class='ocrx_word' id='word_1_216' title='bbox 2574 1634 2704 1701; x_wconf 88' lang='lat' dir='ltr'><strong>Quis</strong></span> <span class='ocrx_word' id='word_1_217' title='bbox 2735 1637 2868 1702; x_wconf 90' lang='lat' dir='ltr'><strong>perit</strong></span> <span class='ocrx_word' id='word_1_218' title='bbox 2905 1636 3224 1692; x_wconf 85' lang='lat' dir='ltr'><strong>hominum?</strong></span> <span class='ocrx_word' id='word_1_219' title='bbox 3251 1640 3370 1710; x_wconf 89' lang='lat' dir='ltr'><strong>quis</strong></span> <span class='ocrx_word' id='word_1_220' title='bbox 3405 1640 3480 1694; x_wconf 87' lang='lat' dir='ltr'><strong>la-</strong></span> 
     </span>
    </p>
   </div>
   <div class='ocr_carea' id='block_1_31' title="bbox 1887 1722 3481 1801">
    <p class='ocr_par' dir='ltr' id='par_1_31' title="bbox 1887 1722 3481 1801">
     <span class='ocr_line' id='line_1_31' title="bbox 1887 1722 3481 1801; baseline 0.009 -26"><span class='ocrx_word' id='word_1_221' title='bbox 1887 1722 1976 1776; x_wconf 90' lang='lat' dir='ltr'><strong>bat</strong></span> <span class='ocrx_word' id='word_1_222' title='bbox 2005 1723 2071 1777; x_wconf 90' lang='lat' dir='ltr'><strong>de</strong></span> <span class='ocrx_word' id='word_1_223' title='bbox 2095 1723 2398 1778; x_wconf 89' lang='lat' dir='ltr'><strong>valetudine</strong></span> <span class='ocrx_word' id='word_1_224' title='bbox 2419 1767 2432 1788; x_wconf 92' lang='lat'><strong>,</strong></span> <span class='ocrx_word' id='word_1_225' title='bbox 2477 1727 2575 1779; x_wconf 92' lang='lat' dir='ltr'><strong>nisi</strong></span> <span class='ocrx_word' id='word_1_226' title='bbox 2613 1728 2700 1796; x_wconf 90' lang='lat' dir='ltr'><strong>qui</strong></span> <span class='ocrx_word' id='word_1_227' title='bbox 2732 1727 2895 1782; x_wconf 90' lang='lat' dir='ltr'><strong>Deum</strong></span> <span class='ocrx_word' id='word_1_228' title='bbox 2920 1730 3123 1784; x_wconf 81' lang='lat' dir='ltr'><strong>nescit?</strong></span> <span class='ocrx_word' id='word_1_229' title='bbox 3149 1732 3266 1801; x_wconf 89' lang='lat' dir='ltr'><strong>quis</strong></span> <span class='ocrx_word' id='word_1_230' title='bbox 3301 1733 3481 1790; x_wconf 87' lang='lat' dir='ltr'><strong>salvus</strong></span> 
     </span>
    </p>
   </div>
   <div class='ocr_carea' id='block_1_32' title="bbox 1886 1813 3482 1891">
    <p class='ocr_par' dir='ltr' id='par_1_32' title="bbox 1886 1813 3482 1891">
     <span class='ocr_line' id='line_1_32' title="bbox 1886 1813 3482 1891; baseline 0.012 -28"><span class='ocrx_word' id='word_1_231' title='bbox 1886 1827 1948 1866; x_wconf 91' lang='lat' dir='ltr'><strong>ae</strong></span> <span class='ocrx_word' id='word_1_232' title='bbox 1973 1829 2154 1879; x_wconf 88' lang='lat' dir='ltr'><strong>sanus,</strong></span> <span class='ocrx_word' id='word_1_233' title='bbox 2186 1813 2284 1868; x_wconf 92' lang='lat' dir='ltr'><strong>nisi</strong></span> <span class='ocrx_word' id='word_1_234' title='bbox 2328 1817 2415 1884; x_wconf 89' lang='lat' dir='ltr'><strong>qui</strong></span> <span class='ocrx_word' id='word_1_235' title='bbox 2468 1815 2634 1871; x_wconf 88' lang='lat' dir='ltr'><strong>Deum</strong></span> <span class='ocrx_word' id='word_1_236' title='bbox 2663 1819 2845 1872; x_wconf 88' lang='lat' dir='ltr'><strong>novit?</strong></span> <span class='ocrx_word' id='word_1_237' title='bbox 2890 1820 2995 1874; x_wconf 87' lang='lat' dir='ltr'><strong>llas</strong></span> <span class='ocrx_word' id='word_1_238' title='bbox 3021 1821 3150 1878; x_wconf 89' lang='lat' dir='ltr'><strong>duas</strong></span> <span class='ocrx_word' id='word_1_239' title='bbox 3180 1825 3386 1891; x_wconf 84' lang='lat' dir='ltr'><strong>Species</strong></span> <span class='ocrx_word' id='word_1_240' title='bbox 3415 1825 3482 1882; x_wconf 90' lang='lat' dir='ltr'><strong>de</strong></span> 
     </span>
    </p>
   </div>
   <div class='ocr_carea' id='block_1_33' title="bbox 185 1907 3483 1988">
    <p class='ocr_par' dir='ltr' id='par_1_33' title="bbox 185 1907 3483 1988">
     <span class='ocr_line' id='line_1_33' title="bbox 185 1907 3483 1988; baseline 0.003 -25"><span class='ocrx_word' id='word_1_241' title='bbox 185 1922 298 1978; x_wconf 90' lang='lat' dir='ltr'><strong>aut,</strong></span> <span class='ocrx_word' id='word_1_242' title='bbox 328 1919 370 1966; x_wconf 84' lang='lat' dir='ltr'><strong>si</strong></span> <span class='ocrx_word' id='word_1_243' title='bbox 405 1916 523 1982; x_wconf 87' lang='lat' dir='ltr'><strong>quis</strong></span> <span class='ocrx_word' id='word_1_244' title='bbox 545 1913 747 1965; x_wconf 87' lang='lat' dir='ltr'><strong>dubitat</strong></span> <span class='ocrx_word' id='word_1_245' title='bbox 769 1911 1012 1966; x_wconf 80' lang='lat' dir='ltr'><strong>ethnicus</strong></span> <span class='ocrx_word' id='word_1_246' title='bbox 1033 1911 1194 1966; x_wconf 89' lang='lat' dir='ltr'><strong>fuisse</strong></span> <span class='ocrx_word' id='word_1_247' title='bbox 1212 1912 1521 1980; x_wconf 80' lang='lat' dir='ltr'><strong>publicanos</strong></span> <span class='ocrx_word' id='word_1_248' title='bbox 1537 1913 1674 1980; x_wconf 88' lang='lat' dir='ltr'><strong>apud</strong></span> <span class='ocrx_word' id='word_1_249' title='bbox 1691 1912 1784 1966; x_wconf 82' lang='lat' dir='ltr'><strong>Ju-</strong></span> <span class='ocrx_word' id='word_1_250' title='bbox 1813 1917 1858 1976; x_wconf 83' lang='grc' dir='ltr'><strong>Β</strong></span> <span class='ocrx_word' id='word_1_251' title='bbox 1886 1923 2082 1976; x_wconf 83' lang='lat' dir='ltr'><strong>genere</strong></span> <span class='ocrx_word' id='word_1_252' title='bbox 2107 1907 2366 1964; x_wconf 89' lang='lat' dir='ltr'><strong>fraternas</strong></span> <span class='ocrx_word' id='word_1_253' title='bbox 2387 1909 2503 1966; x_wconf 72' lang='lat' dir='ltr'><strong>haec</strong></span> <span class='ocrx_word' id='word_1_254' title='bbox 2532 1927 2746 1982; x_wconf 79' lang='lat' dir='ltr'><strong>quoque</strong></span> <span class='ocrx_word' id='word_1_255' title='bbox 2776 1914 2999 1984; x_wconf 86' lang='lat' dir='ltr'><strong>signabit</strong></span> <span class='ocrx_word' id='word_1_256' title='bbox 3035 1918 3304 1988; x_wconf 86' lang='lat' dir='ltr'><strong>parabola.</strong></span> <span class='ocrx_word' id='word_1_257' title='bbox 3348 1920 3483 1977; x_wconf 86' lang='lat' dir='ltr'><strong>Vide</strong></span> 
     </span>
    </p>
   </div>
   <div class='ocr_carea' id='block_1_34' title="bbox 187 2005 1784 2076">
    <p class='ocr_par' dir='ltr' id='par_1_34' title="bbox 187 2005 1784 2076">
     <span class='ocr_line' id='line_1_34' title="bbox 187 2005 1784 2076; baseline 0 -15"><span class='ocrx_word' id='word_1_258' title='bbox 187 2007 381 2067; x_wconf 54' lang='lat' dir='ltr'><strong>deam.</strong></span> <span class='ocrx_word' id='word_1_259' title='bbox 403 2017 705 2076; x_wconf 84' lang='lat' dir='ltr'><strong>usurpatam</strong></span> <span class='ocrx_word' id='word_1_260' title='bbox 733 2005 929 2076; x_wconf 84' lang='lat' dir='ltr'><strong>(u)jam</strong></span> <span class='ocrx_word' id='word_1_261' title='bbox 959 2006 1160 2073; x_wconf 82' lang='lat' dir='ltr'><strong>pridem</strong></span> <span class='ocrx_word' id='word_1_262' title='bbox 1189 2005 1421 2074; x_wconf 83' lang='lat' dir='ltr'><strong>Pompeii</strong></span> <span class='ocrx_word' id='word_1_263' title='bbox 1448 2021 1604 2059; x_wconf 91' lang='lat' dir='ltr'><strong>manu</strong></span> <span class='ocrx_word' id='word_1_264' title='bbox 1627 2015 1784 2075; x_wconf 86' lang='lat' dir='ltr'><strong>atque</strong></span> 
     </span>
    </p>
   </div>
   <div class='ocr_carea' id='block_1_35' title="bbox 188 2095 1780 2170">
    <p class='ocr_par' dir='ltr' id='par_1_35' title="bbox 188 2095 1780 2170">
     <span class='ocr_line' id='line_1_35' title="bbox 188 2095 1780 2170; baseline -0.001 -17"><span class='ocrx_word' id='word_1_265' title='bbox 188 2099 396 2153; x_wconf 81' lang='lat' dir='ltr'><strong>Luculli</strong></span> <span class='ocrx_word' id='word_1_266' title='bbox 438 2101 455 2170; x_wconf 94' lang='lat'><strong>(</strong></span> <span class='ocrx_word' id='word_1_267' title='bbox 488 2097 637 2151; x_wconf 83' lang='lat' dir='ltr'><strong>Deut.</strong></span> <span class='ocrx_word' id='word_1_268' title='bbox 671 2096 870 2160; x_wconf 89' lang='lat' dir='ltr'><strong>XXIII,</strong></span> <span class='ocrx_word' id='word_1_269' title='bbox 906 2095 973 2151; x_wconf 88' lang='lat' dir='ltr'><strong>I9</strong></span> <span class='ocrx_word' id='word_1_270' title='bbox 999 2100 1017 2167; x_wconf 86' lang='lat'><em>)</em></span> <span class='ocrx_word' id='word_1_271' title='bbox 1043 2136 1058 2159; x_wconf 85' lang='lat'><strong>,</strong></span> <span class='ocrx_word' id='word_1_272' title='bbox 1105 2097 1243 2166; x_wconf 88' lang='lat' dir='ltr'><strong>legat</strong></span> <span class='ocrx_word' id='word_1_273' title='bbox 1267 2097 1732 2151; x_wconf 87' lang='lat' dir='ltr'><strong>Dcutcronomiutn</strong></span> <span class='ocrx_word' id='word_1_274' title='bbox 1768 2115 1780 2151; x_wconf 90' lang='lat'>:</span> 
     </span>
    </p>
   </div>
   <div class='ocr_carea' id='block_1_36' title="bbox 190 2188 1786 2262">
    <p class='ocr_par' dir='ltr' id='par_1_36' title="bbox 190 2188 1786 2262">
     <span class='ocr_line' id='line_1_36' title="bbox 190 2188 1786 2262; baseline 0.001 -18"><span class='ocrx_word' id='word_1_275' title='bbox 190 2190 314 2244; x_wconf 75' lang='lat' dir='ltr'><strong>Non</strong></span> <span class='ocrx_word' id='word_1_276' title='bbox 362 2192 453 2245; x_wconf 80' lang='lat' dir='ltr'><strong>erit</strong></span> <span class='ocrx_word' id='word_1_277' title='bbox 488 2191 703 2261; x_wconf 79' lang='lat' dir='ltr'><strong>vectigal</strong></span> <span class='ocrx_word' id='word_1_278' title='bbox 766 2190 988 2257; x_wconf 76' lang='lat' dir='ltr'><strong>pendens</strong></span> <span class='ocrx_word' id='word_1_279' title='bbox 1046 2205 1109 2242; x_wconf 77' lang='lat' dir='ltr'><strong>ex</strong></span> <span class='ocrx_word' id='word_1_280' title='bbox 1157 2189 1278 2256; x_wconf 77' lang='lat' dir='ltr'><strong>ﬁliis</strong></span> <span class='ocrx_word' id='word_1_281' title='bbox 1323 2188 1506 2246; x_wconf 77' lang='lat' dir='ltr'><strong>Israel.</strong></span> <span class='ocrx_word' id='word_1_282' title='bbox 1563 2189 1638 2262; x_wconf 76' lang='lat' dir='ltr'><strong>(Ii)</strong></span> <span class='ocrx_word' id='word_1_283' title='bbox 1678 2191 1786 2246; x_wconf 74' lang='lat' dir='ltr'><strong>Nec</strong></span> 
     </span>
    </p>
   </div>
   <div class='ocr_carea' id='block_1_37' title="bbox 187 2281 1785 2356">
    <p class='ocr_par' dir='ltr' id='par_1_37' title="bbox 187 2281 1785 2356">
     <span class='ocr_line' id='line_1_37' title="bbox 187 2281 1785 2356; baseline 0.002 -18"><span class='ocrx_word' id='word_1_284' title='bbox 187 2295 297 2338; x_wconf 88' lang='lat' dir='ltr'><strong>tam</strong></span> <span class='ocrx_word' id='word_1_285' title='bbox 327 2282 631 2338; x_wconf 70' lang='lat' dir='ltr'><strong>execrabile</strong></span> <span class='ocrx_word' id='word_1_286' title='bbox 660 2292 801 2337; x_wconf 89' lang='lat' dir='ltr'><strong>esset</strong></span> <span class='ocrx_word' id='word_1_287' title='bbox 843 2297 1039 2337; x_wconf 90' lang='lat' dir='ltr'><strong>nomen</strong></span> <span class='ocrx_word' id='word_1_288' title='bbox 1069 2281 1469 2351; x_wconf 87' lang='lat' dir='ltr'><strong>publicanorum</strong></span> <span class='ocrx_word' id='word_1_289' title='bbox 1506 2285 1644 2356; x_wconf 88' lang='lat' dir='ltr'><strong>apud</strong></span> <span class='ocrx_word' id='word_1_290' title='bbox 1679 2287 1785 2341; x_wconf 81' lang='lat' dir='ltr'><strong>Do-</strong></span> 
     </span>
    </p>
   </div>
   <div class='ocr_carea' id='block_1_38' title="bbox 187 2373 1787 2445">
    <p class='ocr_par' dir='ltr' id='par_1_38' title="bbox 187 2373 1787 2445">
     <span class='ocr_line' id='line_1_38' title="bbox 187 2373 1787 2445; baseline 0.002 -15"><span class='ocrx_word' id='word_1_291' title='bbox 187 2378 418 2439; x_wconf 89' lang='lat' dir='ltr'><strong>minum,</strong></span> <span class='ocrx_word' id='word_1_292' title='bbox 453 2376 552 2429; x_wconf 88' lang='lat' dir='ltr'><strong>nisi</strong></span> <span class='ocrx_word' id='word_1_293' title='bbox 610 2383 922 2429; x_wconf 77' lang='lat' dir='ltr'><strong>extraneum</strong></span> <span class='ocrx_word' id='word_1_294' title='bbox 972 2373 1309 2428; x_wconf 79' lang='lat' dir='ltr'><strong>vendentium</strong></span> <span class='ocrx_word' id='word_1_295' title='bbox 1358 2376 1522 2445; x_wconf 88' lang='lat' dir='ltr'><strong>ipsius</strong></span> <span class='ocrx_word' id='word_1_296' title='bbox 1563 2379 1684 2433; x_wconf 66' lang='lat' dir='ltr'><strong>caeli</strong></span> <span class='ocrx_word' id='word_1_297' title='bbox 1733 2387 1787 2433; x_wconf 91' lang='lat' dir='ltr'><strong>et</strong></span> 
     </span>
    </p>
   </div>
   <div class='ocr_carea' id='block_1_39' title="bbox 189 2465 1786 2523">
    <p class='ocr_par' dir='ltr' id='par_1_39' title="bbox 189 2465 1786 2523">
     <span class='ocr_line' id='line_1_39' title="bbox 189 2465 1786 2523; baseline 0.001 -1"><span class='ocrx_word' id='word_1_298' title='bbox 189 2479 352 2522; x_wconf 75' lang='lat' dir='ltr'><strong>terra:</strong></span> <span class='ocrx_word' id='word_1_299' title='bbox 380 2478 432 2520; x_wconf 93' lang='lat' dir='ltr'><strong>et</strong></span> <span class='ocrx_word' id='word_1_300' title='bbox 459 2469 622 2521; x_wconf 89' lang='lat' dir='ltr'><strong>maris</strong></span> <span class='ocrx_word' id='word_1_301' title='bbox 671 2467 944 2520; x_wconf 84' lang='lat' dir='ltr'><strong>transitus.</strong></span> <span class='ocrx_word' id='word_1_302' title='bbox 978 2465 1294 2522; x_wconf 90' lang='lat' dir='ltr'><strong>Peccatores</strong></span> <span class='ocrx_word' id='word_1_303' title='bbox 1333 2480 1508 2523; x_wconf 91' lang='lat' dir='ltr'><strong>autem</strong></span> <span class='ocrx_word' id='word_1_304' title='bbox 1539 2485 1656 2522; x_wconf 86' lang='lat' dir='ltr'><strong>cum</strong></span> <span class='ocrx_word' id='word_1_305' title='bbox 1689 2470 1786 2523; x_wconf 90' lang='lat' dir='ltr'><strong>ad-</strong></span> 
     </span>
    </p>
   </div>
   <div class='ocr_carea' id='block_1_40' title="bbox 183 2557 1787 2630">
    <p class='ocr_par' dir='ltr' id='par_1_40' title="bbox 183 2557 1787 2630">
     <span class='ocr_line' id='line_1_40' title="bbox 183 2557 1787 2630; baseline 0.002 -17"><span class='ocrx_word' id='word_1_306' title='bbox 183 2561 364 2630; x_wconf 84' lang='lat' dir='ltr'><strong>jungit</strong></span> <span class='ocrx_word' id='word_1_307' title='bbox 411 2560 703 2628; x_wconf 83' lang='lat' dir='ltr'><strong>publicanis</strong></span> <span class='ocrx_word' id='word_1_308' title='bbox 743 2559 911 2629; x_wconf 84' lang='lat' dir='ltr'><strong>(Luc.</strong></span> <span class='ocrx_word' id='word_1_309' title='bbox 945 2557 1059 2625; x_wconf 81' lang='lat' dir='ltr'><strong>XV,</strong></span> <span class='ocrx_word' id='word_1_310' title='bbox 1088 2559 1155 2628; x_wconf 70' lang='grc'><strong>2)</strong></span> <span class='ocrx_word' id='word_1_311' title='bbox 1187 2601 1201 2622; x_wconf 85' lang='grc'>,</span> <span class='ocrx_word' id='word_1_312' title='bbox 1238 2576 1342 2613; x_wconf 92' lang='lat' dir='ltr'><strong>non</strong></span> <span class='ocrx_word' id='word_1_313' title='bbox 1365 2562 1542 2614; x_wconf 88' lang='lat' dir='ltr'><strong>statim</strong></span> <span class='ocrx_word' id='word_1_314' title='bbox 1573 2561 1787 2616; x_wconf 72' lang='grc' dir='ltr'><strong>,ιιιίιωοε</strong></span> 
     </span>
    </p>
   </div>
   <div class='ocr_carea' id='block_1_41' title="bbox 189 2653 1785 2725">
    <p class='ocr_par' dir='ltr' id='par_1_41' title="bbox 189 2653 1785 2725">
     <span class='ocr_line' id='line_1_41' title="bbox 189 2653 1785 2725; baseline 0.001 -17"><span class='ocrx_word' id='word_1_315' title='bbox 189 2654 452 2717; x_wconf 89' lang='lat' dir='ltr'><strong>ostendit,</strong></span> <span class='ocrx_word' id='word_1_316' title='bbox 481 2654 581 2708; x_wconf 93' lang='lat' dir='ltr'><strong>etsi</strong></span> <span class='ocrx_word' id='word_1_317' title='bbox 609 2654 772 2721; x_wconf 88' lang='lat' dir='ltr'><strong>aliqui</strong></span> <span class='ocrx_word' id='word_1_318' title='bbox 819 2653 985 2707; x_wconf 88' lang='lat' dir='ltr'><strong>fuisse</strong></span> <span class='ocrx_word' id='word_1_319' title='bbox 1017 2662 1322 2721; x_wconf 91' lang='lat' dir='ltr'><strong>potuerunt.</strong></span> <span class='ocrx_word' id='word_1_320' title='bbox 1372 2653 1477 2708; x_wconf 87' lang='lat' dir='ltr'><strong>Sed</strong></span> <span class='ocrx_word' id='word_1_321' title='bbox 1504 2671 1662 2709; x_wconf 90' lang='lat' dir='ltr'><strong>unum</strong></span> <span class='ocrx_word' id='word_1_322' title='bbox 1690 2671 1785 2725; x_wconf 86' lang='lat' dir='ltr'><strong>ge-</strong></span> 
     </span>
    </p>
   </div>
   <div class='ocr_carea' id='block_1_42' title="bbox 191 2747 1786 2820">
    <p class='ocr_par' dir='ltr' id='par_1_42' title="bbox 191 2747 1786 2820">
     <span class='ocr_line' id='line_1_42' title="bbox 191 2747 1786 2820; baseline 0 -16"><span class='ocrx_word' id='word_1_323' title='bbox 191 2765 297 2804; x_wconf 90' lang='lat' dir='ltr'><strong>nus</strong></span> <span class='ocrx_word' id='word_1_324' title='bbox 317 2751 652 2806; x_wconf 86' lang='lat' dir='ltr'><strong>ethnicorum</strong></span> <span class='ocrx_word' id='word_1_325' title='bbox 681 2749 815 2803; x_wconf 90' lang='lat' dir='ltr'><strong>alios</strong></span> <span class='ocrx_word' id='word_1_326' title='bbox 839 2765 903 2803; x_wconf 74' lang='lat' dir='ltr'><strong>ex</strong></span> <span class='ocrx_word' id='word_1_327' title='bbox 935 2747 1111 2802; x_wconf 81' lang='lat' dir='ltr'><strong>oflieio</strong></span> <span class='ocrx_word' id='word_1_328' title='bbox 1141 2759 1467 2818; x_wconf 80' lang='lat' dir='ltr'><strong>peccatores,</strong></span> <span class='ocrx_word' id='word_1_329' title='bbox 1497 2749 1546 2803; x_wconf 91' lang='lat' dir='ltr'><strong>id</strong></span> <span class='ocrx_word' id='word_1_330' title='bbox 1576 2762 1651 2804; x_wconf 88' lang='lat' dir='ltr'><strong>est</strong></span> <span class='ocrx_word' id='word_1_331' title='bbox 1686 2766 1786 2820; x_wconf 86' lang='lat' dir='ltr'><strong>pti-</strong></span> 
     </span>
    </p>
   </div>
   <div class='ocr_carea' id='block_1_43' title="bbox 191 2839 1790 2909">
    <p class='ocr_par' dir='ltr' id='par_1_43' title="bbox 191 2839 1790 2909">
     <span class='ocr_line' id='line_1_43' title="bbox 191 2839 1790 2909; baseline 0.001 -16"><span class='ocrx_word' id='word_1_332' title='bbox 191 2842 454 2906; x_wconf 72' lang='lat' dir='ltr'><strong>lilicanos,</strong></span> <span class='ocrx_word' id='word_1_333' title='bbox 485 2841 618 2894; x_wconf 89' lang='lat' dir='ltr'><strong>alios</strong></span> <span class='ocrx_word' id='word_1_334' title='bbox 647 2857 712 2894; x_wconf 81' lang='lat' dir='ltr'><strong>ex</strong></span> <span class='ocrx_word' id='word_1_335' title='bbox 757 2849 964 2902; x_wconf 86' lang='lat' dir='ltr'><strong>natura.</strong></span> <span class='ocrx_word' id='word_1_336' title='bbox 1001 2839 1052 2893; x_wconf 90' lang='lat' dir='ltr'><strong>id</strong></span> <span class='ocrx_word' id='word_1_337' title='bbox 1083 2848 1292 2894; x_wconf 89' lang='lat' dir='ltr'><strong>estnon</strong></span> <span class='ocrx_word' id='word_1_338' title='bbox 1322 2839 1630 2908; x_wconf 65' lang='lat' dir='ltr'><strong>publicanos</strong></span> <span class='ocrx_word' id='word_1_339' title='bbox 1650 2841 1790 2909; x_wconf 85' lang='lat' dir='ltr'><strong>pari-</strong></span> 
     </span>
    </p>
   </div>
   <div class='ocr_carea' id='block_1_44' title="bbox 192 2930 1786 3003">
    <p class='ocr_par' dir='ltr' id='par_1_44' title="bbox 192 2930 1786 3003">
     <span class='ocr_line' id='line_1_44' title="bbox 192 2930 1786 3003; baseline 0 -16"><span class='ocrx_word' id='word_1_340' title='bbox 192 2943 279 2988; x_wconf 86' lang='lat' dir='ltr'><strong>tcr</strong></span> <span class='ocrx_word' id='word_1_341' title='bbox 311 2933 555 3003; x_wconf 89' lang='lat' dir='ltr'><strong>ponendo</strong></span> <span class='ocrx_word' id='word_1_342' title='bbox 576 2932 840 2986; x_wconf 79' lang='lat' dir='ltr'><strong>distinxit.</strong></span> <span class='ocrx_word' id='word_1_343' title='bbox 867 2930 1156 2996; x_wconf 63' lang='lat' dir='ltr'><strong>Cieternm,</strong></span> <span class='ocrx_word' id='word_1_344' title='bbox 1178 2947 1275 2986; x_wconf 91' lang='lat' dir='ltr'><strong>nec</strong></span> <span class='ocrx_word' id='word_1_345' title='bbox 1297 2931 1640 2986; x_wconf 84' lang='lat' dir='ltr'><strong>denotaretnr</strong></span> <span class='ocrx_word' id='word_1_346' title='bbox 1665 2949 1786 2987; x_wconf 88' lang='lat' dir='ltr'><strong>ctnn</strong></span> 
     </span>
    </p>
   </div>
   <div class='ocr_carea' id='block_1_45' title="bbox 190 3025 1786 3094">
    <p class='ocr_par' dir='ltr' id='par_1_45' title="bbox 190 3025 1786 3094">
     <span class='ocr_line' id='line_1_45' title="bbox 190 3025 1786 3094; baseline -0.002 -11"><span class='ocrx_word' id='word_1_347' title='bbox 190 3027 395 3083; x_wconf 68' lang='lat' dir='ltr'><strong>Judaeis</strong></span> <span class='ocrx_word' id='word_1_348' title='bbox 433 3026 504 3094; x_wconf 79' lang='grc' dir='ltr'><strong>(τ)</strong></span> <span class='ocrx_word' id='word_1_349' title='bbox 540 3026 948 3081; x_wconf 83' lang='lat' dir='ltr'><strong>communicatis</strong></span> <span class='ocrx_word' id='word_1_350' title='bbox 991 3027 1207 3089; x_wconf 83' lang='lat' dir='ltr'><strong>victum,</strong></span> <span class='ocrx_word' id='word_1_351' title='bbox 1232 3025 1326 3079; x_wconf 90' lang='lat' dir='ltr'><strong>sed</strong></span> <span class='ocrx_word' id='word_1_352' title='bbox 1357 3042 1478 3080; x_wconf 89' lang='lat' dir='ltr'><strong>cum</strong></span> <span class='ocrx_word' id='word_1_353' title='bbox 1513 3026 1742 3080; x_wconf 85' lang='lat' dir='ltr'><strong>ethnicis</strong></span> <span class='ocrx_word' id='word_1_354' title='bbox 1773 3069 1786 3092; x_wconf 93' lang='lat'><strong>,</strong></span> 
     </span>
    </p>
   </div>
   <div class='ocr_carea' id='block_1_46' title="bbox 192 3118 1790 3189">
    <p class='ocr_par' dir='ltr' id='par_1_46' title="bbox 192 3118 1790 3189">
     <span class='ocr_line' id='line_1_46' title="bbox 192 3118 1790 3189; baseline 0.003 -17"><span class='ocrx_word' id='word_1_355' title='bbox 192 3134 426 3188; x_wconf 86' lang='lat' dir='ltr'><strong>quorum</strong></span> <span class='ocrx_word' id='word_1_356' title='bbox 457 3133 696 3173; x_wconf 87' lang='lat' dir='ltr'><strong>mensam</strong></span> <span class='ocrx_word' id='word_1_357' title='bbox 721 3118 931 3187; x_wconf 87' lang='lat' dir='ltr'><strong>judaica</strong></span> <span class='ocrx_word' id='word_1_358' title='bbox 968 3118 1244 3187; x_wconf 86' lang='lat' dir='ltr'><strong>disciplina</strong></span> <span class='ocrx_word' id='word_1_359' title='bbox 1266 3118 1504 3189; x_wconf 88' lang='lat' dir='ltr'><strong>depellit.</strong></span> <span class='ocrx_word' id='word_1_360' title='bbox 1547 3119 1698 3174; x_wconf 87' lang='lat' dir='ltr'><strong>Nunc</strong></span> <span class='ocrx_word' id='word_1_361' title='bbox 1722 3119 1790 3176; x_wconf 90' lang='lat' dir='ltr'><strong>de</strong></span> 
     </span>
    </p>
   </div>
   <div class='ocr_carea' id='block_1_47' title="bbox 194 3209 1785 3282">
    <p class='ocr_par' dir='ltr' id='par_1_47' title="bbox 194 3209 1785 3282">
     <span class='ocr_line' id='line_1_47' title="bbox 194 3209 1785 3282; baseline 0.001 -18"><span class='ocrx_word' id='word_1_362' title='bbox 194 3213 306 3264; x_wconf 86' lang='lat' dir='ltr'><strong>tilio</strong></span> <span class='ocrx_word' id='word_1_363' title='bbox 331 3211 550 3281; x_wconf 80' lang='lat' dir='ltr'><strong>proligo</strong></span> <span class='ocrx_word' id='word_1_364' title='bbox 583 3211 631 3263; x_wconf 88' lang='lat' dir='ltr'><strong>id</strong></span> <span class='ocrx_word' id='word_1_365' title='bbox 651 3211 796 3281; x_wconf 91' lang='lat' dir='ltr'><strong>prius</strong></span> <span class='ocrx_word' id='word_1_366' title='bbox 826 3209 1274 3265; x_wconf 87' lang='lat' dir='ltr'><strong>considerandum</strong></span> <span class='ocrx_word' id='word_1_367' title='bbox 1302 3222 1383 3266; x_wconf 88' lang='lat' dir='ltr'><strong>est</strong></span> <span class='ocrx_word' id='word_1_368' title='bbox 1408 3211 1547 3282; x_wconf 90' lang='lat' dir='ltr'><strong>quod</strong></span> <span class='ocrx_word' id='word_1_369' title='bbox 1575 3212 1785 3267; x_wconf 90' lang='lat' dir='ltr'><strong>utilius:</strong></span> 
     </span>
    </p>
   </div>
   <div class='ocr_carea' id='block_1_48' title="bbox 1888 1999 3483 2068">
    <p class='ocr_par' dir='ltr' id='par_1_48' title="bbox 1888 1999 3483 2068">
     <span class='ocr_line' id='line_1_48' title="bbox 1888 1999 3483 2068; baseline 0.012 -19"><span class='ocrx_word' id='word_1_370' title='bbox 1888 2014 1953 2051; x_wconf 90' lang='lat' dir='ltr'><strong>an</strong></span> <span class='ocrx_word' id='word_1_371' title='bbox 2001 1999 2191 2052; x_wconf 90' lang='lat' dir='ltr'><strong>habeat</strong></span> <span class='ocrx_word' id='word_1_372' title='bbox 2223 2000 2469 2054; x_wconf 88' lang='lat' dir='ltr'><strong>ethnicus</strong></span> <span class='ocrx_word' id='word_1_373' title='bbox 2501 2001 2850 2058; x_wconf 86' lang='lat' dir='ltr'><strong>substantiam</strong></span> <span class='ocrx_word' id='word_1_374' title='bbox 2884 2006 2934 2060; x_wconf 91' lang='lat' dir='ltr'><strong>in</strong></span> <span class='ocrx_word' id='word_1_375' title='bbox 2967 2006 3073 2062; x_wconf 91' lang='lat' dir='ltr'><strong>Deo</strong></span> <span class='ocrx_word' id='word_1_376' title='bbox 3101 2008 3259 2065; x_wconf 88' lang='lat' dir='ltr'><strong>Patre</strong></span> <span class='ocrx_word' id='word_1_377' title='bbox 3289 2026 3483 2068; x_wconf 91' lang='lat' dir='ltr'><strong>census</strong></span> 
     </span>
    </p>
   </div>
   <div class='ocr_carea' id='block_1_49' title="bbox 1889 2090 3483 2174">
    <p class='ocr_par' dir='ltr' id='par_1_49' title="bbox 1889 2090 3483 2174">
     <span class='ocr_line' id='line_1_49' title="bbox 1889 2090 3483 2174; baseline 0.011 -31"><span class='ocrx_word' id='word_1_378' title='bbox 1889 2090 2244 2159; x_wconf 74' lang='lat' dir='ltr'><strong>etsapientim</strong></span> <span class='ocrx_word' id='word_1_379' title='bbox 2294 2101 2347 2145; x_wconf 91' lang='lat' dir='ltr'><strong>et</strong></span> <span class='ocrx_word' id='word_1_380' title='bbox 2390 2093 2647 2148; x_wconf 88' lang='lat' dir='ltr'><strong>naturalis</strong></span> <span class='ocrx_word' id='word_1_381' title='bbox 2699 2096 2981 2165; x_wconf 85' lang='lat' dir='ltr'><strong>agnitionis</strong></span> <span class='ocrx_word' id='word_1_382' title='bbox 3034 2099 3084 2153; x_wconf 93' lang='lat' dir='ltr'><strong>in</strong></span> <span class='ocrx_word' id='word_1_383' title='bbox 3141 2101 3336 2169; x_wconf 91' lang='lat' dir='ltr'><strong>Deum;</strong></span> <span class='ocrx_word' id='word_1_384' title='bbox 3388 2119 3483 2174; x_wconf 89' lang='lat' dir='ltr'><strong>per</strong></span> 
     </span>
    </p>
   </div>
   <div class='ocr_carea' id='block_1_50' title="bbox 1889 2184 3480 2268">
    <p class='ocr_par' dir='ltr' id='par_1_50' title="bbox 1889 2184 3480 2268">
     <span class='ocr_line' id='line_1_50' title="bbox 1889 2184 3480 2268; baseline 0.013 -37"><span class='ocrx_word' id='word_1_385' title='bbox 1889 2193 2124 2249; x_wconf 88' lang='lat' dir='ltr'><strong>quamet</strong></span> <span class='ocrx_word' id='word_1_386' title='bbox 2156 2184 2447 2252; x_wconf 84' lang='lat' dir='ltr'><strong>Apostolus</strong></span> <span class='ocrx_word' id='word_1_387' title='bbox 2475 2196 2624 2240; x_wconf 91' lang='lat' dir='ltr'><strong>notat</strong></span> <span class='ocrx_word' id='word_1_388' title='bbox 2653 2187 2704 2240; x_wconf 93' lang='lat' dir='ltr'><strong>in</strong></span> <span class='ocrx_word' id='word_1_389' title='bbox 2730 2189 2988 2258; x_wconf 82' lang='lat' dir='ltr'><strong>sapientia</strong></span> <span class='ocrx_word' id='word_1_390' title='bbox 3031 2192 3118 2246; x_wconf 87' lang='lat' dir='ltr'><strong>Dei</strong></span> <span class='ocrx_word' id='word_1_391' title='bbox 3149 2210 3252 2248; x_wconf 90' lang='lat' dir='ltr'><strong>non</strong></span> <span class='ocrx_word' id='word_1_392' title='bbox 3281 2211 3480 2268; x_wconf 84' lang='lat' dir='ltr'><strong>cogno-</strong></span> 
     </span>
    </p>
   </div>
   <div class='ocr_carea' id='block_1_51' title="bbox 1889 2275 3481 2360">
    <p class='ocr_par' dir='ltr' id='par_1_51' title="bbox 1889 2275 3481 2360">
     <span class='ocr_line' id='line_1_51' title="bbox 1889 2275 3481 2360; baseline 0.01 -32"><span class='ocrx_word' id='word_1_393' title='bbox 1889 2276 2029 2329; x_wconf 90' lang='lat' dir='ltr'><strong>visse</strong></span> <span class='ocrx_word' id='word_1_394' title='bbox 2058 2275 2309 2331; x_wconf 91' lang='lat' dir='ltr'><strong>mundum</strong></span> <span class='ocrx_word' id='word_1_395' title='bbox 2352 2293 2448 2347; x_wconf 92' lang='lat' dir='ltr'><strong>per</strong></span> <span class='ocrx_word' id='word_1_396' title='bbox 2469 2279 2783 2348; x_wconf 90' lang='lat' dir='ltr'><strong>sapientiam</strong></span> <span class='ocrx_word' id='word_1_397' title='bbox 2825 2281 2987 2337; x_wconf 88' lang='lat' dir='ltr'><strong>Deum</strong></span> <span class='ocrx_word' id='word_1_398' title='bbox 3028 2285 3045 2354; x_wconf 93' lang='lat'>(</span> <span class='ocrx_word' id='word_1_399' title='bbox 3096 2285 3112 2338; x_wconf 91' lang='grc' dir='ltr'><strong>Ι</strong></span> <span class='ocrx_word' id='word_1_400' title='bbox 3150 2285 3267 2341; x_wconf 83' lang='lat' dir='ltr'><strong>Cor.</strong></span> <span class='ocrx_word' id='word_1_401' title='bbox 3297 2288 3338 2353; x_wconf 92' lang='lat' dir='ltr'><strong>l,</strong></span> <span class='ocrx_word' id='word_1_402' title='bbox 3364 2288 3481 2360; x_wconf 72' lang='grc'><strong>21),</strong></span> 
     </span>
    </p>
   </div>
   <div class='ocr_carea' id='block_1_52' title="bbox 1888 2371 3486 2452">
    <p class='ocr_par' dir='ltr' id='par_1_52' title="bbox 1888 2371 3486 2452">
     <span class='ocr_line' id='line_1_52' title="bbox 1888 2371 3486 2452; baseline 0.01 -30"><span class='ocrx_word' id='word_1_403' title='bbox 1888 2383 2044 2436; x_wconf 89' lang='lat' dir='ltr'><strong>quam</strong></span> <span class='ocrx_word' id='word_1_404' title='bbox 2078 2371 2257 2438; x_wconf 89' lang='lat' dir='ltr'><strong>utique</strong></span> <span class='ocrx_word' id='word_1_405' title='bbox 2298 2385 2327 2423; x_wconf 90' lang='lat' dir='ltr'><strong>a</strong></span> <span class='ocrx_word' id='word_1_406' title='bbox 2361 2371 2467 2424; x_wconf 85' lang='lat' dir='ltr'><strong>Deo</strong></span> <span class='ocrx_word' id='word_1_407' title='bbox 2489 2382 2788 2439; x_wconf 90' lang='lat' dir='ltr'><strong>acceperat.</strong></span> <span class='ocrx_word' id='word_1_408' title='bbox 2840 2373 2986 2430; x_wconf 88' lang='lat' dir='ltr'><strong>Hane</strong></span> <span class='ocrx_word' id='word_1_409' title='bbox 3033 2377 3212 2449; x_wconf 87' lang='lat' dir='ltr'><strong>itaque</strong></span> <span class='ocrx_word' id='word_1_410' title='bbox 3243 2381 3486 2452; x_wconf 88' lang='lat' dir='ltr'><strong>prodegit</strong></span> 
     </span>
    </p>
   </div>
   <div class='ocr_carea' id='block_1_53' title="bbox 1891 2461 3482 2533">
    <p class='ocr_par' dir='ltr' id='par_1_53' title="bbox 1891 2461 3482 2533">
     <span class='ocr_line' id='line_1_53' title="bbox 1891 2461 3482 2533; baseline 0.012 -19"><span class='ocrx_word' id='word_1_411' title='bbox 1891 2461 2048 2530; x_wconf 83' lang='lat' dir='ltr'><strong>Iunge</strong></span> <span class='ocrx_word' id='word_1_412' title='bbox 2069 2478 2097 2514; x_wconf 91' lang='lat' dir='ltr'><strong>a</strong></span> <span class='ocrx_word' id='word_1_413' title='bbox 2128 2462 2354 2518; x_wconf 92' lang='lat' dir='ltr'><strong>Domino</strong></span> <span class='ocrx_word' id='word_1_414' title='bbox 2385 2464 2620 2519; x_wconf 88' lang='lat' dir='ltr'><strong>moribus</strong></span> <span class='ocrx_word' id='word_1_415' title='bbox 2649 2465 2820 2521; x_wconf 90' lang='lat' dir='ltr'><strong>factus</strong></span> <span class='ocrx_word' id='word_1_416' title='bbox 2843 2468 2980 2524; x_wconf 91' lang='lat' dir='ltr'><strong>inter</strong></span> <span class='ocrx_word' id='word_1_417' title='bbox 3005 2487 3216 2528; x_wconf 88' lang='lat' dir='ltr'><strong>errores</strong></span> <span class='ocrx_word' id='word_1_418' title='bbox 3232 2484 3281 2528; x_wconf 85' lang='lat' dir='ltr'><strong>et</strong></span> <span class='ocrx_word' id='word_1_419' title='bbox 3301 2476 3482 2533; x_wconf 90' lang='lat' dir='ltr'><strong>illece-</strong></span> 
     </span>
    </p>
   </div>
   <div class='ocr_carea' id='block_1_54' title="bbox 1891 2553 3482 2638">
    <p class='ocr_par' dir='ltr' id='par_1_54' title="bbox 1891 2553 3482 2638">
     <span class='ocr_line' id='line_1_54' title="bbox 1891 2553 3482 2638; baseline 0.011 -31"><span class='ocrx_word' id='word_1_420' title='bbox 1891 2553 2012 2607; x_wconf 90' lang='lat' dir='ltr'><strong>bras</strong></span> <span class='ocrx_word' id='word_1_421' title='bbox 2037 2563 2091 2608; x_wconf 92' lang='lat' dir='ltr'><strong>et</strong></span> <span class='ocrx_word' id='word_1_422' title='bbox 2112 2553 2358 2610; x_wconf 90' lang='lat' dir='ltr'><strong>libidines</strong></span> <span class='ocrx_word' id='word_1_423' title='bbox 2381 2557 2583 2621; x_wconf 82' lang='lat' dir='ltr'><strong>saeculi,</strong></span> <span class='ocrx_word' id='word_1_424' title='bbox 2608 2558 2697 2613; x_wconf 91' lang='lat' dir='ltr'><strong>ubi</strong></span> <span class='ocrx_word' id='word_1_425' title='bbox 2724 2559 2864 2614; x_wconf 91' lang='lat' dir='ltr'><strong>fame</strong></span> <span class='ocrx_word' id='word_1_426' title='bbox 2888 2562 3126 2618; x_wconf 90' lang='lat' dir='ltr'><strong>veritatis</strong></span> <span class='ocrx_word' id='word_1_427' title='bbox 3151 2569 3482 2638; x_wconf 89' lang='lat' dir='ltr'><strong>compulsus,</strong></span> 
     </span>
    </p>
   </div>
   <div class='ocr_carea' id='block_1_55' title="bbox 1892 2644 3483 2729">
    <p class='ocr_par' dir='ltr' id='par_1_55' title="bbox 1892 2644 3483 2729">
     <span class='ocr_line' id='line_1_55' title="bbox 1892 2644 3483 2729; baseline 0.013 -31"><span class='ocrx_word' id='word_1_428' title='bbox 1892 2644 2101 2700; x_wconf 90' lang='lat' dir='ltr'><strong>tradidit</strong></span> <span class='ocrx_word' id='word_1_429' title='bbox 2129 2661 2188 2701; x_wconf 90' lang='lat' dir='ltr'><strong>se</strong></span> <span class='ocrx_word' id='word_1_430' title='bbox 2216 2648 2436 2717; x_wconf 90' lang='lat' dir='ltr'><strong>principi</strong></span> <span class='ocrx_word' id='word_1_431' title='bbox 2465 2648 2624 2717; x_wconf 89' lang='lat' dir='ltr'><strong>hujus</strong></span> <span class='ocrx_word' id='word_1_432' title='bbox 2640 2651 2759 2706; x_wconf 64' lang='lat' dir='ltr'><strong>aevi.</strong></span> <span class='ocrx_word' id='word_1_433' title='bbox 2785 2651 2873 2706; x_wconf 91' lang='lat' dir='ltr'><strong>Ille</strong></span> <span class='ocrx_word' id='word_1_434' title='bbox 2892 2668 3014 2708; x_wconf 88' lang='lat' dir='ltr'><strong>eum</strong></span> <span class='ocrx_word' id='word_1_435' title='bbox 3041 2657 3282 2725; x_wconf 68' lang='lat' dir='ltr'><strong>praefecit</strong></span> <span class='ocrx_word' id='word_1_436' title='bbox 3308 2663 3483 2729; x_wconf 85' lang='lat' dir='ltr'><strong>porcis</strong></span> 
     </span>
    </p>
   </div>
   <div class='ocr_carea' id='block_1_56' title="bbox 1891 2737 3486 2820">
    <p class='ocr_par' dir='ltr' id='par_1_56' title="bbox 1891 2737 3486 2820">
     <span class='ocr_line' id='line_1_56' title="bbox 1891 2737 3486 2820; baseline 0.013 -29"><span class='ocrx_word' id='word_1_437' title='bbox 1891 2737 1908 2808; x_wconf 82' lang='lat'>(</span> <span class='ocrx_word' id='word_1_438' title='bbox 1940 2747 1996 2792; x_wconf 92' lang='lat' dir='ltr'><strong>ut</strong></span> <span class='ocrx_word' id='word_1_439' title='bbox 2023 2738 2282 2794; x_wconf 83' lang='lat' dir='ltr'><strong>familiare</strong></span> <span class='ocrx_word' id='word_1_440' title='bbox 2309 2740 2358 2794; x_wconf 93' lang='lat' dir='ltr'><strong>id</strong></span> <span class='ocrx_word' id='word_1_441' title='bbox 2389 2741 2697 2797; x_wconf 70' lang='lat' dir='ltr'><strong>daemonum</strong></span> <span class='ocrx_word' id='word_1_442' title='bbox 2733 2759 2894 2813; x_wconf 90' lang='lat' dir='ltr'><strong>pecus</strong></span> <span class='ocrx_word' id='word_1_443' title='bbox 2923 2759 3164 2815; x_wconf 89' lang='lat' dir='ltr'><strong>pasceret</strong></span> <span class='ocrx_word' id='word_1_444' title='bbox 3191 2749 3235 2820; x_wconf 87' lang='lat'><strong>),</strong></span> <span class='ocrx_word' id='word_1_445' title='bbox 3267 2751 3354 2806; x_wconf 92' lang='lat' dir='ltr'><strong>ubi</strong></span> <span class='ocrx_word' id='word_1_446' title='bbox 3386 2769 3486 2811; x_wconf 88' lang='lat' dir='ltr'><strong>nec</strong></span> 
     </span>
    </p>
   </div>
   <div class='ocr_carea' id='block_1_57' title="bbox 1893 2832 3488 2910">
    <p class='ocr_par' dir='ltr' id='par_1_57' title="bbox 1893 2832 3488 2910">
     <span class='ocr_line' id='line_1_57' title="bbox 1893 2832 3488 2910; baseline 0.012 -25"><span class='ocrx_word' id='word_1_447' title='bbox 1893 2832 1980 2886; x_wconf 92' lang='lat' dir='ltr'><strong>ille</strong></span> <span class='ocrx_word' id='word_1_448' title='bbox 2008 2847 2230 2902; x_wconf 89' lang='lat' dir='ltr'><strong>compos</strong></span> <span class='ocrx_word' id='word_1_449' title='bbox 2263 2843 2405 2888; x_wconf 90' lang='lat' dir='ltr'><strong>esset</strong></span> <span class='ocrx_word' id='word_1_450' title='bbox 2435 2835 2609 2890; x_wconf 85' lang='lat' dir='ltr'><strong>vitalis</strong></span> <span class='ocrx_word' id='word_1_451' title='bbox 2637 2853 2797 2904; x_wconf 71' lang='lat' dir='ltr'><strong>escae,</strong></span> <span class='ocrx_word' id='word_1_452' title='bbox 2824 2839 3090 2910; x_wconf 88' lang='lat' dir='ltr'><strong>simulque</strong></span> <span class='ocrx_word' id='word_1_453' title='bbox 3117 2843 3252 2899; x_wconf 90' lang='lat' dir='ltr'><strong>alios</strong></span> <span class='ocrx_word' id='word_1_454' title='bbox 3282 2846 3488 2904; x_wconf 85' lang='lat' dir='ltr'><strong>videret</strong></span> 
     </span>
    </p>
   </div>
   <div class='ocr_carea' id='block_1_58' title="bbox 1892 2925 3488 3001">
    <p class='ocr_par' dir='ltr' id='par_1_58' title="bbox 1892 2925 3488 3001">
     <span class='ocr_line' id='line_1_58' title="bbox 1892 2925 3488 3001; baseline 0.013 -22"><span class='ocrx_word' id='word_1_455' title='bbox 1892 2925 1942 2979; x_wconf 91' lang='lat' dir='ltr'><strong>in</strong></span> <span class='ocrx_word' id='word_1_456' title='bbox 1973 2941 2136 2995; x_wconf 89' lang='lat' dir='ltr'><strong>opere</strong></span> <span class='ocrx_word' id='word_1_457' title='bbox 2156 2927 2337 2981; x_wconf 89' lang='lat' dir='ltr'><strong>divino</strong></span> <span class='ocrx_word' id='word_1_458' title='bbox 2364 2929 2697 2985; x_wconf 91' lang='lat' dir='ltr'><strong>abundantes</strong></span> <span class='ocrx_word' id='word_1_459' title='bbox 2731 2947 2866 3001; x_wconf 83' lang='lat' dir='ltr'><strong>pane</strong></span> <span class='ocrx_word' id='word_1_460' title='bbox 2896 2936 3121 2990; x_wconf 69' lang='lat' dir='ltr'><strong>cmlesti.</strong></span> <span class='ocrx_word' id='word_1_461' title='bbox 3159 2937 3488 2998; x_wconf 81' lang='lat' dir='ltr'><strong>Recordatur</strong></span> 
     </span>
    </p>
   </div>
   <div class='ocr_carea' id='block_1_59' title="bbox 1892 3017 3482 3103">
    <p class='ocr_par' dir='ltr' id='par_1_59' title="bbox 1892 3017 3482 3103">
     <span class='ocr_line' id='line_1_59' title="bbox 1892 3017 3482 3103; baseline 0.013 -34"><span class='ocrx_word' id='word_1_462' title='bbox 1892 3021 2056 3086; x_wconf 89' lang='lat' dir='ltr'><strong>patris</strong></span> <span class='ocrx_word' id='word_1_463' title='bbox 2075 3017 2190 3084; x_wconf 91' lang='lat' dir='ltr'><strong>Dei,</strong></span> <span class='ocrx_word' id='word_1_464' title='bbox 2217 3019 2490 3074; x_wconf 81' lang='lat' dir='ltr'><strong>satisfacto</strong></span> <span class='ocrx_word' id='word_1_465' title='bbox 2521 3021 2676 3087; x_wconf 89' lang='lat' dir='ltr'><strong>redit,</strong></span> <span class='ocrx_word' id='word_1_466' title='bbox 2711 3036 2915 3079; x_wconf 87' lang='lat' dir='ltr'><strong>vestem</strong></span> <span class='ocrx_word' id='word_1_467' title='bbox 2947 3029 3223 3094; x_wconf 83' lang='lat' dir='ltr'><strong>pristinam</strong></span> <span class='ocrx_word' id='word_1_468' title='bbox 3254 3033 3482 3103; x_wconf 90' lang='lat' dir='ltr'><strong>recipit;</strong></span> 
     </span>
    </p>
   </div>
   <div class='ocr_carea' id='block_1_60' title="bbox 1893 3109 3488 3191">
    <p class='ocr_par' dir='ltr' id='par_1_60' title="bbox 1893 3109 3488 3191">
     <span class='ocr_line' id='line_1_60' title="bbox 1893 3109 3488 3191; baseline 0.013 -30"><span class='ocrx_word' id='word_1_469' title='bbox 1893 3119 2086 3163; x_wconf 88' lang='lat' dir='ltr'><strong>statum</strong></span> <span class='ocrx_word' id='word_1_470' title='bbox 2114 3109 2320 3165; x_wconf 90' lang='lat' dir='ltr'><strong>scilicet</strong></span> <span class='ocrx_word' id='word_1_471' title='bbox 2343 3128 2466 3166; x_wconf 91' lang='lat' dir='ltr'><strong>cum</strong></span> <span class='ocrx_word' id='word_1_472' title='bbox 2497 3129 2656 3184; x_wconf 83' lang='lat' dir='ltr'><strong>quem</strong></span> <span class='ocrx_word' id='word_1_473' title='bbox 2699 3115 2869 3171; x_wconf 84' lang='lat' dir='ltr'><strong>Adam</strong></span> <span class='ocrx_word' id='word_1_474' title='bbox 2904 3128 3266 3191; x_wconf 79' lang='lat' dir='ltr'><strong>transgressus</strong></span> <span class='ocrx_word' id='word_1_475' title='bbox 3290 3127 3488 3182; x_wconf 85' lang='lat' dir='ltr'><strong>amise-</strong></span> 
     </span>
    </p>
   </div>
   <div class='ocr_carea' id='block_1_61' title="bbox 1893 3202 3486 3286">
    <p class='ocr_par' dir='ltr' id='par_1_61' title="bbox 1893 3202 3486 3286">
     <span class='ocr_line' id='line_1_61' title="bbox 1893 3202 3486 3286; baseline 0.013 -33"><span class='ocrx_word' id='word_1_476' title='bbox 1893 3209 1976 3254; x_wconf 91' lang='lat' dir='ltr'><strong>rat</strong></span> <span class='ocrx_word' id='word_1_477' title='bbox 2007 3219 2022 3266; x_wconf 91' lang='lat'><strong>;</strong></span> <span class='ocrx_word' id='word_1_478' title='bbox 2055 3202 2309 3256; x_wconf 88' lang='lat' dir='ltr'><strong>annulum</strong></span> <span class='ocrx_word' id='word_1_479' title='bbox 2352 3220 2564 3275; x_wconf 89' lang='lat' dir='ltr'><strong>quoque</strong></span> <span class='ocrx_word' id='word_1_480' title='bbox 2594 3207 2786 3277; x_wconf 90' lang='lat' dir='ltr'><strong>accipit</strong></span> <span class='ocrx_word' id='word_1_481' title='bbox 2815 3220 2936 3265; x_wconf 92' lang='lat' dir='ltr'><strong>tunc</strong></span> <span class='ocrx_word' id='word_1_482' title='bbox 2965 3213 3212 3280; x_wconf 89' lang='lat' dir='ltr'><strong>primum,</strong></span> <span class='ocrx_word' id='word_1_483' title='bbox 3237 3232 3341 3286; x_wconf 90' lang='lat' dir='ltr'><strong>quo</strong></span> <span class='ocrx_word' id='word_1_484' title='bbox 3367 3217 3486 3275; x_wconf 85' lang='lat' dir='ltr'><strong>fidei</strong></span> 
     </span>
    </p>
   </div>
   <div class='ocr_carea' id='block_1_62' title="bbox 195 3295 3489 3375">
    <p class='ocr_par' dir='ltr' id='par_1_62' title="bbox 195 3295 3489 3375">
     <span class='ocr_line' id='line_1_62' title="bbox 195 3295 3489 3375; baseline 0.001 -17"><span class='ocrx_word' id='word_1_485' title='bbox 195 3320 302 3359; x_wconf 90' lang='lat' dir='ltr'><strong>non</strong></span> <span class='ocrx_word' id='word_1_486' title='bbox 349 3306 489 3359; x_wconf 90' lang='lat' dir='ltr'><strong>enim</strong></span> <span class='ocrx_word' id='word_1_487' title='bbox 532 3303 842 3359; x_wconf 87' lang='lat' dir='ltr'><strong>admittetur</strong></span> <span class='ocrx_word' id='word_1_488' title='bbox 884 3303 1253 3373; x_wconf 85' lang='lat' dir='ltr'><strong>exemplorum</strong></span> <span class='ocrx_word' id='word_1_489' title='bbox 1299 3303 1619 3374; x_wconf 73' lang='lat' dir='ltr'><strong>adieqnatio,</strong></span> <span class='ocrx_word' id='word_1_490' title='bbox 1667 3301 1858 3364; x_wconf 88' lang='lat' dir='ltr'><strong>IicetC</strong></span> <span class='ocrx_word' id='word_1_491' title='bbox 1896 3295 2190 3362; x_wconf 67' lang='grc' dir='ltr'><strong>ιιδοιίοιιθιιι</strong></span> <span class='ocrx_word' id='word_1_492' title='bbox 2254 3296 2608 3367; x_wconf 71' lang='lat' dir='ltr'><strong>interrogatus</strong></span> <span class='ocrx_word' id='word_1_493' title='bbox 2641 3301 2903 3371; x_wconf 77' lang='lat' dir='ltr'><strong>Obsigttal,</strong></span> <span class='ocrx_word' id='word_1_494' title='bbox 2976 3315 3134 3375; x_wconf 83' lang='lat' dir='ltr'><strong>atque</strong></span> <span class='ocrx_word' id='word_1_495' title='bbox 3173 3309 3238 3361; x_wconf 91' lang='lat' dir='ltr'><strong>ita</strong></span> <span class='ocrx_word' id='word_1_496' title='bbox 3297 3312 3489 3369; x_wconf 66' lang='lat' dir='ltr'><strong>exinde</strong></span> 
     </span>
    </p>
   </div>
   <div class='ocr_carea' id='block_1_63' title="bbox 194 3395 1788 3467">
    <p class='ocr_par' dir='ltr' id='par_1_63' title="bbox 194 3395 1788 3467">
     <span class='ocr_line' id='line_1_63' title="bbox 194 3395 1788 3467; baseline -0.001 -15"><span class='ocrx_word' id='word_1_497' title='bbox 194 3397 412 3467; x_wconf 86' lang='lat' dir='ltr'><strong>imagini</strong></span> <span class='ocrx_word' id='word_1_498' title='bbox 444 3396 949 3467; x_wconf 83' lang='lat' dir='ltr'><strong>congruentissima,</strong></span> <span class='ocrx_word' id='word_1_499' title='bbox 967 3396 1010 3448; x_wconf 90' lang='lat' dir='ltr'><strong>si</strong></span> <span class='ocrx_word' id='word_1_500' title='bbox 1030 3395 1191 3450; x_wconf 91' lang='lat' dir='ltr'><strong>fuerit</strong></span> <span class='ocrx_word' id='word_1_501' title='bbox 1211 3395 1367 3449; x_wconf 92' lang='lat' dir='ltr'><strong>saluti</strong></span> <span class='ocrx_word' id='word_1_502' title='bbox 1388 3397 1788 3451; x_wconf 88' lang='lat' dir='ltr'><strong>nocentissima.</strong></span> 
     </span>
    </p>
   </div>
   <div class='ocr_carea' id='block_1_64' title="bbox 193 3489 1792 3561">
    <p class='ocr_par' dir='ltr' id='par_1_64' title="bbox 193 3489 1792 3561">
     <span class='ocr_line' id='line_1_64' title="bbox 193 3489 1792 3561; baseline 0.003 -18"><span class='ocrx_word' id='word_1_503' title='bbox 193 3490 393 3543; x_wconf 85' lang='lat' dir='ltr'><strong>Totum</strong></span> <span class='ocrx_word' id='word_1_504' title='bbox 431 3499 610 3545; x_wconf 92' lang='lat' dir='ltr'><strong>autem</strong></span> <span class='ocrx_word' id='word_1_505' title='bbox 657 3499 855 3544; x_wconf 91' lang='lat' dir='ltr'><strong>statum</strong></span> <span class='ocrx_word' id='word_1_506' title='bbox 901 3489 1112 3552; x_wconf 85' lang='lat' dir='ltr'><strong>salutis,</strong></span> <span class='ocrx_word' id='word_1_507' title='bbox 1161 3489 1212 3543; x_wconf 92' lang='lat' dir='ltr'><strong>in</strong></span> <span class='ocrx_word' id='word_1_508' title='bbox 1262 3497 1448 3545; x_wconf 90' lang='lat' dir='ltr'><strong>tenore</strong></span> <span class='ocrx_word' id='word_1_509' title='bbox 1497 3490 1792 3561; x_wconf 77' lang='lat' dir='ltr'><strong>disciplina:</strong></span> 
     </span>
    </p>
   </div>
   <div class='ocr_carea' id='block_1_65' title="bbox 191 3580 1792 3652">
    <p class='ocr_par' dir='ltr' id='par_1_65' title="bbox 191 3580 1792 3652">
     <span class='ocr_line' id='line_1_65' title="bbox 191 3580 1792 3652; baseline -0.001 -14"><span class='ocrx_word' id='word_1_510' title='bbox 191 3583 569 3648; x_wconf 81' lang='lat' dir='ltr'><strong>Constitutum,</strong></span> <span class='ocrx_word' id='word_1_511' title='bbox 602 3582 834 3638; x_wconf 87' lang='lat' dir='ltr'><strong>subverti</strong></span> <span class='ocrx_word' id='word_1_512' title='bbox 868 3580 1108 3635; x_wconf 88' lang='lat' dir='ltr'><strong>videmus</strong></span> <span class='ocrx_word' id='word_1_513' title='bbox 1124 3595 1185 3634; x_wconf 89' lang='lat' dir='ltr'><strong>ea</strong></span> <span class='ocrx_word' id='word_1_514' title='bbox 1218 3580 1654 3650; x_wconf 88' lang='lat' dir='ltr'><strong>interpretatione</strong></span> <span class='ocrx_word' id='word_1_515' title='bbox 1675 3599 1792 3652; x_wconf 66' lang='lat' dir='ltr'><strong>qua:</strong></span> 
     </span>
    </p>
   </div>
   <div class='ocr_carea' id='block_1_66' title="bbox 190 3671 1790 3743">
    <p class='ocr_par' dir='ltr' id='par_1_66' title="bbox 190 3671 1790 3743">
     <span class='ocr_line' id='line_1_66' title="bbox 190 3671 1790 3743; baseline -0.001 -14"><span class='ocrx_word' id='word_1_516' title='bbox 190 3689 262 3729; x_wconf 79' lang='lat' dir='ltr'><strong>ex</strong></span> <span class='ocrx_word' id='word_1_517' title='bbox 292 3674 507 3730; x_wconf 85' lang='lat' dir='ltr'><strong>diverso</strong></span> <span class='ocrx_word' id='word_1_518' title='bbox 536 3672 832 3728; x_wconf 80' lang='lat' dir='ltr'><strong>affectatnr.</strong></span> <span class='ocrx_word' id='word_1_519' title='bbox 865 3671 991 3727; x_wconf 69' lang='lat' dir='ltr'><strong>Nam</strong></span> <span class='ocrx_word' id='word_1_520' title='bbox 1011 3713 1026 3739; x_wconf 92' lang='lat'><strong>,</strong></span> <span class='ocrx_word' id='word_1_521' title='bbox 1058 3673 1101 3726; x_wconf 92' lang='lat' dir='ltr'><strong>si</strong></span> <span class='ocrx_word' id='word_1_522' title='bbox 1141 3671 1463 3726; x_wconf 80' lang='lat' dir='ltr'><strong>cliristianus</strong></span> <span class='ocrx_word' id='word_1_523' title='bbox 1489 3674 1677 3743; x_wconf 90' lang='lat' dir='ltr'><strong>estqui</strong></span> <span class='ocrx_word' id='word_1_524' title='bbox 1700 3689 1790 3728; x_wconf 80' lang='lat' dir='ltr'><strong>ac-</strong></span> 
     </span>
    </p>
   </div>
   <div class='ocr_carea' id='block_1_67' title="bbox 192 3765 1790 3838">
    <p class='ocr_par' dir='ltr' id='par_1_67' title="bbox 192 3765 1790 3838">
     <span class='ocr_line' id='line_1_67' title="bbox 192 3765 1790 3838; baseline -0.003 -14"><span class='ocrx_word' id='word_1_525' title='bbox 192 3776 407 3838; x_wconf 76' lang='lat' dir='ltr'><strong>coptam</strong></span> <span class='ocrx_word' id='word_1_526' title='bbox 432 3784 461 3821; x_wconf 91' lang='lat' dir='ltr'><strong>a</strong></span> <span class='ocrx_word' id='word_1_527' title='bbox 498 3768 606 3822; x_wconf 93' lang='lat' dir='ltr'><strong>Deo</strong></span> <span class='ocrx_word' id='word_1_528' title='bbox 639 3778 788 3837; x_wconf 89' lang='lat' dir='ltr'><strong>patre</strong></span> <span class='ocrx_word' id='word_1_529' title='bbox 814 3766 1189 3829; x_wconf 88' lang='lat' dir='ltr'><strong>substantiam,</strong></span> <span class='ocrx_word' id='word_1_530' title='bbox 1224 3765 1406 3835; x_wconf 89' lang='lat' dir='ltr'><strong>utique</strong></span> <span class='ocrx_word' id='word_1_531' title='bbox 1436 3765 1790 3835; x_wconf 83' lang='lat' dir='ltr'><strong>baptismatis,</strong></span> 
     </span>
    </p>
   </div>
   <div class='ocr_carea' id='block_1_68' title="bbox 196 3855 1794 3929">
    <p class='ocr_par' dir='ltr' id='par_1_68' title="bbox 196 3855 1794 3929">
     <span class='ocr_line' id='line_1_68' title="bbox 196 3855 1794 3929; baseline -0.001 -16"><span class='ocrx_word' id='word_1_532' title='bbox 196 3861 382 3929; x_wconf 89' lang='lat' dir='ltr'><strong>utique</strong></span> <span class='ocrx_word' id='word_1_533' title='bbox 412 3857 644 3928; x_wconf 86' lang='lat' dir='ltr'><strong>Spiritus</strong></span> <span class='ocrx_word' id='word_1_534' title='bbox 675 3858 877 3922; x_wconf 87' lang='lat' dir='ltr'><strong>Sancti,</strong></span> <span class='ocrx_word' id='word_1_535' title='bbox 902 3867 957 3912; x_wconf 88' lang='lat' dir='ltr'><strong>et</strong></span> <span class='ocrx_word' id='word_1_536' title='bbox 990 3855 1184 3911; x_wconf 83' lang='lat' dir='ltr'><strong>exinde</strong></span> <span class='ocrx_word' id='word_1_537' title='bbox 1213 3856 1327 3926; x_wconf 88' lang='lat' dir='ltr'><strong>spei</strong></span> <span class='ocrx_word' id='word_1_538' title='bbox 1355 3865 1570 3911; x_wconf 76' lang='lat' dir='ltr'><strong>acterna:</strong></span> <span class='ocrx_word' id='word_1_539' title='bbox 1591 3898 1606 3924; x_wconf 91' lang='lat'><strong>,</strong></span> <span class='ocrx_word' id='word_1_540' title='bbox 1639 3857 1794 3926; x_wconf 81' lang='lat' dir='ltr'><strong>lange</strong></span> 
     </span>
    </p>
   </div>
   <div class='ocr_carea' id='block_1_69' title="bbox 194 3948 1795 4021">
    <p class='ocr_par' dir='ltr' id='par_1_69' title="bbox 194 3948 1795 4021">
     <span class='ocr_line' id='line_1_69' title="bbox 194 3948 1795 4021; baseline -0.002 -14"><span class='ocrx_word' id='word_1_541' title='bbox 194 3960 452 4021; x_wconf 85' lang='lat' dir='ltr'><strong>evagatus</strong></span> <span class='ocrx_word' id='word_1_542' title='bbox 491 3965 520 4004; x_wconf 90' lang='lat' dir='ltr'><strong>a</strong></span> <span class='ocrx_word' id='word_1_543' title='bbox 567 3961 715 4018; x_wconf 90' lang='lat' dir='ltr'><strong>patre</strong></span> <span class='ocrx_word' id='word_1_544' title='bbox 755 3949 983 4019; x_wconf 89' lang='lat' dir='ltr'><strong>prodigit</strong></span> <span class='ocrx_word' id='word_1_545' title='bbox 1013 3948 1228 4003; x_wconf 88' lang='lat' dir='ltr'><strong>etlmice</strong></span> <span class='ocrx_word' id='word_1_546' title='bbox 1272 3949 1476 4013; x_wconf 85' lang='lat' dir='ltr'><strong>vivens,</strong></span> <span class='ocrx_word' id='word_1_547' title='bbox 1521 3949 1565 4002; x_wconf 91' lang='lat' dir='ltr'><strong>si</strong></span> <span class='ocrx_word' id='word_1_548' title='bbox 1603 3957 1795 4003; x_wconf 80' lang='lat' dir='ltr'><strong>exutus</strong></span> 
     </span>
    </p>
   </div>
   <div class='ocr_carea' id='block_1_70' title="bbox 193 4039 1791 4110">
    <p class='ocr_par' dir='ltr' id='par_1_70' title="bbox 193 4039 1791 4110">
     <span class='ocr_line' id='line_1_70' title="bbox 193 4039 1791 4110; baseline -0.003 -12"><span class='ocrx_word' id='word_1_549' title='bbox 193 4043 356 4098; x_wconf 88' lang='lat' dir='ltr'><strong>bonis</strong></span> <span class='ocrx_word' id='word_1_550' title='bbox 403 4043 597 4096; x_wconf 91' lang='lat' dir='ltr'><strong>mentis</strong></span> <span class='ocrx_word' id='word_1_551' title='bbox 642 4041 802 4096; x_wconf 88' lang='lat' dir='ltr'><strong>etiam</strong></span> <span class='ocrx_word' id='word_1_552' title='bbox 847 4040 1070 4110; x_wconf 92' lang='lat' dir='ltr'><strong>principi</strong></span> <span class='ocrx_word' id='word_1_553' title='bbox 1121 4039 1300 4093; x_wconf 77' lang='lat' dir='ltr'><strong>szecnli</strong></span> <span class='ocrx_word' id='word_1_554' title='bbox 1351 4039 1477 4110; x_wconf 92' lang='lat' dir='ltr'><strong>(cui</strong></span> <span class='ocrx_word' id='word_1_555' title='bbox 1519 4040 1606 4092; x_wconf 91' lang='lat' dir='ltr'><strong>alii</strong></span> <span class='ocrx_word' id='word_1_556' title='bbox 1634 4055 1791 4108; x_wconf 89' lang='lat' dir='ltr'><strong>quam</strong></span> 
     </span>
    </p>
   </div>
   <div class='ocr_carea' id='block_1_71' title="bbox 194 4130 1795 4202">
    <p class='ocr_par' dir='ltr' id='par_1_71' title="bbox 194 4130 1795 4202">
     <span class='ocr_line' id='line_1_71' title="bbox 194 4130 1795 4202; baseline 0 -14"><span class='ocrx_word' id='word_1_557' title='bbox 194 4133 792 4202; x_wconf 85' lang='lat' dir='ltr'><strong>diabolo?)servitintn</strong></span> <span class='ocrx_word' id='word_1_558' title='bbox 838 4147 992 4187; x_wconf 89' lang='lat' dir='ltr'><strong>suum</strong></span> <span class='ocrx_word' id='word_1_559' title='bbox 1042 4130 1282 4196; x_wconf 88' lang='lat' dir='ltr'><strong>tradidit,</strong></span> <span class='ocrx_word' id='word_1_560' title='bbox 1328 4140 1384 4185; x_wconf 91' lang='lat' dir='ltr'><strong>et</strong></span> <span class='ocrx_word' id='word_1_561' title='bbox 1419 4131 1484 4186; x_wconf 94' lang='lat' dir='ltr'><strong>ab</strong></span> <span class='ocrx_word' id='word_1_562' title='bbox 1526 4146 1592 4186; x_wconf 91' lang='lat' dir='ltr'><strong>eo</strong></span> <span class='ocrx_word' id='word_1_563' title='bbox 1620 4133 1795 4201; x_wconf 87' lang='lat' dir='ltr'><strong>porcis</strong></span> 
     </span>
    </p>
   </div>
   <div class='ocr_carea' id='block_1_72' title="bbox 194 4224 1793 4296">
    <p class='ocr_par' dir='ltr' id='par_1_72' title="bbox 194 4224 1793 4296">
     <span class='ocr_line' id='line_1_72' title="bbox 194 4224 1793 4296; baseline 0.001 -16"><span class='ocrx_word' id='word_1_564' title='bbox 194 4226 421 4291; x_wconf 88' lang='lat' dir='ltr'><strong>alendis,</strong></span> <span class='ocrx_word' id='word_1_565' title='bbox 449 4225 740 4280; x_wconf 89' lang='lat' dir='ltr'><strong>immundis</strong></span> <span class='ocrx_word' id='word_1_566' title='bbox 764 4226 970 4280; x_wconf 87' lang='lat' dir='ltr'><strong>scilicet</strong></span> <span class='ocrx_word' id='word_1_567' title='bbox 991 4224 1269 4293; x_wconf 81' lang='lat' dir='ltr'><strong>Spiritibus</strong></span> <span class='ocrx_word' id='word_1_568' title='bbox 1297 4225 1563 4291; x_wconf 88' lang='lat' dir='ltr'><strong>curandis,</strong></span> <span class='ocrx_word' id='word_1_569' title='bbox 1583 4238 1793 4296; x_wconf 67' lang='lat' dir='ltr'><strong>priapo-</strong></span> 
     </span>
    </p>
   </div>
   <div class='ocr_carea' id='block_1_73' title="bbox 195 4316 1797 4387">
    <p class='ocr_par' dir='ltr' id='par_1_73' title="bbox 195 4316 1797 4387">
     <span class='ocr_line' id='line_1_73' title="bbox 195 4316 1797 4387; baseline 0 -13"><span class='ocrx_word' id='word_1_570' title='bbox 195 4320 356 4385; x_wconf 84' lang='lat' dir='ltr'><strong>situs,</strong></span> <span class='ocrx_word' id='word_1_571' title='bbox 390 4319 614 4387; x_wconf 90' lang='lat' dir='ltr'><strong>resipuit</strong></span> <span class='ocrx_word' id='word_1_572' title='bbox 639 4317 704 4371; x_wconf 90' lang='lat' dir='ltr'><strong>ad</strong></span> <span class='ocrx_word' id='word_1_573' title='bbox 751 4326 954 4386; x_wconf 84' lang='lat' dir='ltr'><strong>patrem</strong></span> <span class='ocrx_word' id='word_1_574' title='bbox 988 4317 1205 4380; x_wconf 91' lang='lat' dir='ltr'><strong>reverti;</strong></span> <span class='ocrx_word' id='word_1_575' title='bbox 1236 4316 1345 4385; x_wconf 90' lang='lat' dir='ltr'><strong>jam</strong></span> <span class='ocrx_word' id='word_1_576' title='bbox 1381 4333 1484 4372; x_wconf 92' lang='lat' dir='ltr'><strong>non</strong></span> <span class='ocrx_word' id='word_1_577' title='bbox 1519 4319 1714 4374; x_wconf 73' lang='lat' dir='ltr'><strong>mtechi</strong></span> <span class='ocrx_word' id='word_1_578' title='bbox 1743 4329 1797 4374; x_wconf 88' lang='lat' dir='ltr'><strong>et</strong></span> 
     </span>
    </p>
   </div>
   <div class='ocr_carea' id='block_1_74' title="bbox 193 4410 1796 4480">
    <p class='ocr_par' dir='ltr' id='par_1_74' title="bbox 193 4410 1796 4480">
     <span class='ocr_line' id='line_1_74' title="bbox 193 4410 1796 4480; baseline 0.001 -14"><span class='ocrx_word' id='word_1_579' title='bbox 193 4412 486 4477; x_wconf 87' lang='lat' dir='ltr'><strong>fornicarii,</strong></span> <span class='ocrx_word' id='word_1_580' title='bbox 505 4411 598 4466; x_wconf 90' lang='lat' dir='ltr'><strong>sed</strong></span> <span class='ocrx_word' id='word_1_581' title='bbox 619 4411 917 4466; x_wconf 67' lang='lat' dir='ltr'><strong>IdOIOIlIII‘iC</strong></span> <span class='ocrx_word' id='word_1_582' title='bbox 935 4419 988 4464; x_wconf 88' lang='lat' dir='ltr'><strong>et</strong></span> <span class='ocrx_word' id='word_1_583' title='bbox 1015 4410 1308 4479; x_wconf 86' lang='lat' dir='ltr'><strong>blasphemi</strong></span> <span class='ocrx_word' id='word_1_584' title='bbox 1341 4420 1392 4465; x_wconf 91' lang='lat' dir='ltr'><strong>et</strong></span> <span class='ocrx_word' id='word_1_585' title='bbox 1420 4421 1722 4480; x_wconf 87' lang='lat' dir='ltr'><strong>negatores,</strong></span> <span class='ocrx_word' id='word_1_586' title='bbox 1743 4423 1796 4467; x_wconf 91' lang='lat' dir='ltr'><strong>et</strong></span> 
     </span>
    </p>
   </div>
   <div class='ocr_carea' id='block_1_75' title="bbox 192 4502 1796 4576">
    <p class='ocr_par' dir='ltr' id='par_1_75' title="bbox 192 4502 1796 4576">
     <span class='ocr_line' id='line_1_75' title="bbox 192 4502 1796 4576; baseline -0.001 -16"><span class='ocrx_word' id='word_1_587' title='bbox 192 4521 360 4561; x_wconf 90' lang='lat' dir='ltr'><strong>omne</strong></span> <span class='ocrx_word' id='word_1_588' title='bbox 385 4514 749 4576; x_wconf 90' lang='lat' dir='ltr'><strong>apostatarum</strong></span> <span class='ocrx_word' id='word_1_589' title='bbox 789 4520 977 4575; x_wconf 84' lang='lat' dir='ltr'><strong>genus,</strong></span> <span class='ocrx_word' id='word_1_590' title='bbox 1017 4502 1113 4558; x_wconf 91' lang='lat' dir='ltr'><strong>hac</strong></span> <span class='ocrx_word' id='word_1_591' title='bbox 1143 4504 1394 4573; x_wconf 90' lang='lat' dir='ltr'><strong>parabola</strong></span> <span class='ocrx_word' id='word_1_592' title='bbox 1427 4504 1558 4573; x_wconf 89' lang='lat' dir='ltr'><strong>patri</strong></span> <span class='ocrx_word' id='word_1_593' title='bbox 1594 4505 1796 4559; x_wconf 87' lang='lat' dir='ltr'><strong>satisfa-</strong></span> 
     </span>
    </p>
   </div>
   <div class='ocr_carea' id='block_1_76' title="bbox 192 4597 1795 4668">
    <p class='ocr_par' dir='ltr' id='par_1_76' title="bbox 192 4597 1795 4668">
     <span class='ocr_line' id='line_1_76' title="bbox 192 4597 1795 4668; baseline -0.001 -13"><span class='ocrx_word' id='word_1_594' title='bbox 192 4601 362 4655; x_wconf 88' lang='lat' dir='ltr'><strong>cient.</strong></span> <span class='ocrx_word' id='word_1_595' title='bbox 398 4599 462 4652; x_wconf 85' lang='lat' dir='ltr'><strong>Et</strong></span> <span class='ocrx_word' id='word_1_596' title='bbox 509 4599 639 4653; x_wconf 90' lang='lat' dir='ltr'><strong>elisa</strong></span> <span class='ocrx_word' id='word_1_597' title='bbox 683 4607 767 4652; x_wconf 92' lang='lat' dir='ltr'><strong>est</strong></span> <span class='ocrx_word' id='word_1_598' title='bbox 796 4597 1066 4652; x_wconf 86' lang='lat' dir='ltr'><strong>verissime</strong></span> <span class='ocrx_word' id='word_1_599' title='bbox 1093 4597 1172 4668; x_wconf 86' lang='lat' dir='ltr'><strong>(I)</strong></span> <span class='ocrx_word' id='word_1_600' title='bbox 1207 4597 1307 4652; x_wconf 92' lang='lat' dir='ltr'><strong>hoc</strong></span> <span class='ocrx_word' id='word_1_601' title='bbox 1331 4599 1500 4668; x_wconf 90' lang='lat' dir='ltr'><strong>magis</strong></span> <span class='ocrx_word' id='word_1_602' title='bbox 1530 4598 1689 4652; x_wconf 88' lang='lat' dir='ltr'><strong>modo</strong></span> <span class='ocrx_word' id='word_1_603' title='bbox 1716 4608 1795 4653; x_wconf 91' lang='lat' dir='ltr'><strong>to-</strong></span> 
     </span>
    </p>
   </div>
   <div class='ocr_carea' id='block_1_77' title="bbox 1897 3389 3488 3464">
    <p class='ocr_par' dir='ltr' id='par_1_77' title="bbox 1897 3389 3488 3464">
     <span class='ocr_line' id='line_1_77' title="bbox 1897 3389 3488 3464; baseline 0.013 -27"><span class='ocrx_word' id='word_1_604' title='bbox 1897 3389 2172 3457; x_wconf 84' lang='lat' dir='ltr'><strong>opimitate</strong></span> <span class='ocrx_word' id='word_1_605' title='bbox 2227 3389 2484 3444; x_wconf 86' lang='lat' dir='ltr'><strong>Dominici</strong></span> <span class='ocrx_word' id='word_1_606' title='bbox 2531 3393 2773 3460; x_wconf 91' lang='lat' dir='ltr'><strong>corporis</strong></span> <span class='ocrx_word' id='word_1_607' title='bbox 2827 3394 3080 3464; x_wconf 79' lang='lat' dir='ltr'><strong>vescitur,</strong></span> <span class='ocrx_word' id='word_1_608' title='bbox 3159 3399 3488 3457; x_wconf 83' lang='lat' dir='ltr'><strong>Eucharistia</strong></span> 
     </span>
    </p>
   </div>
   <div class='ocr_carea' id='block_1_78' title="bbox 1897 3483 3490 3563">
    <p class='ocr_par' dir='ltr' id='par_1_78' title="bbox 1897 3483 3490 3563">
     <span class='ocr_line' id='line_1_78' title="bbox 1897 3483 3490 3563; baseline 0.009 -27"><span class='ocrx_word' id='word_1_609' title='bbox 1897 3483 2121 3538; x_wconf 90' lang='lat' dir='ltr'><strong>scilicet.</strong></span> <span class='ocrx_word' id='word_1_610' title='bbox 2150 3483 2247 3539; x_wconf 88' lang='lat' dir='ltr'><strong>IIic</strong></span> <span class='ocrx_word' id='word_1_611' title='bbox 2274 3485 2378 3538; x_wconf 88' lang='lat' dir='ltr'><strong>erit</strong></span> <span class='ocrx_word' id='word_1_612' title='bbox 2423 3485 2674 3556; x_wconf 86' lang='lat' dir='ltr'><strong>prodigus</strong></span> <span class='ocrx_word' id='word_1_613' title='bbox 2724 3486 2881 3554; x_wconf 83' lang='lat' dir='ltr'><strong>filius,</strong></span> <span class='ocrx_word' id='word_1_614' title='bbox 2907 3489 2997 3559; x_wconf 90' lang='lat' dir='ltr'><strong>qui</strong></span> <span class='ocrx_word' id='word_1_615' title='bbox 3046 3507 3314 3563; x_wconf 90' lang='lat' dir='ltr'><strong>nunquam</strong></span> <span class='ocrx_word' id='word_1_616' title='bbox 3347 3504 3490 3550; x_wconf 89' lang='lat' dir='ltr'><strong>retro</strong></span> 
     </span>
    </p>
   </div>
   <div class='ocr_carea' id='block_1_79' title="bbox 1898 3573 3488 3649">
    <p class='ocr_par' dir='ltr' id='par_1_79' title="bbox 1898 3573 3488 3649">
     <span class='ocr_line' id='line_1_79' title="bbox 1898 3573 3488 3649; baseline 0.01 -23"><span class='ocrx_word' id='word_1_617' title='bbox 1898 3573 2033 3644; x_wconf 89' lang='lat' dir='ltr'><strong>frugi</strong></span> <span class='ocrx_word' id='word_1_618' title='bbox 2067 3599 2080 3636; x_wconf 56' lang='grc' dir='ltr'>ε</span> <span class='ocrx_word' id='word_1_619' title='bbox 2113 3576 2204 3644; x_wconf 91' lang='lat' dir='ltr'><strong>qui</strong></span> <span class='ocrx_word' id='word_1_620' title='bbox 2243 3576 2422 3630; x_wconf 90' lang='lat' dir='ltr'><strong>statim</strong></span> <span class='ocrx_word' id='word_1_621' title='bbox 2476 3577 2751 3648; x_wconf 86' lang='lat' dir='ltr'><strong>prodigus,</strong></span> <span class='ocrx_word' id='word_1_622' title='bbox 2783 3579 2924 3649; x_wconf 88' lang='lat' dir='ltr'><strong>quod</strong></span> <span class='ocrx_word' id='word_1_623' title='bbox 2962 3597 3067 3636; x_wconf 92' lang='lat' dir='ltr'><strong>non</strong></span> <span class='ocrx_word' id='word_1_624' title='bbox 3095 3586 3272 3638; x_wconf 89' lang='lat' dir='ltr'><strong>statim</strong></span> <span class='ocrx_word' id='word_1_625' title='bbox 3303 3583 3488 3642; x_wconf 86' lang='lat' dir='ltr'><strong>Chris—</strong></span> 
     </span>
    </p>
   </div>
   <div class='ocr_carea' id='block_1_80' title="bbox 1899 3667 3490 3745">
    <p class='ocr_par' dir='ltr' id='par_1_80' title="bbox 1899 3667 3490 3745">
     <span class='ocr_line' id='line_1_80' title="bbox 1899 3667 3490 3745; baseline 0.009 -25"><span class='ocrx_word' id='word_1_626' title='bbox 1899 3667 2095 3721; x_wconf 85' lang='lat' dir='ltr'><strong>lianus.</strong></span> <span class='ocrx_word' id='word_1_627' title='bbox 2119 3668 2270 3724; x_wconf 92' lang='lat' dir='ltr'><strong>Hunc</strong></span> <span class='ocrx_word' id='word_1_628' title='bbox 2302 3678 2357 3723; x_wconf 91' lang='lat' dir='ltr'><strong>et</strong></span> <span class='ocrx_word' id='word_1_629' title='bbox 2383 3668 2642 3723; x_wconf 69' lang='lat' dir='ltr'><strong>Pharisaei</strong></span> <span class='ocrx_word' id='word_1_630' title='bbox 2678 3671 2746 3725; x_wconf 90' lang='lat' dir='ltr'><strong>de</strong></span> <span class='ocrx_word' id='word_1_631' title='bbox 2793 3673 2991 3728; x_wconf 63' lang='lat' dir='ltr'><strong>saeculo</strong></span> <span class='ocrx_word' id='word_1_632' title='bbox 3020 3676 3084 3729; x_wconf 88' lang='lat' dir='ltr'><strong>ad</strong></span> <span class='ocrx_word' id='word_1_633' title='bbox 3132 3678 3295 3745; x_wconf 90' lang='lat' dir='ltr'><strong>patris</strong></span> <span class='ocrx_word' id='word_1_634' title='bbox 3338 3694 3490 3734; x_wconf 86' lang='lat' dir='ltr'><strong>com-</strong></span> 
     </span>
    </p>
   </div>
   <div class='ocr_carea' id='block_1_81' title="bbox 1899 3759 3492 3837">
    <p class='ocr_par' dir='ltr' id='par_1_81' title="bbox 1899 3759 3492 3837">
     <span class='ocr_line' id='line_1_81' title="bbox 1899 3759 3492 3837; baseline 0.009 -25"><span class='ocrx_word' id='word_1_635' title='bbox 1899 3759 2083 3829; x_wconf 81' lang='lat' dir='ltr'><strong>plexus</strong></span> <span class='ocrx_word' id='word_1_636' title='bbox 2139 3769 2520 3827; x_wconf 90' lang='lat' dir='ltr'><strong>revertentem,</strong></span> <span class='ocrx_word' id='word_1_637' title='bbox 2576 3761 2629 3816; x_wconf 90' lang='lat' dir='ltr'><strong>in</strong></span> <span class='ocrx_word' id='word_1_638' title='bbox 2678 3761 2975 3832; x_wconf 90' lang='lat' dir='ltr'><strong>publicanis</strong></span> <span class='ocrx_word' id='word_1_639' title='bbox 3024 3775 3075 3820; x_wconf 90' lang='lat' dir='ltr'><strong>ct</strong></span> <span class='ocrx_word' id='word_1_640' title='bbox 3123 3771 3492 3837; x_wconf 83' lang='lat' dir='ltr'><strong>peccatoribus</strong></span> 
     </span>
    </p>
   </div>
   <div class='ocr_carea' id='block_1_82' title="bbox 1899 3853 3489 3930">
    <p class='ocr_par' dir='ltr' id='par_1_82' title="bbox 1899 3853 3489 3930">
     <span class='ocr_line' id='line_1_82' title="bbox 1899 3853 3489 3930; baseline 0.01 -26"><span class='ocrx_word' id='word_1_641' title='bbox 1899 3853 2219 3908; x_wconf 58' lang='lat' dir='ltr'><strong>matri-bant.</strong></span> <span class='ocrx_word' id='word_1_642' title='bbox 2255 3855 2316 3908; x_wconf 77' lang='lat' dir='ltr'><strong>Et</strong></span> <span class='ocrx_word' id='word_1_643' title='bbox 2355 3855 2476 3910; x_wconf 91' lang='lat' dir='ltr'><strong>ideo</strong></span> <span class='ocrx_word' id='word_1_644' title='bbox 2500 3856 2565 3911; x_wconf 90' lang='lat' dir='ltr'><strong>ad</strong></span> <span class='ocrx_word' id='word_1_645' title='bbox 2610 3856 2711 3912; x_wconf 90' lang='lat' dir='ltr'><strong>hoc</strong></span> <span class='ocrx_word' id='word_1_646' title='bbox 2739 3859 2912 3913; x_wconf 88' lang='lat' dir='ltr'><strong>solum</strong></span> <span class='ocrx_word' id='word_1_647' title='bbox 2945 3859 3163 3930; x_wconf 81' lang='lat' dir='ltr'><strong>majoris</strong></span> <span class='ocrx_word' id='word_1_648' title='bbox 3191 3862 3366 3918; x_wconf 90' lang='lat' dir='ltr'><strong>fratris</strong></span> <span class='ocrx_word' id='word_1_649' title='bbox 3397 3881 3489 3921; x_wconf 85' lang='lat' dir='ltr'><strong>ac-</strong></span> 
     </span>
    </p>
   </div>
   <div class='ocr_carea' id='block_1_83' title="bbox 1897 3944 3492 4018">
    <p class='ocr_par' dir='ltr' id='par_1_83' title="bbox 1897 3944 3492 4018">
     <span class='ocr_line' id='line_1_83' title="bbox 1897 3944 3492 4018; baseline 0.011 -23"><span class='ocrx_word' id='word_1_650' title='bbox 1897 3944 2269 3998; x_wconf 90' lang='lat' dir='ltr'><strong>commodatus</strong></span> <span class='ocrx_word' id='word_1_651' title='bbox 2312 3955 2395 3999; x_wconf 91' lang='lat' dir='ltr'><strong>est</strong></span> <span class='ocrx_word' id='word_1_652' title='bbox 2436 3947 2591 4010; x_wconf 84' lang='lat' dir='ltr'><strong>livor;</strong></span> <span class='ocrx_word' id='word_1_653' title='bbox 2625 3965 2730 4002; x_wconf 89' lang='lat' dir='ltr'><strong>non</strong></span> <span class='ocrx_word' id='word_1_654' title='bbox 2779 3952 2901 4018; x_wconf 90' lang='lat' dir='ltr'><strong>quia</strong></span> <span class='ocrx_word' id='word_1_655' title='bbox 2949 3951 3256 4009; x_wconf 88' lang='lat' dir='ltr'><strong>innocentes</strong></span> <span class='ocrx_word' id='word_1_656' title='bbox 3297 3965 3351 4010; x_wconf 88' lang='lat' dir='ltr'><strong>et</strong></span> <span class='ocrx_word' id='word_1_657' title='bbox 3385 3956 3492 4013; x_wconf 89' lang='lat' dir='ltr'><strong>Deo</strong></span> 
     </span>
    </p>
   </div>
   <div class='ocr_carea' id='block_1_84' title="bbox 1897 4035 3492 4108">
    <p class='ocr_par' dir='ltr' id='par_1_84' title="bbox 1897 4035 3492 4108">
     <span class='ocr_line' id='line_1_84' title="bbox 1897 4035 3492 4108; baseline 0.011 -20"><span class='ocrx_word' id='word_1_658' title='bbox 1897 4035 2254 4104; x_wconf 88' lang='lat' dir='ltr'><strong>obsequentes</strong></span> <span class='ocrx_word' id='word_1_659' title='bbox 2299 4035 2492 4100; x_wconf 84' lang='lat' dir='ltr'><strong>Judaei,</strong></span> <span class='ocrx_word' id='word_1_660' title='bbox 2541 4037 2636 4092; x_wconf 92' lang='lat' dir='ltr'><strong>sed</strong></span> <span class='ocrx_word' id='word_1_661' title='bbox 2677 4039 2797 4108; x_wconf 89' lang='lat' dir='ltr'><strong>quia</strong></span> <span class='ocrx_word' id='word_1_662' title='bbox 2844 4039 3141 4098; x_wconf 83' lang='lat' dir='ltr'><strong>invidentes</strong></span> <span class='ocrx_word' id='word_1_663' title='bbox 3181 4045 3492 4105; x_wconf 89' lang='lat' dir='ltr'><strong>nationibus</strong></span> 
     </span>
    </p>
   </div>
   <div class='ocr_carea' id='block_1_85' title="bbox 1899 4127 3492 4208">
    <p class='ocr_par' dir='ltr' id='par_1_85' title="bbox 1899 4127 3492 4208">
     <span class='ocr_line' id='line_1_85' title="bbox 1899 4127 3492 4208; baseline 0.009 -28"><span class='ocrx_word' id='word_1_664' title='bbox 1899 4128 2147 4190; x_wconf 86' lang='lat' dir='ltr'><strong>salutem.</strong></span> <span class='ocrx_word' id='word_1_665' title='bbox 2181 4127 2339 4196; x_wconf 90' lang='lat' dir='ltr'><strong>plane</strong></span> <span class='ocrx_word' id='word_1_666' title='bbox 2374 4143 2509 4198; x_wconf 88' lang='lat' dir='ltr'><strong>quos</strong></span> <span class='ocrx_word' id='word_1_667' title='bbox 2534 4143 2751 4200; x_wconf 92' lang='lat' dir='ltr'><strong>semper</strong></span> <span class='ocrx_word' id='word_1_668' title='bbox 2784 4131 2921 4202; x_wconf 89' lang='lat' dir='ltr'><strong>apud</strong></span> <span class='ocrx_word' id='word_1_669' title='bbox 2953 4142 3154 4202; x_wconf 88' lang='lat' dir='ltr'><strong>patrem</strong></span> <span class='ocrx_word' id='word_1_670' title='bbox 3182 4151 3305 4193; x_wconf 89' lang='lat' dir='ltr'><strong>csse</strong></span> <span class='ocrx_word' id='word_1_671' title='bbox 3329 4154 3492 4208; x_wconf 85' lang='lat' dir='ltr'><strong>opor-</strong></span> 
     </span>
    </p>
   </div>
   <div class='ocr_carea' id='block_1_86' title="bbox 1901 4219 3490 4292">
    <p class='ocr_par' dir='ltr' id='par_1_86' title="bbox 1901 4219 3490 4292">
     <span class='ocr_line' id='line_1_86' title="bbox 1901 4219 3490 4292; baseline 0.007 -19"><span class='ocrx_word' id='word_1_672' title='bbox 1901 4228 2091 4274; x_wconf 86' lang='lat' dir='ltr'><strong>tucrat.</strong></span> <span class='ocrx_word' id='word_1_673' title='bbox 2122 4219 2192 4274; x_wconf 85' lang='lat' dir='ltr'><strong>Et</strong></span> <span class='ocrx_word' id='word_1_674' title='bbox 2220 4221 2401 4291; x_wconf 90' lang='lat' dir='ltr'><strong>utique</strong></span> <span class='ocrx_word' id='word_1_675' title='bbox 2444 4220 2662 4276; x_wconf 75' lang='lat' dir='ltr'><strong>Judazus</strong></span> <span class='ocrx_word' id='word_1_676' title='bbox 2683 4223 2747 4277; x_wconf 93' lang='lat' dir='ltr'><strong>ad</strong></span> <span class='ocrx_word' id='word_1_677' title='bbox 2781 4225 3005 4292; x_wconf 90' lang='lat' dir='ltr'><strong>primam</strong></span> <span class='ocrx_word' id='word_1_678' title='bbox 3040 4227 3220 4283; x_wconf 91' lang='lat' dir='ltr'><strong>statim</strong></span> <span class='ocrx_word' id='word_1_679' title='bbox 3251 4231 3490 4285; x_wconf 89' lang='lat' dir='ltr'><strong>vocatio-</strong></span> 
     </span>
    </p>
   </div>
   <div class='ocr_carea' id='block_1_87' title="bbox 1902 4313 3493 4384">
    <p class='ocr_par' dir='ltr' id='par_1_87' title="bbox 1902 4313 3493 4384">
     <span class='ocr_line' id='line_1_87' title="bbox 1902 4313 3493 4384; baseline 0.006 -16"><span class='ocrx_word' id='word_1_680' title='bbox 1902 4331 2021 4368; x_wconf 92' lang='lat' dir='ltr'><strong>nem</strong></span> <span class='ocrx_word' id='word_1_681' title='bbox 2050 4313 2340 4369; x_wconf 90' lang='lat' dir='ltr'><strong>Christiani</strong></span> <span class='ocrx_word' id='word_1_682' title='bbox 2382 4317 2568 4384; x_wconf 86' lang='lat' dir='ltr'><strong>gemit,</strong></span> <span class='ocrx_word' id='word_1_683' title='bbox 2606 4332 2709 4370; x_wconf 93' lang='lat' dir='ltr'><strong>non</strong></span> <span class='ocrx_word' id='word_1_684' title='bbox 2755 4317 2819 4370; x_wconf 90' lang='lat' dir='ltr'><strong>ad</strong></span> <span class='ocrx_word' id='word_1_685' title='bbox 2862 4317 3150 4372; x_wconf 88' lang='lat' dir='ltr'><strong>secundam</strong></span> <span class='ocrx_word' id='word_1_686' title='bbox 3197 4322 3493 4378; x_wconf 71' lang='lat' dir='ltr'><strong>resdtutio-</strong></span> 
     </span>
    </p>
   </div>
   <div class='ocr_carea' id='block_1_88' title="bbox 1901 4406 3491 4484">
    <p class='ocr_par' dir='ltr' id='par_1_88' title="bbox 1901 4406 3491 4484">
     <span class='ocr_line' id='line_1_88' title="bbox 1901 4406 3491 4484; baseline 0.006 -23"><span class='ocrx_word' id='word_1_687' title='bbox 1901 4422 2020 4461; x_wconf 91' lang='lat' dir='ltr'><strong>nem</strong></span> <span class='ocrx_word' id='word_1_688' title='bbox 2058 4423 2070 4459; x_wconf 91' lang='lat'>:</span> <span class='ocrx_word' id='word_1_689' title='bbox 2100 4406 2184 4460; x_wconf 89' lang='lat' dir='ltr'><strong>illa</strong></span> <span class='ocrx_word' id='word_1_690' title='bbox 2215 4407 2357 4460; x_wconf 90' lang='lat' dir='ltr'><strong>enim</strong></span> <span class='ocrx_word' id='word_1_691' title='bbox 2382 4408 2542 4461; x_wconf 90' lang='lat' dir='ltr'><strong>etiam</strong></span> <span class='ocrx_word' id='word_1_692' title='bbox 2571 4407 2798 4461; x_wconf 88' lang='lat' dir='ltr'><strong>ethnicis</strong></span> <span class='ocrx_word' id='word_1_693' title='bbox 2827 4409 3051 4476; x_wconf 88' lang='lat' dir='ltr'><strong>relucet,</strong></span> <span class='ocrx_word' id='word_1_694' title='bbox 3086 4410 3200 4465; x_wconf 46' lang='lat' dir='ltr'><strong>hate</strong></span> <span class='ocrx_word' id='word_1_695' title='bbox 3221 4429 3350 4467; x_wconf 87' lang='lat' dir='ltr'><strong>vero</strong></span> <span class='ocrx_word' id='word_1_696' title='bbox 3373 4431 3491 4484; x_wconf 67' lang='lat' dir='ltr'><strong>qua:</strong></span> 
     </span>
    </p>
   </div>
   <div class='ocr_carea' id='block_1_89' title="bbox 1903 4497 3495 4572">
    <p class='ocr_par' dir='ltr' id='par_1_89' title="bbox 1903 4497 3495 4572">
     <span class='ocr_line' id='line_1_89' title="bbox 1903 4497 3495 4572; baseline 0.008 -22"><span class='ocrx_word' id='word_1_697' title='bbox 1903 4497 1954 4551; x_wconf 94' lang='lat' dir='ltr'><strong>in</strong></span> <span class='ocrx_word' id='word_1_698' title='bbox 1988 4498 2242 4553; x_wconf 87' lang='lat' dir='ltr'><strong>Ecclesiis</strong></span> <span class='ocrx_word' id='word_1_699' title='bbox 2265 4499 2439 4568; x_wconf 87' lang='lat' dir='ltr'><strong>agitur</strong></span> <span class='ocrx_word' id='word_1_700' title='bbox 2460 4541 2474 4562; x_wconf 88' lang='lat'><strong>,</strong></span> <span class='ocrx_word' id='word_1_701' title='bbox 2507 4515 2572 4554; x_wconf 91' lang='lat' dir='ltr'><strong>ne</strong></span> <span class='ocrx_word' id='word_1_702' title='bbox 2597 4499 2795 4555; x_wconf 71' lang='lat' dir='ltr'><strong>Iudaeis</strong></span> <span class='ocrx_word' id='word_1_703' title='bbox 2826 4501 3039 4572; x_wconf 89' lang='lat' dir='ltr'><strong>quidem</strong></span> <span class='ocrx_word' id='word_1_704' title='bbox 3073 4511 3195 4558; x_wconf 89' lang='lat' dir='ltr'><strong>nota</strong></span> <span class='ocrx_word' id='word_1_705' title='bbox 3223 4515 3323 4560; x_wconf 89' lang='lat' dir='ltr'><strong>est.</strong></span> <span class='ocrx_word' id='word_1_706' title='bbox 3365 4507 3495 4562; x_wconf 89' lang='lat' dir='ltr'><strong>Puto</strong></span> 
     </span>
    </p>
   </div>
   <div class='ocr_carea' id='block_1_90' title="bbox 1902 4593 3492 4668">
    <p class='ocr_par' dir='ltr' id='par_1_90' title="bbox 1902 4593 3492 4668">
     <span class='ocr_line' id='line_1_90' title="bbox 1902 4593 3492 4668; baseline 0.004 -23"><span class='ocrx_word' id='word_1_707' title='bbox 1902 4609 1985 4645; x_wconf 92' lang='lat' dir='ltr'><strong>me</strong></span> <span class='ocrx_word' id='word_1_708' title='bbox 2007 4603 2060 4646; x_wconf 92' lang='lat' dir='ltr'><strong>et</strong></span> <span class='ocrx_word' id='word_1_709' title='bbox 2087 4593 2321 4646; x_wconf 77' lang='lat' dir='ltr'><strong>materia:</strong></span> <span class='ocrx_word' id='word_1_710' title='bbox 2350 4593 2726 4662; x_wconf 85' lang='lat' dir='ltr'><strong>parabolarum</strong></span> <span class='ocrx_word' id='word_1_711' title='bbox 2754 4635 2768 4658; x_wconf 91' lang='lat'><strong>,</strong></span> <span class='ocrx_word' id='word_1_712' title='bbox 2798 4604 2850 4649; x_wconf 93' lang='lat' dir='ltr'><strong>et</strong></span> <span class='ocrx_word' id='word_1_713' title='bbox 2879 4596 3242 4666; x_wconf 76' lang='lat' dir='ltr'><strong>congruentia:</strong></span> <span class='ocrx_word' id='word_1_714' title='bbox 3267 4613 3446 4652; x_wconf 89' lang='lat' dir='ltr'><strong>rerum</strong></span> <span class='ocrx_word' id='word_1_715' title='bbox 3475 4640 3492 4668; x_wconf 89' lang='lat'><strong>,</strong></span> 
     </span>
    </p>
   </div>
   <div class='ocr_carea' id='block_1_91' title="bbox 191 4683 3495 4762">
    <p class='ocr_par' dir='ltr' id='par_1_91' title="bbox 191 4683 3495 4762">
     <span class='ocr_line' id='line_1_91' title="bbox 191 4683 3495 4762; baseline -0 -15"><span class='ocrx_word' id='word_1_716' title='bbox 191 4701 246 4747; x_wconf 89' lang='lat' dir='ltr'><strong>ta</strong></span> <span class='ocrx_word' id='word_1_717' title='bbox 270 4691 566 4745; x_wconf 90' lang='lat' dir='ltr'><strong>substantia</strong></span> <span class='ocrx_word' id='word_1_718' title='bbox 604 4689 925 4744; x_wconf 89' lang='lat' dir='ltr'><strong>sacramenti</strong></span> <span class='ocrx_word' id='word_1_719' title='bbox 963 4688 1066 4761; x_wconf 79' lang='grc' dir='ltr'><strong>(ά).</strong></span> <span class='ocrx_word' id='word_1_720' title='bbox 1104 4691 1234 4757; x_wconf 87' lang='lat' dir='ltr'><strong>Quis</strong></span> <span class='ocrx_word' id='word_1_721' title='bbox 1264 4690 1404 4744; x_wconf 89' lang='lat' dir='ltr'><strong>enim</strong></span> <span class='ocrx_word' id='word_1_722' title='bbox 1437 4691 1644 4745; x_wconf 89' lang='lat' dir='ltr'><strong>timebit</strong></span> <span class='ocrx_word' id='word_1_723' title='bbox 1674 4707 1793 4762; x_wconf 86' lang='lat' dir='ltr'><strong>pro-</strong></span> <span class='ocrx_word' id='word_1_724' title='bbox 1818 4696 1872 4756; x_wconf 83' lang='lat'><strong>1)</strong></span> <span class='ocrx_word' id='word_1_725' title='bbox 1899 4694 1950 4739; x_wconf 89' lang='lat' dir='ltr'><strong>et</strong></span> <span class='ocrx_word' id='word_1_726' title='bbox 1978 4684 2156 4738; x_wconf 73' lang='lat' dir='ltr'><strong>tutela:</strong></span> <span class='ocrx_word' id='word_1_727' title='bbox 2186 4683 2587 4753; x_wconf 92' lang='lat' dir='ltr'><strong>disciplinarum</strong></span> <span class='ocrx_word' id='word_1_728' title='bbox 2614 4687 3131 4743; x_wconf 83' lang='lat' dir='ltr'><strong>acconimodatiores</strong></span> <span class='ocrx_word' id='word_1_729' title='bbox 3171 4689 3495 4758; x_wconf 86' lang='lat' dir='ltr'><strong>interpreta-</strong></span> 
     </span>
    </p>
   </div>
   <div class='ocr_carea' id='block_1_92' title="bbox 191 4781 1792 4854">
    <p class='ocr_par' dir='ltr' id='par_1_92' title="bbox 191 4781 1792 4854">
     <span class='ocr_line' id='line_1_92' title="bbox 191 4781 1792 4854; baseline -0.002 -15"><span class='ocrx_word' id='word_1_730' title='bbox 191 4783 381 4854; x_wconf 84' lang='lat' dir='ltr'><strong>digere</strong></span> <span class='ocrx_word' id='word_1_731' title='bbox 403 4782 542 4852; x_wconf 85' lang='lat' dir='ltr'><strong>quod</strong></span> <span class='ocrx_word' id='word_1_732' title='bbox 581 4781 789 4837; x_wconf 89' lang='lat' dir='ltr'><strong>habebit</strong></span> <span class='ocrx_word' id='word_1_733' title='bbox 825 4792 1008 4851; x_wconf 87' lang='lat' dir='ltr'><strong>postea</strong></span> <span class='ocrx_word' id='word_1_734' title='bbox 1054 4781 1396 4850; x_wconf 83' lang='lat' dir='ltr'><strong>recuperari?</strong></span> <span class='ocrx_word' id='word_1_735' title='bbox 1426 4782 1545 4850; x_wconf 90' lang='lat' dir='ltr'><strong>quis</strong></span> <span class='ocrx_word' id='word_1_736' title='bbox 1584 4781 1792 4836; x_wconf 82' lang='lat' dir='ltr'><strong>curabit</strong></span> 
     </span>
    </p>
   </div>
   <div class='ocr_carea' id='block_1_93' title="bbox 193 4874 1789 4946">
    <p class='ocr_par' dir='ltr' id='par_1_93' title="bbox 193 4874 1789 4946">
     <span class='ocr_line' id='line_1_93' title="bbox 193 4874 1789 4946; baseline 0.001 -18"><span class='ocrx_word' id='word_1_737' title='bbox 193 4884 458 4946; x_wconf 86' lang='lat' dir='ltr'><strong>perpetuo</strong></span> <span class='ocrx_word' id='word_1_738' title='bbox 483 4889 804 4930; x_wconf 85' lang='lat' dir='ltr'><strong>conservare</strong></span> <span class='ocrx_word' id='word_1_739' title='bbox 824 4874 964 4943; x_wconf 89' lang='lat' dir='ltr'><strong>quod</strong></span> <span class='ocrx_word' id='word_1_740' title='bbox 995 4889 1098 4928; x_wconf 92' lang='lat' dir='ltr'><strong>non</strong></span> <span class='ocrx_word' id='word_1_741' title='bbox 1126 4883 1381 4943; x_wconf 90' lang='lat' dir='ltr'><strong>perpetuo</strong></span> <span class='ocrx_word' id='word_1_742' title='bbox 1413 4875 1603 4941; x_wconf 86' lang='lat' dir='ltr'><strong>poterit</strong></span> <span class='ocrx_word' id='word_1_743' title='bbox 1633 4876 1789 4929; x_wconf 85' lang='lat' dir='ltr'><strong>amit-</strong></span> 
     </span>
    </p>
   </div>
   <div class='ocr_carea' id='block_1_94' title="bbox 193 4965 1791 5036">
    <p class='ocr_par' dir='ltr' id='par_1_94' title="bbox 193 4965 1791 5036">
     <span class='ocr_line' id='line_1_94' title="bbox 193 4965 1791 5036; baseline 0 -14"><span class='ocrx_word' id='word_1_744' title='bbox 193 4967 352 5022; x_wconf 75' lang='lat' dir='ltr'><strong>tere?</strong></span> <span class='ocrx_word' id='word_1_745' title='bbox 379 4965 650 5021; x_wconf 73' lang='lat' dir='ltr'><strong>Securitas</strong></span> <span class='ocrx_word' id='word_1_746' title='bbox 687 4965 862 5020; x_wconf 89' lang='lat' dir='ltr'><strong>delicti</strong></span> <span class='ocrx_word' id='word_1_747' title='bbox 894 4966 1054 5019; x_wconf 85' lang='lat' dir='ltr'><strong>etiam</strong></span> <span class='ocrx_word' id='word_1_748' title='bbox 1084 4965 1247 5019; x_wconf 90' lang='lat' dir='ltr'><strong>libido</strong></span> <span class='ocrx_word' id='word_1_749' title='bbox 1277 4975 1357 5019; x_wconf 90' lang='lat' dir='ltr'><strong>est</strong></span> <span class='ocrx_word' id='word_1_750' title='bbox 1387 4966 1523 5033; x_wconf 85' lang='lat' dir='ltr'><strong>ejus.</strong></span> <span class='ocrx_word' id='word_1_751' title='bbox 1551 4965 1791 5036; x_wconf 78' lang='lat' dir='ltr'><strong>Recupe-</strong></span> 
     </span>
    </p>
   </div>
   <div class='ocr_carea' id='block_1_95' title="bbox 191 5056 1788 5130">
    <p class='ocr_par' dir='ltr' id='par_1_95' title="bbox 191 5056 1788 5130">
     <span class='ocr_line' id='line_1_95' title="bbox 191 5056 1788 5130; baseline -0.003 -13"><span class='ocrx_word' id='word_1_752' title='bbox 191 5059 338 5117; x_wconf 86' lang='lat' dir='ltr'><strong>rabit</strong></span> <span class='ocrx_word' id='word_1_753' title='bbox 359 5059 516 5130; x_wconf 88' lang='lat' dir='ltr'><strong>igitur</strong></span> <span class='ocrx_word' id='word_1_754' title='bbox 544 5069 597 5114; x_wconf 93' lang='lat' dir='ltr'><strong>et</strong></span> <span class='ocrx_word' id='word_1_755' title='bbox 621 5068 861 5130; x_wconf 82' lang='lat' dir='ltr'><strong>apOStata</strong></span> <span class='ocrx_word' id='word_1_756' title='bbox 893 5067 1095 5113; x_wconf 88' lang='lat' dir='ltr'><strong>vestem</strong></span> <span class='ocrx_word' id='word_1_757' title='bbox 1128 5058 1380 5127; x_wconf 90' lang='lat' dir='ltr'><strong>priorem,</strong></span> <span class='ocrx_word' id='word_1_758' title='bbox 1413 5056 1788 5113; x_wconf 87' lang='lat' dir='ltr'><strong>indumentum</strong></span> 
     </span>
    </p>
   </div>
   <div class='ocr_carea' id='block_1_96' title="bbox 1900 4773 3496 4849">
    <p class='ocr_par' dir='ltr' id='par_1_96' title="bbox 1900 4773 3496 4849">
     <span class='ocr_line' id='line_1_96' title="bbox 1900 4773 3496 4849; baseline 0.008 -21"><span class='ocrx_word' id='word_1_759' title='bbox 1900 4773 2070 4831; x_wconf 89' lang='lat' dir='ltr'><strong>tiones</strong></span> <span class='ocrx_word' id='word_1_760' title='bbox 2095 4776 2412 4831; x_wconf 89' lang='lat' dir='ltr'><strong>reddidisse.</strong></span> <span class='ocrx_word' id='word_1_761' title='bbox 2443 4775 2707 4831; x_wconf 68' lang='lat' dir='ltr'><strong>Caeterum</strong></span> <span class='ocrx_word' id='word_1_762' title='bbox 2733 4819 2748 4843; x_wconf 95' lang='lat'><strong>,</strong></span> <span class='ocrx_word' id='word_1_763' title='bbox 2781 4778 2824 4832; x_wconf 93' lang='lat' dir='ltr'><strong>si</strong></span> <span class='ocrx_word' id='word_1_764' title='bbox 2854 4779 2906 4832; x_wconf 92' lang='lat' dir='ltr'><strong>in</strong></span> <span class='ocrx_word' id='word_1_765' title='bbox 2944 4779 3042 4834; x_wconf 93' lang='lat' dir='ltr'><strong>hoc</strong></span> <span class='ocrx_word' id='word_1_766' title='bbox 3089 4780 3250 4849; x_wconf 87' lang='lat' dir='ltr'><strong>gestit</strong></span> <span class='ocrx_word' id='word_1_767' title='bbox 3286 4782 3496 4840; x_wconf 87' lang='lat' dir='ltr'><strong>diversa</strong></span> 
     </span>
    </p>
   </div>
   <div class='ocr_carea' id='block_1_97' title="bbox 1897 4870 3491 4942">
    <p class='ocr_par' dir='ltr' id='par_1_97' title="bbox 1897 4870 3491 4942">
     <span class='ocr_line' id='line_1_97' title="bbox 1897 4870 3491 4942; baseline 0.005 -16"><span class='ocrx_word' id='word_1_768' title='bbox 1897 4885 2020 4942; x_wconf 86' lang='lat' dir='ltr'><strong>pars</strong></span> <span class='ocrx_word' id='word_1_769' title='bbox 2047 4886 2200 4923; x_wconf 85' lang='lat' dir='ltr'><strong>ovem</strong></span> <span class='ocrx_word' id='word_1_770' title='bbox 2223 4880 2277 4924; x_wconf 89' lang='lat' dir='ltr'><strong>et</strong></span> <span class='ocrx_word' id='word_1_771' title='bbox 2305 4870 2616 4924; x_wconf 87' lang='lat' dir='ltr'><strong>drachmam</strong></span> <span class='ocrx_word' id='word_1_772' title='bbox 2643 4912 2656 4935; x_wconf 94' lang='lat'><strong>,</strong></span> <span class='ocrx_word' id='word_1_773' title='bbox 2681 4881 2733 4925; x_wconf 91' lang='lat' dir='ltr'><strong>et</strong></span> <span class='ocrx_word' id='word_1_774' title='bbox 2771 4871 2865 4925; x_wconf 90' lang='lat' dir='ltr'><strong>lilii</strong></span> <span class='ocrx_word' id='word_1_775' title='bbox 2896 4872 3158 4928; x_wconf 81' lang='lat' dir='ltr'><strong>luxuriam</strong></span> <span class='ocrx_word' id='word_1_776' title='bbox 3196 4875 3491 4934; x_wconf 83' lang='lat' dir='ltr'><strong>christiano</strong></span> 
     </span>
    </p>
   </div>
   <div class='ocr_carea' id='block_1_98' title="bbox 1898 4962 3484 5033">
    <p class='ocr_par' dir='ltr' id='par_1_98' title="bbox 1898 4962 3484 5033">
     <span class='ocr_line' id='line_1_98' title="bbox 1898 4962 3484 5033; baseline 0.006 -15"><span class='ocrx_word' id='word_1_777' title='bbox 1898 4963 2159 5032; x_wconf 80' lang='lat' dir='ltr'><strong>peccaturi</strong></span> <span class='ocrx_word' id='word_1_778' title='bbox 2182 4962 2515 5033; x_wconf 75' lang='lat' dir='ltr'><strong>conliguntre</strong></span> <span class='ocrx_word' id='word_1_779' title='bbox 2543 5006 2558 5029; x_wconf 93' lang='lat'><strong>,</strong></span> <span class='ocrx_word' id='word_1_780' title='bbox 2591 4974 2648 5018; x_wconf 91' lang='lat' dir='ltr'><strong>ut</strong></span> <span class='ocrx_word' id='word_1_781' title='bbox 2677 4966 2961 5020; x_wconf 65' lang='lat' dir='ltr'><strong>moechiam</strong></span> <span class='ocrx_word' id='word_1_782' title='bbox 2992 4976 3046 5021; x_wconf 92' lang='lat' dir='ltr'><strong>et</strong></span> <span class='ocrx_word' id='word_1_783' title='bbox 3075 4966 3484 5028; x_wconf 89' lang='lat' dir='ltr'><strong>fornicationem</strong></span> 
     </span>
    </p>
   </div>
   <div class='ocr_carea' id='block_1_99' title="bbox 1897 5056 3491 5134">
    <p class='ocr_par' dir='ltr' id='par_1_99' title="bbox 1897 5056 3491 5134">
     <span class='ocr_line' id='line_1_99' title="bbox 1897 5056 3491 5134; baseline 0.006 -24"><span class='ocrx_word' id='word_1_784' title='bbox 1897 5056 2207 5128; x_wconf 70' lang='lat' dir='ltr'><strong>pmoitentia</strong></span> <span class='ocrx_word' id='word_1_785' title='bbox 2237 5056 2457 5121; x_wconf 89' lang='lat' dir='ltr'><strong>donent,</strong></span> <span class='ocrx_word' id='word_1_786' title='bbox 2481 5065 2573 5111; x_wconf 90' lang='lat' dir='ltr'><strong>aut</strong></span> <span class='ocrx_word' id='word_1_787' title='bbox 2602 5066 2657 5111; x_wconf 92' lang='lat' dir='ltr'><strong>et</strong></span> <span class='ocrx_word' id='word_1_788' title='bbox 2683 5064 2875 5112; x_wconf 61' lang='lat' dir='ltr'><strong>eietera</strong></span> <span class='ocrx_word' id='word_1_789' title='bbox 2907 5057 3097 5114; x_wconf 89' lang='lat' dir='ltr'><strong>delicta</strong></span> <span class='ocrx_word' id='word_1_790' title='bbox 3123 5061 3319 5130; x_wconf 87' lang='lat' dir='ltr'><strong>pariter</strong></span> <span class='ocrx_word' id='word_1_791' title='bbox 3343 5063 3491 5134; x_wconf 88' lang='lat' dir='ltr'><strong>capi-</strong></span> 
     </span>
    </p>
   </div>
   <div class='ocr_carea' id='block_1_100' title="bbox 1419 5169 2257 5231">
    <p class='ocr_par' dir='ltr' id='par_1_100' title="bbox 1419 5169 2257 5231">
     <span class='ocr_line' id='line_1_100' title="bbox 1419 5169 2257 5231; baseline 0.002 -5"><span class='ocrx_word' id='word_1_792' title='bbox 1419 5170 1796 5230; x_wconf 85' lang='lat' dir='ltr'><strong>LECTIONES</strong></span> <span class='ocrx_word' id='word_1_793' title='bbox 1841 5169 2257 5231; x_wconf 72' lang='lat' dir='ltr'><strong>VARIANTES.</strong></span> 
     </span>
    </p>
   </div>
   <div class='ocr_carea' id='block_1_101' title="bbox 263 5284 978 5353">
    <p class='ocr_par' dir='ltr' id='par_1_101' title="bbox 263 5284 978 5353">
     <span class='ocr_line' id='line_1_101' title="bbox 263 5284 978 5353; baseline -0.007 -13"><span class='ocrx_word' id='word_1_794' title='bbox 263 5290 335 5353; x_wconf 91' lang='lat' dir='ltr'><strong>(l)</strong></span> <span class='ocrx_word' id='word_1_795' title='bbox 372 5289 640 5340; x_wconf 83' lang='lat' dir='ltr'><strong>Verissime</strong></span> <span class='ocrx_word' id='word_1_796' title='bbox 664 5288 796 5340; x_wconf 81' lang='lat' dir='ltr'><strong>abest</strong></span> <span class='ocrx_word' id='word_1_797' title='bbox 817 5301 849 5338; x_wconf 85' lang='grc' dir='ltr'><em>α</em></span> <span class='ocrx_word' id='word_1_798' title='bbox 869 5284 978 5352; x_wconf 82' lang='lat' dir='ltr'><strong>Itig.</strong></span> 
     </span>
    </p>
   </div>
   <div class='ocr_carea' id='block_1_102' title="bbox 1574 5393 2126 5454">
    <p class='ocr_par' dir='ltr' id='par_1_102' title="bbox 1574 5393 2126 5454">
     <span class='ocr_line' id='line_1_102' title="bbox 1574 5393 2126 5454; baseline 0.002 -5"><span class='ocrx_word' id='word_1_799' title='bbox 1574 5393 2126 5454; x_wconf 77' lang='lat' dir='ltr'><strong>COMMENTARIUS.</strong></span> 
     </span>
    </p>
   </div>
   <div class='ocr_carea' id='block_1_103' title="bbox 271 5506 1802 5585">
    <p class='ocr_par' dir='ltr' id='par_1_103' title="bbox 271 5506 1802 5585">
     <span class='ocr_line' id='line_1_103' title="bbox 271 5506 1802 5585; baseline -0.004 -15"><span class='ocrx_word' id='word_1_800' title='bbox 271 5517 400 5585; x_wconf 89' lang='lat' dir='ltr'><strong>Cap.</strong></span> <span class='ocrx_word' id='word_1_801' title='bbox 435 5514 525 5569; x_wconf 86' lang='lat' dir='ltr'><strong>IX.</strong></span> <span class='ocrx_word' id='word_1_802' title='bbox 550 5543 620 5553; x_wconf 90' lang='lat'><strong>-—</strong></span> <span class='ocrx_word' id='word_1_803' title='bbox 653 5513 724 5585; x_wconf 69' lang='grc' dir='ltr'><strong>(τι)</strong></span> <span class='ocrx_word' id='word_1_804' title='bbox 759 5511 833 5585; x_wconf 78' lang='lat' dir='ltr'><strong>De</strong></span> <span class='ocrx_word' id='word_1_805' title='bbox 856 5511 1034 5585; x_wconf 69' lang='lat' dir='ltr'><strong>judico</strong></span> <span class='ocrx_word' id='word_1_806' title='bbox 1055 5506 1600 5585; x_wconf 65' lang='lat' dir='ltr'><strong>usurpata.llstt_rpata</strong></span> <span class='ocrx_word' id='word_1_807' title='bbox 1635 5524 1802 5585; x_wconf 77' lang='lat' dir='ltr'><strong>manu</strong></span> 
     </span>
    </p>
   </div>
   <div class='ocr_carea' id='block_1_104' title="bbox 199 5579 1806 5653">
    <p class='ocr_par' dir='ltr' id='par_1_104' title="bbox 199 5579 1806 5653">
     <span class='ocr_line' id='line_1_104' title="bbox 199 5579 1806 5653; baseline -0.005 -12"><span class='ocrx_word' id='word_1_808' title='bbox 199 5579 464 5653; x_wconf 74' lang='lat' dir='ltr'><strong>Pompeii,</strong></span> <span class='ocrx_word' id='word_1_809' title='bbox 517 5585 620 5637; x_wconf 84' lang='lat' dir='ltr'><strong>vid.</strong></span> <span class='ocrx_word' id='word_1_810' title='bbox 651 5579 870 5649; x_wconf 64' lang='lat' dir='ltr'><strong>Ioseph.</strong></span> <span class='ocrx_word' id='word_1_811' title='bbox 905 5583 1184 5653; x_wconf 76' lang='lat' dir='ltr'><strong>Antiqttil.,</strong></span> <span class='ocrx_word' id='word_1_812' title='bbox 1216 5580 1307 5633; x_wconf 85' lang='lat' dir='ltr'><strong>lib.</strong></span> <span class='ocrx_word' id='word_1_813' title='bbox 1340 5579 1478 5653; x_wconf 64' lang='lat' dir='ltr'><strong>XIV,</strong></span> <span class='ocrx_word' id='word_1_814' title='bbox 1517 5594 1632 5653; x_wconf 77' lang='lat' dir='ltr'><strong>cap.</strong></span> <span class='ocrx_word' id='word_1_815' title='bbox 1663 5580 1717 5637; x_wconf 87' lang='lat'><strong>8.</strong></span> <span class='ocrx_word' id='word_1_816' title='bbox 1748 5589 1806 5653; x_wconf 69' lang='lat' dir='ltr'><strong>et</strong></span> 
     </span>
    </p>
   </div>
   <div class='ocr_carea' id='block_1_105' title="bbox 194 5650 1804 5721">
    <p class='ocr_par' dir='ltr' id='par_1_105' title="bbox 194 5650 1804 5721">
     <span class='ocr_line' id='line_1_105' title="bbox 194 5650 1804 5721; baseline -0.003 -10"><span class='ocrx_word' id='word_1_817' title='bbox 194 5663 266 5715; x_wconf 81' lang='lat' dir='ltr'><strong>de</strong></span> <span class='ocrx_word' id='word_1_818' title='bbox 319 5650 464 5711; x_wconf 80' lang='lat' dir='ltr'><strong>Bello</strong></span> <span class='ocrx_word' id='word_1_819' title='bbox 510 5654 860 5716; x_wconf 82' lang='lat' dir='ltr'><strong>iudaico.’lib.</strong></span> <span class='ocrx_word' id='word_1_820' title='bbox 915 5653 954 5715; x_wconf 91' lang='lat' dir='ltr'><strong>I,</strong></span> <span class='ocrx_word' id='word_1_821' title='bbox 989 5668 1106 5720; x_wconf 90' lang='lat' dir='ltr'><strong>cap.</strong></span> <span class='ocrx_word' id='word_1_822' title='bbox 1140 5652 1196 5714; x_wconf 84' lang='grc'><strong>5,</strong></span> <span class='ocrx_word' id='word_1_823' title='bbox 1230 5660 1390 5720; x_wconf 91' lang='lat' dir='ltr'><strong>atque</strong></span> <span class='ocrx_word' id='word_1_824' title='bbox 1426 5650 1675 5721; x_wconf 86' lang='lat' dir='ltr'><strong>Ilegesip.</strong></span> <span class='ocrx_word' id='word_1_825' title='bbox 1735 5650 1804 5707; x_wconf 86' lang='lat' dir='ltr'><strong>de</strong></span> 
     </span>
    </p>
   </div>
   <div class='ocr_carea' id='block_1_106' title="bbox 195 5721 1443 5794">
    <p class='ocr_par' dir='ltr' id='par_1_106' title="bbox 195 5721 1443 5794">
     <span class='ocr_line' id='line_1_106' title="bbox 195 5721 1443 5794; baseline -0.01 -6"><span class='ocrx_word' id='word_1_826' title='bbox 195 5731 392 5788; x_wconf 77' lang='lat' dir='ltr'><strong>Excid.</strong></span> <span class='ocrx_word' id='word_1_827' title='bbox 424 5727 686 5782; x_wconf 86' lang='lat' dir='ltr'><strong>Hierosol.</strong></span> <span class='ocrx_word' id='word_1_828' title='bbox 723 5725 813 5778; x_wconf 92' lang='lat' dir='ltr'><strong>lib.</strong></span> <span class='ocrx_word' id='word_1_829' title='bbox 848 5723 889 5781; x_wconf 92' lang='lat' dir='ltr'><strong>I.</strong></span> <span class='ocrx_word' id='word_1_830' title='bbox 919 5739 1037 5794; x_wconf 87' lang='lat' dir='ltr'><strong>cap.</strong></span> <span class='ocrx_word' id='word_1_831' title='bbox 1066 5721 1155 5787; x_wconf 66' lang='lat' dir='ltr'><strong>I4,</strong></span> <span class='ocrx_word' id='word_1_832' title='bbox 1193 5722 1276 5776; x_wconf 90' lang='lat' dir='ltr'><strong>I7.</strong></span> <span class='ocrx_word' id='word_1_833' title='bbox 1309 5721 1443 5775; x_wconf 70' lang='lat' dir='ltr'><strong>I’Au.</strong></span> 
     </span>
    </p>
   </div>
   <div class='ocr_carea' id='block_1_107' title="bbox 273 5792 1800 5865">
    <p class='ocr_par' dir='ltr' id='par_1_107' title="bbox 273 5792 1800 5865">
     <span class='ocr_line' id='line_1_107' title="bbox 273 5792 1800 5865; baseline -0.006 -9"><span class='ocrx_word' id='word_1_834' title='bbox 273 5803 351 5865; x_wconf 82' lang='lat' dir='ltr'><strong>(b)</strong></span> <span class='ocrx_word' id='word_1_835' title='bbox 391 5797 501 5851; x_wconf 85' lang='lat' dir='ltr'><strong>Nec</strong></span> <span class='ocrx_word' id='word_1_836' title='bbox 531 5811 633 5850; x_wconf 84' lang='lat' dir='ltr'><strong>tant</strong></span> <span class='ocrx_word' id='word_1_837' title='bbox 681 5795 957 5850; x_wconf 77' lang='lat' dir='ltr'><strong>execrabile</strong></span> <span class='ocrx_word' id='word_1_838' title='bbox 990 5792 1127 5847; x_wconf 72' lang='lat' dir='ltr'><strong>esset</strong></span> <span class='ocrx_word' id='word_1_839' title='bbox 1155 5809 1336 5865; x_wconf 77' lang='lat' dir='ltr'><strong>nomen</strong></span> <span class='ocrx_word' id='word_1_840' title='bbox 1370 5792 1800 5865; x_wconf 66' lang='lat' dir='ltr'><strong>publicanorum.</strong></span> 
     </span>
    </p>
   </div>
   <div class='ocr_carea' id='block_1_108' title="bbox 199 5862 1802 5936">
    <p class='ocr_par' dir='ltr' id='par_1_108' title="bbox 199 5862 1802 5936">
     <span class='ocr_line' id='line_1_108' title="bbox 199 5862 1802 5936; baseline -0.007 -8"><span class='ocrx_word' id='word_1_841' title='bbox 199 5862 549 5928; x_wconf 42' lang='lat' dir='ltr'><strong>llelli&#39;nervos</strong></span> <span class='ocrx_word' id='word_1_842' title='bbox 564 5866 855 5936; x_wconf 87' lang='lat' dir='ltr'><strong>Septimius</strong></span> <span class='ocrx_word' id='word_1_843' title='bbox 880 5875 1181 5936; x_wconf 77' lang='lat' dir='ltr'><strong>execratur,</strong></span> <span class='ocrx_word' id='word_1_844' title='bbox 1210 5863 1301 5934; x_wconf 88' lang='lat' dir='ltr'><strong>qtti</strong></span> <span class='ocrx_word' id='word_1_845' title='bbox 1330 5863 1462 5920; x_wconf 91' lang='lat' dir='ltr'><strong>libro</strong></span> <span class='ocrx_word' id='word_1_846' title='bbox 1489 5864 1551 5919; x_wconf 79' lang='lat' dir='ltr'><strong>de</strong></span> <span class='ocrx_word' id='word_1_847' title='bbox 1581 5862 1802 5935; x_wconf 82' lang='lat' dir='ltr'><strong>Corona,</strong></span> 
     </span>
    </p>
   </div>
   <div class='ocr_carea' id='block_1_109' title="bbox 196 5935 1240 6004">
    <p class='ocr_par' dir='ltr' id='par_1_109' title="bbox 196 5935 1240 6004">
     <span class='ocr_line' id='line_1_109' title="bbox 196 5935 1240 6004; baseline -0.012 0"><span class='ocrx_word' id='word_1_848' title='bbox 196 5945 423 6004; x_wconf 86' lang='lat' dir='ltr'><strong>militem</strong></span> <span class='ocrx_word' id='word_1_849' title='bbox 454 5935 798 5999; x_wconf 83' lang='lat' dir='ltr'><strong>christianum</strong></span> <span class='ocrx_word' id='word_1_850' title='bbox 827 5936 1095 5994; x_wconf 84' lang='lat' dir='ltr'><strong>discinxit.</strong></span> <span class='ocrx_word' id='word_1_851' title='bbox 1121 5935 1240 5994; x_wconf 71' lang='lat' dir='ltr'><strong>ltus.</strong></span> 
     </span>
    </p>
   </div>
   <div class='ocr_carea' id='block_1_110' title="bbox 1977 5507 3490 5582">
    <p class='ocr_par' dir='ltr' id='par_1_110' title="bbox 1977 5507 3490 5582">
     <span class='ocr_line' id='line_1_110' title="bbox 1977 5507 3490 5582; baseline 0.004 -16"><span class='ocrx_word' id='word_1_852' title='bbox 1977 5509 2052 5582; x_wconf 75' lang='grc' dir='ltr'><strong>(ο)</strong></span> <span class='ocrx_word' id='word_1_853' title='bbox 2089 5508 2200 5564; x_wconf 83' lang='lat' dir='ltr'><strong>Nec</strong></span> <span class='ocrx_word' id='word_1_854' title='bbox 2220 5508 2542 5582; x_wconf 69' lang='lat' dir='ltr'><strong>denotaretur</strong></span> <span class='ocrx_word' id='word_1_855' title='bbox 2584 5524 2700 5582; x_wconf 79' lang='lat' dir='ltr'><strong>cum</strong></span> <span class='ocrx_word' id='word_1_856' title='bbox 2738 5507 2937 5564; x_wconf 73' lang='lat' dir='ltr'><strong>Iudicis</strong></span> <span class='ocrx_word' id='word_1_857' title='bbox 2953 5515 3347 5574; x_wconf 80' lang='lat' dir='ltr'><strong>conmmnirans.</strong></span> <span class='ocrx_word' id='word_1_858' title='bbox 3384 5527 3490 5572; x_wconf 92' lang='lat' dir='ltr'><strong>etc.</strong></span> 
     </span>
    </p>
   </div>
   <div class='ocr_carea' id='block_1_111' title="bbox 1907 5580 3495 5651">
    <p class='ocr_par' dir='ltr' id='par_1_111' title="bbox 1907 5580 3495 5651">
     <span class='ocr_line' id='line_1_111' title="bbox 1907 5580 3495 5651; baseline 0.003 -14"><span class='ocrx_word' id='word_1_859' title='bbox 1907 5580 2081 5637; x_wconf 84' lang='lat' dir='ltr'><strong>Etiam</strong></span> <span class='ocrx_word' id='word_1_860' title='bbox 2138 5582 2188 5634; x_wconf 93' lang='lat' dir='ltr'><strong>in</strong></span> <span class='ocrx_word' id='word_1_861' title='bbox 2240 5581 2340 5634; x_wconf 89' lang='lat' dir='ltr'><strong>huc</strong></span> <span class='ocrx_word' id='word_1_862' title='bbox 2389 5580 2590 5633; x_wconf 86' lang='lat' dir='ltr'><strong>fallitur</strong></span> <span class='ocrx_word' id='word_1_863' title='bbox 2620 5580 2838 5642; x_wconf 81' lang='lat' dir='ltr'><strong>Auctor,</strong></span> <span class='ocrx_word' id='word_1_864' title='bbox 2893 5583 3014 5651; x_wconf 89' lang='lat' dir='ltr'><strong>quia</strong></span> <span class='ocrx_word' id='word_1_865' title='bbox 3065 5585 3350 5639; x_wconf 85' lang='lat' dir='ltr'><strong>denotatus</strong></span> <span class='ocrx_word' id='word_1_866' title='bbox 3397 5588 3495 5642; x_wconf 87' lang='lat' dir='ltr'><strong>luit</strong></span> 
     </span>
    </p>
   </div>
   <div class='ocr_carea' id='block_1_112' title="bbox 1908 5651 3492 5729">
    <p class='ocr_par' dir='ltr' id='par_1_112' title="bbox 1908 5651 3492 5729">
     <span class='ocr_line' id='line_1_112' title="bbox 1908 5651 3492 5729; baseline 0.003 -22"><span class='ocrx_word' id='word_1_867' title='bbox 1908 5653 2165 5729; x_wconf 80' lang='lat' dir='ltr'><strong>Deminus</strong></span> <span class='ocrx_word' id='word_1_868' title='bbox 2197 5652 2507 5729; x_wconf 81' lang='lat' dir='ltr'><strong>peccatricis</strong></span> <span class='ocrx_word' id='word_1_869' title='bbox 2540 5660 2737 5704; x_wconf 84' lang='lat' dir='ltr'><strong>tactum</strong></span> <span class='ocrx_word' id='word_1_870' title='bbox 2791 5651 3121 5729; x_wconf 67' lang='lat' dir='ltr'><strong>admittens(</strong></span> <span class='ocrx_word' id='word_1_871' title='bbox 3159 5655 3286 5711; x_wconf 81' lang='lat' dir='ltr'><strong>Luc.</strong></span> <span class='ocrx_word' id='word_1_872' title='bbox 3333 5657 3418 5712; x_wconf 74' lang='lat' dir='ltr'><strong>VII</strong></span> <span class='ocrx_word' id='word_1_873' title='bbox 3449 5659 3492 5729; x_wconf 87' lang='lat'><strong>),</strong></span> 
     </span>
    </p>
   </div>
   <div class='ocr_carea' id='block_1_113' title="bbox 1908 5723 3186 5790">
    <p class='ocr_par' dir='ltr' id='par_1_113' title="bbox 1908 5723 3186 5790">
     <span class='ocr_line' id='line_1_113' title="bbox 1908 5723 3186 5790; baseline 0.001 -12"><span class='ocrx_word' id='word_1_874' title='bbox 1908 5739 2030 5778; x_wconf 84' lang='lat' dir='ltr'><strong>cum</strong></span> <span class='ocrx_word' id='word_1_875' title='bbox 2072 5725 2232 5777; x_wconf 89' lang='lat' dir='ltr'><strong>etiam</strong></span> <span class='ocrx_word' id='word_1_876' title='bbox 2259 5723 2434 5790; x_wconf 64' lang='lat' dir='ltr'><strong>judiea</strong></span> <span class='ocrx_word' id='word_1_877' title='bbox 2463 5731 2626 5782; x_wconf 81' lang='lat' dir='ltr'><strong>esset,</strong></span> <span class='ocrx_word' id='word_1_878' title='bbox 2660 5738 2762 5774; x_wconf 92' lang='lat' dir='ltr'><strong>non</strong></span> <span class='ocrx_word' id='word_1_879' title='bbox 2789 5723 3021 5778; x_wconf 86' lang='lat' dir='ltr'><strong>ethnica.</strong></span> <span class='ocrx_word' id='word_1_880' title='bbox 3051 5725 3186 5779; x_wconf 75' lang='lat' dir='ltr'><strong>Plut.</strong></span> 
     </span>
    </p>
   </div>
   <div class='ocr_carea' id='block_1_114' title="bbox 1984 5792 3497 5866">
    <p class='ocr_par' dir='ltr' id='par_1_114' title="bbox 1984 5792 3497 5866">
     <span class='ocr_line' id='line_1_114' title="bbox 1984 5792 3497 5866; baseline 0.005 -20"><span class='ocrx_word' id='word_1_881' title='bbox 1984 5795 2063 5866; x_wconf 90' lang='lat' dir='ltr'><strong>(d)</strong></span> <span class='ocrx_word' id='word_1_882' title='bbox 2133 5792 2377 5866; x_wconf 10' lang='lat' dir='ltr'><strong>Etgelisrar</strong></span> <span class='ocrx_word' id='word_1_883' title='bbox 2422 5803 2497 5866; x_wconf 74' lang='lat' dir='ltr'><strong>est</strong></span> <span class='ocrx_word' id='word_1_884' title='bbox 2552 5803 2655 5866; x_wconf 78' lang='lat' dir='ltr'><strong>tota</strong></span> <span class='ocrx_word' id='word_1_885' title='bbox 2710 5795 2984 5850; x_wconf 78' lang='lat' dir='ltr'><strong>substantia</strong></span> <span class='ocrx_word' id='word_1_886' title='bbox 3027 5800 3346 5853; x_wconf 78' lang='lat' dir='ltr'><strong>sacramenti.</strong></span> <span class='ocrx_word' id='word_1_887' title='bbox 3419 5799 3497 5854; x_wconf 82' lang='lat' dir='ltr'><strong>De</strong></span> 
     </span>
    </p>
   </div>
   <div class='ocr_carea' id='block_1_115' title="bbox 1915 5863 2716 5937">
    <p class='ocr_par' dir='ltr' id='par_1_115' title="bbox 1915 5863 2716 5937">
     <span class='ocr_line' id='line_1_115' title="bbox 1915 5863 2716 5937; baseline -0.002 -15"><span class='ocrx_word' id='word_1_888' title='bbox 1915 5863 2184 5937; x_wconf 82' lang='lat' dir='ltr'><strong>baptismo</strong></span> <span class='ocrx_word' id='word_1_889' title='bbox 2213 5864 2542 5933; x_wconf 87' lang='lat' dir='ltr'><strong>intelligitur.</strong></span> <span class='ocrx_word' id='word_1_890' title='bbox 2577 5863 2716 5921; x_wconf 67' lang='grc' dir='ltr'><strong>ΡΑ».</strong></span> 
     </span>
    </p>
   </div>
  </div>
