4220 6492
644 367 808 441 '999

2104 381 2562 442 TERTULLIANI

3878 391 4014 449 1000

704 498 827 554 talia
854 497 1079 554 concedi
1108 496 1397 569 oportebit,
1429 504 1521 552 aut
1544 497 1691 568 paria
1718 511 1931 569 quoque
1955 511 2141 554 eorum
2162 514 2300 557 mce—
2326 502 2382 565 Α
2409 500 2524 572 Ipse
2550 502 2831 564 .Domious
2872 502 3105 560 Sidoniis
3132 513 3186 559 et
3230 503 3407 577 Tyriis
3451 508 3798 579 praesumpsit
3839 512 4012 578 ι)ωηί-

704 588 880 645 chiant
912 599 968 646 et
1013 590 1422 646 t‘ornicationcm
1456 589 1885 646 inconcessibilia
1922 591 2146 646 servari.
2194 590 2301 648 Sed

710 684 828 756 plus
850 694 950 749 est,
979 683 1119 755 quod
1149 684 1280 739 nihil
1307 684 1451 739 aliud
1468 686 1829 756 argumentari
1854 684 1977 740 licet
1996 685 2129 739 citra
2152 684 2202 739 id
2235 684 2304 742 de

714 794 821 851 quo
846 779 1119 849 agebatur.
1152 778 1417 847 Denique,
1454 779 1500 832 si
1530 777 1785 832 aliorsum
1821 777 2102 847 parabolas
2128 784 2304 833 trans-

716 872 915 928 ducere
970 872 1200 936 liceret,
1248 870 1313 925 ad
1367 871 1683 942 martyrium
1732 870 1907 940 potius
1953 869 2305 939 dirigeremus

710 978 859 1035 spem
890 963 1099 1018 illarum
1133 1004 1147 1027 ,
1180 962 1322 1033 quod
1348 962 1521 1017 solum
1556 962 1700 1018 omni
1728 962 2025 1018 substantia
2050 961 2303 1033 prodacta

709 1056 993 1112 restituere
1034 1056 1199 1109 lilittttt
1232 1054 1446 1123 poterit,
1476 1063 1530 1109 et
1558 1053 1869 1110 drachmam
1911 1054 2049 1109 inter
2079 1052 2257 1108 omnia
2286 1094 2303 1117 ,

708 1151 836 1207 licet
860 1154 911 1206 in
941 1162 1183 1207 stercore
1210 1161 1499 1223 repertam.
1522 1168 1642 1206 cmtt
1671 1151 1867 1221 gaudio
1892 1150 2221 1221 praedicabit,
2253 1159 2309 1205 et

706 1260 862 1301 ovem
888 1261 982 1315 per
1004 1260 1189 1315 aspera
1218 1259 1441 1314 qumque
1471 1254 1523 1299 et
1550 1246 1773 1314 abrupta
1802 1243 2085 1313 fugitivam
2117 1244 2306 1299 home-

709 1337 785 1393 ris
808 1336 975 1406 ipsius
1004 1335 1212 1390 Domini
1248 1336 1298 1388 in
1326 1350 1543 1407 gregem
1577 1335 1792 1391 referet.
1826 1334 1933 1390 Sed
1956 1336 2226 1389 malumus
2253 1335 2307 1389 in

714 1430 1002 1499 Scripturis
1030 1430 1207 1484 minus
1227 1430 1270 1485 si
1291 1428 1425 1485 forte
1442 1444 1652 1497 sapere,
1670 1444 1827 1499 quam
1840 1439 2047 1483 contra.
2081 1428 2311 1483 Proinde

712 1538 929 1579 sensum
958 1523 1164 1577 Domini
1196 1522 1470 1577 custodire
1492 1521 1750 1577 debemus
1775 1531 1934 1590 atque
1954 1530 2306 1591 przeceptnm.

713 1614 829 1671 Non
861 1626 943 1671 eSt
986 1615 1153 1670 levior
1176 1612 1533 1685 transgressio
1568 1614 1622 1668 in
1648 1612 2087 1684 interpretatione
2108 1655 2120 1678 ,
2150 1628 2310 1684 quam

714 1708 767 1763 in
795 1708 1229 1764 conversatione.

1340 1797 1567 1855 CAPUT
1612 1798 1678 1853 X.

2409 595 2651 663 tentiam,
2679 596 2723 653 si
2755 596 3008 652 virtutum
3026 597 3345 653 documenta
3377 599 3633 655 vidissent
3654 601 3672 671 (
3695 600 3899 656 Matth.
3923 600 4006 661 XI,

2406 686 2520 757 2t).
2554 688 2748 756 Atquin
2776 704 2878 759 ego
2905 688 3047 743 illam
3078 690 3407 744 naturalibus
3430 692 3596 761 magis
3632 691 4012 762 peccatoribus

2408 789 2712 849 competere
2742 780 3085 847 contendam,
3109 798 3269 853 quam
3303 783 3639 839 voluntariis.
3668 784 3842 855 Magis
3870 786 4011 840 enim

2410 871 2702 927 merebitur
2745 871 2975 927 fructum
3028 874 3146 943 ejus
3192 874 3279 942 qui
3328 874 3561 929 nondum
3614 890 3681 930 eo
3733 892 3875 930 usus
3912 886 4011 940 est,

2409 980 2566 1035 quam
2594 965 2681 1035 qui
2706 966 2814 1035 jant
2844 975 2898 1021 et
2925 967 3124 1021 abusus
3147 976 3229 1021 est
3254 984 3268 1034 ;
3302 968 3575 1038 magisque
3598 970 3816 1038 sapient
3844 984 4015 1023 reme-

2410 1057 2495 1113 dia
2524 1060 2689 1129 pritna
2716 1102 2730 1125 ,
2762 1075 2920 1131 quam
2956 1061 3185 1116 exoleta.
3209 1060 3471 1117 Nimirum
3503 1064 3769 1119 Dominus
3794 1065 4014 1136 ingratis

2411 1152 2673 1222 benignus
2729 1154 2897 1224 magis
2944 1169 3102 1225 quam
3148 1154 3368 1225 ignaris,
3416 1165 3470 1210 et
3515 1156 3672 1211 citius
3706 1156 4017 1226 reprobatis

2414 1244 2739 1311 misericors,
2780 1261 2937 1316 quam
2986 1247 3222 1301 nondum
3278 1247 3537 1317 probatis;
3590 1258 3649 1303 ut
3702 1264 3819 1304 non
3851 1248 4016 1316 magis

2413 1336 2673 1392 irascatur
2694 1338 3034 1393 contumeliis
3072 1338 3375 1394 clementia:
3420 1355 3552 1405 sum,
3575 1357 3739 1411 quam
3770 1341 4018 1396 blandia-

2416 1438 2532 1491 tur;
2564 1441 2616 1484 et
2649 1443 2753 1483 non
2778 1428 3031 1485 libentius
3074 1432 3344 1487 extraneis
3376 1447 3494 1486 eam
3524 1432 3825 1501 impertiat,
3862 1449 4018 1502 quam

2416 1519 2468 1573 in
2499 1510 2622 1573 filiis
2652 1518 2901 1590 perdidit,
2933 1536 3053 1575 cum
3084 1532 3271 1591 gentes
3293 1522 3370 1577 sic
3393 1522 3752 1592 adoptavcrit,
3778 1523 3911 1577 dum
3934 1522 4022 1577 Ju-

2415 1610 2514 1667 dzei
2542 1610 2609 1666 de
2644 1613 2895 1681 patientia
2924 1612 3112 1667 ludunt
3140 1613 3237 1685 (η).
3260 1614 3365 1670 Sed
3406 1613 3507 1669 hoc
3537 1616 3720 1670 volunt
3746 1615 4019 1687 Psychiri.

2417 1712 2476 1757 ut
2534 1703 2673 1758 Deus
2712 1704 2889 1772 justus
2922 1703 3083 1773 judex
3130 1704 3247 1774 ejus
3292 1707 3590 1775 peccatoris
3641 1708 4019 1777 paenitentiam

2419 1793 2568 1848 malit
2592 1809 2750 1864 quam
2775 1804 3041 1859 mortem,
3083 1796 3173 1866 qui
3204 1807 3431 1851 mortem
3462 1797 3780 1868 prnoitentia
3815 1800 4019 1853 maluit.

786 1895 1028 1949 Excussa
1056 1892 1214 1964 igitur
1254 1892 1383 1963 jugo
1428 1893 1479 1945 in
1508 1892 1782 1948 etlmieum
1813 1891 2109 1948 disserendi
2152 1908 2306 1964 para-
2340 1892 2390 1953 B
2418 1886 2569 1955 Quod
2623 1889 2666 1941 si
2719 1888 2791 1941 ita
2836 1898 2939 1953 εει,
2986 1890 3261 1957 peccando
3314 1905 3705 1959 promcremur.
3771 1894 3891 1963 Age
3948 1902 4020 1958 tu,

718 1986 868 2042 bolas
900 1986 1050 2050 istas,
1081 1992 1137 2039 et
1160 1984 1324 2039 semel
1356 1984 1597 2054 dispecta
1639 1984 1720 2039 vel
1749 1994 1960 2053 recepta
1992 1986 2313 2040 necessitate

722 2095 825 2132 ttott
855 2078 1010 2132 aliter
1033 2074 1417 2145 interpretandi
1445 2090 1606 2145 quam
1637 2075 1855 2129 materia
1895 2075 2153 2145 propositi
2188 2084 2269 2130 est
2296 2118 2309 2141 ,

718 2167 1049 2225 contemlunt
1090 2167 1198 2237 jam
1244 2182 1344 2222 nec
1365 2173 1671 2236 competere
1716 2166 1943 2221 ethnicis
1987 2166 2313 2237 poenitentiae

719 2261 1200 2324 denuntiationem,
1234 2274 1459 2330 quorum
1506 2258 1699 2313 delicta
1724 2256 1956 2313 obnoxia
1986 2258 2033 2313 ei
2057 2273 2160 2313 non
2185 2257 2311 2323 sint,

721 2352 1033 2424 ignorantia:
1054 2352 1258 2408 scilicet
1282 2349 1611 2419 imputanda,
1635 2366 1792 2420 quam
1818 2350 1929 2405 sola
1961 2359 2145 2404 natura
2170 2365 2313 2405 ream

724 2448 836 2504 Deo
863 2446 1039 2501 faciat.
1073 2446 1273 2513 Porro,
1308 2460 1406 2499 nec
1446 2444 1679 2497 remedia
1710 2457 1921 2512 sapere,
1949 2442 2142 2512 quibus
2174 2446 2315 2513 peri-

723 2540 841 2594 cula
875 2538 988 2607 ipsa
1012 2555 1115 2592 tton
1145 2537 1378 2607 sapiunt,
1400 2536 1507 2590 illic
1525 2544 1700 2590 autem
1720 2536 2045 2605 posuitentire
2069 2545 2318 2591 constare

725 2632 1010 2695 rationem,
1054 2630 1141 2683 tibi
1182 2627 1510 2683 conscientia
1552 2636 1605 2681 ct
1648 2626 1923 2682 voluntate
1953 2626 2312 2698 delinquitur,

727 2726 814 2781 ttbi
837 2736 888 2781 et
919 2723 1075 2791 culpa
1104 2723 1271 2792 sapiat
1303 2731 1356 2775 et
1376 2720 1563 2791 gratia,
1591 2719 1739 2774 illum
1768 2718 1971 2789 lugere,
1997 2718 2141 2773 illttttt
2172 2720 2321 2773 volu-

727 2818 827 2872 tari
850 2817 943 2888 qui
974 2815 1105 2870 sciat
1137 2823 1189 2869 et
1215 2811 1341 2883 quid
1373 2812 1615 2867 amiserit
1640 2820 1695 2867 et
1723 2810 1849 2881 quid
1877 2812 1947 2866 sit
1974 2821 2319 2881 recuperatu-

730 2924 841 2976 rus,
870 2909 912 2963 si
946 2906 1312 2975 pmttitentiam
1337 2904 1444 2959 Deo
1466 2902 1775 2969 immolarit,
1804 2902 1985 2971 utique
2009 2916 2126 2958 eam
2156 2901 2323 2973 magis

730 3002 853 3057 filiis
902 2998 1169 3064 offerenti,
1198 3012 1356 3067 quam
1426 2996 1721 3052 extraneis.
1779 2994 1913 3050 Num
1960 2996 2039 3066 (l)
2093 3011 2222 3067 ergo
2270 3005 2324 3052 et

729 3095 897 3151 Jonas
926 3092 1070 3165 (Jan.
1091 3092 1152 3148 Ill
1178 3134 1191 3157 ,
1222 3090 1279 3161 4)
1310 3090 1506 3145 idcirco
1533 3088 1766 3145 ethnicis
1792 3087 2041 3142 Ninivitis
2072 3103 2175 3142 non
2222 3102 2320 3157 pu-

732 3187 875 3244 tabztt
917 3184 1283 3255 paenitentiam
1328 3181 1683 3237 necessariam
1710 3220 1726 3246 ,
1755 3195 1875 3234 cum
1903 3179 2242 3234 cavillaretur
2272 3179 2323 3233 itt

2416 1981 2728 2036 funambulo
2785 1982 3053 2051 pudit-itia:
3112 1991 3166 2038 et
3215 1984 3499 2051 castitatis,
3556 1995 3609 2040 et
3659 1987 3845 2040 omnis
3887 1988 4021 2041 circa

2416 2087 2608 2129 sexum
2650 2074 2953 2127 sanetitatis
2978 2115 2992 2139 ,
3024 2074 3111 2144 qui
3146 2076 3515 2131 tenuissimum
3545 2077 3710 2131 lilium
3738 2078 4021 2147 disciplina

2417 2164 2682 2234 ejusmodi
2714 2166 2823 2221 veri
2865 2166 2978 2219 avia
3004 2167 3271 2236 pendente
3301 2167 3527 2239 vestigio
3549 2169 3879 2240 ingrederis,
3904 2186 4023 2226 car-

2419 2273 2540 2312 nem
2574 2258 2763 2327 Spirittt
2792 2256 3013 2324 librans,
3045 2258 3278 2312 animam
3310 2259 3413 2315 lide
3441 2261 3728 2317 ntodetans
3754 2304 3771 2328 ,
3806 2264 4023 2319 oculum

2419 2357 2564 2405 metu
2592 2358 2913 2419 temperans.
2952 2349 3088 2417 Quid
3121 2350 3295 2420 itaque
3323 2353 3372 2403 iu
3402 2352 3569 2422 gradu
3596 2362 3744 2408 totus
3764 2356 3865 2409 es?
3894 2355 4023 2409 Per-

2418 2458 2483 2513 ge
2508 2456 2665 2504 sane,
2698 2441 2742 2495 si
2770 2443 3033 2511 potueris,
3061 2442 3104 2497 si
3134 2443 3397 2511 volueris,
3425 2444 3552 2499 dum
3585 2456 3691 2501 tam
3720 2462 3955 2503 securus
3977 2458 4027 2503 et

2418 2536 2566 2607 quasi
2599 2536 2649 2589 iit
2678 2534 2851 2589 solido
2874 2551 2952 2590 es.
2982 2534 3112 2589 Nam
3132 2577 3145 2601 ,
3177 2537 3220 2589 si
3262 2552 3363 2607 qua
3394 2545 3445 2593 te
3491 2538 3669 2593 carnis
3713 2540 4025 2602 vacillatio,

2418 2628 2581 2683 animi
2624 2626 2895 2693 avocatio,
2921 2627 3058 2681 oculi
3105 2629 3346 2697 evagatio
3374 2628 3442 2684 de
3471 2640 3658 2684 tenore
3684 2630 3995 2685 decusserit
4013 2675 4026 2695 ,

2424 2721 2563 2776 Deus
2603 2720 2772 2775 bonus
2802 2727 2884 2773 est
2913 2737 2926 2773 :
2955 2720 3099 2784 suis,
3134 2735 3236 2773 non
3279 2719 3538 2785 ethnicis,
3572 2722 3753 2776 sinum
3782 2723 4027 2791 subjicit;

2422 2810 2654 2866 Secunda
2698 2820 2748 2865 te
2792 2809 3103 2879 paenitentia
3146 2811 3406 2881 excipiet;
3451 2812 3526 2883 (b)
3574 2813 3684 2869 eris
3728 2814 3932 2871 iterum
3967 2816 4031 2868 de

2425 2903 2636 2958 mmebo
2660 2901 3011 2958 Christianus.
3046 2902 3168 2958 llaec
3214 2912 3267 2957 tu
3310 2902 3471 2971 mihi,
3513 2906 3905 2976 benignissime
3945 2908 4031 2962 Dei

2426 2995 2707 3065 interpres.
2739 2994 2844 3049 Sed
2874 2995 3121 3051 cederem
3169 2995 3298 3063 tibi,
3350 2997 3395 3051 si
3439 2997 3701 3068 scriptura
3756 3000 4033 3061 Pastoris,

2425 3104 2544 3158 qua:
2564 3088 2676 3142 sola
2699 3085 2939 3143 ιιιωειιθε
2960 3096 3133 3153 amat,
3162 3086 3343 3142 divino
3365 3090 3719 3145 instrumento
3748 3094 4038 3148 meruissu

2428 3178 2622 3245 incidi,
2654 3179 2850 3233 si'non
2875 3178 2943 3233 ab
2985 3178 3129 3232 onmi
3180 3180 3410 3235 concilio
3460 3181 3827 3238 Ecclesiarum
3877 3186 4037 3239 etiam

734 3277 1125 3350 przedicationis
1164 3273 1381 3331 ofﬁcio?
1429 3288 1495 3325 an
1541 3271 1719 3340 potius
1768 3270 2187 3325 titiscricortliam
2234 3270 2326 3325 Dei
2353 3276 2398 3338 Ω
2434 3280 2731 3323 vestrarum
2765 3270 2903 3324 inter
2928 3270 3231 3342 apocrypha
3264 3280 3315 3325 et
3347 3270 3476 3327 falsa
3505 3273 3868 3344 judicaretur,
3892 3276 4041 3332 adul-

734 3370 1019 3441 providcns
1040 3370 1198 3422 etiam
1224 3367 1273 3421 in
1306 3376 1591 3419 extraneos
1622 3361 1912 3434 profusam,
1937 3363 2085 3432 quasi
2113 3362 2326 3419 destru-

734 3476 939 3521 ctttram
984 3460 1332 3534 pracooium,
1378 3457 1887 3527 verebatnriatque
1928 3456 2064 3511 adeo
2112 3467 2329 3527 propter

734 3558 1002 3611 civitatem
1051 3551 1324 3624 profanam
1368 3549 1606 3606 nondum
1655 3549 1748 3605 Dei
1795 3558 2119 3624 compotem,
2156 3550 2330 3605 adhuc

738 3648 1035 3720 ignorantia
1063 3646 1483 3713 deliuqttentcm,
1517 3656 1657 3712 pene
1697 3640 1852 3703 periit
1887 3640 2198 3719 prophetes?
2227 3642 2329 3696 nisi

736 3739 878 3810 quod
935 3737 1241 3806 exemplum
1314 3748 1501 3803 passus
1540 3742 1625 3787 est
1671 3731 1960 3786 Dominiea:
2028 3733 2327 3801 passionis,

736 3832 980 3887 etlmicos
1009 3843 1219 3899 quoque
1248 3827 1569 3897 poenitentes
1618 3822 1976 3894 redemptum:
2008 3823 2157 3895 (Luc.
2191 3822 2330 3887 XIII,

737 3922 829 3992 29,
856 3922 969 3990 50).
999 3921 1137 3975 Bene
1162 3917 1300 3990 quod
1334 3928 1383 3973 et
1413 3915 1647 3971 Joannes
1690 3915 1897 3970 Dontiui
1922 3916 2033 3969 vias
2063 3925 2328 3980 sternens,

738 4032 846 4073 non
886 4015 1062 4069 minus
1110 4009 1461 4066 militantibus
1503 4017 1558 4064 et
1608 4009 1947 4079 publicanis,
1993 4024 2153 4079 quam
2210 4009 2336 4064 liliis

741 4106 1029 4172 Abraham,
1064 4102 1393 4175 poenitentia:
1414 4108 1531 4156 erat
1555 4114 1729 4168 prrcco
1757 4098 1909 4169 (Luc.
1934 4097 2019 4165 Ill,
2056 4100 2123 4153 15
2148 4100 2335 4172 seqq.).

2435 3374 2545 3418 tera
2575 3373 2629 3417 et
2660 3362 2803 3433 ipsa,
2831 3372 2882 3418 et
2913 3362 3035 3417 inde
3071 3372 3291 3432 patrona
3342 3365 3647 3432 sociorum;
3680 3368 3753 3438 (c)
3786 3383 3817 3423 a
3856 3385 3963 3440 qua
3992 3379 4044 3424 et

2433 3456 2564 3509 alias
2594 3455 2852 3519 ittitiaris;
2880 3456 2961 3510 cui
2993 3455 3081 3511 ille
3122 3456 3167 3511 si
3202 3455 3337 3511 forte
3365 3458 3790 3527 patrocinabitur
3822 3471 4041 3532 pastor,

2433 3563 2591 3619 quem
2624 3548 2673 3603 itt
2702 3548 2867 3603 calice
2908 3547 3179 3618 depittgis,
3217 3548 3295 3619 (ά)
3342 3551 3739 3620 prostitutorem
3785 3564 3842 3609 et
3871 3555 4044 3624 ipsutn

2435 3638 2721 3695 Christiani
2757 3638 3107 3704 sacramenti,
3157 3641 3350 3694 merito
3387 3650 3439 3695 et
3484 3642 3761 3698 ebrietatis
3806 3644 4044 3711 idolum,

2438 3743 2492 3788 et
2518 3731 2763 3787 tumeliiae
2783 3732 2970 3784 asilum
3010 3740 3131 3801 post
3167 3732 3388 3787 calicem
3434 3734 3806 3790 subsecutum
3856 3737 3954 3809 (c),
3986 3738 4049 3793 de

2436 3840 2541 3893 quo
2580 3822 2708 3876 nihil
2742 3822 2989 3879 libentius
3017 3821 3187 3886 bibas,
3218 3838 3377 3892 quam
3400 3839 3553 3878 ovem
3586 3827 3927 3895 pwnitentia:
3966 3845 4050 3884 sc-

2438 3914 2626 3971 cundat
2644 3914 2711 3985 (f)
2724 3955 2734 3966 .
2746 3916 2811 3967 At
2830 3929 2931 3984 ego
2946 3914 3061 3983 ejus
3079 3914 3305 3984 pastoris
3321 3916 3611 3986 scripturas
3626 3916 3819 3972 Itattrio
3832 3920 3927 3990 qui
3950 3935 4050 3975 nou

2442 4016 2615 4078 petest
2644 4006 2810 4076 frangi
2842 4022 2856 4060 :
2889 4006 3028 4060 hunc
3065 4005 3194 4060 tttilti
3234 4007 3412 4062 statim
3441 4007 3680 4065 Joannes
3721 4009 3888 4068 oﬂ'ert
3932 4028 4052 4067 cum

2442 4098 2773 4170 pmuitentiae
2796 4098 3008 4153 lavacro
3030 4106 3085 4153 ct
3107 4099 3286 4155 oflicio
3309 4099 3577 4157 dicentem
3606 4119 3619 4155 :
3648 4100 3839 4160 Facite
3874 4105 4056 4177 dignos

1967 4216 2349 4274 LECTIONES
2389 4214 2804 4273 VARIANTES.

806 4339 877 4405 (l)
912 4336 1020 4390 Non
1043 4338 1184 4388 Plan.
1212 4347 1321 4385 nam
1345 4332 1511 4385 Obert.
1537 4333 1687 4385 Seml.

2112 4441 2671 4501 COMMENTARIUS.

812 4556 1394 4631 CAP.X.——(a).luda:i
1423 4556 1745 4631 tfe_patientir_t
1764 4556 1962 4611 ludunt.
1989 4556 2176 4631 Totics
2191 4557 2343 4631 lajsa,
2372 4559 2424 4618 D
2455 4558 2653 4612 l’liuitts
2680 4554 2780 4631 XI,
2801 4554 2869 4609 10
2901 4570 2912 4607 :
2950 4551 3245 4608 Nascuntur
3271 4553 3545 4631 aliquando
3573 4552 3628 4631 in
3652 4556 3900 4611 extremis
3942 4558 4064 4627 {aris

741 4633 961 4691 offensis
995 4626 1150 4685 toties
1188 4626 1447 4698 repetitis.
1476 4628 1565 4683 Sic
1594 4628 1643 4681 in
1678 4626 1883 4681 Illcatt.
1932 4628 2126 4681 cnttcil.
2159 4628 2297 4698 lililt.
2329 4668 2344 4694 ,

743 4706 830 4758 tthi
859 4705 924 4757 de
945 4696 1269 4757 Fluminibus
1300 4710 1412 4769 post
1444 4699 1807 4767 pmttitetttiattt
1840 4698 2066 4752 mmcltis
2099 4716 2110 4752 :
2148 4696 2349 4769 Placuit

744 4776 957 4831 ulterius
978 4775 1049 4827 eis
1077 4789 1177 4826 non
1197 4768 1309 4825 esse
1325 4772 1545 4823 diuidam
1563 4769 1985 4828 communionem.
2015 4786 2075 4822 ne
2092 4770 2271 4823 [misse
2290 4768 2353 4823 de

744 4846 1013 4900 Dominica
1034 4845 1382 4896 connuunioue
1408 4842 1694 4905 vidcantur;
1726 4850 1776 4893 et
1804 4856 1923 4893 ean.
1953 4840 2020 4893 47
2056 4859 2066 4891 :
2096 4840 2156 4893 Si
2180 4856 2350 4893 resusv

749 4920 931 4971 citatus
953 4931 1127 4969 rursus
1169 4914 1321 4981 fuerit
1361 4914 1655 4975 max/tutus,
1695 4911 1890 4979 placuit
1912 4909 2122 4965 ulterius
2148 4928 2247 4965 non
2277 4910 2354 4964 lu-

748 4990 867 5043 dere
893 4988 1050 5040 Deum
1081 4984 1432 5038 communione
1463 4986 1622 5053 pacis.
1654 4983 1771 5037 lito.

818 5060 895 5130 (b)
931 5057 1046 5111 I'Iris
1092 5058 1267 5130 iterum
1309 5056 1375 5130 de
1424 5051 1615 5130 iniec/to
1658 5054 1982 5130 Christianus.
2031 5051 2191 5130 Quasi
2216 5060 2361 5130 post

747 5122 1068 5202 baptiuuum
1098 5128 1146 5181 itt
1183 5125 1468 5181 moechi-ant
1502 5126 1687 5195 lapsus
1715 5123 1932 5179 desierit
1955 5137 2075 5178 esse
2114 5122 2359 5178 christia-

748 5200 872 5257 nu's.
898 5200 1030 5254 lito.

823 5270 894 5343 (ι·)
927 5271 1095 5343 Ληιια
1123 5281 1167 5343 et
1201 5269 1330 5343 alias
1362 5268 1601 5343 initiaris.
1634 5267 1717 5322 Ab
1747 5266 1846 5343 illa_
1862 5264 2108 5320 nimirum
2138 5279 2363 5343 apocry-

749 5336 850 5416 pha
878 5336 930 5396 et
971 5336 1099 5395 falsa
1124 5339 1359 5416 Pastoris
1390 5339 1679 5416 scriptura,
1742 5337 1915 5408 potius
1942 5352 2099 5408 quant
2147 5336 2359 5391 indubi-

751 5409 873 5471 iatis
901 5421 954 5468 et
986 5411 1386 5479 l‘CCL‘pliSSillllS.
1414 5409 1532 5464 Βισ.

823 5485 900 5557 (ιι)
969 5477 1355 5557 Prostitutorem
1396 5491 1440 5535 et
1486 5482 1653 5551 ipsum
1702 5478 1977 5535 Christiani
2032 5477 2357 5533 sacramenti.

760 5553 1132 5613 Eticharistiw.
1167 5553 1284 5607 Βιο.

826 5630 898 5698 (c)
966 5626 1029 5698 Et
1076 5623 1531 5698 mwcltiwuasilunt
1576 5632 1689 5698 post
1741 5622 2361 5698 calicem_snbsccutnra:.

762 5693 1114 5755 St’l‘ibClldUlll
1143 5705 1225 5749 est
1250 5696 1465 5759 asilum,
1498 5711 1618 5747 nam
1650 5694 1912 5763 signiticnt
1945 5693 2148 5761 οἴστρων.

914 5848 922 5855 .
956 5846 963 5854 .
992 5846 1003 5855 .
1031 5847 1038 5854 .
1070 5848 1075 5855 .
1106 5849 1111 5853 .
1145 5846 1152 5854 .
1184 5848 1187 5853 ,
1220 5846 1227 5854 .
1257 5806 1373 5855 .Ctti
1396 5820 1570 5854 nomen
1599 5805 1718 5851 asilo

910 5872 1175 5922 ltomauunt
1201 5879 1297 5931 est,
1325 5878 1531 5919 uestrum
1552 5868 1707 5919 Ut'iL‘Ui
1740 5874 1941 5918 vertere
1974 5877 2200 5917 vocantes

2452 4646 2571 4697 apes
2600 4628 2891 4699 grandiores
2921 4668 2934 4689 ,
2964 4640 3077 4699 qua;
3111 4634 3314 4699 cretei-as
3342 4628 3541 4699 fugant.
3578 4626 3823 4699 vestrum
3861 4626 4067 4682 voratur

2456 4694 2547 4754 hoc
2578 4694 2788 4752 malum.
2823 4694 3003 4751 ldcm':
3032 4696 3173 4750 Asilo
3195 4696 3297 4750 sire
3321 4694 3558 4768 (abnuunt
3588 4698 3689 4750 dici
3710 4698 3885 4768 placet
3908 4742 3924 4765 ,
3951 4717 4067 4751 aru-

2455 4772 2560 4825 leua
2589 4772 2640 4823 iu
2672 4785 2776 4822 ore.
2831 4768 2940 4821 lloc
2982 4782 3245 4836 percussa:
3288 4767 3520 4836 pecudes
3569 4768 3709 4823 velut
3754 4771 3812 4823 in
3864 4771 4065 4825 rabiem

2458 4852 2700 4912 aguntur.
2728 4838 2901 4909 Atque
2927 4838 3050 4912 inde
3078 4848 3172 4912 est
3187 4838 3499 4912 vocabulum
3527 4838 3590 4892 ad
3617 4854 3890 4909 venereos
3925 4842 4068 4894 t‘um.

2460 4909 2547 4967 l‘és
2578 4913 2906 4966 translatum.
2946 4909 3241 4979 Hesychius
3268 4949 3281 4971 .
3317 4910 3515 4980 οἷστρσς,
3552 4914 3796 4979 (prompt);
3826 4952 3841 4973 ,
3874 4915 3894 4960 ε
3938 4917 4069 4976 λογί-

2458 5009 2593 5052 μ’νις
2613 4990 2713 5051 μῧοι
2736 5001 2745 5012 ·
2769 4994 2917 5049 μανία
2940 4984 3238 5052 ἀρρᾳδηίωι,
3262 4985 3483 5052 νκὺρῳσις,
3509 4989 3744 5043 far/1w“.
3776 4986 4073 5049 sepltltlitts

2464 5055 2625 5119 igitur
2649 5052 2953 5105 Catholieos
2977 5051 3066 5120 qui
3094 5051 3442 5121 xerophagias
3462 5053 3735 5115 damnent,
3764 5063 3825 5106 et
3848 5054 4078 5109 max-his

2500 5124 2845 5180 uettiteotthus
2877 5124 3166 5193 Ei-clesiattt
3199 5119 3452 5193 reddant,
3490 5121 3780 5193 Psychicos
3808 5138 3970 5193 vent
3994 5168 4007 5187 ,
4030 5132 4080 5178 ct

2509 5209 2739 5250 asIOI‘Ctll
2768 5194 2818 5247 iu
2847 5209 3031 5249 eorum
3060 5192 3223 5247 calice
3251 5192 3543 5257 depictum,
3566 5192 3853 5249 ebrietatis
3876 5195 4075 5250 idolum

2466 5277 2520 5323 et
2553 5265 2782 5320 libidinis
2813 5278 3060 5326 murum,
3097 5264 3237 5317 ttnde
3264 5262 3468 5317 scilicet
3493 5278 3719 5334 corpore
3748 5264 3895 5321 bene
3922 5283 4078 5320 cura-

2467 5348 2542 5405 to,
2575 5338 2717 5391 velut
2739 5338 2915 5391 foroie
2942 5335 3163 5405 perciti,
3189 5334 3239 5387 in
3269 5334 3524 5389 adulteria
3549 5345 3602 5389 ct
3628 5349 3795 5405 omne
3829 5335 4080 5392 lascivia-

2468 5404 2584 5464 rum
2640 5422 2804 5478 genus
2853 5404 3047 5469 ruant,
3102 5405 3291 5459 blanda
3342 5404 3691 5478 impetranda:
3743 5408 4083 5478 poenitentia:

2467 5476 2661 5534 fiducia
2684 5478 2905 5533 invitati.
2937 5478 3107 5543 Quam
3136 5487 3256 5531 sunt
3280 5476 3610 5530 atuarnlenta
3642 5477 3759 5533 lucc
3792 5476 3848 5533 in
3880 5480 4082 5535 Catho-

2474 5552 2603 5607 licos
2626 5550 2895 5604 convicia!
2930 5549 3051 5604 lite.

2544 5648 2605 5718 (Γ)
2639 5644 2792 5698 Ovem
2837 5644 3143 5718 preuiteutia:
3169 5640 3418 5696 scruudw.
3453 5637 3564 5718 Hoc
3601 5648 3720 5706 est,
3758 5658 3923 5718 ovem
3971 5644 4087 5718 lilii-

2473 5712 2748 5781 ditiosam,
2779 5712 2939 5769 ovem
2970 5713 3301 5775 adulteram;
3347 5727 3495 5781 spem
3529 5712 3886 5778 impettaudm
3937 5714 4089 5770 adul-

2479 5790 2615 5845 terio
2642 5790 2801 5844 etiam
2831 5794 2951 5857 post
2976 5784 3294 5855 baptismum
3322 5783 3561 5838 admisso
3588 5784 3782 5839 veniat.
3819 5784 3949 5841 lite.
