4220 6492
159 414 287 472 1001

156 526 458 600 pauitantia:
487 527 683 598 fructus
707 567 721 590 ,
753 531 800 579 et
844 539 905 578 ne
930 522 1160 578 dixeritis
1203 537 1220 577 :

155 622 413 676 Abraham
447 637 463 673 :
493 631 545 675 et
588 637 656 674 ne
703 619 906 674 scilicet
958 632 1144 672 rursus
1181 615 1540 671 blandimenta
1589 615 1758 670 delin-

154 715 384 784 quentia:
411 713 478 768 de
521 720 729 783 patrum
759 719 1094 766 resumerent
1136 711 1302 778 gratia
1339 723 1351 758 :
1407 706 1576 762 Potest
1621 707 1757 760 enim

152 805 293 860 Deus
318 804 644 875 delapidibus
660 805 769 858 istis
785 804 921 872 ﬁtios
950 802 1199 856 suscitare
1226 800 1443 856 Abralta:
1469 798 1649 869 (Matt.
1668 797 1753 862 Ill,

154 898 208 959 8,
239 898 317 968 9).
347 896 436 952 Sic
465 905 518 952 ct
548 912 643 952 nos
688 896 926 966 sequitur
948 934 963 960 ,
1011 893 1087 964 (η)
1128 903 1182 947 ιιι
1211 908 1304 948 eos
1357 893 1446 962 qui
1502 892 1758 946 hactenus

154 987 993 1061 delinquanljfacienlesdignum
1013 985 1336 1056 pmnilentia:
1354 983 1602 1039 fructum.
1622 981 1756 1049 Quid

154 1079 297 1135 enim
337 1096 402 1135 ex
437 1079 746 1153 paenitentia
792 1080 1136 1142 maturescit,
1173 1091 1330 1146 quam
1371 1075 1760 1130 emendationis

153 1174 409 1230 effectus?
443 1173 547 1228 Sed
577 1172 844 1227 ctsivcnia
876 1171 1049 1241 potius
1078 1169 1501 1238 estpwniteutia:
1533 1168 1756 1233 fructus,

155 1267 294 1320 hanc
351 1280 562 1335 quoque
615 1264 908 1320 consistere
968 1279 1073 1317 non
1126 1261 1248 1316 licet
1291 1261 1406 1315 sine
1461 1260 1761 1315 cessatione

153 1357 357 1411 delicti.
407 1356 478 1411 Ita
505 1355 738 1410 cessatio
762 1353 938 1409 delicti
978 1354 1126 1409 radix
1155 1362 1239 1408 est
1258 1351 1429 1408 venite
1449 1391 1464 1416 ,
1525 1360 1582 1406 ut
1609 1349 1760 1405 venia

151 1449 221 1504 sit
250 1449 577 1520 pmnitenticc
598 1447 816 1503 fructus.

771 1539 998 1596 CAPUT
1039 1538 1130 1593 ΧΙ.

228 1631 436 1688 Exinde
462 1675 474 1696 ,
504 1631 643 1703 quod
675 1631 750 1686 ad-
774 1630 1116 1702 Evangelinm
1167 1631 1429 1702 pertinet,
1483 1631 1763 1702 parabola-

152 1743 271 1782 rum
300 1725 515 1796 quidem
546 1726 782 1780 discussa
809 1725 917 1794 jam
949 1726 1176 1795 quiestio
1199 1736 1303 1781 est.
1330 1725 1383 1780 Si
1418 1741 1545 1781 vero
1571 1737 1627 1780 et
1655 1726 1762 1780 fac-

150 1822 220 1875 tis
249 1819 446 1890 aliquid
477 1819 582 1875 tale
613 1834 707 1888 pro
750 1818 1116 1888 peccatoribus
1153 1819 1321 1873 edidit
1370 1819 1656 1880 Dominus,
1703 1827 1762 1872 ut

1483 406 1684 463 LIBER
1727 406 1819 463 DE
1859 406 1944 464 PU
1955 404 2220 463 DICITIA.

1279 531 1472 592 patrem
1515 522 1752 575 habemus
1779 523 1830 583 Α
1858 520 2028 577 lenior
2056 521 2392 576 cx‘stimctur
2431 521 2482 576 in
2527 521 2759 578 novitate
2803 520 3240 592 disciplinarum,
3289 542 3448 596 quam

3311 410 3332 465 i
3345 408 3450 466 009.

1861 616 1912 670 in
1938 623 2217 668 vetustate.
2265 611 2395 668 Cum
2439 614 2665 683 primum
2708 615 2935 669 intonuit
2977 616 3353 686 Evangelium,
3398 629 3454 673 et

1861 718 2038 763 vetera
2069 708 2370 773 concussit,
2400 719 2454 761 ut
2483 709 2549 762 de
2596 707 2726 778 legis
2761 709 3051 763 retinenda:
3100 726 3265 764 necne
3311 721 3451 765 statu

1859 800 2282 870 disceptaretur,
2318 802 2540 870 primani
2580 800 2716 855 hanc
2754 802 2987 869 regulam
3031 801 3098 856 de
3137 805 3453 858 auctoritate

1859 894 2087 964 Spiritus
2117 896 2296 950 Sancti
2329 895 2568 959 Apostoli
2601 894 2846 949 emittunt
2895 894 2958 947 ad
2986 909 3080 948 eos
3123 895 3209 964 qui
3237 897 3344 963 jam
3385 912 3453 950 ex

1863 987 2164 1040 nationibus
2212 987 2368 1056 allegi
2411 995 2686 1055 coeperant
2730 1003 2742 1037 :
2798 985 2968 1039 Visum
3024 995 3125 1049 est,
3176 987 3452 1054 inquiunt,

1863 1077 2080 1147 Spiritui
2111 1079 2299 1133 Sancto
2321 1088 2366 1132 rt
2396 1079 2536 1131 nobis
2556 1121 2567 1141 ,
2601 1078 2796 1132 nullum
2826 1078 3045 1148 amplius
3073 1078 3209 1131 vobis
3237 1080 3459 1147 adjicere

1863 1172 2090 1240 pondus,
2122 1188 2271 1240 quam
2301 1186 2473 1225 eorum
2501 1188 2531 1224 a
2575 1171 2752 1241 quibus
2817 1186 3014 1223 necesse
3053 1180 3125 1224 est
3183 1171 3459 1231 abstineri,

1864 1264 1945 1333 (d)
1979 1283 2010 1316 ιι
2037 1265 2298 1332 sacri/iciis
2329 1307 2341 1328 ,
2384 1275 2429 1318 et
2473 1281 2503 1316 (ι
2551 1262 2967 1332 {ortticatiouibtts
3009 1273 3054 1316 ct
3102 1264 3378 1334 sanguine,
3426 1280 3458 1315 tt

1863 1358 2042 1422 quibus
2071 1357 2378 1412 observando
2409 1368 2538 1411 recte
2564 1357 2712 1428 agitis
2743 1356 2878 1429 (Art.
2910 1354 3024 1421 XV,
3064 1355 3134 1410 ‘28
3188 1366 3231 1408 et
3271 1357 3455 1428 seqq),

1866 1463 2107 1509 vectante
2138 1452 2218 1525 (Ξ)
2257 1469 2352 1508 vos
2373 1452 2572 1523 Spiritu
2599 1452 2815 1508 Sancto.
2847 1449 2917 1522 (c)
2942 1450 3148 1506 Sufficit
3175 1449 3254 1520 (ὅ)
3284 1459 3329 1502 el
3368 1449 3455 1502 hic

1864 1558 2131 1602 servatum
2158 1561 2277 1602 esse
2306 1546 2548 1600 nnncbizc
2576 1555 2631 1600 et
2659 1545 2988 1599 fornicationi
3018 1543 3189 1597 locum
3237 1541 3455 1595 honoris

1863 1643 1943 1696 sui
1974 1643 2109 1696 inter
2139 1640 2487 1696 idololatrian)
2504 1648 2558 1693 et
2573 1636 2911 1691 homicidium
2930 1652 2941 1685 :
2961 1635 3298 1689 interdictum
3312 1633 3454 1687 enim

1864 1733 2136 1803 sanguinis
2184 1722 2353 1785 multo
2399 1730 2566 1800 magis
2608 1728 2821 1783 humani
2866 1727 3237 1796 intelligcn'ms.
3291 1726 3457 1778 Porro

1864 1826 2037 1896 qualia
2076 1825 2240 1879 videri
2290 1823 2469 1879 volunt
2499 1822 2738 1892 Apostoli
2785 1819 3040 1884 crimina,
3079 1834 3196 1888 qua:
3243 1818 3353 1872 sola
3405 1819 3457 1871 in

149 1929 276 1968 cum
310 1912 591 1982 peccatrici
624 1911 855 1966 imminet
882 1910 1042 1964 etiam
1073 1911 1313 1980 corporis
1340 1912 1419 1966 sui
1447 1920 1750 1965 contactum
1781 1918 1829 1977 Β
1857 1919 2231 1976 observatione
2278 1917 2344 1972 de
2385 1918 2500 1988 lege
2547 1917 2764 1987 pristina
2808 1923 3129 1984 excerpunt,
3180 1928 3297 1982 qua:
3342 1913 3458 1966 sola

152 2003 418 2074 permittit
447 2003 638 2057 lavanti
673 2002 923 2072 lacrymis
953 2001 1114 2070 pedes
1144 2002 1259 2072 ejus
1303 2013 1356 2057 ct
1399 2002 1638 2058 crinibus
1665 2002 1759 2058 de-

153 2100 420 2168 tergenti,
466 2107 520 2152 et
549 2106 818 2166 unguento
848 2096 1176 2165 sepulturam
1219 2096 1385 2166 ipsius
1432 2096 1758 2166 inauguran-

156 2193 196 2248 ti
228 2194 246 2264 (
274 2191 399 2246 Luc.
441 2191 549 2258 VII,
577 2192 666 2259 37,
697 2200 742 2244 et
781 2191 967 2260 seqq.);
1000 2199 1057 2243 ut
1079 2204 1202 2244 cum
1227 2189 1575 2246 Samaritana:
1614 2199 1766 2244 sexto

147 2285 262 2355 jam
311 2284 652 2340 matrimonio
673 2325 687 2348 ,
718 2300 820 2338 non
854 2281 1116 2349 mmclne,
1151 2283 1244 2337 sed
1298 2284 1595 2352 prostitutae
1651 2283 1763 2356 (lo.

154 2376 249 2443 IV,
277 2379 308 2430 7
336 2391 382 2431 et
403 2375 585 2446 θείη),
617 2376 813 2442 etiam,
844 2375 987 2446 quod
1020 2377 1220 2431 nemini
1246 2377 1431 2445 facile,
1459 2377 1580 2448 quis
1624 2386 1767 2432 esset

153 2471 422 2535 ostendit,
453 2469 582 2524 nihil
615 2485 680 2525 ex
725 2470 824 2525 hoc
854 2469 1175 2525 adversariis
1203 2469 1475 2526 confertur
1494 2512 1510 2537 ,
1533 2471 1632 2527 etsi
1652 2471 1763 2542 jam

155 2563 476 2618 Christianis
493 2562 701 2618 veniam
724 2561 1040 2616 delictorum
1075 2561 1423 2631 praestitisset.
1449 2561 1599 2617 Nunc
1622 2562 1766 2618 enim

154 2652 412 2718 dicimus,
446 2653 544 2707 soli
582 2651 804 2705 Domino
832 2651 932 2705 hoc
955 2651 1100 2718 licet,
1133 2651 1292 2707 hodie
1322 2661 1556 2722 potestas
1586 2653 1766 2708 indul-

154 2746 358 2815 gentia:
385 2744 499 2813 ejus
528 2754 801 2814 operetur.
834 2744 913 2800 Ad
949 2745 1033 2798 illa
1067 2754 1242 2800 tamen
1291 2757 1527 2818 tempora
1574 2749 1767 2816 quibus

159 2840 214 2892 in
241 2841 398 2893 terris
423 2840 532 2908 egit
556 2880 568 2901 ,
598 2838 697 2892 hoc
727 2839 1011 2892 delinitnns
1038 2839 1166 2892 nihil
1198 2840 1483 2894 adversum
1508 2858 1604 2896 nos
1635 2859 1771 2910 pne-

153 2933 408 3001 judicat‘e
452 2971 467 2996 ,
511 2931 553 2984 si
587 2931 954 2999 peccatoribus
984 2931 1142 2983 etiam
1175 2930 1373 2986 Jud'xis
1411 2933 1560 2985 venia
1589 2932 1771 2986 confe-

159 3027 402 3080 rebatur.
435 3023 739 3078 Christiana
768 3023 910 3077 enim
940 3022 1222 3092 disciplina
1251 3039 1279 3076 a
1310 3026 1592 3079 novatione
1640 3025 1772 3079 Tes-

161 3117 386 3172 tamenti
415 3126 498 3180 et,
528 3127 583 3170 nt
611 3117 994 3185 praemisimus,
1025 3132 1052 3168 a
1083 3115 1450 3186 redemptione
1477 3119 1654 3173 carnis
1673 3162 1686 3184 ,
1719 3119 1767 3173 id

157 3220 246 3265 est
284 3209 490 3263 Domini
531 3209 779 3279 passione
808 3218 1079 3263 censetur.
1126 3207 1294 3264 Nemo
1343 3210 1608 3278 perfectus
1646 3220 1770 3266 ante

1866 2011 2170 2065 necessario
2232 2009 2543 2064 abstinenda
2576 2008 2966 2078 praescribunt?
3013 2005 3124 2059 Non
3173 2004 3313 2074 quod
3357 2005 3460 2058 alia

1869 2102 2205 2172 permittant,
2235 2102 2328 2156 sed
2360 2100 2498 2171 quod
2527 2108 2639 2154 hsce
2677 2099 2786 2155 sola
2819 2106 3115 2168 proponant
3145 2097 3324 2165 ntiquc
3353 2112 3460 2150 non

1869 2192 2238 2254 remissibilia,
2280 2193 2401 2261 qui,
2440 2191 2772 2246 ethnicorum
2817 2204 3036 2255 caussa,
3085 2199 3278 2242 cratera
3330 2185 3462 2255 legis

1868 2300 2030 2341 onera
2061 2283 2398 2340 remissibilia
2445 2282 2703 2338 iecerunt.
2757 2282 2861 2337 Cur
2893 2296 3020 2350 ergo
3050 2279 3313 2334 cervicem
3362 2295 3461 2331 no-

1868 2387 2033 2433 stram
2061 2393 2088 2431 a
2121 2388 2266 2431 tanto
2290 2377 2418 2448 jngo
2445 2384 2732 2442 excusant,
2763 2375 2862 2429 nisi
2891 2386 2943 2428 nt
2971 2374 3071 2428 illis
3098 2373 3177 2445 (4)
3205 2388 3466 2444 compen-

1869 2471 1955 2525 dia
1987 2472 2083 2526 ista
2116 2470 2412 2539 disciplimc
2439 2483 2653 2538 semper
2682 2467 2988 2537 imponant?
3013 2465 3121 2520 Cur
3152 2475 3225 2520 tot
3255 2464 3464 2520 vincula

1871 2563 2174 2633 indulgent,
2209 2564 2308 2616 nisi
2341 2573 2394 2616 nt
2422 2570 2680 2633 perpetuo
2709 2561 2772 2612 ad
2799 2560 3163 2614 necessariora
3191 2560 3464 2613 constrin-

1869 2657 2030 2724 gant?
2060 2657 2346 2710 Solvernnt
2383 2671 2413 2708 a
2447 2653 2684 2724 pluribus
2709 2693 2722 2715 ,
2757 2663 2810 2706 ut
2843 2652 3242 2706 nocentioribus
3272 2651 3462 2704 obser-

1873 2750 2057 2806 vandis
2087 2748 2465 2817 obligarentur.
2499 2744 2946 2818 Compensationc
2976 2759 3060 2798 res
3087 2752 3202 2797 acta
3227 2752 3308 2798 est
3333 2760 3351 2796 :
3386 2742 3469 2796 lu-

1871 2843 2004 2898 crati
2033 2855 2216 2894 sumus
2243 2839 2405 2893 multa
2428 2881 2442 2902 ,
2479 2847 2533 2890 nt
2554 2836 2726 2907 aliqua
2761 2845 3090 2904 prastemus.
3141 2834 3471 2904 Compensa-

1875 2941 1946 2992 tio
1975 2946 2152 2992 autem
2183 2933 2500 2990 revocabilis
2531 2950 2632 2986 non
2656 2941 2736 2987 est
2763 2929 2839 3002 (ι’)
2873 2929 3163 2999 iisdemque
3195 2928 3468 2984 revocabi-

1875 3038 1985 3092 tur,
2014 3028 2294 3082 iteratione
2321 3023 2565 3081 lllfBCilitl:
2593 3024 2804 3093 utique,
2834 3032 2884 3076 ct
2911 3021 3184 3091 sanguinis
3208 3030 3261 3075 ct
3293 3019 3469 3074 idolo-

1875 3122 2060 3176 latriaz.
2092 3122 2222 3175 Tota
2249 3121 2391 3175 enim
2417 3119 2525 3190 jam
2555 3119 2636 3173 lex
2667 3126 2934 3179 sumetur,
2962 3116 3007 3168 si
3041 3115 3207 3170 venia:
3235 3115 3472 3170 Conditio

1872 3217 2127 3270 solvetur.
2157 3212 2264 3270 Sed
2292 3228 2398 3267 non
2417 3211 2604 3266 leviter
2626 3210 2900 3263 nobiscmn
2925 3217 3108 3276 pactus
3132 3216 3210 3263 est
3237 3207 3468 3278 Spiritus

160 3310 440 3370 repertum
473 3299 714 3356 ordinem
749 3300 882 3364 lidc,
909 3314 1070 3354 nemo
1097 3299 1434 3355 Christianus
1470 3309 1594 3357 ante
1623 3299 1771 3356 Chri-
1802 3302 1848 3366 C
1881 3306 2130 3372 Sanctus,
2159 3305 2318 3359 etiam
2344 3305 2483 3358 ultro
2523 3311 2707 3370 pactus
2737 3315 2843 3371 quo
2888 3301 3056 3369 magis
3101 3297 3469 3353 honorandus.

160 3403 309 3448 stunt
340 3392 479 3448 cmlo
508 3401 840 3461 resumptum
863 3432 876 3455 ,
921 3407 1081 3445 nemo
1109 3399 1327 3446 sanctus
1367 3403 1492 3448 ante
1521 3393 1774 3463 Spiritum

161 3486 422 3541 Sanctum
452 3484 516 3538 de
536 3483 674 3539 caelo
706 3492 1142 3554 reprznsentatum
1174 3484 1336 3554 ipsius
1362 3485 1654 3556 disciplina:
1683 3485 1777 3543 de-

173 3579 603 3636 tertninatorem.

785 3669 1010 3726 CAPUT
1049 3669 1164 3725 XII.

207 3766 391 3836 Itaque
405 3764 488 3819 isti
505 3763 592 3834 qui
607 3763 1104 3819 aliuml’araclclum
1121 3765 1172 3818 in
1191 3765 1455 3834 Apostolis
1471 3775 1516 3821 ct
1535 3768 1777 3839 perApo-

177 3858 349 3913 Stolos
371 3865 708 3927 receperunt,
737 3871 894 3925 quem
924 3871 1021 3912 nec
1050 3857 1100 3911 in
1125 3855 1406 3926 Prophetis
1431 3861 1672 3929 proprius
1697 3860 1778 3931 (Ι)

179 3949 419 4019 agnitum
454 3990 467 4010 ,
494 3947 604 4017 jam
636 3962 735 4001 nec
762 3949 813 4000 in
843 3947 1111 4015 Apostolis
1144 3947 1444 4017 possident;
1491 3964 1588 4018 age
1617 3966 1776 4014 nunc,

181 4042 269 4096 vcl
301 4041 367 4096 de
396 4041 693 4112 apostolico
724 4039 1078 4094 instrumento
1109 4039 1434 4113 maculas(b)
1455 4042 1678 4097 doceant
1711 4042 1781 4115 (c)

181 4135 367 4190 carnis
394 4141 515 4203 post
535 4132 793 4202 baptisma
817 4147 1074 4203 respersae
1096 4136 1426 4202 ,pcenitentia
1443 4135 1570 4191 dilui
1595 4152 1778 4207 posse:

178 4230 236 4283 in
266 4228 523 4299 apostolis
555 4243 764 4298 quoque
798 4230 992 4282 veteris
1020 4228 1148 4300 legis
1177 4228 1399 4284 formam
1441 4231 1730 4286 salutamus
1755 4274 1771 4298 ,

173 4323 320 4376 circa
349 4319 617 4386 mtechicc,
643 4329 835 4387 quanta
853 4321 952 4384 sit,
981 4319 1492 4376 demonstrationem
1519 4340 1531 4385 ;
1557 4341 1621 4377 ne
1645 4325 1779 4380 forte

1881 3397 2236 3467 Sponsionem
2253 3396 2365 3464 ejus
2389 3407 2548 3449 nemo
2564 3392 2805 3447 dissolvit
2827 3391 2924 3445 nisi
2954 3390 3213 3460 ingratus.
3234 3387 3350 3444 Jarn
3375 3403 3474 3443 nec

1884 3488 2103 3559 recipiet
2144 3502 2260 3558 qua:
2290 3485 2520 3552 dimisit,
2558 3498 2654 3539 nec
2682 3482 2912 3536 dimittet
2953 3496 3071 3551 qua:
3101 3481 3337 3535 retinnit.
3371 3479 3477 3532 No-

1882 3581 2082 3638 vissimi
2112 3577 2440 3634 Testamenti
2470 3591 2684 3646 semper
2711 3573 3106 3628 indemutabilis
3146 3580 3315 3627 status
3359 3579 3473 3636 cst,

1880 3684 1934 3730 et
1963 3674 2141 3744 utique
2166 3671 2407 3727 recitatio
2426 3668 2625 3724 decreti
2648 3666 3037 3735 consiliumque
3065 3665 3191 3721 illud
3224 3680 3344 3720 eum
3373 3679 3476 3721 sae-

1881 3769 2004 3824 culo
2033 3767 2260 3822 desinet.
2296 3763 2436 3818 Satis
2462 3758 2740 3830 denegavit
2769 3758 2975 3813 veniam
3024 3773 3209 3814 corum
3249 3773 3477 3826 quorum

1883 3859 2177 3917 custodiam
2200 3855 2388 3926 elegit,
2419 3852 2704 3908 vindicavit
2729 3866 2848 3922 qua:
2876 3865 2979 3904 non
3009 3850 3230 3918 proinde
3255 3865 3480 3906 conces-

1883 3954 1970 4009 sit.
2001 3951 2136 4007 llinc
2160 3959 2236 4006 ρει
2267 3946 2406 4018 quod
2446 3960 2618 4016 neque
2647 3942 2981 4008 itluluiall‘iic,
3012 3958 3183 4012 neque
3207 3944 3474 4010 sanguini,

1885 4061 1983 4116 pax
2005 4045 2072 4098 ab
2100 4040 2350 4098 Ecclesiis
2369 4036 2627 4093 redditur.
2655 4035 2727 4089 De
2751 4050 2850 4104 qua
2875 4034 3110 4088 finitione
3134 4049 3227 4089 sua
3258 4035 3480 4102 Aposto-

1886 4141 1964 4196 los
1990 4136 2286 4198 excidisse,
2317 4142 2473 4202 puto,
2509 4144 2612 4184 non
2643 4128 2763 4183 licet
2788 4126 3039 4194 credere;
3069 4137 3157 4183 aut
3186 4126 3230 4181 si
3257 4125 3480 4184 credere

1881 4232 2093 4305 quidam
2128 4234 2382 4300 possunt,
2413 4223 2685 4281 debebunt
2715 4220 2963 4291 probare.

1424 4431 1800 4494 LECTIONES
1840 4429 2254 4494 VARIANTES.

273 4547 316 4610 ι)
352 4546 558 4610 Propius
583 4542 725 4610 (then.
762 4544 958 4597 Obertlt.
989 4549 1128 4610 Lcop.

273 4549 316 4607 ι)
352 4549 558 4607 Propius
583 4549 725 4594 nheri.
762 4549 893 4596 Oberi

240 4549 319 4673 ἓξ)
351 4608 563 4657 Vetante
595 4609 781 4658 Wouw.
804 4622 893 4660 ms.

1953 4551 2004 4607 (3
2061 4549 2094 4595 S
2133 4546 2244 4593 iritn
2264 4542 2459 4602 Sancto,
2486 4538 2791 4591 sufficitJun.

1953 4549 2026 4669 (ιζ
2063 4563 2134 4659 ΙΙῇ
2152 4607 2260 4669 Rig.
2293 4615 2407 4654 I’eu.

1953 4609 2025 4678 (ί)
2063 4609 2134 4659 llli
2152 4609 2260 4671 Rig.
2293 4615 2407 4654 I’eu.

1560 4695 2115 4755 COMMENTARIUS.

262 4808 339 4882 (τι)
374 4806 439 4863 Ut
469 4824 552 4862 eos
578 4808 663 4877 qui
693 4809 931 4882 hactenus
970 4808 1283 4882 delinquant.
1333 4811 1599 4869 Hactenus
1620 4854 1634 4880 ,
1677 4815 1777 4871 hoc
1804 4819 1856 4879 D
1884 4813 1988 4868 rias
2011 4806 2475 4882 interpretationes
2492 4807 2683 4882 sortita
2708 4847 2721 4870 ,
2765 4808 2922 4882 etiam
2955 4817 3193 4865 veluslos
3224 4809 3474 4868 Actorum

171 4890 259 4936 est
278 4877 293 4937 ν.
324 4879 431 4946 jnu
462 4897 563 4932 non
595 4879 840 4944 amplius.
865 4877 988 4936 RIG.

248 4949 404 5005 C-\P.
427 4949 689 5020 XlL—(h)
707 4948 794 5003 Vel
817 4950 880 5002 de
902 4953 1176 5019 apostolico
1205 4954 1530 5010 instrumento
1548 4957 1779 5012 doceant.

174 5037 286 5077 non
311 5021 628 5098 sequiturex
649 5023 794 5074 Artis
811 5020 1188 5098 Apostolorum
1219 5026 1378 5098 (quod
1397 5030 1782 5081 instruomttnm

171 5092 513 5168 apostolicum
544 5091 978 5168 nuncupat)‘nou_
992 5093 1214 5168 docetur
1228 5091 1465 5151 maculas
1492 5101 1657 5152 carnis
1675 5108 1784 5168 post

173 5164 430 5238 baptisma
455 5177 694 5238 respersis
720 5165 1010 5238 paenitentia
1049 5166 1212 5238 dilui,
1256 5183 1382 5237 ergo
1415 5181 1625 5236 peccata
1669 5164 1787 5238 post

175 5235 503 5309 baptismum
533 5250 636 5287 non
663 5233 1253 5309 delentueruitentia
1276 5279 1289 5302 ,
1318 5233 1460 5309 'qui'a
1495 5241 1612 5296 aliis
1641 5233 1784 5296 Scri-

179 5304 454 5377 plu_s_sa_tis
481 5305 875 5377 comprobatur.
905 5304 1042 5363 Pu.

256 5374 330 5452 _(c)
359 5373 538 5429 Carnis
567 5385 676 5444 post
706 5374 956 5442 baptisma
987 5395 1247 5452 respersae.
1281 5380 1544 5451 Respersa:
1572 5382 1656 5436 hic
1688 5398 1776 5452 po-

178 5446 287 5498 suit
311 5460 406 5522 pro
431 5462 602 5500 rursus
627 5457 884 5522 sparsteet
913 5449 1179 5522 maculata:
1203 5493 1215 5515 ,
1249 5446 1397 5505 novis
1424 5453 1622 5507 scilicet
1656 5446 1775 5522 post

180 5517 356 5586 pturis
387 5517 647 5571 lavacrum
673 5517 937 5573 sordibus.
973 5518 1091 5576 Rc.

258 5586 345 5668 (d)_
367 5591 407 5640 ,ιι
421 5588 700 5668 sacriﬁciis,
720 5605 749 5640 a
768 5590 1181 5668 fornicatiouibus
1198 5601 1240 5644 et
1257 5594 1516 5662 sanguine.
1545 5594 1659 5649 Iren
1681 5609 1774 5650 rus

181 5661 434 5712 eumdem
466 5657 704 5732 ordinem
731 5671 906 5732 servat
934 5679 947 5716 :
985 5657 1391 5732 Precipiendnm
1419 5667 1489 5718 eis
1522 5668 1591 5719 uti
1620 5667 1747 5718 abin
1759 5695 1776 5706 -

184 5738 340 5782 neant
364 5746 400 5805 _a
429 5728 729 5782 vanitatibus
771 5731 1052 5795 idolorum,
1082 5744 1128 5786 et
1153 5728 1201 5786 ἰι
1246 5735 1607 5805 fornicatione,
1657 5747 1701 5789 ct
1744 5753 1776 5788 tt

184 5800 528 5878 sanguine,“
557 5816 882 5871 qntecnutque
909 5805 1087 5878 nolunt
1103 5805 1196 5858 sibi
1214 5800 1322 5878 ﬁeri
1352 5807 1466 5861 aliis
1487 5824 1548 5861 ue
1561 5809 1771 5878 farciunt.

183 5869 336 5926 idem
367 5871 523 5938 paulo
553 5880 704 5938 post,
738 5869 832 5939 pro
862 5874 1160 5927 vanitatibus
1183 5877 1436 5930 idolorum
1459 5918 1474 5936 .
1499 5869 1769 5932 (1ἰίιίιὶάο-

192 5941 429 6012 lothytis.
461 5942 582 5996 Haec
609 5941 715 5995 duo
758 5945 1029 6006 vocabula,
1062 5950 1358 6006 εἰδωλό)υτ;ν
1385 5954 1465 6004 ui
1493 5950 1641 6018 stipa,
1684 5964 1771 6004 ηε

530 6033 968 6098 Τειιτυιιιηι
1003 6038 1081 6100 ll.

1883 4886 2097 4939 codices
2125 4878 2467 4947 ambiguitate
2492 4878 2772 4949 lectionum
2799 4879 3095 4934 turbavere.
3129 4883 3479 4949 Apertissima

1885 4966 2062 5009 autem
2088 4963 2210 5005 sunt
2236 4966 2353 5019 quae
2383 4950 2464 5001 hic
2492 4957 2544 5002 et
2573 4947 2708 5014 apud
2740 4949 2990 5021 Irenaeum
3017 4947 3263 5021 leguntur
3285 4955 3476 5009 adver-

1886 5042 1977 5080 sus
2008 5026 2102 5078 tria
2136 5024 2248 5099 hate
2289 5024 2599 5088 ἀλισνήματσι
2631 5020 2892 5088 praecipua
2915 5063 2928 5086 ,
2963 5020 3183 5092 εὶδὼλων,
3228 5038 3438 5099 mpm,“
3465 5069 3481 5092 ν

1884 5104 2104 5166 αἱματη.
2136 5093 2253 5166 llic.

1960 5171 2030 5237 (υ)
2067 5165 2259 5235 Sufﬁcit
2308 5173 2355 5237 et
2386 5163 2469 5237 hic
2503 5171 2754 5237 servatum
2805 5179 2908 5217 esse
2947 5170 3170 5222 masc/ria:
3215 5179 3261 5224 et
3321 5173 3480 5235 forni-

1886 5233 2070 5292 cationi
2115 5233 2298 5289 locnm.
2336 5236 2401 5288 At
2449 5233 2618 5288 Lueas
2662 5234 2774 5301 ipse
2821 5251 2923 5289 non
2970 5240 3218 5293 servavit.
3269 5233 3476 5295 Eienim

1892 5314 2070 5364 Actor.
2115 5305 2230 5370 XV,
2255 5321 2374 5358 cum
2410 5304 2578 5371 primo
2604 5303 2858 5365 dixisset.
2904 5327 2991 5364 1-52
3029 5313 3226 5364 εἶδωλων
3270 5318 3350 5366 ,1;
3398 5330 3478 5375 τη

1877 5391 2089 5451 πηνιίας
2120 5381 2198 5432 καὶ
2229 5383 2309 5433 τοῦ
2347 5380 2567 5442 αἵματος,
2593 5386 2778 5451 postea
2809 5393 2869 5431 ea
2889 5381 3059 5451 edixit
3093 5422 3106 5442 ,
3138 5386 3471 5445 εἰδωλοθύτων,

1878 5445 1959 5505 κει)
1980 5457 2189 5524 signa;
2221 5451 2299 5501 ui
2325 5455 2562 5524 πορννμις.
2593 5445 2775 5524 Itaque
2801 5450 3038 5524 satis‘cst
3067 5452 3310 5524 frivolum
3339 5453 3480 5524 Sep-

1880 5522 2009 5575 timii
2050 5527 2416 5588 argomentun
2443 5517 2508 5570 de
2535 5517 2818 5570 verborum
2851 5517 3036 5574 ordine
3081 5536 3173 5574 seu
3218 5523 3334 5576 loco
3358 5565 3370 5585 ,
3417 5517 3485 5577 ἐι

1881 5608 2010 5645 vana
2039 5587 2344 5656 coojectura
2398 5587 2725 5651 opinantium
2775 5589 2885 5643 hec
2926 5591 2991 5643 ita
3039 5590 3234 5646 debere
3283 5595 3467 5648 necti:

1882 5663 2098 5730 Spiritui
2127 5661 2315 5714 Sancto
2347 5659 2522 5728 sufﬁcit
2552 5667 2596 5730 et
2623 5657 2706 5709 In'c
2729 5671 2979 5730 servatum
3020 5679 3125 5717 esse
3167 5668 3390 5718 ιηαεειιέω
3429 5674 3477 5718 ει

1882 5727 2201 5804 fornicationi
2225 5727 2423 5804 locum.’
2450 5727 2744 5804 licelatnab
2767 5729 2994 5804 li-oineus
3015 5776 3027 5793 .
3060 5749 3228 5803 neque
3260 5736 3359 5791 hoc
3389 5754 3480 5792 ve-

1878 5800 1954 5859 nit
1984 5816 2212 5871 unquam
2247 5801 2296 5852 in
2331 5810 2562 5854 tuentem
2601 5800 2843 5867 Septimii
2875 5806 3059 5856 nostri.
3107 5800 3224 5862 Ιίἰο.
3421 5861 3425 5866 ,

1949 5874 2011 5946 (f)
2045 5871 2331 5947 Iisdemque
2369 5871 2892 5947 revocabitur._l):cst
2933 5875 3126 5944 aliquid
3149 5919 3161 5940 ,
3205 5877 3343 5947 quod
3379 5877 3480 5931 nisi

1877 5941 2328 6017 oph'exetnplaris
2354 5941 2539 5998 sarciri
2566 5942 2765 6013 nequit.
2799 5944 2901 5998 Aut
2927 5941 3073 6002 certe
3098 5941 3436 6005 scribendum
3475 5963 3489 5999 ι

2743 6039 3255 6128 (Trente—dcux.)
