4220 6492
735 387 876 444 1005

1333 501 1563 558 CAPUT
1603 500 1743 557 XIII.

815 592 1069 647 Not-intus
1114 592 1266 663 plane
1290 605 1341 649 et
1372 596 1457 649 hic
1503 596 1833 664 suspiciones
1879 610 2084 651 eorum.
2134 596 2340 652 Revera

736 691 877 741 enim
919 688 1256 756 suspicantur
1284 690 1582 758 apostolum
1616 690 1871 753 Paulum,
1917 692 1968 745 in
1996 693 2228 748 secunda
2275 696 2340 747 ad

738 780 1047 835 Corinthios
1085 777 1149 857 (ΙΙ
1192 780 1308 833 Cor.
1343 781 1405 846 II,
1456 782 1488 837 5
1524 781 1627 853 II),
1679 782 1754 854 (a)
1813 783 1985 838 eidem
2034 785 2341 840 fornicatori

737 874 945 927 veniam
972 871 1184 926 dedisse
1206 913 1219 936 ,
1247 888 1403 941 quem
1435 875 1483 925 iu
1517 875 1688 943 prima
1712 874 2013 929 dedendum
2054 876 2264 931 Satana:
2288 878 2340 933 in

737 966 1011 1020 interitum
1052 964 1227 1019 carnis
1268 967 1624 1032 pronuntiarit
1648 965 1689 1038 (I
1726 965 1845 1022 Cor.
1885 967 1921 1020 V
1950 1008 1963 1033 ,
1998 969 2052 1032 5,
2081 979 2125 1021 et
2153 968 2336 1039 seqq.),

739 1060 961 1128 impium
993 1060 1153 1128 patris
1178 1059 1243 1113 de
1276 1060 1617 1114 matrimonio
1651 1061 1915 1115 ltmredem
1941 1078 1954 1126 ;
1983 1063 2239 1131 quasique
2265 1064 2342 1131 (I)

742 1151 916 1217 ipsum
945 1160 1124 1219 postea
1156 1151 1351 1222 stylum
1383 1153 1598 1206 verterit
1624 1153 1867 1208 scribens
1898 1172 1910 1208 :
1944 1154 2005 1208 Si
2029 1155 2138 1223 quis
2173 1165 2343 1209 autem

735 1244 1043 1296 contristavit
1063 1284 1077 1307 ,
1111 1259 1210 1296 non
1242 1261 1320 1296 tne
1348 1245 1659 1298 contristarit
1686 1287 1698 1309 ,
1730 1246 1825 1299 sed
1854 1262 1916 1299 ea:
1945 1258 2085 1315 parte
2112 1289 2126 1312 ,
2168 1264 2230 1301 ne
2258 1263 2344 1302 vos

740 1351 941 1389 onerent
962 1352 1152 1390 onmes.
1180 1336 1320 1391 Satis
1347 1347 1417 1390 est
1444 1338 1558 1391 talis
1579 1340 1852 1407 increpatio
1867 1356 1980 1409 qua:
2005 1357 2035 1392 a
2064 1342 2235 1394 multis
2263 1342 2341 1409 ﬁt.

745 1428 831 1484 Uti
860 1446 886 1482 e
915 1431 1166 1482 contrario
1198 1432 1359 1501 magis
1404 1448 1485 1485 ros
1524 1432 1714 1485 donare
1742 1444 1786 1486 et
1816 1434 2091 1497 advocare,
2124 1452 2186 1488 ne
2212 1438 2345 1505 forte

744 1522 1112 1576 abundantiore
1141 1524 1343 1577 tristitia
1372 1525 1636 1578 devoretur
1661 1528 1928 1597 ejusmodi.
1962 1525 2179 1596 Propter
2212 1529 2346 1597 quod

744 1632 834 1667 oro
860 1630 978 1677 vos,
1010 1617 1322 1670 constituatis
1369 1617 1420 1669 in
1464 1633 1577 1669 eum
1609 1618 1946 1672 dilectionem.
1980 1617 2043 1672 In
2077 1620 2169 1672 hoc
2212 1621 2345 1673 enim

744 1719 789 1759 et
816 1708 1029 1777 scripsi,
1073 1708 1144 1760 uti
1165 1723 1465 1778 roguoscam
1492 1708 1834 1775 probatione»:
1864 1720 2077 1764 vestram
2129 1712 2263 1779 quod
2294 1714 2345 1765 in

742 1798 970 1852 omnibus
1008 1798 1258 1853 obauditis
1301 1800 1446 1853 nti/ti.
1482 1798 1542 1854 Si
1586 1802 1666 1853 cui
1710 1812 1878 1854 autem
1927 1805 2266 1867 donaveritis,
2301 1814 2345 1857 et

2116 388 2582 449 TERTULLIANI

2366 515 2414 569 Α
2446 520 2552 563 ttun
2585 511 2810 582 legatum
2841 513 2917 585 (ὸ)
2945 516 3269 585 poenitentize
3317 536 3472 591 quem
3521 523 3588 577 ab
3637 526 3751 595 ipso
3796 527 4055 586 didicisse

3903 414 4046 471 10οι

2447 603 2704 671 deberes,
2736 607 2802 662 ab
2828 625 2893 662 eo
2921 615 3201 681 exegerit,
3236 616 3363 669 nihil
3394 616 3461 670 de
3494 632 3705 685 poSIero
3733 622 3797 673 sit
3827 626 4056 677 commi-

2449 707 2621 760 natus,
2653 698 2781 753 nihil
2804 699 2870 754 de
2892 711 3088 757 caetero
3111 704 3412 760 allocutus?
3437 710 3572 776 Quin
3599 712 3724 777 imo,
3743 723 3794 765 et
3826 716 4055 783 ultrot‘tit

2447 787 2728 853 obsecrat,
2770 793 3155 849 constituerent
3201 800 3251 851 iu
3306 817 3425 854 etttu
3472 802 3851 869 dilectionem,
3899 811 4055 877 quasi

2448 882 2807 949 satisfaciens,
2840 903 2944 942 non
2975 892 3124 959 quasi
3155 892 3435 961 ignoscetis
3462 914 3476 950 :
3505 909 3557 950 et
3587 907 3765 953 tamen
3800 901 4055 956 dilectio-

2450 989 2569 1027 nem
2592 975 2782 1042 audio,
2816 994 2919 1031 nou
2951 985 3504 1040 eomnmnicatiouem.
3539 989 3689 1054 Quod
3715 1002 3763 1044 et
3793 994 3859 1045 ad
3892 993 4060 1047 Thes-

2448 1068 2810 1127 Sannicenses
2840 1090 2852 1125 :
2888 1072 2948 1127 Si
2976 1076 3089 1144 quis
3118 1088 3285 1131 autem
3332 1096 3429 1133 non
3462 1082 3667 1136 olmudit
3706 1088 3935 1139 sermoni
3970 1106 4058 1141 no-

2447 1168 2552 1211 stro
2589 1176 2678 1227 per
2714 1162 3011 1229 epistolam,
3060 1166 3193 1219 hunc
3234 1178 3403 1222 notate
3427 1210 3439 1233 ,
3486 1188 3576 1225 nec
3620 1175 4058 1229 commiscenmini

2447 1250 2526 1302 illi
2550 1291 2564 1315 ,
2594 1262 2645 1303 ut
2676 1254 2987 1315 revereatur,
3021 1273 3118 1311 non
3148 1262 3293 1327 quasi
3324 1263 3576 1316 inimicam
3610 1266 3936 1333 deputantes,
3972 1273 4061 1323 sud

2448 1344 2593 1411 quasi
2619 1346 2826 1414 fratrem
2855 1350 3176 1419 objurgantcs
3204 1351 3267 1424 (II
3304 1353 3475 1409 Tltess.
3508 1356 3593 1421 III,
3633 1360 3742 1423 Ml.
3776 1361 3937 1415 Adeo
3970 1378 4064 1432 po-

2452 1436 2638 1492 tuisset
2666 1438 2845 1495 dicere
2874 1453 2927 1495 et
2954 1442 3262 1499 fornicatnri
3302 1448 3640 1506 dilectionem
3709 1458 4063 1512 solummodo

2450 1546 2781 1598 Concessatn,
2818 1551 2921 1589 non
2975 1549 3025 1591 ct
3070 1542 3630 1599 eommunieationem.
3676 1546 3886 1604 lncesto
3930 1566 4063 1604 vero

2450 1639 2547 1677 nec
2571 1625 2929 1693 dilectionem,
2955 1647 3109 1698 quem
3138 1633 3339 1689 ξσὶιίοιιι
3359 1636 3554 1690 auferri
3576 1640 3822 1706 jussissct
3846 1643 3917 1696 de
3949 1659 4062 1697 mc-

2450 1714 2539 1769 dio
2567 1716 2797 1785 ipsorum
2821 1762 2833 1783 ,
2866 1723 3031 1774 multo
3058 1725 3224 1793 magis
3255 1726 3433 1795 utique
3458 1728 3525 1782 de
3546 1732 3745 1784 animo.
3774 1732 3881 1788 Sed
3915 1750 4061 1788 vero

2452 1807 2605 1862 batur
2636 1826 2701 1864 ne
2757 1810 3126 1868 fraudarentur
3158 1835 3185 1869 a
3223 1817 3415 1872 Satana
3451 1821 3590 1875 circa
3639 1823 3753 1891 ejus
3810 1842 4061 1893 persona:

735 1906 847 1962 ego.
892 1889 1030 1942 Nam
1067 1898 1112 1945 et
1147 1905 1242 1964 ego
1287 1891 1330 1943 si
1373 1892 1494 1960 quid
1538 1892 1762 1957 donavi,
1806 1894 1987 1946 donavi
2031 1895 2082 1946 in
2126 1911 2337 1963 persona
2369 1906 2415 1965 Β
2445 1902 2984 1974 amissionem,quem
3002 1906 3671 1981 Satanasipseprojecerat;
3692 1927 3779 1968 aut
3805 1934 3871 1971 ne
3889 1920 4062 1972 abnu-

739 1977 947 2046 Christi,
967 1997 1028 2034 ne
1049 1982 1348 2051 fraudemur
1363 1999 1394 2033 a
1417 1980 1611 2035 Snlaua
1640 1986 1905 2051 :quoninnt
1925 2001 2023 2038 non
2045 1987 2341 2055 ignoramus

738 2076 1032 2144 injectiones
1060 2076 1170 2142 ejus
1198 2073 1400 2144 (llCor.
1428 2074 1486 2137 ll,
1511 2075 1573 2139 5,
1606 2076 1712 2145 ll).
1735 2076 1869 2142 Quid
1900 2077 1985 2131 hic
2007 2077 2073 2132 de
2106 2079 2338 2134 fornica-

744 2178 879 2229 tore,
900 2165 1105 2235 quidde
1129 2165 1330 2235 paterni
1351 2166 1483 2221 thori
1502 2169 1942 2235 contaminatore,
1959 2170 2082 2240 quid
2106 2171 2173 2227 de
2199 2174 2341 2227 chri-

756 2258 929 2310 stiano
958 2257 1289 2312 ethnicorum
1310 2258 1686 2328 impudentiam
1712 2260 1787 2329 (‘2)
1825 2265 2338 2332 supergressoituel-

746 2349 964 2418 ligitur?
992 2365 1111 2405 cum
1142 2349 1361 2419 proinde
1385 2353 1564 2421 utique
1589 2353 1805 2421 speciali
1829 2355 1984 2408 venia
2004 2355 2339 2425 absolvisset,

740 2459 899 2511 quem
940 2443 1154 2512 speciali
1206 2443 1281 2497 ira
1326 2443 1649 2499 damnasset.
1700 2444 1989 2503 Obseurtus
2022 2450 2338 2518 miseretur,

741 2551 898 2603 quam
923 2534 1256 2606 indignatur;
1290 2536 1524 2603 apertior
1549 2549 1625 2592 est
1652 2538 1704 2591 in
1732 2541 2042 2597 austeritate
2063 2584 2076 2608 ,
2107 2560 2261 2612 quam
2288 2546 2339 2601 in

739 2626 956 2682 lenitate
981 2646 993 2682 :
1022 2628 1201 2697 atquin
1231 2627 1433 2683 facilius
1458 2629 1535 2683 ira
1563 2646 1721 2700 quam
1764 2631 2093 2704 indulgentia
2126 2636 2338 2707 obliqua

737 2730 854 2784 est;
906 2721 1072 2790 magis
1118 2721 1347 2775 tristiora
1397 2729 1743 2785 cunctantur,
1787 2741 1945 2795 quam
1993 2729 2212 2782 ltetinra.
2265 2731 2341 2786 De

738 2811 944 2865 modica
998 2810 1200 2867 scilicet
1251 2811 1573 2881 indulgentia
1619 2815 1902 2885 agebatur;
1951 2834 2069 2887 quae
2116 2822 2159 2873 si
2205 2821 2341 2878 forte

738 2914 880 2955 nunc
909 2900 1269 2956 aestimaretur
1294 2945 1308 2968 ,
1341 2901 1553 2971 quando
1584 2904 1810 2958 maxima
1852 2922 2075 2978 qmcque
2119 2926 2221 2965 non
2254 2927 2341 2967 so-

741 2993 887 3045 leant
910 2992 1069 3045 etiam
1100 2992 1215 3047 sine
1243 2993 1621 3061 pnedicatioue
1646 2994 1852 3061 denari,
1888 3008 2032 3053 lauto
2058 3003 2206 3056 abest
2225 3005 2340 3059 sine

736 3082 1140 3153 significatione.
1172 3084 1237 3138 Et
1284 3094 1336 3139 tu
1375 3086 1585 3153 quidem
1619 3088 1984 3157 pteuitentiam
2032 3096 2225 3150 mmehi
2272 3098 2341 3153 ad

735 3174 1061 3229 exorandam
1119 3176 1502 3233 fraternitatem
1575 3179 1629 3233 in
1694 3180 1979 3237 ecclesiam
2045 3185 2337 3254 inducens,

2449 1994 2623 2047 dantia
2655 1998 2900 2050 maeroris
2929 1998 3294 2067 th\'0l‘.'ll'Cllll‘,
3344 2019 3499 2073 quem
3529 2004 3883 2074 ittllttlcrilllttl
3936 2026 4061 2064 car-

2449 2086 2530 2140 nis
2560 2088 2856 2145 addixerat.
2901 2090 2994 2145 llic
3036 2096 3143 2161 j-un
3175 2096 3349 2150 carnis
3393 2098 3659 2151 interitmu
3705 2102 3753 2153 itt
3808 2102 4060 2157 otticiutn

2448 2181 2771 2249 pmuiteutite
2818 2183 3254 2253 interpretantur,
3300 2187 3440 2256 qued
3475 2190 3714 2243 vitleatur
3736 2190 3968 2260 jejuniis:
4007 2206 4063 2247 et

2446 2272 2693 2326 sordibus
2720 2285 2768 2328 et
2800 2276 2996 2328 incuria
3028 2279 3170 2331 omni
3194 2287 3245 2331 et
3274 2279 3450 2332 dedita
3480 2296 3639 2350 Opem
3668 2285 3823 2337 make
3856 2295 4061 2339 tracta-

2448 2366 2606 2419 tionis
2634 2382 2846 2420 carnetu
2876 2370 3292 2424 extet-minando
3320 2376 3446 2427 satis
3480 2374 3586 2428 Deo
3629 2375 3839 2439 facere;
3877 2390 3941 2433 ut
3993 2399 4059 2437 ex

2447 2454 2548 2511 hoc
2572 2470 3007 2528 argumentemur
3027 2461 3418 2528 foruicatorem,
3451 2467 3554 2521 imo
3581 2469 3839 2523 incestum
3869 2472 4055 2537 illum,

2447 2564 2551 2604 non
2580 2550 2630 2604 in
2657 2553 3005 2621 perditionem
3036 2554 3245 2611 Satanae
3276 2560 3341 2613 ab
3372 2562 3625 2628 Apestolo
3653 2566 3934 2631 traditum,
3964 2571 4059 2622 sed

2446 2642 2497 2695 iu
2529 2645 2981 2712 emendationem,
3014 2651 3162 2717 quasi
3194 2660 3375 2718 postea
3414 2656 3617 2706 veniam
3645 2655 3713 2708 ob
3743 2657 4055 2723 interitum,

2448 2731 2496 2785 id
2526 2742 2607 2786 est
2637 2734 3081 2791 cttttﬂictationem
3104 2741 3302 2805 Carnis,
3332 2755 3761 2810 consecuturum,
3797 2749 3969 2815 igitur
4006 2764 4060 2806 et

2445 2837 2808 2881 consecotutu.
2855 2829 3017 2885 Plane
3064 2832 3203 2887 idem
3268 2838 3538 2903 apostolus
3598 2839 3957 2909 IIymcuarutn
4004 2859 4059 2901 et

2446 2919 2805 2997 Alexandrum
2851 2925 3061 2979 Satanae
3104 2927 3335 2994 tradidit,
3379 2939 3435 2983 ut
3485 2932 3905 2990 etueutlarentur
3950 2955 4061 2993 non

2448 3011 2837 3083 blaSpliemare,
2878 3019 3011 3071 sicut
3053 3017 3334 3075 Timotheo
3360 3038 3455 3077 suo
3489 3024 3675 3079 scribit
3718 3026 3735 3096 (
3765 3026 3778 3079 Ι
3810 3026 3981 3094 Tim.,
4018 3033 4060 3094 I.

2446 3104 2558 3173 20).
2592 3104 2662 3177 (ε)
2704 3105 2808 3162 Sed
2840 3118 2893 3162 et
2920 3110 3032 3178 ipse
3076 3110 3257 3166 datum
3287 3114 3385 3168 sibi
3428 3115 3502 3168 ait
3538 3117 3745 3178 sudem.
3796 3122 4061 3188 angelum

2447 3195 2677 3260 Satisne,
2699 3213 2727 3251 a
2749 3214 2856 3267 quo
2880 3200 3303 3270 colaphizaretur
3326 3219 3391 3259 ne
3407 3219 3465 3259 se
3490 3206 3788 3262 extolleret.
3816 3210 3882 3279 (Il
3907 3212 4059 3277 Con,

742 3264 1215 3336 (b)eonciliciatum
1234 3268 1709 3325 ctconcineratutn
1740 3286 1859 3326 cum
1876 3273 2135 3331 dedecore
2150 3280 2343 3335 etlior—
2375 3293 2418 3355 (ς
2454 3287 2567 3355 ΧΠ,
2609 3290 2682 3357 7).
2713 3264 2780 3344 Si
2798 3303 2848 3345 et
2884 3291 2983 3346 hoc
3003 3264 3237 3363 tangunt
3264 3305 3319 3348 ut
3349 3296 3571 3353 traditos
3597 3264 3908 3357 Satanzeab
3941 3305 4059 3371 illo,

734 3375 858 3414 rore
872 3362 1224 3429 compositum
1243 3362 1533 3430 prosternis
1552 3361 1634 3433 (5)
1651 3363 1703 3417 in
1729 3365 1958 3422 medium
1988 3378 2112 3425 ante
2134 3371 2337 3444 viduas,

732 3460 860 3506 ante
890 3453 1261 3523 presbyteros,
1295 3453 1531 3509 omnium
1555 3455 1774 3512 lacinias
1815 3458 2153 3519 invadentem
2175 3507 2190 3529 ,
2219 3482 2308 3524 om

733 3545 878 3597 uiutu
914 3545 1128 3617 vestigia
1160 3546 1501 3613 lambentem,
1531 3549 1767 3604 omnium
1789 3566 1959 3621 genua
1990 3554 2338 3627 detinentem,

739 3636 897 3707 inque
925 3654 1046 3692 eum
1067 3638 1296 3694 hominis
1318 3641 1517 3694 exitum
1544 3642 1755 3711 quantis
1780 3653 1931 3712 potes
1958 3646 2340 3709 misericordiae

732 3727 1017 3783 inlecebris
1037 3770 1051 3793 ,
1082 3729 1251 3784 bonus
1280 3740 1460 3799 pastor
1492 3740 1546 3785 et
1576 3731 1655 3803 (c)
1684 3733 1997 3793 benedictus
2040 3739 2180 3811 Papa
2210 3758 2337 3798 eon-

736 3819 967 3875 cionaris
986 3863 998 3886 ,
1032 3830 1085 3876 et
1112 3821 1162 3874 in
1193 3822 1439 3890 parabnla
1465 3824 1580 3879 ovis
1602 3867 1614 3889 ,
1644 3840 1833 3895 capras
1859 3837 1977 3883 tuas
2005 3834 2222 3901 quan-is,
2250 3847 2334 3892 tua

736 3912 850 3968 ovis
879 3912 954 3984 (ι)
984 3928 1051 3967 ne
1082 3927 1267 3967 rursus
1293 3913 1359 3968 de
1386 3929 1551 3985 grege
1587 3916 1803 3980 exiliat,
1836 3921 1986 3988 quasi
2013 3937 2116 3976 non
2145 3926 2338 3984 exinde

734 4006 845 4070 jam
874 4006 1028 4060 hceat
1054 4007 1195 4074 quod
1227 4020 1325 4059 nec
1353 4006 1521 4063 semel
1549 4006 1716 4074 licuit,
1750 4019 1976 4067 ezeteras
2005 4016 2164 4071 etiam
2193 4033 2338 4077 metu

739 4099 1012 4167 comples,
1065 4113 1184 4151 eum
1237 4101 1463 4155 maxime
1513 4101 1812 4173 indulgens.
1874 4108 2161 4176 Apostolus
2210 4132 2338 4172 vero

740 4190 1056 4245 sceleratam
1108 4188 1381 4246 libidinem
1429 4192 1788 4251 fornicationis
1839 4198 2042 4256 incesto
2093 4217 2340 4265 onustam

742 4290 845 4336 tam
875 4283 1108 4353 projecte
1132 4283 1453 4353 ignovisset,
1484 4295 1538 4340 ttt
1584 4301 1681 4341 nec
1712 4290 1849 4343 hunc
1870 4292 2055 4348 saltem
2077 4296 2152 4369 (d)
2185 4299 2335 4355 habi-

2451 3381 2502 3435 in
2528 3383 2977 3449 emendationem,
3033 3402 3135 3439 non
3184 3387 3233 3440 in
3266 3387 3616 3457 perditionem
3661 3392 4057 3464 intelligamus,

2450 3475 2572 3544 quid
2597 3476 2771 3531 simile
2802 3478 3129 3549 blasphemia
3158 3490 3210 3534 et
3250 3481 3506 3537 incestum
3548 3496 3600 3539 et
3644 3489 3817 3540 anima
3862 3492 3941 3543 ali
3977 3493 4061 3547 his

2450 3570 2673 3643 integra,
2706 3570 2812 3625 imo
2851 3587 2954 3626 non
2994 3574 3206 3628 aliunde
3235 3591 3392 3645 quam
3422 3592 3488 3631 ex
3518 3592 3723 3633 summa
3766 3585 4062 3640 sanctitate

2448 3670 2502 3713 et
2530 3676 2595 3714 ex
2626 3664 2769 3715 omni
2804 3663 3099 3718 innocentia
3129 3666 3286 3729 elata,
3318 3682 3435 3737 quae
3464 3670 3513 3721 in
3536 3672 3777 3739 apostolo
3805 3675 4061 3743 colaphis

2446 3752 2491 3806 si
2520 3755 2653 3807 forte
2681 3755 3044 3820 cohibebatur,
3081 3773 3176 3828 per
3199 3758 3464 3825 dolorem,
3505 3770 3565 3815 ut
3593 3764 3758 3828 aiunt,
3790 3768 4061 3823 auricuLe

2443 3844 2527 3898 vel
2552 3846 2757 3913 capitis.
2790 3846 3053 3902 lncestum
3089 3864 3215 3903 vero
3243 3860 3401 3920 atque
3428 3852 3751 3921 blasphemia
3776 3864 3925 3911 Iulus
3957 3859 4059 3914 ho-

2445 3938 2617 3991 mines
2654 3940 2702 3991 itt
2736 3941 3128 4009 possessionem
3172 3942 3268 4011 ipsi
3300 3942 3529 4009 Satanw,
3561 3960 3663 3999 non
3695 3948 3893 4017 angelo
3942 3952 4060 4019 ejus

2446 4029 2729 4085 tradidisse
2774 4044 3100 4087 uteruerunt.
3135 4034 3199 4088 Et
3240 4034 3308 4089 de
3351 4035 3449 4089 hoc
3490 4038 3630 4090 enim
3659 4037 3913 4103 interest,
3953 4044 4059 4097 imo

2443 4132 2497 4176 et
2525 4123 2589 4177 ad
2616 4124 2715 4177 hoc
2734 4124 3018 4194 plurimum
3048 4127 3231 4192 refert,
3260 4129 3400 4198 quod
3430 4129 3548 4184 illos
3570 4132 3793 4187 traditos
3814 4136 3885 4185 ab
3910 4138 4059 4205 Apa-

2444 4217 2581 4271 stolo
2608 4217 2832 4287 legimus
2859 4219 3105 4285 Satanae;
3137 4222 3394 4290 Apostolo
3422 4237 3549 4276 vero
3574 4224 3824 4293 angelum
3861 4228 4056 4284 dnlttltl

2439 4308 2673 4367 Satanae.
2700 4310 3000 4381 Postremo,
3024 4328 3143 4368 cum
3173 4314 3489 4384 deprecatur
3515 4316 3799 4372 Dominum
3823 4318 4055 4387 Paulus,

2036 4431 2414 4499 LECTIONES
2455 4443 2863 4503 VABIAN'I‘ES.

832 4538 875 4604 tl
912 4537 1121 4604 Quasive
1144 4533 1295 4604 Itlten.
1322 4535 1681 4604 Qbertlt._qttasi
1700 4541 1780 4589 vel
1807 4543 1946 4604 Le0p.

832 4538 845 4585 l
912 4538 1121 4594 Quasive
1144 4538 1295 4586 Rhea.
1322 4538 1516 4586 Obertlt.
1541 4540 1641 4600 Qua.

831 4538 882 4660 ἐξ
916 4599 1169 4647 Ethnicum
1192 4600 1494 4660 impudentia
1519 4601 1641 4649 Par.

803 4537 820 4599 (

831 4608 882 4660 2)
916 4608 1169 4647 Ltltntcum
1192 4608 1494 4660 impudentia
1519 4608 1641 4649 Par.

808 4608 881 4723 i5)
917 4661 1247 4710 Prosterneus
1270 4663 1411 4710 Pam.
1437 4661 1634 4712 Obertlt.
1662 4661 1811 4713 Seml.

2366 4560 2418 4622 1)
2506 4558 2576 4622 ll)
2597 4559 2698 4608 'l'ua
2723 4564 2827 4610 ovis
2850 4560 2974 4612 delet
3002 4565 3102 4613 Lat.

2510 4620 2583 4745 fi)
2624 4622 2919 4685 Legitintnm
2948 4627 3283 4684 Leonexms.
3323 4627 3508 4678 Wouu'.

2532 4684 2582 4745 6)
2622 4684 2755 4735 Ultra
2783 4686 2977 4737 Obertlt.
3006 4688 3153 4738 Setnl.

2532 4684 2582 4745 6)
2622 4684 2755 4735 Ultra
2783 4686 2977 4737 Obertlt.
3006 4688 3153 4738 Setnl.

2160 4780 2713 4849 COMMENTARIUS.

743 4902 862 4959 Nisi
909 4904 1127 4984 denique
1150 4901 1483 4984 revocabitur.
1489 4901 1792 4984 iteratione,
1823 4907 2047 4963 nime/tia:
2084 4914 2251 4984 utique
2286 4927 2333 4971 et

744 4976 1018 5046 sanguinis
1037 4983 1084 5046 et
1111 4972 1432 5046 idolola_tri¢.
1466 4971 1583 5027 Rto.

815 5042 963 5101 CAP.
983 5042 1456 5120 XlIl.—(a_)1§ident
1466 5044 1772 5120 fornicatori
1784 5048 1980 5102 veniam
1994 5051 2206 5120 dedisse,
2223 5066 2327 5112 etc.

742 5117 937 5172 Prima:
964 5118 1165 5170 scilicet
1189 5112 1257 5168 ad
1279 5112 1403 5168 Cor.
1441 5112 1481 5168 V
1514 5114 1722 5169 notabis
1753 5118 2120 5177 fornicatoretu
2152 5112 2328 5182 vocari

741 5190 833 5258 qui
864 5189 1066 5241 incesto
1089 5201 1148 5240 se
1176 5185 1462 5258 polluerat,
1530 5185 1674 5258 unde
1710 5199 1898 5258 postea
1950 5198 2149 5258 paterni
2200 5199 2331 5254 tltori

741 5251 1189 5313 c'onlttntinatorcni
1211 5256 1470 5324 appellat,
1499 5254 1681 5326 sicque
1710 5251 2080 5319 Toruieationis
2107 5276 2159 5321 et
2187 5251 2328 5325 inch

739 5343 854 5385 stus
883 5331 1097 5383 nomine
1125 5328 1423 5396 promiscue.
1462 5328 1643 5383 utitur.
1676 5326 1751 5381 LE
1781 5329 1875 5383 Pa.

812 5400 890 5472 (lt)
921 5399 1302 5472 Conciliciatum
1332 5407 1377 5450 et
1407 5399 1803 5472 cottcineratam.
1822 5401 2065 5460 Iucilicio
2078 5417 2129 5463 et
2152 5409 2333 5467 cinere

742 5467 1111 5549 paittilentiutn
1150 5469 1417 5549 squalore.
1449 5467 1566 5549 lite.

817 5540 886 5614 (c)
911 5540 1207 5614 Benedictus
1231 5539 1380 5605 Papa
1409 5541 1737 5593 conrionaris.
1772 5542 1827 5596 In
1852 5548 2210 5605 vetustissimo
2234 5551 2332 5608 hoc

742 5612 1198 5691 ser‘tptorc‘l’apa‘:
1248 5625 1438 5691 nomen
1486 5614 1749 5691 occurrit,
1794 5615 1972 5691 quiet
2017 5619 2331 5691 benedictus,

742 5692 795 5735 ut
819 5698 936 5752 cap.
956 5682 1026 5737 30
1052 5682 1114 5735 de
1148 5679 1442 5752 Prteseript.
1471 5723 1485 5747 ,
1522 5681 1605 5733 ubi
1640 5679 2003 5741 Eleutherium
2027 5679 2335 5747 benedictum

735 5751 913 5819 vocat,
963 5756 1050 5823 qtti
1082 5762 1135 5808 et
1179 5751 1412 5823 pontifex
1490 5753 1587 5805 fuit
1631 5758 1967 5812 romancnsis
1987 5770 2335 5884 Letlt)nartyr.

2035 5847 2064 5884 ε
2138 5849 2190 5884 n.

2035 5847 2064 5885 ε
2094 5834 2190 5889 Pu.

811 5895 887 5969 (tl)
921 5895 1162 5951 [lubitum
1206 5894 1422 5969 legatum
1455 5893 1780 5965 pwnitentite.
1811 5896 1921 5955 Hoc
1943 5912 2057 5971 est,
2104 5905 2335 5975 gentium

2438 4937 2701 4979 consensu
2733 4926 3068 5003 delegatum.
3116 4930 3455 5003 dicatumque
3495 4941 3549 4988 et
3590 4936 4055 4995 COII\'elllCDII5>i-

2439 5010 2582 5049 mum
2634 5000 2999 5064 pteuiteutium
3031 5016 3122 5055 seu
3152 5000 3380 5057 reorum'
3411 5006 3675 5060 maestitia:
3701 5024 3714 5058 :
3766 5010 3847 5062 vel
3902 5011 4060 5065 habi-

2438 5074 2546 5119 tum
2579 5073 2853 5146 pmttiteuti
2883 5073 3065 5146 datum
3091 5072 3425 5144 legatumque
3449 5078 3597 5146 quasi
3626 5094 3718 5142 per
3746 5079 4055 5138 damnatio

2436 5152 2592 5216 neut,
2627 5140 2676 5191 iu
2706 5140 2817 5194 luet:
2846 5143 3003 5216 verba
3024 5161 3052 5216 νε
3102 5140 3218 5216 Qui
3251 5140 3517 5211 tntechus,
3574 5140 3661 5214 qui
3709 5148 4018 5207 fornicatur
4040 5198 4054 5216 ,

2439 5206 2690 5284 Ecclesia
2721 5227 2907 5280 pacem
2938 5213 3035 5267 sibi
3078 5206 3223 5269 reddi
3273 5206 3648 5284 postulaverit,
3699 5221 3749 5272 in
3800 5222 3956 5276 luctu
4000 5206 4059 5279 et

2435 5282 2712 5358 squalore,
2747 5286 2796 5336 iu
2847 5298 3001 5358 sacco
3027 5295 3081 5340 et
3106 5282 3286 5341 cinere
3318 5288 3535 5342 fratrum
3579 5304 3752 5356 genua
3786 5309 4057 5358 prensare

2437 5348 2724 5431 damnatus
2747 5363 2883 5408 esto.
2910 5354 3075 5431 Alias,
3097 5358 3236 5426 quod
3268 5363 3488 5428 prepoui
3519 5348 3693 5425 video,
3720 5348 4053 5431 legitimum,

2438 5435 2543 5474 non
2572 5422 2894 5490 displiceret.
2930 5427 3047 5481 lito.

2511 5490 2584 5561 (c)
2616 5493 2721 5573 Sed
2756 5505 2801 5573 et
2840 5496 2947 5573 ipse
2971 5500 3144 5573 datum
3171 5499 3267 5553 sibi
3300 5502 3370 5553 ait
3408 5502 3603 5561 sudent,
3653 5505 3902 5573 angelum
3949 5511 4055 5561 Sa-

2440 5571 2590 5617 tanaz.
2623 5566 2827 5635 Aliquis
2866 5568 3002 5621 haud
3029 5574 3144 5624 sine
3180 5585 3367 5626 caussa
3399 5574 3697 5637 mirabitur,
3722 5566 4046 5632 'Tertullia-

2441 5648 2585 5695 num,
2620 5648 2894 5714 postquam
2913 5638 3202 5714 _[_’_auliuum
3231 5642 3377 5696 illum
3414 5648 3643 5707 ηόλοπχ,
3671 5648 4047 5714 angelum

2442 5714 2598 5782 laute,
2633 5707 2792 5782 latine
2833 5709 3059 5782 reddidit
3100 5712 3295 5777 sudent,
3326 5728 3447 5767 mox
3490 5717 3725 5782 opinioni
3745 5707 4047 5776 vaccedere

2440 5775 2868 5856 existitnautitun
2901 5780 3258 5856 iis_vocabulis
3284 5775 3582 5856 isigttiiica'ri
3626 5785 3875 5845 dolorem
3910 5775 4057 5849 auri-

2441 5845 2575 5900 culas
2606 5848 2684 5903 vel
2714 5850 2922 5921 capitis.
2957 5851 3072 5909 Βιϐ.
