4220 6492
751 400 888 458 1007

2164 398 2620 455 τΕηΤιῖιιιΑΝι

3918 398 4056 454 1008

745 535 799 572 se
821 527 962 588 putat
991 519 1138 586 scire,
1176 519 1400 573 nondum
1427 519 1518 572 scit
1537 517 1961 589 quemadmodum
1981 526 2206 587 oporteat
2227 533 2338 570 eum
2368 522 2416 576 Λ
2444 515 2565 568 stoli
2591 515 2928 570 severitatem
2953 516 3002 568 in
3035 513 3316 584 quemdam
3347 514 3584 570 inllatum
3601 523 3656 570 et
3683 515 3734 569 in
3765 515 4054 586 quemdam

743 612 871 666 scire
899 611 940 682 (l
966 611 1112 677 Cor.,
1149 610 1276 675 ιιιι,
1311 611 1385 682 2).
1430 611 1617 666 Nonne
1661 622 1714 666 et
1758 621 1881 665 tunc
1933 610 1983 664 in
2025 609 2212 663 faciem
2244 609 2338 661 ali-

744 704 896 773 cujus
924 703 1257 774 impingens?
1287 703 1414 771 Quis
1439 703 1604 766 cnim,
1637 705 1826 772 inquit,
1856 713 1903 756 te
1923 699 2342 766 d-scernit?qttid

741 807 908 851 autem
939 798 1090 852 habes
1135 798 1269 867 quod
1315 813 1414 850 non
1445 797 1721 866 accepisti?
1771 797 1832 851 Si
1867 806 2031 849 autem
2078 795 2338 863 accepisti,

742 890 866 958 quid
918 891 1174 960 gloriaris,
1230 891 1374 961 quasi
1418 908 1518 944 non
1556 891 1804 958 acceperis
1849 889 1888 956 (l
1940 889 2083 954 Cor.,
2127 888 2212 953 IV,
2249 887 2340 958 7)?

741 979 928 1036 Nature
971 990 1025 1036 et
1057 981 1176 1035 illos
1217 982 1266 1036 in
1297 997 1357 1037 os
1393 981 1588 1037 cmdit?
1615 980 1838 1049 Quidam
1886 991 2062 1034 autem
2113 982 2162 1032 in
2205 995 2338 1033 Ct)"-

739 1073 959 1129 scicutia
992 1089 1158 1144 usque
1187 1090 1323 1129 nunc
1353 1075 1499 1144 quasi
1533 1075 1884 1144 idolothytum
1913 1073 2098 1127 edunt.
2127 1074 2216 1128 Sic
2245 1088 2340 1127 au~

741 1177 848 1221 tem
891 1167 1278 1237 delinquentes.
1333 1166 1675 1236 percutienda
1718 1165 2072 1220 conscientias
2116 1166 2335 1218 h'atrmn

741 1264 996 1329 iniit-mas,
1032 1263 1082 1315 in
1111 1262 1379 1316 Christum
1409 1262 1738 1329 delinquont.
1767 1259 1882 1313 Jam
1926 1275 2052 1313 vero
2082 1269 2133 1312 et
2166 1261 2337 1312 nomi-

737 1355 938 1409 natim:
993 1357 1088 1407 Aut
1139 1371 1236 1408 non
1280 1354 1520 1408 habemus
1559 1364 1850 1424 potestatem
1902 1352 2242 1406 manducandi
2291 1363 2336 1406 et

736 1447 956 1513 bibendi,
988 1458 1034 1500 et
1067 1448 1296 1501 mulieres
1321 1446 1749 1509 circumducendi,
1778 1447 1906 1497 sicut
1949 1456 1992 1498 et
2021 1446 2334 1515 cwferiapo-

735 1542 872 1605 stoli,
906 1551 950 1594 et
978 1542 1159 1607 fratres
1206 1540 1412 1594 Domini
1449 1551 1494 1593 ct
1540 1540 1736 1606 Cepltas
1777 1540 1820 1611 (I
1849 1540 1990 1604 Cor.,
2027 1540 2118 1604 IX,
2161 1543 2218 1604 4,
2246 1541 2333 1602 5)?

737 1634 806 1690 Ει
838 1655 848 1690 :
883 1637 940 1689 Si
972 1636 1061 1688 alii
1083 1637 1145 1689 de
1172 1645 1415 1706 potestate
1447 1647 1609 1690 vestra
1626 1647 2019 1706 consequuntur,
2053 1654 2151 1690 non
2171 1638 2333 1707 magis

731 1746 823 1782 nos
853 1729 892 1794 (Ι
925 1730 1065 1789 Corn,
1093 1729 1156 1794 Χ,
1186 1729 1313 1799 ΗΠ
1341 1729 1514 1800 Eque
1540 1740 1593 1784 et
1623 1731 1740 1785 illos
1758 1731 2007 1802 singulari
2033 1733 2172 1802 stylo
2199 1733 2328 1803 ligit.

733 1819 1013 1890 Propurea
1046 1822 1131 1890 qui
1157 1837 1208 1875 se
1246 1831 1388 1890 putat
1413 1833 1566 1885 stare,
1593 1823 1757 1875 videat
1799 1839 1860 1875 ue
1899 1823 2048 1875 cadat
2097 1823 2141 1893 (l
2183 1822 2327 1885 σοι’..

2449 609 2741 674 incestum;
2787 609 2838 662 in
2869 609 3095 664 alterum
3125 609 3292 678 virga.
3326 609 3375 662 in
3407 609 3631 663 alterum
3662 611 3929 663 sententia
3967 624 4057 662 ar-

2447 715 2682 756 malum:
2715 704 2857 773 virga
2899 718 3056 773 quam
3119 703 3201 774 (5)
3234 701 3555 765 minabatur.
3598 704 3863 760 sententia
3895 719 4056 773 quam

2445 799 2834 868 exequebatur;
2871 800 3010 852 illam
3041 797 3217 854 adhuc
3243 807 3638 863 coruscantem,
3684 798 3824 852 banc
3874 799 4056 850 slatim

2447 889 2839 958 inlinitumtem,
2869 906 2972 960 qua
3001 891 3330 962 increpabat,
3352 907 3563 961 quaque
3592 891 3904 948 damnabat.
3936 890 4063 946 Cer-

2446 991 2706 1052 tumquee
2740 983 2966 1038 texiude
2996 983 3314 1052 increpitum
3341 983 3556 1053 quidem
3579 985 3676 1036 sub
3701 985 3872 1039 intent
3909 985 4061 1036 tione

2445 1072 2604 1144 νὶιεςυ
2635 1077 2934 1139 tremuisse,
2963 1075 3270 1131 datnnatum
3304 1090 3430 1130 vero
3451 1076 3548 1130 sub
3572 1077 4058 1145 reprtsentatione

2443 1183 2615 1236 ptume
2658 1169 2891 1239 perisse:
2935 1170 3112 1224 statim
3165 1169 3253 1224 ille
3290 1169 3484 1224 timens
3526 1169 3734 1238 plagam
3776 1169 3934 1230 abiit,
3974 1168 4061 1222 ille

2442 1259 2596 1314 luens
2637 1275 2868 1330 ptenam.
2904 1262 3034 1314 Cum
3080 1261 3145 1314 ad
3178 1259 3482 1315 Corinthios
3523 1261 3766 1329 ejusdem
3820 1261 4060 1328 apostoli

2443 1350 2612 1406 litera:
2654 1353 2848 1406 iterant
2915 1353 3149 1418 veniam,
3218 1353 3277 1406 lit
3317 1352 3394 1422 (4)
3428 1353 3603 1421 plane,
3649 1353 3741 1406 sed
3789 1353 4060 1408 incertum

2439 1443 2547 1508 cui,
2571 1445 2690 1512 quia
2716 1459 2811 1498 nec
2835 1458 3060 1514 persona
3085 1457 3182 1498 nec
3206 1458 3390 1500 caussa
3407 1443 3775 1513 pruscribitur.
3796 1442 3913 1500 Res
3936 1461 3953 1494 (
3974 1461 4062 1498 um

2441 1535 2688 1589 sensibus
2717 1537 3011 1591 conferam.
3040 1537 3094 1592 Si
3125 1537 3360 1592 incestus
3389 1537 3695 1606 opponitur,
3721 1537 3924 1594 ibidem
3953 1539 4064 1592 erit

2438 1635 2488 1678 et
2521 1626 2748 1681 iullatns.
2783 1627 2924 1683 Sane
2956 1628 3141 1681 relatio
3187 1627 3266 1698 (.5)
3305 1629 3434 1682 satis
3497 1627 3743 1693 habetur,
3787 1645 3916 1682 cum
3979 1630 4063 1683 in-

2440 1718 2595 1772 ﬂatus
2623 1719 2912 1789 increpitus
2941 1731 3043 1786 est,
3086 1722 3320 1776 incestus
3351 1736 3476 1775 vero
3505 1721 3790 1775 damnatus
3815 1731 3934 1776 est;
3974 1722 4060 1775 in-

2436 1807 2563 1863 ﬂato
2594 1810 2904 1879 ignoscitur,
2945 1813 3038 1866 sed
3086 1813 3374 1881 increpito;
3424 1812 3630 1868 incesto
3676 1829 3784 1866 nun
3841 1814 4059 1867 videtur

731 1912 823 1976 χιν
856 1912 979 1983 15);
1023 1924 1076 1968 οι
1111 1913 1210 1968 ςδί
1245 1915 1356 1982 φάε
1407 1916 1745 1968 (animamus
1787 1916 2006 1978 videtur,
2049 1931 2139 1967 ηο,
2182 1915 2332 1967 late",
2366 1911 2410 1970 Β
2443 1901 2698 1971 ignotum,
2727 1905 3070 1959 utdarnnato.
3097 1905 3218 1960 Siei
3235 1905 3629 1975 ignoscebatur,
3659 1905 3745 1960 cui
3769 1905 4064 1960 devoratio

733 2005 1144 2058 consuetudinem
1196 2021 1295 2057 non
1345 2005 1604 2067 habemus,
1655 2021 1812 2074 neque
1863 2005 2087 2058 Ecclesia
2131 2003 2333 2058 Domini

732 2096 776 2166 (l
805 2096 945 2162 Cor,
980 2095 1068 2156 XI,
1102 2097 1190 2166 16)
1243 2097 1358 2150 'l‘ali
1398 2097 1632 2150 clausula
1667 2095 1948 2151 maledicto
1977 2097 2224 2152 detexta:
2275 2098 2335 2152 Si

723 2191 834 2258 quis
869 2207 969 2243 non
1005 2201 1140 2242 atnat
1173 2188 1446 2243 Dominum
1483 2190 1678 2250 Iesum,
1714 2192 1776 2244 sit
1801 2192 2092 2257 auat/tenta,
2120 2191 2334 2245 Maran-

727 2285 848 2336 atlta
904 2283 943 2354 (I
965 2282 1106 2343 Con,
1139 2282 1277 2346 XVI,
1317 2281 1431 2352 ἓξ),
1457 2283 1685 2351 aliquem
1711 2283 1890 2352 utique
1919 2283 2198 2351 percussit.
2226 2282 2330 2336 Sed

726 2371 841 2449 illic
870 2375 1038 2442 magis
1069 2374 1222 2427 stabo
1249 2373 1334 2428 ubi
1363 2374 1650 2442 Apostolus
1680 2375 1846 2442 magis
1878 2373 2070 2437 fervet,
2097 2373 2182 2426 ubi
2219 2372 2331 2442 ipse

725 2445 1015 2520 Ιοιίιίείιιοι*
1042 2465 1158 2518 aliis
1187 2481 1396 2534 quoque
1428 2465 1695 2535 negotium
1725 2465 1883 2519 fecit:
1919 2465 2077 2530 Quasi
2107 2483 2204 2518 non
2236 2467 2330 2518 sint

723 2566 958 2610 reuturus
979 2556 1047 2608 ad
1073 2572 1177 2622 ros,
1209 2557 1377 2626 iit/lati
1403 2566 1517 2609 sunt
1546 2557 1772 2626 quidem.
1815 2555 2022 2611 Veniam
2062 2568 2226 2610 autem
2258 2558 2330 2610 ci-

727 2648 846 2711 tius,
867 2648 912 2701 si
939 2649 1222 2718 permiserit
1249 2647 1519 2710 Dominus,
1545 2658 1590 2701 et
1615 2664 1914 2719 cognoscam
1933 2665 2030 2702 non
2048 2664 2327 2702 sermonem

726 2757 899 2794 eorum
935 2741 1019 2810 qui
1048 2741 1215 2808 inﬂati
1236 2751 1372 2806 sunt,
1405 2740 1494 2794 sed
1521 2743 1748 2794 virtutem
1802 2739 1920 2793 Non
1951 2742 2082 2793 enim
2125 2741 2177 2793 in
2217 2757 2326 2793 ser-

724 2847 871 2883 mone
895 2842 964 2884 est
993 2847 1200 2900 regnum
1231 2830 1346 2892 Dei,
1372 2831 1458 2883 sed
1490 2832 1540 2883 in
1572 2833 1769 2884 uirtute.
1801 2829 1866 2882 Et
1913 2832 2034 2899 quid
2063 2831 2211 2884 vultis
2240 2846 2322 2884 ue-

725 2925 862 2974 niam
895 2924 961 2974 ad
989 2937 1092 2984 vos,
1125 2924 1175 2974 in
1211 2923 1372 2991 virga,
1405 2940 1470 2975 an
1502 2925 1553 2975 in
1593 2923 1775 2991 spiritu
1807 2923 2067 2976 (mittitis?
2097 2923 2146 2994 (Ι
2177 2923 2321 2990 Corn,

724 3012 814 3076 ιν,
857 3015 937 3076 l8,
969 3013 1098 3078 2|)?
1133 3013 1268 3080 Quid
1313 3015 1453 3068 cnim
1495 3014 1741 3069 suberat?
1779 3015 2000 3069 Auditur
2029 3018 2077 3068 in
2106 3017 2241 3069 vobis
2271 3019 2321 3070 iu

723 3117 880 3158 tutunt
897 3105 1187 3172 fornicatio,
1203 3117 1248 3160 et
1265 3107 1380 3159 talis
1403 3107 1691 3176 fornicatio,
1720 3107 1884 3176 qualis
1907 3124 1995 3160 nec
2008 3109 2057 3160 in
2071 3109 2318 3178 gentibus,

721 3210 772 3251 ut
801 3213 1008 3250 uxorem
1039 3201 1195 3266 patris
1223 3199 1302 3252 sui
1324 3199 1433 3267 quis
1463 3197 1662 3252 habeat.
1697 3198 1759 3250 Et
1795 3215 1879 3251 vos
1918 3199 2083 3268 iii/lati
2112 3201 2248 3263 estis,
2272 3209 2320 3252 et

2440 2010 2506 2048 es
2542 2009 2775 2051 maerore
2817 1997 2982 2051 nimio
3014 1997 3313 2062 timebatur,
3363 1997 3608 2053 devorari
3655 1997 3833 2052 adhuc
3878 1999 4063 2052 incre-

2441 2086 2580 2154 pitus
2626 2087 3042 2156 periclitabatur.
3089 2088 3342 2144 deﬁciens
3370 2089 3948 2145 obeemminationem
4005 2099 4061 2143 et

2438 2194 2672 2234 ιιιωτυιιε
2702 2179 2771 2234 ob
2793 2180 3238 2250 increpationem;
3267 2180 3549 2236 damnatus
3573 2194 3702 2235 veto
3729 2192 3781 2234 et
3810 2185 3974 2251 Culpa
4001 2192 4061 2237 ct

2437 2272 2719 2337 sententia,
2742 2271 2851 2340 jam
2876 2272 3160 2328 devoratus
3177 2271 3550 2340 deputabatur,
3573 2273 3662 2343 qui
3682 2288 3789 2327 non
3813 2287 4058 2329 maerere

2437 2352 2679 2428 haberet,
2735 2361 2828 2416 sed
2859 2364 2966 2432 pati
2997 2361 3139 2432 quod
3175 2371 3298 2417 ante
3332 2363 3633 2432 passionem
3678 2377 3913 2417 interere
3975 2365 4056 2433 i6)

2436 2453 2713 2522 potuisset.
2755 2451 2811 2508 Si
2877 2454 3076 2510 idcirco
3126 2455 3520 2525 ignoscebatur,
3562 2470 3632 2511 ne
3671 2456 4058 2510 fraudari-mur

2433 2561 2462 2598 a
2505 2545 2726 2612 Salana,
2784 2545 2835 2600 in
2885 2561 2951 2602 eo
2993 2547 3174 2617 utique
3212 2546 3591 2603 detrimentum
3641 2551 4057 2619 praecavebatur

2431 2637 2572 2706 quod
2604 2639 2838 2692 nondum
2865 2639 3120 2708 perisset:
3147 2639 3276 2693 nihil
3299 2639 3364 2694 de
3391 2650 3658 2695 transacto
3681 2652 4050 2711 pm‘cavetur,

2434 2728 2526 2782 sed
2558 2729 2625 2784 de
2656 2730 2831 2784 adhuc
2871 2730 3044 2783 salvo.
3077 2730 3364 2785 Damnatus
3406 2740 3605 2794 autem,
3635 2740 3692 2786 et
3729 2735 3956 2801 quidem
4000 2736 4052 2788 in

2432 2821 2835 2888 possessionem
2869 2820 3102 2886 Satante,
3151 2823 3271 2890 jam.
3311 2832 3435 2876 tunc
3483 2822 3713 2891 perierat
3756 2823 4048 2889 l'lei-lesia-,

2427 2926 2549 2967 cum
2593 2915 2695 2968 tale
2738 2913 2940 2969 facinus
2967 2914 3276 2977 admiserat.
3308 2914 3503 2968 nedum
3531 2928 3653 2969 cum
3700 2923 3752 2970 et
3803 2917 3872 2968 ab
3929 2918 4048 2983 ipsa

2426 3007 2748 3076 ejerabatur.
2800 3007 3082 3075 Quomodo
3129 3018 3403 3062 vereretur
3462 3008 3704 3062 fraudem
3735 3011 3845 3077 pati
3899 3013 4048 3078 ejus,

2424 3115 2582 3171 quem
2607 3102 2717 3171 jam
2747 3109 2800 3154 et
2823 3113 3067 3170 ereptum
3093 3100 3366 3163 amiserat,
3393 3109 3447 3154 et
3491 3100 3800 3154 damnatum
3840 3102 4051 3157 habere

2427 3209 2530 3248 non
2561 3195 2840 3263 potuerat?
2868 3193 3166 3256 Postremo,
3195 3191 3322 3262 quid
3341 3192 3577 3261 judicent
3603 3192 3880 3263 indulgere
3904 3211 4046 3248 eun.

720 3306 824 3342 non
854 3289 1052 3343 luristis
1085 3290 1272 3358 potius,
1301 3299 1354 3342 ut
1401 3291 1662 3359 auferatur
1689 3289 1752 3342 de
1786 3289 1948 3342 medio
1972 3299 2186 3343 uestrum
2231 3292 2317 3356 qui
2343 3291 2387 3354 C
2423 3287 2619 3349 \‘cttict,
2650 3283 2790 3354 quod
2820 3283 3250 3352 pronuntiatione
3275 3283 3577 3340 deciderit?
3599 3298 3667 3339 an
3695 3286 3835 3355 quod
3868 3287 4049 3341 inter-

721 3382 826 3434 tale
854 3383 1054 3452 facinus
1076 3381 1280 3434 admisit
1317 3379 1358 3452 (Ι
1391 3381 1534 3446 Con,
1571 3379 1632 3447 V,
1667 3381 1717 3444 1,
1749 3379 1836 3450 2)ῐ
1875 3382 1974 3436 Pro
2023 3398 2128 3453 quo
2169 3383 2320 3453 luge-

720 3473 874 3528 rent?
903 3472 1094 3543 Utique
1124 3489 1217 3543 pro
1248 3482 1478 3527 lltOt‘lth.
1519 3473 1598 3527 Ad
1639 3489 1795 3542 quem
1825 3473 2099 3543 lugerent?
2129 3473 2322 3545 Utique

723 3563 792 3621 ad
826 3545 1124 3624 Dominum.
1159 3563 1439 3632 Quomodo
1480 3574 1535 3619 ιιι
1560 3564 1832 3620 auleratur
1875 3564 1992 3636 (55)
2033 3566 2101 3620 de
2147 3567 2331 3622 medio

732 3659 981 3714 illorum?
1009 3657 1122 3712 Non
1151 3659 1332 3728 utique
1354 3668 1405 3710 ut
1430 3656 1505 3728 (a)
1535 3668 1682 3712 extra
1709 3658 1998 3712 Ecclesiam
2026 3660 2200 3723 detur;
2224 3661 2324 3716 hoc

725 3751 866 3807 enim
899 3765 1046 3804 nona
1077 3750 1184 3804 Deo
1214 3750 1747 3819 postnlarctur,quod
1779 3759 1893 3804 erat
1919 3752 1968 3805 in
1994 3751 2324 3820 prmsideutis

725 3841 920 3905 uilicio,
956 3840 1049 3895 sed
1073 3850 1127 3893 ιιι
1149 3856 1241 3909 per
1267 3850 1492 3895 mortem
1522 3841 1657 3895 hanc
1681 3855 1892 3911 quoque
1918 3857 2254 3899 communem
2272 3855 2325 3899 et

728 3935 996 4004 propriam
1017 3935 1193 3988 carnis
1213 3934 1287 4002 (li)
1307 3933 1490 4004 ipsius,
1511 3934 1747 4003 qua-jam
1766 3935 2012 4001 cadaver,
2031 3952 2148 4005 qum
2165 3951 2326 4006 Capll-

728 4028 837 4080 lmn
872 4024 1114 4096 (2)essel
1162 4025 1490 4078 immunditia
1554 4026 1946 4093 irrceuperahilt
2005 4027 2323 4094 tabidosum,

729 4118 938 4188 plenius
967 4117 1032 4172 de
1063 4115 1294 4171 Ecclesia
1325 4116 1544 4170 deberet
1568 4115 1782 4171 auferri.
1813 4117 1876 4170 Et
1897 4117 2036 4185 ideo,
2057 4122 2328 4189 quomodo

732 4212 944 4264 interim
983 4210 1151 4278 potuit
1183 4208 1400 4271 auferri,
1429 4207 1683 4276 judicavit
1726 4206 2025 4263 dedendmn
2067 4214 2325 4281 ejusmodi

734 4305 944 4358 Satanae
976 4302 1026 4355 in
1059 4301 1325 4356 interitmn
1353 4299 1546 4354 carnis.
1575 4299 1812 4354 Ma'edici
1842 4303 1981 4355 enim
2005 4317 2123 4358 eam
2143 4321 2326 4375 seque-

737 4399 910 4460 batur,
932 4408 1048 4463 quze
1075 4393 1285 4447 diabolo
1300 4391 1693 4462 projiciehatnr,
1729 4402 1784 4445 ut
1812 4404 2147 4449 sacramento
2169 4397 2331 4454 bene-

735 4485 980 4540 dictionis
1009 4492 1461 4547 exauctoraretur,
1497 4498 1764 4552 nunquam
1796 4483 1847 4537 in
1878 4495 2048 4538 castra
2076 4486 2332 4544 Ecclesia:

736 4591 1034 4633 reversura.
1069 4574 1319 4630 Videmus
1349 4573 1526 4644 itaque
1566 4573 1664 4630 hoc
1697 4575 1747 4628 in
1781 4575 1897 4630 loco
1925 4575 2150 4633 divisam
2183 4581 2330 4649 Apo-

2427 3377 2696 3432 locetione
2744 3376 3118 3447 sn5penderit.’
3156 3386 3212 3431 et
3245 3377 3427 3446 utique
3462 3392 3584 3432 eum
3626 3377 3861 3447 judicem
3887 3421 3904 3445 ,
3955 3381 4050 3450 qui

2427 3485 2533 3526 non
2575 3470 2712 3525 solet
2747 3486 2809 3524 ea
2839 3486 2957 3540 qua:
3006 3469 3290 3534 destruxit,
3333 3469 3687 3533 rescdilicare,
3741 3487 3811 3526 ne
3856 3483 4047 3528 trans-

2425 3579 2640 3634 gressor
2683 3563 2959 3619 habeatur.
2987 3564 3095 3634 Age
3119 3565 3228 3633 jam
3259 3563 3304 3618 si
3333 3578 3438 3619 non
3459 3571 3538 3618 tot
3566 3578 3822 3634 personas
3863 3568 4046 3634 prima

2427 3657 2666 3728 Epistula
2697 3657 3085 3723 contristasset,
3127 3655 3172 3711 si
3218 3656 3487 3712 neminem
3524 3656 3901 3727 increpuisset,
3955 3675 4050 3713 ne-

2429 3751 2627 3805 minem
2677 3749 2976 3814 terruisset,
3018 3749 3062 3802 si
3110 3747 3291 3802 solum
3343 3748 3604 3804 incestum
3651 3749 3968 3816 cecidisset,
4003 3753 4047 3806 si

2430 3845 2628 3898 nullum
2655 3843 2706 3897 in
2735 3857 2977 3897 caussam
3001 3841 3117 3911 ejus
3144 3843 3194 3896 iu
3220 3856 3469 3911 pavorem
3501 3843 3754 3909 misisset,
3791 3845 4045 3900 inﬂatum

2430 3943 2854 3999 consteruasset;
2903 3949 3081 3989 nonne
3112 3933 3305 3989 melius
3348 3935 3700 4004 suspicareris
3726 3947 3781 3990 et
3825 3937 4048 3992 fidelius

2430 4027 2902 4098 argumentareris,
2929 4026 3157 4094 aliquem
3191 4026 3367 4096 potius
3398 4026 3728 4095 longealium
3760 4029 3907 4096 apud
3938 4029 4046 4083 (Zo-

2432 4120 2660 4175 rinthios
2691 4127 2817 4174 tunc
2841 4120 2890 4172 in
2921 4119 3107 4172 eadem
3134 4132 3321 4172 caussa
3354 4117 3537 4184 fuisse,
3575 4129 3632 4173 ut
3659 4119 3961 4188 increpitus
3993 4132 4048 4174 et

2435 4212 2652 4268 territus
2679 4221 2729 4265 et
2752 4226 2983 4266 mmrore
3008 4210 3116 4279 jam
3141 4210 3374 4274 saueius,
3395 4219 3671 4281 prepterea
3693 4213 4047 4281 permittente

2437 4306 2649 4361 modulo
2680 4305 2880 4369 delicti,
2917 4306 3122 4360 veniam
3152 4319 3332 4374 postea
3377 4306 3598 4374 ceperit,
3641 4322 3797 4374 quant
3827 4318 3886 4359 nt
3923 4325 4046 4362 eam

2438 4401 2641 4454 incesto
2671 4398 2974 4453 fornicatori
3022 4397 3488 4466 interpretareris?
3517 4397 3626 4452 lloe
3662 4397 3805 4452 enim
3838 4399 4046 4468 legisse

2438 4492 2718 4552 debueras,
2753 4499 2806 4544 ct
2835 4490 2876 4544 si
2918 4504 3022 4542 non
3055 4489 3105 4541 in
3132 4488 3378 4558 cpistola,
3413 4487 3506 4542 sed
3546 4488 3620 4559 (c)
3652 4489 3701 4542 in
3735 4490 3846 4558 ipsa
3885 4494 4044 4560 Apo-

2439 4584 2559 4638 stoli
2610 4591 2776 4646 secta,
2823 4596 2854 4636 a
2903 4580 3105 4650 pudore
3144 4579 3338 4636 clarius
3382 4594 3540 4650 quam
3588 4580 3724 4650 stylo
3769 4580 3894 4649 rius
3940 4582 4044 4637 im-

1949 4691 2328 4758 LhCTIONES
2371 4695 2783 4758 VARIANTES.

801 4829 872 4899 (ι)
907 4826 1156 4899 Quomodo
1179 4824 1424 4876 auferatur
1449 4835 1583 4876 Pam.
1609 4851 1668 4862 —-
1703 4825 1774 4875 Ad
1814 4825 2090 4892 Dominum,
2135 4840 2187 4883 ut
2227 4849 2325 4899 quo

2493 4835 2564 4895 (ι)
2601 4833 2800 4899 δίινπὶῃς
2835 4832 2972 4899 Leop.

736 4893 880 4942 ιιιικιο
903 4889 1005 4938 Lat.
1037 4890 1176 4952 Leop.

802 4953 873 5012 (2)
909 4947 1159 5014 Captivum
1180 4947 1284 5000 alii.
1312 4978 1368 5014 -έ-
1389 4951 1526 5010 Quod
1551 4952 1883 5013 corruptivum
1909 4955 2010 5004 Lat.

799 5017 873 5080 (5)
908 5012 1012 5074 Qua
1035 5012 1191 5064 Ubert.
1215 5013 1364 5063 Setnl.

2492 4891 2564 4955 (ὃ)
2602 4896 2690 4943 ltei
2713 4891 2835 4944 ratio
2857 4891 3000 4943 Pam.
3029 4891 3201 4944 Restio
3225 4892 3389 4945 Geten.

2496 4961 2566 5020 (t5)
2603 4959 2813 5008 Μαῖα)το
2835 4956 2996 5008 Gclen.

2076 5149 2630 5210 COMMENTARIUS.

811 5261 885 5335 (a)
921 5259 1083 5320 Extra
1110 5262 1390 5317 Ecclesium
1419 5261 1582 5318 detur.
1602 5260 1754 5335 Nihil
1779 5261 1864 5316 hic
1890 5262 2027 5335 aliud
2058 5280 2215 5330 quam
2241 5282 2332 5319 ex-

741 5333 1168 5396 connuunicatio,
1201 5335 1311 5387 sive
1341 5349 1550 5386 censura
1577 5333 1768 5395 divina,
1800 5344 1856 5387 ut
1887 5333 2021 5386 dixit
2051 5335 2186 5388 idem
2209 5351 2328 5404 cap.

739 5409 809 5463 50
835 5406 1014 5480 Apol.,
1052 5406 1162 5480 huc_
1198 5415 1299 5467 est,
1351 5419 1469 5457 tum
1497 5404 1826 5480 quibusdam
1867 5414 2088 5480 propter
2129 5409 2329 5463 sctzlt'ra

741 5475 1115 5532 communione
1144 5477 1360 5530 fratrum
1391 5475 1601 5543 penitus
1636 5475 1984 5528 interdicitur.
2020 5476 2090 5530 De
2117 5491 2176 5530 ea
2207 5493 2332 5532 ren-

739 5563 862 5600 snra
890 5551 1008 5602 Aet.
1034 5546 1096 5602 lll
1122 5547 1330 5601 concilii
1359 5544 1811 5598 Chalcedonensis
1843 5547 1892 5598 in
1921 5546 1996 5599 lit.
2029 5548 2238 5600 concilii
2262 5547 2327 5602 ad

736 5617 1082 5674 Dioscorum:
1127 5624 1297 5673 κελεύει
1326 5626 1354 5676 ἡ
1391 5623 1626 5670 θεοσὲϐιισ.
1661 5622 1786 5680 ὑμῶν
1818 5624 1910 5675 ταῖς
1939 5624 2195 5685 ἰπιτιμιοις
2228 5625 2328 5681 τρῖς

739 5694 1172 5760 ἰκιλησιιστυιοιςν
1202 5694 1482 5758 χρησώμεοα
1541 5687 1644 5760 κατ’
1670 5756 1680 5760 _
1708 5691 1868 5760 αὐτοῦ’
1927 5688 2126 5756 ﬂagitat
2171 5693 2330 5760 pietas

739 5771 924 5825 uestra,
965 5761 1040 5813 uel
1069 5756 1255 5812 mitlcta
1281 5761 1332 5811 in
1363 5775 1475 5810 eum
1504 5756 1840 5810 ecclesiastica
1872 5768 2089 5810 utamur.
2125 5756 2200 5813 Li;
2233 5759 2327 5813 Pa.

808 5831 885 5898 (ll)
909 5833 1087 5884 (.‘arnis
1113 5831 1290 5896 ipsius.
1314 5845 1424 5892 qua?
1442 5829 1551 5898 jam
1574 5827 1806 5891 cadatn'r,
1825 5829 2184 5895 quarmpulum
2209 5841 2335 5883 esset

731 5901 1056 5958 inmunditia
1099 5897 1471 5967 irrecaprrat-ili
1519 5897 1819 5952 tabido-sum.
1854 5903 2055 5967 t'oipus
2081 5899 2336 5955 describit

2435 5267 2581 5334 quasi
2627 5265 2867 5334 vaginam
2909 5266 3102 5321 animae
3143 5265 3435 5331 vilissimae,
3472 5265 3626 5322 [tedis
3668 5266 3880 5321 scilicet
3937 5270 4043 5322 cri-

2436 5339 2636 5390 minum
2686 5337 2931 5390 sordibus
2962 5337 3419 5407 intpiinatisshnm.
3453 5336 3657 5391 Rte.—
3687 5335 4043 5396 [inmunditia

2434 5407 2812 5475 irreettperabili
2857 5407 3158 5462 tabidosnm.
3208 5407 3674 5477 lrrecuperabilem
3734 5409 4040 5465 immundi-

2435 5479 2557 5530 tiam
2604 5479 2752 5535 dicit.
2799 5477 2937 5533 unde
3001 5480 3298 5546 recuperari
3334 5477 3461 5532 nihil
3494 5479 3654 5546 possit
3679 5519 3693 5540 ,
3729 5480 4037 5534 immundi—

2433 5552 2557 5602 tiam
2583 5550 2784 5604 scilicet
2807 5559 2920 5603 arte
2962 5549 3100 5604 nulla
3125 5549 3435 5606 curalnlem.
3491 5549 3582 5603 Sic
3631 5549 3785 5612 inira,
3832 5552 3931 5604 ubi
3973 5555 4040 5606 de

2432 5619 2595 5695 leprge
2645 5620 2974 5695 immunditia
3031 5619 3272 5686 sanabili,
3315 5620 3744 5690 recuperationem
3784 5631 3831 5672 et
3868 5629 4039 5695 refor-

2435 5692 2702 5742 mationem
2731 5691 2881 5743 dixit.
2913 5691 3029 5747 lito.

2511 5759 2680 5834 (clln
2705 5762 2818 5834 ipsa
2847 5760 3074 5834 Apostoli
3102 5771 3254 5816 secta.
3284 5761 3496 5834 Sectam
3524 5776 3621 5830 pro
3647 5762 3901 5834 moribus
3939 5780 4036 5834 po-

2437 5829 2558 5885 Suit.
2579 5829 2752 5897 Atque
2784 5831 2851 5884 ita
2879 5829 3208 5887 Justinianus
3235 5833 3331 5886 sub
3359 5835 3516 5886 linem
3534 5829 3678 5886 tituli
3709 5834 3771 5886 de
3801 5829 4036 5897 Legatis.

2438 5904 2522 5956 ubi
2558 5904 2619 5957 de
2666 5903 2851 5972 legatis
2901 5903 3199 5972 probrosis:
3255 5903 3583 5973 Ilujusmodi,
3631 5904 3821 5974 inquit,
3877 5916 4037 5963 testa-
