4220 6492
188 406 326 468 1009

1494 411 1695 468 LIBER
1741 411 1829 468 DE
1869 411 2227 470 PUDICITIA.

3329 415 3470 472 1010

184 543 456 599 pressum;
491 543 559 585 ne
588 528 790 586 scilicet
811 528 1034 587 Paulum
1063 528 1361 596 apostolum
1401 528 1618 592 Christi,
1647 529 1771 583 doc-
1806 535 1853 589 Λ
1886 530 2018 594 Quin
2044 530 2331 583 inlmbitabo
2353 529 2404 584 in
2432 530 2585 597 nobis,
2618 539 2664 585 et
2691 530 3031 597 inambulatio,
3059 540 3104 586 et
3129 546 3218 602 ego
3248 529 3385 586 Dens
3410 531 3475 585 il-

185 628 351 675 torem
403 624 675 677 nationum
728 624 779 677 in
820 620 921 678 lide
964 632 1019 677 et
1066 624 1304 685 veritate,
1350 637 1441 677 vas
1478 622 1778 685 elemionis,

185 710 549 769 Ecclesiarum
611 714 966 781 conditorem,
1026 728 1305 770 censorem
1355 712 1776 785 disciplinarum,

184 815 347 866 tanta
380 806 608 862 levitatis
648 807 915 873 inliceres,
949 818 1007 863 ut
1046 816 1139 862 aut
1182 806 1514 862 damnaverit
1558 818 1777 873 temere,

184 910 341 971 quem
372 914 493 952 mox
523 908 669 956 esset
697 900 1067 965 absolutnrus;
1108 909 1199 954 aut
1242 909 1441 957 temere
1471 899 1777 965 absolverit,

191 1005 349 1055 quem
380 1005 484 1043 non
514 1000 713 1046 temere
740 991 1067 1058 damnasset,
1107 993 1176 1047 ob
1202 992 1372 1047 solam
1403 992 1525 1047 licet
1556 992 1782 1047 fornica-

189 1083 394 1138 tionem
428 1085 691 1156 simplicis
716 1086 1081 1156 impudicitia).
1110 1088 1303 1142 nedum
1331 1088 1401 1142 ob
1422 1088 1649 1143 incestas
1681 1102 1779 1142 nu-

184 1175 342 1242 ptias.
374 1178 657 1248 etimpiam
690 1178 974 1246 luxuriam,
1002 1190 1052 1235 et
1082 1180 1354 1236 libidinem
1377 1181 1771 1251 parricidalem,

183 1282 344 1336 quam
370 1283 467 1323 nec
490 1269 793 1325 nationibus
813 1280 1113 1341 comparat,
1140 1287 1206 1327 ne
1226 1272 1595 1328 consuetudini
1618 1273 1782 1342 depu-

184 1369 410 1425 taretur;
443 1377 601 1433 quam
642 1362 837 1419 absens
870 1364 1154 1433 indicarat,
1184 1381 1251 1421 ne
1276 1366 1503 1436 spatium
1530 1383 1657 1423 reus
1698 1368 1783 1422 lu-

182 1464 450 1517 craretur;
483 1470 641 1523 quam
668 1455 923 1511 advocata
951 1458 1113 1512 etiam
1152 1459 1359 1514 Domini
1400 1459 1599 1515 virtute
1635 1461 1784 1517 dam.

185 1556 425 1609 navet-at,
466 1562 531 1601 ne
563 1546 788 1604 lnnnana
825 1549 1089 1606 sententia
1121 1551 1409 1607 videretur.
1439 1551 1590 1607 Lusit
1630 1555 1787 1624 igitur

183 1646 240 1692 et
263 1636 333 1695 de
356 1652 454 1696 Suo
482 1641 697 1709 spiritu,
726 1653 776 1698 et
804 1642 871 1699 de
897 1643 1150 1700 Ecclesia:
1179 1646 1370 1715 angelo
1398 1646 1497 1718 (n),
1521 1648 1657 1704 etde
1683 1650 1786 1702 vir-

185 1739 299 1787 tute
328 1732 558 1801 Domini,
574 1734 619 1790 si
639 1735 781 1805 quod
799 1735 867 1793 de
881 1737 1107 1795 consilio
1124 1754 1309 1795 eorum
1333 1743 1784 1809 pronuntiaverat,

184 1825 423 1880 rescidit.

264 2009 321 2067 Si
353 2012 513 2066 etiam
541 2013 817 2084 sequentia
847 2014 992 2070 illius
1014 2015 1263 2085 Epistolas
1287 2015 1352 2071 ad
1382 2017 1787 2074 intentationem

186 2102 431 2170 Apnslvtli
453 2105 733 2171 extendas,
763 2119 861 2161 nec
909 2108 1019 2177 ipsa
1051 2109 1511 2177 comparabuntur
1556 2111 1625 2166 ad
1653 2112 1786 2166 obli-

189 2196 507 2253 terationcm
538 2200 749 2264 incesti,
781 2215 850 2256 ne
886 2210 942 2256 et
986 2201 1070 2256 hic
1121 2201 1452 2257 snli'undatur
1502 2205 1792 2273 Apostolus

188 2294 545 2361 posteriorum
574 2293 977 2365 incongruentia
1019 2310 1295 2351 sensuum.
1324 2296 1491 2365 Quale
1534 2308 1615 2353 est
1648 2299 1789 2352 enim

186 2392 249 2439 ut
269 2397 391 2438 cmu
412 2383 641 2439 maxime
664 2385 872 2441 incesto
896 2384 1207 2442 fornicatori
1240 2388 1629 2456 postliminium
1681 2392 1789 2446 lar-

184 2475 334 2545 gitus
390 2474 769 2532 ecclesiastica:
801 2478 971 2548 pacis,
1017 2479 1195 2532 statim
1227 2480 1507 2550 ingesserit
1534 2480 1602 2536 de
1642 2499 1793 2537 aver-

186 2568 401 2623 satione
431 2568 911 2636 innutnulitiarum,
939 2570 1009 2627 de
1036 2574 1407 2641 amputatiune
1438 2576 1787 2641 maculartnn,

186 2656 261 2713 de
289 2658 665 2716 exhortatione
701 2662 1194 2728 sanctimoniarnm,
1225 2667 1374 2733 quasi
1416 2667 1546 2720 nihil
1574 2678 1791 2723 eontra-

189 2751 332 2805 rium
357 2750 519 2805 Paulo
541 2761 666 2808 ante
693 2752 1027 2811 decreverit?
1053 2757 1313 2827 Compara
1339 2757 1568 2830 denique
1586 2776 1652 2816 an
1678 2763 1795 2830 ejus

188 2845 263 2897 sit
288 2843 503 2898 dcere:
559 2844 837 2917 Propterea
880 2848 1114 2903 habentes
1162 2850 1577 2906 ministrationem
1623 2854 1791 2921 isllttn,

188 2936 469 2990 secundum
498 2940 635 3008 quod
664 2938 1059 2993 misericordiam
1083 2945 1335 2996 consecuti
1359 2961 1550 3009 smmis,
1584 2962 1683 3000 non
1709 2950 1796 2999 tle-

192 3026 417 3092 ﬁcimus,
449 3028 537 3081 sed
574 3028 868 3083 abdicatum
897 3034 1095 3085 occulta
1125 3032 1385 3088 dedecoris
1428 3034 1492 3105 (ll
1526 3037 1669 3105 Con,
1704 3039 1789 3105 iV,

193 3116 346 3188 1,2);
375 3121 462 3189 qui
484 3136 587 3173 non
616 3120 895 3177 dedecoris
922 3134 1148 3190 tantum,
1176 3126 1271 3181 sed
1295 3136 1351 3181 et
1378 3129 1593 3183 sceleris
1621 3135 1792 3185 maui-

191 3214 395 3268 lestutn
410 3214 807 3271 dedamnaverit
823 3217 841 3285 (
855 3220 869 3270 l
884 3215 981 3290 )(b)
1000 3237 1010 3271 :
1026 3234 1092 3273 an
1107 3219 1347 3288 ejusdem
1369 3223 1438 3277 sit
1452 3223 1795 3294 (‘2)escusare

192 3304 431 3374 aliquam
478 3308 860 3378 impudicitiam
889 3312 976 3380 qui
1008 3312 1147 3367 inter
1176 3312 1358 3368 titulos
1397 3315 1636 3370 laborum
1666 3333 1792 3371 sno-
1820 3306 1866 3369 C

196 3411 343 3458 rum.
376 3410 492 3468 post
537 3399 812 3470 angustias
838 3411 996 3473 atque
1034 3419 1331 3474 pressuras,
1366 3416 1484 3475 post
1519 3408 1714 3477 jejunia
1742 3420 1796 3465 et

196 3489 430 3559 vigilias.
458 3493 825 3547 castimoniam
850 3510 1061 3565 quoque
1092 3496 1391 3566 prmdicarit
1429 3499 1495 3570 (ll
1531 3498 1674 3563 Con,
1707 3501 1794 3565 \‘l,

196 3582 260 3648 5,
282 3582 466 3655 seqq.);
492 3600 557 3638 an
573 3585 810 3655 ejusdem
836 3588 906 3641 sit
920 3589 1160 3658 recipere
1188 3590 1238 3643 in
1258 3593 1795 3649 conununicationem

197 3675 466 3744 reprobus
489 3690 750 3747 quosque,
781 3677 869 3747 qui
895 3679 1120 3733 scribat:
1157 3679 1286 3746 Qnte
1311 3683 1443 3736 enim
1473 3684 1683 3739 societas
1704 3686 1797 3757 ju-

196 3767 356 3821 stitia:
368 3778 413 3821 et
430 3768 725 3847 iniquitati?
751 3787 865 3840 qua:
882 3781 1049 3825 autem
1066 3776 1453 3830 conuuunicatio
1470 3777 1572 3831 luci
1592 3788 1637 3832 et
1667 3789 1798 3834 teuc-

199 3861 336 3915 bris?
368 3860 494 3927 Qua:
521 3865 851 3916 consonantia
872 3863 1072 3919 Christo
1101 3878 1147 3919 et
1177 3866 1382 3934 Belial;
1411 3882 1499 3924 aut
1533 3889 1645 3942 qua:
1674 3891 1797 3941 pars

201 3951 348 4019 ﬁdeli
386 3967 499 4003 cum
526 3952 761 4019 infideli?
789 3955 886 4007 Aut
932 3956 1043 4025 quis
1070 3973 1342 4013 consensus
1385 3965 1573 4031 templo
1614 3963 1706 4019 Dei
1756 3976 1800 4019 et

202 4044 361 4098 idolis
387 4044 548 4107 (Ibid.
578 4046 809 4114 H—lti)?
848 4048 1035 4104 Nonne
1075 4066 1388 4110 constanter
1416 4056 1601 4113 audire
1641 4060 1803 4114 debe—

206 4136 319 4191 bit:
358 4138 419 4191 Ει
444 4140 712 4208 quomodo
758 4142 1017 4197 discernis
1055 4160 1174 4215 qua:
1220 4161 1380 4218 supra
1414 4151 1597 4208 incesti
1644 4155 1803 4210 rem.

210 4229 417 4285 Iutionc
478 4230 747 4299 junxisti'!
817 4234 906 4289 illo
957 4238 1098 4290 enint
1168 4254 1556 4310 concorporato
1623 4262 1805 4303 rursus

204 4320 491 4389 (Ecclesia‘,
544 4332 599 4377 ct
652 4323 853 4393 justitia
913 4343 1034 4382 cum
1104 4330 1381 4400 iniquitate
1428 4336 1681 4400 sociatur,
1754 4349 1807 4394 et

210 4414 450 4468 tenebrat
513 4428 633 4469 cum
699 4417 815 4473 luce
864 4423 1277 4488 communicant,
1336 4434 1388 4479 et
1467 4427 1626 4483 Belial
1678 4446 1808 4487 eon-

209 4514 374 4559 sonat
417 4502 652 4571 Christo,
700 4519 755 4563 et
811 4510 1039 4567 inlidelis
1087 4530 1207 4568 eum
1265 4517 1403 4572 ﬁdeli
1476 4534 1807 4579 sacramenta

205 4599 518 4670 participat.
571 4600 635 4654 Et
677 4601 906 4657 viderint
958 4605 1129 4673 idola,
1173 4607 1286 4679 ipse
1336 4614 1519 4683 templi
1592 4616 1680 4671 Dei
1733 4621 1808 4674 vi-

1884 625 2067 687 lorum,
2097 623 2237 677 etilli
2260 634 2408 678 erunt
2430 624 2551 676 milii
2579 624 2816 693 populus.
2846 622 3066 693 Propter
3090 624 3227 695 quod
3238 624 3476 679 discedite

1884 718 1946 771 de
1975 718 2138 771 medio
2166 734 2357 780 eorum,
2396 718 2722 786 separamini,
2753 727 2799 771 et
2842 717 3155 772 immundum
3197 733 3261 772 ne
3291 718 3473 788 attige-

1881 808 1993 862 rin's
2026 807 2187 877 (Ibid.
2222 810 2271 874 l,
2320 808 2427 881 l7).
2482 808 2594 865 lloc
2620 824 2831 880 quoque
2871 809 3101 877 evolvis,
3142 809 3472 879 oAposIole,

1886 913 1942 957 ut
1961 919 2079 958 eum
2102 904 2330 958 maxime
2355 905 2467 974 ipse
2495 914 2639 958 tanto
2666 903 3116 958 itntnnntlitiarum
3147 903 3334 974 gurgiti
3365 918 3475 956 ma-

1886 1015 2010 1053 tunu
2035 999 2217 1061 tmdis,
2248 1008 2301 1054 et
2326 998 2497 1053 adhuc
2525 998 2853 1068 superdicis:
2889 996 3142 1053 Habentes
3170 999 3323 1069 igitur
3343 1014 3436 1065 pro
3455 1027 3467 1037 -

1885 1092 2171 1145 missionem
2199 1092 2369 1159 istam,
2397 1091 2586 1157 dilecti,
2611 1090 2936 1147 emundcmus
2962 1107 3051 1145 nos
3081 1089 3142 1144 ab
3168 1091 3305 1145 οηιηὶ
3324 1090 3485 1164 inqui-

1887 1197 2119 1241 namento
2147 1186 2315 1240 carnis
2353 1196 2399 1240 ct
2429 1186 2661 1254 spiritus,
2695 1186 3009 1255 perﬁcientes
3054 1186 3400 1239 castimoniam
3428 1184 3478 1236 in

1888 1277 1984 1332 Dei
2036 1279 2112 1347 (5)
2168 1280 2344 1333 timore
2396 1278 2460 1349 (Il
2515 1276 2906 1347 Cor.,Vll,l).
2954 1277 3063 1331 Oro
3116 1285 3186 1339 te,
3211 1277 3298 1345 qui
3354 1276 3479 1331 talia

1890 1371 2053 1440 inﬁgit
2082 1372 2345 1426 utentibus
2377 1372 2594 1432 nostris.
2621 1378 2963 1425 revocaverat
2990 1368 3216 1439 aliquem
3244 1365 3483 1422 fornica-

1890 1474 2057 1519 torem
2084 1465 2135 1517 in
2170 1464 2491 1519 l‘icclesiatn?
2533 1480 2598 1517 an
2632 1462 2750 1517 ideo
2778 1462 2981 1528 scribit,
3014 1476 3079 1516 ne
3107 1460 3197 1517 tibi
3227 1476 3368 1517 nunc
3391 1476 3483 1515 re-

1891 1572 2110 1612 vocasse
2142 1557 2415 1612 videatur?
2447 1556 2589 1620 lla‘c,
2632 1554 2787 1610 sicuti
2814 1563 2868 1609 et
2910 1555 3192 1625 prmteritis
3222 1554 3483 1625 praescri—

1890 1648 2037 1713 bere,
2087 1649 2154 1702 ita
2195 1658 2249 1702 et
2295 1647 2639 1717 sequentibus
2682 1645 3028 1716 pratjndicarc
3072 1645 3376 1709 debebunt;
3430 1645 3481 1699 in

1892 1743 2049 1795 linem
2094 1742 2234 1795 enim
2284 1740 2532 1810 Epistolte
2575 1739 2786 1793 dicens:
2820 1736 2902 1791 Ne
2945 1754 3121 1793 rursus
3161 1754 3275 1791 cum
3305 1754 3484 1792 venero

1893 1835 2118 1888 Itumiliet
2162 1850 2239 1887 me
2270 1832 2424 1899 Deus,
2474 1843 2520 1887 ct
2566 1833 2765 1903 lngram
2805 1832 2993 1885 multos
3035 1846 3205 1885 eorum
3240 1830 3328 1901 qui
3369 1838 3489 1883 ante

1819 1921 1867 1980 Β
1896 1927 2227 1995 deliquerunt,
2273 1935 2319 1979 et
2349 1924 2688 1996 pcrnitentiam
2724 1940 2823 1977 non
2853 1933 3060 1994 egerunt
3085 1938 3237 1991 super
3272 1923 3490 1976 immun-

1893 2019 2019 2072 ditiu
2055 2035 2206 2087 quam
2235 2016 2565 2081 admiserunt,
2596 2016 2927 2084 fornicatione
2951 2024 2997 2069 et
3027 2015 3217 2069 vilitate
3250 2011 3313 2083 (ll
3342 2011 3483 2077 Cor.,

1893 2111 2009 2175 XII,
2037 2109 2163 2181 ﬁl);
2196 2126 2299 2164 non
2333 2110 2511 2180 utique
2540 2108 2874 2179 recipiendos
2901 2106 3193 2169 constituit,
3226 2104 3269 2159 si
3321 2105 3489 2174 par-i-

1897 2207 2111 2258 tentiatn
2155 2205 2396 2269 inissent,
2429 2218 2564 2272 quos
2618 2204 2669 2256 in
2718 2202 2951 2256 Ecclesia
2994 2202 3304 2255 inventurus
3348 2208 3486 2263 erat,

1896 2297 1991 2355 sed
2022 2296 2277 2368 lugendos
2308 2305 2359 2349 et
2404 2298 2519 2349 sine
2548 2294 2709 2348 dubio
2755 2292 3042 2362 ejiciendus
3064 2334 3076 2358 ,
3113 2294 3183 2365 (c)
3216 2301 3271 2345 ut
3317 2292 3489 2361 pmai-

1899 2391 2114 2444 tentiam
2144 2388 2446 2459 perderent.
2483 2386 2549 2441 Et
2576 2397 2826 2440 czetcrum
2857 2400 2959 2438 non
2991 2383 3247 2453 competit
3278 2398 3398 2436 cum
3422 2381 3490 2434 de.

1898 2482 2379 2537 Cututnunicatione
2409 2478 2607 2550 aliquid
2656 2479 2741 2532 hic
2770 2476 3089 2537 ostendisse,
3135 2475 3222 2543 qui
3251 2488 3368 2528 eam
3402 2489 3492 2525 su-

1900 2590 1988 2642 pra
2019 2572 2119 2627 luei
2147 2581 2202 2627 et
2227 2572 2477 2634 tenebris,
2503 2570 2722 2641 justitiat
2754 2578 2805 2625 et
2836 2567 3094 2641 iniquitati
3123 2574 3361 2636 negarat.
3386 2563 3489 2619 Sed

1898 2665 2195 2735 ignorantA
2208 2665 2467 2734 poslnlttttt
2498 2678 2684 2718 onincs
2711 2664 2815 2728 isti,
2844 2662 2932 2732 qui
2962 2661 3159 2730 aliquid
3187 2669 3369 2715 contra
3396 2675 3489 2712 tza-

1898 2769 2069 2813 turam
2139 2768 2296 2828 atque
2350 2757 2677 2828 propositum
2747 2754 2978 2813 hominis
3052 2755 3238 2822 ipsius,
3305 2764 3489 2807 contra

1900 2854 2119 2906 fortnam
2168 2863 2219 2906 et
2275 2852 2509 2923 regulam
2566 2850 2858 2905 doctrinam
2910 2849 3025 2915 ejus
3064 2847 3363 2919 intelligunt
3437 2856 3493 2899 ut

1899 2946 2192 2999 sanctitatis
2216 2945 2390 2997 ontuis
2422 2942 2578 2997 etiam
2610 2957 2674 2994 ex
2704 2942 2991 3008 semetips»
3020 2940 3350 3011 magistrum.
3385 2937 3454 2989 itu
3475 2965 3489 2975 -

1900 3039 2140 3108 puritatis
2160 3037 2329 3090 multis
2350 3045 2743 3091 esseeralorcnt
2772 3043 2823 3088 et
2848 3031 3196 3100 eXpiatorcm,
3227 3041 3278 3083 et
3302 3028 3496 3098 ubique

1899 3134 2077 3193 L'tlctu,
2119 3132 2274 3186 citius
2309 3131 2531 3195 incesto,
2575 3143 2732 3197 quam
2762 3126 2843 3198 (cl)
2873 3125 3027 3182 alicui
3060 3123 3357 3180 humaniori
3402 3137 3496 3177 reo

1900 3225 2193 3282 Ecclesium
2229 3222 2522 3279 reddidisse
2546 3228 2853 3290 presumat.

2466 3310 2694 3368 CAPUT
2743 3306 2881 3365 XVI.

1968 3411 2198 3467 Necesse
2240 3418 2321 3463 est
2356 3407 2515 3479 igitur
2552 3421 2718 3475 usque
2759 3402 2863 3459 illis
2893 3401 3207 3472 Apostolum
3259 3398 3490 3465 ostendi,

1899 3520 2057 3577 quem
2075 3518 2174 3573 ego
2192 3513 2241 3555 ct
2264 3503 2315 3555 in
2339 3499 2570 3555 secunda
2585 3496 2982 3554 Corinthiorum
3007 3494 3165 3549 talem
3186 3492 3491 3559 delendam,

1900 3598 2111 3667 qualem
2142 3597 2191 3650 in
2220 3593 2468 3648 omnibus
2495 3589 2665 3645 literis
2701 3588 2856 3654 novi,
2887 3586 2973 3657 qui
2996 3595 3050 3642 et
3080 3586 3131 3641 in
3164 3585 3349 3655 prima,
3381 3584 3494 3654 pri-

1904 3705 2021 3743 mus
2053 3690 2286 3741 tltlltllltll
2332 3684 2584 3753 templum
2628 3681 2717 3736 Dei
2748 3679 3045 3735 dedicavit:
3078 3678 3197 3733 Non
3228 3675 3365 3731 scitis
3409 3691 3494 3730 vos

1904 3781 2143 3851 templum
2171 3778 2263 3833 Dei
2284 3793 2406 3841 esse,
2430 3784 2478 3830 et
2507 3777 2558 3828 in
2588 3773 2722 3828 vobis
2744 3771 3014 3825 Dominum
3034 3771 3263 3824 habitare
3281 3768 3323 3843 (I
3349 3769 3493 3835 Con,

1904 3872 1990 3934 Ill.
2046 3870 2175 3940 i6)?
2215 3869 2303 3938 qui
2355 3876 2409 3922 et
2458 3861 3011 3934 tenqilosaueiendo,
3065 3859 3497 3930 puritle'tndnque

1905 3964 2202 4019 atditualetu
2236 3962 2403 4031 legem
2432 3958 2680 4028 scripsit:
2720 3956 2782 4012 Si
2818 3956 2931 4027 quis
2956 3954 3197 4025 templum
3224 3951 3317 4006 Dei
3344 3953 3499 4007 vitia-

1905 4059 2046 4121 verit,
2067 4055 2253 4110 ritiubit
2277 4054 2421 4107 illum
2446 4050 2583 4105 Deus
2602 4067 2618 4104 :
2635 4048 2873 4119 templum
2899 4047 3029 4101 enim
3053 4046 3146 4100 Dei
3162 4054 3389 4100 sanctum
3404 4052 3482 4100 est

1907 4154 2040 4225 quod
2077 4152 2193 4207 estis
2236 4165 2321 4202 vos
2355 4145 2513 4217 (Ibid.
2570 4144 2676 4211 l7).
2706 4147 2820 4211 Age
2857 4140 2966 4211 jam
2998 4140 3115 4209 quis
3159 4138 3378 4192 omnino
3418 4135 3499 4189 vi-

1910 4248 2092 4301 tiatum
2140 4244 2248 4297 Deo
2284 4235 2677 4306 redintegravit,
2724 4232 2773 4287 id
2803 4242 2887 4287 est
2924 4231 3163 4285 traditum
3195 4227 3407 4284 Sntana:
3446 4227 3501 4281 in

1910 4339 2164 4393 interitum
2194 4334 2383 4397 carnis,
2411 4347 2531 4387 cum
2561 4328 2760 4384 idcirco
2794 4325 3181 4381 substruxerit:
3229 4321 3395 4377 Nemo
3414 4338 3501 4376 se-

1912 4432 2063 4486 ducat
2107 4427 2422 4497 semetipsum
2449 4421 2608 4493 (Ibid.
2638 4420 2748 4491 18).
2793 4418 2844 4473 id
2882 4426 2986 4482 est,
3018 4430 3176 4471 nemo
3215 4419 3505 4485 praesumat

1914 4526 2151 4581 vitiatum
2186 4522 2294 4576 Deo
2336 4512 2683 4583 redintegrari
2712 4512 2888 4567 denuo
2914 4522 3105 4580 posse;
3145 4507 3281 4563 sicut
3317 4519 3503 4561 rursus

1918 4619 2051 4671 inter
2080 4626 2294 4679 caetera,
2323 4612 2432 4668 imo
2460 4619 2513 4664 et
2539 4619 2661 4663 ante
2685 4614 2901 4672 ert-tera,
2929 4600 3167 4658 moechos
3191 4610 3239 4654 et
3272 4597 3504 4652 fornica-

207 4689 377 4744 tiator
414 4692 464 4745 in
512 4691 768 4762 templum
828 4696 919 4751 Dei
966 4700 1233 4754 convenit.
1267 4700 1400 4758 Nam
1442 4715 1496 4760 et
1546 4708 1660 4764 hic:
1715 4709 1811 4765 Vos
1835 4694 2058 4765 Diores
2091 4716 2145 4762 et
2184 4705 2374 4760 molles
2406 4712 2457 4757 et
2503 4700 2700 4755 mascnl
2727 4715 2858 4755 rum
2892 4694 3264 4752 concubitores
3307 4706 3507 4763 negans

206 4784 371 4848 enim,
436 4784 625 4855 inquit,
675 4788 793 4841 estis
845 4790 1086 4860 templum
1142 4791 1241 4847 Dei
1306 4796 1438 4861 vivi;
1478 4799 1600 4853 dicit
1650 4803 1812 4857 enim:

1916 4818 2134 4874 regnum
2184 4807 2582 4861 consecuturos,
2649 4791 2934 4864 praunisit:
2984 4788 3064 4844 Ne
3101 4788 3179 4863 (ι)
3230 4784 3517 4843 erraveritis

1460 4914 1838 4980 LECTIONES
1875 4918 2289 4980 VARIANTES.

288 5020 302 5082 (
315 5025 359 5075 ll
391 5022 802 5077 Predamnavcrit
815 5028 916 5078 Lat.

283 5085 358 5149 (2)
392 5086 469 5137 sn
486 5084 615 5139 abest
636 5101 668 5138 a
691 5091 815 5140 Par.

1981 5038 2053 5101 (3)
2090 5036 2228 5101 Fidei
2251 5032 2417 5101 Geten;

1983 5088 2055 5164 (i')
2092 5098 2194 5150 Nec
2219 5094 2364 5149 Rhea.
2387 5088 2579 5145 Obertlt.
2608 5090 2749 5151 LcOp.

1600 5201 2165 5262 COMMENTARIUS.

213 5296 505 5365 mentorum
543 5287 1090 5365 dispositionesvalere
1115 5300 1262 5365 secta
1279 5308 1503 5365 meorum
1532 5304 1813 5365 temporum

216 5374 327 5414 non
371 5358 579 5427 patitur.
608 5358 819 5415 Sectam
848 5360 1010 5427 igitur
1042 5362 1283 5434 Λροςιυιί
1330 5364 1460 5418 dicit
1486 5358 1817 5434 quod'paulo

219 5438 624 5503 postnatnram
647 5441 814 5503 (atque
856 5433 1181 5503 proposition
1212 5436 1476 5503 Apostoli,
1505 5433 1731 5491 formam
1766 5447 1819 5491 et

217 5500 465 5575 iesnlam
491 5500 851 5556 doctrinarum
888 5502 1022 5571 ejus.
1048 5501 1137 5558 Sic
1162 5500 1351 5575 supra:
1381 5522 1443 5562 ea:
1463 5512 1631 5579 [arma
1662 5506 1819 5563 Petri.

1607 5578 1727 5634 th.

303 5644 377 5713 (ει)
429 5641 504 5697 De
522 5641 801 5719 _Eeclesitc_
819 5644 1025 5719 angelo.
1068 5644 1345 5719 Tanquam
1391 5652 1616 5719 angelus
1643 5649 1828 5719 pnesit

223 5712 732 5789 congregationibus
764 5712 1047 5789 Ecclesiae;
1082 5718 1183 5789 nisi
1206 5712 1357 5773 iualit
1382 5712 1503 5789 quis
1534 5712 1738 5777 referre
1762 5720 1827 5773 ad

225 5781 540 5863 episcopum
586 5781 1027 5863 _Co_rintbiorum,_
1069 5788 1275 5863 eadem,
1306 5781 1487 5863 phrasi
1548 5808 1706 5863 quant
1766 5792 1834 5846 ad

227 5854 438 5935 septem
476 5854 1095 5935 ﬁcalesiarnpangelos
1120 5854 1392 5917 scribit'B.
1423 5854 1662 5920 Joannes
1700 5878 1832 5935 apo-

226 5925 421 5994 stotus,
453 5929 588 5999 Αρο-
635 5926 685 6000 ,ΙΙ
716 5941 770 5983 et
800 5925 885 5985 Ill.
919 5925 1053 5984 Pint.

1987 5296 2141 5375 CAP.
2181 5294 2276 5353 XV
2288 5334 2300 5346 .
2315 5366 2325 5375 _
2341 5323 2409 5334 —
2445 5289 2558 5375 (1)).
2576 5283 3517 5375 Dledautnaoerit.‘.Sententianidam-

1919 5370 2153 5425 nationis
2194 5358 2519 5422 rescisseri'.
2541 5362 2680 5417 lnlra
2697 5361 2873 5433 dicet,
2904 5358 3273 5433 redintegravit,
3306 5371 3517 5411 concor-

1925 5450 2159 5511 paratum
2197 5454 2369 5511 rursus
2396 5433 2657 5511 Ecclesiae.
2683 5431 2814 5511 _RIG.

1999 5511 2073 5635 (c)
2103 5509 2170 5566 Ut
2199 5509 2540 5573 prenitentiam
2570 5503 2853 5572 perderent.
2884 5501 3099 5569 Absque
3131 5499 3232 5553 ulla
3262 5511 3373 5579 spe.
3400 5497 3524 5551 red-

2003 5599 2051 5635 ιιι
2077 5598 2120 5635 :e
2157 5582 2252 5634 sibi
2284 5591 2512 5635 minuam
2539 5574 2819 5630 Ecclesia:
2852 5571 3038 5635 quales
3078 5586 3232 5635 supra
3269 5568 3401 5621 dixit
3434 5572 3524 5635 je-

1930 5568 2120 5636 dendze
2157 5568 2252 5634 sibi
2284 5591 2512 5649 unquam
2539 5568 3232 5649 Ecelesigaqualesnsupra
3269 5568 3401 5649 dixit
3434 5572 3525 5649 je-

1935 5656 2086 5720 iuuas
2118 5652 2255 5723 pacis
2284 5639 2555 5720 tucrymas.
2597 5660 2718 5723 qug
2745 5639 2883 5723 nihil
2901 5641 3129 5723 amplius
3150 5639 3525 5723 alario-closer:

1935 5708 2056 5779 sinu
2088 5708 2333 5776 relatura:
2349 5763 2364 5785 ,
2391 5708 2551 5789 quam
2578 5708 3001 5789 publicationem
3021 5710 3315 5789 dedecoris.
3338 5708 3451 5789 lito.

2009 5795 2093 5868 (tl)
2135 5792 2296 5868 Alieni
2321 5779 2621 5868 ltuiitaniori
2650 5801 2754 5868 rco.
2806 5785 2941 5868 Quid
2985 5782 3125 5855 quod
3167 5780 3423 5853 pecc.tvit,
3475 5779 3527 5834 itl

1941 5857 2191 5940 peccasse
2214 5862 2516 5919 humanitus
2539 5858 2797 5913 videatur.
2831 5857 2948 5911 ltro.
