4220 6492
733 403 865 462 1011

2149 401 2606 462 TERTULLIANI

3882 395 4038 460 Nili

732 522 775 591 (I
808 521 950 587 Con,
970 519 1058 585 Vl,
1081 519 1133 585 9,
1165 520 1274 590 10),
1295 520 1501 578 scilicet
1527 518 1574 578 si
1601 519 1914 592 putaveritis
1941 535 2033 576 cos
2062 535 2290 575 consecu
2352 525 2399 578 Λ
2431 520 2701 574 titneltitur
2726 535 2843 589 qum
2877 521 3198 590 ignoscetur.
3228 521 3296 576 Et
3322 527 3496 575 tamen
3528 519 3792 592 ignovisse
3823 537 3880 575 se
3907 538 4042 591 pm—

734 625 900 667 turos.
936 613 1137 681 Quibus
1163 625 1337 668 autem
1364 630 1582 684 regnum
1602 614 1870 674 adimitur,
1898 613 2076 682 utique
2105 629 2200 664 nec.
2223 614 2326 664 vita

736 704 1078 772 permittitur,
1107 721 1225 774 quze
1259 707 1389 760 inest
1414 721 1596 775 regno.
1629 705 1800 758 Etiam
1834 709 2112 778 ingerens:
2140 704 2243 757 Sed
2277 705 2328 757 iu

733 796 838 848 Iure
856 797 1053 866 quidem
1067 797 1254 864 fuistis;
1271 803 1358 850 sed
1387 799 1545 850 abluti
1559 798 1694 861 estis,
1711 798 1797 850 sed
1819 797 2120 863 sancti/irati
2140 797 2256 848 estis
2277 796 2328 848 in

732 890 932 941 nomine
961 887 1164 942 Domini
1181 890 1336 941 nostri
1357 888 1387 940 J
1396 906 1478 941 esu
1493 888 1704 952 Christi,
1727 890 1834 940 etin
1853 889 2031 955 spiritu
2058 886 2147 940 Dei
2171 892 2328 942 nostri

733 980 893 1050 (Ibid.
929 983 1040 1048 H).
1075 982 1283 1050 Quanto
1312 982 1502 1036 delicta
1536 983 1632 1034 ista
1663 991 1782 1034 ante
1813 981 2076 1036 lavactum
2112 990 2330 1049 accepto

731 1077 870 1136 facit,
926 1086 1070 1130 tanto
1116 1087 1233 1145 post
1280 1079 1544 1131 lavacrum
1597 1075 1977 1129 irremissibilia
2021 1075 2325 1134 Constituit;

730 1170 988 1238 siquidem
1009 1170 1184 1223 denuo
1202 1169 1342 1221 ablui
1382 1185 1483 1220 nou
1515 1168 1656 1222 licet.
1683 1170 1922 1236 Agnosco
1945 1177 1996 1220 et
2025 1169 2075 1220 in
2103 1183 2328 1235 sequen-

733 1263 872 1313 tilius
904 1261 1148 1320 Paulum.
1189 1261 1491 1314 columnam
1526 1261 1850 1314 immobilem
1892 1259 2325 1328 disciplinarum:

730 1354 836 1406 Cibi
860 1355 1100 1418 ventri,et
1128 1365 1294 1408 venter
1315 1355 1472 1416 cibis;
1499 1352 1635 1408 Deus
1663 1362 1707 1406 et
1739 1353 1870 1405 hunc
1896 1361 1941 1405 et
1968 1354 2082 1406 illos
2104 1353 2330 1420 conﬁcit;

728 1462 910 1514 corpus
936 1456 1102 1498 autem
1131 1462 1227 1498 non
1260 1445 1602 1514 fornicationi,
1636 1445 1723 1497 sed
1754 1443 1864 1498 Deo
1888 1442 2048 1515 (Ibid.
2088 1446 2195 1514 l5).
2227 1444 2330 1497 Fa-

729 1531 920 1583 ciamus
942 1531 1082 1583 enitu
1112 1531 1382 1592 hominem,
1421 1530 1495 1584 ait
1537 1529 1698 1591 Deus,
1729 1531 1797 1582 atl
1824 1531 2092 1599 imaginem
2121 1543 2166 1582 et
2191 1533 2330 1584 simi-

730 1621 990 1673 litudinem
1019 1633 1242 1674 nostram
1266 1637 1283 1675 :
1313 1631 1358 1674 et
1387 1623 1502 1690 fecit
1525 1621 1775 1674 hominem
1806 1620 1940 1674 Deus
1965 1622 2031 1674 ad
2059 1623 2330 1692 imaginem

729 1724 773 1765 et
794 1715 1173 1768 similitudinem
1214 1714 1306 1773 Dei
1337 1717 1450 1784 fecit
1483 1715 1625 1767 illaut
1655 1714 1829 1784 (Gem,
1865 1714 1903 1773 Ι.
1949 1713 2038 1776 26,
2071 1714 2185 1783 27).
2219 1713 2329 1768 Do-

729 1807 895 1859 minus
936 1807 1134 1873 corpori
1164 1804 1205 1871 (l
1236 1803 1379 1867 Cor.,
1428 1804 1512 1871 Vl,
1553 1805 1675 1874 i5);
1722 1817 1766 1857 et
1793 1821 1956 1858 sermo
1994 1808 2160 1869 cnim,
2211 1823 2330 1859 caro

2436 618 2500 666 lit.
2528 625 2610 666 tttr
2646 615 2968 668 tnttrimonii
3014 630 3187 676 usum,
3224 629 3326 668 non
3371 614 3697 682 imperasse:
3729 615 3837 667 vult
3882 615 4039 667 enim

2432 722 2617 758 onmes
2647 706 2743 758 sibi
2776 707 3052 760 adharrere
3092 704 3252 776 (Ibid.
3284 705 3359 774 7).
3406 705 3460 760 Si
3491 715 3668 759 autem
3702 705 3843 759 licita
3879 708 4042 775 igno-

2432 807 2670 862 sruutur,
2698 799 2872 852 illicita
2896 799 2982 866 qui
3012 799 3258 866 Sperant?
3283 797 3518 867 Immptis
3547 814 3756 867 quoque
3781 808 3829 853 ct
3858 800 4041 854 viduis

2433 890 2628 944 bonum
2658 907 2777 945 esse
2807 891 2932 944 dic-it
2968 893 3216 961 exemplo
3246 891 3362 961 cjus
3391 907 3766 960 perseverare;
3819 892 3862 944 si
3907 907 4042 945 vero

2432 984 2741 1045 deﬁcerent,
2773 985 2992 1049 nubere,
3042 985 3163 1054 quia
3215 997 3394 1052 praeest
3460 983 3534 1053 (-2)
3565 984 3746 1036 nubere
3770 1001 3926 1052 quam
3962 987 4043 1035 uri

2436 1079 2592 1147 (Ibid.
2629 1080 2681 1143 8,
2707 1078 2784 1146 9).
2815 1077 3015 1144 Quibus
3045 1092 3140 1130 oro
3169 1077 3622 1146 iglliiIUSliL‘lL‘rillS
3647 1086 3726 1130 est
3755 1077 3836 1129 uri
3852 1081 3874 1126 ‘.’
3899 1093 4042 1130 con-

2433 1171 2796 1238 cupiscentize,
2844 1186 2908 1222 an
2959 1169 3169 1240 pastae?
3218 1171 3433 1237 Atquin,
3476 1169 3516 1222 si
3552 1168 3831 1222 fornicatio
3875 1169 4048 1223 habet

2433 1264 2662 1328 veniam,
2695 1279 2799 1316 non
2833 1262 2935 1316 urit
2958 1261 3381 1330 concupiscentia
3406 1262 3550 1330 ejus:
3585 1263 3822 1328 Apostoli
3855 1273 4045 1316 autem

2434 1354 2601 1424 magis
2629 1364 2709 1407 est
2741 1369 2911 1423 poma:
2942 1354 3146 1424 ignibus
3181 1352 3481 1421 providere.
3513 1352 3660 1420 Quod
3693 1355 3735 1407 si
3767 1369 3926 1422 parua
3962 1364 4048 1406 est

2433 1462 2549 1514 qua:
2581 1448 2706 1507 urit,
2746 1462 2874 1516 ergo
2905 1445 3110 1498 veniam
3159 1459 3262 1497 noa
3318 1444 3474 1498 habet
3525 1443 3824 1507 fornicatio,
3875 1460 4046 1512 quam

2435 1548 2612 1592 mutet
2645 1553 2818 1606 ptem.
2853 1538 3056 1590 Interea
3088 1546 3140 1590 ct
3167 1536 3449 1589 divortium
3495 1537 3801 1604 prohibens,
3837 1552 3936 1603 pro
3980 1550 4048 1587 eo

2433 1641 2523 1686 aut
2560 1631 2831 1685 viduitatis
2879 1631 3354 1700 persevcrantiam,
3406 1639 3495 1682 aut
3544 1630 4047 1683 reconciliationem

2437 1725 2577 1793 pacis
2599 1723 2866 1778 dominico
2898 1733 3161 1790 pracepto
3180 1721 3436 1775 adversus
3458 1722 3738 1776 tumcuiam
3761 1730 4044 1790 procurat,

2433 1818 2554 1886 quia
2584 1817 2667 1885 qui
2688 1817 2932 1867 dimiserit
2954 1832 3157 1868 uxorem
3181 1826 3360 1882 praeter
3381 1831 3614 1866 caussam
3639 1816 3883 1875 tuaac/tite,
3916 1815 4048 1881 facit

730 1903 892 1964 factus
917 1909 991 1953 est
1025 1898 1131 1969 (Jo.
1166 1898 1206 1962 Ι,
1245 1900 1262 1952 l
1289 1901 1356 1965 ’i).
1417 1896 1556 1952 Deus
1583 1908 1751 1951 autem
1783 1908 1828 1952 et
1858 1896 2134 1951 Dominum
2161 1900 2323 1952 susci-

2441 1929 2541 1964 eam
2571 1911 2835 1971 mmchari;
2867 1919 2912 1963 et
2942 1911 3028 1978 qui
3056 1909 3316 1962 dimissam
3361 1925 3391 1960 a
3420 1909 3526 1961 uiro
3554 1908 3710 1969 ducit,
3757 1909 4050 1960 iniec/tatur

731 1993 875 2056 tavit,
923 2004 969 2044 et
1000 2009 1090 2046 nos
1138 1993 1392 2045 suscitabit
1433 2008 1522 2060 per
1547 1991 1776 2044 virtutem
1804 2008 1947 2044 suam
1979 1992 2021 2054 (1
2063 1991 2201 2057 Con,
2235 1992 2324 2058 Vl,

732 2085 853 2151 II);
880 2095 1092 2151 preptcr
1111 2084 1349 2153 corporis
1377 2083 1576 2138 scilicet
1601 2099 1790 2136 nexum
1816 2099 1934 2137 cum
1960 2085 2070 2138 illo.
2095 2083 2158 2136 Et
2186 2084 2324 2138 ideo:

732 2175 853 2230 Non
898 2177 1037 2231 scitis
1083 2194 1296 2248 corpora
1335 2187 1497 2232 restra
1535 2177 1753 2230 membra
1781 2175 1968 2232 Christi
2016 2177 2175 2249 (Ibid.
2211 2179 2332 2247 iii)?

728 2273 848 2339 quia
881 2281 934 2326 et
958 2271 1204 2325 Christus
1236 2271 1325 2324 Dei
1359 2271 1612 2339 templum
1641 2287 1656 2324 :
1690 2269 1912 2324 Even-tite
1941 2271 2182 2340 templum
2211 2272 2324 2335 hoc,

728 2374 774 2416 et
805 2381 893 2435 ego
921 2364 1051 2416 illud
1071 2365 1122 2416 in
1149 2364 1316 2417 triduo
1338 2363 1639 2416 resuscitabo
1664 2363 1773 2434 (.Io.
1803 2406 1815 2425 ,
1837 2363 1900 2425 Il,
1929 2363 2036 2432 19).
2081 2363 2330 2433 Auferens

739 2456 961 2532 membra
987 2455 1192 2518 Christi,
1227 2457 1410 2525 faciant
1432 2457 1652 2509 membra
1673 2457 2008 2526 fornicariae?
2039 2455 2159 2509 Non
2192 2458 2332 2510 scitis

734 2552 870 2620 quod
897 2551 983 2619 qui
1004 2549 1352 2620 adglutinatur
1377 2548 1688 2620 fornicariw,
1719 2566 1872 2601 unum
1895 2565 2077 2618 corpus
2099 2549 2332 2617 efﬁcitur?

737 2643 902 2699 Erunt
920 2643 1049 2696 enim
1074 2641 1173 2695 duo
1193 2642 1244 2694 in
1267 2657 1415 2694 unam
1430 2656 1652 2694 carnem.
1671 2640 1770 2705 Qui
1801 2649 1966 2692 autem
1986 2641 2333 2710 adglutinutur

739 2735 977 2798 Domino,
1011 2750 1140 2787 unus
1168 2745 1236 2786 est
1265 2734 1494 2802 spiritus.
1525 2732 1705 2803 Fugite
1724 2735 2105 2803 fornicationem
2125 2733 2164 2803 (I
2187 2732 2330 2798 Cor.,

745 2828 831 2892 Vl,
881 2828 1092 2896 15-18).
1129 2825 1183 2881 Si
1213 2826 1563 2880 rettocabilcttt
1605 2826 1776 2891 venia,
1819 2827 2085 2896 quomodo
2117 2828 2330 2898 fugiam,

737 2921 979 2975 utmchus
1019 2920 1195 2973 denuo
1237 2917 1479 2973 iuturus?
1509 2919 1632 2972 nihil
1681 2917 1974 2988 proiecero,
2011 2917 2054 2974 si
2093 2935 2209 2974 eam
2257 2920 2333 2973 l'u-

734 3026 899 3082 gero;
934 3027 1094 3065 unum
1135 3027 1228 3066 cro
1254 3026 1468 3080 corpus,
1497 3011 1581 3064 cui
1627 3012 2068 3066 conuuunicatnlo
2107 3013 2334 3082 adgluti-

739 3103 922 3157 nabor.
952 3103 1112 3157 Omne
1131 3105 1363 3157 delictum
1378 3104 1514 3175 quod
1527 3104 1783 3156 admiserit
1805 3104 1972 3166 homo,
1994 3116 2134 3157 extra
2153 3123 2335 3176 corpus

741 3209 838 3258 est;
877 3198 963 3267 qui
983 3208 1150 3250 autem
1179 3198 1482 3266 fornicatur,
1509 3196 1559 3248 in
1589 3211 1769 3266 corpus
1795 3213 1940 3249 suum
1972 3207 2142 3266 peccat
2171 3197 2331 3271 (Ibid.

2435 2002 2668 2073 (Matth,
2704 2003 2767 2065 V,
2799 1997 2910 2071 52).
2941 2003 3147 2066 Quanta
3182 2001 3413 2054 remedia
3443 2000 3670 2069 Spiritus
3691 1999 3925 2054 Sanctus
3959 2001 4010 2052 in
4031 2029 4048 2040 ο

2432 2107 2654 2160 staural,
2686 2112 2750 2149 ne
2780 2095 2828 2148 id
2869 2095 3070 2150 scilicet
3097 2093 3274 2146 denuo
3305 2093 3633 2154 admittatur,
3652 2091 3792 2160 quod
3832 2091 4045 2159 igll‘lSCi

2434 2188 2611 2243 denuo
2651 2205 2754 2241 non
2795 2189 2935 2240 vult!
2980 2186 3096 2240 Jaui
3127 2187 3169 2239 si
3210 2200 3586 2254 usquequaque
3616 2185 3863 2252 Optimam
3910 2183 4049 2236 dicit

2435 2282 2625 2334 homini
2662 2282 2730 2333 sic
2779 2295 2924 2334 esse:
2951 2278 3170 2331 Junctus
3196 2294 3246 2330 es
3277 2279 3457 2340 uxori,
3502 2294 3562 2329 ne
3601 2279 3858 2346 qittesieris
3892 2275 4047 2328 soluo

2434 2375 2642 2438 tionem,
2697 2381 2755 2425 ιιι
2791 2372 3033 2426 maechia
3083 2371 3254 2425 locum
3307 2386 3410 2422 non
3463 2370 3578 2423 des.
3625 2369 3837 2422 Solutus
3877 2385 3933 2420 es
3981 2368 4048 2419 ab

2434 2481 2609 2527 uxore,
2658 2480 2718 2516 ne
2763 2464 3018 2532 quaesieris
3058 2479 3284 2524 uxorem,
3334 2473 3389 2514 ut
3441 2460 3897 2529 ojmortuuitatmn
3949 2460 4048 2512 tibi

2435 2573 2633 2614 serves.
2669 2557 2818 2624 Quod
2837 2567 2883 2610 et
2913 2558 2954 2610 si
2977 2556 3179 2609 duxeris
3207 2571 3434 2615 uxorem,
3469 2566 3512 2606 et
3543 2556 3584 2606 si
3613 2554 3839 2622 nupserit
3869 2554 4046 2622 virgo,

2437 2668 2535 2703 non
2555 2653 2748 2719 peccat;
2776 2665 3064 2718 pressurum
3087 2659 3250 2699 tamen
3278 2647 3446 2698 carnis
3469 2644 3716 2698 habebunt
3737 2645 4051 2708 hujusmodi

2440 2742 2479 2813 (l
2507 2743 2648 2807 Cor.,
2687 2741 2790 2803 VII,
2819 2741 2889 2794 26
2915 2740 3028 2808 28).
3089 2739 3151 2792 Et
3191 2741 3275 2792 hic
3307 2739 3558 2807 parcendo
3604 2737 3879 2805 permittit.
3920 2738 4048 2786 Cm-

2441 2846 2634 2898 terum,
2671 2846 2880 2902 tempus
2912 2835 2961 2886 in
2993 2833 3219 2887 Collecto
3245 2831 3536 2891 C()::Slilttit,
3570 2839 3623 2880 ut
3652 2840 3702 2883 et
3731 2830 3820 2897 qui
3851 2827 4050 2879 habent

2438 2945 2640 2992 uxores,
2674 2930 2744 2980 sic
2771 2929 2869 2980 sint
2897 2937 3136 2996 tanquam
3161 2941 3260 2978 non
3287 2925 3524 2977 habentes
3557 2923 3715 2994 (Ibid.
3756 2922 3878 2989 '29);
3909 2938 4053 2989 pric-

2440 3021 2551 3073 terit
2580 3022 2711 3073 enim
2738 3019 2937 3071 habitus
2966 3019 3118 3088 hujus
3151 3020 3328 3070 mundi
3355 3017 3514 3088 (Ibid.
3539 3017 3594 3070 5|
3613 3017 3650 3082 ),
3679 3014 3787 3083 jam
3831 3014 4053 3067 scilicet

2441 3129 2544 3166 non
2576 3111 2958 3167 desiderantis:
3001 3109 3217 3164 Crescite
3243 3121 3287 3162 et
3331 3108 3738 3178 Multiplicantini
3781 3104 3968 3176 (Gen,
4008 3104 4049 3170 Ι,

2438 3205 2551 3270 Q8).
2586 3205 2673 3258 Sic
2705 3205 2808 3256 vult
2836 3220 2930 3254 nos
2963 3214 3144 3270 pt'teter
3163 3203 3553 3255 sollicitudinem
3583 3203 3778 3274 degere,
3812 3201 3938 3268 quia
3971 3202 4056 3250 iu-

744 3288 851 3360 18).
877 3289 961 3343 'Ac
989 3305 1053 3341 nc
1085 3288 1185 3342 hoc
1227 3288 1425 3342 dictum
1454 3288 1505 3341 itt
1540 3288 1748 3343 licentit
1787 3289 2148 3344 fornicationis
2189 3291 2334 3343 iuVa-
2362 3300 2407 3362 ρ
2442 3297 2584 3365 nupti
2615 3296 2677 3348 de
2705 3293 2924 3348 Domino
2953 3307 3146 3356 curent,
3175 3293 3427 3370 quomodo
3460 3295 3687 3362 placeant
3715 3290 3846 3350 Deo;
3893 3294 4057 3358 nupti

743 3381 916 3436 dcrcs.
941 3390 995 3434 ut
1021 3385 1075 3437 ia
1099 3396 1208 3435 rem
1243 3389 1407 3440 tuam,
1438 3397 1540 3434 non
1573 3382 1800 3442 Dantini,
1831 3382 2141 3443 delirtnrus,
2166 3381 2338 3436 aufert

745 3484 795 3527 it‘.
825 3473 936 3535 tibi,
965 3483 1014 3526 et
1052 3472 1285 3536 Christo,
1320 3473 1456 3526 sicut
1485 3473 1840 3541 disposuerat,
1885 3473 2061 3542 adjicit
2088 3493 2099 3526 :
2143 3472 2208 3526 Et
2239 3491 2336 3526 non

743 3573 858 3626 estis
884 3574 1070 3634 vestri;
1098 3572 1274 3625 statim
1306 3587 1580 3641 apponens
1607 3591 1619 3627 :
1654 3571 1825 3639 Is'mpti
1851 3573 1982 3625 enim
2011 3573 2126 3624 estis
2155 3572 2333 3639 pretio,

744 3665 999 3732 Sanguine
1024 3663 1225 3718 scilicet
1256 3663 1494 3725 Domini;
1519 3663 1800 3732 gloriﬁcate
1819 3673 1862 3714 et
1889 3662 2044 3715 tollite
2072 3660 2339 3713 Dominam

743 3756 796 3809 in
826 3771 1037 3824 corpore
1064 3766 1226 3810 vestro
1256 3753 1414 3824 (Ibid.
1443 3755 1530 3823 t9,
1551 3754 1666 3822 9.0).
1697 3755 1807 3810 Hoc
1828 3754 1915 3824 qui
1941 3753 2192 3822 prmi-irit,
2221 3753 2341 3808 vide

747 3866 812 3901 :m
846 3848 1102 3918 ignoretit
1128 3849 1176 3901 ci
1204 3849 1291 3918 qtti
1314 3846 1653 3902 dedecoravit
1686 3847 1986 3908 Dominum,
2017 3857 2070 3900 et
2103 3846 2190 3916 qui
2228 3847 2309 3915 eje

746 3941 880 3992 cerit
909 3955 1029 3993 eum
1057 3940 1121 3993 de
1161 3955 1384 4008 corpore
1420 3954 1537 4003 suo,
1580 3947 1632 3993 et
1672 3938 1884 4006 quidem
1927 3954 2017 4007 per
2059 3938 2340 3993 incestum.
2391 4009 2394 4011 ἓ

748 4033 804 4085 Si
844 4033 921 4085 vis
948 4047 1161 4086 omnem
1191 4031 1430 4085 notitiam
1463 4031 1702 4100 Apostoli
1731 4030 1965 4094 ebibere,
1997 4041 2053 4084 ut
2081 4029 2342 4099 intel‘igas

751 4135 942 4193 quanta
1008 4125 1181 4178 securi
1237 4138 1478 4178 censura:
1525 4139 1738 4177 omnem
1801 4124 2008 4193 sylvam
2068 4123 2342 4176 libidinum

749 4221 937 4282 czedat,
993 4229 1044 4272 t‘l
1089 4219 1340 4283 eradicet,
1385 4227 1438 4273 et
1479 4219 1808 4284 excaudiect,
1851 4236 1916 4272 nc
1962 4219 2246 4289 quidquam
2277 4219 2344 4274 de

753 4312 984 4366 rezitlivo
1063 4316 1142 4384 (l)
1197 4312 1441 4367 fruticare
1500 4312 1786 4380 permittat,
1857 4310 2072 4382 adspice
2117 4313 2261 4366 illum
2314 4327 2343 4366 a

749 4405 889 4474 justa
922 4408 1066 4475 l'rugc
1098 4416 1322 4471 naturai,
1353 4423 1380 4459 a
1425 4406 1745 4460 matrimonii
1779 4406 1895 4460 dico
1932 4423 2108 4476 petito,
2142 4407 2344 4462 animas

751 4499 993 4566 jejunare
1015 4501 1336 4568 cupientem.
1372 4499 1446 4553 De
1460 4501 1638 4570 quibus
1655 4510 1820 4552 autem
1847 4501 2136 4566 scripsistis,
2165 4503 2344 4556 bonum

754 4602 823 4643 est
855 4591 1046 4643 homini
1076 4591 1334 4645 mulierem
1365 4607 1464 4644 non
1492 4592 1778 4660 contingere
1803 4605 1819 4642 :
1847 4591 1933 4642 sed
1955 4603 2158 4660 )Il'OpIeI‘
2187 4593 2344 4659 forni-

2443 3407 2556 3443 rero
2588 3390 2650 3442 de
2694 3389 2882 3440 mundo
2914 3390 3206 3457 recogitciit,
3245 3388 3496 3463 quomodo
3523 3387 3757 3455 placeant
3799 3387 4057 3453 conjugio

2445 3483 2483 3553 (Ι
2533 3483 2675 3546 (.‘or.,
2718 3482 2826 3544 VII,
2871 3484 2939 3536 52
2970 3480 3085 3552 54).
3132 3482 3218 3536 Sic
3283 3481 3470 3533 melius
3511 3479 3682 3532 facere
3731 3480 4060 3544 pronuntiat

2445 3577 2659 3646 virginis
2685 3585 3139 3634 conservatorem,
3168 3589 3323 3640 quam
3351 3584 3681 3640 erogatorem
3715 3570 3882 3639 (Ibid.
3920 3570 4017 3638 ιο)
4043 3581 4056 3634 ;

2445 3671 2520 3722 sic
2539 3679 2590 3721 et
2613 3668 2755 3721 illam
2777 3668 3064 3721 beatiorem
3085 3664 3322 3719 decernit
3344 3679 3482 3730 qum,
3501 3662 3696 3716 amisso
3719 3661 3857 3723 viro,
3883 3661 4059 3714 tidem

2447 3762 2683 3831 ingres-a
2717 3759 2812 3831 (τι),
2841 3759 3103 3810 amaverit
3135 3756 3475 3809 occasionem
3523 3752 3821 3813 viduitatis;
3846 3752 3939 3804 sic
3975 3751 4056 3820 (3)

2447 3852 2558 3906 lucc
2580 3851 2755 3905 omnia
2785 3849 3122 3902 continentia:
3152 3846 3368 3900 consilia
3393 3843 3640 3899 utdivina
3670 3843 4054 3897 commendat:

2453 3943 2602 4008 Puto,
2628 3942 2814 4011 inquit,
2836 3952 2878 3995 et
2899 3957 2991 4010 ego
3011 3939 3243 4011 spiritum
3267 3936 3358 3991 Dei
3381 3939 3536 3990 habeo
3559 3935 3766 4007 (Ibid).
3790 3935 3935 4002 Quis
3959 3938 4064 3989 iste

2447 4049 2522 4092 est
2549 4046 2785 4091 assertor
2813 4035 3197 4088 audacissimus
3220 4034 3393 4085 munis
3416 4031 3776 4098 ituputlicitim,
3802 4031 4063 4084 marche—

2448 4147 2563 4184 rutu
2597 4140 2649 4184 et
2681 4130 3058 4182 fornicator-um
3089 4138 3142 4180 et
3172 4127 3493 4180 incestarum
3526 4125 3678 4194 plane
3700 4123 4062 4177 ﬁdelissimus

2448 4225 2755 4286 advocatus,
2785 4222 2975 4289 quibus
3009 4220 3329 4273 Lonorandis
3364 4219 3594 4287 suscepit
3627 4217 3759 4271 hanc
3793 4231 4061 4271 caussam

2449 4318 2703 4372 adversus
2725 4316 2979 4386 Spiritum
2999 4314 3274 4376 Sanctum,
3301 4325 3351 4367 ut
3369 4312 3556 4367 falsum
3577 4311 3959 4366 testimonium
3981 4327 4063 4366 re-

2448 4413 2571 4464 citet
2603 4410 2670 4464 tle
2703 4409 2946 4476 apostolo
2975 4409 3124 4476 ejus?
3159 4406 3297 4460 Nihil
3332 4407 3433 4459 tale
3465 4406 3654 4459 I’aulus
3680 4404 3935 4469 indulsit,
3974 4407 4063 4477 qui

2452 4514 2613 4558 totam
2639 4502 2816 4557 carnis
2841 4502 3210 4556 necessitatem
3240 4500 3306 4553 de
3333 4499 3508 4567 probis
3531 4499 3687 4552 etiam
3716 4497 3896 4551 titulis
3925 4500 4064 4553 obli-

2452 4607 2625 4654 terarc
2645 4606 2885 4651 conatur.
2920 4594 3161 4665 Indulget
3188 4608 3315 4647 sane
3357 4607 3460 4645 non
3487 4591 3764 4656 adulteria,
3804 4591 3918 4645 sed
3969 4607 4066 4646 nu-

753 4683 998 4735 cationent
1039 4683 1375 4750 unusquiujue
1401 4697 1606 4734 uxorem
1633 4699 1778 4734 sttam
1809 4682 2015 4742 habent;
2057 4683 2132 4734 vir
2173 4684 2341 4748 uxori,
2371 4693 2422 4752 D
2451 4692 2612 4761 pnas;
2649 4691 2812 4757 parcit
2843 4703 2972 4742 sane
2995 4685 3368 4750 nlzllrilllﬂl)ii~',
3393 4699 3496 4738 non
3525 4684 3750 4752 stupris:
3781 4692 3974 4739 tenuit
4002 4701 4064 4738 ne

753 4785 796 4825 et
827 4775 1071 4828 uxor-viro
1086 4775 1301 4826 debitum
1323 4773 1497 4826 reddat
1523 4773 1563 4842 (Ι
1591 4773 1728 4836 Cor.,
1751 4772 1862 4835 VII,
1901 4775 1949 4839 I,
1980 4774 2161 4844 senm).
2181 4775 2346 4844 Ilujus

759 4867 879 4920 lieni
911 4865 1124 4919 lihulam
1153 4865 1268 4933 quis
1296 4866 1442 4919 illum
1475 4864 1673 4919 nesciat
1717 4865 1936 4919 invitum
1967 4866 2256 4934 relaxass‘c,
2294 4879 2349 4923 ttt

753 4962 1087 5017 t‘urniCaIioni
1134 4959 1340 5013 obviam
1392 4962 1538 5026 isset,
1593 4976 1747 5028 quam
1795 4960 1840 5013 si
1881 4962 1961 5014 cui
2011 4961 2221 5015 indulsit
2266 4963 2348 5017 vel

756 5055 1012 5125 indu’get,
1043 5056 1224 5123 utique
1249 5055 1527 5108 consilium
1563 5055 1782 5109 renteilii
1813 5055 1891 5107 sui
1925 5055 2156 5125 infregit,
2185 5068 2236 5112 et
2266 5068 2344 5113 te-

757 5150 966 5202 nebitur
987 5149 1094 5217 jam
1126 5148 1410 5202 l'ramandis
1436 5148 1774 5202 continentia:
1800 5149 2079 5219 conjugiis,
2115 5150 2158 5202 si
2193 5151 2350 5207 forni—

753 5242 912 5304 catio,
937 5241 1004 5297 ob
1025 5257 1183 5312 quam
1206 5241 1598 5312 permittuntur,
1629 5255 1733 5296 non
1759 5242 2047 5305 timebitur;
2072 5259 2102 5295 n
2127 5260 2174 5295 ut
2203 5246 2343 5298 enim

2452 4789 2653 4837 natura:
2678 4780 2890 4849 quidem
2915 4781 3211 4848 ignoscere,
3241 4792 3307 4830 ne
3327 4777 3496 4846 culpo
3523 4774 3842 4836 blandiatur;
3882 4777 4068 4831 studet

2451 4890 2788 4944 compescere
2803 4872 3186 4926 benedictionis
3199 4869 3404 4924 coneub
3429 4879 3560 4930 tum,
3577 4884 3642 4923 ne
3657 4867 4067 4927 iualediCtionis

2451 4977 2750 5023 excasetur.
2775 4965 2944 5019 llocci
2962 4971 3258 5031 supererat,
3278 4977 3490 5016 carnem
3512 4962 3591 5014 vel
3607 4975 3635 5013 a
3652 4959 3916 5015 sordibus
3938 4978 4066 5029 pur-

2450 5075 2606 5129 gare;
2637 5075 2663 5110 a
2695 5058 2913 5112 maculis
2943 5057 3084 5110 enim
3115 5071 3218 5110 non
3251 5064 3442 5123 potest.
3474 5052 3577 5109 Sed
3605 5053 3816 5109 esthoc
3853 5056 4066 5112 solem-

2453 5166 2519 5206 ne
2560 5152 2824 5221 perversis
2851 5159 2903 5202 ct
2927 5148 3103 5202 itlimis
3134 5157 3188 5202 et
3220 5148 3502 5209 lueretieis,
3533 5146 3642 5215 jam
3681 5155 3734 5199 et
3779 5149 4068 5216 psyehicis

2453 5245 2735 5310 universis,
2759 5244 2982 5313 alicujus
3011 5241 3226 5313 capituli
3252 5241 3497 5311 ancipitis
3525 5239 3828 5304 occasione,
3869 5242 4068 5298 adver-

1949 5359 2326 5418 LECTIONES
2364 5363 2448 5420 VA
2460 5364 2775 5420 RIANTES.

817 5476 890 5530 ll)
925 5475 1147 5526 Reciduo
1166 5475 1326 5526 Obert.
1355 5475 1504 5528 Seml.

817 5538 893 5600 (2)
928 5538 1136 5590 Praestat
1162 5539 1264 5588 Lat.

2518 5482 2590 5545 (3)
2625 5481 2674 5531 Si
2704 5479 2896 5532 Oberth.
2925 5479 3073 5531 Serul.

2120 5647 2676 5708 COMMENTARIUS.

831 5761 984 5835 (AP.
1018 5761 1159 5817 XVt.
1214 5792 1258 5804 -
1301 5768 1374 5835 (a)
1406 5761 1586 5818 Fidem
1607 5762 1852 5835 ingressa.
1879 5763 2349 5820 Montantzat'l‘cr-

761 5833 1033 5906 tullianus,
1073 5835 1151 5888 sic
1190 5833 1480 5906 reprObans
1510 5833 1723 5906 nuptias
1747 5835 1865 5904 ejus
1886 5851 2002 5901 qua:
2040 5836 2194 5890 vidua
2227 5845 2350 5906 post

761 5903 882 5959 tidei
914 5905 1208 5975 ingressum
1241 5905 1376 5962 facta
1406 5914 1508 5963 est.
1539 5905 1690 5964 llunc
1713 5903 1832 5964 esse
1853 5922 2066 5962 sensum
2100 5903 2348 5963 Auct—oris

2453 5775 2594 5837 patet
2623 5781 2685 5822 ex
2713 5765 2862 5822 libris
2888 5766 2951 5821 de
2976 5762 3192 5818 Exhort.
3225 5760 3377 5820 Cast.‘
3397 5773 3443 5817 et
3479 5763 3543 5818 de
3565 5762 3783 5837 Mouog.
3815 5763 3968 5822 Enn.
4006 5782 4068 5821 ex

3769 5853 3874 5890 ΑΙ.
