4220 6492
191 402 333 459 1015

1519 411 1723 468 LIBER
1766 413 1851 469 DE
1891 411 2252 471 I’UDICITIA.

3348 416 3487 475 1014

188 532 280 575 sus
333 520 625 577 exercitum
670 521 1052 578 sententiarum
1101 523 1437 580 instrumenti
1483 527 1643 581 totius
1691 543 1777 582 ar-
1808 530 1858 587 Λ
1887 514 1992 597 tego
2017 528 2373 599 delinquentite
2398 538 2443 584 et
2473 531 2649 586 mortis
2677 531 2876 602 (Rotn.,
2904 530 3137 604 Vlll,2).
3169 530 3314 589 Licet
3337 535 3481 588 enim

185 615 340 664 mari.

768 752 993 809 CAPUT
1033 751 1198 807 Xth.

260 878 495 933 l‘rovoea
540 882 603 933 ad
634 883 975 950 apostolicam
1024 886 1227 951 aciem;
1273 885 1486 954 adspice
1516 888 1775 956 Epistolas

182 970 301 1038 ejus
328 988 341 1033 ;
372 987 555 1025 omnes
589 990 683 1043 pro
716 975 997 1043 pudicitia,
1035 993 1126 1045 pro
1152 980 1420 1040 castitate,
1457 995 1549 1048 pro
1578 982 1775 1034 Sancti-

183 1070 291 1115 tate
325 1066 676 1130 pratendunt,
708 1083 893 1119 omnes
924 1068 972 1119 in
999 1068 1218 1122 luxurim
1248 1081 1298 1123 et
1330 1071 1557 1124 lasrivise
1579 1083 1630 1125 et
1661 1072 1774 1125 libi.

179 1151 322 1206 diuis
347 1158 554 1224 negotia
582 1157 897 1226 jarmlantur.
928 1158 1063 1226 Quid
1094 1160 1321 1231 denique
1351 1174 1402 1216 et
1429 1162 1774 1218 Thessaloni-

180 1248 430 1300 censibus
455 1251 637 1303 scribit
657 1250 678 1300 ?
720 1250 992 1303 Advocatio
1021 1253 1153 1305 enim
1183 1263 1353 1307 nostra
1384 1272 1482 1307 non
1529 1272 1590 1308 ex
1623 1258 1773 1309 sedu-

179 1340 367 1405 ctione,
397 1358 487 1393 nec
526 1358 587 1395 cx
629 1343 947 1396 immunditia
987 1344 1031 1414 (Ι
1064 1344 1262 1408 'I'hess.,
1297 1346 1339 1399 ll
1360 1390 1373 1410 ,
1404 1348 1492 1415 3);
1522 1358 1573 1402 ct
1602 1366 1614 1402 :
1655 1348 1776 1403 lla'c

179 1446 251 1485 est
296 1435 531 1488 voluntas
580 1434 696 1501 Dei,
740 1438 1071 1490 sanctimonia
1118 1449 1301 1505 vestra,
1332 1440 1580 1493 abstinere
1617 1458 1701 1495 vos
1745 1459 1777 1495 a

180 1526 540 1594 fornicatione,
570 1528 698 1580 scire
724 1543 1127 1597 unumquemque
1156 1548 1236 1583 vas
1271 1547 1417 1583 suum
1446 1532 1701 1600 possidere
1726 1534 1776 1586 in

177 1619 515 1671 sanctimonia
550 1629 593 1672 et
626 1620 833 1683 honore,
868 1638 965 1673 non
1013 1622 1064 1674 in
1109 1622 1315 1676 libidine
1335 1625 1773 1694 concupiscetttite,

176 1712 307 1765 sicut
336 1715 562 1768 nationes
590 1731 700 1783 qua:
731 1714 893 1769 Deum
930 1718 1163 1785 ignorant
1216 1718 1257 1787 (I
1288 1717 1485 1784 Thess,
1516 1718 1601 1784 IV,
1632 1722 1774 1789 5-5).

177 1808 315 1871 Quid
365 1808 563 1862 Galatae
620 1810 839 1878 legunt?
901 1810 1174 1883 Manifesta
1230 1822 1344 1864 sunt
1386 1830 1539 1881 opera
1588 1814 1774 1868 carnis.

1882 634 1943 673 ex
1979 631 2124 688 parte
2153 636 2219 675 ex
2247 619 2520 677 Judaismo
2553 623 2828 693 disputare
2853 624 3112 689 videatur,
3143 625 3236 680 sed
3284 627 3334 680 iu
3385 641 3481 679 nos

1881 711 2057 780 dirigit
2110 713 2466 784 integritatem
2523 726 2575 769 et
2629 717 3011 787 plenitudinem
3058 718 3479 789 disciplinarum,

1881 815 2096 874 propter
2121 822 2253 875 quos
2280 808 2582 864 laborantes
2623 810 2673 863 in
2724 810 2837 880 lege
2888 826 2979 880 per
3019 827 3234 866 carnem
3287 814 3476 867 ntiserit

1885 896 2024 951 Deus
2073 898 2235 963 [ilium
2262 915 2412 951 suum
2432 900 2486 953 iu
2510 900 2894 954 similitudinem
2919 905 3085 957 carnis
3104 905 3478 973 delinquentite,

1880 1000 1932 1043 et
1980 1004 2184 1061 prapter
2226 994 2622 1061 delinquentium
2670 999 2982 1051 damnaverit
3013 999 3403 1067 delinquentium
3431 1002 3481 1053 itt

1878 1099 2030 1137 carne
2058 1097 2147 1146 ;ut
2167 1088 2255 1155 jus
2277 1088 2421 1158 legis,
2456 1089 2643 1159 inquit,
2676 1090 2967 1159 impleretur
2992 1092 3042 1144 in
3074 1093 3233 1158 nobis,
3266 1093 3348 1161 qui
3384 1108 3485 1145 non

1878 1177 2166 1231 secundum
2205 1196 2428 1242 carnem,
2460 1182 2547 1233 sed
2595 1182 2870 1235 secundum
2912 1184 3147 1251 spiritum
3178 1186 3481 1240 incedimus.

1882 1270 1983 1333 Qui
2032 1271 2163 1323 enim
2213 1273 2489 1326 secundum
2512 1290 2715 1327 carnem
2768 1275 3025 1339 incedunt,
3066 1292 3125 1329 ea
3153 1292 3266 1343 qua:
3306 1278 3476 1332 carnis

1879 1372 1996 1414 sunt
2022 1363 2225 1432 sapiunt
2255 1380 2273 1427 ,°
2324 1376 2371 1418 et
2422 1366 2508 1435 qui
2552 1368 3105 1437 secunduut’spiritum,
3137 1386 3196 1423 ea
3222 1387 3337 1440 qua:
3366 1378 3484 1423 sunt

1879 1456 2086 1525 spiritus
2136 1456 2319 1527 (lbitl.,
2364 1460 2495 1527 5-5).
2558 1459 2777 1513 Sensum
2824 1473 2998 1515 autem
3066 1464 3233 1515 carnis
3275 1472 3486 1515 mortem

1880 1548 2179 1602 adlirmavit
2221 1565 2340 1604 esse
2364 1549 2548 1622 (lbid.,
2578 1550 2654 1622 6).
2687 1552 2891 1607 Dehinc
2915 1562 2967 1607 et
2997 1553 3322 1608 inimicitiam
3350 1564 3404 1608 et
3432 1556 3483 1607 in

1884 1638 2070 1705 Deum,
2121 1648 2175 1693 et
2226 1656 2319 1695 eos
2368 1643 2459 1711 qui
2502 1654 2627 1696 sunt
2685 1643 2735 1695 in
2784 1658 2968 1709 carne,
3021 1644 3177 1698 idest
3233 1646 3282 1698 in
3325 1659 3485 1699 sensu

1881 1734 2077 1799 carnis,
2110 1735 2217 1788 lico
2251 1734 2457 1803 placere
2484 1751 2586 1789 non
2618 1750 2775 1805 posse
2816 1735 3003 1808 (Ibitl.,
3036 1737 3110 1807 7).
3149 1737 3212 1789 Et
3244 1756 3255 1787 :
3306 1736 3367 1793 Si
3405 1754 3485 1790 sr-

1881 1828 2104 1879 cundum
2148 1844 2349 1880 carnem
2390 1829 2569 1891 vivitis.
2619 1830 2805 1900 inquit,
2841 1833 3072 1901 futuram
3106 1841 3177 1885 est
3204 1841 3257 1883 ut
3298 1832 3485 1885 moria-

177 1899 433 1965 Quanam
484 1901 631 1953 ista?
689 1900 763 1970 (α)
817 1901 870 1955 ln
917 1904 1099 1971 primis
1149 1906 1322 1969 posuit
1370 1906 1773 1974 fornicationem,

1884 1918 2005 1971 mini
2032 1916 2214 1988 (Ibid.,
2250 1920 2355 1989 15).
2384 1919 2517 1986 Quid
2541 1932 2716 1974 autem
2754 1921 3099 1991 intelligimus
3138 1923 3315 1975 carnis
3358 1938 3483 1976 svn-

175 1992 569 2055 innnuntlitiam,
599 1992 876 2059 lasciviam,
909 2010 1019 2059 quae
1053 1996 1274 2065 prtctlico
1312 1996 1445 2049 vobis
1488 1997 1615 2048 sicut
1645 2013 1775 2066 pra:-

174 2083 303 2142 di.ri,
332 2087 464 2152 quod
494 2086 580 2153 qui
609 2086 733 2139 (alia
762 2097 938 2154 agunt,
969 2105 1179 2157 regnum
1211 2086 1303 2140 Dei
1337 2106 1435 2142 non
1462 2100 1577 2142 sunt
1601 2107 1765 2143 conse-

172 2178 342 2229 cuturi
391 2178 680 2231 luet-tulitate
732 2179 918 2249 (Gal.,
958 2181 1016 2243 Υ,
1060 2182 1177 2251 l9).
1216 2182 1441 2235 Romani
1474 2200 1600 2236 vero
1650 2184 1774 2253 quid

174 2273 775 2343 magsdiscunt,qnam
814 2292 916 2327 non
946 2276 1317 2345 derelinquere
1351 2279 1629 2332 Dominum
1662 2288 1777 2347 post

170 2365 380 2417 ﬁdem?
426 2366 561 2429 Quid
600 2383 715 2436 ergo
760 2369 983 2421 dicemus
1054 2371 1077 2421 Σ)
1125 2372 1551 2437 pet'sct‘crabituus
1602 2370 1678 2441 (Ι)
1726 2373 1778 2423 iu

169 2456 537 2524 tlclinquentia,
574 2470 623 2509 nt
660 2471 857 2528 superet
890 2463 1054 2530 gratia
1083 2464 1107 2514 ἱ)
1139 2464 1296 2517 Absit.
1346 2464 1442 2529 Qui
1476 2465 1659 2517 mortui
1686 2482 1772 2517 su-

167 2565 285 2601 mus
316 2549 689 2620 delinquentiw,
730 2555 981 2621 quomodo
1026 2557 1242 2609 vivemus
1273 2558 1322 2607 in
1366 2573 1423 2609 ea
1450 2558 1614 2610 adhuc
1638 2559 1663 2611 ?
1700 2561 1776 2611 An

168 2642 441 2710 ignoratis,
484 2645 619 2711 quod
659 2646 745 2712 qui
794 2646 933 2698 tiucti
978 2663 1147 2699 sumus
1187 2648 1239 2699 in
1282 2646 1481 2701 Christo
1526 2648 1670 2712 Jcsu,
1726 2650 1778 2702 in

170 2748 384 2787 mortem
421 2736 529 2803 eius
570 2753 743 2791 sumus
786 2740 924 2791 tincti
947 2740 971 2792 ?
1012 2739 1299 2810 Consepulti
1328 2758 1445 2811 ergo
1489 2742 1565 2795 illi
1604 2759 1777 2797 sumus

171 2842 266 2898 per
304 2830 605 2897 baptismum
637 2831 685 2883 in
726 2842 934 2885 mortem
960 2848 978 2887 :
1010 2848 1061 2885 ut
1092 2835 1217 2887 sicut
1249 2835 1478 2888 Christus
1506 2839 1778 2891 resurrexit

170 2936 207 2972 η
244 2922 477 2984 mortuis,
518 2926 586 2975 ita
630 2934 672 2977 ct
712 2940 801 2977 nos
846 2926 897 2977 in
946 2927 1164 2979 novitate
1193 2928 1307 2980 vita:
1350 2929 1659 2982 incedamus.
1719 2929 1780 2983 Si

171 3011 312 3064 enim
359 3014 643 3083 consepulti
673 3015 751 3086 (ἓ)
788 3033 958 3069 suntus
1007 3018 1280 3072 simulacro
1312 3021 1484 3072 mortis
1512 3022 1619 3087 eius
1645 3061 1657 3079 .
1689 3022 1779 3075 sed

170 3121 222 3162 et
252 3114 632 3165 resurrectionis
659 3115 865 3177 erimus,
900 3117 993 3168 hoc
1038 3118 1249 3169 scientes
1289 3116 1424 3185 quod
1467 3126 1602 3170 vetus
1629 3118 1779 3170 homo

173 3215 349 3257 noster
384 3208 615 3272 con/ints
655 3218 723 3260 cst
772 3208 868 3261 illi.
924 3209 983 3262 Si
1023 3220 1187 3262 autent
1240 3212 1425 3263 mortui
1450 3226 1621 3263 smnus
1666 3226 1779 3262 cum

1880 2023 1994 2063 Sunt
2022 2019 2077 2064 et
2099 2012 2275 2063 carnis
2299 2011 2479 2073 vitam,
2511 2012 2609 2065 nisi
2637 2012 3006 2083 quodcsunque
3041 2015 3199 2081 pudet
3236 2028 3445 2081 prmtuu
3465 2047 3479 2056 ο

1882 2103 2047 2156 tiare'?
2081 2112 2272 2156 cetera
2312 2104 2452 2157 enim
2490 2106 2668 2158 carnis
2711 2114 2757 2158 et
2804 2106 3089 2174 Apostolus
3132 2108 3478 2160 nominasset.

1883 2192 2110 2247 Proinde
2138 2202 2193 2247 ct
2220 2193 2465 2263 Ephesiis
2497 2195 2714 2264 pristina
2748 2207 3019 2265 reputans,
3050 2196 3117 2251 de
3149 2198 3325 2250 l'uturo
3372 2215 3480 2250 ino-

1881 2294 2005 2337 net:
2037 2282 2062 2336 Ι
2072 2302 2103 2336 ιι
2128 2285 2307 2355 quibus
2334 2296 2380 2339 et
2422 2302 2512 2339 nos
2548 2289 2829 2340 conrersati
2865 2304 3058 2352 sumus,
3101 2289 3341 2358 facientes
3364 2304 3483 2341 con-

1879 2377 2215 2443 cupiscentias
2239 2387 2282 2430 et
2314 2378 2595 2447 voluptates
2611 2380 2779 2433 carnis
2807 2378 3046 2451 (Ep/tem,
3075 2378 3137 2441 Il.
3172 2379 3247 2450 5).
3284 2379 3485 2434 Nntans

1879 2468 2108 2540 denique
2140 2471 2258 2524 illos
2285 2472 2373 2540 qui
2402 2486 2459 2524 se
2486 2481 2787 2541 negassent,
2811 2472 3015 2526 scilicet
3043 2470 3383 2539 christianos,
3420 2490 3485 2526 eo

1880 2562 2020 2631 quod
2043 2578 2102 2616 se
2154 2562 2498 2617 tradidissent
2538 2564 2588 2616 in
2612 2563 2973 2632 operationem
3001 2562 3346 2617 immttnditiae
3366 2578 3485 2616 om-

1882 2656 1962 2709 nis
1983 2672 1994 2706 :
2016 2654 2111 2708 l’os
2138 2657 2518 2725 autent,inquit,
2543 2673 2643 2709 non
2664 2657 2737 2709 sic
2754 2656 3002 2709 didicistis
3020 2654 3273 2709 Christum
3295 2654 3364 2725 (Ε
3367 2657 3457 2725 ph.
3470 2695 3483 2719 ,

1884 2747 1970 2812 IV,
1997 2747 2133 2820 ‘20.).
2168 2748 2235 2802 Et
2261 2748 2449 2802 iterum
2476 2749 2550 2802 sic
2577 2748 2706 2802 ιῑιοίι
2737 2766 2747 2801 ;
2777 2749 2878 2815 Qui
2919 2748 3209 2817 furabatur,
3230 2751 3344 2817 jam
3380 2765 3482 2801 non

1881 2846 2078 2911 furetur
2108 2841 2293 2913 (Ibid,
2324 2841 2526 2911 “26-28).
2572 2841 2678 2897 Sed
2701 2851 2757 2897 et
2781 2842 2871 2911 qui
2903 2841 3275 2897 mascbabatnr
3304 2842 3486 2895 ltactc-

1882 2951 2000 3001 nus,
2035 2952 2139 2989 non
2159 2934 2472 2999 ltttBCllCltll‘;
2503 2946 2556 2991 et
2576 2936 2666 3005 qui
2689 2935 3047 2989 loruicabatur
3074 2933 3354 3000 hactenus,
3375 2950 3482 2988 non

1884 3030 2193 3087 fornicetur.
2235 3029 2532 3099 Adjecisset
2557 3030 2697 3083 enim
2725 3039 2779 3083 et
2818 3032 2951 3091 haec,
2987 3028 3028 3083 si
3057 3028 3248 3082 talibus
3272 3020 3481 3082 veniant

1883 3123 2155 3193 porrigere
2200 3131 2545 3183 consuesset,
2580 3122 2661 3174 vel
2714 3121 2907 3191 porrigi
2952 3120 3169 3174 otnnino
3207 3120 3484 3179 voluiSset,

1882 3214 1971 3283 qui
2003 3230 2098 3269 nec
2124 3214 2286 3268 verbo
2331 3213 2488 3281 pollui
2531 3214 2713 3266 volens
2752 3230 2765 3266 :
2807 3210 3002 3275 Omnis,
3058 3212 3258 3280 inquit,
3309 3226 3474 3264 sermo

173 3297 403 3363 Christo,
434 3301 683 3353 credimus
709 3302 845 3369 quod
872 3312 917 3355 et
946 3303 1261 3357 convivemus
1287 3320 1401 3357 cum
1426 3304 1535 3368 illo,
1568 3304 1776 3357 scientes
1804 3308 1847 3370 C
1882 3306 2043 3374 turpis
2087 3322 2188 3359 non
2236 3303 2472 3375 procedat
2504 3320 2566 3358 ea:
2594 3320 2679 3358 ore
2714 3311 2875 3357 vestro
2921 3300 3107 3373 (Ibid.,
3148 3299 3263 3369 29).
3301 3302 3426 3355 ltctu
3463 3318 3477 3354 :

172 3393 315 3459 quod
346 3394 573 3448 Christus
597 3398 865 3450 suscitatus
893 3415 925 3451 a
954 3399 1185 3458 mortuis,
1226 3399 1330 3462 iam
1370 3414 1470 3451 noti
1510 3399 1774 3465 moriatur,

175 3499 318 3537 mors
344 3501 441 3537 non
464 3487 577 3552 jam
603 3488 889 3540 dominetur
914 3490 1043 3558 ejus.
1096 3488 1245 3555 Quod
1285 3490 1417 3543 enim
1447 3499 1674 3543 mortuus
1705 3500 1777 3543 est

175 3578 551 3647 delinqnctttitc,
584 3588 810 3633 mortuus
840 3590 911 3632 est
940 3582 1111 3643 semel,
1142 3582 1279 3649 quod
1305 3592 1469 3633 autent
1502 3582 1635 3646 vivit,
1671 3580 1777 3634 Deo

177 3672 318 3724 vivit.
350 3670 431 3723 lta
458 3682 501 3724 ct
530 3681 757 3733 reputate
786 3674 1109 3742 vosmetipsos
1142 3683 1363 3727 mortuos
1392 3674 1596 3742 quidem
1617 3675 1780 3729 deliu-

176 3766 417 3834 quentice,
442 3765 654 3819 viventes
669 3776 835 3818 autem
863 3764 966 3818 Deo
990 3782 1077 3834 per
1097 3765 1350 3819 Christum
1370 3764 1545 3821 Jesum
1573 3766 1774 3835 (Bone,

179 3854 273 3919 Vl,
314 3859 393 3909 l-t
414 3857 483 3925 l).
517 3858 676 3925 Igitur
703 3858 865 3911 semel
897 3857 1111 3911 Cltristo
1139 3866 1369 3929 mortuo,
1406 3873 1563 3914 nemo
1608 3869 1779 3929 potest

180 3959 303 4017 post
344 3949 423 4018 (5i
457 3948 726 4003 Christum
783 3958 1025 4003 mortuus
1063 3948 1464 4017 delinquentiie,
1509 3964 1560 4005 et
1607 3952 1775 4006 maxi-

181 4057 272 4097 me
322 4052 500 4106 tanta,
552 4042 911 4097 reviviscere:
955 4053 1046 4097 aut
1096 4044 1137 4097 si
1189 4045 1351 4112 possit
1400 4044 1677 4099 furuit-alin
1725 4054 1780 4100 et

176 4135 412 4189 mwchia
434 4134 611 4188 denuo
642 4134 872 4197 admitti,
905 4136 1096 4203 poterit
1122 4146 1173 4189 et
1200 4136 1443 4190 Cbrisrus
1468 4135 1642 4191 denuo
1669 4153 1778 4191 mo.

178 4226 249 4279 ri.
277 4225 439 4280 Instat
476 4238 652 4280 autem
683 4228 992 4295 Apostolus.
1032 4228 1318 4295 prohibens
1360 4246 1568 4298 regnare
1618 4231 1780 4283 delin-

178 4320 440 4387 quentium
497 4322 548 4371 in
581 4335 792 4387 corpore
823 4330 993 4371 nostro
1036 4320 1233 4373 mortali
1263 4320 1457 4390 (lbid.,
1489 4321 1597 4392 12),
1630 4323 1781 4392 cujus

175 4410 544 4465 inﬁrmitatem
593 4412 769 4463 carnis
824 4420 1060 4464 noverat.
1121 4409 1263 4465 Sicut
1326 4414 1780 4469 enintexht’buistis

176 4510 408 4559 membra
434 4515 592 4560 vestra
622 4505 815 4574 [tantula
861 4505 1193 4558 immundititc
1220 4518 1263 4558 et
1294 4508 1545 4573 iniquitati
1574 4509 1639 4560 ad
1687 4509 1781 4561 ini-

176 4599 441 4668 quitatem,
476 4601 545 4652 ita
582 4610 625 4653 et
670 4614 801 4652 nunc
848 4598 1073 4652 exhibete
1119 4615 1178 4653 ea
1228 4601 1421 4670 famula
1460 4603 1678 4669 justitia:
1730 4604 1781 4655 in

1887 3398 2178 3454 Fornicatio
2222 3408 2388 3452 autem
2426 3406 2472 3451 et
2518 3396 2839 3450 immunditia
2874 3396 3037 3449 omnis
3085 3411 3147 3449 ne
3192 3394 3481 3447 nominetur

1880 3492 2079 3562 quidem
2111 3492 2241 3543 inter
2270 3506 2355 3543 vos
2378 3529 2393 3555 ,
2422 3489 2551 3542 sicut
2594 3488 2735 3542 decet
2778 3496 2978 3541 sanctos
3024 3485 3042 3559 (
3068 3496 3213 3540 tanto
3242 3485 3391 3539 abest
3423 3495 3479 3538 ut

1881 3590 2163 3637 excusetur
2190 3579 2232 3651 ),
2260 3582 2354 3634 hoc
2382 3581 2592 3634 scientes
2622 3579 2757 3651 quod
2782 3579 2946 3633 omnis
2974 3579 3253 3650 fornicator
3273 3588 3360 3631 aut
3391 3578 3477 3630 iat-

1882 3675 2101 3728 mundus
2124 3689 2222 3727 non
2249 3673 2426 3726 habeat
2456 3670 2549 3725 Dei
2575 3688 2802 3742 regnum.
2830 3669 2997 3725 Nemo
3026 3687 3112 3725 vos
3137 3670 3342 3725 seducat
3367 3670 3479 3722 ina-

1882 3769 2028 3822 nibus
2055 3770 2213 3821 verbis
2268 3764 2485 3833 Propter
2528 3765 2622 3817 hoc
2658 3764 2788 3817 venit
2820 3764 2898 3816 ira
2929 3761 3027 3815 Dei
3052 3778 3204 3832 super
3240 3762 3374 3830 ﬁlios
3404 3763 3474 3813 ia-

1880 3859 2192 3913 credulitatis
2239 3854 2444 3928 (Eplt.,
2479 3854 2540 3922 V,
2575 3855 2753 3925 5-5).
2799 3853 2927 3921 Quis
2977 3852 3181 3908 seducit
3235 3852 3478 3907 inanibus

1882 3952 2058 4005 verbis
2079 3993 2091 4013 ,
2120 3951 2218 4003 nisi
2256 3950 2345 4019 qui
2371 3948 2719 4003 concionatur
2751 3946 3117 4001 remissibilem
3167 3960 3285 4000 esse
3340 3960 3475 3999 mm-

1882 4042 2099 4097 cliiam?
2132 4058 2235 4097 non
2278 4042 2488 4095 intuens
2518 4040 2677 4094 etiam
2709 4036 3051 4093 fundamenta
3082 4036 3196 4107 ejus
3238 4036 3304 4091 ab
3336 4038 3479 4107 Apo-

1884 4135 2018 4190 stolo
2059 4134 2286 4197 ellossa;
2330 4149 2448 4187 cum
2477 4131 2762 4187 ebrietates
2801 4138 2854 4183 ct
2880 4130 3296 4184 comessationes
3324 4143 3473 4183 com-

1887 4229 2071 4298 pescit,
2122 4228 2258 4281 sicut
2303 4235 2357 4280 et
2409 4225 2495 4278 ltic
2536 4242 2548 4277 :
2605 4222 2671 4277 Et
2730 4223 2883 4278 nolite
2925 4222 3163 4277 inebriari
3216 4222 3364 4286 vino,
3426 4223 3477 4275 iu

1884 4340 1983 4392 quo
2018 4332 2088 4375 est
2125 4321 2329 4374 luxuria
2376 4317 2584 4391 (lbid.,
2629 4316 2758 4387 18).
2810 4317 3144 4371 Demonstrat
3193 4323 3247 4369 et
3293 4314 3478 4368 Colos-

1886 4415 2164 4473 sensibus,
2215 4428 2333 4482 qua:
2400 4412 2622 4463 membra
2677 4408 2978 4474 mortiﬁcent
3041 4422 3194 4475 super
3244 4416 3473 4469 terram,

1885 4507 2289 4577 fornicationem,
2333 4502 2746 4564 immunditiam,
2790 4500 3083 4561 libidinem,
3126 4496 3481 4568 concupiscen-

1887 4602 2007 4653 tiam
2037 4599 2244 4664 malam,
2276 4608 2320 4650 et
2350 4595 2713 4665 turpiloquium
2744 4592 2995 4665 (Coloss,
3024 4590 3104 4654 lll,
3129 4592 3203 4663 5).
3233 4590 3479 4645 Concede

178 4694 567 4748 sanctimoniam
596 4692 783 4756 (lbitl..
814 4692 930 4761 15).
964 4691 1118 4755 Nam,
1148 4693 1244 4744 etsi
1277 4692 1502 4746 habitare
1522 4694 1704 4747 bonum
1733 4696 1783 4749 in
1812 4701 1864 4760 D
1887 4694 1994 4764 jam
2047 4702 2124 4747 tot.
2149 4708 2208 4746 ac
2259 4691 2452 4745 talibus
2507 4688 2787 4744 sententiis
2839 4701 3000 4739 unum
3050 4683 3172 4737 illud
3218 4684 3356 4753 quod
3405 4694 3483 4737 te-

179 4800 339 4838 carnc
389 4801 479 4836 sua
528 4784 544 4853 (
580 4783 757 4848 Rom,
789 4784 902 4848 Vll,
937 4783 1045 4854 18)
1078 4784 1308 4853 negavit,
1350 4784 1445 4838 sed
1489 4786 1777 4840 secundum

181 4878 360 4947 legem
417 4876 581 4931 litera
617 4879 666 4930 in
707 4893 805 4945 qua
851 4877 989 4940 fuit;
1042 4878 1331 4931 secundum
1387 4887 1562 4933 autem
1614 4880 1781 4950 legem

180 4972 427 5043 Spiritus,
458 4973 540 5025 cui
589 4985 684 5024 nos
712 4972 961 5035 adnectit,
1016 4971 1203 5025 liberat
1228 4973 1293 5026 ab
1322 4973 1628 5027 inﬁrmitate
1672 4989 1786 5028 car-

181 5065 272 5120 nis
300 5080 319 5118 :
348 5061 457 5117 Lex
491 5062 643 5128 enim,
692 5062 879 5133 inquit,
926 5066 1137 5132 spiritus
1165 5064 1279 5118 vita:
1326 5066 1614 5119 manumisit
1670 5077 1715 5120 te
1757 5085 1787 5121 a

1894 4802 1987 4842 nes
2021 4804 2031 4838 :
2068 4782 2141 4857 (b)
2173 4800 2335 4854 pauca
2367 4783 2581 4845 multis,
2615 4782 2770 4836 dubia
2803 4781 2966 4835 certis
2989 4821 3002 4843 ,
3046 4778 3269 4832 obseura
3311 4777 3481 4830 maui-

1893 4878 2041 4933 festis
2066 4876 2466 4931 adumbrantur.
2498 4872 2718 4928 Etiamsi
2779 4888 2873 4940 pro
2902 4879 3050 4924 certo
3080 4870 3364 4937 Apostolus
3390 4869 3468 4923 Co

1890 4971 2086 5027 rintltio
2118 4971 2187 5024 illi
2236 4969 2637 5023 t'ornicationetn
2669 4967 2944 5031 donasset,
2988 4974 3131 5019 esset
3169 4962 3310 5017 aliud
3342 4962 3481 5030 quod

1892 5064 2056 5119 semel
2087 5073 2267 5117 contra
2312 5062 2608 5115 institutum
2648 5074 2802 5115 suum
2846 5073 2940 5129 pro
2986 5056 3189 5114 ratione
3235 5056 3488 5125 temporis

1414 5156 1794 5219 LECTIONES
1835 5155 2239 5217 VARIANTES.

365 5249 681 5299 Perferemns
704 5246 847 5298 Geten

254 5248 328 5311 (l)
365 5249 681 5299 Perferemns
704 5248 847 5298 Geten

253 5311 328 5377 (‘2)
364 5311 550 5362 Consati
577 5309 729 5364 Rhea.
757 5309 951 5361 Oberth.
978 5313 1117 5374 LeOp.

1960 5252 2030 5313 (3)
2067 5250 2185 5300 Post
2205 5247 2334 5299 abest
2358 5260 2388 5298 a
2410 5246 2561 5298 Seml.

1555 5398 2109 5457 COMMENTARIUS.

261 5513 416 5587 CAP.
448 5513 612 5587 (XVII.
642 5514 799 5585 —(a)
846 5514 906 5566 In
954 5515 1129 5583 primis
1182 5516 1349 5587 posuit
1396 5518 1801 5587 fornicationem.

184 5585 580 5641 Fornicationis
622 5589 945 5657 gravitatem,
980 5586 1062 5639 hic
1098 5585 1367 5655 expendit,
1398 5585 1805 5657 niaximumun

182 5659 391 5713 dictum
425 5658 609 5726 probat
637 5673 699 5711 ex
731 5656 1006 5725 Apostolo.
1059 5658 1175 5723 Quo
1205 5658 1451 5711 nimirum
1504 5656 1807 5715 testimonio

185 5730 583 5785 c0nvincuutur
607 5730 637 5780 ii
667 5730 753 5797 qui
779 5744 899 5781 eam
943 5743 969 5778 a
1012 5738 1227 5795 peccato
1248 5731 1509 5796 eximunt,
1541 5741 1598 5784 ut
1623 5732 1810 5786 morbo

184 5813 248 5852 et
278 5802 403 5851 vitio
426 5817 524 5853 suo
569 5800 953 5868 obsequantur.
989 5798 1087 5865 Qui
1133 5799 1319 5867 quavis
1362 5801 1482 5853 data
1528 5803 1811 5858 occasione

188 5870 321 5927 illud
356 5870 578 5938 probare
598 5882 842 5936 conatur,
874 5869 1151 5942 multiplici
1182 5881 1233 5925 et
1260 5883 1476 5926 ventosa
1529 5873 1810 5928 verborum

186 5942 525 6007 circuitione,
560 5957 730 6014 neque
794 5952 998 5998 tantum
1045 5942 1189 6010 laici,
1223 5957 1401 5998 verum
1454 5943 1615 5999 etiam
1646 5944 1812 6017 (quod

1913 5517 2068 5588 pudet
2090 5512 2290 5588 dicere)
2321 5511 2577 5588 episcopi.
2623 5508 2898 5565 Neminem
2946 5506 3032 5561 hic
3085 5505 3319 5560 indicare
3342 5503 3500 5575 jubet

1910 5584 2186 5644 modestia.
2220 5587 2295 5641 LE
2336 5584 2431 5639 Pu.

1984 5661 2058 5732 (b)
2105 5660 2278 5712 Pauca
2304 5656 2496 5732 natiiis,
2538 5654 2690 5707 dubia
2736 5651 2902 5732 certis,
2952 5650 3166 5732 obscura
3201 5657 3503 5730 .mantfestts

1912 5720 2295 5787 adumbrantnr.
2333 5726 2690 5787 Offuscantur,
2716 5721 3073 5799 occultantur,
3100 5731 3156 5774 ut
3192 5720 3301 5788 jam
3336 5734 3499 5799 pauc-

1913 5820 2022 5875 prm
2054 5802 2248 5864 multis,
2278 5798 2436 5853 dubia
2469 5812 2575 5875 pra:
2598 5795 2779 5875 captis,
2814 5793 3040 5849 obscura
3071 5808 3177 5865 pne.
3209 5792 3465 5845 manifesti
3486 5808 3501 5833 ι

1918 5865 2137 5931 minime
2163 5865 2526 5942 compareant.
2553 5866 2633 5922 Le
2660 5865 2757 5921 Pa.
