4220 6492
793 411 930 469 1οΙ5

2204 398 2668 458 TERTUI.LIANI

3946 403 4063 459 11116

789 525 988 584 faceret
1017 525 1113 598 (α).
1145 523 1489 581 Circumcidit
1521 525 1858 582 Timotheum
1884 523 2080 588 solum,
2113 531 2166 576 et
2210 530 2381 576 tamen

2491 519 2631 570 cnim
2670 527 2774 571 tam
2801 516 3142 588 coniunctum
3168 518 3191 572 ?
3217 518 3257 590 ),
3299 528 3388 573 aut
3430 520 3699 590 fraudator
3739 521 3901 593 (quid
3944 524 4062 578 enim

789 621 1007 677 abstulit
1038 619 1525 676 circumcisionem.

1355 710 1583 768 CAPUT
1624 709 1810 766 XVIII.

861 803 964 860 Sed
1020 805 1172 870 luce,
1221 804 1410 875 inquit,
1460 803 1526 858 ad
1577 802 2001 858 interdictionem
2050 800 2387 871 pertinebunt

788 898 964 951 omnis
993 897 1330 966 impudicitia:
1361 896 1436 969 (ιι)
1473 905 1528 952 et
1572 895 1928 950 addictionem
1969 894 2145 948 omnis
2191 891 2388 962 pudici-

791 991 899 1052 tiae,
942 989 1091 1042 salvo
1132 998 1307 1044 tamen
1344 991 1462 1043 loco
1491 989 1692 1055 veniae,
1721 1003 1841 1058 qua:
1872 1003 1976 1042 non
2013 987 2189 1040 statim
2232 986 2388 1040 dene-

787 1092 959 1149 gatur,
1001 1081 1043 1135 si
1087 1081 1283 1136 delicta
1327 1080 1669 1145 damnantur,
1701 1078 1916 1149 quando
1957 1079 2129 1134 venia:
2176 1088 2386 1148 tempus

786 1187 907 1227 cum
936 1172 1278 1227 damnatione
1306 1182 1590 1228 concurrat
1615 1187 1773 1242 quam
1817 1171 2069 1227 excludit.
2124 1170 2389 1240 Sequeba-

780 1278 876 1320 tur
925 1276 977 1320 ct
1024 1267 1123 1318 hoc
1168 1265 1454 1337 Psyehicos
1491 1280 1700 1336 sapere,
1723 1275 1777 1321 et
1823 1264 1944 1319 ideo
1995 1267 2385 1319 rescrvavimus

787 1353 912 1408 huic
940 1355 1076 1419 loco,
1109 1369 1228 1424 qua:
1258 1364 1440 1422 aperte
1463 1355 1528 1408 ad
1558 1354 2097 1408 communicationem
2127 1353 2382 1408 ecclesia-

783 1445 970 1499 sticam
1000 1446 1204 1500 caussis
1243 1446 1503 1512 ejusmodi
1549 1445 1846 1516 negandum
1887 1447 2046 1500 etiam
2092 1446 2384 1516 antiquitus

784 1549 973 1592 caussa
1022 1545 1164 1590 sunt.
1224 1536 1352 1591 Nam
1400 1547 1454 1591 et
1503 1538 1555 1591 itt
1601 1537 1903 1592 Proverbiis
1949 1538 2224 1602 Salomon,
2260 1553 2383 1606 quae

789 1626 1074 1683 Parazmias
1128 1629 1388 1696 dicimus,
1438 1631 1740 1700 specialiter
1785 1629 1852 1685 de
1880 1630 2090 1685 mmcho
2123 1644 2380 1700 nttsqitam

785 1723 1080 1792 exliiabili:
1143 1723 1368 1776 Moechus
1407 1733 1612 1785 autent,
1661 1724 1862 1794 inquit,
1917 1741 2005 1792 per
2051 1725 2381 1797 indigentiam

785 1831 1026 1869 sensuum
1071 1816 1400 1883 perditionem
1449 1818 1634 1870 animm
1679 1835 1787 1870 sate
1808 1819 2056 1887 acquirit,
2087 1818 2288 1872 dolores
2333 1831 2380 1872 et

2491 618 2596 663 tam
2623 611 2970 679 υτομὶιηιηιιιη
2999 611 3080 680 ?),
3105 621 3157 666 et
3185 623 3398 675 camara,
3451 631 3564 667 cum
3609 617 3791 669 talibus
3819 634 3884 669 ne
3923 621 4064 672 cibum

2488 703 2689 772 quidem
2725 719 2948 762 sumere.
2993 703 3188 758 nedum
3245 703 3654 760 Eucltaristiam.
3703 706 3961 762 Modicum
4001 713 4065 779 (5)

2489 801 2687 854 scilicet
2714 805 3018 872 [mouentum
3049 812 3206 856 totam
3227 804 3410 871 desipit
3436 806 3837 874 conspersionem
3870 805 3920 878 (l
3943 805 4063 873 Cor.,

2492 891 2556 956 V,
2590 893 2645 958 9,
2677 894 2830 964 δρψ).
2859 894 2986 950 Item
3018 895 3083 949 ad
3112 893 3486 950 Timotheum:
3544 895 3732 951 Manus
3763 899 3952 952 nemini
3986 902 4065 951 cito

2489 983 2743 1054 imponas,
2769 1002 2928 1056 neque
2955 987 3292 1041 communica
3319 987 3517 1040 delictis
3542 988 3759 1056 alienis(
3787 987 3805 1040 I
3834 988 3981 1051 Tim.,
4012 988 4062 1051 V,

2487 1073 2602 1147 22).
2651 1076 2777 1132 Item
2823 1076 2890 1130 ad
2939 1076 3244 1147 Ephesios:
3293 1076 3470 1132 Nolite
3513 1095 3631 1148 ergo
3675 1079 3944 1147 participes
3980 1097 4067 1132 me

2487 1181 2690 1234 eorum;
2721 1169 2890 1240 fuistis
2918 1170 3049 1223 enim
3075 1170 3352 1238 aliquando
3380 1171 3594 1224 tenebrae
3618 1170 3636 1238 (
3652 1169 3814 1241 Eph.,
3843 1171 3905 1235 V,
3938 1172 4063 1237 7,8).

2489 1257 2552 1312 Et
2596 1259 2770 1314 adhuc
2814 1260 3080 1329 pressius:
3116 1260 3292 1315 Nolite
3331 1263 3702 1315 communicare
3745 1263 3973 1332 operibus
4010 1264 4066 1315 in-

2486 1351 2756 1418 fructuosis
2781 1352 3121 1418 tenebrarum,
3169 1354 3272 1407 imo
3316 1363 3362 1406 et
3403 1353 3640 1406 rerincite
3673 1369 3730 1407 ea
3758 1371 3775 1408 :
3809 1371 3923 1422 qua:
3955 1355 4066 1406 enim

2485 1443 2537 1494 in
2567 1459 2638 1496 oct
2654 1443 2762 1496 ulto
2810 1443 2872 1496 ab
2910 1446 2980 1497 eis
3025 1445 3178 1512 ﬁunt,
3209 1455 3356 1514 turpe
3404 1453 3478 1498 est
3510 1446 3703 1498 edicere
3751 1444 3943 1515 (ibid,
3972 1445 4064 1512 Il).

2486 1534 2622 1602 Quid
2651 1536 2856 1605 turpius
2881 1536 3221 1604 itnpudicitiis
3247 1537 3268 1589 ?
3300 1537 3354 1592 Si
3381 1547 3560 1591 autem
3578 1549 3628 1591 et
3656 1537 3724 1591 ab
3750 1537 3920 1590 otiose
3945 1536 4067 1590 ince-

2486 1628 2647 1684 dente
2727 1630 2892 1684 fratre
2971 1629 3247 1685 denuntiat
3324 1630 3544 1685 subduci
3597 1629 4066 1685 Thessalonicensi-

2488 1719 2586 1773 Ims
2608 1722 2625 1783 (
2648 1719 2690 1774 lI
2723 1720 2923 1784 Tltess.,
2957 1720 3038 1786 lII,
3076 1722 3156 1791 6),
3187 1732 3386 1791 quanto
3409 1722 3576 1792 magis
3599 1733 3654 1776 et
3683 1738 3710 1776 a
3734 1723 4066 1776 fornicatore!

2487 1813 2610 1867 Ilaec
2660 1815 2801 1868 enim
2851 1815 3148 1869 consultata
3177 1815 3257 1886 (4)
3281 1825 3406 1870 sunt
3431 1815 3626 1871 Christi
3655 1815 3942 1871 Ecclesium
3968 1817 4068 1868 dili-

784 1907 1226 1962 dehonestationes
1251 1911 1476 1961 sustinet.
1505 1907 1797 1978 Ignominia
1823 1923 1990 1962 autem
2019 1911 2128 1980 ejus
2149 1928 2248 1964 non
2275 1912 2387 1964 abo-
2418 1909 2463 1968 B
2491 1905 2687 1974 gentis,
2731 1906 2818 1975 qui
2847 1923 2898 1960 se
2921 1923 3015 1976 pro
3033 1923 3090 1960 ea
3113 1908 3322 1960 tradidit
3349 1907 3423 1960 uti
3447 1924 3559 1960 eam
3589 1908 3890 1976 stmctiﬁcet,
3919 1925 4068 1962 enum-

784 1998 962 2051 lebitur
990 2000 1041 2052 in
1071 2015 1252 2052 tvvum.
1309 1999 1473 2053 Plena
1513 2001 1646 2054 enim
1676 2002 1771 2054 zeli
1811 2001 2094 2072 indignatio
2133 2003 2239 2056 riro
2285 2019 2385 2056 non

783 2101 955 2158 parcet
1001 2092 1051 2144 in
1096 2091 1177 2144 die
1221 2092 1407 2158 jutlicii
1459 2091 1666 2161 (Prom,
1702 2092 1786 2156 VI,
1818 2091 2026 2163 ’ὗε-56).
2085 2093 2194 2148 Iloc
2234 2096 2275 2149 si
2317 2095 2385 2150 de

780 2185 999 2238 ethnicn
1029 2186 1298 2254 putaveris
1323 2185 1544 2250 dietmn,
1575 2196 1720 2238 certe
1747 2185 1813 2240 de
1859 2187 2103 2242 fidelibus
2137 2189 2246 2256 jam
2289 2204 2385 2242 atto

783 2275 909 2332 disti
963 2281 1033 2349 (τ)
1066 2295 1158 2346 per
1187 2293 1394 2335 cassum
1420 2280 1532 2350 (I):
1565 2277 1806 2332 Excedite
1831 2280 1892 2334 de
1915 2283 2079 2335 medio
2109 2298 2305 2344 eorum,
2339 2292 2383 2336 et

777 2372 1108 2438 separaniini,
1144 2381 1187 2425 et
1237 2373 1550 2425 immundam
1599 2389 1659 2424 ne
1701 2372 1963 2441 tetigeritis
2011 2372 2089 2442 (ΙΙ
2117 2372 2258 2438 Con,
2292 2373 2380 2440 VI,

781 2465 894 2532 I7).
941 2463 1114 2517 Ilabes
1141 2465 1317 2517 statim
1350 2465 1398 2517 itt
1436 2463 1656 2518 Psalmis
1699 2463 1894 2517 beatum
1941 2466 2100 2519 viri-in
2151 2468 2237 2533 qui
2282 2484 2383 2519 non

777 2555 954 2607 abirrit
983 2555 1033 2607 in
1068 2555 1282 2608 concilio
1311 2557 1604 2623 impiorum,
1638 2565 1684 2608 et
1722 2558 1774 2609 in
1814 2557 1891 2608 via
1923 2567 2244 2625 peccatorum
2283 2575 2383 2612 non

760 2628 990 2710 steterit,
1015 2657 1060 2699 et
1089 2647 1140 2700 in
1167 2648 1407 2701 cathedra
1437 2649 1733 2717 pestilentia:
1760 2665 1859 2702 non
1884 2651 2068 2703 sederit
2115 2649 2285 2717 (Psal.
2341 2651 2380 2717 Ι,

780 2739 803 2791 1
830 2735 868 2806 ).
900 2737 1064 2806 Cujus
1081 2747 1135 2791 et
1163 2751 1344 2808 p05tea
1375 2755 1473 2792 vos
1507 2756 1518 2791 :
1553 2738 1670 2793 Non
1697 2741 1805 2793 sedi
1833 2757 1944 2794 cum
1979 2759 2214 2796 consessu
2241 2745 2384 2796 vani-

776 2830 917 2893 tatis,
946 2841 992 2882 et
1022 2847 1134 2884 cum
1176 2832 1344 2896 inique
1365 2833 1625 2903 agentibus
1653 2850 1754 2886 non
1784 2836 1999 2889 introibo
2028 2834 2107 2906 (tl)
2136 2836 2272 2908 (hoc
2315 2836 2383 2891 de

777 2923 1006 2976 ecclesia
1051 2923 1186 2978 male
1217 2924 1524 2996 agentium)
1569 2935 1614 2979 et
1658 2942 1773 2978 cum
1818 2928 1986 2996 impiis
2030 2945 2130 2982 non
2155 2927 2336 2982 sedebo
2363 2945 2382 2983 .'

777 3025 850 3076 et,
882 3014 1060 3068 lavabo
1091 3032 1201 3068 cum
1227 3010 1573 3070 innocentibus
1595 3034 1773 3070 manus
1795 3035 1952 3078 meas.
1980 3030 2024 3073 et
2051 3021 2214 3074 altare
2242 3030 2382 3073 tuum

777 3107 1133 3173 circumdabo,
1169 3106 1385 3162 Domine
1414 3111 1430 3179 (
1455 3108 1600 3164 Psal.
1637 3109 1802 3176 XXX,
1834 3111 1886 3175 4,
1919 3109 1998 3182 5),
2030 3111 2101 3183 (e)
2145 3123 2200 3165 ttt
2237 3114 2382 3167 solus

781 3200 958 3268 plures
992 3200 1092 3274 (2),
1135 3204 1385 3272 quoniam
1434 3203 1670 3274 quidem,
1700 3220 1812 3258 cum
1849 3215 2022 3259 sancto
2049 3216 2255 3259 sanctus
2284 3207 2382 3260 eris

2491 2001 2619 2052 dans
2661 2001 2866 2054 lavacro
2911 2017 3057 2071 aqua:
3093 2002 3144 2055 in
3196 2001 3378 2065 verba,
3408 2002 3630 2056 utsistat
3672 2002 3766 2055 sibi
3815 2000 4067 2054 Ecclesium

2489 2093 2787 2162 gloriosam,
2833 2109 2932 2146 non
2965 2093 3227 2146 habentem
3257 2094 3507 2149 maculam
3547 2104 3634 2146 aut
3668 2110 3870 2162 rugam,
3914 2094 4067 2161 utique

2492 2195 2610 2252 post
2639 2185 2935 2251 lavacrum,
2977 2185 3065 2238 sed
3093 2187 3158 2238 sit
3194 2196 3371 2238 sancta
3393 2195 3437 2238 et
3467 2185 3574 2239 sine
3614 2184 3885 2254 approbrio
3905 2183 4066 2255 (Eph,

2492 2275 2568 2338 V,
2611 2275 2853 2345 25-27),
2897 2276 3089 2330 exinde
3142 2276 3346 2330 scilicet
3399 2276 3470 2347 (Ι)
3523 2278 3639 2330 sine
3689 2291 3816 2346 ruga
3866 2287 4069 2328 vetusta-

2489 2369 2557 2423 tis
2601 2370 2682 2441 (5)
2711 2413 2724 2436 ,
2757 2380 2812 2424 ιιι
2837 2372 3008 2440 virgo,
3050 2372 3164 2424 sine
3193 2371 3395 2423 macula
3427 2371 3814 2434 fornicationis,
3845 2379 3902 2423 ut
3927 2385 4065 2438 spon-

2488 2477 2568 2526 sa,
2600 2465 2716 2518 sine
2747 2463 2940 2532 probro
2971 2463 3216 2528 vilitatis,
3246 2473 3302 2516 ut
3325 2464 3627 2517 emundata.
3661 2462 3796 2530 Quid
3840 2462 3918 2533 (6)
3946 2464 3985 2515 si
4029 2473 4071 2514 rt

2490 2557 2575 2611 hic
2605 2558 2930 2627 re~pondere
2959 2557 3231 2627 concipias
3260 2557 3422 2610 adimi
3454 2557 3667 2628 quidem
3701 2557 4064 2627 peccatoribus,

2490 2651 2569 2703 vcl
2603 2651 2834 2704 maxime
2859 2666 3022 2706 carne
3044 2650 3276 2717 pollutis,
3311 2651 3871 2713 communicationem,
3902 2648 3987 2702 sed
4013 2648 4066 2698 ad

2491 2757 2726 2812 pra-scus
2755 2741 3160 2804 restituendam,
3192 2742 3393 2796 scilicet
3419 2757 3482 2796 ex
3518 2743 3842 2810 [uertitentim
3872 2739 4067 2802 ambitu,

2489 2837 2782 2891 secundum
2809 2837 2952 2890 illam
2990 2835 3329 2890 clementiam
3365 2835 3456 2889 Dei
3490 2850 3590 2905 qua
3619 2835 3819 2888 mavult
3847 2845 4066 2902 peccato-

2491 2927 2564 2982 ris
2597 2927 2962 2996 paznitentiam
2996 2942 3155 2996 quam
3186 2939 3411 2984 mortem
3432 2925 3670 3000 (Essem,
3698 2925 3950 2987 XXXIII,
3978 2923 4070 2993 ll)?

2489 3019 2590 3073 hoc
2647 3019 2788 3072 enim
2832 3018 3233 3074 fundamentum
3306 3020 3576 3089 opinionis
3649 3030 3838 3073 vestra:
3906 3031 4069 3086 usque-

2486 3126 2697 3184 quaque
2738 3111 3054 3180 pulsandum
3101 3121 3220 3168 est.
3277 3112 3510 3166 Dicimus
3551 3112 3745 3180 itaque,
3796 3109 4069 3164 clementiae

2487 3206 2679 3260 divina:
2705 3205 2751 3259 si
2788 3205 2858 3259 ita
2895 3219 3016 3258 esse
3059 3205 3404 3271 competisset
3455 3204 3534 3275 (7)
3584 3202 4067 3257 demonstrationem

776 3307 823 3348 et
863 3312 976 3348 cum
1014 3297 1168 3350 electo
1203 3297 1386 3350 electus
1426 3298 1524 3351 eris
1549 3339 1561 3360 ,
1592 3307 1645 3351 et
1684 3314 1797 3351 cum
1840 3315 2072 3366 perverso
2112 3316 2373 3367 percersus
2399 3299 2444 3361 C
2477 3298 2557 3353 sui
2585 3297 2747 3352 etiam
2797 3307 2914 3366 post
2943 3295 3100 3350 Iidem
3157 3296 3338 3365 lapsis,
3373 3296 3442 3350 ita
3493 3294 3572 3364 (8)
3623 3294 3906 3363 Apostolus
3952 3293 4070 3346 dice

775 3389 875 3439 eris
911 3386 1108 3456 (l’st:l.,
1137 3387 1301 3452 XVII,
1326 3389 1442 3459 26).
1475 3388 1544 3443 Et
1570 3390 1692 3444 alibi
1719 3408 1732 3444 :
1767 3389 2029 3445 Peccatori
2061 3404 2228 3446 autem
2257 3395 2379 3447 dicit

781 3482 1066 3533 Dominus:
1099 3478 1166 3534 Ut
1209 3481 1332 3550 quid
1361 3490 1414 3533 tu
1452 3482 1664 3550 exponis
1697 3483 2087 3550 justi/icationes
2132 3501 2287 3549 meas,
2333 3497 2379 3540 et

778 3572 996 3624 assumis
1037 3579 1384 3624 testmneutum
1428 3589 1593 3625 meum
1633 3589 1723 3642 per
1759 3590 1815 3628 os
1843 3584 1984 3628 tuum
2007 3576 2032 3627 ."
2067 3575 2129 3630 Si
2177 3577 2379 3632 videbas

782 3666 989 3732 furem,
1030 3665 1266 3717 currebas
1296 3681 1409 3718 cum
1444 3681 1535 3729 eo,
1565 3674 1611 3718 et
1653 3683 1767 3720 cum
1809 3667 2054 3722 adulteris
2095 3672 2375 3738 portionem

783 3765 924 3807 tuam
976 3756 1195 3823 ponebas
1225 3755 1243 3827 (
1272 3753 1414 3808 Psal.
1440 3754 1625 3821 XLIX,
1660 3757 1744 3822 I6,
1762 3757 1912 3829 seq.)
1953 3759 2084 3815 Ilinc
2109 3762 2267 3830 igitur
2298 3763 2378 3817 itt—

781 3848 1041 3900 formatus
1061 3849 1447 3917 etApostolus:
1479 3847 1696 3919 Scripsi,
1729 3851 1915 3921 inquit,
1945 3853 2081 3906 vobis
2111 3854 2161 3908 in
2181 3854 2378 3924 Episto-

781 3939 852 4000 ltt,
880 3955 978 3990 non
1002 3940 1312 3993 commisceri
1340 3941 1749 4009 fornicatoribus,
1775 3959 1876 3996 non
1906 3947 2074 4014 utique
2103 3947 2378 4014 fornicato-

781 4031 919 4085 ribus
949 4031 1102 4101 hujus
1128 4032 1323 4096 mundi,
1352 4042 1404 4087 et
1430 4033 1632 4104 reliqua
1664 4051 1677 4088 :
1719 4032 1986 4100 therum,
2010 4037 2269 4104 Oportebat
2291 4053 2376 4092 eos

772 4125 917 4178 exire
941 4124 1004 4176 de
1025 4126 1211 4177 mundo
1235 4139 1254 4177 :
1279 4141 1413 4177 nunc
1453 4135 1620 4178 autem
1648 4126 1811 4180 scribo
1836 4128 1972 4182 vobis
1995 4171 2010 4192 ,
2039 4129 2083 4182 si
2106 4131 2194 4199 qui
2220 4131 2376 4197 frater

783 4220 1076 4272 nominatur
1113 4219 1165 4272 in
1216 4218 1351 4272 vobis
1396 4220 1695 4290 fornicator,
1744 4230 1832 4274 aut
1890 4221 2162 4278 idololatra
2210 4224 2370 4296 (quid

2484 3398 2606 3444 ret:
2656 3387 2830 3443 Nolite
2879 3388 3258 3441 communicare
3308 3386 3540 3456 aperibus
3600 3387 3946 3450 tenebrarum,
3987 3377 4068 3436 nisi

2485 3483 2848 3551 paenitentiam
2880 3485 3084 3552 egerint
3110 3499 3128 3544 ;
3173 3491 3227 3536 et
3258 3502 3265 3530 :
3300 3480 3428 3533 Cum
3474 3480 3656 3533 talibus
3682 3496 3743 3533 ne
3771 3480 3937 3533 cibum
3975 3478 4068 3546 qui-

2482 3576 2593 3628 dem
2619 3591 2835 3639 sumere,
2857 3575 2954 3628 nisi
2977 3585 3320 3643 posteaquam
3344 3574 3540 3641 caligas
3564 3573 3784 3626 fratrum
3807 3570 4066 3624 volutando

2480 3667 2833 3731 deterserint;
2863 3678 2915 3721 et
2947 3683 2960 3721 :
2997 3666 3096 3732 Qui
3141 3666 3383 3733 templum
3439 3663 3532 3718 Dei
3579 3664 3853 3726 vitiaverit,
3899 3662 4066 3715 vitiabit

2480 3763 2624 3815 illum
2661 3759 2817 3824 Deus,
2846 3761 2944 3813 nisi
2977 3759 3214 3812 omnimn
3245 3757 3490 3810 focorum
3521 3757 3730 3808 cineres
3765 3757 3820 3808 in
3853 3752 4064 3808 Ecclesia

2480 3853 2548 3908 de
2573 3853 2747 3922 capite
2776 3868 2874 3906 suo
2915 3849 3248 3906 excusstrit:
3281 3847 3544 3902 debuerat
3585 3846 3729 3901 enim
3769 3861 3892 3916 qua:
3940 3844 4064 3895 dam-

2481 3956 2698 4003 naverat
2729 3945 2954 4016 proinde
2973 3943 3382 4004 determinasse,
3415 3941 3664 4012 quaniun
3691 3940 3768 4012 (9)
3786 3936 4062 4009 usque(l0)

2477 4052 2533 4096 et
2563 4041 2663 4095 sub
2692 4037 2996 4094 conditione
3020 4036 3365 4100 damnasset,
3399 4034 3443 4088 si
3475 4032 3756 4103 temporali
3800 4042 3857 4088 et
3902 4027 4063 4084 condi-

2480 4135 2683 4193 tionali,
2714 4143 2767 4188 et
2800 4147 2902 4186 nou
2938 4141 3190 4201 perpetua
3217 4129 3502 4184 severitate
3529 4127 3857 4181 datnnasset.
3891 4125 4058 4188 Porro,

2479 4242 2600 4283 cum
2643 4227 2694 4280 iu
2731 4225 2979 4279 omnibus
3025 4221 3274 4293 Epistolis
3299 4231 3355 4276 ct
3384 4229 3505 4291 post
3531 4219 3690 4274 fidem
3721 4219 3879 4274 talem
3911 4218 4060 4290 prohi-

2011 4315 2390 4377 LECTIONES
2431 4319 2472 4376 V
2485 4317 2850 4375 AIII.\»NTF.S.

845 4397 917 4462 (1)
954 4406 1054 4455 Per
1078 4407 1250 4456 Isaiam
1274 4405 1373 4456 Lat.
1398 4406 1536 4467 LeOp.
1562 4418 1650 4466 per
1665 4417 1882 4455 caussam
1910 4405 2108 4458 Obertlt.
2133 4409 2282 4461 Seml.

849 4468 922 4534 (ξ)
958 4468 1018 4534 _I~_lt
1040 4469 1228 4534 siniiles
1247 4469 1416 4532 plures
1430 4477 1547 4534 μοι.
1569 4468 1761 4534 scilicet
1786 4483 1932 4534 vpees
1952 4471 2094 4534 LeOp.

849 4533 924 4590 (ὅ)
957 4530 1304 4580 liucharistiain
1330 4530 1567 4578 medicam
1585 4531 1770 4581 scilicet
1798 4531 1948 4581 Fran.

850 4593 921 4656 (ὅ)
957 4592 1186 4656 Qonsulta
1211 4594 1372 4643 Oberl.
1399 4592 1538 4654 Leop.

849 4657 922 4719 (Si)
961 4655 1195 4719 Vanitatis
1217 4655 1319 4705 Lat.
1346 4656 1566 4704 veritatis
1589 4655 1738 4705 Frtm.

852 4717 924 4778 (6⁷)
963 4717 1101 4776 Quod
1127 4719 1246 4766 Ven.

2549 4412 2624 4474 (7)
2660 4408 2744 4460 Sic
2765 4406 2989 4474 emendat
3014 4409 3114 4458 Lat.
3145 4406 3196 4456 Si
3224 4407 3290 4456 ita
3314 4406 3632 4468 comitetisset
3665 4404 3774 4454 dari
3813 4406 4057 4456 restitutio-

2482 4473 2597 4524 nem
2621 4475 2722 4522 suis
2746 4473 2916 4521 etiam.

2405 4538 2458 4597 D
2545 4537 2620 4656 (8)
2665 4536 2760 4584 Aut
2786 4535 2889 4583 Lat.

2567 4600 2620 4656 9)
2655 4597 2872 4656 Quonam

2567 4592 2620 4662 9)
2635 4661 2638 4662 ν
2655 4597 2872 4662 Quonam
2893 4592 3090 4662 Qberth.
3103 4592 3251 4644 Seml.
3275 4593 3416 4657 LeOp.

2549 4657 2649 4724 (ID)
2691 4659 2856 4723 lisque
2880 4657 3009 4708 abest
3028 4672 3059 4708 (ι
3089 4667 3203 4707 Ven.

2155 4829 2716 4888 COMMENTARIUS.

860 4919 930 4984 (ει)
977 4915 1078 4971 Pro
1114 4919 1306 4971 ratione
1343 4919 1581 4988 temporis
1605 4959 1619 4982 ,
1652 4928 1755 4975 etc.
1806 4919 2092 4989 Perpcram
2149 4923 2376 4978 affirmat

789 4989 996 5064 veniant
1034 4989 1299 5064 corinthio
1341 5005 1676 5064 concessam,
1725 4992 2137 5046 siatltntttamus
2182 4996 2229 5046 id
2282 5011 2380 5064 pro

788 5063 993 5113 ratione
1038 5061 1291 5130 temporis
1335 5062 1529 5114 factum
1556 5101 1570 5124 ,
1618 5063 1754 5114 sicut
1792 5065 2255 5118 eireutncisionem
2283 5061 2380 5120 ⁷Τὶ-

791 5131 1025 5193 mothei;
1059 5134 1184 5184 nihil
1215 5133 1356 5186 cnim
1390 5133 1586 5184 habent
1621 5133 1758 5187 inter
1799 5150 1856 5190 se
1881 5151 2183 5189 commune.
2245 5137 2377 5190 Pau.

857 5202 1008 5257 CAP.
1042 5202 1224 5256 XVIII.
1248 5232 1316 5241 -—
1337 5202 1413 5273 (b)
1456 5201 1888 5275 Et‘atldictionent
1917 5208 2079 5259 onmis
2103 5209 2380 5275 pudicitiw.

789 5275 1000 5328 Addit-it
1031 5284 1244 5344 praetor,
1279 5289 1397 5327 eum
1421 5273 1546 5344 quid
1584 5275 1851 5343 proprium
1883 5277 2037 5331 alicui
2072 5273 2378 5347 eSsejubet.

1856 5348 1971 5404 llic.

863 5416 934 5487 (c)
967 5415 1068 5489 Per
1092 5433 1310 5489 cassum.
1342 5415 1583 5489 Latinius
1604 5459 1619 5483 ,
1655 5436 1743 5487 per
1771 5418 1998 5483 Esaiam,
2021 5419 2170 5474 Valde
2199 5421 2383 5489 proba-

790 5487 879 5541 bili
911 5486 1236 5557 ciiitjeetttr.t,
1267 5488 1364 5540 nisi
1397 5486 1547 5549 illud,
1578 5486 1666 5558 per
1691 5507 1908 5552 cassum,
1939 5503 2176 5545 veterum
2201 5486 2382 5546 riem-

791 5560 1014 5617 nlarium
1044 5560 1374 5630 auctoritate
1440 5559 1805 5627 confirmetur,
1854 5572 1910 5616 ut
1933 5563 1997 5616 sit
2046 5563 2096 5616 itt
2142 5578 2377 5630 cassum,

787 5631 1004 5685 frustra.
1039 5629 1156 5684 Βία.

864 5703 940 5770 (tl)
986 5700 1096 5754 Hoc
1137 5701 1199 5754 de
1236 5702 1443 5774 ecclesia
1482 5700 1614 5774 male
1635 5705 1911 5774 agentium.
1956 5704 2125 5760 Citata
2183 5705 2376 5761 Psaltni

787 5776 944 5826 verba
986 5782 1197 5845 torquet
1242 5772 1292 5845 in
1339 5771 1624 5842 Psychicos
1652 5771 1796 5829 suos.
1833 5778 2002 5845 Atque
2055 5779 2153 5831 hoc
2199 5779 2377 5832 colore

784 5861 934 5899 suam
963 5846 1030 5916 ab
1058 5843 1298 5916 Eeciesia
1333 5846 1687 5916 secessionem
1718 5843 1978 5916 praetexit.
2041 5847 2156 5903 Βία.

854 5916 930 5987 (el
974 5914 1038 5968 Ut
1063 5917 1198 5970 solus
1245 5915 1432 5985 plures.
1469 5914 1664 5972 Iterum
1714 5914 2017 5992 persiringit
2045 5920 2364 5986 Catholicos;

2482 4937 2535 4979 et
2562 4926 2790 4980 schisma
2821 4939 2975 4979 somn
3005 4923 3312 4978 consolatur
3332 4962 3346 4985 ,
3379 4919 3528 4991 quasi
3576 4922 3691 4987 ipse
3731 4921 3881 4974 solus
3929 4923 4055 4973 iuno-

2483 5000 2665 5050 centia.
2686 5013 2778 5050 sua
2807 4997 3013 5050 cinctus
3042 4997 3206 5048 instar
3230 4995 3456 5063 plurium
3478 4992 3548 5063 sit
3575 4991 3714 5058 apud
3742 4991 3930 5045 Deum.
3961 4993 4055 5058 Quo

2485 5083 2644 5121 sensu
2693 5067 2826 5121 dixit
2872 5069 3000 5120 alias
3031 5082 3134 5120 non
3183 5062 3384 5127 setnel,
3421 5062 3711 5117 Ecclesiam
3741 5077 3867 5116 esse
3901 5067 3947 5116 in
3972 5077 4056 5114 uno

2485 5149 2540 5193 et
2583 5141 2781 5201 altero;
2825 5139 2903 5191 sic
2944 5140 3117 5206 itaque
3146 5151 3223 5200 se,
3278 5136 3401 5190 licet
3443 5150 3563 5188 (υιιι
3618 5133 3800 5203 paucis
3851 5144 3905 5206 et
3956 5135 4053 5206 licet

2485 5211 2679 5272 solum,
2709 5203 3071 5271 nihilmnintts,
3115 5225 3266 5276 :qutto
3287 5224 3350 5259 ac
3375 5207 3416 5276 si
3447 5206 3643 5276 plures,
3675 5205 3853 5276 altare
3876 5203 4055 5257 Domini

2487 5281 2963 5335 circumdaturum.
3008 5279 3074 5332 Et
3122 5279 3200 5333 sic
3219 5277 3356 5346 apud
3404 5275 3786 5346 Tlteodorittnn
3841 5275 4054 5328 Liberius

2491 5352 2666 5420 I'Ipise.
2736 5351 2890 5404 Rom.
2967 5344 3310 5403 altercatione
3383 5348 3638 5401 adversus
3703 5344 4053 5399 Constantium

2485 5423 2622 5476 Ca-s.
2651 5440 2662 5473 :
2713 5428 2764 5477 οὖ
2794 5427 2873 5477 διὰ
2909 5432 2961 5478 τὸ
3003 5423 3124 5475 εἷναί
3147 5444 3205 5487 με
3229 5424 3365 5487 μόνον
3401 5423 3426 5472 ὁ
3453 5434 3538 5479 τίς
3568 5429 3764 5478 cies-cu:
3791 5424 4054 5474 ὓιττοῖνγιι

2485 5499 2634 5554 lane.
2669 5494 2782 5548 ΙΙιο.

2826 5581 2953 5634 ruga
2977 5565 3246 5617 vetustatis.
3280 5560 3391 5636 Hoc
3409 5563 3568 5636 etiam
3595 5559 3861 5636 adversus
3875 5558 4051 5636 Centho.

2487 5631 2819 5705 licus,quide
2845 5631 2936 5688 sua
2971 5645 3230 5688 vetustate
3245 5634 3500 5687 adversus
3523 5631 3754 5705 Montani
3785 5634 4050 5705 novitatem

2487 5702 2805 5778 pugnabant,
2843 5716 2896 5759 nt
2925 5705 3323 5759 observavimus
3366 5719 3543 5778 supra,
3589 5717 3687 5778 eos
3713 5703 3875 5778 igitur
3895 5702 4047 5770 Septi—

2482 5774 2619 5833 mius
2643 5779 2880 5847 agnoscit
2913 5777 3116 5848 priores
3143 5787 3198 5832 ct
3221 5775 3557 5839 vetustiores,
3588 5774 3682 5829 sed
3709 5774 3887 5843 arguit
3916 5786 4050 5842 rugas

2481 5853 2774 5907 vetusmtis.
2795 5849 2915 5906 Rlc.
