4220 6492
189 427 332 484 1017

1501 420 1704 480 LIBER
1747 421 1834 477 DE
1880 417 2218 478 PUDICITIA
2231 463 2244 476 .

3341 418 3480 478 1018

187 542 306 597 beat
333 541 558 604 admitti,
589 548 643 596 et
671 540 962 595 admissum
1003 552 1029 590 a
1076 538 1557 594 communicatione
1602 538 1779 591 detrtt-
1813 537 1864 596 Α
1894 546 1991 597 rat,
2023 537 2074 588 in
2104 534 2397 589 Ecclesium
2440 534 2663 589 latenter
2694 532 3090 601 introducebat,
3115 540 3170 590 et
3197 535 3388 590 merito
3418 533 3485 588 ad

185 637 300 694 dat.
335 637 450 690 sine
479 651 575 705 spe
600 634 919 689 conditionis
955 632 1113 686 ullius
1150 641 1240 685 ant
1282 631 1558 702 temporis,
1589 639 1785 684 nostrae

187 732 362 798 magis
389 727 668 783 sententia:
696 726 905 781 adsistit
933 740 1049 779 eam
1088 723 1449 793 paenitentiam
1495 723 1788 779 ostendens

189 821 477 875 Dominum
511 819 690 883 malle,
723 833 841 889 qua:
869 825 994 872 ante
1022 815 1200 879 Iidem,
1233 831 1351 885 qua:
1378 825 1501 868 ante
1527 815 1786 884 baptisma

188 925 366 966 morte
391 911 684 981 peccaturis
709 911 885 980 potior
914 909 1170 963 habeatur
1193 948 1207 972 ,
1233 907 1399 962 semel
1428 906 1664 960 diluendi
1697 922 1790 975 per

185 1005 389 1059 Chrisu
441 1005 702 1075 gratiam,
757 1003 919 1059 semel
971 1016 1070 1072 pro
1107 1000 1338 1071 peccatis
1381 1001 1576 1054 nostris
1619 1012 1790 1054 morte

187 1097 370 1152 (inuicti.
415 1094 544 1148 Nam
571 1097 674 1149 hoc
699 1094 857 1148 etiam
889 1095 939 1148 in
972 1108 1063 1146 sua
1093 1105 1319 1162 persona
1357 1091 1643 1160 Apostolus
1681 1099 1792 1145 sta-

191 1192 315 1243 tu't.
347 1186 653 1242 Adfirmans
696 1186 837 1242 enim
895 1185 1166 1238 Christum
1207 1183 1274 1237 ad
1327 1183 1426 1237 hoc
1475 1183 1685 1245 venisse,
1737 1191 1792 1236 ut

188 1285 480 1349 peccatores
503 1280 671 1333 salvos
699 1279 907 1346 faceret,
946 1293 1158 1344 quorum
1208 1277 1399 1344 primus
1435 1275 1544 1344 ipse
1593 1275 1789 1345 fuisset,

187 1373 318 1443 quid
350 1373 573 1442 adjicit?
603 1371 670 1425 Et
711 1371 1110 1424 misericordiam
1141 1385 1254 1423 sum
1297 1377 1592 1422 consecutus
1613 1409 1626 1431 ,
1667 1383 1792 1433 quo.

187 1467 332 1519 niam
375 1467 614 1535 ignorans
669 1465 765 1534 feci
819 1464 1168 1517 incredulitate
1224 1461 1519 1532 (lTint.,|,
1553 1460 1665 1532 16).
1720 1460 1792 1514 lla

187 1558 475 1615 clementia
518 1557 606 1612 illa
658 1557 789 1620 Dei,
838 1556 1086 1610 malentis
1134 1556 1497 1624 ptenitentiam
1546 1564 1792 1624 peccato.

186 1650 268 1704 ris
315 1664 473 1718 quam
503 1658 749 1712 mortem,
797 1647 862 1702 ad
918 1648 1221 1718 ignorantes
1280 1646 1454 1701 adhuc
1515 1655 1570 1700 et
1621 1645 1795 1701 adhuc

189 1741 497 1796 incredulos
553 1750 801 1810 spectat,
856 1756 1082 1810 quorum
1135 1754 1322 1794 caussa
1396 1739 1790 1795 liberandorum

189 1833 403 1887 venerit
456 1832 739 1895 Christus,
789 1847 894 1886 non
953 1833 1040 1902 qui
1077 1832 1186 1901 jam
1247 1832 1410 1887 Deum
1464 1832 1680 1896 norint,
1740 1840 1794 1886 et

1892 631 2255 701 pn‘niicmittm
2308 629 2547 700 urgebat.
2588 628 2685 684 Cui
2716 630 2857 684 enim
2888 629 3106 682 dubium
3151 639 3233 684 est
3279 630 3488 681 Ib'l‘l‘Cli-

1890 736 2010 776 cmn
2040 722 2369 776 institutione
2396 722 2712 792 deceptum,
2753 723 2968 791 cognito
2999 721 3334 791 postmodum
3358 738 3486 776 casu

1891 821 1941 867 et
1966 812 2276 883 pmnitentia
2300 813 2510 882 expiato
2533 853 2550 879 ,
2597 821 2651 867 et
2677 812 2884 866 veniam
2921 812 3212 883 consequi,
3254 822 3306 866 ct
3330 812 3404 885 (a)
3433 814 3487 868 in

1894 904 2186 960 Ecclesium
2214 906 2423 975 redigi?
2467 905 2618 962 Unde
2647 917 2702 962 et
2738 905 2876 976 apud
2909 921 3006 962 nos
3035 916 3091 960 ιιι
3113 907 3327 962 etlmico
3356 922 3450 976 par
3469 948 3483 973 ,

1894 997 2002 1052 imo
2033 1007 2086 1052 et
2123 1012 2284 1070 super
2323 998 2596 1054 ethnicum
2640 1000 2921 1055 haereticus
2965 999 3038 1072 (ὁ)
3080 1001 3238 1055 etiam
3271 1015 3366 1070 per
3392 1001 3487 1056 ba-

1895 1087 2087 1158 ptisma
2117 1090 2354 1143 veritatis
2378 1087 2450 1162 (c)
2475 1097 2702 1160 ntr0que
2730 1091 2944 1147 homine
2993 1089 3077 1164 ('2)
3119 1103 3372 1163 purgatus
3395 1094 3489 1147 ad-

1895 1179 2141 1234 mittitur.
2169 1184 2276 1234 Aut
2309 1180 2352 1234 si
2384 1191 2567 1235 certus
2594 1197 2652 1237 es
2675 1183 2947 1238 mulierem
2980 1183 3122 1238 illam
3146 1225 3162 1250 ,
3192 1196 3305 1253 post
3331 1185 3485 1240 tidem

1894 1272 2068 1326 vivam
2096 1315 2108 1335 ,
2160 1273 2210 1326 in
2245 1273 2474 1329 haeresin
2523 1283 2700 1344 postea
2729 1277 3064 1346 exspirasse,
3107 1286 3160 1331 ιιι
3199 1292 3302 1332 non
3338 1280 3488 1348 quasi

1897 1362 2164 1418 haeretica:
2185 1405 2200 1428 ,
2234 1363 2327 1419 sed
2355 1365 2504 1434 quasi
2532 1365 2670 1422 lidcli
2702 1369 2979 1437 peccatrici
3003 1410 3016 1432 ,
3047 1369 3257 1424 veniam
3287 1386 3348 1424 es
3379 1385 3490 1440 pce-

1897 1453 2114 1509 nitentia
2146 1454 2384 1511 vindices
2422 1455 2522 1530 (3),
2557 1456 2634 1529 (ά)
2664 1474 2794 1515 sane
2835 1470 2953 1530 agat
2979 1460 3367 1530 paenitentiam,
3392 1462 3488 1518 sed

1898 1545 1950 1600 in
1985 1547 2144 1602 ﬁnem
2167 1549 2432 1616 nitecbiaa,
2468 1565 2572 1604 non
2601 1560 2778 1606 tamen
2809 1563 2862 1607 et
2892 1554 3274 1609 restitutionem
3297 1570 3488 1610 conse-

1896 1648 2104 1696 cutura.
2148 1641 2272 1697 "1‘0
2301 1643 2444 1699 enim
2474 1645 2578 1700 erit
2604 1647 2909 1715 paenitentia
2931 1689 2944 1710 ,
2984 1663 3140 1718 qnatn
3171 1658 3224 1703 et
3264 1664 3362 1703 nos
3392 1648 3487 1704 tle-

1898 1729 2009 1786 beri
2039 1733 2253 1802 quidem
2295 1736 2632 1804 agnoscimus
2659 1736 2828 1791 multo
2853 1739 3018 1808 magis
3043 1781 3055 1802 ,
3104 1739 3197 1804 sed
3240 1739 3306 1793 de
3337 1740 3488 1793 venia

1899 1823 2007 1878 Deo
2035 1839 2387 1881 reservamus.
2425 1827 2660 1898 Denique
2682 1845 2741 1883 ea
2770 1829 3117 1902 Apocalypsis
3141 1832 3190 1884 in
3225 1833 3488 1900 poSterio-

188 1935 585 1979 sacramentum
631 1924 915 1980 didicerim
986 1925 1130 1979 ﬁdei,
1196 1925 1348 1992 Quod
1402 1925 1446 1978 si
1506 1925 1789 1980 clementia
1823 1927 1868 1986 Β
1901 1914 2044 1968 ribus
2077 1915 2426 1984 propudiosos
2455 1929 2505 1973 et
2537 1919 2907 1985 fornicatores,
2934 1922 3068 1976 sicut
3099 1923 3311 1977 timidos
3337 1934 3388 1978 et
3411 1924 3491 1977 in-

190 2016 288 2072 Dei
358 2016 722 2087 ignorantibus
798 2016 972 2070 adlmc
1040 2027 1095 2072 et
1143 2015 1443 2071 infidelibus
1510 2018 1788 2085 competit,

191 2107 382 2178 utique
438 2117 492 2163 et
544 2110 853 2179 poenitentia
912 2108 976 2162 ad
1031 2124 1090 2164 se
1137 2109 1471 2164 clementiam
1543 2110 1728 2164 invitat
1775 2152 1791 2178 ,

190 2201 342 2254 salva
384 2201 468 2253 illa
509 2201 837 2270 pceniti-ntite
874 2200 1051 2269 specie
1084 2208 1203 2268 post
1241 2199 1426 2264 tidem,
1459 2216 1577 2270 quas
1600 2211 1689 2254 aut
1719 2201 1793 2257 le-

191 2291 442 2346 vioribus
465 2292 673 2348 delictis
699 2294 903 2347 veniam
933 2291 1001 2345 ab
1021 2293 1273 2361 episcopo
1299 2293 1552 2362 consequi
1578 2293 1789 2362 poterit,

192 2394 285 2436 aut
317 2382 607 2453 majoribus
632 2393 685 2439 et
710 2384 1165 2440 irrcmissibilibns
1193 2398 1222 2435 a
1255 2383 1361 2439 Deo
1387 2384 1524 2438 solo.

789 2475 1014 2531 CAPUT
1055 2473 1194 2530 XIX.

269 2567 374 2621 Sed
403 2581 632 2636 quonam
674 2582 840 2636 usque
874 2568 939 2622 de
969 2567 1135 2622 Paulo
1154 2609 1167 2632 ,
1203 2567 1416 2638 quando
1442 2566 1602 2623 etiam
1632 2567 1793 2624 Joan-

195 2678 298 2716 nes
329 2664 507 2716 nescio
545 2661 668 2732 quid
695 2662 922 2717 diverse
961 2661 1095 2731 parti
1135 2662 1493 2732 supplaudere
1525 2662 1793 2719 videatur?

195 2755 350 2824 quasi
402 2754 454 2806 in
496 2753 814 2823 Apocalypsi
857 2752 1135 2808 manifeste
1181 2753 1512 2808 lornicationi
1557 2755 1794 2824 posuerit

198 2845 528 2915 ιιωιιὶιυιιιίςυ
553 2845 824 2909 auxilium,
861 2845 947 2898 ubi
974 2845 1038 2899 ad
1067 2847 1314 2915 angelum
1346 2846 1791 2917 Thyatirenorum

195 2938 419 3006 spiritus
447 2936 662 2991 mandat
693 2936 890 2990 habere
919 2951 978 2992 se
1002 2936 1263 2992 adversus
1288 2952 1409 2992 eum
1429 2979 1442 3002 ,
1474 2937 1614 3008 quod
1646 2946 1790 2993 tene-

198 3038 283 3082 ret
315 3030 568 3082 mulierem
623 3028 701 3100 (1)
728 3027 954 3093 Jezabel,
995 3044 1107 3098 qua:
1158 3044 1211 3082 se
1247 3029 1522 3097 prapheten
1549 3030 1701 3092 dicit,
1745 3039 1792 3082 et

196 3123 343 3173 docet
369 3130 514 3186 atque
533 3122 726 3174 seducit
747 3136 914 3174 sentos
941 3135 1078 3173 meos
1097 3119 1164 3171 ad
1191 3120 1550 3189 [ornicandum
1571 3131 1615 3174 et
1643 3121 1793 3174 eden-

195 3215 322 3267 dum
355 3215 416 3266 de
439 3214 755 3283 idolothytis.
795 3212 859 3266 Et
891 3213 1105 3283 largitus
1146 3228 1261 3265 sum
1300 3212 1376 3265 illi
1406 3213 1643 3281 temporis
1673 3229 1793 3281 spa-

1895 2007 2144 2062 credulos
2176 2020 2229 2064 et
2255 2010 2548 2066 homicidas
2578 2023 2632 2066 et
2664 2013 2931 2068 venclicos
2970 2026 3024 2070 et
3054 2015 3389 2080 itlolnlatras,
3419 2017 3489 2088 (ε)

1896 2101 1984 2171 qui
2049 2101 2152 2156 tale
2207 2103 2332 2172 quid
2366 2103 2416 2157 in
2453 2103 2556 2158 lide
2595 2103 2792 2160 fuerint
2820 2106 2902 2176 (4)
2927 2147 2940 2171 ,
2989 2107 3038 2160 in
3070 2116 3313 2176 stagnant
3357 2109 3492 2177 ignis

1896 2193 2012 2246 sine
2038 2192 2140 2246 nlla
2168 2193 2511 2249 conditionali
2542 2195 2887 2251 damnatione
2917 2198 3172 2251 decrevit.
3204 2198 3319 2253 Non
3348 2199 3489 2254 enim

1895 2284 1964 2340 de
1992 2285 2219 2341 ethnicis
2241 2287 2505 2342 videbitur
2525 2305 2712 2358 sapere
2743 2305 2862 2345 cum
2887 2289 2954 2344 de
2983 2290 3226 2346 lidelilms
3259 2307 3492 2362 pronun-

1898 2380 2039 2434 tiarit
2071 2398 2082 2432 :
2113 2380 2214 2447 Qui
2249 2381 2454 2434 uicerint
2478 2423 2492 2443 ,
2536 2382 2828 2436 haereditate
2863 2382 3113 2436 habebunt
3145 2383 3242 2436 ista
3283 2383 3385 2455 (ὅ),
3438 2393 3493 2439 et

1896 2488 1982 2526 ero
2011 2472 2114 2525 illis
2137 2470 2292 2537 Deus,
2326 2472 2472 2527 etilli
2499 2469 2626 2526 mihi
2652 2475 2704 2527 in
2729 2474 2865 2543 ﬁlios
2887 2491 2906 2540 ;
2939 2485 2991 2529 et
3022 2477 3088 2528 ita
3118 2477 3452 2545 subjunxerit
3476 2495 3490 2532 :

1899 2561 2110 2616 Timidis
2143 2575 2312 2619 autem
2342 2574 2388 2618 et
2425 2564 2700 2620 incredulis
2725 2577 2772 2620 et
2802 2563 2872 2639 (γ’)
2909 2566 3233 2636 propndiosis
3261 2577 3306 2620 et
3335 2569 3494 2638 {orni-

1895 2654 2148 2708 catoribus
2173 2663 2217 2708 et
2252 2656 2517 2709 homicidis
2541 2671 2586 2708 et
2621 2657 2856 2725 veneﬁcis
2875 2658 3221 2712 ctidololatris
3244 2659 3493 2727 particula

1897 2746 1947 2800 in
1983 2757 2161 2817 stagno
2203 2749 2335 2818 ignis
2374 2759 2420 2804 et
2461 2750 2762 2818 sulphuris,
2809 2751 2945 2818 quod
2986 2765 3057 2805 est
3097 2769 3231 2806 mors
3273 2756 3494 2807 secunda

1897 2843 2105 2915 (Apoc.,
2126 2843 2270 2908 XXI,
2296 2843 2406 2915 78).
2436 2844 2523 2899 Sic
2548 2856 2600 2899 et
2624 2861 2806 2899 rursus
2832 2861 2846 2898 :
2873 2845 3016 2900 Beati
3035 2847 3121 2916 qui
3143 2864 3205 2900 ea:
3229 2849 3494 2917 pra’ceptis

1897 2946 2074 3003 agunt,
2109 2947 2160 2988 ut
2186 2937 2237 2988 in
2259 2936 2453 3006 lignum
2479 2938 2593 2990 vita:
2621 2938 2836 2991 habeant
2864 2947 3198 3007 potestatem,
3232 2950 3278 2991 et
3298 2940 3349 2991 in
3379 2957 3495 3007 por-

1897 3036 1974 3080 tus
1999 3028 2065 3080 ad
2092 3029 2450 3082 introeundum
2479 3029 2529 3081 in
2557 3039 2786 3082 sanctam
2816 3031 3089 3083 ciritatcm.
3124 3028 3276 3084 Canis
3295 3073 3308 3094 ,
3345 3047 3495 3085 vene-

1897 3119 2024 3186 ]icus
2045 3161 2060 3186 ,
2095 3121 2394 3189 fornicator,
2423 3121 2711 3185 homicida,
2744 3124 2881 3192 [oras
2915 3121 3114 3194 (Apoc.
3136 3164 3151 3188 ,
3182 3121 3355 3188 XX“,
3390 3124 3456 3178 14
3476 3166 3490 3189 ,

1902 3213 1966 3267 15
1994 3212 2046 3283 );
2081 3215 2261 3282 utique
2287 3214 2376 3283 qui
2409 3229 2513 3268 non
2542 3229 2606 3267 ex
2641 3216 2918 3283 praeceptis
2940 3224 3098 3285 agant
3131 3233 3143 3269 :
3175 3215 3384 3270 illormn
3413 3226 3495 3270 est

195 3309 350 3370 tium,
383 3318 437 3360 ut
464 3308 807 3378 paenitentiam
832 3309 1014 3373 iniret,
1049 3323 1138 3361 nec
1165 3307 1270 3361 vult
1301 3323 1409 3362 eam
1436 3308 1563 3360 inire
1592 3312 1792 3360 nomine
1819 3317 1862 3380 C
1899 3307 2040 3361 enim
2089 3306 2230 3361 foras
2267 3306 2381 3361 dari
2429 3307 2516 3377 qui
2566 3307 2708 3362 intus
2744 3306 2976 3361 luerunt.
3021 3307 3287 3361 Caeterum
3318 3351 3333 3372 ,
3373 3308 3494 3375 quid

193 3399 571 3466 fornicationis.
603 3398 733 3452 Ecce
758 3399 888 3452 dabo
912 3416 1022 3453 eam
1049 3401 1101 3452 in
1130 3401 1310 3454 lectum
1332 3440 1345 3464 ,
1369 3409 1415 3453 et
1437 3401 1652 3453 marchos
1682 3401 1790 3469 ejus

194 3509 317 3547 cum
343 3493 452 3562 ipsa
473 3495 524 3546 in
549 3494 825 3547 maximam
855 3509 1163 3561 pressuram,
1193 3493 1292 3546 nisi
1313 3492 1655 3562 paenitentiam
1678 3507 1792 3561 ege-

193 3589 301 3640 rint
331 3601 540 3655 opet'um
566 3586 674 3656 ejus
704 3584 901 3657 (Apoc.
933 3582 995 3646 II,
1025 3582 1252 3655 20-22).
1283 3584 1425 3639 Bene
1447 3593 1621 3638 autem
1649 3583 1792 3654 quod

194 3677 470 3746 Apostolis
505 3686 559 3730 et
598 3677 716 3730 lidei
746 3685 799 3730 et
826 3675 1118 3744 disciplinas
1148 3675 1342 3745 regulis
1372 3677 1641 3730 convenit.
1674 3676 1795 3729 Sive

191 3771 331 3824 enim
352 3785 466 3837 ego,
491 3769 678 3839 inquit,
704 3769 805 3822 sive
828 3769 928 3836 illi,
951 3768 1023 3821 sic
1051 3769 1385 3837 prtcdicamus
1413 3765 1476 3838 (Il
1500 3764 1644 3831 Cor.,
1677 3765 1790 3830 XV,

197 3861 292 3931 11)
347 3860 534 3914 Tetius
565 3862 740 3928 itaque
780 3861 1098 3915 Sacramenti
1142 3860 1362 3914 inzerest
1404 3858 1530 3912 nihil
1571 3856 1794 3912 credere

193 3956 266 4010 ab
307 3952 511 4007 Joanne
548 3965 892 4015 concessum,
939 3951 1077 4020 quod
1107 3966 1134 4002 a
1165 3950 1328 4003 l’aulo
1357 3950 1425 4002 sit
1450 3949 1791 4018 denegatum.

195 4045 348 4099 Hanc
374 4042 726 4114 :equalitatcm
751 4027 1170 4111 SpiritnsSancti
1201 4041 1288 4109 qui
1317 4038 1702 4103 observaverit,
1726 4039 1793 4092 ab

193 4139 315 4208 ipsa
342 4136 702 4191 deduceturin
729 4150 920 4190 sensus
940 4134 1078 4204 ejus.
1105 4133 1417 4188 Ilsereticmn
1448 4133 1588 4186 enim
1619 4132 1793 4188 itemi-

193 4244 346 4294 nam,
379 4243 498 4300 qua:
514 4226 653 4298 quod
679 4227 938 4283 didicerat
959 4241 990 4282 a
1017 4226 1288 4282 Nicolaitis
1313 4226 1507 4282 docere
1533 4240 1788 4294 suscepe-

1896 3402 2021 3453 mihi
2049 3417 2133 3454 eos
2160 3401 2245 3470 qui
2269 3401 2391 3470 foris
2417 3411 2535 3455 sunt
2547 3401 2815 3472 judicare(
2842 3401 2858 3455 Ι
2885 3400 3028 3465 Cor.,
3063 3399 3128 3460 Υ.
3163 3401 3229 3455 12
3256 3400 3316 3470 )?
3353 3417 3492 3470 pm:-

1897 3503 2152 3548 cesserat.
2190 3494 2262 3548 De
2291 3494 2513 3563 epistola
2547 3509 2759 3563 quoque
2787 3492 3006 3548 Joannis
3035 3503 3260 3562 carpunt
3285 3493 3488 3550 statim.

1899 3585 2106 3641 Dictum
2145 3593 2267 3642 est:
2302 3586 2528 3656 Sanguis
2570 3584 2697 3639 Filii
2720 3587 2827 3649 eius
2857 3586 3095 3639 cmundat
3125 3603 3216 3640 nos
3258 3587 3320 3638 ab
3356 3589 3494 3641 omni

1899 3680 2082 3732 delicto
2122 3678 2140 3749 (
2171 3679 2186 3732 Ι
2214 3679 2372 3732 Joan.
2399 3678 2438 3742 l,
2470 3679 2499 3733 ’ἔ
2529 3677 2568 3749 ).
2621 3676 2846 3747 Semper
2887 3692 3019 3745 ergo
3063 3686 3118 3730 ct
3157 3678 3491 3732 omnifariam

1898 3772 2296 3838 delinquemus,
2343 3771 2388 3826 si
2418 3785 2631 3840 semper
2655 3780 2708 3825 et
2731 3772 2799 3826 ab
2840 3771 2984 3826 omni
3015 3770 3206 3826 delicto
3235 3771 3494 3826 enmndat

1899 3878 1997 3918 nos
2019 3865 2139 3928 ille;
2173 3871 2263 3916 aut
2281 3861 2327 3917 si
2357 3878 2461 3916 non
2492 3876 2727 3931 semper,
2758 3877 2862 3916 non
2888 3863 3047 3916 etiam
3077 3872 3196 3931 post
3217 3863 3404 3928 tidem;
3438 3874 3493 3917 et

1898 3954 1943 4008 si
1984 3971 2088 4009 non
2131 3956 2198 4010 ab
2231 3954 2379 4009 omni
2418 3953 2611 4009 delicto
2636 3994 2650 4017 ,
2694 3969 2798 4006 non
2838 3953 2996 4007 etiam
3047 3969 3073 4004 a
3123 3954 3490 4010 fornicatione.

1899 4046 2050 4102 Unde
2078 4058 2253 4101 autem
2276 4061 2499 4102 exorsus
2520 4045 2634 4100 est?
2660 4043 2861 4099 Lumen
2886 4044 3197 4113 prtedixerat
3229 4045 3414 4108 Deum,
3438 4055 3493 4099 ct

1896 4137 2147 4192 tenebras
2175 4155 2278 4194 non
2307 4153 2426 4193 esse
2461 4139 2510 4192 in
2542 4139 2630 4192 illo
2656 4178 2668 4200 ,
2701 4146 2757 4192 et
2787 4137 2997 4191 mentiri
3045 4151 3140 4190 nos
3170 4135 3212 4190 si
3251 4136 3490 4190 dicamus

1897 4246 1995 4286 nos
2037 4229 2464 4286 communionem
2517 4230 2714 4286 habere
2752 4245 2872 4285 cum
2909 4245 3014 4297 eo,
3060 4243 3114 4286 et
3159 4229 3210 4284 in
3257 4229 3490 4284 tenebris

1408 4365 1785 4424 LECTIONES
1827 4367 2244 4424 VARlANTES.

367 4573 570 4622 Nomine
593 4574 713 4622 Jun.
743 4573 844 4622 Lat.

256 4511 274 4630 ἓ
284 4511 311 4603 1)
315 4509 334 4633 ξ
367 4511 508 4622 guod
733 4507 937 4622 ﬁabel
957 4507 1121 4560 Paris.

286 4609 310 4620 ..
409 4588 538 4622 0min
704 4611 713 4620 .
834 4611 844 4621 .

257 4609 332 4697 233
368 4609 983 4685 ἓῖιὶὶιῖἓὲιὲἓῆιιῗὸὶιενιιι.

1820 4617 1874 4677 D

1958 4506 2032 4633 tl)
2068 4507 2240 4557 Fuerit
2259 4507 2418 4578 .Fran.

1984 4571 2034 4628 ὅ)
2071 4569 2418 4619 Hereditatem

1984 4571 2034 4628 ὅ)
2071 4569 2489 4619 Hereditatem...
2513 4571 2650 4621 istam
2669 4573 2794 4623 Par.

1567 4737 2125 4794 COMMENTARIUS.

263 4857 417 4912 CAP.
439 4856 579 4913 XIX.
602 4887 672 4900 --
693 4855 770 4931 (a)
796 4855 862 4931 l_n
892 4855 1378 4931 Ecclesiamredigi.
1413 4853 1466 4908 In
1494 4854 1783 4931 Ecclesium

185 4931 443 4983 redactus
472 4931 664 4985 dicitur
690 4926 771 4982 cui
803 4928 1041 4983 Ecclesia
1069 4926 1330 4993 redditur,
1365 4927 1467 4981 hoc
1498 4935 1581 4982 est
1609 4926 1784 4981 eccle-

186 5001 424 5054 siaSticze
455 5003 596 5068 pacis
625 4999 1058 5053 communicatio.
1091 4998 1212 5054 Ilio.

267 5069 348 5140 (Il)
403 5069 504 5122 Per
546 5070 794 5141 baptisma
839 5071 1082 5124 veritatis.
1135 5071 1243 5122 Etsi
1286 5077 1435 5135 recte
1495 5069 1788 5141 hereticum

187 5143 510 5195 institutione
535 5140 813 5208 deCeptum,
833 5142 1031 5211 cognito
1055 5141 1369 5210 postmodum
1387 5157 1508 5193 casu
1543 5149 1589 5193 et
1624 5140 1786 5211 poeni-

189 5213 352 5265 tentia
382 5213 582 5280 expiato
606 5254 620 5277 ,
651 5213 844 5265 reniam
881 5210 1114 5280 consequi
1155 5221 1381 5274 asserat,
1426 5221 1603 5265 tamen
1643 5210 1790 5264 addit

189 5301 284 5362 per
323 5282 575 5352 baptisma
607 5283 826 5337 veritatis
851 5294 1139 5362 purgatum,
1168 5291 1326 5362 atque
1365 5281 1568 5362 atl_eo_;..
1601 5297 1787 5362 seque-

189 5355 350 5406 Intltlr
399 5369 581 5408 eorum
622 5369 860 5407 errorem
910 5355 997 5422 qui
1047 5353 1330 5407 inereticos
1372 5354 1435 5406 ad
1489 5352 1783 5408 Ecclesium

188 5425 472 5479 venientes
493 5424 836 5495 baptizandus
860 5425 1130 5493 putabant.
1167 5424 1302 5477 Pius.

267 5499 342 5564 (c)
376 5493 600 5566 Utroque
630 5497 830 5551 homine
867 5508 1133 5567 purgatus.
1177 5495 1309 5549 Nam
1340 5494 1544 5567 ethnici
1581 5494 1648 5547 ab
1679 5493 1786 5548 lue-

190 5570 378 5623 reticis
409 5565 652 5637 baptizati
675 5609 690 5634 ,
732 5584 826 5635 pro
862 5565 1086 5621 etin—uicis
1117 5567 1449 5620 habebantur
1474 5609 1486 5623 .
1533 5565 1633 5618 hoc
1660 5577 1736 5617 est
1766 5608 1781 5630 ,

189 5654 358 5707 super
391 5638 661 5692 etlmicum
703 5638 988 5693 ht-reticis.
1039 5639 1218 5708 Itaque
1265 5639 1315 5692 in
1360 5637 1782 5689 nrtlmtluxormn

192 5709 488 5764 Ecclesiatn
514 5710 675 5779 recipi
697 5710 741 5763 si
773 5710 1121 5778 postularent,
1153 5710 1326 5762 denuo
1357 5708 1780 5776 baptizabantur,

189 5782 262 5836 ita
295 5791 350 5833 ut
376 5780 589 5835 homine
626 5791 850 5904 utrorum
892 5790 1272 5850 purgarentur,
1313 5778 1529 5834 ethnicu
1575 5779 1664 5832 illo
1697 5793 1784 5831 ve-

190 5853 314 5904 teri.
342 5861 393 5904 et
420 5851 743 5904 sunerductn
808 5851 1037 5904 :nretico.
1070 5851 1188 5904 Rte.

190 5853 314 5913 teri,
342 5851 743 5922 etsuperductn
767 5851 1037 5906 harretico.
1070 5851 1188 5906 Rue.

263 5923 343 5995 (d)
373 5918 512 5978 Sane
529 5934 649 5995 agat
671 5923 1032 5995 penitentiam,
1061 5923 1148 5978 sed
1167 5922 1218 5975 in
1241 5921 1390 5990 ﬁnem
1418 5919 1664 5975 nuechite.
1694 5918 1785 5974 Sic
1815 6000 1819 6003 1

1894 4864 2013 4925 agat
2045 4854 2411 4923 pcenilcntiam
2435 4895 2450 4915 .
2499 4865 2555 4909 ut
2586 4873 2610 4906 ιι
2657 4857 2883 4912 mmcbia
2915 4869 3087 4915 cesset
3117 4877 3130 4914 :
3161 4860 3358 4915 etenim
3378 4903 3392 4926 ,
3433 4869 3492 4916 ut

1895 4926 2244 4998 Supradixit,
2273 4926 2483 4980 cessatio
2513 4927 2682 4980 delicti
2703 4930 2854 4984 radix
2879 4941 2950 4984 est
2978 4931 3152 4985 venite.
3195 4931 3360 4998 llnjus
3396 4947 3489 4986 au-

1897 5006 2003 5072 tem
2035 4996 2213 5052 delicti
2247 4999 2462 5072 veniam
2495 5013 2522 5072 ξι
2561 4998 2668 5072 Deo
2706 5001 3026 5066 Sperandam
3058 5018 3177 5057 esse
3207 4996 3288 5056 ait
3311 5003 3489 5072 Septi-

1895 5069 2052 5132 mius,
2083 5083 2186 5121 non
2212 5069 2281 5123 ab
2313 5068 2571 5136 Ecclesia,
2598 5071 2670 5124 uti
2691 5087 2788 5125 nec
2819 5072 3154 5136 idololatrim,
3188 5088 3285 5126 nec
3316 5068 3489 5126 hinni-

1895 5138 2038 5192 cidii.
2077 5139 2186 5193 lloc
2215 5149 2321 5193 tam
2353 5139 2536 5208 rigide,
2566 5150 2621 5193 ut
2648 5143 2858 5198 inmune
2889 5144 2978 5197 illo
3005 5155 3154 5199 extra
3191 5142 3488 5198 Ecclesium

1897 5212 2152 5282 projecto,
2187 5209 2372 5282 ﬁdeles
2393 5211 2570 5265 caeteri
2592 5212 2928 5282 disciplinam
2961 5217 3188 5270 habeant
3221 5232 3323 5268 non
3350 5230 3486 5268 ιιιωο

1893 5279 2107 5334 chandi.
2155 5281 2244 5335 Sic
2285 5280 2425 5336 enim
2460 5283 2570 5351 ipse
2611 5279 2848 5353 ApuStoli
2880 5286 3040 5341 verba
3087 5288 3483 5357 interpretatur.

3045 5359 3161 5413 RIG.

1966 5421 2038 5499 (ιζ)
2071 5423 2171 5487 Qui
2199 5424 2310 5499 tale
2348 5427 2469 5494 quid
2497 5428 2549 5480 in
2582 5430 2680 5492 fide
2722 5429 2927 5496 (crerint.
2970 5428 3080 5483 Iloc
3110 5438 3222 5494 est,
3259 5429 3348 5499 qtti
3383 5427 3486 5482 tale

1889 5493 2026 5566 quid
2049 5504 2164 5566 p981
2199 5493 2520 5562 bapti~tnttnt
2552 5493 2907 5566 peccaverint.
2941 5500 3055 5553 lltc.

1961 5563 2025 5635 (l)
2071 5565 2444 5633 Propudiosos.
2499 5563 2846 5634 Propudiosos
2899 5573 3122 5624 vertitur
3148 5572 3215 5625 ab
3255 5572 3485 5626 Auctore

1892 5637 2033 5704 quod
2063 5651 2234 5704 graece
2265 5649 2343 5712 est
2371 5644 2718 5708 δεδτλυνμὲηις
2742 5684 2752 5704 ,
2780 5657 2874 5710 pro
2902 5658 3006 5712 quo
3037 5641 3288 5709 Vulgatus
3320 5642 3485 5698 inter-

1894 5722 2013 5774 pres
2032 5711 2391 5781 emat-audis,
2433 5721 2487 5764 et
2513 5723 2667 5767 caute
2697 5711 3034 5781 pr:rtermisit
3063 5713 3405 5778 peccatoribus
3432 5719 3486 5765 et

1892 5778 2210 5832 mendacibus
2231 5823 2243 5842 ,
2273 5797 2339 5836 eo
2377 5783 2517 5852 quod
2551 5800 2655 5838 non
2687 5778 2856 5838 multo
2886 5795 3000 5853 post
3025 5786 3211 5836 iterum
3237 5783 3482 5852 qnaulam

1893 5860 2104 5929 Ρῦουξξιη
2149 5853 2480 5909 remissibilia
2513 5864 2814 5929 agnoscat,
2841 5865 2895 5909 et
2941 5856 3076 5911 inter
3118 5870 3180 5910 ea
3214 5864 3299 5910 aut
3343 5869 3484 5910 uere-

1890 5921 2074 5974 cundia
2100 5929 2186 5975 aut
2213 5929 2503 5982 necessitate
2531 5921 2752 5984 mentiri.
2788 5927 2921 5982 ΡΑιι.
