4220 6492
746 402 884 461 l0l9

2147 404 2603 461 TEli'l'lJlJJANI

3902 409 3919 462 ι
3936 406 4049 463 020

743 518 1071 577 incedantus.
1098 520 1157 577 Si
1185 537 1318 587 vero,
1347 520 1533 593 inquit.
1568 522 1619 576 in
1645 520 1833 576 lumine
1852 521 2164 584 int-edamus,
2189 538 2325 574 cmn-
2362 523 2405 581 Α
2440 524 2542 575 nati
2588 529 2703 576 sunt
2732 538 2745 583 ;
2792 521 2873 575 isti
2915 520 3273 591 deliuqucudo
3296 564 3310 586 ,
3362 520 3483 592 quia
3516 521 3582 577 de
3613 521 3828 576 diabolo
3867 532 3997 573 sunt
4028 538 4041 581 ;

745 616 1028 669 munionem
1070 631 1184 668 cum
1219 630 1278 669 eo
1312 614 1624 680 habebimus,
1656 623 1701 667 et
1739 614 1945 685 sanguis
1985 613 2105 668 Jesu
2147 614 2334 667 Christi

743 704 950 759 Domini
978 708 1139 761 nostri
1166 707 1405 763 emundat
1439 722 1530 761 nos
1559 706 1620 760 ab
1642 707 1778 760 onmi
1804 708 1984 760 delicto
2013 709 2029 775 (
2062 705 2196 759 Ibid.
2224 747 2235 769 ,
2265 706 2328 769 5,

740 815 848 875 sqq.
876 798 914 871 ).
948 799 1090 870 Ergo
1120 800 1170 854 in
1202 801 1398 856 lumine
1430 800 1739 856 incedentes
1763 801 2119 870 delinquimus
2145 844 2158 866 ,
2200 813 2252 855 et
2282 802 2331 854 in

743 891 944 945 lumine
982 892 1356 963 delinquentes
1374 892 1824 946 emundahimur?
1852 891 2008 946 Nullo
2040 903 2206 962 pacto.
2234 892 2332 960 Qui

741 984 882 1038 enim
914 984 1174 1054 delinquit
1198 1024 1213 1045 ,
1264 1000 1366 1038 non
1398 985 1446 1037 in
1478 984 1675 1038 lumine
1706 994 1785 1038 est
1812 1026 1827 1049 ,
1875 984 1967 1038 sed
1997 985 2046 1038 in
2079 986 2329 1039 tenebris.

742 1076 895 1133 Unde
924 1086 979 1133 et
1004 1076 1239 1133 ostendit
1257 1077 1525 1148 quomodo
1551 1078 1957 1133 emundabimur
1982 1094 2009 1130 a
2032 1078 2247 1144 delicto,
2282 1080 2330 1132 in

740 1171 942 1225 lumine
972 1170 1281 1226 incedentes
1305 1211 1321 1236 ,
1356 1173 1406 1224 in
1438 1188 1542 1240 quo
1576 1170 1828 1225 delictum
1856 1172 1939 1240 agi
1972 1188 2075 1223 non
2120 1182 2286 1240 potest
2314 1213 2327 1235 ,

740 1263 878 1320 adeo
898 1264 975 1319 sic
1002 1264 1276 1318 cmundari
1311 1279 1407 1317 nos
1434 1264 1528 1326 ait,
1561 1280 1663 1317 non
1690 1278 1790 1333 qua
1822 1263 2208 1333 delinquamus,
2238 1264 2331 1317 sed

740 1370 843 1424 qua
866 1369 969 1409 non
994 1354 1384 1426 delinquemus.
1415 1354 1725 1409 lncedenles
1751 1354 1890 1409 enim
1925 1356 1974 1409 in
1998 1355 2217 1420 lumine,
2253 1368 2329 1408 te-

740 1447 922 1503 nebris
947 1463 1072 1502 vero
1103 1464 1209 1502 non
1240 1449 1728 1512 comnumicantes,
1757 1448 2027 1501 emundati
2068 1463 2287 1515 agemus
2314 1488 2329 1511 ,

741 1552 846 1594 non
872 1538 1138 1610 deposito,
1170 1540 1263 1594 sed
1292 1555 1396 1593 non
1426 1540 1660 1593 admisso
1685 1536 1898 1594 delicto.
1932 1539 2057 1594 llaec
2082 1550 2163 1594 est
2190 1556 2254 1594 cn
2281 1556 2331 1593 tn

740 1635 820 1689 vis
842 1634 1103 1689 Dominici
1128 1635 1419 1704 sanguinis,
1455 1648 1509 1688 ut
1531 1649 1664 1703 quos
1681 1634 1790 1701 jam
1814 1634 2015 1689 delicto
2042 1635 2329 1699 mundarit,

738 1738 791 1783 et
818 1726 1012 1782 exinde
1039 1728 1091 1781 in
1122 1727 1320 1781 lumine
1346 1726 1698 1791 constituerit,
1730 1727 1956 1781 mundos
1977 1726 2169 1782 exinde
2197 1744 2331 1797 prae.

739 1828 878 1885 stet,
903 1821 946 1875 si
978 1820 1028 1873 in
1058 1819 1256 1874 lumine
1284 1819 1529 1874 incedere
1562 1821 2036 1889 perseveraverint.
2071 1820 2173 1873 Sed
2207 1820 2333 1875 sub-

2439 615 2658 685 perinde
2682 624 2841 682 atque
2867 616 2910 669 si
2945 630 3214 683 nunquam
3246 615 3353 669 sint
3388 630 3453 669 ex
3484 614 3594 669 Deo
3622 615 3775 668 nati?
3806 615 3967 682 Quod
4004 617 4041 664 ει

2435 707 2564 761 dicit
2598 726 2608 760 :
2636 709 2735 773 Qui
2760 723 2862 761 non
2889 716 2963 763 est
2981 708 3175 777 justus,
3207 724 3269 761 ex
3300 705 3409 761 Deo
3437 716 3653 771 nonest,
3674 709 3765 776 qui
3792 723 3901 761 non
3937 722 4042 775 pu-

2435 802 2605 862 dicus,
2640 801 2911 870 quomodo
2937 815 3119 855 rursus
3147 817 3214 855 ex
3247 801 3353 855 Deo
3377 803 3499 865 ﬁet,
3543 802 3630 869 qui
3650 802 3759 870 jam
3788 815 3915 855 esse
3944 801 4043 853 de-

2437 896 2562 948 siit?
2590 893 2747 949 Juxta
2779 904 2861 949 est
2901 896 3057 964 igitur
3088 903 3143 947 ut
3169 895 3431 948 excidisse
3460 894 3558 947 sibi
3590 894 3833 948 dicamus
3868 893 4044 948 Joan-

2439 1002 2558 1040 nem
2612 988 2662 1039 in
2712 987 2882 1054 prima
2926 985 3141 1055 quidem
3203 986 3440 1056 Epistula
3487 986 3588 1057 (Ι,
3628 987 3703 1054 8)
3744 996 4040 1055 negantem

2438 1094 2536 1133 nos
2560 1080 2675 1133 sine
2697 1078 2891 1133 delicto
2918 1094 3067 1144 esse,
3119 1092 3258 1132 nunc
3287 1094 3416 1131 vero
3447 1079 3880 1146 prtescrihentem
3927 1094 4039 1129 non

2436 1170 2745 1240 delinquere
2781 1172 3001 1225 omnino
3035 1187 3047 1221 :
3087 1180 3142 1224 et
3185 1170 3290 1224 illic
3328 1169 3540 1239 quidem
3579 1170 3719 1223 aliud
3765 1171 3835 1224 de
3872 1171 4039 1223 Venia

2436 1262 2826 1325 blandientem,
2870 1262 2957 1316 hic
2985 1277 3113 1316 vero
3154 1262 3394 1317 districte
3438 1273 3720 1332 negantem
3758 1262 3903 1316 ﬁlios
3943 1263 4041 1315 Dei

2435 1357 2753 1424 quicumque
2776 1354 3115 1423 deliquerint.
3151 1354 3255 1410 Sed
3282 1354 3440 1408 absit.
3466 1353 3594 1408 Nam
3624 1370 3721 1409 nec
3752 1355 3853 1423 ipsi
3885 1356 4042 1407 exei-

2434 1446 2611 1499 dimus
2637 1462 2663 1497 a
2693 1461 2794 1515 qua
2826 1446 3050 1514 digressi
3092 1461 3276 1499 sumus
3307 1446 3647 1501 distinctione
3683 1448 4039 1501 delictorum.

2436 1540 2502 1594 Et
2532 1540 2615 1594 hic
2654 1539 2794 1595 enim
2831 1540 2969 1593 illam
2998 1539 3231 1595 Joannes
3270 1540 3659 1595 commendavit
3683 1583 3696 1605 ,
3738 1542 3881 1611 quod
3930 1542 4041 1593 sint

2435 1633 2675 1702 quaedam
2716 1632 2905 1687 delicta
2937 1632 3259 1703 quotidiana:
3295 1633 3644 1698 incursionis,
3684 1635 3879 1702 quibus
3906 1652 4038 1687 Olli-

2437 1740 2532 1779 nes
2556 1726 2723 1779 simus
2749 1726 2959 1795 objecti.
3018 1726 3113 1779 Cui
3153 1727 3295 1780 enim
3326 1740 3429 1781 non
3457 1727 3649 1782 accidit
3671 1769 3685 1790 ,
3730 1737 3824 1781 aut
3867 1729 4037 1781 irasci

2436 1823 2646 1891 inique,
2676 1831 2727 1875 et
2760 1822 2893 1875 ultra
2922 1822 3051 1875 solis
3079 1836 3358 1886 occasum;
3386 1832 3478 1875 aut
3504 1832 3558 1876 et
3577 1838 3790 1876 manum
3826 1823 4039 1877 immit-

734 1912 873 1982 jicit,
908 1913 1080 1983 inquis
1110 1930 1122 1965 :
1150 1914 1211 1968 Si
1240 1916 1469 1968 dicamus
1496 1931 1586 1969 nos
1616 1915 1853 1969 delictum
1884 1932 1985 1969 non
2016 1917 2214 1974 habere.
2246 1934 2322 1972 sc-
2357 1918 2404 1976 Β
2436 1925 2545 1968 tere
2571 1956 2583 1973 .
2625 1924 2714 1967 aut
2745 1912 2896 1967 facile
2939 1911 3257 1967 maledicere
3282 1954 3295 1976 ,
3324 1923 3414 1966 aut
3451 1925 3651 1967 temere
3684 1913 3868 1983 jurare
3896 1957 3912 1978 ,
3948 1926 4041 1966 aut

739 2005 970 2059 ducimus
1014 2008 1378 2075 nosmetipsos,
1420 2016 1466 2061 et
1512 2007 1694 2059 veritas
1733 2023 1833 2059 non
1864 2017 1937 2060 est
1978 2009 2029 2061 in
2066 2010 2225 2063 nobis.
2272 2010 2331 2063 Si

739 2100 1038 2167 conﬁtemur
1064 2100 1245 2153 delicta
1276 2110 1478 2164 nostra,
1512 2100 1678 2168 ﬁdelis
1705 2110 1750 2153 et
1782 2102 1945 2165 iustus
1969 2112 2042 2155 est
2070 2113 2123 2153 ut
2152 2104 2327 2155 dimit-

739 2202 811 2245 tat
838 2209 895 2245 ea
917 2192 1077 2257 nobis,
1108 2202 1155 2246 et
1180 2194 1413 2247 emundet
1436 2210 1526 2247 nos
1544 2193 1607 2246 ab
1628 2194 1765 2246 omni
1791 2194 2040 2264 injustitia
2062 2196 2247 2268 (lbid.,
2273 2196 2327 2259 8,

738 2282 813 2352 9)
843 2302 854 2336 :
892 2284 1149 2355 numquid
1177 2284 1243 2338 ab
1274 2284 1645 2340 immunditia?
1673 2286 1776 2341 Aut
1808 2286 1851 2340 si
1882 2288 1951 2340 ita
1979 2298 2060 2341 est
2080 2331 2092 2348 .
2122 2304 2249 2357 ergo
2277 2299 2329 2343 et

737 2369 805 2429 ab
834 2370 1152 2433 idololatria.
1193 2376 1296 2431 Sed
1331 2377 1472 2431 aliud
1516 2377 1567 2431 in
1595 2392 1754 2433 sensu
1785 2386 1885 2433 est.
1931 2379 2067 2433 Ecce
2098 2380 2241 2433 enim
2273 2391 2326 2435 et

738 2481 953 2521 rursus:
976 2466 1037 2521 Si
1062 2468 1311 2533 dicamus,
1342 2469 1419 2522 ait
1438 2510 1451 2528 .
1480 2484 1569 2522 nos
1592 2486 1691 2521 non
1722 2470 2011 2539 deliquisse,
2042 2472 2331 2525 mendacem

738 2557 953 2626 faciams
982 2559 1145 2623 illum,
1171 2570 1216 2613 et
1236 2577 1401 2615 sermo
1430 2561 1541 2630 ejus
1570 2578 1670 2615 non
1693 2572 1765 2615 est
1791 2562 1842 2614 in
1866 2564 2006 2617 nobis
2028 2564 2043 2627 (
2054 2561 2078 2614 1
2087 2563 2189 2616 bid.
2216 2564 2329 2635 10).

738 2650 817 2706 Eu
846 2652 1071 2721 amplius
1103 2671 1115 2706 :
1144 2650 1345 2719 Filioli,
1379 2655 1485 2709 lucc
1512 2656 1693 2724 scripsi
1722 2650 1877 2717 vobis.
1911 2672 1972 2708 ne
1992 2657 2293 2726 delinquatis
2310 2674 2330 2722 ;

739 2756 785 2800 et
811 2747 854 2799 si
883 2746 1224 2816 deliqueritis,
1253 2749 1552 2802 advocatum
1588 2748 1827 2802 habemus
1851 2748 1992 2817 apud
2020 2748 2187 2804 Deum
2219 2749 2328 2803 Pa-

740 2847 865 2892 trem
898 2837 1079 2892 Jesum
1136 2837 1395 2895 Christum
1413 2841 1633 2911 justum,
1671 2852 1720 2894 et
1749 2842 1857 2911 ipse
1887 2842 2107 2911 placatio
2136 2854 2209 2896 est
2240 2861 2331 2913 pro

739 2930 935 2985 delictis
979 2933 1164 2987 nostris
1194 2930 1253 3005 (I
1279 2930 1436 2986 Joan.
1462 2974 1477 2998 ,
1506 2932 1545 2987 ll
1568 2976 1581 2996 ,
1616 2934 1638 2987 1
1664 2974 1677 2997 ,
1708 2931 1797 3004 2).
1844 2932 2145 2988 Secundum
2180 2934 2292 2987 hare
2315 2976 2329 2998 ,

741 3022 947 3093 inquis,
979 3032 1034 3077 et
1075 3023 1387 3095 delinquere
1425 3039 1523 3079 nos
1551 3036 1604 3079 et
1638 3026 1843 3079 veniam
1884 3026 2079 3081 habere
2117 3036 2333 3081 consta-

742 3113 833 3167 liit.
872 3114 1008 3182 Quid
1036 3130 1162 3185 ergo
1188 3116 1298 3181 lict,
1324 3131 1444 3170 cum
1476 3116 1771 3186 procedens
1795 3118 1934 3171 aliud
1960 3118 2206 3172 invenio?
2236 3134 2332 3174 ne-

738 3214 828 3277 gat
851 3208 991 3260 enim
1014 3221 1111 3261 nos
1139 3207 1358 3261 omnino
1387 3207 1694 3278 delinquere
1714 3249 1727 3273 ,
1754 3220 1806 3264 et
1837 3210 1887 3264 in
1914 3210 2012 3264 hoc
2043 3211 2330 3281 plurimum

2437 2008 2593 2061 tidem
2626 2006 2759 2075 pacti
2786 2005 3099 2068 destruere;
3129 2013 3221 2058 aut
3252 2005 3567 2059 verecundia
3591 2016 3679 2057 aut
3709 2007 4041 2059 necessitate

2436 2098 2691 2157 mentiri?
2738 2097 2813 2169 (a)
2862 2098 2911 2150 in
2945 2096 3169 2167 negotiis
3194 2138 3208 2159 ,
3260 2098 3310 2150 in
3353 2096 3578 2163 ofﬁciis,
3614 2099 3663 2151 in
3694 2108 3905 2165 qnmstu
3934 2140 3949 2157 ,
3990 2098 4041 2149 in

2436 2192 2575 2246 victu
2597 2232 2610 2254 ,
2647 2192 2695 2243 in
2721 2191 2857 2251 visu,
2884 2193 2934 2242 in
2963 2190 3144 2243 auditu
3176 2198 3370 2258 quanta
3404 2198 3689 2252 tentantur,
3722 2199 3777 2242 ιιι
3806 2189 3850 2242 si
3884 2191 4043 2243 nulla

2434 2284 2499 2336 sit
2548 2283 2699 2335 venia
2745 2282 2967 2335 istorum
3002 2321 3017 2344 ,
3064 2283 3262 2335 netuini
3303 2283 3446 2335 salus
3485 2284 3790 2352 competat!
3825 2284 4039 2339 Horum

2434 2390 2560 2447 ergo
2589 2374 2686 2428 erit
2711 2374 2860 2427 venia
2889 2388 2980 2437 per
3003 2385 3339 2429 exoratorem
3369 2375 3540 2428 Patris
3568 2375 3858 2430 Christum.
3894 2376 4040 2431 Sunt

2434 2477 2612 2520 autem
2640 2474 2695 2519 et
2716 2467 2980 2519 contraria
3010 2465 3125 2520 istis
3148 2508 3160 2528 ,
3188 2477 3243 2519 ιιι
3273 2466 3512 2535 graviora
3541 2479 3590 2523 et
3620 2469 3843 2523 exitiosa
3866 2512 3883 2533 ,
3914 2486 4043 2537 quae

2435 2558 2639 2610 veniam
2675 2572 2778 2609 non
2811 2557 3019 2625 capiant
3050 2597 3063 2619 ,
3100 2557 3464 2620 homicidium.
3498 2560 3819 2625 idololatria,
3852 2560 4040 2619 fraus,

2434 2650 2664 2719 negatio,
2697 2648 3054 2715 blaSphemia,
3087 2650 3267 2718 utique
3294 2660 3345 2704 et
3376 2652 3603 2706 mmchia
3634 2661 3687 2707 et
3717 2651 4037 2716 loruicatio,

2434 2751 2487 2796 ct
2515 2741 2558 2795 si
2599 2754 2699 2809 qua
2732 2740 2833 2793 alia
2879 2740 3093 2794 violatio
3136 2742 3317 2809 templi
3360 2742 3470 2796 Dei.
3515 2744 3589 2813 llr)
3645 2744 3840 2797 Horum
3894 2746 4045 2798 ultra

2434 2843 2686 2889 emrator
2716 2850 2818 2886 non
2846 2834 2947 2886 erit
2967 2834 3237 2898 Christus;
3268 2835 3379 2889 htcc
3408 2851 3512 2889 non
3535 2836 3775 2891 admittet
3804 2839 4044 2891 omnino

2436 2928 2522 2995 qui
2555 2937 2707 2983 natus
2733 2941 2795 2981 ex
2825 2926 2934 2981 Deo
2967 2926 3143 2991 fuerit,
3177 2944 3281 2982 non
3310 2929 3514 2983 futurus
3546 2929 3638 2983 Dei
3670 2930 3828 2995 ﬁlius,
3857 2932 3908 2983 si
3944 2932 4044 2983 ad-

2437 3020 2660 3074 miserit.
2697 3019 2767 3074 lta
2793 3018 2983 3073 Joanni
3012 3021 3147 3074 ratio
3170 3022 3437 3076 constabit
3459 3021 3804 3087 diversitatis,
3834 3024 4045 3078 disne.

2435 3114 2665 3166 ctionem
2707 3111 3019 3166 delictorum
3048 3112 3350 3183 disponenti
3385 3114 3501 3187 (Ξ),
3550 3130 3671 3168 cum
3713 3115 4046 3185 delinquere

2438 3206 2574 3260 ﬁlios
2621 3205 2711 3260 Dei
2760 3222 2897 3259 nunc
2945 3206 3167 3271 adnuit,
3216 3222 3356 3261 nunc
3404 3208 3609 3264 abnuit.
3661 3208 4045 3278 Prospiciebat

742 3307 961 3363 tractat,
1008 3309 1063 3353 nt
1104 3299 1238 3354 nihil
1280 3301 1385 3355 tale
1422 3302 1718 3367 concedat,
1763 3317 2067 3372 proponens
2102 3304 2267 3357 semel
2302 3319 2330 3357 a
2360 3305 2405 3368 C
2439 3298 2578 3353 enim
2610 3298 2899 3352 clausulam
2927 3298 3201 3353 [iterarunt
3230 3313 3467 3366 suarum,
3498 3312 3551 3354 et
3577 3301 3647 3354 illi
3680 3303 4049 3369 pnestruebat

740 3389 955 3446 Christo
984 3390 1177 3448 delicta
1206 3393 1401 3457 deleta,
1447 3409 1551 3448 non
1584 3395 1825 3452 habitura
1860 3404 2039 3463 postea
2075 3395 2281 3448 veniam
2316 3415 2327 3449 :

741 3484 792 3538 in
824 3500 930 3555 quo
960 3482 1039 3557 (l)
1085 3498 1180 3539 nos
1210 3500 1399 3540 sensus
1437 3486 1502 3539 ad
1545 3486 1961 3541 admonitionem
2000 3488 2332 3545 castimonia:

739 3577 1047 3634 detnaudat.
1081 3577 1281 3647 Omnis,
1311 3581 1498 3651 inquit,
1530 3582 1616 3650 qui
1636 3581 1780 3636 habet
1806 3598 1945 3651 spem
1976 3584 2146 3646 istam,
2177 3583 2330 3635 casti-

740 3672 857 3739 ﬁeat
876 3672 1222 3743 semetipsum,
1253 3674 1371 3743 quia
1397 3684 1443 3729 et
1470 3674 1556 3728 ille
1579 3685 1749 3727 castus
1774 3686 1866 3728 est.
1895 3674 2073 3729 Omnis
2096 3675 2183 3745 qui
2212 3676 2333 3745 facit

739 3762 999 3829 delictum,
1031 3776 1078 3817 et
1103 3766 1421 3833 iniquitatem
1448 3766 1601 3834 facit,
1634 3776 1680 3819 et
1707 3766 1941 3820 delictum
1970 3778 2042 3822 est
2069 3768 2329 3837 iniquitas.

744 3853 812 3909 Et
840 3857 979 3911 scitis
1007 3859 1142 3927 quod
1171 3858 1261 3911 ille
1289 3860 1643 3929 manifestatus
1672 3861 1761 3922 sit,
1793 3870 1845 3913 ut
1880 3865 2081 3932 auferat
2110 3862 2328 3928 delicta;

741 3951 923 4019 utique
976 3950 1231 4007 hactenus
1286 3952 1647 4018 admittenda;
1706 3954 1965 4023 siquidem
2015 3955 2329 4025 sulijungit:

744 4038 922 4097 Ontnis
945 4044 1031 4113 qui
1062 4054 1227 4097 manet
1258 4045 1309 4098 in
1336 4046 1448 4111 illo,
1480 4062 1580 4100 non
1611 4047 1899 4116 delinquit:
1929 4050 2091 4103 omnis
2128 4051 2213 4119 qui
2240 4050 2329 4103 de-

741 4133 950 4201 linquit,
988 4151 1143 4205 neque
1165 4136 1321 4201 vidit,
1351 4153 1509 4205 neque
1533 4140 1761 4212 cognovit
1788 4156 1920 4193 eum.
1949 4138 2125 4194 Filioli
2144 4184 2159 4207 ,
2188 4158 2334 4195 nemo

741 4240 827 4278 vos
855 4226 1062 4279 seducat
1092 4242 1111 4281 :
1140 4228 1303 4281 onmis
1327 4229 1414 4297 qui
1440 4229 1562 4296 facit
1575 4230 1829 4298 justitiam
1847 4273 1860 4294 ,
1880 4233 2055 4302 justus
2076 4244 2147 4286 est
2166 4276 2179 4290 .
2208 4238 2334 4287 sicut

742 4326 788 4369 et
824 4318 912 4372 ille
941 4320 1114 4389 justus
1144 4330 1236 4373 est.
1290 4320 1392 4388 Qui
1419 4322 1541 4391 facit
1588 4322 1866 4389 delictum,
1896 4342 1958 4380 ex
1992 4325 2195 4380 diabolo
2225 4337 2332 4392 est,

741 4410 983 4480 quoniam
1015 4412 1249 4466 diabolus
1279 4429 1310 4464 α
1339 4414 1617 4480 primordio
1648 4415 1911 4486 delinquit.
1959 4416 2025 4470 In
2069 4419 2163 4471 hoc
2201 4420 2335 4471 enini

740 4502 1090 4571 manifestatus
1117 4513 1188 4556 est
1211 4504 1348 4572 ﬁlius
1379 4502 1492 4569 Dei,
1523 4516 1576 4558 ut
1606 4508 1763 4559 solvat
1790 4525 1943 4577 apem
1969 4510 2178 4564 diaboli.
2205 4509 2332 4564 Nam

743 4604 800 4651 et
840 4594 1028 4660 solvit,
1074 4595 1305 4650 liberans
1352 4596 1619 4651 hominem
1664 4611 1756 4667 per
1791 4600 2097 4665 lavacrum,
2140 4601 2337 4657 donato

743 4686 1100 4758 chirographo
1131 4690 1335 4742 mortis.
1378 4689 1441 4743 Et
1475 4689 1594 4745 ideo
1620 4692 1782 4745 omnis
1810 4693 1895 4763 qui
1925 4710 1988 4747 ex
2019 4693 2124 4748 Deo
2160 4697 2325 4749 nasci-
2356 4703 2409 4763 D

746 4791 848 4843 tur,
884 4797 984 4834 non
1016 4782 1137 4852 facit
1159 4782 1401 4836 delictum
1421 4811 1452 4850 ,-
1474 4785 1590 4853 quia
1618 4801 1783 4838 semen
1818 4786 1909 4840 Dei
1936 4799 2101 4841 manet
2131 4790 2182 4842 in
2210 4791 2332 4857 illo;

743 4882 791 4926 et
820 4890 919 4927 non
953 4882 1111 4941 potest
1142 4873 1454 4946 delinquere,
1486 4877 1605 4946 quia
1632 4893 1694 4930 ea:
1724 4875 1827 4931 Deo
1856 4888 2003 4932 natus
2030 4891 2122 4934 est.
2159 4880 2219 4934 In
2240 4883 2335 4936 hoc

743 4964 1003 5034 manifesti
1029 4974 1147 5020 sunt
1180 4965 1272 5029 ﬁlii
1305 4966 1401 5021 Dei
1428 4976 1473 5021 et
1501 4967 1594 5035 ﬁlii
1619 4968 1809 5023 diaboli
1839 4969 1901 5042 (Ι
1928 4970 2110 5037 Joan.,
2147 4971 2212 5027 Ill
2231 5016 2244 5036 ,
2279 4975 2332 5041 3,

745 5055 872 5129 l0).
901 5055 956 5111 in
984 5071 1119 5126 quo,
1150 5058 1250 5113 nisi
1276 5058 1348 5113 illi
1379 5073 1483 5114 non
1507 5059 1881 5130 delinquendo,
1911 5078 1979 5118 ex
2003 5078 2111 5136 quo
2136 5064 2202 5119 de
2227 5065 2336 5120 Deo

2439 3394 2535 3446 hos
2566 3406 2787 3457 sensus,
2820 3392 3059 3446 dicturus
3094 3392 3144 3445 in
3175 3392 3279 3446 ﬁne
3304 3391 3638 3447 manifestius
3666 3412 3677 3446 :
3709 3392 3770 3448 Si
3796 3396 3918 3463 quis
3952 3399 4049 3448 scit

2434 3485 2641 3553 fratrem
2667 3501 2814 3538 suum
2840 3485 3129 3553 delinquere
3156 3486 3396 3539 delictum
3423 3502 3523 3540 non
3550 3487 3617 3539 ad
3645 3497 3852 3539 mortem
3879 3531 3896 3553 ,
3948 3505 4049 3558 po-

2434 3577 2662 3642 stulabit,
2694 3587 2739 3631 et
2759 3576 2896 3631 dabit
2926 3577 2971 3630 ei
2992 3578 3145 3631 vitam
3172 3575 3421 3632 Dominus
3440 3621 3454 3645 ,
3486 3579 3572 3649 qui
3594 3595 3692 3632 non
3718 3579 3787 3630 ad
3815 3590 4047 3633 mortem

2436 3672 2697 3741 delinquit.
2748 3672 2838 3725 Est
2877 3672 3009 3724 enini
3040 3672 3276 3725 delictum
3316 3672 3384 3724 ad
3424 3674 3681 3726 mortem?
3725 3689 3827 3725 non
3873 3673 3947 3725 de
3994 3691 4051 3725 ro

2437 3768 2549 3820 dico
2580 3777 2629 3819 ut
2658 3768 2768 3837 quis
2798 3767 3012 3836 postulet
3035 3766 3095 3838 (1
3125 3764 3286 3819 Ιοαη.
3317 3808 3329 3826 ,
3365 3765 3402 3817 ν
3428 3808 3442 3831 ,
3478 3765 3606 3836 16).
3631 3765 3961 3819 Metniuerat
4002 3778 4054 3819 et

2438 3861 2549 3931 ipse
2575 3861 2894 3915 Hieremiam
2912 3859 3234 3929 prohibitum
3250 3876 3276 3911 a
3302 3859 3414 3914 Deo
3432 3859 3706 3929 deprecari
3726 3874 3820 3926 pro
3836 3860 4055 3928 p0pu|n

2438 3954 3035 4024 mortaliadelinquente
3054 3952 3249 4026 (Hiera,
3277 3952 3475 4016 Vll.16
3502 3996 3515 4016 ,
3539 3953 3727 4017 XL“,
3748 3952 3898 4019 XIV,
3934 3956 3996 4008 ll
4018 3958 4049 4011 ι.

2440 4045 2618 4101 Omnis
2642 4047 2892 4117 injustitia
2921 4046 3160 4100 delictum
3188 4054 3259 4098 est
3284 4088 3297 4110 ,
3340 4055 3387 4099 et
3416 4055 3488 4099 est
3516 4044 3752 4098 delictum
3781 4046 3852 4096 ad
3890 4062 4043 4098 mor-

2439 4150 2553 4193 tem.
2604 4138 2807 4193 Scimus
2836 4146 3004 4191 antem
3029 4140 3165 4206 quod
3188 4137 3351 4190 onmis
3395 4136 3481 4205 qui
3517 4151 3581 4189 ea:
3610 4133 3713 4189 Deo
3746 4146 3909 4188 natus
3945 4138 4052 4199 sit,

2438 4247 2537 4284 non
2560 4229 2804 4297 delinquit
2832 4228 2849 4299 (
2873 4228 2890 4281 l
2914 4228 3094 4290 Joan.,
3127 4226 3193 4292 V,
3226 4228 3289 4281 l7
3317 4271 3331 4292 ,
3367 4227 3432 4281 l8
3466 4226 3519 4295 );
3551 4227 3749 4282 scilicet
3779 4227 4056 4283 delictum

2439 4322 2578 4391 quod
2610 4320 2675 4375 ad
2704 4331 2930 4375 mortem
2960 4329 3061 4374 est.
3091 4319 3162 4373 Ita
3188 4320 3315 4372 nihil
3338 4319 3446 4389 jam
3475 4328 3737 4389 superest,
3764 4334 3944 4388 quam
3968 4334 4059 4375 aut

2440 4432 2601 4486 neges
2638 4413 2921 4468 moechiam
2953 4423 3002 4467 et
3047 4410 3454 4466 fornicationem
3497 4412 3736 4465 mortalia
3784 4426 3928 4466 esse
3969 4413 4061 4467 dc-

2440 4509 2579 4571 liCta,
2608 4517 2701 4560 aut
2729 4505 3113 4561 irremissihilia
3145 4503 3393 4570 fatearis,
3428 4520 3521 4574 pro
3551 4503 3743 4574 quibus
3774 4518 3883 4557 nec
3912 4508 4059 4559 orari

2442 4602 2796 4671 permittitur.

3024 4690 3250 4747 CAPUT
3308 4690 3431 4745 XX.

2512 4788 2793 4855 Disciplina
2824 4786 2984 4852 igitur
3028 4784 3408 4854 Apostolorum
3452 4784 3666 4853 proprie
3704 4781 3942 4852 quidem
3988 4787 4065 4839 in-

2438 4882 2595 4936 struit
2642 4895 2702 4934 ac
2750 4878 3072 4933 determinat
3120 4876 3480 4946 principaliter
3528 4876 3821 4929 sanctitatis
3876 4878 4066 4931 omnis

2440 4989 2561 5043 erga
2591 4972 2860 5043 {templum
2890 4967 2983 5024 Dei
3033 4970 3374 5036 antistitem},
3405 4977 3459 5022 et
3489 4966 3683 5036 ubique
3707 4966 3775 5021 de
3800 4965 4065 5023 ECCICSIJ

2442 5066 2803 5120 cradicantem
2857 5076 3018 5117 omne
3059 5061 3399 5131 sacrilegium
3454 5060 3719 5129 pudicitia:
3766 5059 3852 5131 (3)
3884 5102 3904 5129 ,
3950 5063 4068 5117 sine

1962 5175 2253 5235 LECTION
2261 5178 2342 5237 ES
2380 5176 2791 5237 VAIlIANTES.

914 5284 1473 5411 igniniﬂlhglbgdgéu

832 5348 882 5411 2)
914 5349 1176 5399 Joannis...
1201 5348 1505 5412 disponentis
1531 5350 1719 5401 Wouw.
1738 5351 1848 5401 cod.

2504 5292 2579 5356 (δ)
2612 5290 2931 5356 lmpudicitite
2958 5289 3059 5338 Lat.

2086 5482 2647 5543 COMMENTARIUS.

807 5598 892 5723 ἔτι)
917 5597 984 5652 1η
1013 5601 1243 5672 negotiis,
1265 5601 1320 5655 in
1347 5600 1543 5671 ofﬁciis,
1571 5602 1624 5655 in
1644 5611 1858 5671 questu.
1884 5601 2019 5657 Hinc
2040 5600 2200 5671 igitur
2222 5618 2333 5656 ma-

828 5680 999 5723 cSlum
1027 5681 1109 5723 est
1137 5673 1295 5723 etiam
1328 5675 1531 5723 priscos
1557 5673 1674 5723 illos
1702 5672 2055 5723 Christianos.
2085 5673 2333 5723 homines

748 5670 999 5726 nil'eSIum
1027 5670 1109 5725 est
1137 5673 1295 5727 etiam
1328 5670 1531 5740 priscos
1557 5670 1674 5726 illos
1702 5672 2055 5737 Christianos,
2085 5673 2333 5730 homines

744 5741 908 5797 luisse
933 5783 947 5804 ,
994 5756 1186 5814 nempe
1217 5742 1615 5799 humanioribus
1646 5744 1758 5799 istis
1788 5745 2022 5816 peccatis
2026 5747 2329 5869 1ἑιιιιιιιιίοςι.

2076 5832 2143 5869 IG.

818 5881 899 5951 (li)
932 5881 1129 5938 Harum
1159 5884 1293 5939 ultra
1331 5897 1562 5941 exorator
1590 5903 1689 5940 non
1724 5888 1817 5941 erit
1847 5832 2333 5942 Claristilt‘slflluma-

747 5954 867 6011 uiur
888 5952 983 6010 fuit
1009 5956 1285 6029 Augustini
1312 5958 1599 6026 sententia,
1639 5958 1727 6013 lib.
1760 5959 1822 6013 de
1850 5956 1983 6013 Fide
2011 5969 2056 6015 et
2077 5960 2333 6031 aperibus.

2438 5604 2568 5660 Nam
2607 5614 2660 5660 et
2696 5604 2777 5659 his
2804 5605 3165 5672 minuendam
3201 5619 3305 5658 non
3346 5612 3543 5676 negat:
3580 5603 3677 5670 Qui
3707 5615 3899 5660 autem
3941 5612 4065 5677 cpi-

2440 5688 2627 5731 nuntur
2648 5719 2661 5739 ,
2708 5677 2875 5746 inquit
2897 5718 2909 5739 ,
2943 5686 2988 5729 et
3016 5686 3199 5731 uetera
3230 5676 3571 5749 eleemosynis
3600 5678 3753 5747 facile
3802 5676 4072 5749 compen-

2438 5750 2543 5803 sari
2565 5790 2581 5812 ,
2616 5749 2713 5801 tria
2740 5758 2908 5801 tamen
2936 5750 3197 5816 mortifera
3228 5764 3332 5801 esse
3357 5765 3458 5800 non
3485 5747 3712 5801 dubitent
3741 5747 4072 5803 excommu-

2440 5821 2689 5895 nicatione
2710 5861 2730 5895 ,_
2758 5819 2925 5895 donec
2956 5819 3248 5895 paenitentia
3278 5819 3546 5895 liquidiore
3588 5831 3799 5874 sanetur
3821 5861 3834 5884 ,
3884 5824 4074 5895 impu-

2441 5891 2687 5957 dicitiam,
2715 5890 3083 5958 idololatriam,
3113 5890 3463 5945 homicidium.
3494 5890 3617 5949 RIG.
