4220 6492
174 419 304 480 illi!

1458 428 1660 486 LIBER
1700 428 1792 484 DE
1816 428 2179 487 PUDICI'I‘IA.

3330 430 3353 487 1
3363 428 3470 488 022

174 541 277 593 ulla
321 540 675 598 restitutionis
722 541 1015 599 mentione.
1049 541 1183 599 Volo
1231 552 1405 599 tamen
1454 543 1532 620 (4)
1580 559 1643 599 ex
1686 560 1764 600 re-
1799 548 1845 605 Α
1877 546 2071 599 minem
2104 546 2171 599 tle
2218 546 2441 616 pristino
2480 548 2661 602 carnis
2694 546 2872 603 habitu
2912 547 2962 603 in
2994 546 3281 605 candorem
3313 549 3468 617 ﬁdei,

171 635 461 691 duudantia
510 637 591 707 (a)
642 638 866 707 alicujus
911 639 1072 693 etiam
1118 640 1334 693 comitis
1382 639 1761 708 Apostolorum

174 728 534 782 testimonium
581 730 979 799 superducerc,
1014 729 1260 785 idoneum
1304 730 1656 785 confirmandi
1700 730 1765 788 de

172 821 417 889 proximo
439 822 559 891 jure
587 821 922 893 disciplinam
957 823 1355 892 magistrorum.
1410 823 1595 878 Exstat
1623 824 1763 876 enim

170 922 221 966 et
248 911 505 967 Barnalue
534 914 720 968 titulus
745 914 809 968 ad
845 913 1103 969 llebrteos
1126 956 1141 977 ,
1188 914 1325 970 adeo
1361 917 1491 968 satis
1536 915 1769 969 auctori-

170 1008 292 1061 tatis
324 1008 438 1060 viro
460 1006 573 1078 (2),
610 1018 667 1062 ut
690 1024 846 1079 qttem
875 1008 1231 1076 Paulusjuxta
1265 1024 1323 1062 se
1344 1007 1684 1063 constituerit
1716 1010 1766 1063 in

169 1100 505 1154 abstinentim
538 1110 724 1155 tenore
753 1120 764 1154 :
792 1103 889 1155 Aut
916 1118 1009 1173 ego
1030 1102 1167 1155 solus
1190 1111 1237 1155 et
1259 1100 1521 1155 Barnabas
1548 1118 1646 1154 non
1671 1102 1767 1155 ha-

168 1191 340 1246 bemus
361 1192 455 1245 hoc
476 1192 554 1264 ('5)
578 1193 823 1263 aperaudi
844 1204 1139 1262 potestatem
1162 1192 1205 1265 (l
1223 1193 1336 1247 Cor.
1351 1235 1365 1257 ,
1386 1192 1477 1255 IX,
1497 1194 1530 1247 6
1558 1192 1601 1263 )‘t
1616 1192 1689 1263 (η)
1708 1193 1770 1246 Et

170 1281 355 1352 utique
412 1282 677 1351 receptior
729 1284 871 1353 apud
917 1284 1182 1340 Ecclcsiis
1232 1284 1472 1354 Epistola
1506 1284 1769 1339 Barnaba:

167 1372 241 1444 (c)
282 1372 373 1427 illo
403 1374 713 1445 apocrypha
757 1375 977 1429 Pastori.-
1010 1377 1366 1431 tumeborum.
1415 1377 1636 1433 Monens
1677 1377 1771 1429 ita-

170 1479 277 1534 que
308 1466 623 1540 discipulos,
656 1467 869 1524 omissis
899 1470 1149 1524 omnibus
1176 1471 1361 1538 initiis,
1395 1472 1461 1525 ad
1496 1471 1772 1541 perfectio.

170 1574 294 1613 nent
328 1560 496 1629 magis
527 1560 787 1628 tendere,
838 1578 936 1617 nec
978 1578 1163 1617 rursus
1205 1562 1547 1618 lundamenta
1598 1564 1767 1634 poeni-

170 1650 354 1704 tentia:
396 1652 575 1720 jacere
634 1653 701 1709 ab
743 1655 996 1722 operibus
1062 1665 1395 1711 mortuorum
1453 1675 1465 1709 :
1526 1654 1772 1725 lmpossi-

169 1740 269 1795 bile
304 1753 377 1795 est
418 1745 585 1808 enim,
626 1745 831 1815 inquit,
873 1763 958 1800 eos
996 1748 1079 1814 qui
1123 1747 1276 1800 semel
1313 1747 1601 1801 inluntinati
1636 1759 1772 1811 situt,

168 1842 216 1886 et
234 1836 425 1886 donum
441 1834 635 1887 cwlestc
650 1846 1047 1906 gnstaveruut.et
1067 1839 1201 1905 parti
1206 1838 1404 1910 cipaver
1412 1850 1501 1893 unt
1526 1838 1776 1913 Spiritum

1872 654 1993 709 que
2028 640 2205 694 vitium
2235 649 2287 693 et
2318 641 2523 694 macula
2552 641 2850 695 cnstituatur
2881 642 2932 695 in
2965 642 3194 708 saeculo,
3225 650 3280 697 et
3302 651 3468 695 totum

1874 744 2134 786 novatum
2183 732 2438 788 mundum
2488 735 2655 788 voluit
2689 734 2934 803 intelligi,
2987 735 3075 804 qui
3118 735 3227 804 jam
3259 750 3361 787 non
3404 735 3472 787 sit

1873 826 2074 890 varius,
2112 840 2215 878 nou
2250 827 2317 880 sit
2347 825 2415 880 de
2443 826 2669 894 pristino
2690 837 2741 880 et
2768 842 2906 880 novo
2936 826 3239 895 adSpersus.
3267 825 3320 881 Si
3346 841 3473 881 vrro

1874 928 1994 985 post
2048 918 2394 972 abolitionem
2446 919 2498 971 in
2547 927 2864 973 \clttstatetn
2911 917 3110 987 aliquid
3162 933 3226 973 ex
3270 917 3353 972 illa
3384 933 3471 972 re-

1876 1009 2089 1073 vixerit,
2122 1023 2333 1061 rursum
2365 1008 2416 1061 in
2446 1023 2608 1063 carne
2637 1009 2755 1077 ejus
2783 1009 2922 1078 quod
2950 1017 3253 1063 emortuum
3280 1006 3473 1063 delicto

1875 1099 2189 1163 habebatur,
2223 1099 2555 1153 iaunutulntu
2579 1098 2831 1170 jndicari,
2858 1114 2958 1155 nec
2978 1100 3182 1168 expiari
3210 1099 3321 1169 jam
3343 1115 3367 1150 a
3390 1113 3475 1153 sa-

1873 1193 2116 1250 cerdOte.
2150 1192 2483 1247 ltaaumcbia
2513 1194 2579 1246 de
2628 1194 2850 1262 pristino
2880 1192 3108 1247 recidiva
3142 1202 3195 1247 et
3226 1192 3472 1247 unitatem

1877 1287 1997 1338 novi
2032 1284 2251 1347 coloris,
2283 1300 2310 1337 a
2332 1300 2437 1353 quo
2463 1282 2638 1338 fuerat
2669 1284 2907 1349 exclusa,
2936 1283 3355 1346 cotuntacnlans,
3379 1284 3477 1336 im-

1876 1376 2181 1431 Innndabile
2211 1385 2293 1432 est
2316 1376 2523 1429 vitium.
2563 1375 2690 1430 llcm
2721 1374 2787 1429 de
2808 1376 2970 1429 domo
3003 1394 3015 1429 :
3049 1374 3107 1429 Si
3125 1391 3238 1443 aute
3265 1375 3479 1429 macqu

1876 1479 1921 1521 et
1952 1469 2248 1523 cavositates
2298 1467 2621 1520 annuntiata:
2660 1467 2711 1519 in
2750 1465 3028 1535 parietibus
3053 1466 3303 1519 sacerdoti
3346 1466 3478 1534 [uis-

1877 1569 2007 1622 sent,
2041 1559 2336 1628 priusquam
2366 1558 2598 1612 introiret
2631 1558 2699 1609 ad
2742 1556 3109 1626 inspiciendam
3155 1572 3297 1619 eam,
3335 1557 3479 1627 jubet

1878 1653 2073 1721 auferri
2104 1651 2168 1703 de
2210 1651 2357 1704 domo
2389 1654 2582 1715 omnia,
2613 1650 2683 1702 ita
2724 1651 2991 1703 immunda
3038 1666 3136 1703 non
3164 1650 3336 1718 futura
3365 1665 3479 1718 qua:

1880 1745 2059 1797 domus
2084 1753 2270 1798 essent.
2311 1742 2506 1797 Dehinc
2532 1743 2869 1811 introgressus
2898 1742 3157 1805 sacerdos,
3187 1742 3229 1795 si
3262 1737 3479 1795 invenis-

1880 1847 1949 1891 set
1976 1837 2275 1890 cavositatrs
2297 1836 2625 1888 viridicantes
2653 1835 2727 1887 vel
2749 1834 3087 1898 rubescentes,
3112 1843 3157 1887 et
3183 1834 3478 1904 adsprctum

170 1922 442 1990 Sanctum,
468 1934 510 1979 et
540 1928 743 1981 verbum
760 1927 856 1981 Dei
875 1927 1024 1982 dulce
1035 1938 1380 2000 gustavcrttut,
1404 1930 1777 2001 occidentejam
1810 1945 1854 2003 [ς
1885 1945 2056 1982 earum
2086 1926 2408 1981 humiliorem
2445 1926 2576 1978 citra
2605 1926 2909 1994 parietinam
2942 1927 3199 1995 formant;
3227 1925 3383 1979 exiret
3410 1925 3478 1976 ad

167 2033 275 2071 (eoo
295 2034 411 2071 cum
433 2022 729 2086 exciderint,
755 2038 930 2075 rursus
946 2022 1170 2075 rt‘vocari
1200 2020 1278 2091 (4)
1309 2024 1361 2075 in
1408 2023 1771 2091 penitentiam,

167 2111 438 2179 reﬁgentes
490 2114 629 2167 cruci
681 2115 735 2169 in
797 2116 1092 2185 semetipsos
1123 2114 1313 2169 Filium
1378 2115 1469 2169 Dei
1527 2126 1571 2169 et
1624 2116 1776 2170 dede-

167 2212 423 2257 corantes.
503 2203 661 2260 Terra
724 2207 855 2261 enim
904 2224 1019 2277 qua:
1088 2208 1207 2261 bibit
1277 2209 1464 2277 sapius
1512 2208 1774 2261 devenien-

167 2307 267 2351 tent
298 2298 351 2350 in
396 2314 450 2353 se
478 2299 759 2365 humorem,
787 2310 835 2355 et
864 2303 1058 2370 peperit
1096 2301 1303 2357 herbam
1346 2312 1522 2372 aptam
1550 2303 1627 2355 his
1652 2318 1775 2374 pro-

166 2398 282 2467 pter
318 2406 342 2444 s
508 2404 555 2448 et
580 2393 788 2456 colitur,
821 2392 1215 2447 benedictionem
1264 2393 1357 2449 Dei
1402 2395 1722 2467 consequitur
1754 2410 1772 2447 :

168 2491 437 2561 proferens
464 2498 633 2540 autem
664 2489 858 2556 spinas,
907 2488 1123 2547 rcproba
1151 2472 1195 2540 et
1226 2487 1573 2543 maledic-(iani
1598 2488 1773 2557 proxi-

167 2598 280 2649 nta,
310 2583 458 2653 cujus
480 2582 599 2647 linis
624 2582 674 2634 in
707 2580 1021 2635 exustiouent
1048 2582 1065 2650 (
1094 2579 1277 2645 Πάθη,
1321 2581 1409 2645 Vl,
1438 2581 1492 2643 4,
1523 2580 1556 2635 8
1582 2582 1617 2649 ).
1665 2582 1772 2636 lloc

169 2675 267 2746 qui
313 2676 382 2730 ab
409 2674 677 2746 Apustolis
731 2673 917 2728 didicit
961 2682 1015 2729 et
1066 2689 1187 2729 cum
1242 2675 1511 2743 Apostolis
1558 2676 1768 2741 docuit,

170 2766 258 2839 (ά)
289 2780 555 2835 nunquam
572 2764 784 2820 uttrclto
809 2777 861 2819 et
880 2766 1183 2821 loruicatori
1206 2766 1491 2820 secundam
1511 2767 1771 2834 poeniten-

171 2859 305 2912 tiam
336 2861 651 2929 promissam
683 2859 749 2911 ab
778 2856 1046 2927 Apostulis
1073 2868 1260 2921 norat;
1295 2859 1493 2928 Optime
1524 2858 1663 2912 enitn
1697 2858 1771 2911 le-

167 2964 297 3021 gem
323 2951 794 3022 interpretabatur,
826 2961 881 3005 et
915 2951 1112 3021 ﬁguras
1140 2951 1384 3021 θ]ιιε)ιιιιι
1416 2953 1466 3005 iu
1497 2952 1607 3021 ipsa
1635 2952 1771 3005 reri-

173 3054 287 3098 tnte
330 3046 594 3099 servabat.
644 3045 721 3098 Ad
756 3043 894 3100 hanc
919 3044 1152 3113 denique
1195 3045 1428 3113 speciem
1475 3045 1769 3115 disciplinae

168 3137 243 3193 (le
273 3137 488 3209 Ieproso
510 3147 725 3192 cautum
768 3138 870 3192 init
913 3156 925 3191 :
960 3137 1023 3193 Si
1048 3148 1219 3193 autem
1257 3140 1477 3191 tmrietas
1501 3140 1767 3209 eﬂlorttcril

168 3222 227 3292 iu
258 3247 443 3303 cutem,
474 3249 521 3293 et
543 3247 699 3291 totam
730 3248 894 3291 cutem
917 3238 1096 3292 texerit
1117 3255 1146 3289 a
1168 3237 1333 3307 capite
1350 3253 1507 3305 usque
1530 3237 1598 3289 ad
1618 3236 1767 3305 pedes

1872 2024 2090 2090 januant
2119 2030 2164 2072 et
2193 2026 2470 2072 secerneret
2512 2018 2719 2070 domum
2750 2018 2893 2070 illaut
2924 2028 3113 2085 septem
3141 2016 3336 2070 diebus.
3379 2014 3480 2068 De-

1879 2114 2015 2173 hinc,
2050 2112 2132 2165 die
2157 2111 2368 2181 septima
2394 2126 2667 2180 regressus,
2702 2111 2743 2162 si
2769 2107 3207 2161 animadvertisset
3235 2105 3478 2173 (li/fusum

1877 2207 1929 2259 in
1959 2205 2231 2275 parietibus
2274 2214 2462 2257 tactum
2490 2202 2659 2264 illum,
2690 2204 2958 2269 imperaret
3002 2201 3201 2255 extrahi
3230 2217 3312 2255 eos
3342 2200 3477 2268 lapi-

1876 2297 1964 2350 des
1992 2297 2042 2349 iu
2064 2296 2246 2366 quibus
2276 2294 2421 2366 lepra
2447 2295 2652 2365 fuisset,
2686 2306 2731 2347 et
2764 2292 2917 2361 abjici
2950 2305 3092 2346 extra
3137 2294 3386 2347 civitatem
3424 2293 3477 2345 in

1877 2392 2043 2445 locum
2070 2389 2411 2453 immundum,
2443 2399 2488 2442 et
2518 2389 2649 2442 sumi
2678 2389 2804 2441 alios
2838 2388 3033 2457 lapides
3074 2388 3256 2457 politos
3287 2396 3332 2440 et
3356 2387 3479 2440 soli-

1877 2490 1991 2555 dos,
2021 2499 2065 2541 ct
2094 2488 2269 2557 reponi
2318 2489 2428 2539 loco
2472 2486 2828 2553 pristinarum,
2863 2494 2907 2537 et
2938 2483 3142 2552 pulrere
3181 2482 3284 2535 alio
3323 2481 3475 2535 inlini

1876 2584 2081 2636 (ίυυιηηι
2100 2581 2132 2653 η(
2161 2579 2343 2641 Leuit,
2375 2577 2518 2643 XIV,
2546 2577 2718 2633 54-42
2740 2576 2776 2647 ).
2798 2574 3018 2645 Oportet
3044 2577 3184 2649 enim
3213 2590 3332 2630 cum
3359 2590 3478 2644 per.

1877 2677 2091 2731 venitur
2120 2673 2185 2727 ad
2215 2688 2479 2726 stuunnuu
2512 2669 2848 2725 sacerdotem
2877 2666 3055 2722 Patris
3085 2668 3352 2722 (lbristnnt
3374 2706 3388 2730 ,
3411 2665 3477 2719 de

1874 2769 2034 2824 domn
2062 2768 2295 2822 hominis
2324 2765 2494 2819 nostri
2531 2766 2581 2819 in
2616 2773 2857 2832 tempore
2901 2760 3251 2817 hebdomadis
3282 2758 3475 2812 auferri

1876 2865 2059 2918 omnia
2087 2861 2464 2931 impedimenta
2494 2858 2660 2927 prius,
2695 2867 2748 2909 Ill
2776 2854 2972 2909 munda
2996 2855 3063 2907 sit
3090 2867 3209 2924 qua
3235 2860 3479 2907 remanet

1873 2960 2063 3012 domus
2083 3000 2095 3021 ,
2127 2971 2254 3009 caro
2284 2963 2338 3007 et
2382 2953 2559 3007 anima
2588 2968 2602 3015 ;
2632 2959 2688 3005 et
2716 2950 2803 3003 ubi
2833 2946 3102 3002 introierit
3140 2960 3258 3000 eam
3301 2958 3478 2999 sermo

1878 3052 1992 3115 Dei,
2020 3058 2073 3105 et
2102 3047 2367 3102 invenerit
2406 3043 2645 3098 maculas
2679 3042 2889 3097 ruboris
2926 3052 2980 3095 et
3010 3038 3224 3104 viroris,
3266 3034 3478 3109 esti-alr|

1873 3144 2075 3208 statim,
2101 3153 2155 3197 et
2186 3141 2341 3210 abjici
2374 3138 2516 3193 foras
2543 3150 2732 3191 sensus
2762 3134 3069 3189 mortiferus
3098 3143 3151 3187 et
3174 3142 3424 3186 cruentos
3448 3147 3462 3195 ;

1873 3253 1994 3291 nam
2026 3249 2077 3290 et
2112 3233 2461 3306 Apocalypsis
2489 3231 2645 3285 viridi
2693 3246 2829 3300 equo
2861 3238 3121 3292 mortem,
3173 3241 3357 3280 russeo
3386 3241 3478 3278 au-

168 3346 264 3399 per
289 3345 485 3383 onmem
507 3338 854 3399 conspectum,
886 3339 930 3383 ct
958 3329 1195 3383 sacerdos
1224 3346 1339 3382 cum
1366 3327 1567 3393 viderit,
1596 3345 1769 3382 emun-
1796 3332 1841 3394 C
1879 3339 1981 3385 tem
2010 3330 2364 3400 prasliatorem
2396 3327 2648 3395 imposuit
2675 3324 2900 3397 (Apim,
2931 3322 3018 3384 VI,
3049 3322 3101 3383 4,
3136 3319 3204 3393 8)
3231 3339 3241 3371 :
3278 3334 3478 3390 proque

168 3420 316 3473 dabit
357 3436 492 3483 eum,
535 3422 777 3489 quoniam
815 3421 1054 3473 convertit
1100 3421 1151 3472 in
1183 3420 1374 3482 album,
1416 3419 1637 3473 mundus
1675 3428 1766 3473 est.

172 3512 296 3580 Qua
319 3529 435 3567 vero
461 3514 545 3569 die
570 3515 706 3568 nisus
727 3515 876 3583 fuerit
902 3514 952 3566 in
978 3515 1230 3585 ejusmodi
1252 3516 1392 3567 color
1413 3517 1572 3580 vivus,
1606 3514 1769 3583 ingnio

167 3616 327 3659 natus
354 3613 427 3660 est
457 3603 687 3676 (Lerit.,
715 3604 853 3669 Xlll,
880 3605 967 3671 12,
1001 3606 1068 3661 15
1088 3605 1132 3676 ).
1162 3602 1490 3661 Conversuut
1516 3607 1657 3661 enim
1679 3607 1774 3659 lto-

1880 3422 1983 3475 illis
2017 3422 2206 3491 politos
2233 3430 2285 3473 et
2328 3421 2378 3473 iu
2410 3418 2779 3489 coutpagineut
2831 3424 2986 3484 aptos
3033 3422 3087 3467 et
3121 3412 3304 3468 ﬁrmos
3346 3411 3475 3465 Stili-

1879 3514 2034 3567 struit
2063 3512 2283 3583 lapides,
2309 3510 2387 3584 (e)
2416 3513 2599 3580 quales
2625 3511 2676 3562 in
2710 3508 2938 3562 Abrahae
2960 3509 3109 3569 tiunt,
3142 3512 3201 3559 ut
3224 3505 3291 3557 ita
3318 3504 3479 3558 homo

1882 3606 2075 3660 habilis
2106 3606 2213 3659 Deo
2244 3606 2331 3657 sit.
2369 3603 2520 3671 Quod
2550 3603 2593 3656 si
2630 3612 2739 3672 post
2762 3600 3199 3673 recuperationem
3224 3607 3270 3652 et
3309 3598 3475 3665 refor-

1396 3763 1777 3820 LECTIONES
1816 3760 2230 3820 VARIANTES.

267 3901 316 3959 1)
351 3899 662 3952 Redundanti
688 3904 788 3951 Lat.

260 3964 316 4030 Ξ)
351 3964 641 4015 Auctoritati
666 3966 756 4015 viri
782 3964 933 4014 Fran.

1967 3900 2018 3963 5)
2054 3900 2159 3950 Hoc
2182 3899 2313 3949 abest
2334 3901 2453 3949 Par.

1966 3963 2017 4027 4)
2052 3963 2292 4013 Renovari
2317 3963 2419 4011 Lat.

1528 4111 2115 4185 ,counemanws.

247 4248 403 4305 CAP.
430 4246 548 4304 XX.
570 4247 732 4320 —(a)
750 4248 978 4321 Alicujus
994 4249 1145 4303 etiam
1174 4250 1370 4304 comitis
1404 4250 1772 4321 apostolorum.

171 4321 342 4392 Quasi
392 4321 582 4376 Petrus
625 4330 679 4375 et
730 4320 924 4375 Paulus
973 4320 1108 4375 adeo
1162 4336 1269 4387 pre
1318 4320 1527 4376 ceteris
1579 4320 1778 4375 luet-int

170 4393 437 4461 apostoli,
484 4404 536 4444 ut
562 4392 743 4446 ρωπογί
776 4392 1011 4460 ipsorum
1044 4393 1268 4447 comites
1294 4407 1356 4446 ac
1381 4392 1621 4461 discipuli
1645 4409 1774 4447 ceu-

172 4474 420 4519 scantnr.
466 4463 553 4517 Sic
598 4473 774 4516 autem
816 4473 870 4516 ct
903 4463 1170 4517 Barnabas
1213 4463 1327 4531 ipse
1366 4464 1690 4533 Aposmlns,
1742 4480 1770 4515 a

172 4536 460 4590 Clemente
502 4534 895 4597 Alexandrino,
944 4534 1029 4586 lib.
1064 4534 1140 4595 ll,
1205 4534 1397 4587 Strom.
1445 4534 1771 4600 apostolicus

171 4618 534 4684 nuncupatur,
560 4610 644 4684 sitsi
668 4616 873 4684 συνεργὸς
900 4608 1225 4684 τοῧιηαὺλσυ.
1268 4605 1331 4659 Et
1363 4606 1454 4684 Ill).
1479 4605 1571 4684 ,_
1590 4630 1739 4684 cupita
1757 4636 1769 4644 -
1800 4617 1851 4679 ])

168 4685 321 4750 pitag
352 4690 428 4750 Ῠτῷ
464 4676 736 4750 liuentia.
772 4678 874 4750 Sed
906 4687 960 4750 et
992 4677 1353 4750 llirrouyntus
1383 4679 1432 4728 in
1479 4676 1770 4750 Epistulam

169 4746 240 4804 ad
270 4746 515 4811 Galatas,
547 4747 659 4801 lucc
688 4749 845 4801 verba
865 4789 880 4813 ,
928 4746 1123 4800 Paulus
1154 4746 1432 4817 apostolus,
1466 4764 1564 4800 non
1591 4748 1654 4800 ab
1682 4748 1772 4800 ho-

169 4819 418 4886 minibus,
453 4835 610 4887 neque
638 4833 725 4887 per
754 4819 1029 4883 hominem,
1062 4818 1281 4888 oblique
1311 4818 1363 4871 itt
1389 4818 1600 4871 Prlium
1634 4830 1683 4871 ut
1720 4820 1769 4871 itt

169 4900 403 4946 caeteros
435 4890 575 4945 dicta
607 4891 772 4944 videri
798 4904 951 4959 posse
981 4892 1086 4948 ait.
1113 4890 1253 4959 quod
1300 4904 1402 4942 non
1441 4891 1507 4941 ab
1550 4898 1768 4957 aposto-

170 4964 243 5016 lis
273 4962 438 5015 Paulo
476 4964 544 5015 sit
586 4962 834 5015 traditum
876 4961 1237 5031 Evangelitnu,
1274 4961 1366 5015 sed
1405 4962 1471 5015 ab
1500 4960 1615 5029 ipso
1640 4959 1768 5015 Jesu

168 5032 395 5088 Clu-isto
414 5072 431 5096 ,
459 5032 549 5101 qni
569 5041 623 5085 et
646 5032 764 5086 illos
792 5033 1073 5099 Apostolos
1098 5032 1350 5101 elegerat.
1384 5033 1499 5086 lttc.

250 5102 329 5175 (b)
355 5102 435 5175 Et
450 5100 623 5175 utique
642 5104 887 5175 receptior
910 5103 1054 5175 apud
1076 5100 1338 5175 Ecclt'sias
1354 5100 1602 5175 pistola
1632 5100 1767 5155 Bar—

170 5172 346 5229 nabte.
394 5173 521 5229 Haec
549 5172 860 5227 Tertulliani
889 5173 956 5226 de
990 5174 1223 5243 l'lpistola
1255 5174 1319 5226 ad
1353 5173 1607 5227 llebrzros
1647 5187 1770 5228 sen-

169 5248 345 5300 tentia
382 5243 612 5300 refertur
636 5244 703 5297 ab
732 5244 1057 5315 Hieronymo
1090 5244 1261 5302 Catal.
1295 5247 1489 5312 Script.
1534 5244 1679 5298 Eccl.
1714 5245 1767 5298 in

169 5316 365 5372 Paulo.
393 5316 511 5384 Ipse
532 5323 713 5386 autem
739 5315 1094 5386 HierOuymus
1120 5316 1172 5368 in
1205 5315 1447 5370 Barnaba
1470 5356 1483 5377 ,
1514 5315 1767 5383 scriptam

170 5386 346 5442 fuisse
369 5388 445 5441 ait
470 5400 501 5439 a
526 5385 765 5440 Barnaba
797 5385 1088 5456 Epistulam
1116 5402 1233 5456 qua:
1259 5387 1323 5440 ad
1356 5386 1765 5440 aediﬁcationem

170 5458 438 5514 Ecclesia:
481 5458 803 5527 pertineret,
834 5472 1021 5512 verum
1054 5458 1192 5512 inter
1217 5466 1510 5527 scripturas
1537 5472 1732 5527 apocry
1754 5487 1767 5497 -

150 5529 316 5598 ’phas
353 5528 590 5582 relatam.
639 5527 769 5584 Haec
813 5529 881 5582 ab
925 5528 1154 5583 Eusebio
1201 5544 1411 5598 quoque
1456 5536 1767 5582 recensetnr

170 5607 224 5656 ιν
253 5614 349 5662 τοῖς
376 5603 525 5662 νόθοις
573 5598 642 5653 Et
661 5611 836 5653 tamen
866 5614 962 5668 pro
982 5599 1212 5667 legitima
1243 5598 1496 5653 Barnabte
1524 5600 1715 5653 citatur
1734 5614 1763 5652 a

166 5671 454 5726 Clemente
482 5670 635 5741 Alex.
668 5679 757 5741 :t't
782 5670 849 5724 ult
896 5670 1146 5741 Origene,
1178 5670 1272 5724 lib.
1303 5669 1520 5741 lcoutra
1541 5669 1761 5735 Celsum,

166 5741 437 5797 catholica
475 5740 684 5795 dicitur.
709 5740 951 5796 Vidimus
977 5757 1093 5795 eaut
1114 5756 1310 5811 grtece,
1342 5740 1454 5794 fere
1479 5742 1760 5809 integrant,

171 5825 344 5883 penes
371 5811 737 5866 doctissimum
770 5812 939 5866 virum
969 5812 1082 5867 Jac.
1116 5812 1457 5867 Sirmondtun
1477 5852 1490 5873 ,
1530 5827 1651 5865 cum
1681 5812 1761 5866 la—

169 5882 287 5939 tina
341 5897 554 5954 quoque
612 5884 1048 5952 interpretatione
1102 5884 1341 5953 antiqua.
1396 5882 1529 5954 'l‘ota
1583 5892 1759 5937 autent

165 5953 385 6023 constat
422 5954 757 6025 argumentis
795 5954 984 6012 iisdem
1028 5955 1221 6026 quibus
1269 5956 1431 6011 utitur
1470 5953 1763 6025 Septimius

1884 4256 2066 4302 noster
2092 4246 2227 4302 libro
2258 4244 2745 4309 adversuslnda’os,
2778 4254 2831 4301 et
2860 4245 2952 4300 lib.
2986 4245 3225 4301 adversus
3250 4244 3475 4300 Marcio-

1884 4336 1996 4374 uem
2022 4320 2196 4373 lettio.
2251 4317 2369 4373 Btc.
2400 4348 2468 4357 --
2500 4318 2644 4372 lianc
2674 4328 2850 4371 atttctn
2892 4318 3168 4384 epistolam
3196 4319 3476 4373 'detesrrat

1884 4399 2062 4445 noster
2131 4388 2282 4461 llugo
2323 4388 2604 4444 Meuardus
2663 4387 2974 4461 interr-Mss.
3022 4388 3239 4461 codices
3294 4404 3475 4443 tuoua-

1881 4463 2025 4515 stetii
2068 4459 2404 4514 (Earlieieiisis
2430 4501 2443 4525 ,
2482 4462 2786 4529 primusque
2817 4459 2960 4512 illam
2991 4459 3185 4529 publici
3224 4460 3358 4529 juris
3388 4463 3461 4513 le-

1880 4534 1969 4586 eit.
2004 4534 2133 4585 lino.

1953 4604 2029 4676 (ς)
2078 4601 2178 4655 lllo
2217 4604 2510 4676 apocrypho
2572 4601 2785 4676 Pastore
2818 4601 3170 4676 guttae/torum.
3239 4602 3473 4657 Mter-bos

1878 4675 2109 4743 appellat
2152 4673 2429 4743 psycblcos
2452 4715 2465 4737 ,
2499 4675 2587 4743 qui
2620 4673 2852 4727 Pastoris
2885 4674 3076 4727 librntu
3118 4684 3435 4743 receperant
3456 4715 3470 4732 .

1876 4745 1943 4797 du
1969 4762 2072 4813 quo
2101 4759 2279 4813 Supra.

2007 4762 2072 4797 no
2101 4762 2157 4797 su
2205 4762 2279 4797 ra.

1950 4762 2027 4886 (ii)
2062 4814 2109 4866 Ν
2117 4762 2337 4879 atii/uani
2375 4816 2565 4868 moecho
2588 4827 2644 4887 Aet
2684 4816 3003 4887 foruicatori,
3035 4822 3138 4869 elc.
3169 4814 3336 4882 annt
3363 4816 3472 4867 An-

1880 4884 2018 4940 ctur'
2047 4902 2329 4954 perperam
2359 4888 2424 4937 de
2459 4884 2768 4950 pmuitentia
2811 4886 3041 4940 secunda
3093 4887 3473 4955 interpretatur

1877 4958 2052 5011 locum
2082 4958 2190 5023 jatn
2220 4959 2442 5014 citatum
2476 4959 2492 5026 (
2522 4955 2699 5020 llebr.,
2735 4956 2795 5008 \'l
2821 4955 2860 5026 ),
2889 4958 2976 5009 alii
3028 4968 3237 5011 veteres
3269 4958 3333 5008 ilo
3375 4959 3473 5011 itc—

1875 5030 2083 5083 ratiune
2107 5029 2351 5097 baptismi
2380 5029 2699 5097 intelligunt,
2728 5034 2781 5082 cl
2808 5028 3117 5081 ttotuiltaliut
3147 5028 3203 5082 Β.
3236 5029 3469 5085 Ambro-

1874 5100 2006 5163 sius,
2039 5099 2127 5153 lib.
2164 5097 2223 5153 de
2255 5097 2468 5163 Pa’nit.,
2509 5115 2626 5166 cap.
2660 5100 2713 5161 ‘2,
2744 5108 2796 5153 et
2844 5098 2893 5152 itt
2943 5108 3314 5160 comtnent...;
3342 5097 3473 5166 Epi-

1876 5171 2102 5240 phanius
2130 5168 2537 5241 (Ha'res..A59).
2571 5170 2688 5241 Quo
2714 5172 2874 5224 etiam
2907 5168 3464 5241 aceetlit_(;ltrysosto-

1874 5238 2014 5303 inus,
2060 5238 2183 5293 cum
2220 5241 2339 5294 aliis
2382 5238 2583 5295 Graicis
2632 5240 2749 5310 ejus
2803 5239 3043 5301 asscclis,
3103 5238 3466 5295 dum‘eodeut

1872 5312 2032 5365 modo
2090 5310 2472 5381 interpretatur
2543 5311 2667 5365 illttd
2722 5311 2881 5366 Hebr.
2916 5310 2961 5364 Χ
3012 5328 3024 5363 :
3089 5310 3362 5381 Postquam
3392 5327 3472 5363 ac-

1870 5384 2093 5454 Cepimus
2139 5383 2361 5436 veritatis
2409 5384 2733 5454 agnitionem,
2786 5399 2887 5435 non
2940 5381 3242 5450 relinquitur
3304 5382 3467 5454 hostia

1871 5452 1964 5524 pro
1994 5454 2282 5522 peccatis...
2325 5454 2385 5507 Et
2410 5463 2553 5507 certe
2578 5469 2673 5523 pro
2694 5453 2791 5507 hac
2813 5456 3071 5507 sententia
3097 5454 3291 5506 Iaciunt
3314 5452 3442 5522 pltra

1870 5540 1955 5578 ses
1988 5526 2164 5578 latinas
2188 5565 2202 5589 ,
2234 5541 2317 5578 eos
2334 5525 2420 5593 qui
2441 5524 2592 5578 semel
2616 5525 2889 5577 illuminati
2910 5534 3040 5576 sunt.
3070 5534 3121 5577 et
3145 5542 3156 5574 :
3182 5539 3357 5577 rursus
3385 5538 3467 5575 re-

1868 5596 2074 5661 novari;
2104 5603 2157 5649 et
2203 5610 2392 5665 graece
2422 5611 2607 5662 VOCL‘S,
2639 5617 2945 5664 panticosum;
2973 5599 3312 5661 ἀνακαινίζειν,
3342 5609 3471 5664 quas

1870 5682 2129 5734 usurpare
2160 5668 2330 5722 solent
2366 5679 2574 5722 vetet-es
2600 5670 2665 5721 tle
2691 5669 2986 5736 baptizatis.
3022 5665 3158 5719 ΡΑιι.

1942 5738 2017 5811 (e)
2049 5736 2237 5803 Quales
2268 5740 2320 5811 in
2350 5738 2563 5811 Abraha:
2594 5738 2740 5805 ﬁunt.
2795 5738 2899 5792 Ant
2937 5748 3112 5811 tuente
3156 5737 3325 5811 conci;
3350 5736 3461 5811 ien-

1865 5806 2013 5874 dunt,
2040 5817 2132 5863 aut
2156 5810 2512 5877 supplendum
2540 5812 2799 5878 scriptum
2830 5807 3143 5862 vocabulum
3173 5806 3341 5875 ﬁlios:
3393 5806 3469 5859 al-

1865 5881 1999 5935 ludit
2023 5882 2167 5934 enitn
2197 5880 2263 5934 ad
2296 5880 2421 5934 illud
2448 5898 2461 5933 :
2487 5880 2651 5934 Posse
2671 5878 2838 5932 Deum
2858 5879 2921 5932 de
2952 5878 3205 5949 lapidibus
3233 5878 3339 5931 istis
3356 5894 3467 5931 sus-

1866 5953 2022 6006 citare
2048 5951 2181 6021 ﬁlios
2207 5952 2426 6007 Abraluz
2453 5951 2472 6027 (
2497 5950 2712 6017 Matth.,
2733 5949 2818 6017 Ill,
2855 5950 2943 6023 9).
2977 5950 3093 6007 lito.
