  <div class='ocr_page' id='page_1' title='image "/cluster/home/n/w/nwhite01/storage/ocr_20150623/2/hvd.32044015466741/563.png"; bbox 0 0 4220 6492; ppageno 0'>
   <div class='ocr_carea' id='block_1_1' title="bbox 728 382 867 441">
    <p class='ocr_par' dir='ltr' id='par_1_1' title="bbox 728 382 867 441">
     <span class='ocr_line' id='line_1_1' title="bbox 728 382 867 441; baseline 0.007 -1"><span class='ocrx_word' id='word_1_1' title='bbox 728 382 867 441; x_wconf 85' lang='grc'>1019</span> 
     </span>
    </p>
   </div>
   <div class='ocr_carea' id='block_1_2' title="bbox 2130 385 2585 442">
    <p class='ocr_par' dir='ltr' id='par_1_2' title="bbox 2130 385 2585 442">
     <span class='ocr_line' id='line_1_2' title="bbox 2130 385 2585 442; baseline 0.002 -1"><span class='ocrx_word' id='word_1_2' title='bbox 2130 385 2585 442; x_wconf 69' lang='lat' dir='ltr'><strong>TEll&#39;l&#39;lJlJJANl</strong></span> 
     </span>
    </p>
   </div>
   <div class='ocr_carea' id='block_1_3' title="bbox 3883 387 4034 445">
    <p class='ocr_par' dir='ltr' id='par_1_3' title="bbox 3883 387 4034 445">
     <span class='ocr_line' id='line_1_3' title="bbox 3883 387 4034 445; baseline -0.007 0"><span class='ocrx_word' id='word_1_3' title='bbox 3883 390 3899 445; x_wconf 85' lang='lat' dir='ltr'><strong>l</strong></span> <span class='ocrx_word' id='word_1_4' title='bbox 3916 387 4034 444; x_wconf 65' lang='grc' dir='ltr'><strong>(ΕΟ</strong></span> 
     </span>
    </p>
   </div>
   <div class='ocr_carea' id='block_1_4' title="bbox 727 499 4025 574">
    <p class='ocr_par' dir='ltr' id='par_1_4' title="bbox 727 499 4025 574">
     <span class='ocr_line' id='line_1_4' title="bbox 727 499 4025 574; baseline -0.001 -18"><span class='ocrx_word' id='word_1_5' title='bbox 727 499 1054 558; x_wconf 83' lang='lat' dir='ltr'><strong>incedantus.</strong></span> <span class='ocrx_word' id='word_1_6' title='bbox 1080 501 1140 558; x_wconf 89' lang='lat' dir='ltr'><strong>Si</strong></span> <span class='ocrx_word' id='word_1_7' title='bbox 1168 517 1301 569; x_wconf 77' lang='lat' dir='ltr'><strong>vero,</strong></span> <span class='ocrx_word' id='word_1_8' title='bbox 1329 502 1515 574; x_wconf 85' lang='lat' dir='ltr'><strong>inquit,</strong></span> <span class='ocrx_word' id='word_1_9' title='bbox 1551 503 1602 557; x_wconf 90' lang='lat' dir='ltr'><strong>itt</strong></span> <span class='ocrx_word' id='word_1_10' title='bbox 1628 501 2147 565; x_wconf 84' lang='lat' dir='ltr'><strong>lumincincedamus,</strong></span> <span class='ocrx_word' id='word_1_11' title='bbox 2171 519 2308 555; x_wconf 86' lang='lat' dir='ltr'><strong>com-</strong></span> <span class='ocrx_word' id='word_1_12' title='bbox 2344 503 2388 562; x_wconf 67' lang='grc' dir='ltr'><strong>Α</strong></span> <span class='ocrx_word' id='word_1_13' title='bbox 2422 505 2525 555; x_wconf 82' lang='lat' dir='ltr'><strong>nati</strong></span> <span class='ocrx_word' id='word_1_14' title='bbox 2570 510 2685 557; x_wconf 91' lang='lat' dir='ltr'><strong>sunt</strong></span> <span class='ocrx_word' id='word_1_15' title='bbox 2715 519 2727 565; x_wconf 83' lang='lat'><strong>;</strong></span> <span class='ocrx_word' id='word_1_16' title='bbox 2774 502 2855 555; x_wconf 84' lang='lat' dir='ltr'><strong>isti</strong></span> <span class='ocrx_word' id='word_1_17' title='bbox 2897 501 3255 572; x_wconf 88' lang='lat' dir='ltr'><strong>delinqucndo</strong></span> <span class='ocrx_word' id='word_1_18' title='bbox 3278 545 3292 567; x_wconf 96' lang='lat'><strong>,</strong></span> <span class='ocrx_word' id='word_1_19' title='bbox 3344 502 3464 573; x_wconf 80' lang='lat' dir='ltr'><strong>quia</strong></span> <span class='ocrx_word' id='word_1_20' title='bbox 3498 502 3566 559; x_wconf 86' lang='lat' dir='ltr'><strong>de</strong></span> <span class='ocrx_word' id='word_1_21' title='bbox 3595 503 3809 558; x_wconf 85' lang='lat' dir='ltr'><strong>diabolo</strong></span> <span class='ocrx_word' id='word_1_22' title='bbox 3849 514 3978 555; x_wconf 78' lang='lat' dir='ltr'><strong>sum</strong></span> <span class='ocrx_word' id='word_1_23' title='bbox 4012 518 4025 564; x_wconf 90' lang='lat'><strong>;</strong></span> 
     </span>
    </p>
   </div>
   <div class='ocr_carea' id='block_1_5' title="bbox 727 594 2317 666">
    <p class='ocr_par' dir='ltr' id='par_1_5' title="bbox 727 594 2317 666">
     <span class='ocr_line' id='line_1_5' title="bbox 727 594 2317 666; baseline -0.001 -19"><span class='ocrx_word' id='word_1_24' title='bbox 727 597 1011 649; x_wconf 85' lang='lat' dir='ltr'><strong>munionem</strong></span> <span class='ocrx_word' id='word_1_25' title='bbox 1052 612 1166 649; x_wconf 90' lang='lat' dir='ltr'><strong>cum</strong></span> <span class='ocrx_word' id='word_1_26' title='bbox 1202 611 1261 650; x_wconf 86' lang='lat' dir='ltr'><strong>eo</strong></span> <span class='ocrx_word' id='word_1_27' title='bbox 1295 595 1607 661; x_wconf 77' lang='lat' dir='ltr'><strong>habebimus,</strong></span> <span class='ocrx_word' id='word_1_28' title='bbox 1638 604 1683 647; x_wconf 91' lang='lat' dir='ltr'><strong>et</strong></span> <span class='ocrx_word' id='word_1_29' title='bbox 1722 596 1929 666; x_wconf 77' lang='lat' dir='ltr'><strong>sanguis</strong></span> <span class='ocrx_word' id='word_1_30' title='bbox 1968 594 2088 649; x_wconf 87' lang='lat' dir='ltr'><strong>Jesu</strong></span> <span class='ocrx_word' id='word_1_31' title='bbox 2129 595 2317 647; x_wconf 80' lang='lat' dir='ltr'><strong>Christi</strong></span> 
     </span>
    </p>
   </div>
   <div class='ocr_carea' id='block_1_6' title="bbox 726 685 2310 756">
    <p class='ocr_par' dir='ltr' id='par_1_6' title="bbox 726 685 2310 756">
     <span class='ocr_line' id='line_1_6' title="bbox 726 685 2310 756; baseline 0.001 -16"><span class='ocrx_word' id='word_1_32' title='bbox 726 685 933 740; x_wconf 87' lang='lat' dir='ltr'><strong>Domini</strong></span> <span class='ocrx_word' id='word_1_33' title='bbox 961 688 1122 742; x_wconf 89' lang='lat' dir='ltr'><strong>nostri</strong></span> <span class='ocrx_word' id='word_1_34' title='bbox 1149 688 1388 745; x_wconf 89' lang='lat' dir='ltr'><strong>emundat</strong></span> <span class='ocrx_word' id='word_1_35' title='bbox 1422 703 1512 742; x_wconf 88' lang='lat' dir='ltr'><strong>nos</strong></span> <span class='ocrx_word' id='word_1_36' title='bbox 1542 687 1603 741; x_wconf 88' lang='lat' dir='ltr'><strong>ab</strong></span> <span class='ocrx_word' id='word_1_37' title='bbox 1624 688 1760 741; x_wconf 90' lang='lat' dir='ltr'><strong>omni</strong></span> <span class='ocrx_word' id='word_1_38' title='bbox 1786 689 1967 741; x_wconf 88' lang='lat' dir='ltr'><strong>delicto</strong></span> <span class='ocrx_word' id='word_1_39' title='bbox 1996 690 2012 756; x_wconf 94' lang='lat'><strong>(</strong></span> <span class='ocrx_word' id='word_1_40' title='bbox 2045 686 2178 739; x_wconf 85' lang='lat' dir='ltr'><strong>Ibid.</strong></span> <span class='ocrx_word' id='word_1_41' title='bbox 2206 728 2218 749; x_wconf 92' lang='lat'><strong>,</strong></span> <span class='ocrx_word' id='word_1_42' title='bbox 2248 687 2310 751; x_wconf 80' lang='lat'><strong>5,</strong></span> 
     </span>
    </p>
   </div>
   <div class='ocr_carea' id='block_1_7' title="bbox 723 779 2313 856">
    <p class='ocr_par' dir='ltr' id='par_1_7' title="bbox 723 779 2313 856">
     <span class='ocr_line' id='line_1_7' title="bbox 723 779 2313 856; baseline 0.001 -22"><span class='ocrx_word' id='word_1_43' title='bbox 723 796 831 856; x_wconf 84' lang='lat' dir='ltr'><strong>sqq.</strong></span> <span class='ocrx_word' id='word_1_44' title='bbox 858 779 897 852; x_wconf 92' lang='lat'><strong>).</strong></span> <span class='ocrx_word' id='word_1_45' title='bbox 932 780 1073 851; x_wconf 69' lang='lat' dir='ltr'><strong>Ergo</strong></span> <span class='ocrx_word' id='word_1_46' title='bbox 1103 782 1153 835; x_wconf 91' lang='lat' dir='ltr'><strong>iu</strong></span> <span class='ocrx_word' id='word_1_47' title='bbox 1184 782 1381 837; x_wconf 97' lang='lat' dir='ltr'><strong>lumine</strong></span> <span class='ocrx_word' id='word_1_48' title='bbox 1413 781 1721 836; x_wconf 72' lang='lat' dir='ltr'><strong>incedentes</strong></span> <span class='ocrx_word' id='word_1_49' title='bbox 1746 782 2101 851; x_wconf 81' lang='lat' dir='ltr'><strong>delinquimus</strong></span> <span class='ocrx_word' id='word_1_50' title='bbox 2127 825 2141 847; x_wconf 95' lang='lat'><strong>,</strong></span> <span class='ocrx_word' id='word_1_51' title='bbox 2182 794 2235 836; x_wconf 85' lang='lat' dir='ltr'><strong>et</strong></span> <span class='ocrx_word' id='word_1_52' title='bbox 2264 784 2313 835; x_wconf 93' lang='lat' dir='ltr'><strong>in</strong></span> 
     </span>
    </p>
   </div>
   <div class='ocr_carea' id='block_1_8' title="bbox 726 871 2315 944">
    <p class='ocr_par' dir='ltr' id='par_1_8' title="bbox 726 871 2315 944">
     <span class='ocr_line' id='line_1_8' title="bbox 726 871 2315 944; baseline 0.002 -20"><span class='ocrx_word' id='word_1_53' title='bbox 726 871 927 926; x_wconf 90' lang='lat' dir='ltr'><strong>lumine</strong></span> <span class='ocrx_word' id='word_1_54' title='bbox 964 872 1338 944; x_wconf 91' lang='lat' dir='ltr'><strong>delinquentes</strong></span> <span class='ocrx_word' id='word_1_55' title='bbox 1356 872 1806 927; x_wconf 84' lang='lat' dir='ltr'><strong>eumutlabimur?</strong></span> <span class='ocrx_word' id='word_1_56' title='bbox 1834 872 1990 927; x_wconf 84' lang='lat' dir='ltr'><strong>Nullo</strong></span> <span class='ocrx_word' id='word_1_57' title='bbox 2023 884 2189 943; x_wconf 76' lang='lat' dir='ltr'><strong>pacto.</strong></span> <span class='ocrx_word' id='word_1_58' title='bbox 2216 873 2315 941; x_wconf 87' lang='lat' dir='ltr'><strong>Qui</strong></span> 
     </span>
    </p>
   </div>
   <div class='ocr_carea' id='block_1_9' title="bbox 723 964 2311 1035">
    <p class='ocr_par' dir='ltr' id='par_1_9' title="bbox 723 964 2311 1035">
     <span class='ocr_line' id='line_1_9' title="bbox 723 964 2311 1035; baseline -0.002 -16"><span class='ocrx_word' id='word_1_59' title='bbox 723 964 864 1019; x_wconf 87' lang='lat' dir='ltr'><strong>enim</strong></span> <span class='ocrx_word' id='word_1_60' title='bbox 897 964 1157 1035; x_wconf 91' lang='lat' dir='ltr'><strong>delinquit</strong></span> <span class='ocrx_word' id='word_1_61' title='bbox 1180 1005 1196 1026; x_wconf 87' lang='lat'><strong>,</strong></span> <span class='ocrx_word' id='word_1_62' title='bbox 1246 980 1348 1019; x_wconf 90' lang='lat' dir='ltr'><strong>non</strong></span> <span class='ocrx_word' id='word_1_63' title='bbox 1380 965 1429 1018; x_wconf 90' lang='lat' dir='ltr'><strong>in</strong></span> <span class='ocrx_word' id='word_1_64' title='bbox 1461 964 1658 1019; x_wconf 87' lang='lat' dir='ltr'><strong>lumine</strong></span> <span class='ocrx_word' id='word_1_65' title='bbox 1689 975 1768 1020; x_wconf 74' lang='grc' dir='ltr'><strong>(εει</strong></span> <span class='ocrx_word' id='word_1_66' title='bbox 1795 1006 1809 1030; x_wconf 88' lang='grc'><em>,</em></span> <span class='ocrx_word' id='word_1_67' title='bbox 1858 965 1950 1019; x_wconf 89' lang='lat' dir='ltr'><strong>sed</strong></span> <span class='ocrx_word' id='word_1_68' title='bbox 1980 965 2029 1018; x_wconf 91' lang='lat' dir='ltr'><strong>in</strong></span> <span class='ocrx_word' id='word_1_69' title='bbox 2061 966 2311 1019; x_wconf 89' lang='lat' dir='ltr'><strong>tenebris.</strong></span> 
     </span>
    </p>
   </div>
   <div class='ocr_carea' id='block_1_10' title="bbox 724 1056 2312 1128">
    <p class='ocr_par' dir='ltr' id='par_1_10' title="bbox 724 1056 2312 1128">
     <span class='ocr_line' id='line_1_10' title="bbox 724 1056 2312 1128; baseline -0.001 -14"><span class='ocrx_word' id='word_1_70' title='bbox 724 1056 877 1114; x_wconf 89' lang='lat' dir='ltr'><strong>Unde</strong></span> <span class='ocrx_word' id='word_1_71' title='bbox 907 1067 961 1113; x_wconf 89' lang='lat' dir='ltr'><strong>et</strong></span> <span class='ocrx_word' id='word_1_72' title='bbox 986 1057 1221 1114; x_wconf 86' lang='lat' dir='ltr'><strong>ostendit</strong></span> <span class='ocrx_word' id='word_1_73' title='bbox 1240 1058 1507 1128; x_wconf 88' lang='lat' dir='ltr'><strong>quomodo</strong></span> <span class='ocrx_word' id='word_1_74' title='bbox 1533 1058 1939 1114; x_wconf 89' lang='lat' dir='ltr'><strong>emundabimur</strong></span> <span class='ocrx_word' id='word_1_75' title='bbox 1965 1075 1992 1112; x_wconf 89' lang='lat' dir='ltr'><strong>a</strong></span> <span class='ocrx_word' id='word_1_76' title='bbox 2014 1058 2229 1125; x_wconf 86' lang='lat' dir='ltr'><strong>delicto,</strong></span> <span class='ocrx_word' id='word_1_77' title='bbox 2264 1060 2312 1113; x_wconf 92' lang='lat' dir='ltr'><strong>in</strong></span> 
     </span>
    </p>
   </div>
   <div class='ocr_carea' id='block_1_11' title="bbox 723 1150 2310 1221">
    <p class='ocr_par' dir='ltr' id='par_1_11' title="bbox 723 1150 2310 1221">
     <span class='ocr_line' id='line_1_11' title="bbox 723 1150 2310 1221; baseline -0.002 -15"><span class='ocrx_word' id='word_1_78' title='bbox 723 1151 925 1206; x_wconf 83' lang='lat' dir='ltr'><strong>lumine</strong></span> <span class='ocrx_word' id='word_1_79' title='bbox 954 1150 1264 1207; x_wconf 82' lang='lat' dir='ltr'><strong>incedentes</strong></span> <span class='ocrx_word' id='word_1_80' title='bbox 1288 1192 1303 1217; x_wconf 92' lang='lat'><strong>,</strong></span> <span class='ocrx_word' id='word_1_81' title='bbox 1338 1154 1389 1205; x_wconf 93' lang='lat' dir='ltr'><strong>in</strong></span> <span class='ocrx_word' id='word_1_82' title='bbox 1420 1168 1524 1221; x_wconf 89' lang='lat' dir='ltr'><strong>quo</strong></span> <span class='ocrx_word' id='word_1_83' title='bbox 1559 1152 1811 1206; x_wconf 87' lang='lat' dir='ltr'><strong>delictum</strong></span> <span class='ocrx_word' id='word_1_84' title='bbox 1838 1152 1922 1220; x_wconf 90' lang='lat' dir='ltr'><strong>agi</strong></span> <span class='ocrx_word' id='word_1_85' title='bbox 1954 1168 2057 1204; x_wconf 90' lang='lat' dir='ltr'><strong>non</strong></span> <span class='ocrx_word' id='word_1_86' title='bbox 2102 1163 2268 1221; x_wconf 81' lang='lat' dir='ltr'><strong>poteSt</strong></span> <span class='ocrx_word' id='word_1_87' title='bbox 2296 1194 2310 1215; x_wconf 98' lang='lat'><strong>,</strong></span> 
     </span>
    </p>
   </div>
   <div class='ocr_carea' id='block_1_12' title="bbox 722 1243 2314 1314">
    <p class='ocr_par' dir='ltr' id='par_1_12' title="bbox 722 1243 2314 1314">
     <span class='ocr_line' id='line_1_12' title="bbox 722 1243 2314 1314; baseline -0.001 -14"><span class='ocrx_word' id='word_1_88' title='bbox 722 1243 861 1301; x_wconf 86' lang='lat' dir='ltr'><strong>adeo</strong></span> <span class='ocrx_word' id='word_1_89' title='bbox 881 1244 958 1300; x_wconf 89' lang='lat' dir='ltr'><strong>sic</strong></span> <span class='ocrx_word' id='word_1_90' title='bbox 984 1245 1259 1299; x_wconf 89' lang='lat' dir='ltr'><strong>emundari</strong></span> <span class='ocrx_word' id='word_1_91' title='bbox 1293 1260 1390 1298; x_wconf 91' lang='lat' dir='ltr'><strong>nos</strong></span> <span class='ocrx_word' id='word_1_92' title='bbox 1417 1245 1510 1307; x_wconf 86' lang='lat' dir='ltr'><strong>ait,</strong></span> <span class='ocrx_word' id='word_1_93' title='bbox 1543 1260 1646 1297; x_wconf 90' lang='lat' dir='ltr'><strong>non</strong></span> <span class='ocrx_word' id='word_1_94' title='bbox 1672 1259 1773 1314; x_wconf 90' lang='lat' dir='ltr'><strong>qua</strong></span> <span class='ocrx_word' id='word_1_95' title='bbox 1804 1243 2190 1313; x_wconf 87' lang='lat' dir='ltr'><strong>delinquamus,</strong></span> <span class='ocrx_word' id='word_1_96' title='bbox 2220 1244 2314 1298; x_wconf 91' lang='lat' dir='ltr'><strong>sed</strong></span> 
     </span>
    </p>
   </div>
   <div class='ocr_carea' id='block_1_13' title="bbox 722 1332 2312 1407">
    <p class='ocr_par' dir='ltr' id='par_1_13' title="bbox 722 1332 2312 1407">
     <span class='ocr_line' id='line_1_13' title="bbox 722 1332 2312 1407; baseline 0 -18"><span class='ocrx_word' id='word_1_97' title='bbox 722 1349 825 1405; x_wconf 87' lang='lat' dir='ltr'><strong>qua</strong></span> <span class='ocrx_word' id='word_1_98' title='bbox 849 1349 951 1389; x_wconf 92' lang='lat' dir='ltr'><strong>non</strong></span> <span class='ocrx_word' id='word_1_99' title='bbox 976 1334 1367 1407; x_wconf 76' lang='lat' dir='ltr'><strong>delinquemus.</strong></span> <span class='ocrx_word' id='word_1_100' title='bbox 1398 1334 1708 1390; x_wconf 87' lang='lat' dir='ltr'><strong>lucedentes</strong></span> <span class='ocrx_word' id='word_1_101' title='bbox 1733 1332 1873 1390; x_wconf 89' lang='lat' dir='ltr'><strong>enim</strong></span> <span class='ocrx_word' id='word_1_102' title='bbox 1907 1336 1957 1389; x_wconf 90' lang='lat' dir='ltr'><strong>in</strong></span> <span class='ocrx_word' id='word_1_103' title='bbox 1981 1336 2199 1401; x_wconf 89' lang='lat' dir='ltr'><strong>lumine,</strong></span> <span class='ocrx_word' id='word_1_104' title='bbox 2235 1348 2312 1389; x_wconf 81' lang='lat' dir='ltr'><strong>te—</strong></span> 
     </span>
    </p>
   </div>
   <div class='ocr_carea' id='block_1_14' title="bbox 723 1427 2312 1496">
    <p class='ocr_par' dir='ltr' id='par_1_14' title="bbox 723 1427 2312 1496">
     <span class='ocr_line' id='line_1_14' title="bbox 723 1427 2312 1496; baseline 0 -13"><span class='ocrx_word' id='word_1_105' title='bbox 723 1427 904 1484; x_wconf 87' lang='lat' dir='ltr'><strong>nebris</strong></span> <span class='ocrx_word' id='word_1_106' title='bbox 930 1443 1055 1483; x_wconf 85' lang='lat' dir='ltr'><strong>vero</strong></span> <span class='ocrx_word' id='word_1_107' title='bbox 1086 1444 1192 1483; x_wconf 89' lang='lat' dir='ltr'><strong>non</strong></span> <span class='ocrx_word' id='word_1_108' title='bbox 1222 1429 1711 1493; x_wconf 87' lang='lat' dir='ltr'><strong>communicantes,</strong></span> <span class='ocrx_word' id='word_1_109' title='bbox 1740 1428 2009 1482; x_wconf 82' lang='lat' dir='ltr'><strong>einuudati</strong></span> <span class='ocrx_word' id='word_1_110' title='bbox 2051 1444 2269 1496; x_wconf 82' lang='lat' dir='ltr'><strong>agetnns</strong></span> <span class='ocrx_word' id='word_1_111' title='bbox 2296 1469 2312 1492; x_wconf 92' lang='lat'><strong>,</strong></span> 
     </span>
    </p>
   </div>
   <div class='ocr_carea' id='block_1_15' title="bbox 723 1516 2313 1590">
    <p class='ocr_par' dir='ltr' id='par_1_15' title="bbox 723 1516 2313 1590">
     <span class='ocr_line' id='line_1_15' title="bbox 723 1516 2313 1590; baseline 0 -15"><span class='ocrx_word' id='word_1_112' title='bbox 723 1533 829 1575; x_wconf 87' lang='lat' dir='ltr'><strong>non</strong></span> <span class='ocrx_word' id='word_1_113' title='bbox 854 1518 1120 1590; x_wconf 86' lang='lat' dir='ltr'><strong>deposito,</strong></span> <span class='ocrx_word' id='word_1_114' title='bbox 1152 1520 1245 1575; x_wconf 83' lang='lat' dir='ltr'><strong>sed</strong></span> <span class='ocrx_word' id='word_1_115' title='bbox 1274 1535 1379 1574; x_wconf 88' lang='lat' dir='ltr'><strong>non</strong></span> <span class='ocrx_word' id='word_1_116' title='bbox 1408 1520 1643 1574; x_wconf 87' lang='lat' dir='ltr'><strong>admisso</strong></span> <span class='ocrx_word' id='word_1_117' title='bbox 1667 1516 1881 1575; x_wconf 84' lang='lat' dir='ltr'><strong>delicto.</strong></span> <span class='ocrx_word' id='word_1_118' title='bbox 1914 1520 2039 1575; x_wconf 66' lang='lat' dir='ltr'><strong>Hac</strong></span> <span class='ocrx_word' id='word_1_119' title='bbox 2065 1531 2145 1575; x_wconf 88' lang='lat' dir='ltr'><strong>est</strong></span> <span class='ocrx_word' id='word_1_120' title='bbox 2172 1537 2237 1574; x_wconf 88' lang='lat' dir='ltr'><strong>en</strong></span> <span class='ocrx_word' id='word_1_121' title='bbox 2263 1537 2313 1575; x_wconf 84' lang='lat' dir='ltr'><strong>In</strong></span> 
     </span>
    </p>
   </div>
   <div class='ocr_carea' id='block_1_16' title="bbox 722 1614 2311 1685">
    <p class='ocr_par' dir='ltr' id='par_1_16' title="bbox 722 1614 2311 1685">
     <span class='ocr_line' id='line_1_16' title="bbox 722 1614 2311 1685; baseline 0.001 -17"><span class='ocrx_word' id='word_1_122' title='bbox 722 1616 802 1669; x_wconf 90' lang='lat' dir='ltr'><strong>vis</strong></span> <span class='ocrx_word' id='word_1_123' title='bbox 825 1616 1085 1670; x_wconf 89' lang='lat' dir='ltr'><strong>Dominici</strong></span> <span class='ocrx_word' id='word_1_124' title='bbox 1110 1616 1402 1685; x_wconf 78' lang='lat' dir='ltr'><strong>sanguinis,</strong></span> <span class='ocrx_word' id='word_1_125' title='bbox 1437 1628 1491 1669; x_wconf 91' lang='lat' dir='ltr'><strong>ut</strong></span> <span class='ocrx_word' id='word_1_126' title='bbox 1513 1630 1646 1684; x_wconf 88' lang='lat' dir='ltr'><strong>quos</strong></span> <span class='ocrx_word' id='word_1_127' title='bbox 1664 1614 1773 1683; x_wconf 92' lang='lat' dir='ltr'><strong>jam</strong></span> <span class='ocrx_word' id='word_1_128' title='bbox 1796 1614 1997 1670; x_wconf 88' lang='lat' dir='ltr'><strong>delicto</strong></span> <span class='ocrx_word' id='word_1_129' title='bbox 2024 1616 2311 1680; x_wconf 83' lang='lat' dir='ltr'><strong>mandarit,</strong></span> 
     </span>
    </p>
   </div>
   <div class='ocr_carea' id='block_1_17' title="bbox 720 1707 2314 1778">
    <p class='ocr_par' dir='ltr' id='par_1_17' title="bbox 720 1707 2314 1778">
     <span class='ocr_line' id='line_1_17' title="bbox 720 1707 2314 1778; baseline 0 -15"><span class='ocrx_word' id='word_1_130' title='bbox 720 1719 774 1763; x_wconf 86' lang='lat' dir='ltr'><strong>et</strong></span> <span class='ocrx_word' id='word_1_131' title='bbox 801 1707 995 1763; x_wconf 75' lang='lat' dir='ltr'><strong>exinde</strong></span> <span class='ocrx_word' id='word_1_132' title='bbox 1022 1709 1074 1762; x_wconf 90' lang='lat' dir='ltr'><strong>in</strong></span> <span class='ocrx_word' id='word_1_133' title='bbox 1106 1708 1303 1762; x_wconf 87' lang='lat' dir='ltr'><strong>lmnine</strong></span> <span class='ocrx_word' id='word_1_134' title='bbox 1328 1707 1681 1772; x_wconf 90' lang='lat' dir='ltr'><strong>constituerit,</strong></span> <span class='ocrx_word' id='word_1_135' title='bbox 1713 1708 1938 1762; x_wconf 89' lang='lat' dir='ltr'><strong>nmndos</strong></span> <span class='ocrx_word' id='word_1_136' title='bbox 1959 1707 2151 1763; x_wconf 76' lang='lat' dir='ltr'><strong>exinde</strong></span> <span class='ocrx_word' id='word_1_137' title='bbox 2180 1725 2314 1778; x_wconf 76' lang='lat' dir='ltr'><strong>pra:-</strong></span> 
     </span>
    </p>
   </div>
   <div class='ocr_carea' id='block_1_18' title="bbox 721 1799 2315 1869">
    <p class='ocr_par' dir='ltr' id='par_1_18' title="bbox 721 1799 2315 1869">
     <span class='ocr_line' id='line_1_18' title="bbox 721 1799 2315 1869; baseline 0 -13"><span class='ocrx_word' id='word_1_138' title='bbox 721 1809 860 1865; x_wconf 80' lang='lat' dir='ltr'><strong>stet,</strong></span> <span class='ocrx_word' id='word_1_139' title='bbox 885 1802 928 1855; x_wconf 91' lang='lat' dir='ltr'><strong>si</strong></span> <span class='ocrx_word' id='word_1_140' title='bbox 960 1801 1011 1853; x_wconf 91' lang='lat' dir='ltr'><strong>in</strong></span> <span class='ocrx_word' id='word_1_141' title='bbox 1040 1799 1239 1854; x_wconf 90' lang='lat' dir='ltr'><strong>lumine</strong></span> <span class='ocrx_word' id='word_1_142' title='bbox 1266 1800 1511 1855; x_wconf 88' lang='lat' dir='ltr'><strong>incedere</strong></span> <span class='ocrx_word' id='word_1_143' title='bbox 1544 1801 2018 1869; x_wconf 78' lang='lat' dir='ltr'><strong>perseveraverint.</strong></span> <span class='ocrx_word' id='word_1_144' title='bbox 2053 1802 2156 1855; x_wconf 87' lang='lat' dir='ltr'><strong>Sed</strong></span> <span class='ocrx_word' id='word_1_145' title='bbox 2188 1802 2315 1856; x_wconf 87' lang='lat' dir='ltr'><strong>sub-</strong></span> 
     </span>
    </p>
   </div>
   <div class='ocr_carea' id='block_1_19' title="bbox 2422 595 4024 667">
    <p class='ocr_par' dir='ltr' id='par_1_19' title="bbox 2422 595 4024 667">
     <span class='ocr_line' id='line_1_19' title="bbox 2422 595 4024 667; baseline -0.002 -17"><span class='ocrx_word' id='word_1_146' title='bbox 2422 596 2641 667; x_wconf 86' lang='lat' dir='ltr'><strong>perinde</strong></span> <span class='ocrx_word' id='word_1_147' title='bbox 2665 605 2823 663; x_wconf 89' lang='lat' dir='ltr'><strong>atque</strong></span> <span class='ocrx_word' id='word_1_148' title='bbox 2849 597 2892 650; x_wconf 90' lang='lat' dir='ltr'><strong>si</strong></span> <span class='ocrx_word' id='word_1_149' title='bbox 2927 610 3196 665; x_wconf 88' lang='lat' dir='ltr'><strong>nunquam</strong></span> <span class='ocrx_word' id='word_1_150' title='bbox 3228 596 3335 650; x_wconf 84' lang='lat' dir='ltr'><strong>sint</strong></span> <span class='ocrx_word' id='word_1_151' title='bbox 3370 612 3435 650; x_wconf 82' lang='lat' dir='ltr'><strong>ex</strong></span> <span class='ocrx_word' id='word_1_152' title='bbox 3466 595 3577 650; x_wconf 85' lang='lat' dir='ltr'><strong>Deo</strong></span> <span class='ocrx_word' id='word_1_153' title='bbox 3605 596 3758 649; x_wconf 84' lang='lat' dir='ltr'><strong>nati?</strong></span> <span class='ocrx_word' id='word_1_154' title='bbox 3788 596 3948 664; x_wconf 83' lang='lat' dir='ltr'><strong>Quod</strong></span> <span class='ocrx_word' id='word_1_155' title='bbox 3983 600 4024 647; x_wconf 55' lang='grc' dir='ltr'><strong>εί</strong></span> 
     </span>
    </p>
   </div>
   <div class='ocr_carea' id='block_1_20' title="bbox 2417 686 4026 759">
    <p class='ocr_par' dir='ltr' id='par_1_20' title="bbox 2417 686 4026 759">
     <span class='ocr_line' id='line_1_20' title="bbox 2417 686 4026 759; baseline -0.001 -18"><span class='ocrx_word' id='word_1_156' title='bbox 2417 688 2547 742; x_wconf 86' lang='lat' dir='ltr'><strong>dicit</strong></span> <span class='ocrx_word' id='word_1_157' title='bbox 2579 707 2590 741; x_wconf 90' lang='lat'><strong><em>:</em></strong></span> <span class='ocrx_word' id='word_1_158' title='bbox 2618 690 2717 753; x_wconf 93' lang='lat' dir='ltr'><strong>Qui</strong></span> <span class='ocrx_word' id='word_1_159' title='bbox 2742 704 2844 741; x_wconf 89' lang='lat' dir='ltr'><strong>non</strong></span> <span class='ocrx_word' id='word_1_160' title='bbox 2872 698 2945 744; x_wconf 74' lang='lat' dir='ltr'><strong>est</strong></span> <span class='ocrx_word' id='word_1_161' title='bbox 2963 689 3156 759; x_wconf 86' lang='lat' dir='ltr'><strong>justus,</strong></span> <span class='ocrx_word' id='word_1_162' title='bbox 3188 705 3251 742; x_wconf 77' lang='lat' dir='ltr'><strong>ea:</strong></span> <span class='ocrx_word' id='word_1_163' title='bbox 3281 686 3391 742; x_wconf 86' lang='lat' dir='ltr'><strong>Deo</strong></span> <span class='ocrx_word' id='word_1_164' title='bbox 3419 704 3520 742; x_wconf 90' lang='lat' dir='ltr'><strong>non</strong></span> <span class='ocrx_word' id='word_1_165' title='bbox 3542 697 3637 752; x_wconf 88' lang='lat' dir='ltr'><strong>est,</strong></span> <span class='ocrx_word' id='word_1_166' title='bbox 3658 690 3749 757; x_wconf 89' lang='lat' dir='ltr'><strong>qui</strong></span> <span class='ocrx_word' id='word_1_167' title='bbox 3775 705 3882 742; x_wconf 89' lang='lat' dir='ltr'><strong>non</strong></span> <span class='ocrx_word' id='word_1_168' title='bbox 3917 704 4026 757; x_wconf 84' lang='lat' dir='ltr'><strong>pu-</strong></span> 
     </span>
    </p>
   </div>
   <div class='ocr_carea' id='block_1_21' title="bbox 2417 781 4025 851">
    <p class='ocr_par' dir='ltr' id='par_1_21' title="bbox 2417 781 4025 851">
     <span class='ocr_line' id='line_1_21' title="bbox 2417 781 4025 851; baseline -0.002 -14"><span class='ocrx_word' id='word_1_169' title='bbox 2417 782 2587 843; x_wconf 81' lang='lat' dir='ltr'><strong>dicus.</strong></span> <span class='ocrx_word' id='word_1_170' title='bbox 2622 782 2893 851; x_wconf 91' lang='lat' dir='ltr'><strong>quomodo</strong></span> <span class='ocrx_word' id='word_1_171' title='bbox 2919 796 3101 836; x_wconf 89' lang='lat' dir='ltr'><strong>rursus</strong></span> <span class='ocrx_word' id='word_1_172' title='bbox 3129 798 3196 837; x_wconf 83' lang='lat' dir='ltr'><strong>ex</strong></span> <span class='ocrx_word' id='word_1_173' title='bbox 3229 782 3336 836; x_wconf 88' lang='lat' dir='ltr'><strong>Deo</strong></span> <span class='ocrx_word' id='word_1_174' title='bbox 3360 784 3482 847; x_wconf 89' lang='lat' dir='ltr'><strong>ﬁet,</strong></span> <span class='ocrx_word' id='word_1_175' title='bbox 3526 783 3614 851; x_wconf 89' lang='lat' dir='ltr'><strong>qui</strong></span> <span class='ocrx_word' id='word_1_176' title='bbox 3633 783 3744 851; x_wconf 88' lang='lat' dir='ltr'><strong>jam</strong></span> <span class='ocrx_word' id='word_1_177' title='bbox 3770 797 3895 836; x_wconf 88' lang='lat' dir='ltr'><strong>esse</strong></span> <span class='ocrx_word' id='word_1_178' title='bbox 3924 781 4025 834; x_wconf 84' lang='lat' dir='ltr'><strong>dc—</strong></span> 
     </span>
    </p>
   </div>
   <div class='ocr_carea' id='block_1_22' title="bbox 2419 874 4027 945">
    <p class='ocr_par' dir='ltr' id='par_1_22' title="bbox 2419 874 4027 945">
     <span class='ocr_line' id='line_1_22' title="bbox 2419 874 4027 945; baseline -0.001 -16"><span class='ocrx_word' id='word_1_179' title='bbox 2419 877 2544 929; x_wconf 79' lang='lat' dir='ltr'><strong>siit‘.’</strong></span> <span class='ocrx_word' id='word_1_180' title='bbox 2572 874 2729 930; x_wconf 80' lang='lat' dir='ltr'><strong>Juxta</strong></span> <span class='ocrx_word' id='word_1_181' title='bbox 2761 885 2843 929; x_wconf 88' lang='lat' dir='ltr'><strong>est</strong></span> <span class='ocrx_word' id='word_1_182' title='bbox 2882 877 3040 945; x_wconf 87' lang='lat' dir='ltr'><strong>igitur</strong></span> <span class='ocrx_word' id='word_1_183' title='bbox 3070 884 3126 928; x_wconf 91' lang='lat' dir='ltr'><strong>ut</strong></span> <span class='ocrx_word' id='word_1_184' title='bbox 3151 876 3413 929; x_wconf 58' lang='lat' dir='ltr'><strong>excidisse</strong></span> <span class='ocrx_word' id='word_1_185' title='bbox 3442 876 3543 929; x_wconf 90' lang='lat' dir='ltr'><strong>sibi</strong></span> <span class='ocrx_word' id='word_1_186' title='bbox 3574 875 3814 929; x_wconf 86' lang='lat' dir='ltr'><strong>dicamus</strong></span> <span class='ocrx_word' id='word_1_187' title='bbox 3851 874 4027 929; x_wconf 83' lang='lat' dir='ltr'><strong>Joan-</strong></span> 
     </span>
    </p>
   </div>
   <div class='ocr_carea' id='block_1_23' title="bbox 2421 966 4022 1039">
    <p class='ocr_par' dir='ltr' id='par_1_23' title="bbox 2421 966 4022 1039">
     <span class='ocr_line' id='line_1_23' title="bbox 2421 966 4022 1039; baseline -0.001 -19"><span class='ocrx_word' id='word_1_188' title='bbox 2421 983 2540 1021; x_wconf 89' lang='lat' dir='ltr'><strong>nem</strong></span> <span class='ocrx_word' id='word_1_189' title='bbox 2593 969 2644 1020; x_wconf 92' lang='lat' dir='ltr'><strong>in</strong></span> <span class='ocrx_word' id='word_1_190' title='bbox 2695 968 2864 1035; x_wconf 89' lang='lat' dir='ltr'><strong>prima</strong></span> <span class='ocrx_word' id='word_1_191' title='bbox 2908 966 3123 1037; x_wconf 87' lang='lat' dir='ltr'><strong>quidem</strong></span> <span class='ocrx_word' id='word_1_192' title='bbox 3184 967 3423 1037; x_wconf 86' lang='lat' dir='ltr'><strong>Epistola</strong></span> <span class='ocrx_word' id='word_1_193' title='bbox 3470 968 3571 1039; x_wconf 92' lang='grc' dir='ltr'><strong>(Ι,</strong></span> <span class='ocrx_word' id='word_1_194' title='bbox 3612 968 3686 1035; x_wconf 90' lang='grc'><strong>8)</strong></span> <span class='ocrx_word' id='word_1_195' title='bbox 3729 978 4022 1037; x_wconf 78' lang='lat' dir='ltr'><strong>negantem</strong></span> 
     </span>
    </p>
   </div>
   <div class='ocr_carea' id='block_1_24' title="bbox 2420 1059 4021 1127">
    <p class='ocr_par' dir='ltr' id='par_1_24' title="bbox 2420 1059 4021 1127">
     <span class='ocr_line' id='line_1_24' title="bbox 2420 1059 4021 1127; baseline -0.001 -14"><span class='ocrx_word' id='word_1_196' title='bbox 2420 1074 2518 1115; x_wconf 91' lang='lat' dir='ltr'><strong>nos</strong></span> <span class='ocrx_word' id='word_1_197' title='bbox 2542 1061 2656 1114; x_wconf 91' lang='lat' dir='ltr'><strong>sine</strong></span> <span class='ocrx_word' id='word_1_198' title='bbox 2680 1059 2873 1114; x_wconf 91' lang='lat' dir='ltr'><strong>delicto</strong></span> <span class='ocrx_word' id='word_1_199' title='bbox 2899 1074 3049 1125; x_wconf 87' lang='lat' dir='ltr'><strong>esse,</strong></span> <span class='ocrx_word' id='word_1_200' title='bbox 3101 1073 3240 1113; x_wconf 82' lang='lat' dir='ltr'><strong>miuc</strong></span> <span class='ocrx_word' id='word_1_201' title='bbox 3269 1075 3398 1113; x_wconf 88' lang='lat' dir='ltr'><strong>vero</strong></span> <span class='ocrx_word' id='word_1_202' title='bbox 3429 1060 3863 1127; x_wconf 76' lang='lat' dir='ltr'><strong>przescribentem</strong></span> <span class='ocrx_word' id='word_1_203' title='bbox 3906 1075 4021 1111; x_wconf 78' lang='grc' dir='ltr'><em>ιιυιι</em></span> 
     </span>
    </p>
   </div>
   <div class='ocr_carea' id='block_1_25' title="bbox 2418 1150 4021 1220">
    <p class='ocr_par' dir='ltr' id='par_1_25' title="bbox 2418 1150 4021 1220">
     <span class='ocr_line' id='line_1_25' title="bbox 2418 1150 4021 1220; baseline -0.003 -13"><span class='ocrx_word' id='word_1_204' title='bbox 2418 1150 2728 1220; x_wconf 89' lang='lat' dir='ltr'><strong>delinquere</strong></span> <span class='ocrx_word' id='word_1_205' title='bbox 2763 1152 2983 1206; x_wconf 90' lang='lat' dir='ltr'><strong>omnino</strong></span> <span class='ocrx_word' id='word_1_206' title='bbox 3017 1168 3029 1202; x_wconf 91' lang='lat'><strong>:</strong></span> <span class='ocrx_word' id='word_1_207' title='bbox 3070 1160 3124 1205; x_wconf 89' lang='lat' dir='ltr'><strong>et</strong></span> <span class='ocrx_word' id='word_1_208' title='bbox 3167 1152 3273 1205; x_wconf 91' lang='lat' dir='ltr'><strong>illic</strong></span> <span class='ocrx_word' id='word_1_209' title='bbox 3310 1150 3523 1220; x_wconf 84' lang='lat' dir='ltr'><strong>quidem</strong></span> <span class='ocrx_word' id='word_1_210' title='bbox 3562 1151 3703 1205; x_wconf 84' lang='lat' dir='ltr'><strong>aliud</strong></span> <span class='ocrx_word' id='word_1_211' title='bbox 3749 1152 3818 1205; x_wconf 87' lang='lat' dir='ltr'><strong>de</strong></span> <span class='ocrx_word' id='word_1_212' title='bbox 3855 1152 4021 1204; x_wconf 82' lang='lat' dir='ltr'><strong>venia</strong></span> 
     </span>
    </p>
   </div>
   <div class='ocr_carea' id='block_1_26' title="bbox 2418 1242 4023 1314">
    <p class='ocr_par' dir='ltr' id='par_1_26' title="bbox 2418 1242 4023 1314">
     <span class='ocr_line' id='line_1_26' title="bbox 2418 1242 4023 1314; baseline -0.001 -17"><span class='ocrx_word' id='word_1_213' title='bbox 2418 1243 2808 1307; x_wconf 85' lang='lat' dir='ltr'><strong>blandientem,</strong></span> <span class='ocrx_word' id='word_1_214' title='bbox 2852 1242 2939 1297; x_wconf 90' lang='lat' dir='ltr'><strong>hic</strong></span> <span class='ocrx_word' id='word_1_215' title='bbox 2968 1258 3095 1297; x_wconf 86' lang='lat' dir='ltr'><strong>vero</strong></span> <span class='ocrx_word' id='word_1_216' title='bbox 3136 1243 3376 1298; x_wconf 90' lang='lat' dir='ltr'><strong>districte</strong></span> <span class='ocrx_word' id='word_1_217' title='bbox 3421 1255 3703 1314; x_wconf 78' lang='lat' dir='ltr'><strong>negantem</strong></span> <span class='ocrx_word' id='word_1_218' title='bbox 3743 1243 3882 1297; x_wconf 89' lang='lat' dir='ltr'><strong>ﬁlios</strong></span> <span class='ocrx_word' id='word_1_219' title='bbox 3921 1243 4023 1296; x_wconf 85' lang='lat' dir='ltr'><strong>Dei</strong></span> 
     </span>
    </p>
   </div>
   <div class='ocr_carea' id='block_1_27' title="bbox 2417 1334 4024 1409">
    <p class='ocr_par' dir='ltr' id='par_1_27' title="bbox 2417 1334 4024 1409">
     <span class='ocr_line' id='line_1_27' title="bbox 2417 1334 4024 1409; baseline 0 -21"><span class='ocrx_word' id='word_1_220' title='bbox 2417 1338 2735 1405; x_wconf 84' lang='lat' dir='ltr'><strong>quicumque</strong></span> <span class='ocrx_word' id='word_1_221' title='bbox 2757 1334 3098 1405; x_wconf 88' lang='lat' dir='ltr'><strong>deliquerint.</strong></span> <span class='ocrx_word' id='word_1_222' title='bbox 3134 1335 3238 1392; x_wconf 87' lang='lat' dir='ltr'><strong>Sed</strong></span> <span class='ocrx_word' id='word_1_223' title='bbox 3264 1335 3422 1389; x_wconf 89' lang='lat' dir='ltr'><strong>absit.</strong></span> <span class='ocrx_word' id='word_1_224' title='bbox 3448 1334 3577 1389; x_wconf 86' lang='lat' dir='ltr'><strong>Nam</strong></span> <span class='ocrx_word' id='word_1_225' title='bbox 3606 1351 3705 1390; x_wconf 87' lang='lat' dir='ltr'><strong>nec</strong></span> <span class='ocrx_word' id='word_1_226' title='bbox 3730 1336 3835 1409; x_wconf 83' lang='lat' dir='ltr'><strong>ipsi</strong></span> <span class='ocrx_word' id='word_1_227' title='bbox 3866 1338 4024 1389; x_wconf 80' lang='lat' dir='ltr'><strong>exci-</strong></span> 
     </span>
    </p>
   </div>
   <div class='ocr_carea' id='block_1_28' title="bbox 2417 1426 4021 1496">
    <p class='ocr_par' dir='ltr' id='par_1_28' title="bbox 2417 1426 4021 1496">
     <span class='ocr_line' id='line_1_28' title="bbox 2417 1426 4021 1496; baseline 0 -15"><span class='ocrx_word' id='word_1_228' title='bbox 2417 1426 2592 1481; x_wconf 91' lang='lat' dir='ltr'><strong>dimus</strong></span> <span class='ocrx_word' id='word_1_229' title='bbox 2619 1444 2645 1479; x_wconf 86' lang='lat' dir='ltr'><strong>a</strong></span> <span class='ocrx_word' id='word_1_230' title='bbox 2675 1442 2776 1496; x_wconf 87' lang='lat' dir='ltr'><strong>qua</strong></span> <span class='ocrx_word' id='word_1_231' title='bbox 2808 1427 3032 1495; x_wconf 76' lang='lat' dir='ltr'><strong>digressi</strong></span> <span class='ocrx_word' id='word_1_232' title='bbox 3074 1442 3259 1481; x_wconf 86' lang='lat' dir='ltr'><strong>sumus</strong></span> <span class='ocrx_word' id='word_1_233' title='bbox 3289 1427 3630 1482; x_wconf 88' lang='lat' dir='ltr'><strong>distinctione</strong></span> <span class='ocrx_word' id='word_1_234' title='bbox 3665 1429 4021 1483; x_wconf 85' lang='lat' dir='ltr'><strong>delictorum.</strong></span> 
     </span>
    </p>
   </div>
   <div class='ocr_carea' id='block_1_29' title="bbox 2419 1520 4027 1592">
    <p class='ocr_par' dir='ltr' id='par_1_29' title="bbox 2419 1520 4027 1592">
     <span class='ocr_line' id='line_1_29' title="bbox 2419 1520 4027 1592; baseline -0.001 -17"><span class='ocrx_word' id='word_1_235' title='bbox 2419 1522 2485 1575; x_wconf 88' lang='lat' dir='ltr'><strong>Et</strong></span> <span class='ocrx_word' id='word_1_236' title='bbox 2514 1520 2598 1575; x_wconf 89' lang='lat' dir='ltr'><strong>hic</strong></span> <span class='ocrx_word' id='word_1_237' title='bbox 2637 1520 2777 1575; x_wconf 87' lang='lat' dir='ltr'><strong>enim</strong></span> <span class='ocrx_word' id='word_1_238' title='bbox 2813 1521 2951 1574; x_wconf 79' lang='lat' dir='ltr'><strong>illaut</strong></span> <span class='ocrx_word' id='word_1_239' title='bbox 2980 1520 3214 1576; x_wconf 80' lang='lat' dir='ltr'><strong>Joannes</strong></span> <span class='ocrx_word' id='word_1_240' title='bbox 3252 1520 3679 1586; x_wconf 88' lang='lat' dir='ltr'><strong>commendavit,</strong></span> <span class='ocrx_word' id='word_1_241' title='bbox 3723 1524 3864 1592; x_wconf 85' lang='lat' dir='ltr'><strong>quod</strong></span> <span class='ocrx_word' id='word_1_242' title='bbox 3909 1523 4027 1574; x_wconf 87' lang='lat' dir='ltr'><strong>sint</strong></span> 
     </span>
    </p>
   </div>
   <div class='ocr_carea' id='block_1_30' title="bbox 2417 1613 4021 1684">
    <p class='ocr_par' dir='ltr' id='par_1_30' title="bbox 2417 1613 4021 1684">
     <span class='ocr_line' id='line_1_30' title="bbox 2417 1613 4021 1684; baseline 0.001 -19"><span class='ocrx_word' id='word_1_243' title='bbox 2417 1614 2657 1682; x_wconf 67' lang='lat' dir='ltr'><strong>quwdain</strong></span> <span class='ocrx_word' id='word_1_244' title='bbox 2698 1613 2887 1667; x_wconf 85' lang='lat' dir='ltr'><strong>delicta</strong></span> <span class='ocrx_word' id='word_1_245' title='bbox 2919 1614 3240 1684; x_wconf 78' lang='lat' dir='ltr'><strong>quotidiana:</strong></span> <span class='ocrx_word' id='word_1_246' title='bbox 3276 1614 3627 1680; x_wconf 89' lang='lat' dir='ltr'><strong>incursionis,</strong></span> <span class='ocrx_word' id='word_1_247' title='bbox 3666 1616 3861 1684; x_wconf 83' lang='lat' dir='ltr'><strong>quibus</strong></span> <span class='ocrx_word' id='word_1_248' title='bbox 3886 1633 4021 1669; x_wconf 71' lang='lat' dir='ltr'><strong>om-</strong></span> 
     </span>
    </p>
   </div>
   <div class='ocr_carea' id='block_1_31' title="bbox 2418 1707 4020 1776">
    <p class='ocr_par' dir='ltr' id='par_1_31' title="bbox 2418 1707 4020 1776">
     <span class='ocr_line' id='line_1_31' title="bbox 2418 1707 4020 1776; baseline 0.001 -16"><span class='ocrx_word' id='word_1_249' title='bbox 2418 1722 2514 1760; x_wconf 89' lang='lat' dir='ltr'><strong>nes</strong></span> <span class='ocrx_word' id='word_1_250' title='bbox 2538 1707 2704 1759; x_wconf 87' lang='lat' dir='ltr'><strong>simus</strong></span> <span class='ocrx_word' id='word_1_251' title='bbox 2730 1707 2941 1776; x_wconf 76' lang='lat' dir='ltr'><strong>objecti.</strong></span> <span class='ocrx_word' id='word_1_252' title='bbox 3000 1707 3095 1761; x_wconf 86' lang='lat' dir='ltr'><strong>Cui</strong></span> <span class='ocrx_word' id='word_1_253' title='bbox 3135 1708 3277 1761; x_wconf 88' lang='lat' dir='ltr'><strong>enim</strong></span> <span class='ocrx_word' id='word_1_254' title='bbox 3308 1722 3411 1762; x_wconf 91' lang='lat' dir='ltr'><strong>non</strong></span> <span class='ocrx_word' id='word_1_255' title='bbox 3440 1708 3668 1772; x_wconf 88' lang='lat' dir='ltr'><strong>accidit,</strong></span> <span class='ocrx_word' id='word_1_256' title='bbox 3714 1719 3807 1762; x_wconf 85' lang='lat' dir='ltr'><strong>aut</strong></span> <span class='ocrx_word' id='word_1_257' title='bbox 3850 1710 4020 1762; x_wconf 79' lang='lat' dir='ltr'><strong>irasci</strong></span> 
     </span>
    </p>
   </div>
   <div class='ocr_carea' id='block_1_32' title="bbox 2418 1802 4024 1873">
    <p class='ocr_par' dir='ltr' id='par_1_32' title="bbox 2418 1802 4024 1873">
     <span class='ocr_line' id='line_1_32' title="bbox 2418 1802 4024 1873; baseline 0 -17"><span class='ocrx_word' id='word_1_258' title='bbox 2418 1804 2628 1873; x_wconf 87' lang='lat' dir='ltr'><strong>inique,</strong></span> <span class='ocrx_word' id='word_1_259' title='bbox 2658 1812 2709 1856; x_wconf 90' lang='lat' dir='ltr'><strong>et</strong></span> <span class='ocrx_word' id='word_1_260' title='bbox 2741 1802 2875 1855; x_wconf 88' lang='lat' dir='ltr'><strong>ultra</strong></span> <span class='ocrx_word' id='word_1_261' title='bbox 2904 1803 3032 1856; x_wconf 88' lang='lat' dir='ltr'><strong>solis</strong></span> <span class='ocrx_word' id='word_1_262' title='bbox 3061 1817 3341 1868; x_wconf 86' lang='lat' dir='ltr'><strong>occasum;</strong></span> <span class='ocrx_word' id='word_1_263' title='bbox 3368 1813 3460 1857; x_wconf 88' lang='lat' dir='ltr'><strong>aut</strong></span> <span class='ocrx_word' id='word_1_264' title='bbox 3487 1813 3541 1857; x_wconf 91' lang='lat' dir='ltr'><strong>et</strong></span> <span class='ocrx_word' id='word_1_265' title='bbox 3559 1820 3773 1858; x_wconf 81' lang='lat' dir='ltr'><strong>manum</strong></span> <span class='ocrx_word' id='word_1_266' title='bbox 3809 1805 4024 1858; x_wconf 85' lang='lat' dir='ltr'><strong>immit-</strong></span> 
     </span>
    </p>
   </div>
   <div class='ocr_carea' id='block_1_33' title="bbox 717 1892 4027 1964">
    <p class='ocr_par' dir='ltr' id='par_1_33' title="bbox 717 1892 4027 1964">
     <span class='ocr_line' id='line_1_33' title="bbox 717 1892 4027 1964; baseline 0 -18"><span class='ocrx_word' id='word_1_267' title='bbox 717 1893 855 1963; x_wconf 86' lang='lat' dir='ltr'><strong>jicit,</strong></span> <span class='ocrx_word' id='word_1_268' title='bbox 890 1893 1063 1964; x_wconf 91' lang='lat' dir='ltr'><strong>inquis</strong></span> <span class='ocrx_word' id='word_1_269' title='bbox 1092 1910 1105 1946; x_wconf 89' lang='lat'><strong>:</strong></span> <span class='ocrx_word' id='word_1_270' title='bbox 1133 1895 1193 1949; x_wconf 85' lang='lat' dir='ltr'><strong>Si</strong></span> <span class='ocrx_word' id='word_1_271' title='bbox 1223 1896 1451 1949; x_wconf 82' lang='lat' dir='ltr'><strong>dicamus</strong></span> <span class='ocrx_word' id='word_1_272' title='bbox 1479 1912 1569 1949; x_wconf 90' lang='lat' dir='ltr'><strong>nos</strong></span> <span class='ocrx_word' id='word_1_273' title='bbox 1599 1896 1836 1950; x_wconf 86' lang='lat' dir='ltr'><strong>delictum</strong></span> <span class='ocrx_word' id='word_1_274' title='bbox 1867 1913 1967 1949; x_wconf 90' lang='lat' dir='ltr'><strong>non</strong></span> <span class='ocrx_word' id='word_1_275' title='bbox 1998 1898 2197 1953; x_wconf 84' lang='lat' dir='ltr'><strong>habere.</strong></span> <span class='ocrx_word' id='word_1_276' title='bbox 2228 1916 2305 1952; x_wconf 88' lang='lat' dir='ltr'><strong>se-</strong></span> <span class='ocrx_word' id='word_1_277' title='bbox 2340 1899 2386 1957; x_wconf 92' lang='lat' dir='ltr'><strong>B</strong></span> <span class='ocrx_word' id='word_1_278' title='bbox 2418 1906 2527 1949; x_wconf 86' lang='lat' dir='ltr'><strong>tere</strong></span> <span class='ocrx_word' id='word_1_279' title='bbox 2554 1938 2565 1955; x_wconf 89' lang='lat'><strong>,</strong></span> <span class='ocrx_word' id='word_1_280' title='bbox 2607 1904 2696 1947; x_wconf 87' lang='lat' dir='ltr'><strong>aut</strong></span> <span class='ocrx_word' id='word_1_281' title='bbox 2727 1893 2878 1949; x_wconf 81' lang='lat' dir='ltr'><strong>facile</strong></span> <span class='ocrx_word' id='word_1_282' title='bbox 2921 1892 3239 1949; x_wconf 77' lang='lat' dir='ltr'><strong>maledicere</strong></span> <span class='ocrx_word' id='word_1_283' title='bbox 3264 1934 3278 1957; x_wconf 93' lang='lat'><strong>,</strong></span> <span class='ocrx_word' id='word_1_284' title='bbox 3306 1904 3396 1947; x_wconf 88' lang='lat' dir='ltr'><strong>aut</strong></span> <span class='ocrx_word' id='word_1_285' title='bbox 3434 1906 3634 1949; x_wconf 88' lang='lat' dir='ltr'><strong>temere</strong></span> <span class='ocrx_word' id='word_1_286' title='bbox 3666 1894 3853 1964; x_wconf 87' lang='lat' dir='ltr'><strong>jurare</strong></span> <span class='ocrx_word' id='word_1_287' title='bbox 3874 1938 3891 1959; x_wconf 88' lang='lat'><strong>,</strong></span> <span class='ocrx_word' id='word_1_288' title='bbox 3928 1908 4027 1947; x_wconf 76' lang='lat' dir='ltr'><strong>aut</strong></span> 
     </span>
    </p>
   </div>
   <div class='ocr_carea' id='block_1_34' title="bbox 721 1986 2313 2055">
    <p class='ocr_par' dir='ltr' id='par_1_34' title="bbox 721 1986 2313 2055">
     <span class='ocr_line' id='line_1_34' title="bbox 721 1986 2313 2055; baseline 0.004 -17"><span class='ocrx_word' id='word_1_289' title='bbox 721 1986 953 2039; x_wconf 86' lang='lat' dir='ltr'><strong>ducimus</strong></span> <span class='ocrx_word' id='word_1_290' title='bbox 996 1989 1361 2055; x_wconf 75' lang='lat' dir='ltr'><strong>nosmetipsos,</strong></span> <span class='ocrx_word' id='word_1_291' title='bbox 1402 1996 1448 2042; x_wconf 88' lang='lat' dir='ltr'><strong>et</strong></span> <span class='ocrx_word' id='word_1_292' title='bbox 1494 1988 1676 2040; x_wconf 87' lang='lat' dir='ltr'><strong>veritus</strong></span> <span class='ocrx_word' id='word_1_293' title='bbox 1716 2003 1815 2041; x_wconf 89' lang='lat' dir='ltr'><strong>non</strong></span> <span class='ocrx_word' id='word_1_294' title='bbox 1847 1998 1920 2041; x_wconf 83' lang='lat' dir='ltr'><strong>est</strong></span> <span class='ocrx_word' id='word_1_295' title='bbox 1961 1990 2012 2042; x_wconf 88' lang='lat' dir='ltr'><strong>in</strong></span> <span class='ocrx_word' id='word_1_296' title='bbox 2048 1991 2207 2044; x_wconf 87' lang='lat' dir='ltr'><strong>nobis.</strong></span> <span class='ocrx_word' id='word_1_297' title='bbox 2254 1991 2313 2045; x_wconf 82' lang='lat' dir='ltr'><strong>Si</strong></span> 
     </span>
    </p>
   </div>
   <div class='ocr_carea' id='block_1_35' title="bbox 721 2080 2309 2149">
    <p class='ocr_par' dir='ltr' id='par_1_35' title="bbox 721 2080 2309 2149">
     <span class='ocr_line' id='line_1_35' title="bbox 721 2080 2309 2149; baseline 0.001 -15"><span class='ocrx_word' id='word_1_298' title='bbox 721 2080 1021 2149; x_wconf 77' lang='lat' dir='ltr'><strong>conﬁtemur</strong></span> <span class='ocrx_word' id='word_1_299' title='bbox 1047 2081 1227 2134; x_wconf 87' lang='lat' dir='ltr'><strong>delicta</strong></span> <span class='ocrx_word' id='word_1_300' title='bbox 1258 2091 1461 2145; x_wconf 90' lang='lat' dir='ltr'><strong>nostra,</strong></span> <span class='ocrx_word' id='word_1_301' title='bbox 1494 2081 1661 2149; x_wconf 79' lang='lat' dir='ltr'><strong>ﬁdelis</strong></span> <span class='ocrx_word' id='word_1_302' title='bbox 1688 2091 1733 2134; x_wconf 87' lang='lat' dir='ltr'><strong>et</strong></span> <span class='ocrx_word' id='word_1_303' title='bbox 1764 2083 1927 2145; x_wconf 81' lang='lat' dir='ltr'><strong>iustus</strong></span> <span class='ocrx_word' id='word_1_304' title='bbox 1951 2093 2024 2136; x_wconf 91' lang='lat' dir='ltr'><strong>est</strong></span> <span class='ocrx_word' id='word_1_305' title='bbox 2053 2094 2105 2135; x_wconf 88' lang='lat' dir='ltr'><strong>ut</strong></span> <span class='ocrx_word' id='word_1_306' title='bbox 2134 2085 2309 2137; x_wconf 54' lang='lat' dir='ltr'><strong>dimit.</strong></span> 
     </span>
    </p>
   </div>
   <div class='ocr_carea' id='block_1_36' title="bbox 722 2173 2309 2249">
    <p class='ocr_par' dir='ltr' id='par_1_36' title="bbox 722 2173 2309 2249">
     <span class='ocr_line' id='line_1_36' title="bbox 722 2173 2309 2249; baseline 0.004 -24"><span class='ocrx_word' id='word_1_307' title='bbox 722 2182 794 2225; x_wconf 89' lang='lat' dir='ltr'><strong>tat</strong></span> <span class='ocrx_word' id='word_1_308' title='bbox 820 2190 879 2226; x_wconf 87' lang='lat' dir='ltr'><strong>ea</strong></span> <span class='ocrx_word' id='word_1_309' title='bbox 900 2173 1061 2238; x_wconf 85' lang='lat' dir='ltr'><strong>nobis,</strong></span> <span class='ocrx_word' id='word_1_310' title='bbox 1091 2182 1137 2226; x_wconf 89' lang='lat' dir='ltr'><strong>et</strong></span> <span class='ocrx_word' id='word_1_311' title='bbox 1162 2174 1396 2228; x_wconf 90' lang='lat' dir='ltr'><strong>emundet</strong></span> <span class='ocrx_word' id='word_1_312' title='bbox 1418 2190 1509 2227; x_wconf 88' lang='lat' dir='ltr'><strong>nos</strong></span> <span class='ocrx_word' id='word_1_313' title='bbox 1526 2174 1589 2227; x_wconf 91' lang='lat' dir='ltr'><strong>ab</strong></span> <span class='ocrx_word' id='word_1_314' title='bbox 1611 2175 1747 2227; x_wconf 89' lang='lat' dir='ltr'><strong>omni</strong></span> <span class='ocrx_word' id='word_1_315' title='bbox 1772 2175 2023 2245; x_wconf 87' lang='lat' dir='ltr'><strong>injustitia</strong></span> <span class='ocrx_word' id='word_1_316' title='bbox 2045 2176 2093 2249; x_wconf 94' lang='grc' dir='ltr'><strong>(Ι</strong></span> <span class='ocrx_word' id='word_1_317' title='bbox 2101 2177 2186 2228; x_wconf 87' lang='lat' dir='ltr'><strong>bid</strong></span> <span class='ocrx_word' id='word_1_318' title='bbox 2195 2219 2229 2239; x_wconf 91' lang='lat'><strong>.,</strong></span> <span class='ocrx_word' id='word_1_319' title='bbox 2254 2177 2309 2241; x_wconf 87' lang='lat'><strong>8,</strong></span> 
     </span>
    </p>
   </div>
   <div class='ocr_carea' id='block_1_37' title="bbox 720 2262 2311 2338">
    <p class='ocr_par' dir='ltr' id='par_1_37' title="bbox 720 2262 2311 2338">
     <span class='ocr_line' id='line_1_37' title="bbox 720 2262 2311 2338; baseline 0.003 -19"><span class='ocrx_word' id='word_1_320' title='bbox 720 2262 796 2332; x_wconf 90' lang='lat'><strong>9)</strong></span> <span class='ocrx_word' id='word_1_321' title='bbox 826 2283 837 2317; x_wconf 92' lang='lat'>:</span> <span class='ocrx_word' id='word_1_322' title='bbox 874 2264 1132 2335; x_wconf 88' lang='lat' dir='ltr'><strong>numquid</strong></span> <span class='ocrx_word' id='word_1_323' title='bbox 1159 2265 1226 2319; x_wconf 89' lang='lat' dir='ltr'><strong>ab</strong></span> <span class='ocrx_word' id='word_1_324' title='bbox 1256 2266 1627 2321; x_wconf 83' lang='lat' dir='ltr'><strong>immmulitia?</strong></span> <span class='ocrx_word' id='word_1_325' title='bbox 1656 2267 1759 2322; x_wconf 80' lang='lat' dir='ltr'><strong>Aut</strong></span> <span class='ocrx_word' id='word_1_326' title='bbox 1791 2266 1833 2321; x_wconf 92' lang='lat' dir='ltr'><strong>si</strong></span> <span class='ocrx_word' id='word_1_327' title='bbox 1864 2269 1933 2321; x_wconf 90' lang='lat' dir='ltr'><strong>ita</strong></span> <span class='ocrx_word' id='word_1_328' title='bbox 1961 2279 2042 2322; x_wconf 85' lang='lat' dir='ltr'><strong>est</strong></span> <span class='ocrx_word' id='word_1_329' title='bbox 2062 2312 2075 2330; x_wconf 83' lang='lat'><strong>,</strong></span> <span class='ocrx_word' id='word_1_330' title='bbox 2105 2285 2231 2338; x_wconf 89' lang='lat' dir='ltr'><strong>ergo</strong></span> <span class='ocrx_word' id='word_1_331' title='bbox 2259 2279 2311 2323; x_wconf 91' lang='lat' dir='ltr'><strong>et</strong></span> 
     </span>
    </p>
   </div>
   <div class='ocr_carea' id='block_1_38' title="bbox 720 2350 2309 2416">
    <p class='ocr_par' dir='ltr' id='par_1_38' title="bbox 720 2350 2309 2416">
     <span class='ocr_line' id='line_1_38' title="bbox 720 2350 2309 2416; baseline 0.004 -7"><span class='ocrx_word' id='word_1_332' title='bbox 720 2350 787 2410; x_wconf 86' lang='lat' dir='ltr'><strong>ab</strong></span> <span class='ocrx_word' id='word_1_333' title='bbox 817 2351 1134 2413; x_wconf 87' lang='lat' dir='ltr'><strong>idololatria.</strong></span> <span class='ocrx_word' id='word_1_334' title='bbox 1175 2356 1279 2412; x_wconf 92' lang='lat' dir='ltr'><strong>Sed</strong></span> <span class='ocrx_word' id='word_1_335' title='bbox 1313 2357 1455 2412; x_wconf 90' lang='lat' dir='ltr'><strong>aliud</strong></span> <span class='ocrx_word' id='word_1_336' title='bbox 1498 2357 1549 2412; x_wconf 93' lang='lat' dir='ltr'><strong>in</strong></span> <span class='ocrx_word' id='word_1_337' title='bbox 1577 2373 1737 2413; x_wconf 90' lang='lat' dir='ltr'><strong>sensu</strong></span> <span class='ocrx_word' id='word_1_338' title='bbox 1767 2367 1868 2414; x_wconf 90' lang='lat' dir='ltr'><strong>est.</strong></span> <span class='ocrx_word' id='word_1_339' title='bbox 1914 2360 2049 2414; x_wconf 83' lang='lat' dir='ltr'><strong>Ecce</strong></span> <span class='ocrx_word' id='word_1_340' title='bbox 2080 2361 2223 2415; x_wconf 90' lang='lat' dir='ltr'><strong>enim</strong></span> <span class='ocrx_word' id='word_1_341' title='bbox 2255 2372 2309 2416; x_wconf 91' lang='lat' dir='ltr'><strong>et</strong></span> 
     </span>
    </p>
   </div>
   <div class='ocr_carea' id='block_1_39' title="bbox 721 2446 2313 2520">
    <p class='ocr_par' dir='ltr' id='par_1_39' title="bbox 721 2446 2313 2520">
     <span class='ocr_line' id='line_1_39' title="bbox 721 2446 2313 2520; baseline 0.004 -20"><span class='ocrx_word' id='word_1_342' title='bbox 721 2462 935 2501; x_wconf 83' lang='lat' dir='ltr'><strong>rursus:</strong></span> <span class='ocrx_word' id='word_1_343' title='bbox 958 2446 1020 2502; x_wconf 82' lang='lat' dir='ltr'><strong>Si</strong></span> <span class='ocrx_word' id='word_1_344' title='bbox 1044 2448 1294 2514; x_wconf 90' lang='lat' dir='ltr'><strong>dicamus,</strong></span> <span class='ocrx_word' id='word_1_345' title='bbox 1324 2450 1401 2503; x_wconf 85' lang='lat' dir='ltr'><strong>ait</strong></span> <span class='ocrx_word' id='word_1_346' title='bbox 1420 2491 1433 2509; x_wconf 91' lang='lat'><strong>.</strong></span> <span class='ocrx_word' id='word_1_347' title='bbox 1463 2465 1552 2503; x_wconf 89' lang='lat' dir='ltr'><strong>nos</strong></span> <span class='ocrx_word' id='word_1_348' title='bbox 1574 2466 1673 2502; x_wconf 85' lang='lat' dir='ltr'><strong>non</strong></span> <span class='ocrx_word' id='word_1_349' title='bbox 1705 2451 1994 2520; x_wconf 72' lang='lat' dir='ltr'><strong>deliquisse,</strong></span> <span class='ocrx_word' id='word_1_350' title='bbox 2024 2453 2313 2506; x_wconf 87' lang='lat' dir='ltr'><strong>mendacem</strong></span> 
     </span>
    </p>
   </div>
   <div class='ocr_carea' id='block_1_40' title="bbox 720 2538 2310 2616">
    <p class='ocr_par' dir='ltr' id='par_1_40' title="bbox 720 2538 2310 2616">
     <span class='ocr_line' id='line_1_40' title="bbox 720 2538 2310 2616; baseline 0.006 -26"><span class='ocrx_word' id='word_1_351' title='bbox 720 2538 936 2607; x_wconf 80' lang='lat' dir='ltr'><strong>faciams</strong></span> <span class='ocrx_word' id='word_1_352' title='bbox 964 2539 1127 2603; x_wconf 91' lang='lat' dir='ltr'><strong>illum,</strong></span> <span class='ocrx_word' id='word_1_353' title='bbox 1154 2550 1198 2593; x_wconf 84' lang='lat' dir='ltr'><strong>et</strong></span> <span class='ocrx_word' id='word_1_354' title='bbox 1218 2557 1384 2596; x_wconf 81' lang='lat' dir='ltr'><strong>sermo</strong></span> <span class='ocrx_word' id='word_1_355' title='bbox 1413 2542 1523 2612; x_wconf 84' lang='lat' dir='ltr'><strong>ejus</strong></span> <span class='ocrx_word' id='word_1_356' title='bbox 1552 2558 1652 2596; x_wconf 85' lang='lat' dir='ltr'><strong>non</strong></span> <span class='ocrx_word' id='word_1_357' title='bbox 1676 2553 1748 2596; x_wconf 88' lang='lat' dir='ltr'><strong>est</strong></span> <span class='ocrx_word' id='word_1_358' title='bbox 1773 2543 1824 2595; x_wconf 88' lang='lat' dir='ltr'><strong>in</strong></span> <span class='ocrx_word' id='word_1_359' title='bbox 1848 2544 1989 2598; x_wconf 91' lang='lat' dir='ltr'><strong>nobis</strong></span> <span class='ocrx_word' id='word_1_360' title='bbox 2010 2542 2171 2608; x_wconf 86' lang='lat' dir='ltr'><strong>(Ibid.</strong></span> <span class='ocrx_word' id='word_1_361' title='bbox 2199 2544 2310 2616; x_wconf 88' lang='grc'>10).</span> 
     </span>
    </p>
   </div>
   <div class='ocr_carea' id='block_1_41' title="bbox 721 2630 2312 2707">
    <p class='ocr_par' dir='ltr' id='par_1_41' title="bbox 721 2630 2312 2707">
     <span class='ocr_line' id='line_1_41' title="bbox 721 2630 2312 2707; baseline 0.003 -20"><span class='ocrx_word' id='word_1_362' title='bbox 721 2631 800 2687; x_wconf 87' lang='lat' dir='ltr'><strong>Eo</strong></span> <span class='ocrx_word' id='word_1_363' title='bbox 828 2633 1053 2701; x_wconf 81' lang='lat' dir='ltr'><strong>amplius</strong></span> <span class='ocrx_word' id='word_1_364' title='bbox 1085 2652 1097 2687; x_wconf 88' lang='lat'><strong>:</strong></span> <span class='ocrx_word' id='word_1_365' title='bbox 1125 2632 1327 2700; x_wconf 80' lang='lat' dir='ltr'><strong>Filioli,</strong></span> <span class='ocrx_word' id='word_1_366' title='bbox 1362 2635 1468 2689; x_wconf 81' lang='lat' dir='ltr'><strong>lucc</strong></span> <span class='ocrx_word' id='word_1_367' title='bbox 1494 2636 1675 2705; x_wconf 81' lang='lat' dir='ltr'><strong>scripsi</strong></span> <span class='ocrx_word' id='word_1_368' title='bbox 1705 2630 1860 2698; x_wconf 68' lang='lat' dir='ltr'><strong>nobis.</strong></span> <span class='ocrx_word' id='word_1_369' title='bbox 1893 2653 1954 2689; x_wconf 86' lang='lat' dir='ltr'><strong>ne</strong></span> <span class='ocrx_word' id='word_1_370' title='bbox 1973 2638 2276 2707; x_wconf 86' lang='lat' dir='ltr'><strong>delinqnolis</strong></span> <span class='ocrx_word' id='word_1_371' title='bbox 2293 2655 2312 2703; x_wconf 73' lang='lat'><strong>,-</strong></span> 
     </span>
    </p>
   </div>
   <div class='ocr_carea' id='block_1_42' title="bbox 721 2726 2310 2798">
    <p class='ocr_par' dir='ltr' id='par_1_42' title="bbox 721 2726 2310 2798">
     <span class='ocr_line' id='line_1_42' title="bbox 721 2726 2310 2798; baseline 0.002 -18"><span class='ocrx_word' id='word_1_372' title='bbox 721 2737 766 2780; x_wconf 84' lang='lat' dir='ltr'><strong>et</strong></span> <span class='ocrx_word' id='word_1_373' title='bbox 793 2728 837 2780; x_wconf 87' lang='lat' dir='ltr'><strong>si</strong></span> <span class='ocrx_word' id='word_1_374' title='bbox 865 2726 1207 2797; x_wconf 86' lang='lat' dir='ltr'><strong>deliqueritis,</strong></span> <span class='ocrx_word' id='word_1_375' title='bbox 1236 2730 1535 2783; x_wconf 79' lang='lat' dir='ltr'><strong>advocatum</strong></span> <span class='ocrx_word' id='word_1_376' title='bbox 1570 2729 1809 2783; x_wconf 78' lang='lat' dir='ltr'><strong>habemus</strong></span> <span class='ocrx_word' id='word_1_377' title='bbox 1834 2729 1974 2798; x_wconf 84' lang='lat' dir='ltr'><strong>apud</strong></span> <span class='ocrx_word' id='word_1_378' title='bbox 2002 2730 2169 2785; x_wconf 85' lang='lat' dir='ltr'><strong>Deum</strong></span> <span class='ocrx_word' id='word_1_379' title='bbox 2201 2730 2310 2784; x_wconf 89' lang='lat' dir='ltr'><strong>Pu-</strong></span> 
     </span>
    </p>
   </div>
   <div class='ocr_carea' id='block_1_43' title="bbox 722 2817 2313 2894">
    <p class='ocr_par' dir='ltr' id='par_1_43' title="bbox 722 2817 2313 2894">
     <span class='ocr_line' id='line_1_43' title="bbox 722 2817 2313 2894; baseline 0.004 -22"><span class='ocrx_word' id='word_1_380' title='bbox 722 2827 847 2873; x_wconf 90' lang='lat' dir='ltr'><strong>trem</strong></span> <span class='ocrx_word' id='word_1_381' title='bbox 880 2817 912 2872; x_wconf 82' lang='lat' dir='ltr'><strong><em>J</em></strong></span> <span class='ocrx_word' id='word_1_382' title='bbox 921 2835 1061 2873; x_wconf 91' lang='lat' dir='ltr'><strong>esum</strong></span> <span class='ocrx_word' id='word_1_383' title='bbox 1118 2818 1377 2875; x_wconf 78' lang='lat' dir='ltr'><strong>Christum</strong></span> <span class='ocrx_word' id='word_1_384' title='bbox 1395 2822 1615 2892; x_wconf 87' lang='lat' dir='ltr'><strong>justum,</strong></span> <span class='ocrx_word' id='word_1_385' title='bbox 1654 2833 1702 2875; x_wconf 89' lang='lat' dir='ltr'><strong>et</strong></span> <span class='ocrx_word' id='word_1_386' title='bbox 1731 2822 1839 2893; x_wconf 85' lang='lat' dir='ltr'><strong>ipse</strong></span> <span class='ocrx_word' id='word_1_387' title='bbox 1869 2823 2089 2892; x_wconf 79' lang='lat' dir='ltr'><strong>placatio</strong></span> <span class='ocrx_word' id='word_1_388' title='bbox 2118 2834 2191 2877; x_wconf 87' lang='lat' dir='ltr'><strong>est</strong></span> <span class='ocrx_word' id='word_1_389' title='bbox 2222 2841 2313 2894; x_wconf 82' lang='lat' dir='ltr'><strong>pro</strong></span> 
     </span>
    </p>
   </div>
   <div class='ocr_carea' id='block_1_44' title="bbox 722 2911 2311 2985">
    <p class='ocr_par' dir='ltr' id='par_1_44' title="bbox 722 2911 2311 2985">
     <span class='ocr_line' id='line_1_44' title="bbox 722 2911 2311 2985; baseline 0.003 -22"><span class='ocrx_word' id='word_1_390' title='bbox 722 2911 917 2965; x_wconf 77' lang='lat' dir='ltr'><strong>delictis</strong></span> <span class='ocrx_word' id='word_1_391' title='bbox 962 2913 1147 2968; x_wconf 81' lang='lat' dir='ltr'><strong>nostris</strong></span> <span class='ocrx_word' id='word_1_392' title='bbox 1176 2911 1419 2985; x_wconf 82' lang='lat' dir='ltr'><strong>(Hann.</strong></span> <span class='ocrx_word' id='word_1_393' title='bbox 1445 2955 1459 2978; x_wconf 93' lang='lat'><strong>,</strong></span> <span class='ocrx_word' id='word_1_394' title='bbox 1488 2912 1527 2967; x_wconf 94' lang='grc'><strong>11</strong></span> <span class='ocrx_word' id='word_1_395' title='bbox 1550 2956 1563 2977; x_wconf 82' lang='grc'><em>,</em></span> <span class='ocrx_word' id='word_1_396' title='bbox 1598 2914 1620 2968; x_wconf 90' lang='grc'><strong>1</strong></span> <span class='ocrx_word' id='word_1_397' title='bbox 1646 2955 1659 2978; x_wconf 88' lang='grc'><em>,</em></span> <span class='ocrx_word' id='word_1_398' title='bbox 1690 2911 1780 2985; x_wconf 74' lang='lat'><strong>2).</strong></span> <span class='ocrx_word' id='word_1_399' title='bbox 1826 2912 2127 2969; x_wconf 89' lang='lat' dir='ltr'><strong>Secundum</strong></span> <span class='ocrx_word' id='word_1_400' title='bbox 2162 2914 2274 2967; x_wconf 71' lang='lat' dir='ltr'><strong>lucc</strong></span> <span class='ocrx_word' id='word_1_401' title='bbox 2298 2956 2311 2979; x_wconf 96' lang='lat'><strong>,</strong></span> 
     </span>
    </p>
   </div>
   <div class='ocr_carea' id='block_1_45' title="bbox 723 3002 2315 3075">
    <p class='ocr_par' dir='ltr' id='par_1_45' title="bbox 723 3002 2315 3075">
     <span class='ocr_line' id='line_1_45' title="bbox 723 3002 2315 3075; baseline 0.003 -18"><span class='ocrx_word' id='word_1_402' title='bbox 723 3002 929 3073; x_wconf 90' lang='lat' dir='ltr'><strong>inquis,</strong></span> <span class='ocrx_word' id='word_1_403' title='bbox 962 3013 1016 3057; x_wconf 89' lang='lat' dir='ltr'><strong>et</strong></span> <span class='ocrx_word' id='word_1_404' title='bbox 1058 3004 1370 3075; x_wconf 86' lang='lat' dir='ltr'><strong>delinquere</strong></span> <span class='ocrx_word' id='word_1_405' title='bbox 1408 3021 1505 3059; x_wconf 71' lang='lat' dir='ltr'><strong>nos</strong></span> <span class='ocrx_word' id='word_1_406' title='bbox 1533 3016 1586 3060; x_wconf 90' lang='lat' dir='ltr'><strong>et</strong></span> <span class='ocrx_word' id='word_1_407' title='bbox 1620 3006 1825 3060; x_wconf 89' lang='lat' dir='ltr'><strong>veniam</strong></span> <span class='ocrx_word' id='word_1_408' title='bbox 1866 3006 2062 3062; x_wconf 82' lang='lat' dir='ltr'><strong>habere</strong></span> <span class='ocrx_word' id='word_1_409' title='bbox 2099 3017 2315 3061; x_wconf 66' lang='lat' dir='ltr'><strong>constao</strong></span> 
     </span>
    </p>
   </div>
   <div class='ocr_carea' id='block_1_46' title="bbox 725 3093 2315 3167">
    <p class='ocr_par' dir='ltr' id='par_1_46' title="bbox 725 3093 2315 3167">
     <span class='ocr_line' id='line_1_46' title="bbox 725 3093 2315 3167; baseline 0.005 -21"><span class='ocrx_word' id='word_1_410' title='bbox 725 3093 816 3147; x_wconf 91' lang='lat' dir='ltr'><strong>bit.</strong></span> <span class='ocrx_word' id='word_1_411' title='bbox 854 3095 990 3163; x_wconf 86' lang='lat' dir='ltr'><strong>Quid</strong></span> <span class='ocrx_word' id='word_1_412' title='bbox 1018 3111 1146 3165; x_wconf 89' lang='lat' dir='ltr'><strong>ergo</strong></span> <span class='ocrx_word' id='word_1_413' title='bbox 1170 3098 1281 3163; x_wconf 91' lang='lat' dir='ltr'><strong>ﬁet,</strong></span> <span class='ocrx_word' id='word_1_414' title='bbox 1307 3112 1427 3151; x_wconf 92' lang='lat' dir='ltr'><strong>cum</strong></span> <span class='ocrx_word' id='word_1_415' title='bbox 1458 3097 1754 3167; x_wconf 85' lang='lat' dir='ltr'><strong>procedens</strong></span> <span class='ocrx_word' id='word_1_416' title='bbox 1778 3098 1917 3152; x_wconf 87' lang='lat' dir='ltr'><strong>aliud</strong></span> <span class='ocrx_word' id='word_1_417' title='bbox 1942 3099 2188 3153; x_wconf 87' lang='lat' dir='ltr'><strong>invenio?</strong></span> <span class='ocrx_word' id='word_1_418' title='bbox 2218 3115 2315 3154; x_wconf 91' lang='lat' dir='ltr'><strong>ne-</strong></span> 
     </span>
    </p>
   </div>
   <div class='ocr_carea' id='block_1_47' title="bbox 720 3188 2312 3261">
    <p class='ocr_par' dir='ltr' id='par_1_47' title="bbox 720 3188 2312 3261">
     <span class='ocr_line' id='line_1_47' title="bbox 720 3188 2312 3261; baseline 0.005 -23"><span class='ocrx_word' id='word_1_419' title='bbox 720 3194 810 3257; x_wconf 85' lang='lat' dir='ltr'><strong>gat</strong></span> <span class='ocrx_word' id='word_1_420' title='bbox 834 3188 973 3241; x_wconf 87' lang='lat' dir='ltr'><strong>enim</strong></span> <span class='ocrx_word' id='word_1_421' title='bbox 997 3201 1094 3242; x_wconf 89' lang='lat' dir='ltr'><strong>nos</strong></span> <span class='ocrx_word' id='word_1_422' title='bbox 1121 3188 1340 3242; x_wconf 89' lang='lat' dir='ltr'><strong>omnino</strong></span> <span class='ocrx_word' id='word_1_423' title='bbox 1369 3188 1677 3259; x_wconf 88' lang='lat' dir='ltr'><strong>delinquere</strong></span> <span class='ocrx_word' id='word_1_424' title='bbox 1696 3230 1710 3254; x_wconf 91' lang='lat'><strong>,</strong></span> <span class='ocrx_word' id='word_1_425' title='bbox 1736 3200 1788 3245; x_wconf 91' lang='lat' dir='ltr'><strong>et</strong></span> <span class='ocrx_word' id='word_1_426' title='bbox 1819 3191 1869 3244; x_wconf 91' lang='lat' dir='ltr'><strong>in</strong></span> <span class='ocrx_word' id='word_1_427' title='bbox 1895 3190 1994 3244; x_wconf 90' lang='lat' dir='ltr'><strong>hoc</strong></span> <span class='ocrx_word' id='word_1_428' title='bbox 2025 3192 2312 3261; x_wconf 90' lang='lat' dir='ltr'><strong>plurimum</strong></span> 
     </span>
    </p>
   </div>
   <div class='ocr_carea' id='block_1_48' title="bbox 2419 1986 4028 2055">
    <p class='ocr_par' dir='ltr' id='par_1_48' title="bbox 2419 1986 4028 2055">
     <span class='ocr_line' id='line_1_48' title="bbox 2419 1986 4028 2055; baseline 0.001 -16"><span class='ocrx_word' id='word_1_429' title='bbox 2419 1988 2575 2042; x_wconf 89' lang='lat' dir='ltr'><strong>ﬁdem</strong></span> <span class='ocrx_word' id='word_1_430' title='bbox 2607 1987 2740 2055; x_wconf 87' lang='lat' dir='ltr'><strong>pacti</strong></span> <span class='ocrx_word' id='word_1_431' title='bbox 2768 1986 3081 2049; x_wconf 84' lang='lat' dir='ltr'><strong>destruere;</strong></span> <span class='ocrx_word' id='word_1_432' title='bbox 3111 1994 3203 2039; x_wconf 87' lang='lat' dir='ltr'><strong>aut</strong></span> <span class='ocrx_word' id='word_1_433' title='bbox 3235 1986 3549 2040; x_wconf 83' lang='lat' dir='ltr'><strong>verecundia</strong></span> <span class='ocrx_word' id='word_1_434' title='bbox 3574 1998 3661 2038; x_wconf 83' lang='lat' dir='ltr'><strong>aut</strong></span> <span class='ocrx_word' id='word_1_435' title='bbox 3692 1988 4028 2040; x_wconf 80' lang='lat' dir='ltr'><strong>necessitate</strong></span> 
     </span>
    </p>
   </div>
   <div class='ocr_carea' id='block_1_49' title="bbox 2418 2077 4027 2150">
    <p class='ocr_par' dir='ltr' id='par_1_49' title="bbox 2418 2077 4027 2150">
     <span class='ocr_line' id='line_1_49' title="bbox 2418 2077 4027 2150; baseline -0.001 -18"><span class='ocrx_word' id='word_1_436' title='bbox 2418 2080 2673 2137; x_wconf 85' lang='lat' dir='ltr'><strong>mentiri?</strong></span> <span class='ocrx_word' id='word_1_437' title='bbox 2720 2078 2795 2150; x_wconf 90' lang='lat' dir='ltr'><strong>(a)</strong></span> <span class='ocrx_word' id='word_1_438' title='bbox 2844 2079 2893 2131; x_wconf 90' lang='lat' dir='ltr'><strong>in</strong></span> <span class='ocrx_word' id='word_1_439' title='bbox 2927 2077 3152 2147; x_wconf 81' lang='lat' dir='ltr'><strong>negotiis</strong></span> <span class='ocrx_word' id='word_1_440' title='bbox 3176 2119 3190 2141; x_wconf 94' lang='lat'><strong>,</strong></span> <span class='ocrx_word' id='word_1_441' title='bbox 3242 2080 3293 2131; x_wconf 90' lang='lat' dir='ltr'><strong>in</strong></span> <span class='ocrx_word' id='word_1_442' title='bbox 3336 2078 3560 2144; x_wconf 90' lang='lat' dir='ltr'><strong>ofﬁciis,</strong></span> <span class='ocrx_word' id='word_1_443' title='bbox 3596 2079 3646 2132; x_wconf 91' lang='lat' dir='ltr'><strong>in</strong></span> <span class='ocrx_word' id='word_1_444' title='bbox 3678 2089 3885 2146; x_wconf 79' lang='lat' dir='ltr'><strong>qmeslu</strong></span> <span class='ocrx_word' id='word_1_445' title='bbox 3914 2121 3930 2139; x_wconf 85' lang='lat'><strong>,</strong></span> <span class='ocrx_word' id='word_1_446' title='bbox 3974 2079 4027 2131; x_wconf 89' lang='lat' dir='ltr'><strong>in</strong></span> 
     </span>
    </p>
   </div>
   <div class='ocr_carea' id='block_1_50' title="bbox 2417 2170 4028 2240">
    <p class='ocr_par' dir='ltr' id='par_1_50' title="bbox 2417 2170 4028 2240">
     <span class='ocr_line' id='line_1_50' title="bbox 2417 2170 4028 2240; baseline 0.001 -16"><span class='ocrx_word' id='word_1_447' title='bbox 2417 2172 2593 2235; x_wconf 82' lang='lat' dir='ltr'><strong>victu,</strong></span> <span class='ocrx_word' id='word_1_448' title='bbox 2628 2172 2677 2224; x_wconf 92' lang='lat' dir='ltr'><strong>in</strong></span> <span class='ocrx_word' id='word_1_449' title='bbox 2703 2172 2839 2232; x_wconf 73' lang='lat' dir='ltr'><strong>visu,</strong></span> <span class='ocrx_word' id='word_1_450' title='bbox 2865 2174 2916 2223; x_wconf 91' lang='lat' dir='ltr'><strong>in</strong></span> <span class='ocrx_word' id='word_1_451' title='bbox 2946 2171 3127 2223; x_wconf 85' lang='lat' dir='ltr'><strong>auditu</strong></span> <span class='ocrx_word' id='word_1_452' title='bbox 3158 2179 3352 2240; x_wconf 87' lang='lat' dir='ltr'><strong>quanta</strong></span> <span class='ocrx_word' id='word_1_453' title='bbox 3386 2179 3672 2233; x_wconf 88' lang='lat' dir='ltr'><strong>tentamur,</strong></span> <span class='ocrx_word' id='word_1_454' title='bbox 3705 2180 3759 2223; x_wconf 93' lang='lat' dir='ltr'><strong>ut</strong></span> <span class='ocrx_word' id='word_1_455' title='bbox 3788 2170 3833 2223; x_wconf 90' lang='lat' dir='ltr'><strong>si</strong></span> <span class='ocrx_word' id='word_1_456' title='bbox 3863 2172 4028 2225; x_wconf 81' lang='lat' dir='ltr'><strong>nulla</strong></span> 
     </span>
    </p>
   </div>
   <div class='ocr_carea' id='block_1_51' title="bbox 2416 2262 4024 2333">
    <p class='ocr_par' dir='ltr' id='par_1_51' title="bbox 2416 2262 4024 2333">
     <span class='ocr_line' id='line_1_51' title="bbox 2416 2262 4024 2333; baseline -0.001 -16"><span class='ocrx_word' id='word_1_457' title='bbox 2416 2265 2481 2317; x_wconf 90' lang='lat' dir='ltr'><strong>sit</strong></span> <span class='ocrx_word' id='word_1_458' title='bbox 2530 2264 2682 2316; x_wconf 80' lang='lat' dir='ltr'><strong>vrnia</strong></span> <span class='ocrx_word' id='word_1_459' title='bbox 2727 2262 2949 2316; x_wconf 85' lang='lat' dir='ltr'><strong>istorum</strong></span> <span class='ocrx_word' id='word_1_460' title='bbox 2985 2303 3000 2326; x_wconf 96' lang='lat'><strong>,</strong></span> <span class='ocrx_word' id='word_1_461' title='bbox 3047 2264 3245 2316; x_wconf 84' lang='lat' dir='ltr'><strong>nemini</strong></span> <span class='ocrx_word' id='word_1_462' title='bbox 3285 2264 3429 2317; x_wconf 90' lang='lat' dir='ltr'><strong>salus</strong></span> <span class='ocrx_word' id='word_1_463' title='bbox 3467 2266 3773 2333; x_wconf 80' lang='lat' dir='ltr'><strong>competat!</strong></span> <span class='ocrx_word' id='word_1_464' title='bbox 3808 2265 4024 2321; x_wconf 77' lang='lat' dir='ltr'><strong>Nomm</strong></span> 
     </span>
    </p>
   </div>
   <div class='ocr_carea' id='block_1_52' title="bbox 2416 2355 4024 2429">
    <p class='ocr_par' dir='ltr' id='par_1_52' title="bbox 2416 2355 4024 2429">
     <span class='ocr_line' id='line_1_52' title="bbox 2416 2355 4024 2429; baseline 0.001 -20"><span class='ocrx_word' id='word_1_465' title='bbox 2416 2370 2542 2429; x_wconf 83' lang='lat' dir='ltr'><strong>ergo</strong></span> <span class='ocrx_word' id='word_1_466' title='bbox 2570 2355 2668 2409; x_wconf 88' lang='lat' dir='ltr'><strong>erit</strong></span> <span class='ocrx_word' id='word_1_467' title='bbox 2693 2355 2842 2409; x_wconf 89' lang='lat' dir='ltr'><strong>venia</strong></span> <span class='ocrx_word' id='word_1_468' title='bbox 2871 2369 2962 2419; x_wconf 88' lang='lat' dir='ltr'><strong>per</strong></span> <span class='ocrx_word' id='word_1_469' title='bbox 2985 2366 3321 2411; x_wconf 75' lang='lat' dir='ltr'><strong>exoratorem</strong></span> <span class='ocrx_word' id='word_1_470' title='bbox 3352 2356 3523 2410; x_wconf 86' lang='lat' dir='ltr'><strong>Patris</strong></span> <span class='ocrx_word' id='word_1_471' title='bbox 3551 2356 3841 2411; x_wconf 89' lang='lat' dir='ltr'><strong>Christum.</strong></span> <span class='ocrx_word' id='word_1_472' title='bbox 3870 2356 4024 2413; x_wconf 84' lang='lat' dir='ltr'><strong>Sunt</strong></span> 
     </span>
    </p>
   </div>
   <div class='ocr_carea' id='block_1_53' title="bbox 2416 2446 4027 2519">
    <p class='ocr_par' dir='ltr' id='par_1_53' title="bbox 2416 2446 4027 2519">
     <span class='ocr_line' id='line_1_53' title="bbox 2416 2446 4027 2519; baseline 0.002 -18"><span class='ocrx_word' id='word_1_473' title='bbox 2416 2458 2594 2501; x_wconf 88' lang='lat' dir='ltr'><strong>autem</strong></span> <span class='ocrx_word' id='word_1_474' title='bbox 2622 2456 2677 2500; x_wconf 87' lang='lat' dir='ltr'><strong>et</strong></span> <span class='ocrx_word' id='word_1_475' title='bbox 2698 2447 2962 2501; x_wconf 82' lang='lat' dir='ltr'><strong>contraria</strong></span> <span class='ocrx_word' id='word_1_476' title='bbox 2992 2446 3107 2501; x_wconf 90' lang='lat' dir='ltr'><strong>istis</strong></span> <span class='ocrx_word' id='word_1_477' title='bbox 3130 2489 3142 2510; x_wconf 94' lang='lat'><strong>,</strong></span> <span class='ocrx_word' id='word_1_478' title='bbox 3170 2458 3225 2500; x_wconf 92' lang='lat' dir='ltr'><strong>ut</strong></span> <span class='ocrx_word' id='word_1_479' title='bbox 3254 2447 3493 2516; x_wconf 77' lang='lat' dir='ltr'><strong>graviora</strong></span> <span class='ocrx_word' id='word_1_480' title='bbox 3524 2460 3571 2504; x_wconf 87' lang='lat' dir='ltr'><strong>et</strong></span> <span class='ocrx_word' id='word_1_481' title='bbox 3603 2450 3827 2504; x_wconf 80' lang='lat' dir='ltr'><strong>exitiosa</strong></span> <span class='ocrx_word' id='word_1_482' title='bbox 3848 2493 3862 2515; x_wconf 88' lang='lat'><strong>,</strong></span> <span class='ocrx_word' id='word_1_483' title='bbox 3892 2466 4027 2519; x_wconf 71' lang='lat' dir='ltr'><strong>quae</strong></span> 
     </span>
    </p>
   </div>
   <div class='ocr_carea' id='block_1_54' title="bbox 2417 2538 4023 2607">
    <p class='ocr_par' dir='ltr' id='par_1_54' title="bbox 2417 2538 4023 2607">
     <span class='ocr_line' id='line_1_54' title="bbox 2417 2538 4023 2607; baseline 0.001 -16"><span class='ocrx_word' id='word_1_484' title='bbox 2417 2539 2622 2591; x_wconf 86' lang='lat' dir='ltr'><strong>veniam</strong></span> <span class='ocrx_word' id='word_1_485' title='bbox 2656 2553 2760 2590; x_wconf 91' lang='lat' dir='ltr'><strong>non</strong></span> <span class='ocrx_word' id='word_1_486' title='bbox 2793 2538 3003 2606; x_wconf 88' lang='lat' dir='ltr'><strong>capiant</strong></span> <span class='ocrx_word' id='word_1_487' title='bbox 3032 2578 3045 2601; x_wconf 86' lang='lat'><strong>,</strong></span> <span class='ocrx_word' id='word_1_488' title='bbox 3082 2538 3447 2601; x_wconf 85' lang='lat' dir='ltr'><strong>homicidium,</strong></span> <span class='ocrx_word' id='word_1_489' title='bbox 3480 2540 3802 2607; x_wconf 86' lang='lat' dir='ltr'><strong>idololatria,</strong></span> <span class='ocrx_word' id='word_1_490' title='bbox 3834 2540 4023 2603; x_wconf 68' lang='lat' dir='ltr'><strong>fraus,</strong></span> 
     </span>
    </p>
   </div>
   <div class='ocr_carea' id='block_1_55' title="bbox 2416 2628 4019 2700">
    <p class='ocr_par' dir='ltr' id='par_1_55' title="bbox 2416 2628 4019 2700">
     <span class='ocr_line' id='line_1_55' title="bbox 2416 2628 4019 2700; baseline 0.002 -17"><span class='ocrx_word' id='word_1_491' title='bbox 2416 2630 2645 2699; x_wconf 84' lang='lat' dir='ltr'><strong>negatio,</strong></span> <span class='ocrx_word' id='word_1_492' title='bbox 2679 2628 3036 2697; x_wconf 78' lang='lat' dir='ltr'><strong>blaSphemia,</strong></span> <span class='ocrx_word' id='word_1_493' title='bbox 3069 2631 3249 2700; x_wconf 86' lang='lat' dir='ltr'><strong>utique</strong></span> <span class='ocrx_word' id='word_1_494' title='bbox 3276 2641 3327 2685; x_wconf 88' lang='lat' dir='ltr'><strong>et</strong></span> <span class='ocrx_word' id='word_1_495' title='bbox 3358 2632 3585 2688; x_wconf 78' lang='lat' dir='ltr'><strong>mtechia</strong></span> <span class='ocrx_word' id='word_1_496' title='bbox 3617 2642 3671 2688; x_wconf 90' lang='lat' dir='ltr'><strong>et</strong></span> <span class='ocrx_word' id='word_1_497' title='bbox 3700 2632 4019 2696; x_wconf 75' lang='lat' dir='ltr'><strong>foruicatio,</strong></span> 
     </span>
    </p>
   </div>
   <div class='ocr_carea' id='block_1_56' title="bbox 2416 2721 4031 2795">
    <p class='ocr_par' dir='ltr' id='par_1_56' title="bbox 2416 2721 4031 2795">
     <span class='ocr_line' id='line_1_56' title="bbox 2416 2721 4031 2795; baseline 0.002 -19"><span class='ocrx_word' id='word_1_498' title='bbox 2416 2722 2541 2777; x_wconf 89' lang='lat' dir='ltr'><strong>etsi</strong></span> <span class='ocrx_word' id='word_1_499' title='bbox 2581 2735 2682 2790; x_wconf 89' lang='lat' dir='ltr'><strong>qua</strong></span> <span class='ocrx_word' id='word_1_500' title='bbox 2714 2721 2815 2774; x_wconf 85' lang='lat' dir='ltr'><strong>alia</strong></span> <span class='ocrx_word' id='word_1_501' title='bbox 2862 2722 3076 2775; x_wconf 79' lang='lat' dir='ltr'><strong>violatio</strong></span> <span class='ocrx_word' id='word_1_502' title='bbox 3118 2723 3299 2791; x_wconf 83' lang='lat' dir='ltr'><strong>templi</strong></span> <span class='ocrx_word' id='word_1_503' title='bbox 3342 2723 3453 2777; x_wconf 85' lang='lat' dir='ltr'><strong>Dei.</strong></span> <span class='ocrx_word' id='word_1_504' title='bbox 3498 2726 3571 2795; x_wconf 63' lang='grc' dir='ltr'><strong>(ὁ)</strong></span> <span class='ocrx_word' id='word_1_505' title='bbox 3628 2725 3824 2778; x_wconf 88' lang='lat' dir='ltr'><strong>Horum</strong></span> <span class='ocrx_word' id='word_1_506' title='bbox 3869 2726 4031 2780; x_wconf 78' lang='lat' dir='ltr'><strong>ultra</strong></span> 
     </span>
    </p>
   </div>
   <div class='ocr_carea' id='block_1_57' title="bbox 2416 2815 4027 2880">
    <p class='ocr_par' dir='ltr' id='par_1_57' title="bbox 2416 2815 4027 2880">
     <span class='ocr_line' id='line_1_57' title="bbox 2416 2815 4027 2880; baseline 0 -10"><span class='ocrx_word' id='word_1_507' title='bbox 2416 2823 2668 2870; x_wconf 67' lang='lat' dir='ltr'><strong>csorator</strong></span> <span class='ocrx_word' id='word_1_508' title='bbox 2698 2830 2801 2867; x_wconf 87' lang='lat' dir='ltr'><strong>non</strong></span> <span class='ocrx_word' id='word_1_509' title='bbox 2828 2815 3220 2880; x_wconf 85' lang='lat' dir='ltr'><strong>eritChristus;</strong></span> <span class='ocrx_word' id='word_1_510' title='bbox 3250 2815 3361 2871; x_wconf 73' lang='lat' dir='ltr'><strong>lucc</strong></span> <span class='ocrx_word' id='word_1_511' title='bbox 3390 2833 3493 2870; x_wconf 90' lang='lat' dir='ltr'><strong>non</strong></span> <span class='ocrx_word' id='word_1_512' title='bbox 3517 2817 3757 2872; x_wconf 92' lang='lat' dir='ltr'><strong>admittet</strong></span> <span class='ocrx_word' id='word_1_513' title='bbox 3787 2820 4027 2871; x_wconf 82' lang='lat' dir='ltr'><strong>omnino</strong></span> 
     </span>
    </p>
   </div>
   <div class='ocr_carea' id='block_1_58' title="bbox 2418 2906 4027 2977">
    <p class='ocr_par' dir='ltr' id='par_1_58' title="bbox 2418 2906 4027 2977">
     <span class='ocr_line' id='line_1_58' title="bbox 2418 2906 4027 2977; baseline 0.001 -15"><span class='ocrx_word' id='word_1_514' title='bbox 2418 2909 2504 2976; x_wconf 91' lang='lat' dir='ltr'><strong>qui</strong></span> <span class='ocrx_word' id='word_1_515' title='bbox 2537 2917 2689 2963; x_wconf 85' lang='lat' dir='ltr'><strong>natus</strong></span> <span class='ocrx_word' id='word_1_516' title='bbox 2716 2922 2777 2963; x_wconf 76' lang='lat' dir='ltr'><strong>ex</strong></span> <span class='ocrx_word' id='word_1_517' title='bbox 2806 2907 2915 2962; x_wconf 89' lang='lat' dir='ltr'><strong>Deo</strong></span> <span class='ocrx_word' id='word_1_518' title='bbox 2949 2906 3125 2972; x_wconf 89' lang='lat' dir='ltr'><strong>fuerit,</strong></span> <span class='ocrx_word' id='word_1_519' title='bbox 3158 2925 3263 2963; x_wconf 90' lang='lat' dir='ltr'><strong>non</strong></span> <span class='ocrx_word' id='word_1_520' title='bbox 3292 2909 3497 2964; x_wconf 82' lang='lat' dir='ltr'><strong>futurus</strong></span> <span class='ocrx_word' id='word_1_521' title='bbox 3528 2910 3620 2964; x_wconf 82' lang='lat' dir='ltr'><strong>Dei</strong></span> <span class='ocrx_word' id='word_1_522' title='bbox 3653 2910 3811 2977; x_wconf 82' lang='lat' dir='ltr'><strong>titius,</strong></span> <span class='ocrx_word' id='word_1_523' title='bbox 3839 2912 3885 2965; x_wconf 89' lang='lat' dir='ltr'><strong>si</strong></span> <span class='ocrx_word' id='word_1_524' title='bbox 3922 2913 4027 2965; x_wconf 87' lang='lat' dir='ltr'><strong>ad-</strong></span> 
     </span>
    </p>
   </div>
   <div class='ocr_carea' id='block_1_59' title="bbox 2419 2999 4026 3068">
    <p class='ocr_par' dir='ltr' id='par_1_59' title="bbox 2419 2999 4026 3068">
     <span class='ocr_line' id='line_1_59' title="bbox 2419 2999 4026 3068; baseline 0.002 -13"><span class='ocrx_word' id='word_1_525' title='bbox 2419 3001 2642 3056; x_wconf 87' lang='lat' dir='ltr'><strong>miserit.</strong></span> <span class='ocrx_word' id='word_1_526' title='bbox 2679 3000 2748 3055; x_wconf 89' lang='lat' dir='ltr'><strong>lta</strong></span> <span class='ocrx_word' id='word_1_527' title='bbox 2775 2999 2965 3054; x_wconf 80' lang='lat' dir='ltr'><strong>.loaimi</strong></span> <span class='ocrx_word' id='word_1_528' title='bbox 2994 3002 3129 3055; x_wconf 89' lang='lat' dir='ltr'><strong>ratio</strong></span> <span class='ocrx_word' id='word_1_529' title='bbox 3151 3002 3419 3058; x_wconf 88' lang='lat' dir='ltr'><strong>constabit</strong></span> <span class='ocrx_word' id='word_1_530' title='bbox 3442 3002 3786 3068; x_wconf 81' lang='lat' dir='ltr'><strong>diversitatis,</strong></span> <span class='ocrx_word' id='word_1_531' title='bbox 3818 3005 4026 3059; x_wconf 85' lang='lat' dir='ltr'><strong>distin-</strong></span> 
     </span>
    </p>
   </div>
   <div class='ocr_carea' id='block_1_60' title="bbox 2417 3092 4029 3168">
    <p class='ocr_par' dir='ltr' id='par_1_60' title="bbox 2417 3092 4029 3168">
     <span class='ocr_line' id='line_1_60' title="bbox 2417 3092 4029 3168; baseline 0.004 -22"><span class='ocrx_word' id='word_1_532' title='bbox 2417 3095 2647 3148; x_wconf 88' lang='lat' dir='ltr'><strong>ctionem</strong></span> <span class='ocrx_word' id='word_1_533' title='bbox 2689 3092 3001 3147; x_wconf 91' lang='lat' dir='ltr'><strong>delictorum</strong></span> <span class='ocrx_word' id='word_1_534' title='bbox 3030 3093 3331 3163; x_wconf 88' lang='lat' dir='ltr'><strong>disponenti</strong></span> <span class='ocrx_word' id='word_1_535' title='bbox 3367 3094 3483 3168; x_wconf 75' lang='lat'><strong>(2),</strong></span> <span class='ocrx_word' id='word_1_536' title='bbox 3533 3111 3652 3149; x_wconf 86' lang='lat' dir='ltr'><strong>cum</strong></span> <span class='ocrx_word' id='word_1_537' title='bbox 3697 3095 4029 3165; x_wconf 75' lang='lat' dir='ltr'><strong>delinquere</strong></span> 
     </span>
    </p>
   </div>
   <div class='ocr_carea' id='block_1_61' title="bbox 2420 3186 4028 3259">
    <p class='ocr_par' dir='ltr' id='par_1_61' title="bbox 2420 3186 4028 3259">
     <span class='ocr_line' id='line_1_61' title="bbox 2420 3186 4028 3259; baseline 0.004 -18"><span class='ocrx_word' id='word_1_538' title='bbox 2420 3187 2556 3241; x_wconf 88' lang='lat' dir='ltr'><strong>ﬁlios</strong></span> <span class='ocrx_word' id='word_1_539' title='bbox 2604 3186 2693 3241; x_wconf 89' lang='lat' dir='ltr'><strong>Dei</strong></span> <span class='ocrx_word' id='word_1_540' title='bbox 2742 3202 2879 3241; x_wconf 89' lang='lat' dir='ltr'><strong>mmc</strong></span> <span class='ocrx_word' id='word_1_541' title='bbox 2927 3186 3149 3251; x_wconf 87' lang='lat' dir='ltr'><strong>adnuit,</strong></span> <span class='ocrx_word' id='word_1_542' title='bbox 3198 3204 3338 3243; x_wconf 89' lang='lat' dir='ltr'><strong>nunc</strong></span> <span class='ocrx_word' id='word_1_543' title='bbox 3386 3188 3592 3245; x_wconf 88' lang='lat' dir='ltr'><strong>abnuit.</strong></span> <span class='ocrx_word' id='word_1_544' title='bbox 3642 3190 4028 3259; x_wconf 77' lang='lat' dir='ltr'><strong>Prospiciebat</strong></span> 
     </span>
    </p>
   </div>
   <div class='ocr_carea' id='block_1_62' title="bbox 724 3279 4029 3353">
    <p class='ocr_par' dir='ltr' id='par_1_62' title="bbox 724 3279 4029 3353">
     <span class='ocr_line' id='line_1_62' title="bbox 724 3279 4029 3353; baseline 0.001 -22"><span class='ocrx_word' id='word_1_545' title='bbox 724 3287 944 3344; x_wconf 88' lang='lat' dir='ltr'><strong>tractat,</strong></span> <span class='ocrx_word' id='word_1_546' title='bbox 991 3290 1046 3334; x_wconf 93' lang='lat' dir='ltr'><strong>ut</strong></span> <span class='ocrx_word' id='word_1_547' title='bbox 1086 3280 1221 3335; x_wconf 88' lang='lat' dir='ltr'><strong>nihil</strong></span> <span class='ocrx_word' id='word_1_548' title='bbox 1262 3281 1367 3336; x_wconf 91' lang='lat' dir='ltr'><strong>tale</strong></span> <span class='ocrx_word' id='word_1_549' title='bbox 1403 3283 1660 3337; x_wconf 88' lang='lat' dir='ltr'><strong>concedat</strong></span> <span class='ocrx_word' id='word_1_550' title='bbox 1686 3324 1700 3347; x_wconf 93' lang='lat'><strong>,</strong></span> <span class='ocrx_word' id='word_1_551' title='bbox 1745 3298 2050 3353; x_wconf 86' lang='lat' dir='ltr'><strong>proponens</strong></span> <span class='ocrx_word' id='word_1_552' title='bbox 2084 3285 2249 3338; x_wconf 88' lang='lat' dir='ltr'><strong>semel</strong></span> <span class='ocrx_word' id='word_1_553' title='bbox 2284 3300 2312 3337; x_wconf 92' lang='lat' dir='ltr'><strong>a</strong></span> <span class='ocrx_word' id='word_1_554' title='bbox 2342 3286 2387 3349; x_wconf 83' lang='lat' dir='ltr'>C</span> <span class='ocrx_word' id='word_1_555' title='bbox 2421 3279 2560 3334; x_wconf 90' lang='lat' dir='ltr'><strong>enim</strong></span> <span class='ocrx_word' id='word_1_556' title='bbox 2592 3279 2881 3333; x_wconf 89' lang='lat' dir='ltr'><strong>clausulam</strong></span> <span class='ocrx_word' id='word_1_557' title='bbox 2909 3279 3183 3333; x_wconf 89' lang='lat' dir='ltr'><strong>literarum</strong></span> <span class='ocrx_word' id='word_1_558' title='bbox 3211 3294 3450 3347; x_wconf 88' lang='lat' dir='ltr'><strong>suarum,</strong></span> <span class='ocrx_word' id='word_1_559' title='bbox 3481 3293 3533 3335; x_wconf 89' lang='lat' dir='ltr'><strong>et</strong></span> <span class='ocrx_word' id='word_1_560' title='bbox 3558 3282 3629 3335; x_wconf 87' lang='lat' dir='ltr'><strong>illi</strong></span> <span class='ocrx_word' id='word_1_561' title='bbox 3662 3284 4029 3350; x_wconf 74' lang='lat' dir='ltr'><strong>praestruebat</strong></span> 
     </span>
    </p>
   </div>
   <div class='ocr_carea' id='block_1_63' title="bbox 723 3370 2309 3443">
    <p class='ocr_par' dir='ltr' id='par_1_63' title="bbox 723 3370 2309 3443">
     <span class='ocr_line' id='line_1_63' title="bbox 723 3370 2309 3443; baseline 0.003 -17"><span class='ocrx_word' id='word_1_562' title='bbox 723 3370 938 3427; x_wconf 85' lang='lat' dir='ltr'><strong>Christo</strong></span> <span class='ocrx_word' id='word_1_563' title='bbox 966 3371 1160 3428; x_wconf 86' lang='lat' dir='ltr'><strong>delicta</strong></span> <span class='ocrx_word' id='word_1_564' title='bbox 1189 3373 1383 3437; x_wconf 81' lang='lat' dir='ltr'><strong>deleta,</strong></span> <span class='ocrx_word' id='word_1_565' title='bbox 1429 3389 1533 3428; x_wconf 92' lang='lat' dir='ltr'><strong>non</strong></span> <span class='ocrx_word' id='word_1_566' title='bbox 1566 3375 1807 3432; x_wconf 89' lang='lat' dir='ltr'><strong>habitura</strong></span> <span class='ocrx_word' id='word_1_567' title='bbox 1842 3385 2022 3443; x_wconf 86' lang='lat' dir='ltr'><strong>postea</strong></span> <span class='ocrx_word' id='word_1_568' title='bbox 2058 3375 2263 3429; x_wconf 87' lang='lat' dir='ltr'><strong>veniam</strong></span> <span class='ocrx_word' id='word_1_569' title='bbox 2298 3396 2309 3430; x_wconf 89' lang='lat'>:</span> 
     </span>
    </p>
   </div>
   <div class='ocr_carea' id='block_1_64' title="bbox 723 3462 2314 3537">
    <p class='ocr_par' dir='ltr' id='par_1_64' title="bbox 723 3462 2314 3537">
     <span class='ocr_line' id='line_1_64' title="bbox 723 3462 2314 3537; baseline 0.004 -18"><span class='ocrx_word' id='word_1_570' title='bbox 723 3465 775 3519; x_wconf 91' lang='lat' dir='ltr'><strong>in</strong></span> <span class='ocrx_word' id='word_1_571' title='bbox 806 3480 912 3535; x_wconf 91' lang='lat' dir='ltr'><strong>quo</strong></span> <span class='ocrx_word' id='word_1_572' title='bbox 942 3462 1022 3537; x_wconf 88' lang='grc'><strong>(1)</strong></span> <span class='ocrx_word' id='word_1_573' title='bbox 1066 3479 1163 3519; x_wconf 92' lang='lat' dir='ltr'><strong>nos</strong></span> <span class='ocrx_word' id='word_1_574' title='bbox 1192 3480 1382 3521; x_wconf 84' lang='lat' dir='ltr'><strong>sensus</strong></span> <span class='ocrx_word' id='word_1_575' title='bbox 1419 3466 1485 3520; x_wconf 89' lang='lat' dir='ltr'><strong>ad</strong></span> <span class='ocrx_word' id='word_1_576' title='bbox 1528 3467 1943 3522; x_wconf 86' lang='lat' dir='ltr'><strong>admonitionem</strong></span> <span class='ocrx_word' id='word_1_577' title='bbox 1982 3468 2314 3525; x_wconf 72' lang='lat' dir='ltr'><strong>castimonia:</strong></span> 
     </span>
    </p>
   </div>
   <div class='ocr_carea' id='block_1_65' title="bbox 721 3557 2312 3632">
    <p class='ocr_par' dir='ltr' id='par_1_65' title="bbox 721 3557 2312 3632">
     <span class='ocr_line' id='line_1_65' title="bbox 721 3557 2312 3632; baseline 0.002 -19"><span class='ocrx_word' id='word_1_578' title='bbox 721 3557 1029 3615; x_wconf 83' lang='lat' dir='ltr'><strong>dcmandat.</strong></span> <span class='ocrx_word' id='word_1_579' title='bbox 1063 3558 1263 3627; x_wconf 85' lang='lat' dir='ltr'><strong>Omnis,</strong></span> <span class='ocrx_word' id='word_1_580' title='bbox 1293 3562 1480 3632; x_wconf 89' lang='lat' dir='ltr'><strong>inquit,</strong></span> <span class='ocrx_word' id='word_1_581' title='bbox 1512 3563 1599 3631; x_wconf 88' lang='lat' dir='ltr'><strong>qui</strong></span> <span class='ocrx_word' id='word_1_582' title='bbox 1618 3562 1762 3617; x_wconf 82' lang='lat' dir='ltr'><strong>habet</strong></span> <span class='ocrx_word' id='word_1_583' title='bbox 1788 3579 1928 3632; x_wconf 85' lang='lat' dir='ltr'><strong>spem</strong></span> <span class='ocrx_word' id='word_1_584' title='bbox 1958 3564 2128 3627; x_wconf 89' lang='lat' dir='ltr'><strong>istam,</strong></span> <span class='ocrx_word' id='word_1_585' title='bbox 2158 3564 2312 3616; x_wconf 87' lang='lat' dir='ltr'><strong>casti-</strong></span> 
     </span>
    </p>
   </div>
   <div class='ocr_carea' id='block_1_66' title="bbox 722 3652 2316 3726">
    <p class='ocr_par' dir='ltr' id='par_1_66' title="bbox 722 3652 2316 3726">
     <span class='ocr_line' id='line_1_66' title="bbox 722 3652 2316 3726; baseline 0.002 -21"><span class='ocrx_word' id='word_1_586' title='bbox 722 3652 840 3720; x_wconf 83' lang='lat' dir='ltr'><strong>ﬁcat</strong></span> <span class='ocrx_word' id='word_1_587' title='bbox 858 3653 1205 3724; x_wconf 86' lang='lat' dir='ltr'><strong>semetipsum,</strong></span> <span class='ocrx_word' id='word_1_588' title='bbox 1235 3654 1354 3724; x_wconf 92' lang='lat' dir='ltr'><strong>quia</strong></span> <span class='ocrx_word' id='word_1_589' title='bbox 1380 3664 1426 3708; x_wconf 91' lang='lat' dir='ltr'><strong>et</strong></span> <span class='ocrx_word' id='word_1_590' title='bbox 1452 3655 1539 3708; x_wconf 89' lang='lat' dir='ltr'><strong>ille</strong></span> <span class='ocrx_word' id='word_1_591' title='bbox 1561 3666 1732 3709; x_wconf 88' lang='lat' dir='ltr'><strong>castus</strong></span> <span class='ocrx_word' id='word_1_592' title='bbox 1756 3666 1849 3709; x_wconf 87' lang='lat' dir='ltr'><strong>est.</strong></span> <span class='ocrx_word' id='word_1_593' title='bbox 1878 3655 2055 3710; x_wconf 86' lang='lat' dir='ltr'><strong>Omnis</strong></span> <span class='ocrx_word' id='word_1_594' title='bbox 2079 3656 2164 3725; x_wconf 88' lang='lat' dir='ltr'><strong>qui</strong></span> <span class='ocrx_word' id='word_1_595' title='bbox 2193 3657 2316 3726; x_wconf 90' lang='lat' dir='ltr'><strong>facit</strong></span> 
     </span>
    </p>
   </div>
   <div class='ocr_carea' id='block_1_67' title="bbox 722 3742 2310 3817">
    <p class='ocr_par' dir='ltr' id='par_1_67' title="bbox 722 3742 2310 3817">
     <span class='ocr_line' id='line_1_67' title="bbox 722 3742 2310 3817; baseline 0.003 -21"><span class='ocrx_word' id='word_1_596' title='bbox 722 3742 981 3810; x_wconf 83' lang='lat' dir='ltr'><strong>delictum,</strong></span> <span class='ocrx_word' id='word_1_597' title='bbox 1013 3756 1061 3797; x_wconf 92' lang='lat' dir='ltr'><strong>et</strong></span> <span class='ocrx_word' id='word_1_598' title='bbox 1086 3746 1404 3813; x_wconf 81' lang='lat' dir='ltr'><strong>iniquitatem</strong></span> <span class='ocrx_word' id='word_1_599' title='bbox 1430 3746 1552 3815; x_wconf 80' lang='lat' dir='ltr'><strong>facit</strong></span> <span class='ocrx_word' id='word_1_600' title='bbox 1570 3785 1583 3809; x_wconf 84' lang='lat'><strong>,</strong></span> <span class='ocrx_word' id='word_1_601' title='bbox 1616 3756 1662 3799; x_wconf 89' lang='lat' dir='ltr'><strong>et</strong></span> <span class='ocrx_word' id='word_1_602' title='bbox 1689 3747 1923 3801; x_wconf 83' lang='lat' dir='ltr'><strong>delictum</strong></span> <span class='ocrx_word' id='word_1_603' title='bbox 1952 3758 2024 3803; x_wconf 86' lang='lat' dir='ltr'><strong>est</strong></span> <span class='ocrx_word' id='word_1_604' title='bbox 2051 3749 2310 3817; x_wconf 86' lang='lat' dir='ltr'><strong>iniquitas.</strong></span> 
     </span>
    </p>
   </div>
   <div class='ocr_carea' id='block_1_68' title="bbox 725 3834 2310 3913">
    <p class='ocr_par' dir='ltr' id='par_1_68' title="bbox 725 3834 2310 3913">
     <span class='ocr_line' id='line_1_68' title="bbox 725 3834 2310 3913; baseline 0.004 -24"><span class='ocrx_word' id='word_1_605' title='bbox 725 3834 794 3889; x_wconf 83' lang='lat' dir='ltr'><strong>Et</strong></span> <span class='ocrx_word' id='word_1_606' title='bbox 823 3838 961 3891; x_wconf 83' lang='lat' dir='ltr'><strong>scitis</strong></span> <span class='ocrx_word' id='word_1_607' title='bbox 989 3839 1124 3908; x_wconf 90' lang='lat' dir='ltr'><strong>quod</strong></span> <span class='ocrx_word' id='word_1_608' title='bbox 1153 3837 1243 3892; x_wconf 89' lang='lat' dir='ltr'><strong>ille</strong></span> <span class='ocrx_word' id='word_1_609' title='bbox 1271 3841 1626 3909; x_wconf 88' lang='lat' dir='ltr'><strong>manifestatus</strong></span> <span class='ocrx_word' id='word_1_610' title='bbox 1654 3841 1743 3904; x_wconf 86' lang='lat' dir='ltr'><strong>sit,</strong></span> <span class='ocrx_word' id='word_1_611' title='bbox 1776 3851 1827 3893; x_wconf 91' lang='lat' dir='ltr'><strong>ut</strong></span> <span class='ocrx_word' id='word_1_612' title='bbox 1862 3845 2063 3913; x_wconf 83' lang='lat' dir='ltr'><strong>auferat</strong></span> <span class='ocrx_word' id='word_1_613' title='bbox 2092 3843 2310 3909; x_wconf 88' lang='lat' dir='ltr'><strong>delicta;</strong></span> 
     </span>
    </p>
   </div>
   <div class='ocr_carea' id='block_1_69' title="bbox 723 3931 2311 4005">
    <p class='ocr_par' dir='ltr' id='par_1_69' title="bbox 723 3931 2311 4005">
     <span class='ocr_line' id='line_1_69' title="bbox 723 3931 2311 4005; baseline 0.004 -21"><span class='ocrx_word' id='word_1_614' title='bbox 723 3931 905 3999; x_wconf 90' lang='lat' dir='ltr'><strong>utique</strong></span> <span class='ocrx_word' id='word_1_615' title='bbox 958 3931 1214 3988; x_wconf 87' lang='lat' dir='ltr'><strong>hactenus</strong></span> <span class='ocrx_word' id='word_1_616' title='bbox 1268 3932 1629 3998; x_wconf 89' lang='lat' dir='ltr'><strong>admittenda;</strong></span> <span class='ocrx_word' id='word_1_617' title='bbox 1688 3934 1948 4004; x_wconf 90' lang='lat' dir='ltr'><strong>siquidem</strong></span> <span class='ocrx_word' id='word_1_618' title='bbox 1998 3935 2311 4005; x_wconf 83' lang='lat' dir='ltr'><strong>subjungit:</strong></span> 
     </span>
    </p>
   </div>
   <div class='ocr_carea' id='block_1_70' title="bbox 726 4018 2311 4099">
    <p class='ocr_par' dir='ltr' id='par_1_70' title="bbox 726 4018 2311 4099">
     <span class='ocr_line' id='line_1_70' title="bbox 726 4018 2311 4099; baseline 0.004 -22"><span class='ocrx_word' id='word_1_619' title='bbox 726 4018 904 4077; x_wconf 83' lang='lat' dir='ltr'><strong>Omnis</strong></span> <span class='ocrx_word' id='word_1_620' title='bbox 927 4025 1014 4094; x_wconf 90' lang='lat' dir='ltr'><strong>qui</strong></span> <span class='ocrx_word' id='word_1_621' title='bbox 1044 4034 1209 4078; x_wconf 89' lang='lat' dir='ltr'><strong>manet</strong></span> <span class='ocrx_word' id='word_1_622' title='bbox 1241 4025 1292 4079; x_wconf 90' lang='lat' dir='ltr'><strong>in</strong></span> <span class='ocrx_word' id='word_1_623' title='bbox 1319 4026 1431 4093; x_wconf 91' lang='lat' dir='ltr'><strong>illo,</strong></span> <span class='ocrx_word' id='word_1_624' title='bbox 1463 4043 1562 4081; x_wconf 90' lang='lat' dir='ltr'><strong>non</strong></span> <span class='ocrx_word' id='word_1_625' title='bbox 1593 4028 1881 4097; x_wconf 88' lang='lat' dir='ltr'><strong>delinquit:</strong></span> <span class='ocrx_word' id='word_1_626' title='bbox 1911 4030 2073 4083; x_wconf 89' lang='lat' dir='ltr'><strong>omnis</strong></span> <span class='ocrx_word' id='word_1_627' title='bbox 2110 4031 2195 4099; x_wconf 90' lang='lat' dir='ltr'><strong>qui</strong></span> <span class='ocrx_word' id='word_1_628' title='bbox 2222 4031 2311 4084; x_wconf 88' lang='lat' dir='ltr'><strong>de-</strong></span> 
     </span>
    </p>
   </div>
   <div class='ocr_carea' id='block_1_71' title="bbox 724 4113 2315 4194">
    <p class='ocr_par' dir='ltr' id='par_1_71' title="bbox 724 4113 2315 4194">
     <span class='ocr_line' id='line_1_71' title="bbox 724 4113 2315 4194; baseline 0.006 -27"><span class='ocrx_word' id='word_1_629' title='bbox 724 4113 932 4182; x_wconf 86' lang='lat' dir='ltr'><strong>linquit,</strong></span> <span class='ocrx_word' id='word_1_630' title='bbox 970 4131 1125 4185; x_wconf 87' lang='lat' dir='ltr'><strong>neque</strong></span> <span class='ocrx_word' id='word_1_631' title='bbox 1147 4117 1272 4169; x_wconf 80' lang='lat' dir='ltr'><strong>vidit</strong></span> <span class='ocrx_word' id='word_1_632' title='bbox 1290 4158 1303 4181; x_wconf 95' lang='lat'><strong>,</strong></span> <span class='ocrx_word' id='word_1_633' title='bbox 1333 4133 1491 4186; x_wconf 72' lang='lat' dir='ltr'><strong>neque</strong></span> <span class='ocrx_word' id='word_1_634' title='bbox 1515 4121 1744 4194; x_wconf 81' lang='lat' dir='ltr'><strong>cognovit</strong></span> <span class='ocrx_word' id='word_1_635' title='bbox 1770 4136 1902 4174; x_wconf 89' lang='lat' dir='ltr'><strong>eum.</strong></span> <span class='ocrx_word' id='word_1_636' title='bbox 1930 4119 2107 4175; x_wconf 84' lang='lat' dir='ltr'><strong>Filioli</strong></span> <span class='ocrx_word' id='word_1_637' title='bbox 2126 4164 2141 4187; x_wconf 95' lang='lat'><strong>,</strong></span> <span class='ocrx_word' id='word_1_638' title='bbox 2170 4139 2315 4176; x_wconf 89' lang='lat' dir='ltr'><strong>nemo</strong></span> 
     </span>
    </p>
   </div>
   <div class='ocr_carea' id='block_1_72' title="bbox 723 4206 2316 4283">
    <p class='ocr_par' dir='ltr' id='par_1_72' title="bbox 723 4206 2316 4283">
     <span class='ocr_line' id='line_1_72' title="bbox 723 4206 2316 4283; baseline 0.005 -25"><span class='ocrx_word' id='word_1_639' title='bbox 723 4221 809 4258; x_wconf 78' lang='lat' dir='ltr'><strong>vos</strong></span> <span class='ocrx_word' id='word_1_640' title='bbox 837 4206 1044 4260; x_wconf 89' lang='lat' dir='ltr'><strong>sedncat</strong></span> <span class='ocrx_word' id='word_1_641' title='bbox 1074 4223 1093 4261; x_wconf 89' lang='lat'><strong><em>:</em></strong></span> <span class='ocrx_word' id='word_1_642' title='bbox 1121 4208 1285 4261; x_wconf 89' lang='lat' dir='ltr'><strong>omnis</strong></span> <span class='ocrx_word' id='word_1_643' title='bbox 1309 4210 1396 4278; x_wconf 92' lang='lat' dir='ltr'><strong>qni</strong></span> <span class='ocrx_word' id='word_1_644' title='bbox 1422 4210 1544 4277; x_wconf 87' lang='lat' dir='ltr'><strong>facit</strong></span> <span class='ocrx_word' id='word_1_645' title='bbox 1556 4211 1842 4279; x_wconf 84' lang='lat' dir='ltr'><strong>justitiam,</strong></span> <span class='ocrx_word' id='word_1_646' title='bbox 1861 4214 2037 4283; x_wconf 85' lang='lat' dir='ltr'><strong>justus</strong></span> <span class='ocrx_word' id='word_1_647' title='bbox 2057 4224 2160 4271; x_wconf 89' lang='lat' dir='ltr'><strong>est.</strong></span> <span class='ocrx_word' id='word_1_648' title='bbox 2190 4219 2316 4268; x_wconf 85' lang='lat' dir='ltr'><strong>sicut</strong></span> 
     </span>
    </p>
   </div>
   <div class='ocr_carea' id='block_1_73' title="bbox 724 4298 2314 4373">
    <p class='ocr_par' dir='ltr' id='par_1_73' title="bbox 724 4298 2314 4373">
     <span class='ocr_line' id='line_1_73' title="bbox 724 4298 2314 4373; baseline 0.006 -24"><span class='ocrx_word' id='word_1_649' title='bbox 724 4307 770 4349; x_wconf 87' lang='lat' dir='ltr'><strong>et</strong></span> <span class='ocrx_word' id='word_1_650' title='bbox 807 4298 895 4352; x_wconf 89' lang='lat' dir='ltr'><strong>ille</strong></span> <span class='ocrx_word' id='word_1_651' title='bbox 923 4300 1096 4370; x_wconf 87' lang='lat' dir='ltr'><strong>justus</strong></span> <span class='ocrx_word' id='word_1_652' title='bbox 1126 4311 1218 4354; x_wconf 88' lang='lat' dir='ltr'><strong>est.</strong></span> <span class='ocrx_word' id='word_1_653' title='bbox 1273 4301 1373 4368; x_wconf 85' lang='lat' dir='ltr'><strong>Qui</strong></span> <span class='ocrx_word' id='word_1_654' title='bbox 1400 4303 1524 4371; x_wconf 89' lang='lat' dir='ltr'><strong>facit</strong></span> <span class='ocrx_word' id='word_1_655' title='bbox 1570 4303 1848 4370; x_wconf 85' lang='lat' dir='ltr'><strong>delictum,</strong></span> <span class='ocrx_word' id='word_1_656' title='bbox 1878 4322 1939 4361; x_wconf 76' lang='lat' dir='ltr'><strong>ea:</strong></span> <span class='ocrx_word' id='word_1_657' title='bbox 1974 4305 2177 4361; x_wconf 84' lang='lat' dir='ltr'><strong>diabolo</strong></span> <span class='ocrx_word' id='word_1_658' title='bbox 2207 4317 2314 4373; x_wconf 90' lang='lat' dir='ltr'><strong>est,</strong></span> 
     </span>
    </p>
   </div>
   <div class='ocr_carea' id='block_1_74' title="bbox 723 4390 2316 4467">
    <p class='ocr_par' dir='ltr' id='par_1_74' title="bbox 723 4390 2316 4467">
     <span class='ocr_line' id='line_1_74' title="bbox 723 4390 2316 4467; baseline 0.006 -25"><span class='ocrx_word' id='word_1_659' title='bbox 723 4390 965 4460; x_wconf 88' lang='lat' dir='ltr'><strong>quoniam</strong></span> <span class='ocrx_word' id='word_1_660' title='bbox 997 4392 1231 4447; x_wconf 84' lang='lat' dir='ltr'><strong>diabolus</strong></span> <span class='ocrx_word' id='word_1_661' title='bbox 1261 4410 1292 4444; x_wconf 83' lang='grc' dir='ltr'><em>α</em></span> <span class='ocrx_word' id='word_1_662' title='bbox 1321 4395 1599 4462; x_wconf 82' lang='lat' dir='ltr'><strong>primordio</strong></span> <span class='ocrx_word' id='word_1_663' title='bbox 1629 4396 1893 4467; x_wconf 88' lang='lat' dir='ltr'><strong>delinquit.</strong></span> <span class='ocrx_word' id='word_1_664' title='bbox 1941 4397 2006 4451; x_wconf 88' lang='lat' dir='ltr'><strong>In</strong></span> <span class='ocrx_word' id='word_1_665' title='bbox 2050 4400 2145 4452; x_wconf 87' lang='lat' dir='ltr'><strong>hoc</strong></span> <span class='ocrx_word' id='word_1_666' title='bbox 2182 4400 2316 4452; x_wconf 86' lang='lat' dir='ltr'><strong>enim</strong></span> 
     </span>
    </p>
   </div>
   <div class='ocr_carea' id='block_1_75' title="bbox 723 4482 2315 4558">
    <p class='ocr_par' dir='ltr' id='par_1_75' title="bbox 723 4482 2315 4558">
     <span class='ocr_line' id='line_1_75' title="bbox 723 4482 2315 4558; baseline 0.005 -23"><span class='ocrx_word' id='word_1_667' title='bbox 723 4482 1072 4551; x_wconf 86' lang='lat' dir='ltr'><strong>manifestatus</strong></span> <span class='ocrx_word' id='word_1_668' title='bbox 1099 4494 1170 4537; x_wconf 89' lang='lat' dir='ltr'><strong>est</strong></span> <span class='ocrx_word' id='word_1_669' title='bbox 1192 4485 1330 4553; x_wconf 77' lang='lat' dir='ltr'><strong>ﬁlius</strong></span> <span class='ocrx_word' id='word_1_670' title='bbox 1360 4483 1473 4551; x_wconf 90' lang='lat' dir='ltr'><strong>Dei,</strong></span> <span class='ocrx_word' id='word_1_671' title='bbox 1504 4497 1558 4539; x_wconf 89' lang='lat' dir='ltr'><strong>ut</strong></span> <span class='ocrx_word' id='word_1_672' title='bbox 1587 4488 1744 4541; x_wconf 88' lang='lat' dir='ltr'><strong>solvat</strong></span> <span class='ocrx_word' id='word_1_673' title='bbox 1771 4506 1925 4558; x_wconf 85' lang='lat' dir='ltr'><strong>opera</strong></span> <span class='ocrx_word' id='word_1_674' title='bbox 1951 4490 2159 4544; x_wconf 89' lang='lat' dir='ltr'><strong>diaboli.</strong></span> <span class='ocrx_word' id='word_1_675' title='bbox 2186 4490 2315 4545; x_wconf 86' lang='lat' dir='ltr'><strong>Nam</strong></span> 
     </span>
    </p>
   </div>
   <div class='ocr_carea' id='block_1_76' title="bbox 725 4574 2318 4649">
    <p class='ocr_par' dir='ltr' id='par_1_76' title="bbox 725 4574 2318 4649">
     <span class='ocr_line' id='line_1_76' title="bbox 725 4574 2318 4649; baseline 0.003 -18"><span class='ocrx_word' id='word_1_676' title='bbox 725 4584 782 4631; x_wconf 88' lang='lat' dir='ltr'><strong>et</strong></span> <span class='ocrx_word' id='word_1_677' title='bbox 822 4574 1010 4641; x_wconf 72' lang='lat' dir='ltr'><strong>solvit,</strong></span> <span class='ocrx_word' id='word_1_678' title='bbox 1055 4576 1287 4631; x_wconf 90' lang='lat' dir='ltr'><strong>liberans</strong></span> <span class='ocrx_word' id='word_1_679' title='bbox 1333 4577 1600 4633; x_wconf 88' lang='lat' dir='ltr'><strong>lmmiuem</strong></span> <span class='ocrx_word' id='word_1_680' title='bbox 1645 4592 1737 4649; x_wconf 85' lang='lat' dir='ltr'><strong>per</strong></span> <span class='ocrx_word' id='word_1_681' title='bbox 1773 4580 2078 4645; x_wconf 87' lang='lat' dir='ltr'><strong>lavacrum,</strong></span> <span class='ocrx_word' id='word_1_682' title='bbox 2121 4582 2318 4637; x_wconf 88' lang='lat' dir='ltr'><strong>donato</strong></span> 
     </span>
    </p>
   </div>
   <div class='ocr_carea' id='block_1_77' title="bbox 725 4666 2391 4744">
    <p class='ocr_par' dir='ltr' id='par_1_77' title="bbox 725 4666 2391 4744">
     <span class='ocr_line' id='line_1_77' title="bbox 725 4666 2391 4744; baseline 0.005 -22"><span class='ocrx_word' id='word_1_683' title='bbox 725 4666 1082 4738; x_wconf 87' lang='lat' dir='ltr'><strong>chirographo</strong></span> <span class='ocrx_word' id='word_1_684' title='bbox 1113 4670 1317 4723; x_wconf 88' lang='lat' dir='ltr'><strong>mortis.</strong></span> <span class='ocrx_word' id='word_1_685' title='bbox 1359 4670 1423 4724; x_wconf 83' lang='lat' dir='ltr'><strong>Et</strong></span> <span class='ocrx_word' id='word_1_686' title='bbox 1456 4670 1575 4726; x_wconf 89' lang='lat' dir='ltr'><strong>ideo</strong></span> <span class='ocrx_word' id='word_1_687' title='bbox 1602 4673 1764 4726; x_wconf 80' lang='lat' dir='ltr'><strong>oninis</strong></span> <span class='ocrx_word' id='word_1_688' title='bbox 1792 4674 1877 4744; x_wconf 89' lang='lat' dir='ltr'><strong>qui</strong></span> <span class='ocrx_word' id='word_1_689' title='bbox 1907 4690 1970 4728; x_wconf 71' lang='grc' dir='ltr'><strong>ετ</strong></span> <span class='ocrx_word' id='word_1_690' title='bbox 2000 4674 2106 4729; x_wconf 83' lang='lat' dir='ltr'><strong>Deo</strong></span> <span class='ocrx_word' id='word_1_691' title='bbox 2141 4677 2307 4730; x_wconf 85' lang='lat' dir='ltr'><strong>nasci-</strong></span> <span class='ocrx_word' id='word_1_692' title='bbox 2337 4683 2391 4744; x_wconf 88' lang='lat' dir='ltr'><strong>D</strong></span> 
     </span>
    </p>
   </div>
   <div class='ocr_carea' id='block_1_78' title="bbox 728 4763 2313 4837">
    <p class='ocr_par' dir='ltr' id='par_1_78' title="bbox 728 4763 2313 4837">
     <span class='ocr_line' id='line_1_78' title="bbox 728 4763 2313 4837; baseline 0.006 -22"><span class='ocrx_word' id='word_1_693' title='bbox 728 4771 830 4824; x_wconf 90' lang='lat' dir='ltr'><strong>tur,</strong></span> <span class='ocrx_word' id='word_1_694' title='bbox 867 4778 966 4815; x_wconf 80' lang='lat' dir='ltr'><strong>non</strong></span> <span class='ocrx_word' id='word_1_695' title='bbox 998 4763 1119 4833; x_wconf 90' lang='lat' dir='ltr'><strong>facit</strong></span> <span class='ocrx_word' id='word_1_696' title='bbox 1141 4763 1384 4817; x_wconf 84' lang='lat' dir='ltr'><strong>delictum</strong></span> <span class='ocrx_word' id='word_1_697' title='bbox 1403 4792 1434 4831; x_wconf 90' lang='lat'><strong>,-</strong></span> <span class='ocrx_word' id='word_1_698' title='bbox 1455 4766 1572 4835; x_wconf 89' lang='lat' dir='ltr'><strong>quia</strong></span> <span class='ocrx_word' id='word_1_699' title='bbox 1600 4782 1765 4820; x_wconf 86' lang='lat' dir='ltr'><strong>semen</strong></span> <span class='ocrx_word' id='word_1_700' title='bbox 1800 4766 1891 4821; x_wconf 88' lang='lat' dir='ltr'><strong>Dei</strong></span> <span class='ocrx_word' id='word_1_701' title='bbox 1917 4780 2083 4822; x_wconf 85' lang='lat' dir='ltr'><strong>manet</strong></span> <span class='ocrx_word' id='word_1_702' title='bbox 2113 4771 2164 4822; x_wconf 92' lang='lat' dir='ltr'><strong>in</strong></span> <span class='ocrx_word' id='word_1_703' title='bbox 2192 4771 2313 4837; x_wconf 91' lang='lat' dir='ltr'><strong>illo;</strong></span> 
     </span>
    </p>
   </div>
   <div class='ocr_carea' id='block_1_79' title="bbox 725 4855 2317 4927">
    <p class='ocr_par' dir='ltr' id='par_1_79' title="bbox 725 4855 2317 4927">
     <span class='ocr_line' id='line_1_79' title="bbox 725 4855 2317 4927; baseline 0.006 -20"><span class='ocrx_word' id='word_1_704' title='bbox 725 4862 773 4907; x_wconf 87' lang='lat' dir='ltr'><strong>et</strong></span> <span class='ocrx_word' id='word_1_705' title='bbox 802 4870 902 4907; x_wconf 90' lang='lat' dir='ltr'><strong>non</strong></span> <span class='ocrx_word' id='word_1_706' title='bbox 935 4862 1093 4922; x_wconf 80' lang='lat' dir='ltr'><strong>potest</strong></span> <span class='ocrx_word' id='word_1_707' title='bbox 1124 4855 1436 4927; x_wconf 86' lang='lat' dir='ltr'><strong>delinquere,</strong></span> <span class='ocrx_word' id='word_1_708' title='bbox 1468 4858 1587 4927; x_wconf 86' lang='lat' dir='ltr'><strong>quia</strong></span> <span class='ocrx_word' id='word_1_709' title='bbox 1614 4874 1676 4911; x_wconf 77' lang='lat' dir='ltr'><strong>ea:</strong></span> <span class='ocrx_word' id='word_1_710' title='bbox 1706 4857 1809 4911; x_wconf 87' lang='lat' dir='ltr'><strong>Deo</strong></span> <span class='ocrx_word' id='word_1_711' title='bbox 1837 4869 1984 4913; x_wconf 88' lang='lat' dir='ltr'><strong>natus</strong></span> <span class='ocrx_word' id='word_1_712' title='bbox 2012 4871 2103 4915; x_wconf 88' lang='lat' dir='ltr'><strong>est.</strong></span> <span class='ocrx_word' id='word_1_713' title='bbox 2140 4860 2201 4915; x_wconf 84' lang='lat' dir='ltr'><strong>In</strong></span> <span class='ocrx_word' id='word_1_714' title='bbox 2222 4864 2317 4917; x_wconf 82' lang='lat' dir='ltr'><strong>hoc</strong></span> 
     </span>
    </p>
   </div>
   <div class='ocr_carea' id='block_1_80' title="bbox 726 4945 2314 5023">
    <p class='ocr_par' dir='ltr' id='par_1_80' title="bbox 726 4945 2314 5023">
     <span class='ocr_line' id='line_1_80' title="bbox 726 4945 2314 5023; baseline 0.007 -25"><span class='ocrx_word' id='word_1_715' title='bbox 726 4945 984 5015; x_wconf 88' lang='lat' dir='ltr'><strong>manifesti</strong></span> <span class='ocrx_word' id='word_1_716' title='bbox 1011 4956 1129 5001; x_wconf 84' lang='lat' dir='ltr'><strong>sunt</strong></span> <span class='ocrx_word' id='word_1_717' title='bbox 1161 4946 1253 5009; x_wconf 84' lang='lat' dir='ltr'><strong>filii</strong></span> <span class='ocrx_word' id='word_1_718' title='bbox 1286 4946 1383 5002; x_wconf 89' lang='lat' dir='ltr'><strong>Dei</strong></span> <span class='ocrx_word' id='word_1_719' title='bbox 1410 4958 1455 5002; x_wconf 82' lang='lat' dir='ltr'><strong>et</strong></span> <span class='ocrx_word' id='word_1_720' title='bbox 1482 4948 1576 5016; x_wconf 84' lang='lat' dir='ltr'><strong>filii</strong></span> <span class='ocrx_word' id='word_1_721' title='bbox 1601 4949 1791 5004; x_wconf 89' lang='lat' dir='ltr'><strong>diaboli</strong></span> <span class='ocrx_word' id='word_1_722' title='bbox 1820 4949 1883 5023; x_wconf 88' lang='grc' dir='ltr'><strong>(Ι</strong></span> <span class='ocrx_word' id='word_1_723' title='bbox 1910 4951 2092 5019; x_wconf 85' lang='lat' dir='ltr'><strong>Joan.,</strong></span> <span class='ocrx_word' id='word_1_724' title='bbox 2128 4953 2193 5008; x_wconf 90' lang='grc' dir='ltr'><strong>ΙΙΙ</strong></span> <span class='ocrx_word' id='word_1_725' title='bbox 2212 4996 2225 5017; x_wconf 86' lang='grc'>,</span> <span class='ocrx_word' id='word_1_726' title='bbox 2261 4956 2314 5022; x_wconf 79' lang='grc'><strong>5,</strong></span> 
     </span>
    </p>
   </div>
   <div class='ocr_carea' id='block_1_81' title="bbox 727 5035 2317 5118">
    <p class='ocr_par' dir='ltr' id='par_1_81' title="bbox 727 5035 2317 5118">
     <span class='ocr_line' id='line_1_81' title="bbox 727 5035 2317 5118; baseline 0.004 -28"><span class='ocrx_word' id='word_1_727' title='bbox 727 5036 796 5091; x_wconf 84' lang='grc'>10</span> <span class='ocrx_word' id='word_1_728' title='bbox 813 5035 855 5110; x_wconf 88' lang='grc'><strong>).</strong></span> <span class='ocrx_word' id='word_1_729' title='bbox 882 5036 938 5091; x_wconf 89' lang='lat' dir='ltr'><strong>In</strong></span> <span class='ocrx_word' id='word_1_730' title='bbox 966 5052 1102 5106; x_wconf 92' lang='lat' dir='ltr'><strong>quo,</strong></span> <span class='ocrx_word' id='word_1_731' title='bbox 1132 5039 1232 5094; x_wconf 91' lang='lat' dir='ltr'><strong>nisi</strong></span> <span class='ocrx_word' id='word_1_732' title='bbox 1257 5039 1330 5093; x_wconf 93' lang='lat' dir='ltr'><strong>illi</strong></span> <span class='ocrx_word' id='word_1_733' title='bbox 1361 5054 1465 5095; x_wconf 86' lang='lat' dir='ltr'><strong>non</strong></span> <span class='ocrx_word' id='word_1_734' title='bbox 1488 5040 1862 5112; x_wconf 90' lang='lat' dir='ltr'><strong>deliuquendo,</strong></span> <span class='ocrx_word' id='word_1_735' title='bbox 1893 5059 1960 5099; x_wconf 85' lang='lat' dir='ltr'><strong>ex</strong></span> <span class='ocrx_word' id='word_1_736' title='bbox 1985 5059 2092 5118; x_wconf 89' lang='lat' dir='ltr'><strong>quo</strong></span> <span class='ocrx_word' id='word_1_737' title='bbox 2117 5044 2184 5101; x_wconf 92' lang='lat' dir='ltr'><strong>de</strong></span> <span class='ocrx_word' id='word_1_738' title='bbox 2208 5046 2317 5101; x_wconf 82' lang='lat' dir='ltr'><strong>Deo</strong></span> 
     </span>
    </p>
   </div>
   <div class='ocr_carea' id='block_1_82' title="bbox 2421 3372 4031 3444">
    <p class='ocr_par' dir='ltr' id='par_1_82' title="bbox 2421 3372 4031 3444">
     <span class='ocr_line' id='line_1_82' title="bbox 2421 3372 4031 3444; baseline 0 -17"><span class='ocrx_word' id='word_1_739' title='bbox 2421 3375 2517 3427; x_wconf 88' lang='lat' dir='ltr'><strong>lms</strong></span> <span class='ocrx_word' id='word_1_740' title='bbox 2548 3387 2769 3438; x_wconf 84' lang='lat' dir='ltr'><strong>sensus,</strong></span> <span class='ocrx_word' id='word_1_741' title='bbox 2802 3373 3041 3427; x_wconf 88' lang='lat' dir='ltr'><strong>dicturus</strong></span> <span class='ocrx_word' id='word_1_742' title='bbox 3074 3372 3126 3426; x_wconf 92' lang='lat' dir='ltr'><strong>in</strong></span> <span class='ocrx_word' id='word_1_743' title='bbox 3157 3373 3261 3427; x_wconf 88' lang='lat' dir='ltr'><strong>ﬁne</strong></span> <span class='ocrx_word' id='word_1_744' title='bbox 3286 3372 3620 3431; x_wconf 86' lang='lat' dir='ltr'><strong>manifestius</strong></span> <span class='ocrx_word' id='word_1_745' title='bbox 3647 3393 3660 3427; x_wconf 90' lang='lat'><strong>:</strong></span> <span class='ocrx_word' id='word_1_746' title='bbox 3692 3374 3751 3429; x_wconf 89' lang='lat' dir='ltr'><strong>Si</strong></span> <span class='ocrx_word' id='word_1_747' title='bbox 3779 3376 3896 3444; x_wconf 86' lang='lat' dir='ltr'><strong>quis</strong></span> <span class='ocrx_word' id='word_1_748' title='bbox 3929 3380 4031 3429; x_wconf 80' lang='lat' dir='ltr'><strong>scit</strong></span> 
     </span>
    </p>
   </div>
   <div class='ocr_carea' id='block_1_83' title="bbox 2416 3466 4031 3538">
    <p class='ocr_par' dir='ltr' id='par_1_83' title="bbox 2416 3466 4031 3538">
     <span class='ocr_line' id='line_1_83' title="bbox 2416 3466 4031 3538; baseline 0.001 -19"><span class='ocrx_word' id='word_1_749' title='bbox 2416 3466 2623 3535; x_wconf 88' lang='lat' dir='ltr'><strong>fratrem</strong></span> <span class='ocrx_word' id='word_1_750' title='bbox 2649 3482 2796 3519; x_wconf 90' lang='lat' dir='ltr'><strong>suum</strong></span> <span class='ocrx_word' id='word_1_751' title='bbox 2822 3466 3111 3534; x_wconf 86' lang='lat' dir='ltr'><strong>delinquere</strong></span> <span class='ocrx_word' id='word_1_752' title='bbox 3138 3466 3378 3519; x_wconf 82' lang='lat' dir='ltr'><strong>delictum</strong></span> <span class='ocrx_word' id='word_1_753' title='bbox 3405 3482 3506 3521; x_wconf 90' lang='lat' dir='ltr'><strong>non</strong></span> <span class='ocrx_word' id='word_1_754' title='bbox 3532 3468 3601 3519; x_wconf 89' lang='lat' dir='ltr'><strong>ad</strong></span> <span class='ocrx_word' id='word_1_755' title='bbox 3627 3478 3835 3521; x_wconf 84' lang='lat' dir='ltr'><strong>mortem</strong></span> <span class='ocrx_word' id='word_1_756' title='bbox 3855 3512 3872 3535; x_wconf 86' lang='lat'><strong>,</strong></span> <span class='ocrx_word' id='word_1_757' title='bbox 3925 3486 4031 3538; x_wconf 84' lang='lat' dir='ltr'><strong>po-</strong></span> 
     </span>
    </p>
   </div>
   <div class='ocr_carea' id='block_1_84' title="bbox 2416 3556 4030 3630">
    <p class='ocr_par' dir='ltr' id='par_1_84' title="bbox 2416 3556 4030 3630">
     <span class='ocr_line' id='line_1_84' title="bbox 2416 3556 4030 3630; baseline 0.001 -18"><span class='ocrx_word' id='word_1_758' title='bbox 2416 3558 2644 3622; x_wconf 86' lang='lat' dir='ltr'><strong>stulabit,</strong></span> <span class='ocrx_word' id='word_1_759' title='bbox 2675 3568 2720 3612; x_wconf 90' lang='lat' dir='ltr'><strong>et</strong></span> <span class='ocrx_word' id='word_1_760' title='bbox 2740 3557 2879 3611; x_wconf 86' lang='lat' dir='ltr'><strong>dabit</strong></span> <span class='ocrx_word' id='word_1_761' title='bbox 2907 3557 2953 3612; x_wconf 86' lang='lat' dir='ltr'><strong>ei</strong></span> <span class='ocrx_word' id='word_1_762' title='bbox 2974 3558 3127 3611; x_wconf 78' lang='lat' dir='ltr'><strong>vitam</strong></span> <span class='ocrx_word' id='word_1_763' title='bbox 3153 3556 3403 3614; x_wconf 83' lang='lat' dir='ltr'><strong>Dominus</strong></span> <span class='ocrx_word' id='word_1_764' title='bbox 3423 3603 3437 3626; x_wconf 94' lang='lat'><strong>,</strong></span> <span class='ocrx_word' id='word_1_765' title='bbox 3468 3560 3554 3630; x_wconf 89' lang='lat' dir='ltr'><strong>qui</strong></span> <span class='ocrx_word' id='word_1_766' title='bbox 3576 3576 3674 3613; x_wconf 89' lang='lat' dir='ltr'><strong>non</strong></span> <span class='ocrx_word' id='word_1_767' title='bbox 3702 3559 3770 3611; x_wconf 90' lang='lat' dir='ltr'><strong>ad</strong></span> <span class='ocrx_word' id='word_1_768' title='bbox 3798 3570 4030 3613; x_wconf 83' lang='lat' dir='ltr'><strong>mortem</strong></span> 
     </span>
    </p>
   </div>
   <div class='ocr_carea' id='block_1_85' title="bbox 2418 3652 4036 3722">
    <p class='ocr_par' dir='ltr' id='par_1_85' title="bbox 2418 3652 4036 3722">
     <span class='ocr_line' id='line_1_85' title="bbox 2418 3652 4036 3722; baseline 0 -15"><span class='ocrx_word' id='word_1_769' title='bbox 2418 3653 2679 3722; x_wconf 86' lang='lat' dir='ltr'><strong>delinquit.</strong></span> <span class='ocrx_word' id='word_1_770' title='bbox 2729 3652 2820 3706; x_wconf 79' lang='lat' dir='ltr'><strong>Est</strong></span> <span class='ocrx_word' id='word_1_771' title='bbox 2859 3653 2991 3705; x_wconf 89' lang='lat' dir='ltr'><strong>enim</strong></span> <span class='ocrx_word' id='word_1_772' title='bbox 3022 3653 3259 3705; x_wconf 87' lang='lat' dir='ltr'><strong>delictum</strong></span> <span class='ocrx_word' id='word_1_773' title='bbox 3298 3652 3366 3705; x_wconf 90' lang='lat' dir='ltr'><strong>ad</strong></span> <span class='ocrx_word' id='word_1_774' title='bbox 3406 3655 3664 3706; x_wconf 82' lang='lat' dir='ltr'><strong>mortem?</strong></span> <span class='ocrx_word' id='word_1_775' title='bbox 3710 3670 3812 3707; x_wconf 87' lang='lat' dir='ltr'><strong>non</strong></span> <span class='ocrx_word' id='word_1_776' title='bbox 3850 3654 3925 3706; x_wconf 85' lang='lat' dir='ltr'><strong>de</strong></span> <span class='ocrx_word' id='word_1_777' title='bbox 3975 3673 4036 3707; x_wconf 81' lang='lat' dir='ltr'><strong>co</strong></span> 
     </span>
    </p>
   </div>
   <div class='ocr_carea' id='block_1_86' title="bbox 2419 3745 4039 3818">
    <p class='ocr_par' dir='ltr' id='par_1_86' title="bbox 2419 3745 4039 3818">
     <span class='ocr_line' id='line_1_86' title="bbox 2419 3745 4039 3818; baseline 0 -17"><span class='ocrx_word' id='word_1_778' title='bbox 2419 3748 2531 3801; x_wconf 86' lang='lat' dir='ltr'><strong>dico</strong></span> <span class='ocrx_word' id='word_1_779' title='bbox 2561 3759 2611 3800; x_wconf 93' lang='lat' dir='ltr'><strong>ut</strong></span> <span class='ocrx_word' id='word_1_780' title='bbox 2640 3749 2750 3818; x_wconf 89' lang='lat' dir='ltr'><strong>quis</strong></span> <span class='ocrx_word' id='word_1_781' title='bbox 2780 3748 2994 3817; x_wconf 87' lang='lat' dir='ltr'><strong>postulet</strong></span> <span class='ocrx_word' id='word_1_782' title='bbox 3016 3747 3035 3818; x_wconf 91' lang='lat'><strong>(</strong></span> <span class='ocrx_word' id='word_1_783' title='bbox 3058 3748 3077 3801; x_wconf 89' lang='lat' dir='ltr'><strong>l</strong></span> <span class='ocrx_word' id='word_1_784' title='bbox 3106 3745 3268 3800; x_wconf 82' lang='lat' dir='ltr'><strong>Ioan.</strong></span> <span class='ocrx_word' id='word_1_785' title='bbox 3299 3789 3311 3807; x_wconf 87' lang='lat'><strong>,</strong></span> <span class='ocrx_word' id='word_1_786' title='bbox 3347 3746 3384 3799; x_wconf 78' lang='grc' dir='ltr'><strong>ν</strong></span> <span class='ocrx_word' id='word_1_787' title='bbox 3410 3788 3425 3812; x_wconf 92' lang='grc'><em>,</em></span> <span class='ocrx_word' id='word_1_788' title='bbox 3460 3748 3526 3801; x_wconf 79' lang='grc'>16</span> <span class='ocrx_word' id='word_1_789' title='bbox 3548 3746 3588 3818; x_wconf 94' lang='grc'><strong>).</strong></span> <span class='ocrx_word' id='word_1_790' title='bbox 3614 3746 3939 3800; x_wconf 81' lang='lat' dir='ltr'><strong>Meminerat</strong></span> <span class='ocrx_word' id='word_1_791' title='bbox 3982 3760 4039 3801; x_wconf 84' lang='lat' dir='ltr'><strong>et</strong></span> 
     </span>
    </p>
   </div>
   <div class='ocr_carea' id='block_1_87' title="bbox 2419 3840 4039 3912">
    <p class='ocr_par' dir='ltr' id='par_1_87' title="bbox 2419 3840 4039 3912">
     <span class='ocr_line' id='line_1_87' title="bbox 2419 3840 4039 3912; baseline -0.001 -17"><span class='ocrx_word' id='word_1_792' title='bbox 2419 3842 2531 3912; x_wconf 87' lang='lat' dir='ltr'><strong>ipse</strong></span> <span class='ocrx_word' id='word_1_793' title='bbox 2556 3841 2876 3896; x_wconf 86' lang='lat' dir='ltr'><strong>llieremiam</strong></span> <span class='ocrx_word' id='word_1_794' title='bbox 2894 3840 3215 3910; x_wconf 90' lang='lat' dir='ltr'><strong>prohibitum</strong></span> <span class='ocrx_word' id='word_1_795' title='bbox 3232 3858 3258 3892; x_wconf 89' lang='lat' dir='ltr'><strong>a</strong></span> <span class='ocrx_word' id='word_1_796' title='bbox 3284 3840 3396 3896; x_wconf 89' lang='lat' dir='ltr'><strong>Deo</strong></span> <span class='ocrx_word' id='word_1_797' title='bbox 3414 3840 3690 3910; x_wconf 88' lang='lat' dir='ltr'><strong>deprecari</strong></span> <span class='ocrx_word' id='word_1_798' title='bbox 3711 3855 3805 3908; x_wconf 85' lang='lat' dir='ltr'><strong>pro</strong></span> <span class='ocrx_word' id='word_1_799' title='bbox 3821 3842 4039 3909; x_wconf 85' lang='lat' dir='ltr'><strong>populo</strong></span> 
     </span>
    </p>
   </div>
   <div class='ocr_carea' id='block_1_88' title="bbox 2419 3932 4033 4006">
    <p class='ocr_par' dir='ltr' id='par_1_88' title="bbox 2419 3932 4033 4006">
     <span class='ocr_line' id='line_1_88' title="bbox 2419 3932 4033 4006; baseline 0.001 -18"><span class='ocrx_word' id='word_1_800' title='bbox 2419 3935 3016 4005; x_wconf 87' lang='lat' dir='ltr'><strong>mortaliadeliuquente</strong></span> <span class='ocrx_word' id='word_1_801' title='bbox 3035 3932 3230 4006; x_wconf 84' lang='lat' dir='ltr'><strong>(Hier.,</strong></span> <span class='ocrx_word' id='word_1_802' title='bbox 3260 3934 3367 3997; x_wconf 86' lang='lat' dir='ltr'><strong>VII,</strong></span> <span class='ocrx_word' id='word_1_803' title='bbox 3388 3934 3456 3989; x_wconf 76' lang='lat' dir='ltr'><strong>i6</strong></span> <span class='ocrx_word' id='word_1_804' title='bbox 3484 3976 3497 3998; x_wconf 89' lang='lat'><strong>,</strong></span> <span class='ocrx_word' id='word_1_805' title='bbox 3522 3934 3712 4001; x_wconf 71' lang='lat' dir='ltr'><strong>XL”,</strong></span> <span class='ocrx_word' id='word_1_806' title='bbox 3731 3934 3875 4000; x_wconf 75' lang='lat' dir='ltr'><strong>XIV,</strong></span> <span class='ocrx_word' id='word_1_807' title='bbox 3911 3936 4033 3997; x_wconf 79' lang='grc'>11).</span> 
     </span>
    </p>
   </div>
   <div class='ocr_carea' id='block_1_89' title="bbox 2423 4026 4027 4097">
    <p class='ocr_par' dir='ltr' id='par_1_89' title="bbox 2423 4026 4027 4097">
     <span class='ocr_line' id='line_1_89' title="bbox 2423 4026 4027 4097; baseline -0.002 -16"><span class='ocrx_word' id='word_1_808' title='bbox 2423 4026 2600 4082; x_wconf 87' lang='lat' dir='ltr'><strong>Omnis</strong></span> <span class='ocrx_word' id='word_1_809' title='bbox 2624 4027 2873 4097; x_wconf 87' lang='lat' dir='ltr'><strong>injustitia</strong></span> <span class='ocrx_word' id='word_1_810' title='bbox 2903 4026 3142 4080; x_wconf 90' lang='lat' dir='ltr'><strong>delictum</strong></span> <span class='ocrx_word' id='word_1_811' title='bbox 3170 4035 3241 4079; x_wconf 87' lang='lat' dir='ltr'><strong>est</strong></span> <span class='ocrx_word' id='word_1_812' title='bbox 3265 4068 3278 4091; x_wconf 89' lang='lat'><strong>,</strong></span> <span class='ocrx_word' id='word_1_813' title='bbox 3322 4035 3368 4079; x_wconf 86' lang='lat' dir='ltr'><strong>et</strong></span> <span class='ocrx_word' id='word_1_814' title='bbox 3398 4035 3469 4080; x_wconf 92' lang='lat' dir='ltr'><strong>est</strong></span> <span class='ocrx_word' id='word_1_815' title='bbox 3498 4026 3735 4079; x_wconf 87' lang='lat' dir='ltr'><strong>delictum</strong></span> <span class='ocrx_word' id='word_1_816' title='bbox 3765 4027 3834 4077; x_wconf 88' lang='lat' dir='ltr'><strong>ad</strong></span> <span class='ocrx_word' id='word_1_817' title='bbox 3866 4043 4027 4079; x_wconf 62' lang='lat' dir='ltr'><strong>mor-</strong></span> 
     </span>
    </p>
   </div>
   <div class='ocr_carea' id='block_1_90' title="bbox 2420 4114 4034 4187">
    <p class='ocr_par' dir='ltr' id='par_1_90' title="bbox 2420 4114 4034 4187">
     <span class='ocr_line' id='line_1_90' title="bbox 2420 4114 4034 4187; baseline -0.002 -13"><span class='ocrx_word' id='word_1_818' title='bbox 2420 4130 2535 4174; x_wconf 89' lang='lat' dir='ltr'><strong>tem.</strong></span> <span class='ocrx_word' id='word_1_819' title='bbox 2586 4118 2789 4173; x_wconf 88' lang='lat' dir='ltr'><strong>Scimus</strong></span> <span class='ocrx_word' id='word_1_820' title='bbox 2817 4127 2986 4171; x_wconf 90' lang='lat' dir='ltr'><strong>autem</strong></span> <span class='ocrx_word' id='word_1_821' title='bbox 3011 4121 3147 4187; x_wconf 87' lang='lat' dir='ltr'><strong>quod</strong></span> <span class='ocrx_word' id='word_1_822' title='bbox 3169 4117 3333 4171; x_wconf 88' lang='lat' dir='ltr'><strong>onmis</strong></span> <span class='ocrx_word' id='word_1_823' title='bbox 3376 4118 3463 4186; x_wconf 84' lang='lat' dir='ltr'><strong>qui</strong></span> <span class='ocrx_word' id='word_1_824' title='bbox 3500 4132 3564 4169; x_wconf 78' lang='lat' dir='ltr'><strong>ea:</strong></span> <span class='ocrx_word' id='word_1_825' title='bbox 3593 4114 3699 4169; x_wconf 86' lang='lat' dir='ltr'><strong>Deo</strong></span> <span class='ocrx_word' id='word_1_826' title='bbox 3728 4127 3884 4169; x_wconf 85' lang='lat' dir='ltr'><strong>natus</strong></span> <span class='ocrx_word' id='word_1_827' title='bbox 3920 4119 3992 4171; x_wconf 87' lang='lat' dir='ltr'><strong>sit</strong></span> <span class='ocrx_word' id='word_1_828' title='bbox 4020 4162 4034 4182; x_wconf 95' lang='lat'><strong>,</strong></span> 
     </span>
    </p>
   </div>
   <div class='ocr_carea' id='block_1_91' title="bbox 2420 4206 4038 4280">
    <p class='ocr_par' dir='ltr' id='par_1_91' title="bbox 2420 4206 4038 4280">
     <span class='ocr_line' id='line_1_91' title="bbox 2420 4206 4038 4280; baseline -0.001 -16"><span class='ocrx_word' id='word_1_829' title='bbox 2420 4227 2519 4265; x_wconf 90' lang='lat' dir='ltr'><strong>non</strong></span> <span class='ocrx_word' id='word_1_830' title='bbox 2541 4210 2786 4278; x_wconf 84' lang='lat' dir='ltr'><strong>delinquit</strong></span> <span class='ocrx_word' id='word_1_831' title='bbox 2813 4209 2831 4280; x_wconf 94' lang='lat'><strong>(</strong></span> <span class='ocrx_word' id='word_1_832' title='bbox 2855 4209 2872 4262; x_wconf 95' lang='lat' dir='ltr'><strong>l</strong></span> <span class='ocrx_word' id='word_1_833' title='bbox 2896 4209 3075 4271; x_wconf 82' lang='lat' dir='ltr'><strong>Joan.,</strong></span> <span class='ocrx_word' id='word_1_834' title='bbox 3108 4206 3175 4273; x_wconf 68' lang='grc' dir='ltr'><strong>ν,</strong></span> <span class='ocrx_word' id='word_1_835' title='bbox 3207 4208 3271 4262; x_wconf 86' lang='grc'><strong>17</strong></span> <span class='ocrx_word' id='word_1_836' title='bbox 3298 4251 3313 4273; x_wconf 93' lang='lat'><strong>,</strong></span> <span class='ocrx_word' id='word_1_837' title='bbox 3349 4207 3414 4262; x_wconf 88' lang='grc'><strong>18</strong></span> <span class='ocrx_word' id='word_1_838' title='bbox 3447 4207 3502 4275; x_wconf 86' lang='grc'><strong>);</strong></span> <span class='ocrx_word' id='word_1_839' title='bbox 3532 4208 3732 4263; x_wconf 88' lang='lat' dir='ltr'><strong>scilicet</strong></span> <span class='ocrx_word' id='word_1_840' title='bbox 3763 4208 4038 4263; x_wconf 87' lang='lat' dir='ltr'><strong>delictum</strong></span> 
     </span>
    </p>
   </div>
   <div class='ocr_carea' id='block_1_92' title="bbox 2421 4300 4041 4371">
    <p class='ocr_par' dir='ltr' id='par_1_92' title="bbox 2421 4300 4041 4371">
     <span class='ocr_line' id='line_1_92' title="bbox 2421 4300 4041 4371; baseline -0.001 -15"><span class='ocrx_word' id='word_1_841' title='bbox 2421 4302 2560 4371; x_wconf 90' lang='lat' dir='ltr'><strong>quod</strong></span> <span class='ocrx_word' id='word_1_842' title='bbox 2592 4301 2657 4355; x_wconf 88' lang='lat' dir='ltr'><strong>ad</strong></span> <span class='ocrx_word' id='word_1_843' title='bbox 2686 4312 2912 4356; x_wconf 88' lang='lat' dir='ltr'><strong>mortem</strong></span> <span class='ocrx_word' id='word_1_844' title='bbox 2941 4310 3043 4355; x_wconf 89' lang='lat' dir='ltr'><strong>est.</strong></span> <span class='ocrx_word' id='word_1_845' title='bbox 3073 4300 3143 4354; x_wconf 91' lang='lat' dir='ltr'><strong>Ita</strong></span> <span class='ocrx_word' id='word_1_846' title='bbox 3169 4300 3297 4353; x_wconf 84' lang='lat' dir='ltr'><strong>nihil</strong></span> <span class='ocrx_word' id='word_1_847' title='bbox 3320 4300 3427 4370; x_wconf 87' lang='lat' dir='ltr'><strong>jam</strong></span> <span class='ocrx_word' id='word_1_848' title='bbox 3456 4310 3720 4370; x_wconf 47' lang='lat' dir='ltr'><strong>superest,</strong></span> <span class='ocrx_word' id='word_1_849' title='bbox 3747 4315 3919 4369; x_wconf 87' lang='lat' dir='ltr'><strong>quam</strong></span> <span class='ocrx_word' id='word_1_850' title='bbox 3944 4315 4041 4356; x_wconf 85' lang='lat' dir='ltr'><strong>aut</strong></span> 
     </span>
    </p>
   </div>
   <div class='ocr_carea' id='block_1_93' title="bbox 2422 4391 4041 4467">
    <p class='ocr_par' dir='ltr' id='par_1_93' title="bbox 2422 4391 4041 4467">
     <span class='ocr_line' id='line_1_93' title="bbox 2422 4391 4041 4467; baseline -0.002 -16"><span class='ocrx_word' id='word_1_851' title='bbox 2422 4413 2583 4467; x_wconf 86' lang='lat' dir='ltr'><strong>neges</strong></span> <span class='ocrx_word' id='word_1_852' title='bbox 2619 4394 2904 4449; x_wconf 76' lang='lat' dir='ltr'><strong>mmchiam</strong></span> <span class='ocrx_word' id='word_1_853' title='bbox 2935 4403 2983 4448; x_wconf 89' lang='lat' dir='ltr'><strong>cl</strong></span> <span class='ocrx_word' id='word_1_854' title='bbox 3029 4391 3435 4447; x_wconf 83' lang='lat' dir='ltr'><strong>fornicationem</strong></span> <span class='ocrx_word' id='word_1_855' title='bbox 3479 4393 3719 4446; x_wconf 82' lang='lat' dir='ltr'><strong>mortalia</strong></span> <span class='ocrx_word' id='word_1_856' title='bbox 3768 4406 3901 4446; x_wconf 85' lang='lat' dir='ltr'><strong>esse</strong></span> <span class='ocrx_word' id='word_1_857' title='bbox 3943 4395 4041 4449; x_wconf 81' lang='lat' dir='ltr'><strong>de-</strong></span> 
     </span>
    </p>
   </div>
   <div class='ocr_carea' id='block_1_94' title="bbox 2422 4484 4041 4555">
    <p class='ocr_par' dir='ltr' id='par_1_94' title="bbox 2422 4484 4041 4555">
     <span class='ocr_line' id='line_1_94' title="bbox 2422 4484 4041 4555; baseline -0.002 -13"><span class='ocrx_word' id='word_1_858' title='bbox 2422 4490 2561 4552; x_wconf 80' lang='lat' dir='ltr'><strong>licm,</strong></span> <span class='ocrx_word' id='word_1_859' title='bbox 2590 4497 2682 4540; x_wconf 86' lang='lat' dir='ltr'><strong>aut</strong></span> <span class='ocrx_word' id='word_1_860' title='bbox 2710 4486 3095 4541; x_wconf 83' lang='lat' dir='ltr'><strong>irremissibilia</strong></span> <span class='ocrx_word' id='word_1_861' title='bbox 3126 4484 3374 4551; x_wconf 82' lang='lat' dir='ltr'><strong>fatearis,</strong></span> <span class='ocrx_word' id='word_1_862' title='bbox 3409 4500 3504 4555; x_wconf 88' lang='lat' dir='ltr'><strong>pro</strong></span> <span class='ocrx_word' id='word_1_863' title='bbox 3533 4484 3725 4555; x_wconf 89' lang='lat' dir='ltr'><strong>quibus</strong></span> <span class='ocrx_word' id='word_1_864' title='bbox 3756 4499 3855 4539; x_wconf 88' lang='lat' dir='ltr'><strong>nec</strong></span> <span class='ocrx_word' id='word_1_865' title='bbox 3884 4488 4041 4540; x_wconf 87' lang='lat' dir='ltr'><strong>orari</strong></span> 
     </span>
    </p>
   </div>
   <div class='ocr_carea' id='block_1_95' title="bbox 2424 4583 2777 4652">
    <p class='ocr_par' dir='ltr' id='par_1_95' title="bbox 2424 4583 2777 4652">
     <span class='ocr_line' id='line_1_95' title="bbox 2424 4583 2777 4652; baseline -0.006 -15"><span class='ocrx_word' id='word_1_866' title='bbox 2424 4583 2777 4652; x_wconf 87' lang='lat' dir='ltr'><strong>permittitur.</strong></span> 
     </span>
    </p>
   </div>
   <div class='ocr_carea' id='block_1_96' title="bbox 3005 4670 3413 4728">
    <p class='ocr_par' dir='ltr' id='par_1_96' title="bbox 3005 4670 3413 4728">
     <span class='ocr_line' id='line_1_96' title="bbox 3005 4670 3413 4728; baseline -0.005 0"><span class='ocrx_word' id='word_1_867' title='bbox 3005 4670 3232 4728; x_wconf 80' lang='lat' dir='ltr'><strong>CAPUT</strong></span> <span class='ocrx_word' id='word_1_868' title='bbox 3289 4670 3413 4726; x_wconf 76' lang='lat' dir='ltr'><strong>XX.</strong></span> 
     </span>
    </p>
   </div>
   <div class='ocr_carea' id='block_1_97' title="bbox 2494 4763 4045 4836">
    <p class='ocr_par' dir='ltr' id='par_1_97' title="bbox 2494 4763 4045 4836">
     <span class='ocr_line' id='line_1_97' title="bbox 2494 4763 4045 4836; baseline -0.002 -14"><span class='ocrx_word' id='word_1_869' title='bbox 2494 4768 2774 4836; x_wconf 83' lang='lat' dir='ltr'><strong>Disciplina</strong></span> <span class='ocrx_word' id='word_1_870' title='bbox 2806 4766 2965 4832; x_wconf 84' lang='lat' dir='ltr'><strong>igitur</strong></span> <span class='ocrx_word' id='word_1_871' title='bbox 3009 4764 3390 4835; x_wconf 84' lang='lat' dir='ltr'><strong>Apostolorqu</strong></span> <span class='ocrx_word' id='word_1_872' title='bbox 3433 4765 3649 4833; x_wconf 91' lang='lat' dir='ltr'><strong>proprie</strong></span> <span class='ocrx_word' id='word_1_873' title='bbox 3688 4763 3913 4833; x_wconf 86' lang='lat' dir='ltr'><strong>quidem</strong></span> <span class='ocrx_word' id='word_1_874' title='bbox 3962 4767 4045 4819; x_wconf 86' lang='lat' dir='ltr'><strong>in-</strong></span> 
     </span>
    </p>
   </div>
   <div class='ocr_carea' id='block_1_98' title="bbox 2419 4856 4045 4926">
    <p class='ocr_par' dir='ltr' id='par_1_98' title="bbox 2419 4856 4045 4926">
     <span class='ocr_line' id='line_1_98' title="bbox 2419 4856 4045 4926; baseline -0.003 -10"><span class='ocrx_word' id='word_1_875' title='bbox 2419 4863 2578 4916; x_wconf 90' lang='lat' dir='ltr'><strong>struit</strong></span> <span class='ocrx_word' id='word_1_876' title='bbox 2623 4876 2683 4915; x_wconf 92' lang='lat' dir='ltr'><strong>ac</strong></span> <span class='ocrx_word' id='word_1_877' title='bbox 2732 4859 3054 4914; x_wconf 86' lang='lat' dir='ltr'><strong>determinat</strong></span> <span class='ocrx_word' id='word_1_878' title='bbox 3100 4856 3462 4926; x_wconf 85' lang='lat' dir='ltr'><strong>principaliter</strong></span> <span class='ocrx_word' id='word_1_879' title='bbox 3509 4857 3805 4911; x_wconf 81' lang='lat' dir='ltr'><strong>sanctitatis</strong></span> <span class='ocrx_word' id='word_1_880' title='bbox 3847 4858 4045 4911; x_wconf 72' lang='lat' dir='ltr'><strong>oannis</strong></span> 
     </span>
    </p>
   </div>
   <div class='ocr_carea' id='block_1_99' title="bbox 2422 4946 4045 5025">
    <p class='ocr_par' dir='ltr' id='par_1_99' title="bbox 2422 4946 4045 5025">
     <span class='ocr_line' id='line_1_99' title="bbox 2422 4946 4045 5025; baseline -0.004 -18"><span class='ocrx_word' id='word_1_881' title='bbox 2422 4969 2543 5025; x_wconf 84' lang='lat' dir='ltr'><strong>erga</strong></span> <span class='ocrx_word' id='word_1_882' title='bbox 2572 4952 2842 5024; x_wconf 70' lang='lat' dir='ltr'><strong>(templum</strong></span> <span class='ocrx_word' id='word_1_883' title='bbox 2872 4948 2965 5005; x_wconf 88' lang='lat' dir='ltr'><strong>Dei</strong></span> <span class='ocrx_word' id='word_1_884' title='bbox 3015 4950 3355 5017; x_wconf 64' lang='lat' dir='ltr'><strong>antistitem},</strong></span> <span class='ocrx_word' id='word_1_885' title='bbox 3386 4958 3440 5003; x_wconf 92' lang='lat' dir='ltr'><strong>et</strong></span> <span class='ocrx_word' id='word_1_886' title='bbox 3470 4948 3666 5017; x_wconf 86' lang='lat' dir='ltr'><strong>ubique</strong></span> <span class='ocrx_word' id='word_1_887' title='bbox 3690 4947 3757 5002; x_wconf 92' lang='lat' dir='ltr'><strong>de</strong></span> <span class='ocrx_word' id='word_1_888' title='bbox 3784 4946 4045 5003; x_wconf 78' lang='lat' dir='ltr'><strong>Ecclesia</strong></span> 
     </span>
    </p>
   </div>
   <div class='ocr_carea' id='block_1_100' title="bbox 2424 5039 4048 5111">
    <p class='ocr_par' dir='ltr' id='par_1_100' title="bbox 2424 5039 4048 5111">
     <span class='ocr_line' id='line_1_100' title="bbox 2424 5039 4048 5111; baseline -0.002 -10"><span class='ocrx_word' id='word_1_889' title='bbox 2424 5046 2785 5101; x_wconf 80' lang='lat' dir='ltr'><strong>cratlieautem</strong></span> <span class='ocrx_word' id='word_1_890' title='bbox 2838 5057 3000 5098; x_wconf 89' lang='lat' dir='ltr'><strong>omne</strong></span> <span class='ocrx_word' id='word_1_891' title='bbox 3040 5042 3380 5111; x_wconf 83' lang='lat' dir='ltr'><strong>sacrilegium</strong></span> <span class='ocrx_word' id='word_1_892' title='bbox 3436 5040 3701 5110; x_wconf 69' lang='lat' dir='ltr'><strong>pudicitiae</strong></span> <span class='ocrx_word' id='word_1_893' title='bbox 3748 5039 3873 5110; x_wconf 70' lang='grc' dir='ltr'><strong>(ὅ),</strong></span> <span class='ocrx_word' id='word_1_894' title='bbox 3920 5043 4048 5097; x_wconf 84' lang='lat' dir='ltr'><strong>sine</strong></span> 
     </span>
    </p>
   </div>
   <div class='ocr_carea' id='block_1_101' title="bbox 1944 5156 2773 5219">
    <p class='ocr_par' dir='ltr' id='par_1_101' title="bbox 1944 5156 2773 5219">
     <span class='ocr_line' id='line_1_101' title="bbox 1944 5156 2773 5219; baseline -0.002 -7"><span class='ocrx_word' id='word_1_895' title='bbox 1944 5156 2323 5219; x_wconf 81' lang='lat' dir='ltr'><strong>LECTIONES</strong></span> <span class='ocrx_word' id='word_1_896' title='bbox 2362 5157 2666 5218; x_wconf 80' lang='lat' dir='ltr'><strong>VARIANT</strong></span> <span class='ocrx_word' id='word_1_897' title='bbox 2675 5157 2773 5211; x_wconf 86' lang='lat' dir='ltr'><strong>ES.</strong></span> 
     </span>
    </p>
   </div>
   <div class='ocr_carea' id='block_1_102' title="bbox 813 5265 1829 5393">
    <p class='ocr_par' dir='ltr' id='par_1_102' title="bbox 813 5265 1829 5393">
     <span class='ocr_line' id='line_1_102' title="bbox 813 5265 1829 5393; baseline 0.006 -17"><span class='ocrx_word' id='word_1_898' title='bbox 813 5266 864 5391; x_wconf 51' lang='lat' dir='ltr'><strong>ii</strong></span> <span class='ocrx_word' id='word_1_899' title='bbox 896 5265 1486 5393; x_wconf 57' lang='grc' dir='ltr'><strong>ὶιὲῗιῗιξέἰιιίε</strong></span> <span class='ocrx_word' id='word_1_900' title='bbox 1512 5331 1701 5382; x_wconf 81' lang='lat' dir='ltr'><strong>Wouw.</strong></span> <span class='ocrx_word' id='word_1_901' title='bbox 1720 5332 1829 5383; x_wconf 89' lang='lat' dir='ltr'><strong>cod.</strong></span> 
     </span>
    </p>
   </div>
   <div class='ocr_carea' id='block_1_103' title="bbox 2486 5271 3041 5338">
    <p class='ocr_par' dir='ltr' id='par_1_103' title="bbox 2486 5271 3041 5338">
     <span class='ocr_line' id='line_1_103' title="bbox 2486 5271 3041 5338; baseline -0.011 -14"><span class='ocrx_word' id='word_1_902' title='bbox 2486 5272 2561 5338; x_wconf 70' lang='grc' dir='ltr'><strong>(δ)</strong></span> <span class='ocrx_word' id='word_1_903' title='bbox 2593 5271 2913 5337; x_wconf 76' lang='lat' dir='ltr'><strong>lmpudicitite</strong></span> <span class='ocrx_word' id='word_1_904' title='bbox 2940 5271 3041 5319; x_wconf 88' lang='lat' dir='ltr'><strong>Lat.</strong></span> 
     </span>
    </p>
   </div>
   <div class='ocr_carea' id='block_1_104' title="bbox 2068 5464 2629 5525">
    <p class='ocr_par' dir='ltr' id='par_1_104' title="bbox 2068 5464 2629 5525">
     <span class='ocr_line' id='line_1_104' title="bbox 2068 5464 2629 5525; baseline 0.002 -5"><span class='ocrx_word' id='word_1_905' title='bbox 2068 5464 2629 5525; x_wconf 80' lang='lat' dir='ltr'><strong>COMMENTARIUS.</strong></span> 
     </span>
    </p>
   </div>
   <div class='ocr_carea' id='block_1_105' title="bbox 788 5578 2314 5705">
    <p class='ocr_par' dir='ltr' id='par_1_105' title="bbox 788 5578 2314 5705">
     <span class='ocr_line' id='line_1_105' title="bbox 788 5578 2314 5705; baseline 0.003 -72"><span class='ocrx_word' id='word_1_906' title='bbox 788 5579 873 5705; x_wconf 48' lang='lat' dir='ltr'><strong>fa)</strong></span> <span class='ocrx_word' id='word_1_907' title='bbox 899 5578 966 5634; x_wconf 84' lang='lat' dir='ltr'><strong>In</strong></span> <span class='ocrx_word' id='word_1_908' title='bbox 994 5581 1226 5653; x_wconf 81' lang='lat' dir='ltr'><strong>negotiis,</strong></span> <span class='ocrx_word' id='word_1_909' title='bbox 1248 5581 1302 5635; x_wconf 85' lang='lat' dir='ltr'><strong>in</strong></span> <span class='ocrx_word' id='word_1_910' title='bbox 1329 5580 1524 5652; x_wconf 74' lang='lat' dir='ltr'><strong>officiis,</strong></span> <span class='ocrx_word' id='word_1_911' title='bbox 1553 5582 1605 5636; x_wconf 88' lang='lat' dir='ltr'><strong>in</strong></span> <span class='ocrx_word' id='word_1_912' title='bbox 1626 5592 1840 5653; x_wconf 57' lang='lat' dir='ltr'><strong>questu.</strong></span> <span class='ocrx_word' id='word_1_913' title='bbox 1865 5582 2001 5639; x_wconf 80' lang='lat' dir='ltr'><strong>Hinc</strong></span> <span class='ocrx_word' id='word_1_914' title='bbox 2021 5582 2182 5653; x_wconf 75' lang='lat' dir='ltr'><strong>igitur</strong></span> <span class='ocrx_word' id='word_1_915' title='bbox 2203 5599 2314 5638; x_wconf 84' lang='lat' dir='ltr'><strong>ma-</strong></span> 
     </span>
     <span class='ocr_line' id='line_1_106' title="bbox 810 5653 2314 5705; baseline 0 0"><span class='ocrx_word' id='word_1_916' title='bbox 810 5662 980 5705; x_wconf 80' lang='lat' dir='ltr'><strong>estum</strong></span> <span class='ocrx_word' id='word_1_917' title='bbox 1008 5662 1091 5705; x_wconf 88' lang='lat' dir='ltr'><strong>est</strong></span> <span class='ocrx_word' id='word_1_918' title='bbox 1119 5653 1277 5705; x_wconf 88' lang='lat' dir='ltr'><strong>etiam</strong></span> <span class='ocrx_word' id='word_1_919' title='bbox 1311 5654 1512 5705; x_wconf 70' lang='lat' dir='ltr'><strong>nriscos</strong></span> <span class='ocrx_word' id='word_1_920' title='bbox 1538 5653 1656 5705; x_wconf 87' lang='lat' dir='ltr'><strong>illos</strong></span> <span class='ocrx_word' id='word_1_921' title='bbox 1684 5653 2037 5705; x_wconf 83' lang='lat' dir='ltr'><strong>Christianos.</strong></span> <span class='ocrx_word' id='word_1_922' title='bbox 2066 5654 2314 5705; x_wconf 82' lang='lat' dir='ltr'><strong>homines</strong></span> 
     </span>
    </p>
   </div>
   <div class='ocr_carea' id='block_1_106' title="bbox 729 5652 2315 5720">
    <p class='ocr_par' dir='ltr' id='par_1_106' title="bbox 729 5652 2315 5720">
     <span class='ocr_line' id='line_1_107' title="bbox 729 5652 2315 5720; baseline 0.004 -14"><span class='ocrx_word' id='word_1_923' title='bbox 729 5652 980 5706; x_wconf 81' lang='lat' dir='ltr'><strong>uil&#39;esmm</strong></span> <span class='ocrx_word' id='word_1_924' title='bbox 1008 5652 1091 5707; x_wconf 88' lang='lat' dir='ltr'><strong>est</strong></span> <span class='ocrx_word' id='word_1_925' title='bbox 1119 5653 1277 5708; x_wconf 88' lang='lat' dir='ltr'><strong>etiam</strong></span> <span class='ocrx_word' id='word_1_926' title='bbox 1311 5654 1512 5720; x_wconf 72' lang='lat' dir='ltr'><strong>priscos</strong></span> <span class='ocrx_word' id='word_1_927' title='bbox 1538 5652 1656 5707; x_wconf 85' lang='lat' dir='ltr'><strong>illos</strong></span> <span class='ocrx_word' id='word_1_928' title='bbox 1684 5652 2315 5718; x_wconf 81' lang='lat' dir='ltr'><strong>Christianos,homines</strong></span> 
     </span>
    </p>
   </div>
   <div class='ocr_carea' id='block_1_107' title="bbox 726 5722 2311 5851">
    <p class='ocr_par' dir='ltr' id='par_1_107' title="bbox 726 5722 2311 5851">
     <span class='ocr_line' id='line_1_108' title="bbox 726 5722 2311 5851; baseline 0.002 -74"><span class='ocrx_word' id='word_1_929' title='bbox 726 5722 889 5778; x_wconf 82' lang='lat' dir='ltr'><strong>fuisse</strong></span> <span class='ocrx_word' id='word_1_930' title='bbox 914 5763 928 5785; x_wconf 93' lang='lat'><strong>,</strong></span> <span class='ocrx_word' id='word_1_931' title='bbox 975 5737 1167 5795; x_wconf 88' lang='lat' dir='ltr'><strong>nempe</strong></span> <span class='ocrx_word' id='word_1_932' title='bbox 1198 5722 1597 5779; x_wconf 82' lang='lat' dir='ltr'><strong>humanioribus</strong></span> <span class='ocrx_word' id='word_1_933' title='bbox 1627 5724 1739 5779; x_wconf 84' lang='lat' dir='ltr'><strong>istis</strong></span> <span class='ocrx_word' id='word_1_934' title='bbox 1770 5726 2311 5851; x_wconf 43' lang='lat' dir='ltr'><strong>peccatisliibnoxios.</strong></span> 
     </span>
     <span class='ocr_line' id='line_1_109' title="bbox 2059 5813 2125 5851; baseline 0 0"><span class='ocrx_word' id='word_1_935' title='bbox 2059 5813 2125 5851; x_wconf 82' lang='lat' dir='ltr'><strong>to.</strong></span> 
     </span>
    </p>
   </div>
   <div class='ocr_carea' id='block_1_108' title="bbox 800 5813 2315 5933">
    <p class='ocr_par' dir='ltr' id='par_1_108' title="bbox 800 5813 2315 5933">
     <span class='ocr_line' id='line_1_110' title="bbox 800 5813 2315 5933; baseline 0.005 -18"><span class='ocrx_word' id='word_1_936' title='bbox 800 5862 880 5933; x_wconf 87' lang='lat' dir='ltr'><strong>(b)</strong></span> <span class='ocrx_word' id='word_1_937' title='bbox 912 5862 1111 5921; x_wconf 84' lang='lat' dir='ltr'><strong>Harum</strong></span> <span class='ocrx_word' id='word_1_938' title='bbox 1141 5865 1275 5920; x_wconf 87' lang='lat' dir='ltr'><strong>ultra</strong></span> <span class='ocrx_word' id='word_1_939' title='bbox 1312 5878 1544 5921; x_wconf 70' lang='lat' dir='ltr'><strong>exorator</strong></span> <span class='ocrx_word' id='word_1_940' title='bbox 1572 5883 1670 5920; x_wconf 88' lang='lat' dir='ltr'><strong>non</strong></span> <span class='ocrx_word' id='word_1_941' title='bbox 1706 5868 1800 5921; x_wconf 82' lang='lat' dir='ltr'><strong>erit</strong></span> <span class='ocrx_word' id='word_1_942' title='bbox 1830 5813 2315 5923; x_wconf 49' lang='lat' dir='ltr'><strong>Cllt&#39;lsltllil.c.llllma-</strong></span> 
     </span>
    </p>
   </div>
   <div class='ocr_carea' id='block_1_109' title="bbox 728 5933 2314 6011">
    <p class='ocr_par' dir='ltr' id='par_1_109' title="bbox 728 5933 2314 6011">
     <span class='ocr_line' id='line_1_111' title="bbox 728 5933 2314 6011; baseline 0.001 -19"><span class='ocrx_word' id='word_1_943' title='bbox 728 5935 848 5992; x_wconf 89' lang='lat' dir='ltr'><strong>nior</strong></span> <span class='ocrx_word' id='word_1_944' title='bbox 868 5933 964 5991; x_wconf 83' lang='lat' dir='ltr'><strong>fuit</strong></span> <span class='ocrx_word' id='word_1_945' title='bbox 990 5937 1267 6009; x_wconf 81' lang='lat' dir='ltr'><strong>Augustini</strong></span> <span class='ocrx_word' id='word_1_946' title='bbox 1294 5940 1580 6008; x_wconf 86' lang='lat' dir='ltr'><strong>sententia,</strong></span> <span class='ocrx_word' id='word_1_947' title='bbox 1620 5938 1709 5995; x_wconf 89' lang='lat' dir='ltr'><strong>lib.</strong></span> <span class='ocrx_word' id='word_1_948' title='bbox 1742 5939 1805 5994; x_wconf 84' lang='lat' dir='ltr'><strong>de</strong></span> <span class='ocrx_word' id='word_1_949' title='bbox 1833 5938 1965 5994; x_wconf 82' lang='lat' dir='ltr'><strong>Fide</strong></span> <span class='ocrx_word' id='word_1_950' title='bbox 1993 5950 2038 5995; x_wconf 87' lang='lat' dir='ltr'><strong>et</strong></span> <span class='ocrx_word' id='word_1_951' title='bbox 2059 5940 2314 6011; x_wconf 84' lang='lat' dir='ltr'><strong>operibus.</strong></span> 
     </span>
    </p>
   </div>
   <div class='ocr_carea' id='block_1_110' title="bbox 2420 5585 4046 5657">
    <p class='ocr_par' dir='ltr' id='par_1_110' title="bbox 2420 5585 4046 5657">
     <span class='ocr_line' id='line_1_112' title="bbox 2420 5585 4046 5657; baseline -0.002 -16"><span class='ocrx_word' id='word_1_952' title='bbox 2420 5585 2550 5641; x_wconf 83' lang='lat' dir='ltr'><strong>Nam</strong></span> <span class='ocrx_word' id='word_1_953' title='bbox 2589 5595 2642 5641; x_wconf 90' lang='lat' dir='ltr'><strong>et</strong></span> <span class='ocrx_word' id='word_1_954' title='bbox 2677 5585 2759 5640; x_wconf 88' lang='lat' dir='ltr'><strong>his</strong></span> <span class='ocrx_word' id='word_1_955' title='bbox 2786 5586 3147 5653; x_wconf 63' lang='lat' dir='ltr'><strong>paenitentiam</strong></span> <span class='ocrx_word' id='word_1_956' title='bbox 3183 5600 3286 5639; x_wconf 85' lang='lat' dir='ltr'><strong>non</strong></span> <span class='ocrx_word' id='word_1_957' title='bbox 3327 5594 3524 5657; x_wconf 86' lang='lat' dir='ltr'><strong>negat:</strong></span> <span class='ocrx_word' id='word_1_958' title='bbox 3561 5585 3659 5652; x_wconf 87' lang='lat' dir='ltr'><strong>Qui</strong></span> <span class='ocrx_word' id='word_1_959' title='bbox 3690 5596 3869 5641; x_wconf 86' lang='lat' dir='ltr'><strong>autem</strong></span> <span class='ocrx_word' id='word_1_960' title='bbox 3910 5593 4046 5657; x_wconf 74' lang='lat' dir='ltr'><strong>api-</strong></span> 
     </span>
    </p>
   </div>
   <div class='ocr_carea' id='block_1_111' title="bbox 2420 5658 4053 5729">
    <p class='ocr_par' dir='ltr' id='par_1_111' title="bbox 2420 5658 4053 5729">
     <span class='ocr_line' id='line_1_113' title="bbox 2420 5658 4053 5729; baseline 0.001 -17"><span class='ocrx_word' id='word_1_961' title='bbox 2420 5670 2642 5721; x_wconf 88' lang='lat' dir='ltr'><strong>nantur,</strong></span> <span class='ocrx_word' id='word_1_962' title='bbox 2690 5658 2891 5727; x_wconf 88' lang='lat' dir='ltr'><strong>inquit,</strong></span> <span class='ocrx_word' id='word_1_963' title='bbox 2925 5668 2969 5711; x_wconf 88' lang='lat' dir='ltr'><strong>et</strong></span> <span class='ocrx_word' id='word_1_964' title='bbox 2998 5667 3180 5712; x_wconf 74' lang='lat' dir='ltr'><strong>uetera</strong></span> <span class='ocrx_word' id='word_1_965' title='bbox 3211 5658 3542 5729; x_wconf 81' lang='lat' dir='ltr'><strong>cleemosynis</strong></span> <span class='ocrx_word' id='word_1_966' title='bbox 3582 5660 3734 5728; x_wconf 73' lang='lat' dir='ltr'><strong>facite</strong></span> <span class='ocrx_word' id='word_1_967' title='bbox 3784 5674 4053 5729; x_wconf 75' lang='lat' dir='ltr'><strong>compen-</strong></span> 
     </span>
    </p>
   </div>
   <div class='ocr_carea' id='block_1_112' title="bbox 2420 5728 4052 5796">
    <p class='ocr_par' dir='ltr' id='par_1_112' title="bbox 2420 5728 4052 5796">
     <span class='ocr_line' id='line_1_114' title="bbox 2420 5728 4052 5796; baseline 0 -11"><span class='ocrx_word' id='word_1_968' title='bbox 2420 5731 2524 5785; x_wconf 81' lang='lat' dir='ltr'><strong>sari</strong></span> <span class='ocrx_word' id='word_1_969' title='bbox 2547 5771 2563 5794; x_wconf 94' lang='lat'><strong>,</strong></span> <span class='ocrx_word' id='word_1_970' title='bbox 2597 5730 2695 5783; x_wconf 90' lang='lat' dir='ltr'><strong>tria</strong></span> <span class='ocrx_word' id='word_1_971' title='bbox 2721 5740 2891 5782; x_wconf 85' lang='lat' dir='ltr'><strong>tamen</strong></span> <span class='ocrx_word' id='word_1_972' title='bbox 2916 5730 3179 5796; x_wconf 88' lang='lat' dir='ltr'><strong>mortifera</strong></span> <span class='ocrx_word' id='word_1_973' title='bbox 3208 5745 3313 5782; x_wconf 85' lang='lat' dir='ltr'><strong>esse</strong></span> <span class='ocrx_word' id='word_1_974' title='bbox 3338 5746 3439 5781; x_wconf 89' lang='lat' dir='ltr'><strong>non</strong></span> <span class='ocrx_word' id='word_1_975' title='bbox 3467 5728 3695 5782; x_wconf 86' lang='lat' dir='ltr'><strong>dubitent</strong></span> <span class='ocrx_word' id='word_1_976' title='bbox 3721 5746 3848 5783; x_wconf 70' lang='lat' dir='ltr'><strong>exeo</strong></span> <span class='ocrx_word' id='word_1_977' title='bbox 3864 5728 4052 5785; x_wconf 23' lang='lat' dir='ltr'><strong>in’iuuo</strong></span> 
     </span>
    </p>
   </div>
   <div class='ocr_carea' id='block_1_113' title="bbox 2422 5799 4053 5875">
    <p class='ocr_par' dir='ltr' id='par_1_113' title="bbox 2422 5799 4053 5875">
     <span class='ocr_line' id='line_1_115' title="bbox 2422 5799 4053 5875; baseline 0.002 -22"><span class='ocrx_word' id='word_1_978' title='bbox 2422 5802 2671 5875; x_wconf 66' lang='lat' dir='ltr'><strong>nicatione</strong></span> <span class='ocrx_word' id='word_1_979' title='bbox 2691 5843 2711 5875; x_wconf 83' lang='lat'><strong>,_</strong></span> <span class='ocrx_word' id='word_1_980' title='bbox 2739 5801 2906 5875; x_wconf 82' lang='lat' dir='ltr'><strong>donec</strong></span> <span class='ocrx_word' id='word_1_981' title='bbox 2938 5799 3230 5875; x_wconf 72' lang='lat' dir='ltr'><strong>paenitentia</strong></span> <span class='ocrx_word' id='word_1_982' title='bbox 3259 5800 3527 5875; x_wconf 77' lang='lat' dir='ltr'><strong>humiliore</strong></span> <span class='ocrx_word' id='word_1_983' title='bbox 3570 5812 3781 5855; x_wconf 83' lang='lat' dir='ltr'><strong>sanetur</strong></span> <span class='ocrx_word' id='word_1_984' title='bbox 3801 5842 3813 5865; x_wconf 95' lang='lat'><strong>,</strong></span> <span class='ocrx_word' id='word_1_985' title='bbox 3855 5802 4053 5875; x_wconf 73' lang='grc' dir='ltr'><strong>ξηιρκ-</strong></span> 
     </span>
    </p>
   </div>
   <div class='ocr_carea' id='block_1_114' title="bbox 2423 5870 3598 5940">
    <p class='ocr_par' dir='ltr' id='par_1_114' title="bbox 2423 5870 3598 5940">
     <span class='ocr_line' id='line_1_116' title="bbox 2423 5870 3598 5940; baseline 0.004 -14"><span class='ocrx_word' id='word_1_986' title='bbox 2423 5872 2668 5937; x_wconf 84' lang='lat' dir='ltr'><strong>dicitiam,</strong></span> <span class='ocrx_word' id='word_1_987' title='bbox 2696 5871 3064 5940; x_wconf 84' lang='lat' dir='ltr'><strong>idololatriam,</strong></span> <span class='ocrx_word' id='word_1_988' title='bbox 3094 5870 3444 5927; x_wconf 87' lang='lat' dir='ltr'><strong>homicidium.</strong></span> <span class='ocrx_word' id='word_1_989' title='bbox 3475 5871 3598 5931; x_wconf 79' lang='lat' dir='ltr'><strong>llic.</strong></span> 
     </span>
    </p>
   </div>
  </div>
