4220 6492
186 415 319 477 1021

1474 428 1676 486 LIBER
1716 428 1808 485 DE
1831 428 2193 488 PUDICITIA.

3346 432 3485 492 1022

186 537 291 589 ulla
336 537 691 595 restitutionis
737 538 1030 597 mentione.
1064 540 1198 596 Volo
1246 551 1420 598 tamen
1469 542 1548 620 (t)
1594 559 1657 598 ex
1700 560 1779 600 re-
1813 548 1859 606 A
1893 547 2087 600 minem
2119 547 2186 601 de
2234 548 2456 617 pristino
2496 550 2676 604 carnis
2708 549 2887 605 habitu
2926 550 2977 606 in
3009 549 3295 609 candorem
3328 553 3482 621 ﬁdei,

183 630 476 688 dundantia
525 634 606 705 (a)
657 635 881 705 alicujus
926 637 1087 691 etiam
1133 639 1349 693 comitis
1397 638 1776 707 Apostolorum

185 725 549 779 testimonium
596 727 993 796 snperdnccre,
1029 728 1275 783 idoneum
1319 730 1671 785 conﬁrmandi
1715 729 1779 788 de

184 817 432 885 proximo
453 819 574 888 jure
602 818 937 890 disciplinam
971 822 1370 890 magistrorum.
1424 822 1609 877 Exstat
1637 824 1777 877 enim

184 918 236 962 et
262 908 519 963 Barnabre
548 910 734 965 titulus
760 912 824 965 ad
858 911 1117 967 Hebraeos
1141 954 1154 976 ,
1202 913 1339 968 adeo
1376 916 1506 967 satis
1549 915 1782 969 aucturi-

184 1004 306 1057 tatis
338 1005 452 1056 viro
474 1003 587 1075 (2),
623 1014 681 1059 ut
704 1021 861 1075 quem
889 1006 1244 1075 Paulusjuxta
1279 1022 1336 1061 se
1358 1007 1697 1063 constituerit
1730 1009 1780 1063 itt

183 1095 519 1150 abstinentim
552 1107 737 1152 tenore
767 1117 777 1151 :
805 1102 903 1153 Ant
930 1116 1023 1170 ego
1044 1101 1181 1153 solus
1203 1110 1250 1153 et
1272 1099 1535 1154 Barnabas
1562 1117 1659 1153 non
1684 1102 1781 1154 ha-

182 1186 354 1241 bemus
375 1188 468 1241 hoc
489 1187 568 1260 (3)
591 1191 837 1259 operandi
858 1201 1151 1259 potestatem
1176 1191 1218 1264 (Ι
1236 1191 1350 1246 Cor.
1364 1233 1378 1256 ,
1400 1191 1491 1255 IX,
1511 1192 1543 1246 ϐ
1572 1192 1615 1261 )?
1630 1192 1702 1262 (η)
1721 1193 1783 1247 Et

185 1276 368 1347 utique
425 1279 691 1347 reccptior
742 1281 885 1350 apud
930 1282 1195 1338 Ecclesiis
1246 1283 1486 1353 Epistola
1521 1284 1782 1338 Brtl‘llttbm

181 1366 254 1439 (c)
296 1368 387 1423 illo
416 1371 726 1441 apocrypha
770 1372 990 1427 Pastori:
1023 1375 1379 1430 tnmcborum.
1428 1376 1648 1431 Monens
1689 1376 1784 1429 ita-

184 1475 291 1529 que
322 1461 636 1535 discipulos,
669 1464 882 1521 omissis
912 1467 1162 1522 omnibus
1188 1469 1373 1536 initiis,
1409 1470 1473 1523 ad
1508 1471 1785 1540 perfectio.

183 1569 307 1608 nem
342 1556 509 1625 magis
540 1556 761 1613 tendere
786 1601 800 1625 ,
850 1575 949 1614 nec
991 1575 1176 1615 rursus
1217 1561 1560 1617 lundamenta
1610 1564 1780 1633 parui.

184 1645 367 1700 tentia:
409 1647 588 1716 jacere
646 1649 713 1704 ab
756 1652 1008 1719 operibus
1075 1663 1407 1709 mortuorum
1465 1674 1477 1709 :
1537 1654 1784 1724 lntpossi-

181 1736 282 1791 bile
318 1749 389 1791 est
430 1741 596 1804 enim,
639 1741 843 1811 inquit,
885 1760 970 1797 eos
1008 1745 1091 1812 qui
1135 1746 1288 1813 semel
1326 1746 1613 1799 iuluutinati
1647 1758 1784 1811 sunt,

178 1838 228 1882 et
246 1832 437 1883 donum
453 1830 647 1884 ca‘leslc
663 1842 1059 1903 gustaverauLet
1079 1837 1213 1903 parti
1218 1837 1513 1908 ripauerunt
1537 1837 1573 1890 S
1581 1839 1787 1912 pii-itum

1888 655 2007 709 qua
2042 641 2220 694 \‘lllllllt
2250 651 2302 695 et
2332 642 2537 696 macula
2566 643 2865 698 ωειίιιιειιυι·
2896 645 2947 698 in
2979 645 3209 711 smculo,
3239 655 3294 701 et
3316 655 3483 699 totum

1889 744 2148 787 novatum
2198 734 2452 789 mundum
2504 737 2670 790 voluit
2703 737 2948 807 intelligi,
3002 738 3089 807 qui
3132 738 3241 807 jam
3274 754 3376 791 non
3419 739 3487 791 sit

1887 826 2088 891 varius,
2126 841 2229 879 non
2265 828 2332 881 sit
2362 826 2429 882 dc
2457 828 2683 896 pristino
2704 838 2754 882 ct
2782 845 2920 882 novo
2950 830 3252 898 adspersus.
3280 829 3334 885 Si
3360 845 3486 885 vero

1888 928 2008 986 post
2062 918 2408 973 abolitionem
2460 921 2512 973 in
2562 929 2878 975 vetustatem
2925 920 3124 990 aliquid
3175 937 3240 976 ex
3284 921 3367 975 illa
3398 937 3485 976 re-

1890 1009 2103 1073 vixerit,
2135 1024 2346 1062 rursum
2378 1010 2430 1063 itt
2460 1024 2622 1064 carne
2650 1011 2768 1079 ejus
2796 1011 2935 1081 quod
2964 1020 3267 1067 emortuum
3294 1010 3487 1066 delicto

1889 1099 2202 1163 habebatur,
2236 1100 2568 1154 imuunultnu
2593 1100 2844 1172 judicari,
2872 1117 2971 1157 nec
2992 1103 3195 1171 expiari
3223 1103 3335 1172 jam
3356 1120 3380 1153 a
3403 1118 3488 1157 sa-

1887 1194 2129 1250 cerdOte.
2164 1193 2495 1249 ltamwcbia
2526 1196 2593 1248 de
2641 1196 2863 1264 pristino
2892 1196 3121 1249 recidiva
3155 1205 3207 1250 et
3238 1196 3484 1250 unitatem

1890 1287 2010 1338 novi
2044 1284 2264 1349 coloris,
2296 1301 2323 1339 a
2345 1301 2450 1355 quo
2477 1284 2651 1340 fuerat
2682 1286 2920 1352 exclusa,
2949 1287 3367 1350 cottintaettlans,
3392 1288 3489 1340 itit-

1889 1377 2194 1432 mnndabile
2224 1386 2305 1433 est
2329 1378 2536 1431 vitium.
2575 1377 2702 1431 Item
2733 1377 2799 1432 de
2821 1378 2983 1431 domn
3016 1397 3027 1431 :
3062 1378 3119 1432 Si
3138 1394 3251 1445 qua:
3277 1379 3491 1433 macula:

1888 1479 1933 1520 et
1965 1469 2261 1523 cavositates
2310 1469 2633 1521 annuutiata:
2673 1469 2723 1521 in
2762 1468 3041 1538 parietibus
3065 1469 3315 1523 sacerdoti
3358 1470 3489 1538 [uis-

1889 1569 2019 1622 seut,
2053 1560 2349 1629 priusquam
2378 1559 2610 1613 introiret
2643 1560 2711 1611 ad
2755 1560 3121 1629 inspiciendam
3167 1576 3309 1622 eam,
3347 1561 3490 1630 jubet

1890 1653 2085 1721 auferri
2116 1652 2180 1704 de
2222 1652 2369 1705 domo
2401 1655 2594 1716 omnia,
2625 1653 2694 1704 ita
2736 1644 3003 1706 immunda
3049 1669 3148 1706 non
3176 1655 3348 1721 futura
3377 1668 3490 1722 qua:

1892 1745 2071 1797 domus
2096 1754 2282 1799 essent.
2322 1742 2517 1798 Dehinc
2544 1745 2880 1814 introgressus
2910 1745 3168 1808 sacerdos,
3198 1746 3241 1799 si
3274 1741 3491 1798 invenis-

1891 1848 1960 1891 set
1988 1838 2287 1890 cavositatus
2309 1837 2636 1889 viridicuntes
2664 1838 2738 1890 vel
2761 1836 3098 1901 rubesceules,
3123 1846 3168 1890 et
3194 1838 3489 1908 adspeetum

180 1918 454 1985 Sanctum,
479 1931 521 1975 et
553 1925 755 1977 verbum
772 1924 868 1978 Dei
887 1924 1391 1998 dulcegustavernnt,
1416 1930 1788 2001 occidentejam
1822 1945 1866 2004 Β
1896 1945 2067 1982 earuut
2097 1927 2419 1981 humiliorem
2457 1928 2588 1980 citra
2617 1928 2921 1996 parietinam
2953 1930 3211 1997 formam;
3238 1928 3394 1982 exiret
3422 1929 3489 1980 ad

178 2028 288 2067 sevo
308 2030 423 2066 cum
444 2018 740 2082 exciderint,
766 2035 941 2072 rursus
958 2021 1181 2072 revocari
1212 2018 1290 2090 (4)
1320 2022 1373 2074 in
1420 2022 1782 2089 paenitentiam,

178 2106 450 2175 reﬁgeutes
502 2111 640 2163 cruci
693 2112 746 2166 iu
808 2113 1104 2183 semetipsos
1134 2112 1325 2168 Filium
1389 2114 1481 2168 Dei
1538 2125 1582 2168 et
1635 2116 1787 2169 dede-

179 2208 434 2253 corantes.
514 2199 671 2256 Terra
735 2205 867 2257 enim
915 2221 1031 2275 qua:
1098 2206 1218 2259 bibit
1288 2207 1475 2276 sapius
1522 2208 1785 2260 devenien-

180 2303 279 2346 tem
310 2294 362 2347 in
407 2310 461 2349 se
489 2296 770 2362 humorem,
798 2308 847 2352 et
875 2301 1069 2367 peperit
1107 2300 1314 2355 herbam
1357 2310 1532 2370 aptam
1560 2302 1638 2355 his
1663 2318 1785 2373 pro-

181 2394 294 2461 pter
329 2402 353 2439 s
518 2400 566 2444 et
591 2390 798 2453 colitur,
832 2390 1226 2445 benedictionem
1274 2392 1368 2447 Dei
1413 2394 1733 2466 consequitur
1764 2410 1783 2447 :

183 2486 447 2556 proferens
475 2494 644 2536 autem
674 2486 868 2553 spinas,
918 2485 1133 2545 reproba
1161 2472 1205 2537 et
1236 2486 1583 2541 ntaledictioui
1609 2488 1783 2556 proxi-

182 2593 291 2644 ma,
320 2578 469 2648 cujus
491 2578 609 2643 [inis
635 2579 684 2630 iu
716 2577 1032 2631 exustionem
1059 2579 1076 2647 (
1104 2577 1287 2643 llebr.,
1331 2579 1419 2644 Vl,
1447 2580 1502 2642 4,
1532 2579 1566 2634 8
1593 2581 1627 2649 ).
1676 2581 1782 2635 lloc

182 2671 277 2741 qui
323 2671 392 2726 ab
419 2671 687 2742 Apostolis
741 2670 927 2725 didicit
971 2680 1025 2726 et
1076 2688 1197 2726 eum
1252 2674 1520 2741 Apostolis
1569 2676 1777 2741 docuit,

184 2761 269 2835 (ά)
300 2776 566 2831 nunquam
582 2762 794 2817 tumcbo
819 2774 871 2817 et
890 2763 1192 2818 loruieatori
1216 2764 1500 2818 secundam
1520 2765 1780 2833 poeniten-

184 2854 314 2908 tiam
346 2858 660 2924 promissam
692 2855 759 2907 ab
787 2854 1056 2923 Apostnlis
1083 2866 1270 2919 uorat;
1303 2858 1503 2926 Optime
1534 2857 1673 2911 enim
1707 2857 1780 2910 le—

180 2959 307 3016 gem
332 2946 803 3018 interpretabatur,
836 2958 890 3002 et
924 2949 1121 3018 ﬁguras
1149 2949 1267 3018 ejus
1287 2950 1393 3019 jam
1426 2952 1475 3004 in
1506 2951 1616 3020 ipsa
1643 2952 1780 3004 veri-

186 3049 297 3093 tnte
339 3041 603 3094 servabat.
653 3041 731 3094 Ad
764 3040 902 3096 lianc
928 3041 1161 3110 denique
1204 3044 1436 3111 speciem
1484 3043 1778 3114 disciplinae

180 3132 252 3188 de
282 3132 497 3205 leproso
519 3143 734 3188 cautum
778 3134 879 3189 luit
922 3152 935 3188 :
970 3134 1032 3189 Si
1057 3146 1228 3190 autem
1266 3138 1485 3190 varietas
1509 3139 1776 3208 eﬁlorucrit

180 3216 236 3287 θη
266 3243 451 3298 cutem,
483 3245 530 3289 et
552 3243 707 3287 totam
739 3244 903 3287 cutem
926 3235 1105 3289 texerit
1126 3252 1155 3286 a
1177 3236 1341 3305 capite
1359 3252 1516 3305 usque
1538 3236 1606 3288 ad
1626 3236 1776 3305 pedes

180 3341 273 3394 per
298 3341 494 3379 onmem
516 3335 862 3395 conspectum,
894 3336 938 3380 et
966 3326 1203 3380 sacerdos
1232 3344 1348 3380 cum
1376 3326 1575 3393 viderit,
1603 3345 1777 3382 emun-

180 3415 323 3469 dnbit
365 3432 500 3480 eum,
544 3418 785 3485 quoniam
823 3419 1063 3470 convertit
1109 3419 1160 3471 in
1192 3419 1383 3481 album,
1424 3420 1644 3473 mundus
1682 3429 1773 3473 est.

184 3508 303 3576 Qua
327 3524 442 3563 vero
469 3510 553 3564 die
578 3511 714 3564 visus
735 3512 884 3580 fuerit
909 3512 960 3564 iu
987 3513 1238 3582 ejusmodi
1260 3515 1400 3566 color
1422 3516 1579 3580 vivus,
1613 3514 1775 3583 inqui-

176 3612 334 3655 natus
362 3609 434 3655 est
464 3601 484 3672 (
508 3599 696 3670 Leuit,
723 3600 861 3667 Xlll,
888 3602 976 3668 12,
1010 3604 1076 3659 15
1096 3604 1140 3673 ).
1170 3601 1497 3659 Conversum
1524 3606 1664 3660 enim
1687 3606 1781 3659 lto-

1883 2024 2101 2090 jannam
2130 2031 2176 2073 et
2205 2028 2481 2074 secerneret
2523 2020 2731 2073 domum
2761 2021 2904 2073 illaut
2934 2030 3123 2088 septem
3152 2018 3347 2073 diebus.
3390 2018 3491 2072 De-

1890 2114 2026 2174 hinc,
2061 2113 2142 2166 die
2168 2113 2379 2182 septiuta
2404 2128 2678 2182 regressus,
2713 2114 2754 2165 si
2780 2110 3217 2165 animadvertisset
3245 2109 3488 2177 (li/fusum

1887 2207 1939 2259 in
1970 2206 2242 2275 parietibus
2285 2216 2473 2258 tactum
2501 2205 2670 2267 illum,
2701 2207 2968 2272 imperaret
3012 2205 3212 2259 extrahi
3240 2221 3322 2258 eos
3352 2204 3487 2272 lapi-

1888 2296 1975 2350 des
2002 2297 2256 2367 inquibus
2286 2295 2431 2368 lepra
2458 2298 2662 2367 fuisset,
2696 2309 2742 2349 et
2775 2294 2927 2365 abjici
2960 2308 3102 2349 extra
3147 2298 3395 2351 civitatem
3434 2297 3487 2350 iu

1888 2392 2053 2445 locum
2080 2390 2421 2454 immundum,
2453 2400 2499 2445 et
2528 2392 2660 2445 sumi
2688 2392 2814 2444 alios
2848 2392 3043 2460 lapides
3084 2392 3266 2459 politos
3296 2400 3341 2443 et
3366 2391 3489 2444 soli-

1886 2490 2002 2555 dos,
2030 2499 2075 2542 et
2104 2490 2279 2559 reponi
2328 2490 2439 2541 loco
2482 2488 2837 2555 pristinarum,
2873 2498 2917 2539 et
2947 2486 3151 2555 pulvere
3190 2487 3294 2539 alio
3332 2486 3484 2538 inlini

1886 2582 2143 2654 domuml
2171 2580 2353 2642 Leuit,
2385 2580 2527 2645 XIV,
2557 2579 2728 2635 54-42
2807 2577 3027 2648 Oportet
3053 2580 3193 2634 enim
3222 2594 3341 2634 cum
3368 2594 3487 2648 pcr-

1887 2677 2100 2730 rcnitur
2130 2674 2195 2727 ad
2224 2689 2489 2728 stunmum
2521 2671 2857 2727 sacerdotem
2885 2669 3063 2725 Patris
3094 2671 3360 2726 Christum
3383 2710 3397 2734 ,
3420 2669 3486 2723 de

1884 2769 2043 2823 domo
2072 2768 2303 2823 hominis
2334 2767 2503 2821 nostri
2540 2768 2591 2820 iu
2626 2775 2866 2835 tempore
2910 2763 3259 2819 hebdomadis
3290 2761 3483 2816 auferri

1886 2865 2067 2918 omnia
2096 2862 2473 2932 impedimenta
2503 2860 2669 2929 prius,
2704 2869 2755 2910 ttt
2785 2857 2981 2911 mtnula
3004 2858 3070 2910 sit
3098 2871 3217 2927 quae
3243 2863 3487 2911 remanet

1882 2959 2104 3021 domus,
2136 2972 2264 3009 caro
2292 2965 2347 3008 et
2391 2954 2569 3008 anima
2596 2970 2611 3017 ;
2640 2962 2696 3007 et
2725 2951 2811 3005 ubi
2842 2950 3110 3005 introierit
3148 2964 3267 3003 eam
3309 2962 3487 3003 sermo

1887 3051 2001 3115 Dei,
2030 3058 2082 3105 et
2112 3048 2375 3102 invenerit
2415 3044 2653 3099 lautulus
2688 3044 2897 3099 ruboris
2935 3054 2989 3097 et
3018 3042 3232 3108 virot‘is,
3274 3039 3485 3114 extr-ab-l

1882 3144 2084 3208 statim,
2110 3154 2164 3197 et
2195 3142 2350 3210 alijici
2382 3139 2524 3194 iuras
2551 3153 2739 3193 sensus
2769 3136 3077 3191 mortiferus
3106 3145 3159 3191 ct
3182 3146 3431 3190 cruentos
3456 3152 3470 3199 ;

1881 3253 2003 3291 nam
2035 3248 2085 3290 ct
2120 3234 2469 3306 Apoealypsis
2498 3233 2653 3287 viridi
2700 3248 2837 3302 cquo
2869 3239 3128 3295 mortem,
3180 3244 3365 3284 russeo
3394 3246 3486 3282 au-

1886 3340 1989 3385 tem
2018 3330 2372 3401 prmliatorem
2404 3328 2657 3397 imposuit
2683 3325 2907 3399 (Apoc,
2938 3324 3026 3387 Vl,
3057 3325 3109 3386 4,
3144 3322 3211 3396 8)
3239 3342 3249 3375 :
3286 3338 3485 3393 proque

1888 3422 1991 3476 illis
2024 3422 2214 3492 politos
2240 3430 2293 3474 ct
2337 3422 2386 3474 in
2418 3420 2787 3491 cmupaginem
2838 3427 2992 3487 aptos
3040 3426 3095 3471 et
3129 3416 3311 3470 ﬁrmos
3354 3415 3483 3469 Sllll-

1885 3515 2041 3569 struit
2070 3514 2290 3583 lapides,
2316 3511 2395 3585 (ε)
2424 3514 2607 3581 quales
2633 3512 2683 3564 itt
2717 3510 2945 3564 Abraltzn
2966 3512 3117 3572 linnt,
3149 3516 3208 3562 ut
3231 3508 3299 3561 ita
3325 3508 3485 3562 ltonto

1890 3606 2082 3661 habilis
2112 3606 2220 3660 Deo
2251 3606 2338 3659 sit.
2376 3604 2527 3671 Quod
2557 3604 2601 3657 si
2637 3614 2747 3673 post
2770 3604 3205 3675 recuperationem
3231 3610 3276 3655 et
3316 3602 3482 3670 re[or-

1403 3762 1783 3818 LECTIONES
1823 3761 2237 3819 VARIANTES.

276 3897 323 3955 1)
358 3895 670 3949 Redumlanti
694 3900 796 3948 Lat.

269 3960 322 4025 2)
358 3960 648 4011 Auetoritati
673 3962 763 4011 viri
788 3961 941 4011 Fran.

1949 3901 2024 4026 25)
2060 3901 2165 3950 Hoc
2188 3900 2319 3950 abest
2339 3901 2459 3950 Par.

1972 3963 2023 4026 4)
2060 3963 2298 4013 lienovari
2323 3964 2425 4012 Lat.

1972 3963 2023 4027 4)
2060 3963 2298 4013 lienovari
2323 3964 2425 4012 Lat.

1533 4112 1932 4183 ,COMMENTA
1945 4111 2121 4168 RIUS.

255 4244 417 4319 CAP.
437 4243 554 4300 XX.
576 4244 737 4317 —(a)
755 4246 983 4319 Alicujus
1001 4247 1151 4319 etiam
1179 4248 1375 4301 comitis
1410 4249 1777 4319 apostolorum.

180 4317 349 4387 Quasi
400 4317 587 4373 Petrus
630 4328 685 4373 et
736 4317 930 4372 Paulus
979 4318 1114 4372 adeo
1168 4333 1275 4384 pm
1324 4317 1533 4373 caeteris
1585 4319 1783 4375 fuerint

178 4390 442 4457 apostoli,
483 4400 542 4460 ut
568 4390 748 4442 cteteri
782 4389 1015 4458 ipsorum
1048 4390 1273 4443 comites
1299 4405 1361 4443 ac
1387 4389 1626 4460 discipuli
1651 4408 1779 4446 cen-

182 4470 426 4514 seantur.
472 4459 558 4514 Sic
603 4470 779 4514 autem
821 4470 874 4515 et
908 4460 1175 4515 Barnabas
1218 4460 1332 4529 ipse
1371 4459 1696 4531 Apostolus,
1748 4479 1775 4514 a

180 4532 466 4585 Clemente
507 4531 899 4595 Alexandrino,
949 4532 1033 4585 lib.
1069 4532 1144 4595 ll,
1210 4532 1402 4586 Stront.
1450 4534 1776 4599 apostolicus

178 4614 539 4681 nuncupatur,
566 4606 650 4681 uti
673 4613 878 4681 συνεργὸς
905 4607 1229 4681 τοῧιηαῦλου.
1273 4604 1335 4657 Et
1368 4604 1459 4681 lib.
1484 4605 1773 4681 ,_0upx.1-
1803 4616 1855 4679 ])

175 4681 326 4746 page;
358 4685 433 4746 τῷ
470 4676 741 4746 Axenus.
777 4676 879 4746 Sed
910 4684 964 4746 et
997 4676 1347 4746 Hieronymus
1388 4679 1436 4727 iu
1484 4676 1774 4742 Epistulam

175 4743 247 4800 ad
275 4743 520 4816 Galatas,
552 4743 664 4797 lucc
693 4745 849 4798 verba
870 4786 885 4809 ,
932 4744 1128 4798 Paulus
1158 4743 1436 4816 apostolus,
1470 4764 1567 4800 non
1595 4747 1658 4799 ab
1686 4748 1776 4800 lto-

176 4815 423 4883 minibus,
457 4831 614 4884 neque
642 4830 730 4883 per
759 4816 1034 4880 hominem,
1067 4815 1286 4886 oblique
1314 4817 1367 4870 itt
1393 4818 1501 4870 l’ett
1521 4835 1603 4869 um
1638 4829 1687 4871 et
1723 4821 1772 4871 itt

175 4896 407 4941 caeteros
440 4886 579 4941 dicta
611 4887 777 4940 videri
802 4901 956 4955 posse
986 4888 1091 4945 ait.
1118 4889 1257 4956 quod
1304 4903 1406 4940 non
1445 4890 1511 4940 ab
1554 4898 1771 4956 aposto-

176 4959 249 5012 lis
277 4958 443 5011 Panlo
480 4960 547 5011 sit
589 4958 838 5028 traditum
880 4957 1241 5027 Evangelium,
1278 4959 1370 5013 sed
1408 4960 1475 5013 ab
1502 4959 1618 5028 ipso
1644 4959 1771 5015 Jesu

174 5028 399 5099 Christo
418 5068 435 5092 ,
462 5028 625 5097 quiet
650 5027 768 5081 illos
796 5029 1077 5095 Apostolos
1103 5029 1355 5099 elegerat.
1388 5032 1503 5086 lilG.

256 5097 333 5170 (b)
358 5098 625 5170 Etutique
644 5100 892 5168 receptior
919 5099 1058 5169 apud
1088 5097 1343 5154 Ecclesias
1374 5099 1605 5170 Epistola
1634 5100 1770 5155 Bur-

175 5168 349 5225 nabte.
398 5168 522 5241 Haec
550 5169 864 5224 Tertulliani
893 5168 961 5224 de
994 5170 1228 5241 l‘lpistola
1260 5172 1323 5225 ad
1357 5168 1610 5225 Hebraeos
1649 5187 1773 5228 sen-

174 5244 348 5313 tentia
385 5239 614 5313 refertur
638 5242 705 5295 ab
735 5239 1062 5313 Hieronymo
1094 5242 1265 5301 Catal.
1300 5245 1493 5310 Script.
1537 5243 1680 5299 Eccl.
1716 5245 1768 5299 in

176 5311 513 5387 Paulinlpse
528 5320 716 5387 autem
741 5311 1097 5387 Hieronymus
1124 5314 1176 5367 in
1208 5314 1451 5387 Barnaba
1474 5355 1490 5387 ε
1517 5316 1769 5384 scriptam

175 5381 349 5454 fuisse
373 5384 448 5437 ait
474 5397 504 5436 a
528 5382 767 5437 Barnaba
800 5381 1091 5453 Epistulam
1119 5400 1237 5454 quin
1262 5386 1327 5438 ad
1360 5381 1767 5442 trdiﬁcationem

157 5453 442 5528 _F._cclesi:e
483 5454 806 5528 pertineret,
838 5469 1024 5528 vert_tm
1058 5453 1195 5528 inter
1220 5464 1514 5525 scripturas
1542 5472 1734 5528 apocry
1755 5488 1768 5498 -

175 5525 318 5593 pnas
356 5523 603 5595 relatam.
641 5524 772 5582 Hec
816 5526 884 5579 ab
928 5526 1157 5581 Eusebio
1204 5523 1415 5595 quoque
1461 5523 1769 5583 reec'ttsetitr

176 5602 227 5666 ιν
256 5610 353 5658 τοῖς
379 5599 527 5658 νόθοις
574 5594 644 5650 Et
664 5608 839 5651 tamen
869 5613 965 5666 pro
985 5594 1501 5665 legitima’Bai-nabte
1528 5598 1717 5652 citatur
1736 5615 1766 5653 a

173 5665 457 5738 Clemente
485 5666 638 5738 Alex.
671 5677 759 5738 :et
784 5668 852 5721 ab
874 5665 879 5666 “
898 5668 1148 5738 Origene,
1180 5668 1275 5722 lib.
1305 5667 1524 5722 [contra
1545 5668 1764 5735 Celsum,

172 5736 440 5809 catholica
478 5737 686 5809 dicitur.
711 5737 953 5795 Vidimus
978 5736 1095 5794 cant
1117 5754 1313 5809 graece,
1346 5739 1458 5793 fere
1482 5741 1762 5809 integrant,

176 5821 347 5879 penes
374 5806 739 5863 doctissimum
772 5810 941 5865 virutn
971 5810 1084 5865 Jac.
1118 5806 1460 5865 Sirmondmn
1479 5851 1493 5872 ,
1534 5806 1655 5864 cuiu
1684 5810 1763 5864 la-

175 5880 288 5934 tina
344 5892 557 5950 quoque
614 5880 1049 5952 interpretatione
1104 5883 1343 5952 antiqua.
1400 5881 1531 5935 'l‘ota
1586 5890 1762 5935 autent

171 5957 387 6021 constat
425 5951 759 6022 argumentis
796 5952 985 6009 iisdem
1030 5953 1223 6024 quibus
1271 5954 1435 6009 utitur
1472 5952 1765 6024 Septimius

1890 4255 2072 4302 noster
2097 4246 2233 4301 libro
2263 4246 2751 4311 adversuandams,
2783 4256 2837 4303 et
2866 4248 2957 4302 lib.
2992 4248 3230 4305 adversus
3256 4249 3481 4305 Murcia-

1889 4335 2001 4373 nem
2026 4319 2202 4373 lettio.
2256 4317 2375 4372 th.
2406 4350 2474 4358 —
2506 4319 2650 4373 lianc
2680 4330 2855 4373 autem
2897 4322 3172 4387 epistolam
3202 4323 3482 4378 ‘deteserat

1889 4399 2067 4444 nastet'
2137 4388 2287 4461 litigo
2328 4389 2610 4444 Mettardus
2670 4391 2807 4444 inter
2842 4390 2979 4444 MSS.
3028 4392 3239 4446 codices
3299 4408 3480 4447 tuumt-

1885 4462 2029 4513 sterii
2072 4460 2409 4514 (lurheiensis
2435 4502 2448 4525 ,
2488 4463 2791 4531 primusque
2823 4462 2965 4515 illam
2996 4462 3190 4532 publici
3229 4464 3363 4533 juris
3392 4467 3465 4518 lc-

1884 4533 1974 4585 cit.
2008 4534 2138 4585 lino.

1957 4604 2054 4677 (c),
2081 4601 2182 4656 Illo
2221 4604 2515 4677 apocrypha
2577 4602 2790 4677 Pastore
2823 4604 3175 4677 Anime/torum.
3244 4605 3478 4661 Man-bos

1880 4675 2114 4798 appellat
2157 4674 2434 4745 psyclticos
2458 4717 2470 4739 ,
2505 4677 2592 4745 qui
2624 4675 2857 4729 Pastoris
2891 4676 3080 4729 librum
3123 4688 3475 4746 receperant,

1917 4763 1946 4798 e
1972 4762 2077 4798 atto
2105 4759 2283 4798 sitnra.

1917 4763 1946 4798 (³
1972 4762 2077 4798 alii)
2105 4759 2259 4798 διιυνει
2271 4786 2283 4798 .

2011 4762 2077 4797 Ill)
2105 4761 2161 4797 Sil
2209 4763 2283 4798 νει.

1953 4762 2031 4887 (il)
2065 4814 2111 4867 Ν
2120 4761 2341 4880 mil/naut
2379 4817 2570 4869 niazcho
2592 4829 2648 4888 Aet
2688 4818 3005 4888 foruicntori,
3040 4826 3142 4871 etc.
3173 4817 3340 4885 Quem
3367 4819 3476 4871 Au-

1883 4886 2019 4941 ctor
2050 4903 2334 4955 perperam
2363 4890 2428 4938 de.
2464 4886 2771 4952 pmititetilia
2814 4887 3045 4942 secunda
3097 4889 3478 4958 interpretatur

1881 4958 2055 5011 locum
2085 4960 2193 5025 jam
2224 4961 2445 5016 citatum
2480 4961 2495 5028 (
2526 4958 2703 5022 llebr.,
2738 4959 2798 5011 \'|
2825 4957 2863 5030 ),
2892 4960 2980 5013 alii
3033 4957 3249 5014 veteres
3273 4962 3337 5011 de.
3379 4963 3476 5015 itc-

1877 5031 2085 5085 ratione
2110 5031 2355 5099 baptismi
2384 5031 2702 5099 intelligunt.
2731 5038 2784 5085 ct
2811 5032 3121 5085 nominatim
3152 5031 3207 5086 Β.
3239 5032 3472 5090 Ambro-

1877 5100 2009 5163 sius,
2042 5100 2130 5154 lib.
2167 5099 2226 5171 de
2259 5099 2471 5165 Paruit,
2504 5117 2630 5171 cap.
2664 5103 2715 5163 ‘2,
2747 5112 2799 5156 et
2846 5102 2896 5155 iu
2946 5112 3317 5164 cumment...;
3346 5102 3475 5171 Epi-

1878 5172 2105 5241 phanius
2133 5170 2539 5245 (llwrcs.._59).
2574 5172 2691 5245 Quo
2716 5175 2877 5227 etiam
2911 5173 3467 5245 acceditcltrysosto-

1876 5258 2017 5305 mus,
2064 5258 2185 5296 cum
2223 5244 2342 5297 aliis
2385 5242 2584 5298 Grujcis
2634 5242 2752 5312 ejus
2806 5244 3046 5307 asscclis,
3106 5243 3231 5297 dum
3256 5242 3468 5299 'codem

1875 5314 2035 5367 modo
2093 5312 2475 5384 interpretatur
2545 5314 2669 5368 illttd
2724 5314 2884 5369 Hebr.
2920 5314 2963 5367 Χ
3012 5332 3027 5386 γε
3093 5314 3364 5386 Postquam
3395 5332 3474 5368 ac-

1873 5386 2095 5456 cepimus
2142 5386 2363 5438 veritatis
2411 5386 2734 5455 agnitionem,
2788 5402 2889 5438 non
2943 5385 3245 5453 relinquitur
3306 5387 3470 5441 hostia

1873 5473 1967 5527 pro
1996 5457 2284 5524 peccatis...
2326 5456 2386 5509 Et
2411 5466 2554 5509 certe
2579 5472 2675 5525 pro
2696 5456 2793 5510 hac
2814 5458 3074 5510 sententia
3100 5457 3295 5510 laeiuut
3317 5456 3444 5525 pltra

1872 5543 1957 5581 ses
1990 5528 2167 5580 latinae
2190 5567 2205 5589 ,
2236 5543 2319 5579 eos
2335 5527 2422 5595 qui
2443 5527 2594 5580 semel
2618 5528 2891 5581 illuminati
2911 5538 3043 5579 sunt.
3072 5538 3123 5580 et
3148 5546 3158 5578 :
3184 5543 3359 5581 rursus
3388 5542 3468 5579 re-

1870 5599 2075 5663 novari;
2105 5605 2159 5650 et
2205 5611 2393 5665 graeca
2424 5613 2609 5663 voces,
2641 5620 2947 5668 φωτισσςντιις
2975 5603 3314 5665 ἀνεικαινίζειν,
3344 5613 3472 5667 quas

1872 5684 2129 5739 usurpare
2162 5669 2331 5739 solent
2367 5681 2577 5724 veteres
2602 5672 2667 5724 de
2694 5673 2987 5739 baptizatis.
3024 5669 3160 5723 PAII.

1943 5740 2017 5810 (ε)
2050 5738 2238 5803 Quales
2269 5741 2321 5792 in
2350 5739 2566 5793 Abrahw
2596 5741 2741 5808 ﬁunt.
2766 5738 2771 5739 ί
2795 5741 2900 5795 Ant
2937 5752 3113 5794 tuente
3157 5741 3327 5805 conci;
3352 5740 3464 5792 ien-

1866 5808 2014 5874 dum,
2041 5818 2133 5862 aut
2156 5811 2514 5877 snpplendum
2542 5814 2801 5880 scriptura
2830 5811 3143 5865 vocabulum
3174 5810 3342 5880 filios:
3394 5810 3471 5863 al-

1867 5880 1999 5933 ludit
2023 5880 2167 5953 enitn
2198 5881 2269 5953 ad
2297 5882 2423 5953 illud
2449 5881 2652 5953 {PQSSC
2672 5880 2838 5953 Deum
2859 5882 2922 5935 de
2953 5881 3205 5953 lapidibus
3233 5882 3341 5936 istis
3356 5898 3468 5935 sus-

1866 5952 2022 6005 citare
2048 5950 2182 6019 ﬁlios
2208 5952 2427 6007 Abrahae
2454 5952 2473 6027 (
2498 5951 2713 6019 Matth.,
2734 5951 2818 6019 Ill,
2855 5953 2944 6025 9).
2978 5950 3093 6010 lita.
