4220 6492
765 394 903 453 1027

2181 396 2642 455 TERTULLIANI

3929 395 4057 453 1038

762 512 911 568 bium.
941 510 1155 577 mmehi,
1184 511 1361 565 statim
1392 510 1591 567 adeunt
1616 509 1970 565 fornicatores
1994 550 2007 573 ,
2028 509 2138 580 jam
2168 527 2355 582 preces
2385 516 2434 573 Α
2466 521 2627 567 tatem
2657 526 2808 568 suam
2837 512 3075 569 ostendit
3100 530 3117 570 :
3156 511 3293 582 Quid
3330 514 3566 587 cogitatis
3615 531 3836 586 nequam
3867 516 3922 569 in
3948 530 4058 571 cor-

757 607 1179 671 circumsonant,
1206 605 1314 675 jam
1345 606 1591 676 lterymae
1632 605 2083 674 circnmstaguant
2111 606 2353 659 maculati

758 698 1047 769 cujusque;
1186 715 1282 752 nec
1330 698 1420 751 ulli
1484 699 1651 767 magis
1703 696 1901 750 aditttnt
1942 698 2169 751 Clll‘t‘Cl‘ii
2224 698 2357 751 redi-

757 803 929 857 munt,
955 808 1113 863 quam
1140 792 1226 862 qui
1259 791 1548 846 Ecclesium
1583 790 1943 860 perdiderunt.
1976 791 2051 859 (b)
2084 789 2357 844 Violamur

756 884 855 939 viri
882 900 945 939 ac
971 884 1198 939 ionniua:
1247 884 1296 936 iu
1344 883 1574 938 tenebris
1604 883 1758 951 plane
1808 898 1871 935 ex
1930 898 2024 934 usu
2079 881 2354 936 libidinum

756 979 917 1037 notis.
948 988 1000 1031 et
1026 990 1209 1046 pacem
1239 976 1309 1027 ab
1341 975 1422 1029 his
1448 984 1691 1043 qua'runt
1713 975 1801 1043 qui
1827 973 1895 1027 de
1922 989 2014 1026 sua
2047 973 2354 1040 periclitan-

756 1077 862 1125 tur.
899 1067 971 1141 (ε)
999 1068 1101 1123 Alii
1124 1069 1187 1123 ad
1221 1068 1431 1123 metalla
1471 1066 1802 1137 confugiunt,
1828 1077 1883 1121 et
1908 1067 2030 1121 inde
2056 1066 2353 1121 communi-

754 1173 965 1220 calores
987 1172 1348 1227 revertuntur,
1382 1161 1469 1216 ubi
1492 1162 1605 1231 jam
1633 1160 1778 1215 aliud
1808 1160 2120 1236 martyrium
2174 1175 2356 1215 neces-

753 1257 953 1312 sarium
982 1265 1065 1310 est
1094 1254 1299 1310 delictis
1340 1264 1459 1324 post
1499 1253 1809 1323 martyrium
1855 1253 2025 1307 novis.
2056 1251 2185 1318 Quis
2213 1252 2354 1306 enim

755 1346 810 1402 in
843 1349 997 1402 terris
1022 1357 1076 1402 et
1104 1349 1154 1401 iu
1185 1361 1347 1402 carne
1390 1346 1504 1400 sine
1548 1345 1742 1414 culpa?
1773 1344 1892 1414 quis
1932 1354 2133 1415 martyr
2176 1344 2354 1399 surculi

754 1440 951 1505 incola,
984 1437 1061 1511 (ά)
1093 1437 1324 1494 denariis
1351 1436 1432 1509 (l)
1472 1437 1717 1507 supplex,
1753 1438 1961 1490 medico
1998 1436 2260 1490 obnoxius
2302 1445 2357 1490 et

755 1530 1099 1587 fmrrmatori?
1147 1527 1218 1600 (e)
1246 1529 1378 1583 Puta
1411 1543 1549 1583 nunc
1576 1528 1675 1581 sub
1715 1526 1890 1597 gladio
1925 1527 2033 1596 jam
2078 1527 2249 1596 capite
2276 1524 2355 1598 (‘2)

754 1624 966 1689 librato,
999 1633 1121 1693 puta
1157 1625 1209 1677 in
1237 1621 1475 1692 patibulo
1501 1621 1608 1691 jam
1649 1636 1875 1690 corpore
1921 1635 2159 1690 evpanso
2181 1662 2196 1687 ,
2230 1633 2354 1690 puta

754 1716 807 1770 in
834 1717 1011 1785 stipite
1036 1714 1102 1786 (ο
1127 1715 1238 1785 jam
1266 1716 1421 1768 leone
1453 1714 1534 1785 (5)
1557 1728 1835 1778 concesso,
1867 1724 1988 1783 puta
2015 1713 2067 1766 in
2095 1731 2213 1779 axe,
2243 1714 2352 1783 jam

753 1806 1000 1862 incendio
1047 1807 1321 1861 adstructo
1369 1804 1470 1879 (t),
1504 1808 1554 1859 in
1606 1807 1748 1874 ipsa,
1783 1804 1925 1872 dico,
1975 1806 2257 1860 securitate
2301 1816 2355 1861 ct

2462 609 2608 662 dibus
2635 608 2845 662 vestris?
2872 608 2996 676 quid
3028 608 3169 664 enim
3216 610 3420 679 [acilius
3447 620 3518 664 est
3547 610 3713 665 dicere
3752 609 4054 681 paralytico,

2463 698 2797 753 Dimittuntur
2815 701 2902 753 tibi
2917 711 3143 772 peccata,
3166 719 3253 767 an,
3288 701 3766 773 Sttrgcetambula?
3791 700 3984 772 Igitur,
4012 711 4060 753 ut

2459 792 2627 844 sciatis
2649 790 2693 844 [τ’
2694 792 2838 845 ilium
2856 793 3071 847 hominis
3101 792 3281 847 habere
3308 793 3721 847 dimittendorum
3747 804 4062 863 peccatorum

2459 883 2512 936 iu
2532 884 2675 937 terris
2703 894 3023 950 potestatem,
3054 884 3140 937 tibi
3170 885 3305 945 dico.
3340 885 3650 956 paralytice,
3682 885 3857 956 Surge
3878 896 3930 940 et
3955 900 4060 936 atu-

2461 978 2579 1032 bula
2610 977 2823 1048 (.lluttlt.
2851 976 2943 1041 IX,
2980 977 3036 1043 4,
3070 982 3227 1049 sqq.).
3257 977 3312 1034 Si
3346 978 3598 1032 Dominus
3644 986 3855 1032 tantum
3886 976 3958 1033 de
3980 992 4064 1046 po-

2463 1070 2668 1125 testatis
2693 1086 2803 1124 sine
2824 1071 3140 1141 probatione
3170 1072 3399 1135 curavit,
3432 1070 3504 1124 uti
3541 1070 3849 1125 traduceret
3867 1070 4063 1140 cogita-

2463 1170 2545 1216 tus
2583 1173 2638 1217 et
2690 1162 2761 1216 ita
2803 1162 3091 1231 imperaret
3131 1164 3449 1227 sanitatem,
3482 1177 3548 1216 ne
3599 1177 3702 1216 non
3751 1159 4063 1216 crederetur

2460 1269 2619 1325 posse
2647 1253 2841 1308 delicta
2886 1254 3179 1319 dimittere,
3212 1269 3318 1310 non
3350 1255 3473 1310 licet
3525 1255 3651 1308 mihi
3682 1254 3937 1308 eamdem
3975 1268 4063 1322 po-

2462 1354 2707 1401 testatcm
2732 1346 2782 1399 in
2812 1346 2990 1416 aliquo
3013 1346 3128 1401 sine
3152 1346 3359 1402 eisdem
3392 1346 3799 1417 probationibus
3821 1345 4062 1401 credere.

2459 1435 2592 1492 Cum
2625 1446 2803 1493 tamen
2843 1438 3067 1494 moechis
3105 1448 3159 1494 et
3198 1438 3605 1494 foruicatoribus
3630 1454 3661 1493 a
3704 1448 3949 1509 martyre
3975 1453 4064 1492 ex-

2463 1532 2700 1599 portulas
2746 1532 2989 1598 veniam,
3034 1532 3147 1601 ipse
3197 1530 3471 1585 conﬁteris
3521 1531 3791 1600 ejusmodi
3843 1529 4064 1583 crimina

2461 1624 2671 1678 nonnisi
2702 1623 2917 1693 proprio
2938 1623 3196 1694 martyrio
3222 1621 3495 1687 diluenda,
3524 1622 3613 1691 qui
3638 1621 3928 1690 przesumis
3952 1620 4067 1674 alie-

2461 1730 2551 1768 no.
2574 1714 2725 1782 Quod
2777 1715 2819 1767 si
2849 1721 2950 1777 cst,
2978 1713 3089 1783 jam
3114 1722 3168 1768 et
3197 1714 3508 1784 martyrium
3536 1712 3681 1766 aliud
3709 1721 3817 1766 erit
3874 1712 4068 1780 baptiso

2461 1824 2547 1862 tua
2610 1807 2785 1861 Habeo
2814 1806 2979 1873 enim,
3007 1806 3211 1876 inquit,
3240 1814 3285 1859 ct
3309 1805 3451 1857 aliud
3484 1804 3736 1873 baptisma
3761 1802 3925 1874 (Luc.
3957 1801 4061 1864 XII,

754 1901 1092 1971 posseSsione
1123 1898 1379 1970 martyrii,
1414 1899 1531 1969 quis
1588 1898 1846 1967 permittit
1897 1898 2097 1951 homini
2153 1898 2354 1953 donare
2386 1910 2431 1969 Β
2460 1902 2573 1971 50).
2609 1900 2761 1957 Unde
2790 1909 2845 1954 et
2868 1914 2934 1953 ex
2964 1898 3186 1952 vulnere
3214 1898 3396 1951 lateris
3420 1897 3680 1951 Dominici
3704 1910 3845 1965 aqua
3873 1904 3932 1950 et
3948 1909 4063 1948 saa-

753 2008 871 2061 quaa
903 1991 1011 2046 Deo
1041 1991 1361 2047 reservanda
1389 1990 1550 2045 sunt?
1578 2004 1607 2043 a
1634 2004 1741 2060 quo
1767 2005 1827 2042 ea
1860 1990 1975 2043 sine
2000 1992 2352 2044 excusatione

752 2083 999 2138 damnata
1029 2090 1180 2146 sunt;
1211 2096 1332 2150 qua
1360 2094 1457 2135 nec
1482 2079 1711 2149 apostoli
1733 2121 1746 2145 ,
1774 2079 1914 2149 quod
1946 2082 2133 2145 sciam,
2156 2093 2353 2151 marty-

752 2192 841 2231 res
866 2186 918 2231 et
945 2175 1065 2244 ipsi,
1114 2174 1379 2229 donabilia
1422 2174 1813 2243 judictverunt.
1866 2174 2102 2245 Denique
2146 2174 2255 2244 jam
2285 2176 2349 2229 ad

751 2269 951 2324 bestLas
976 2269 1373 2339 depugnaverat
1403 2268 1597 2322 Paulus
1634 2266 1829 2336 Ephesi
1858 2266 1898 2338 (I
1924 2266 2041 2322 Cor.
2077 2266 2193 2328 XV,
2220 2268 2311 2339 δὲ)
2335 2311 2347 2331 ,

750 2378 871 2417 cum
927 2362 1197 2418 interitum
1252 2364 1515 2417 decernit-
1546 2363 1750 2414 incesto
1799 2359 1842 2432 (l
1871 2359 1992 2415 Cur.
2026 2360 2087 2425 V,
2119 2364 2152 2415 '5
2190 2361 2347 2431 ειη).

750 2454 993 2511 Sttl'iiciat
1022 2457 1240 2525 martyri
1270 2456 1477 2523 propria
1504 2454 1696 2507 delicta
1730 2468 1984 2523 purgasse
2037 2454 2136 2525 (g).
2156 2453 2350 2523 Ingrati

752 2546 835 2600 vel
888 2546 1101 2615 superbi
1150 2555 1235 2600 est
1285 2545 1336 2598 in
1368 2546 1500 2598 alios
1537 2560 1747 2615 quoque
1794 2560 2044 2620 spargere
2072 2546 2213 2615 quod
2244 2546 2352 2616 fpro

751 2652 947 2707 magno
976 2637 1491 2691 fueritconsecutus.
1543 2638 1675 2704 Quis
1720 2618 1949 2692 alienam
1982 2650 2207 2695 mortem
2256 2656 2349 2695 sua

751 2732 930 2796 solvit,
956 2730 1055 2783 nisi
1085 2729 1231 2784 solus
1263 2730 1351 2784 Dei
1382 2728 1584 2783 Filius?
1619 2728 1749 2782 Nam
1787 2740 1841 2783 et
1873 2731 1921 2783 in
1967 2730 2075 2799 ipsa
2110 2733 2351 2800 passione

749 2822 993 2878 liberavit
1022 2822 1279 2879 latronem
1304 2819 1453 2892 (Luc.
1487 2820 1823 2893 XXIII,.4.";).
1853 2823 1931 2891 Ad
1966 2822 2067 2899 hoc
2095 2825 2237 2877 enim
2265 2839 2351 2903 vc-

751 2924 923 2982 ncrat,
956 2923 1011 2970 ttt
1040 2916 1153 2985 ipse
1189 2931 1218 2968 a
1255 2914 1449 2969 delicto
1500 2930 1683 2982 purus,
1711 2926 1761 2968 et
1790 2915 1967 2969 omnia
2012 2926 2225 2970 sanctus
2257 2932 2351 2986 pro

752 3007 1119 3077 peccatoribus
1144 3005 1316 3061 obiret
1360 3004 1459 3076 (5).
1489 3005 1721 3059 Proinde
1741 3048 1753 3069 ,
1778 3007 1865 3076 qui
1910 3007 2055 3061 iilum
2086 3010 2350 3065 :emularis

752 3097 1000 3153 donando
1023 3097 1238 3159 delicta,
1269 3098 1311 3152 si
1344 3097 1475 3152 nihil
1508 3098 1619 3164 ipse
1648 3097 1938 3168 deliquisti,
1980 3101 2132 3169 plane
2170 3112 2351 3172 patere

752 3207 850 3263 pro
881 3208 965 3247 me
994 3215 1005 3247 :
1038 3192 1083 3246 si
1113 3207 1239 3247 vero
1269 3202 1515 3261 peccator
1540 3207 1622 3257 es,
1655 3193 1925 3261 quomodo
1951 3195 2129 3249 oleum
2162 3195 2350 3251 facula:

2458 1996 2595 2065 guis,
2620 1995 2891 2063 utriusque
2920 1992 3114 2046 lavacri
3149 2000 3417 2059 paratura,
3450 1986 3896 2060 manavit(Joan.
3928 1985 4062 2052 XIX,

2459 2087 2568 2156 34).
2607 2087 2782 2141 Debeo
2810 2101 2937 2154 ergo
2981 2094 3037 2140 et
3088 2084 3258 2152 primo
3289 2082 3505 2136 lavacro
3549 2082 3709 2134 alium
3737 2080 4000 2142 liberare,
4026 2077 4064 2131 si

2460 2193 2671 2249 possunt
2699 2176 3062 2249 secuudo(i),
3094 2177 3504 2247 ingeramusque
3529 2170 3609 2244 (ti)
3658 2174 3710 2227 in
3740 2172 3929 2227 sinum
3974 2187 4064 2227 ne-

2456 2288 2607 2329 cesse
2635 2284 2735 2328 cst.
2766 2273 3127 2340 Qttmcumque
3169 2269 3495 2334 auctoritas,
3540 2281 3904 2338 qumcumque
3939 2264 4065 2319 ratio

2460 2364 2670 2419 mmcho
2704 2372 2760 2418 et
2800 2362 3108 2419 fornicatori
3159 2377 3341 2432 pacem
3388 2358 3811 2415 ecclesiasticam
3872 2356 4063 2421 reddit,

2454 2458 2640 2515 eadem
2666 2446 2949 2513 debebitet
2976 2434 3256 2511 homicida:
3270 2446 3335 2509 ‘et
3363 2452 3656 2509 idololatrze
3688 2450 4065 2520 penitentibus

2455 2551 2761 2614 subvenire,
2821 2559 2970 2605 certe
3020 2547 3282 2617 negatori,
3334 2556 3387 2601 et
3446 2545 3630 2615 utique
3678 2543 3757 2597 illi
3803 2557 3969 2612 quem
4019 2543 4063 2595 iu

2456 2644 2641 2714 prmlio
2669 2636 3023 2697 cetifessionis
3052 2638 3333 2695 tormentis
3360 2637 3704 2692 colluctatum
3736 2633 3950 2688 sa-vitia
3975 2632 4063 2688 de~

2452 2734 2604 2805 jecit.
2640 2734 2928 2798 Czeterum,
2958 2730 3229 2800 indignum
3263 2728 3372 2782 Deo
3398 2736 3454 2782 et
3482 2726 3623 2781 illius
3666 2724 4063 2790 misericordia,

2454 2830 2542 2905 qui
2578 2826 2948 2899 pcettilentiunt
2978 2823 3277 2895 peccatoris
3315 2821 3474 2876 morti
3519 2819 3817 2891 prievertil,
3853 2827 3917 2873 ut
3944 2817 4066 2872 faci-

2454 2924 2555 2978 lius
2584 2924 2634 2977 in
2665 2921 2958 2977 Ecclesiam
2986 2919 3229 2979 redeant,
3259 2917 3349 2987 qui
3378 2913 3641 2979 subando,
3666 2927 3831 2983 quam
3858 2911 3955 2982 qui
3991 2909 4066 2965 di-

2454 3014 2702 3071 micando
2757 3012 3085 3068 CCt‘idCl'Ulll.
3138 3009 3301 3079 Urget
3356 3022 3457 3062 nos
3500 3007 3682 3061 dicere
3751 3003 4060 3075 indignitas.

2453 3107 2823 3165 Contaminata
2842 3105 3020 3175 potius
3036 3117 3261 3172 corpora
3280 3098 3557 3155 revocabis
3577 3112 3738 3167 quam
3764 3095 4063 3152 cruentata?

2453 3218 2572 3274 qua
2616 3199 2929 3272 pmttitentia
2968 3196 3359 3261 misrrabilior,
3400 3192 3669 3248 titillatam
3714 3199 4065 3259 prosternens

753 3298 858 3340 “‘3’
881 3283 1129 3341 5"mcere
1156 3294 1210 3339 οι
1235 3285 1325 3339 ubi
1353 3294 1407 3339 οι
1453 3284 1580 3338 mihi
1614 3285 1844 3354 PUlel‘il?
1871 3286 1953 3354 (lt)
1988 3288 2166 3343 liabeo
2188 3291 2349 3345 etiam
2377 3296 2421 3357 C
2455 3309 2691 3357 carnem,
2722 3307 2787 3344 an
2816 3304 2949 3345 vero
2985 3288 3274 3342 laniatam?
3298 3299 3420 3356 quae
3452 3283 3650 3354 justior
3674 3282 3833 3337 venia
3864 3282 3924 3335 in
3951 3294 4063 3335 om-

752 3393 895 3433 nunc
918 3392 1022 3447 quo
1042 3377 1262 3447 probem
1294 3376 1585 3431 Christum.
1613 3376 1669 3431 Si
1706 3386 1983 3447 propterea
2022 3381 2267 3435 Christus
2294 3382 2343 3436 in

753 3480 990 3540 martyre
1007 3479 1109 3535 est,
1140 3480 1197 3523 ut
1224 3468 1465 3524 mmchos
1492 3478 1545 3523 et
1571 3467 1918 3523 fornicatores
1946 3482 2145 3541 martyr
2170 3472 2348 3527 absol-

754 3572 860 3629 vat,
882 3561 1088 3617 occulta
1127 3560 1304 3617 cordis
1338 3560 1533 3628 edicat,
1558 3570 1617 3614 ut
1655 3560 1726 3615 ita
1752 3560 1944 3617 delicta
1972 3564 2249 3630 concedat,
2293 3577 2346 3622 et

754 3652 999 3710 Christus
1025 3659 1139 3717 est;
1164 3651 1241 3706 sic
1266 3651 1407 3707 enim
1442 3650 1697 3708 Dominus
1724 3650 1879 3708 Jesus
1904 3652 2146 3710 Christus
2173 3665 2345 3726 potes-

2452 3386 2611 3441 nibus
2632 3384 2855 3450 caussis,
2886 3396 3045 3453 quam
3076 3376 3427 3439 voluntarius,
3450 3391 3517 3429 an
3539 3389 3699 3445 quam
3726 3373 3935 3427 invitus
3955 3386 4065 3443 pec-

2451 3488 2601 3535 cator
2624 3473 2915 3545 implorat?
2946 3471 3116 3527 Nemo
3138 3471 3323 3525 volens
3353 3482 3547 3538 negare
3564 3464 3939 3534 compellitur,
3977 3479 4067 3519 ne-

2451 3584 2541 3624 mo
2571 3568 2758 3624 nolens
2784 3566 3075 3621 fornicatur
3106 3582 3119 3618 :
3152 3563 3291 3617 nulla
3316 3560 3383 3616 ad
3423 3558 3700 3616 libidinem
3726 3560 3810 3614 vis
3832 3568 3944 3625 est,
3969 3554 4062 3613 nisi

2450 3651 2601 3732 ipsa;
2630 3658 2800 3714 nescit
2846 3657 2987 3729 quod
3037 3657 3165 3711 libet
3207 3654 3349 3724 cogi.
3385 3650 3466 3724 (j)
3508 3650 3869 3723 Negationem
3916 3664 4066 3722 porro

1986 3768 2370 3832 LECTIONES
2408 3772 2822 3833 \‘ARIANTES.

823 3888 899 3955 (Ι)
933 3886 1161 3955 Ponariis
1185 3888 1288 3936 Lat.

821 3951 895 4078 12)
930 3951 1085 4023 Capiti
1110 3950 1212 3999 Lat.

844 4015 896 4076 ὅ)
932 4012 1085 4062 Leoni
1110 4012 1212 4062 Lat.

880 4022 896 4076 )
932 4022 1085 4062 Leoni

2554 3888 2602 3942 ti
2638 3889 2889 3938 Adstricto
2910 3883 3061 3937 Seml.
3090 3882 3254 3935 Obert.

2554 3889 2585 3942 t
2638 3889 2889 3938 Adstricto
2910 3888 3061 3937 Semt.
3090 3888 3254 3935 Obert.

2523 3888 2602 4079 ἓξὲξ
2636 3951 2879 4001 Obediret
2904 3946 3053 4000 Seml.
3082 3944 3280 3999 Obertlt.

2545 4016 2576 4061 6
2636 4014 2865 4076 Ingeram
2881 4024 3041 4075 usque
3066 4010 3169 4060 Lat.

2545 4010 2597 4076 ti)
2636 4014 2865 4076 Ingeram
2881 4024 3041 4075 usque
3066 4010 3169 4060 Lat.

2115 4115 2674 4176 COMMENTARIUS.

755 4240 767 4288 ε
832 4232 1182 4309 (aLNccAuui
1214 4230 1373 4309 magis
1411 4229 1616 4309 adimat
1634 4227 2161 4309 carceris._re_diuttn_t‘t,
2192 4246 2346 4309 guunt

758 4299 849 4381 qui
874 4299 1154 4381 Ecclesium
1187 4299 1529 4381 perdiderunt.
1556 4299 1753 4381 __h_la|uit
1778 4300 2018 4381 Lgtinius
2036 4342 2050 4363 ,
2081 4299 2343 4381 Εσςίρδῑμρ,

760 4371 819 4435 ut
846 4382 914 4435 de
954 4371 1207 4433 Ecclesia;-
1249 4374 1394 4427 aditu
1442 4372 1782 4441 intelligatur.
1812 4371 2113 4426 Perdidisse
2165 4371 2349 4426 Eccle-

758 4452 917 4517 siam,
947 4450 1065 4504 sive
1114 4446 1369 4501 Ecclesia:
1443 4442 1641 4496 aditqu
1707 4443 2002 4517 dicuntur,
2077 4442 2207 4517 qui__
2245 4444 2346 4497 Ec-

760 4512 921 4577 clesia
970 4526 1093 4574 sunt
1131 4517 1319 4588 ejecti;
1350 4525 1407 4567 ut
1442 4525 1647 4588 contra,
1699 4514 1849 4568 reddi
1884 4513 2117 4588 Ecclcsnt
2157 4512 2351 4588 dicitur

2450 4231 2613 4286 clesia
2661 4244 2845 4289 pacem
2877 4227 3132 4284 redimit!
3163 4226 3281 4281 Rto.

2526 4302 2601 4372 (ιι)
2634 4300 2870 4354 Denuriis
2895 4299 3140 4369 suppt'cx,
3174 4295 3368 4350 medico
3396 4291 3643 4372 concinite:
3675 4301 3725 4346 et
3747 4292 4057 4372 {matari

2454 4362 2829 4442 Coniecturam
2878 4362 3297 4442 prot'uli_,_quam_
3324 4366 3457 4420 tanti
3514 4362 3675 4430 facio,
3710 4366 3902 4433 quanti
3952 4380 4061 4420 esse

2456 4462 2554 4515 per
2571 4437 2913 4515 exemplaria
2942 4437 3227 4515 videbitur.
3262 4437 3386 4515 lito.

2528 4515 2601 4587 (e)
2637 4505 2769 4587 Puta
2795 4528 2930 4587 nunc
2953 4511 3045 4565 sub
3071 4511 3267 4587 gladio.
3288 4509 3451 4574 Quasi
3480 4506 3680 4562 diceret
3713 4522 3728 4558 ε
3757 4505 3958 4560 Demus
3979 4520 4064 4587 au-

761 4593 953 4663 quibus
978 4580 1272 4663 redduntur
1296 4587 1415 4656 jura
1445 4586 1589 4656 pacis
1618 4587 1731 4639 sive
1760 4586 2149 4639 communionis
2177 4587 2349 4639 cccle-
2377 4592 2429 4656 D
2457 4580 2563 4642 tem
2583 4580 2717 4663 istos
2742 4584 2807 4638 de
2828 4584 3017 4653 quibus
3044 4580 3201 4663 supra
3220 4583 3416 4634 dictum
3439 4588 3543 4641 est,
3567 4591 3728 4631 veros
3757 4591 3887 4633 esse
3915 4588 3968 4633 et
3987 4580 4066 4631 in-

763 4660 1015 4719 siasticae.
1044 4660 1166 4716 RIG.

835 4733 911 4805 (b)
954 4728 1351 4805 Viotatttttr_viri
1394 4727 1708 4805 ac__[mt_nit_tre
1743 4724 1798 4779 in
1834 4726 2071 4805 tenebris.
2120 4726 2248 4793 ane
2298 4727 2365 4779 ab

764 4799 995 4861 ethnicis
1020 4804 1146 4858 olim
1175 4801 1433 4855 adversus
1461 4799 1794 4854 Christianos
1826 4799 2187 4865 iactabantur,
2220 4810 2365 4852 atro-

763 4877 908 5000 Eiora
938 4891 1041 5000 tam
1070 4883 1221 4927 erant
1249 4872 1365 4925 istis
1391 4887 1508 4941 qua:
1531 4868 1820 4939 Septimius
1841 4868 2118 4939 Psychicis
2148 4871 2259 4923 suis
2280 4871 2362 4923 iu-

811 4962 920 5000 iatt.
1007 4961 1075 5000 ιο.

766 4947 920 5003 ﬂiait.
949 4947 1075 5000 Rto.

1158 5014 1362 5089 metalla
1403 5011 1719 5089 confugiunt.
1754 5010 1887 5089 Alii,_
1911 5012 2095 5089 inquit.
2130 5009 2198 5062 oh
2225 5025 2360 5089 mo;-

764 5082 939 5145 chiant
969 5096 1058 5140 aut
1088 5086 1488 5140 fornicationem
1533 5083 1710 5153 ejecti,
1743 5082 1972 5153 ethnicis
1999 5084 2360 5153 procuratori-

768 5162 865 5215 bus
891 5159 1225 5212 metallorum
1251 5156 1532 5222 corruptis,
1562 5150 1633 5204 ad
1669 5152 1880 5205 metalla
1912 5150 2223 5222 confugiunt
2252 5193 2266 5217 ,
2297 5167 2362 5208 ac

763 5245 863 5301 pro
879 5230 1073 5285 Christi
1096 5228 1309 5301 nomine
1322 5237 1495 5295 raptos
1510 5224 1574 5278 ad
1588 5240 1648 5277 ea
1671 5238 1727 5276 se
1747 5224 1771 5276 f
1770 5226 1910 5301 uisse
1930 5225 2204 5301 simulant:
2222 5222 2363 5279 unde

765 5295 915 5365 inox,
948 5310 1195 5369 tanquam
1238 5298 1524 5367 degustato
1562 5296 1850 5369 martyrio.
1877 5295 1942 5369 ad
1988 5296 2362 5350 ecclesiashca

766 5364 1162 5427 couunnuiouis
1192 5364 1375 5438 pacein
1409 5374 1769 5421 revertuntur.
1800 5364 1928 5419 lude
1970 5375 2145 5438 autem
2178 5379 2360 5438 rever-

766 5453 950 5498 ttmtur
977 5444 1063 5495 ubi
1090 5435 1204 5510 jaui
1225 5438 1370 5493 aliud
1412 5437 1723 5508 martyrium
1770 5437 2126 5510 necessarium
2161 5445 2263 5510 est,
2295 5435 2364 5489 ob

767 5528 829 5569 ea
865 5506 1113 5567 nimirum
1142 5511 1331 5564 delicta
1364 5526 1481 5579 qua:
1519 5506 1643 5562 dum
1672 5508 1810 5579 apud
1851 5507 2062 5561 metalla
2104 5522 2197 5576 per
2226 5506 2363 5559 frau-

766 5587 888 5638 dcni
922 5584 1115 5638 liltCllil’.
1143 5577 1401 5653 pactionis
1426 5589 1655 5653 agerent
1679 5618 1693 5643 ,
1721 5577 1892 5653 forma
1926 5579 2220 5653 negationis
2258 5594 2361 5653 tt‘otl

767 5655 1035 5711 levissima
1057 5648 1386 5707 contraxere.
1413 5652 1540 5716 Quis
1558 5649 1778 5719 martyr!
1808 5649 1858 5702 in
1883 5651 2078 5703 seculo
2102 5648 2365 5719 agensiu-

768 5736 851 5780 ter
879 5726 1152 5789 ethnicos,
1180 5723 1434 5775 damnatis
1472 5718 1725 5790 supplex,
1770 5732 1960 5788 nempe
1995 5719 2237 5790 hostibus
2271 5718 2361 5790 Dei

769 5806 826 5851 et
849 5796 1062 5859 Christi,
1094 5796 1283 5849 interno
1310 5788 1553 5846 obnoxius
1577 5801 1619 5844 et
1646 5791 1960 5861 fornicatori,
1996 5790 2098 5861 hoc
2125 5788 2363 5850 estiido-

772 5867 944 5925 lorum
974 5868 1285 5928 cultoribus,
1318 5863 1402 5919 vel
1434 5861 1618 5916 iisdem
1645 5860 1856 5930 quoque
1888 5876 1945 5914 re
1993 5860 2107 5931 ipsa
2136 5861 2363 5914 tuan-his

776 5947 828 5996 ct
850 5937 1274 6005 l'ortticatoribus,
1304 5949 1333 5989 a
1364 5933 1556 6006 quibus
1575 5941 1751 5989 tamen
1784 5946 1932 5988 suam
1964 5932 2076 6002 ipse
2106 5946 2225 5988 cum
2256 5931 2357 5988 Ec-

2468 4658 2739 4712 dubitatos
2771 4666 3053 4724 martyres.
3085 4652 3204 4707 th.

2543 4728 2614 4797 (ι’)
2646 4727 2766 4779 Jam
2790 4719 2929 4779 Ironé
2951 4740 3206 4797 concesso.
3235 4720 3391 4797 Circo
3418 4719 3668 4797 videlicet
3696 4720 4063 4797 conclamante

2468 4789 2769 4854 Chiiétiunis
2796 4798 3005 4851 leonem.
3038 4795 3124 4849 Sic
3141 4795 3238 4846 lib.
3262 4794 3330 4847 de
3351 4791 3681 4861 Spectaculis
3713 4808 3727 4843 :
3757 4789 3883 4844 Illic
3904 4792 3955 4843 in
3983 4804 4065 4842 nos

2467 4869 2942 4945 quotidiuni‘leones
2964 4864 3522 4945 expostulantur._ltto_.
3626 4932 3637 4943 .

2480 4930 2491 4940 '
2540 4941 2613 5013 (ὅ)
2658 4939 2889 5009 δυΙΙὶυἱιιι
2933 4930 3163 5007 martyri,
3195 4949 3302 4991 etc.
3369 4936 3473 4988 Ant
3502 4932 3734 5012 loquitur
3773 4930 3847 4985 de
3877 4941 4067 5001 marty-

2469 5012 2614 5067 ribus
2641 5013 2729 5080 qni
2761 5026 2858 5063 suo
2882 5007 3571 5080 martyriobaptizabantur,
3599 5012 3690 5057 aut
3736 5003 3985 5080 intelligit
4006 5006 4067 5054 tie

2466 5073 2768 5139 omnim'oda
2800 5073 3114 5150 purgatione
3140 5073 3456 5150 delictorum
3482 5089 3672 5150 quam_
3687 5073 3823 5150 so_lis
3876 5085 4066 5150 marry.

2468 5156 2613 5208 ribus
2636 5166 2744 5205 ttttu
2775 5139 3012 5220 insciton
3040 5149 3228 5212 semel,
3261 5162 3444 5214 supra,
3465 5139 3604 5220 _titm_
3630 5143 3698 5220 _B.
3726 5139 4062 5220 Cyprianus,

2466 5222 2699 5293 Epistola
2742 5212 2812 5277 52
2838 5264 2850 5283 .
2904 5221 2969 5275 ad
3014 5212 3370 5293 Antonianum
3392 5214 3663 5293 adscribit
3691 5255 3708 5281 ,
3741 5212 3827 5267 ita
3862 5224 3924 5269 ut
3947 5212 4067 5268 nihil

2467 5285 2632 5356 restet
2665 5306 2784 5360 posit
2812 5294 2948 5346 hanc
2977 5291 3136 5344 vitam
3169 5286 3521 5360 purgandum.
3563 5285 3703 5360 Pu.

2541 5366 2619 5437 (h)
2648 5354 2821 5418 Habeo
2848 5378 2981 5417 nunc
3006 5376 3105 5437 quo
3142 5354 3348 5437 probent
3376 5358 3652 5412 Christum.
3684 5354 3827 5437 Hoc“
3848 5364 3955 5437 est,
3984 5355 4069 5407 ha-

2467 5426 2567 5490 beo
2598 5426 2737 5490 nunc
2778 5451 2882 5504 qtto
2924 5426 3152 5503 probcm'
3192 5429 3463 5487 Christum
3510 5437 3727 5498 peccata
3771 5426 4068 5489 dimittere.

2467 5522 2572 5560 non
2608 5519 2915 5577 martyrem.
2948 5504 3071 5559 Rto.

2541 5577 2624 5649 (i)
2658 5566 3053 5647 Ing'crnmusque
3096 5574 3148 5627 in
3198 5572 3368 5625 sinum
3420 5584 3616 5649 necesse
3656 5568 3849 5649 eth-Ill
3881 5566 4069 5649 _sinnm

2466 5636 2866 5720 Psyeiiicoitttti,
2900 5636 2981 5701 αι’
3005 5658 3190 5700 eorum
3219 5639 3607 5697 contumaciam
3656 5636 4069 5763 continuantes.

3909 5723 3984 5763 te.

3909 5723 3984 5763 ιε.

2540 5790 2557 5860 (
2570 5790 2620 5861 j)
2655 5787 2705 5842 Ν
2711 5789 2998 5861 egotiouem
3017 5801 3168 5857 porro
3192 5793 3385 5861 quanta
3410 5780 3718 5861 compellunt
3737 5820 3752 5845 ,
3780 5787 3894 5861 etc.
3941 5776 4071 5861 Quid

2468 5849 3163 5916 hoc'lest‘ftornicationcm
3200 5849 3499 5910 idololatria
3523 5849 3806 5923 'inajoretn
3851 5849 4074 5923 facere?

2469 5942 2655 6006 πορειι
2681 5930 2894 6005 quidem
2935 5938 3209 6002 peccatum
3247 5936 3329 5984 est
3371 5935 3421 5982 et
3452 5921 3719 5998 graveet
3770 5921 4074 5987 letbalept
