4220 6492
154 383 297 443 1099

1522 376 1721 433 LIBER
1758 378 1850 434 DE
1893 377 2156 437 PALLIO.

3319 374 3456 433 1030

152 514 353 573 qttattla
380 502 703 572 compellunt
737 501 942 571 ingenia
974 501 1239 556 carnificis
1268 513 1319 555 et
1345 516 1537 570 genera
1565 516 1745 571 pama-
1778 501 1825 557 A
1858 496 2104 567 gloriosm
2126 537 2139 559 ,
2171 494 2291 565 quia
2316 506 2419 547 non
2441 489 2700 547 vincendo
2725 498 3019 554 cesserunt,
3053 489 3102 543 iu
3130 503 3259 559 quas
3285 489 3459 545 adhuc

153 598 311 651 rum“?
334 597 461 665 Quis
511 597 676 665 magis
722 600 948 663 negavit,
983 595 1068 663 qui
1105 596 1376 649 Christum
1408 603 1645 659 vexatus,
1688 610 1754 646 an

154 690 246 757 qni
280 689 574 743 delectatus
598 688 919 756 amisit?qui
962 703 1081 741 cum
1120 689 1387 742 amitteret
1425 686 1525 758 (Ι),
1555 686 1762 741 doluit?

153 793 226 835 an
266 780 355 848 qui
387 796 505 833 cunt
533 779 797 833 amitteret
848 780 1007 833 lusit?
1042 779 1106 832 Et
1156 792 1329 835 tamen
1364 780 1465 833 illa}
1488 780 1765 834 cicatrices

154 872 456 927 christiano
509 870 689 937 pt'mlio
742 871 1038 937 insculptas,
1095 882 1149 924 et
1177 872 1359 939 utique
1388 871 1462 941 (α)
1492 871 1766 925 invidiosa:

152 964 299 1034 apud
334 964 625 1029 Christum,
647 965 765 1034 quia
799 966 989 1018 vicisse
1015 966 1314 1034 cupierunt,
1364 976 1417 1018 et
1455 967 1531 1019 sic
1562 980 1770 1035 quoque

1867 597 1921 644 et
1964 585 2209 641 diabolus
2240 586 2352 654 ipse
2397 586 2648 654 suspirat,
2676 599 2795 639 cum
2842 598 2936 637 sua
2989 580 3317 645 infelicitate,
3363 580 3457 635 sed

1869 688 2047 742 casta;
2076 693 2197 731 cum
2217 676 2530 747 pmnilentia
2556 685 2835 737 mmrente,
2856 673 2948 729 sed
2977 688 3081 727 non
3109 672 3460 728 erubescente

1870 771 1934 824 ad
1960 770 2238 823 Dominum
2258 768 2325 823 de
2346 769 2521 823 venia.
2564 766 2635 838 (ιι)
2658 768 2837 821 Denuo
2856 765 3139 819 dimittitur
3153 763 3232 818 eis
3248 764 3335 833 qui
3357 764 3460 833 pia-

1871 862 2122 917 enlariter
2154 868 2520 931 negaverunt;
2570 862 2639 932 (ε)
2672 859 2800 915 solis
2840 859 2943 913 illis
2969 873 3096 912 eam
3120 856 3324 912 infirma
3355 866 3454 910 est.

1877 956 2035 1024 Atqui
2064 953 2206 1009 nulla
2232 962 2337 1009 tam
2364 953 2515 1009 fortis
2542 967 2689 1019 caro,
2712 968 2868 1022 quam
2891 966 3009 1022 quae
3026 949 3269 1021 spiritum
3289 948 3456 1003 elidit.

1375 1076 1747 1140 LECTIONES
1781 1084 2193 1143 VARIANTES.

227 1173 299 1234 (I)
337 1171 597 1220 Averterct
624 1168 771 1221 Seml.
824 1169 1018 1221 Obertlt.

1484 1258 2048 1323 COMMENTARIUS.

156 1352 457 1407 idololatria
482 1350 872 1421 gravissimum,
909 1364 1002 1418 pro
1026 1358 1218 1416 quotot
1236 1350 1488 1420 supplicia
1518 1352 1566 1404 in
1592 1356 1756 1409 veteri

158 1424 403 1477 Ecclesia
424 1464 437 1483 ,
472 1431 652 1491 ltltltte
679 1422 899 1475 instituti
935 1423 1067 1475 ritus
1098 1421 1406 1487 ptenitendt.
1446 1423 1517 1477 Ls
1549 1424 1643 1478 Pu.

235 1493 313 1571 (ει)
368 1492 639 1571 lucidius-tv
678 1493 817 1571 opteri
868 1494 1142 1571 Chr-istum.
1203 1493 1451 1571 Invidiam
1491 1497 1756 1571 Al'acientcs

155 1561 401 1620 Christo.
426 1564 513 1617 Sic
542 1566 629 1616 lib.
662 1563 725 1615 de
750 1562 916 1636 Fuga,
951 1561 1092 1636 Mula
1126 1564 1364 1616 invidiam
1396 1569 1439 1618 ei
1462 1569 1639 1636 facere
1672 1586 1760 1636 per

157 1639 467 1690 voluntatem
498 1636 655 1704 ipsius
677 1634 948 1703 pereundo.
986 1635 1219 1686 llixitnth
1250 1650 1425 1701 supra.
1456 1635 1570 1691 R10.

238 1706 321 1777 (lt)
365 1706 538 1758 Ilentto
569 1706 841 1777 tlinnttitur
871 1705 938 1758 eis
966 1706 1049 1774 qui
1082 1706 1405 1773 piueuluriter
1428 1722 1753 1777 neguwrnnt.

155 1776 332 1832 Cedat
358 1777 563 1830 veritati
598 1776 785 1845 pudor,
817 1784 868 1827 ct
898 1787 1103 1829 mutare
1148 1780 1462 1830 sententiam
1498 1776 1662 1833 uultis
1694 1784 1756 1833 li-

156 1859 320 1912 ceat,
377 1849 419 1921 s_i
468 1864 661 1921 negare
706 1864 819 1921 nou
877 1847 997 1921 licet
1046 1849 1093 1921 in
1144 1848 1452 1921 authentico
1506 1853 1760 1918 scriptum

1862 1377 1985 1415 Vase
2032 1380 2091 1417 ac
2127 1364 2331 1433 peculio
2370 1378 2466 1416 suo
2517 1361 2879 1425 abntcntibns,
2908 1360 3147 1433 adeoque
3186 1359 3459 1433 Christum

1863 1431 2198 1503 rogantibus,
2231 1438 2438 1503 quoties
2471 1434 2706 1487 membra
2751 1450 2841 1486 sua
2878 1475 2891 1495 ,
2919 1449 3035 1502 qua:
3067 1432 3210 1485 fuere
3243 1431 3459 1494 Christi,

1863 1504 2059 1559 faciunt
2087 1510 2321 1560 mentht'a
2349 1506 2665 1559 meretricis.
2698 1504 3045 1559 Peculiariter
3066 1503 3335 1557 Christum
3367 1518 3464 1556 ne-

1859 1587 1985 1643 gant
2028 1580 2114 1647 qui
2165 1579 2232 1631 de
2297 1577 2500 1644 peculio
2540 1591 2638 1630 suo
2698 1576 2919 1641 lndttnt,
2971 1574 3229 1629 adversus
3285 1574 3464 1628 datam

1860 1648 2076 1702 Christo
2103 1649 2285 1702 Iidem.
2319 1648 2438 1701 “t6.

1939 1721 2009 1787 te)
2045 1720 2181 1773 Solis
2210 1720 2312 1772 illis
2330 1735 2449 1771 caro
2481 1718 2687 1784 inﬁrma
2714 1728 2806 1771 est.
2837 1716 3179 1782 Libidinosis,
3215 1715 3465 1777 ntwcltis,

1866 1789 2295 1844 fortttcatorilnts.
2354 1790 2729 1860 l’syclticm'utn
2780 1788 3115 1857 (Itscipliuam
3163 1790 3463 1856 vitUpet‘at,

1866 1863 1953 1928 qui
1987 1862 2053 1914 de
2080 1864 2247 1914 tribus
2269 1862 2476 1915 delictis
2505 1860 2814 1923 mortiferis,
2850 1860 3145 1913 idololatria
3174 1861 3283 1913 sive
3299 1874 3465 1925 nega-

158 1917 563 1997 fuisse_,_Denu6
592 1919 859 1969 dimittitur
883 1919 953 1970 eis
983 1917 1755 1997 quipeculibtriternegaverunt-
1795 1928 1839 1986 Β
1872 1917 2046 1997 tione,
2079 1932 2365 1985 homicidio
2391 1973 2404 1991 ,
2447 1943 2500 1984 ct
2554 1917 2812 1996 tumebia,
2860 1931 2988 1984 solis
3023 1930 3246 1984 tntnchis
3290 1917 3473 1983 Eccle-

161 1990 311 2044 Nam.
332 1991 379 2043 id
408 1996 637 2041 clausula
667 2005 895 2057 sequens
921 1991 1136 2043 evincit.
1172 1989 1325 2061 Ludit
1360 1993 1481 2043 Afer
1516 1994 1761 2061 ambiguo

159 2062 434 2120 vocabuli,
451 2072 497 2113 et
514 2062 741 2134 jaculunt
760 2071 973 2134 torquet
989 2060 1360 2134 in_l‘.~.\'chicus.
1392 2063 1547 2131 quale
1576 2060 1755 2134 supra,

159 2148 291 2207 cum
346 2133 635 2186 exteriores
692 2131 898 2207 botulus
949 2130 1136 2207 iisdem
1166 2132 1384 2197 obiecit,
1417 2136 1504 2207 qui
1550 2130 1759 2189 luxuria

164 2204 536 2262 tenderentur,
557 2214 607 2253 ct
630 2203 837 2271 nuptias
856 2205 1105 2270 repetitas
1124 2207 1408 2271 probarcttt
1426 2203 1446 2257 τ’
1464 2206 1661 2271 Denuo,
1684 2210 1760 2260 itt-

162 2281 282 2339 «iuit
312 2315 325 2335 ,
370 2274 639 2325 dimittitur
668 2277 737 2325 eis
767 2275 850 2342 qui
888 2276 1206 2338 peculiariter
1248 2289 1569 2343 negurerunt.
1604 2278 1766 2344 Quasi

164 2348 372 2397 diceret
407 2362 418 2395 :
451 2344 763 2397 llominibus
804 2347 937 2397 bene
979 2348 1171 2398 vasatis
1217 2358 1266 2400 ct
1315 2350 1447 2400 bene
1495 2352 1769 2415 peculiatis

166 2415 638 2485 laventl’sychici,
668 2416 752 2484 qui
795 2417 1155 2484 pt‘ettitcntiatn
1199 2418 1471 2486 indulgent
1512 2423 1769 2487 mazcbis,

204 2538 215 2541 ν
236 2533 517 2544 -*---.

1870 2006 2001 2056 siam
2057 2004 2370 2069 redderent,
2398 2020 2515 2072 qnzc
2559 2008 2725 2069 magis
2756 2001 3022 2055 reddenda
3059 2002 3326 2055 videretur
3358 2000 3472 2072 ido-

1868 2075 2110 2139 lolatris,
2165 2078 2276 2128 sive
2323 2074 2658 2143 negantibus,
2688 2082 2803 2142 post
2859 2087 3165 2141 expressain
3216 2071 3469 2143 violentia

1870 2156 2252 2198 tormentorum
2284 2142 2636 2199 idololatrian:
2661 2158 2773 2197 sive
2799 2144 3131 2214 negationem
3161 2142 3466 2214 pernitend-

1873 2217 1990 2279 bus,
2016 2231 2135 2269 cum
2167 2217 2271 2279 isti,
2301 2234 2403 2269 non
2431 2217 2530 2269 nisi
2556 2215 2842 2283 aSperitate
2868 2225 3251 2267 toruteutortnn
3276 2213 3469 2275 coacti,

1874 2300 1923 2339 at
1956 2288 2146 2341 ntaechi
2178 2297 2231 2341 et
2277 2286 2645 2348 fornicatores,
2681 2301 2772 2353 per
2817 2285 3090 2338 libidinem
3132 2295 3186 2339 et
3235 2285 3476 2353 Vultlpla-

1880 2368 1983 2412 tem
2016 2373 2205 2429 Sponte
2234 2359 2332 2428 ipsi
2361 2368 2565 2427 suapte,
2602 2358 2959 2426 peccaverint.
2986 2355 3106 2412 th.

204 2538 215 2541 ν
236 2533 961 2546 _*-——-C—_—.—'_—-’"_
1315 2539 1605 2549 ———
1797 2542 2001 2552 _—--

195 2537 3413 2595 gazam—‘—

628 2671 996 2756 QUlNTl
1048 2673 1550 2745 SEPTIMII
1606 2676 2212 2748 FLOBENTIS
2260 2674 3022 2749 TERTULLIANI

1241 2826 1478 2953 DE
1569 2827 2248 2958 PALLIO
2303 2807 2379 2871 (ίθ

1696 3013 1954 3073 LIBER.

1527 3158 1787 3171 _———

1795 3142 1835 3183 Θ
1852 3151 2187 3178 ‘r—-—-

257 3248 648 3302 Anccstssruu.
685 3272 755 3284 --
793 3240 904 3296 Hoc
942 3240 1237 3312 opusculum
1274 3254 1365 3309 pro
1397 3239 1554 3309 pallio
1597 3238 1779 3307 apolo-
1807 3236 1851 3297 C
1886 3250 1995 3301 ses,
2015 3246 2276 3292 vetustate
2296 3237 2522 3303 nobiles,
2549 3239 2783 3294 novitate
2808 3238 3008 3307 felices,
3029 3239 3234 3310 gaudeo
3254 3257 3349 3297 vos
3374 3253 3481 3300 tam

178 3342 320 3411 giam
376 3356 514 3401 esse,
569 3338 775 3391 satirico
822 3336 927 3389 sale
978 3336 1276 3404 inspersam,
1332 3332 1470 3402 apud
1516 3330 1782 3401 Curtltugic

180 3432 381 3486 nienses
410 3429 629 3480 Imbitam
657 3426 841 3479 eruditi
862 3425 1197 3479 consentiunt.
1225 3424 1349 3477 Cum
1372 3432 1502 3478 enim
1523 3441 1554 3477 a
1576 3425 1785 3493 populu-

180 3526 323 3576 ribus
356 3523 459 3575 suis
488 3520 954 3590 reprehenderetur,
995 3518 1129 3587 quod
1167 3526 1335 3587 togam
1366 3518 1523 3584 pallio
1550 3532 1781 3569 commu-

184 3624 373 3680 tassel,
412 3615 503 3666 hoc
547 3624 647 3677 est,
698 3612 831 3680 quod
878 3610 1062 3663 Clu-isti
1105 3610 1300 3662 militia:
1326 3624 1506 3661 nomen
1542 3606 1779 3671 dedisset,

185 3709 394 3763 satirica
448 3706 541 3759 Itur.
580 3704 815 3774 upologiu
864 3702 939 3755 illi
981 3702 1195 3754 occurrit
1237 3718 1254 3752 :
1300 3701 1558 3769 noluitque
1597 3699 1689 3751 sibi
1715 3699 1786 3750 in-

187 3799 488 3854 constantia:
542 3800 727 3849 crimen
795 3795 1091 3861 adha'rere,
1162 3793 1414 3864 fuisseque
1470 3808 1664 3861 semper
1732 3792 1786 3843 in

191 3894 310 3947 orbe
330 3891 561 3944 universo
586 3889 648 3941 ub
666 3888 825 3959 ipsius
844 3889 992 3941 condi
1000 3900 1049 3940 tu
1066 3888 1338 3957 o/ﬁciorum
1356 3886 1785 3939 commutationes.

723 3978 950 4036 CAPUT
993 3978 1277 4035 PRIMUM.

266 4072 541 4143 Principes
575 4086 788 4142 semper
810 4071 878 4143 (ε)
918 4069 1111 4126 Africa:
1143 4072 1235 4141 (f),
1264 4069 1359 4124 viri
1392 4067 1794 4139 Carthaginien-

1890 3344 2174 3400 prosperos
2199 3339 2521 3401 temporum,
2546 3346 2665 3386 cum
2697 3332 2764 3385 ita
2814 3340 2969 3386 vacat
3001 3347 3062 3386 ac
3088 3332 3262 3401 juvat,
3282 3336 3361 3405 (g)
3390 3335 3485 3390 Ita-

1889 3420 2029 3478 bitus
2055 3422 2333 3478 denotare.
2389 3424 2538 3479 Pacis
2582 3425 2695 3479 bare
2744 3434 2798 3479 et
2836 3440 3061 3479 annona:
3111 3425 3188 3495 (2)
3222 3428 3328 3481 otia
3369 3445 3381 3481 :
3415 3426 3483 3482 ab

1890 3519 2114 3587 imperio
2142 3530 2195 3572 et
2220 3535 2246 3571 a
2272 3520 2411 3573 coelo
2440 3518 2576 3575 bene
2604 3527 2707 3573 est.
2759 3516 2961 3573 Tamen
3008 3528 3061 3573 et
3090 3520 3242 3573 vobis
3273 3519 3485 3575 habitus

1888 3609 2044 3662 aliter
2074 3608 2235 3674 olim;
2268 3609 2459 3663 tunica:
2504 3610 2668 3672 luere,
2724 3619 2777 3663 et
2806 3610 3019 3678 quidem
3054 3610 3105 3662 in
3138 3609 3273 3663 fama
3307 3611 3388 3680 (Ii)
3418 3610 3485 3665 de

1891 3702 2206 3756 subteminis
2250 3702 2447 3766 studio,
2503 3710 2558 3756 et
2603 3700 2664 3774 (i)
2722 3702 2939 3757 luminis
2987 3703 3214 3757 concilio
3259 3701 3373 3774 (ὅ),
3432 3711 3489 3759 ct

1894 3811 2158 3849 mensurte
2209 3804 2673 3865 temperamento;
2720 3795 2859 3866 quod
2908 3812 3081 3867 neque
3131 3808 3278 3853 trans
3333 3812 3487 3852 crura

1896 3888 2151 3957 prodigae,
2200 3903 2299 3943 nec
2324 3888 2458 3941 intra
2490 3903 2657 3957 genua
2692 3882 3085 3953 invereciittdw,
3114 3904 3213 3944 nec
3257 3889 3489 3944 brachiis

1899 3994 2040 4049 pars;
2074 3980 2141 4046 (j)
2170 3978 2273 4046 (4),
2308 3992 2405 4032 nec
2433 3979 2677 4031 manibus
2703 3988 2887 4045 arcte,
2916 3978 2996 4049 (lt)
3044 3979 3136 4034 sed
3169 3994 3267 4035 nec
3306 3980 3490 4051 cingu-

1898 4069 1951 4123 lo
1980 4070 2127 4123 sinus
2155 4068 2399 4124 dividere
2428 4068 2508 4141 (ὅ)
2531 4070 2822 4138 expetitqu
2854 4088 2866 4125 :
2893 4066 2957 4141 (ι)
2990 4071 3245 4140 quadrata
3281 4071 3488 4143 justitia

1422 4185 1801 4243 LEC'l‘lONES
1842 4184 2249 4240 VARIANTES.

282 4284 331 4346 Ξ)
351 4283 417 4334 Et
434 4296 621 4333 annOua
636 4289 701 4346 _et
717 4285 813 4333 otia
831 4280 1117 4334 Salmasius.

282 4285 331 4346 Ξ)
351 4285 417 4334 Et
434 4296 621 4333 annOua
650 4289 701 4333 et
717 4285 813 4333 otia
831 4285 1117 4334 Salmasius.

253 4285 330 4412 i5)
352 4346 560 4397 Consilio
583 4342 734 4397 then.
758 4347 969 4412 Fruueq.
993 4348 1160 4397 Puris.

1953 4283 2027 4344 (Δ)
2061 4282 2229 4333 Parem
2253 4282 2407 4331 Fran.
2433 4283 2554 4330 Par.
2581 4294 2696 4344 pare
2724 4283 2868 4331 Rhen.

1956 4340 2030 4408 (5)
2047 4344 2309 4394 Dividente
2335 4340 2743 4406 expedita'ltlteu.
2772 4344 3058 4408 expeditum
3080 4340 3237 4396 Salm.

1539 4427 2097 4485 COMMENTARIUS.

274 4545 355 4619 (d)
388 4545 463 4601 De
492 4545 680 4601 Pallio.
716 4547 873 4601 Multa
908 4548 957 4601 in
988 4548 1122 4602 hanc
1165 4562 1299 4605 rem.
1331 4545 1568 4619 adeoque
1611 4546 1788 4619 adto-
1818 4549 1870 4607 D
1899 4554 2069 4619 turam
2093 4543 2365 4619 intelligit.
2400 4543 2566 4600 SALu.

194 4617 309 4674 tius
328 4619 569 4687 opusculi
602 4621 771 4673 lucem
814 4619 1065 4687 prtct'lara
1108 4619 1322 4672 tradidit
1345 4617 1423 4672 Cl.
1475 4618 1789 4682 Salmasius,

196 4690 440 4747 editione
486 4689 549 4742 ad
606 4702 841 4744 veterum
898 4692 1284 4757 exemplarimn
1315 4690 1470 4743 fidem
1500 4690 1792 4743 accuratis-

200 4764 365 4817 sima.
393 4761 517 4814 Eant
549 4776 678 4815 vero
708 4777 805 4814 nos
839 4762 1031 4830 ubique
1061 4762 1173 4815 fere
1200 4762 1284 4813 hic
1314 4760 1602 4828 sequimur.
1638 4759 1753 4814 llic.

278 4830 431 4885 CAP.
460 4831 651 4904 l.——(c)
673 4831 937 4902 Principes
966 4848 1160 4900 semper
1186 4833 1392 4901 Africw.
1417 4831 1550 4884 Cutn
1583 4830 1794 4904 'lfet‘tul-

202 4905 385 4961 lianus
407 4912 516 4957 toto
544 4902 642 4956 hec
667 4904 845 4957 libello
875 4904 941 4957 de
964 4907 1118 4957 tarus
1152 4912 1309 4957 totius
1354 4903 1520 4966 orbis,
1545 4902 1754 4954 urbium
1779 4941 1794 4965 ,

204 4976 541 5043 aliarumque
561 4990 737 5028 rerum
755 4976 1132 5027 mutationibus
1150 4984 1374 5027 tractare
1387 4973 1599 5036 debeat,
1630 4973 1798 5039 deque

206 5050 447 5116 ipsorum
478 5047 636 5099 etiam
668 5044 1182 5114 Cartlntginieusiuut
1235 5046 1444 5097 habitus
1466 5053 1521 5098 et
1558 5052 1800 5102 πολιτείας

208 5115 665 5175 ιιιυιίιιίυηυ,ιιι1ιι1
684 5127 855 5169 tamen
872 5132 963 5169 eos
979 5128 1229 5185 quantum
1245 5116 1309 5169 ad
1326 5116 1604 5185 primatum
1622 5125 1689 5166 att
1703 5119 1808 5167 incl

209 5197 475 5247 tnutassc,
508 5186 657 5240 initio
685 5187 845 5241 libelli
877 5187 1031 5255 hujus
1053 5188 1231 5240 statim
1256 5197 1605 5239 contestatur.
1636 5190 1802 5238 Sam.

293 5256 356 5327 (Γ)
386 5256 649 5327 Principes
673 5274 867 5326 semper
890 5259 1089 5326 .ll'rirte.
1122 5259 1313 5311 Alricm
1344 5258 1691 5325 principatum
1719 5274 1805 5323 pe-

212 5344 316 5383 Itcs
361 5328 831 5398 Carthaginienses
858 5330 1015 5399 _Solos
1060 5330 1220 5382 fuisse
1252 5346 1407 5381 nemo
1452 5330 1703 5399 antb'tgit;
1755 5330 1804 5380 itt

216 5403 361 5453 hunc
390 5415 605 5453 sensum
635 5401 699 5451 lla
735 5397 940 5454 locutus
974 5410 1055 5468 est
1078 5401 1350 5467 Apuleius,
1384 5400 1475 5453 lib.
1510 5397 1572 5453 Ill
1601 5398 1803 5451 lt'lorid.

214 5488 336 5537 cap.
359 5471 411 5533 1,
440 5471 673 5541 illudque
696 5471 774 5524 bis
798 5472 991 5541 repetit
1017 5492 1028 5522 :
1056 5471 1194 5540 quod
1220 5470 1355 5524 forte
1382 5471 1499 5524 aliis
1530 5469 1801 5523 observari

214 5544 389 5614 potuit
413 5540 603 5614 Aleae.

292 5614 368 5681 (gi
402 5609 621 5665 Habitus
664 5612 922 5665 denotare.
977 5613 1239 5667 Dcnotare
1264 5611 1626 5667 Tertullianus
1654 5625 1808 5666 usur—

216 5694 310 5754 pat
334 5697 428 5749 pro
444 5694 634 5754 notare
656 5685 767 5736 sive
799 5692 998 5737 taxare.
1033 5686 1201 5754 linea.

296 5754 393 5824 (ιι)
427 5752 504 5806 De
547 5754 839 5807 subteminis
891 5756 1078 5809 studio.
1108 5753 1461 5809 Commendat
1487 5769 1578 5810 eas
1603 5753 1808 5809 tunicas

214 5824 288 5881 de
306 5823 635 5879 'subteutinis
660 5824 856 5891 studio,
884 5825 1025 5895 quod
1055 5825 1293 5881 studiose
1317 5826 1565 5881 nimiruttt
1583 5825 1809 5894 diligen-

218 5906 416 5967 terque
438 5903 594 5952 textw
617 5904 817 5953 essent.
835 5896 939 5953 Per
954 5896 1235 5957 subtemen
1264 5898 1487 5955 fortasse
1510 5905 1669 5954 totam
1690 5907 1806 5951 tex-

1970 4616 2034 4685 (ι)
2083 4615 2157 4669 De
2183 4617 2389 4669 luminis
2415 4617 2644 4670 concilio.
2682 4615 2793 4670 lloc
2817 4627 2919 4682 est,
2949 4617 3019 4672 ob
3046 4618 3179 4674 bene
3200 4624 3487 4679 commissa

1898 4696 1952 4741 ct
1988 4697 2291 4762 comparata
2324 4688 2559 4762 colorum
2593 4700 3051 4762 temperamenta._
3076 4689 3191 4760 Ipse
3216 4695 3493 4762 apertissi-

1898 4774 1984 4812 nte
2036 4759 2547 4836 interpreta_t_ur,_-lib
2695 4756 2971 4836 Pudicitia.
3033 4756 3333 4836 Lumen-de
3364 4758 3495 4836 pitr-

1902 4845 2028 4898 pura
2060 4830 2254 4884 dicitur
2322 4827 2539 4892 Plinius,
2590 4828 2677 4885 IX.
2709 4830 2794 4883 Illll
2843 4830 2911 4884 de
2954 4847 3182 4900 purpura
3232 4855 3244 4889 :
3281 4827 3495 4891 Uniuem

1900 4911 2079 4973 vestem
2108 4900 2387 4973 illuminat,
2416 4910 2462 4952 et
2485 4903 2621 4967 apud
2644 4900 2961 4955 Trebellium
2993 4901 3307 4973 Pollionem,
3341 4909 3494 4962 Cit/u-

1903 4972 2061 5024 midcs
2090 4972 2187 5023 reti
2211 4970 2413 5022 luminis
2460 4972 2751 5046 Concilium
2781 4981 2955 5046 autem
2988 4973 3223 5046 intelligo
3251 4970 3495 5033 ceucilia-

1910 5053 2168 5102 mentum,
2206 5056 2298 5094 seti
2329 5040 2772 5094 conciliationem.
2808 5044 2922 5098 llic.

1986 5114 2049 5179 (j)
2081 5111 2187 5187 Nec
2217 5112 2434 5163 brachiis
2455 5112 2977 5187 parte._\lcrissinttttn
3006 5126 3085 5169 est
3107 5117 3247 5187 quod
3295 5122 3497 5177 notavit

1913 5183 2202 5237 Salmasius
2233 5184 2592 5258 exit-eteribns
2623 5184 2769 5258 ltlll'lS
2797 5184 3097 5258 legendum,
3126 5183 3285 5258 parte,
3328 5203 3383 5245 ιιι
3409 5194 3494 5247 tli-

1912 5269 2063 5333 catur
2092 5271 2257 5333 purus
2304 5252 2773 5333 (qut-tnadntodttut
2803 5299 2816 5321 ,
2848 5252 3041 5329 rarus).
3074 5252 3193 5315 llic.
3223 5252 3293 5301 ..ζ
3321 5266 3358 5315 Α
3390 5279 3497 5333 quo

1912 5327 2172 5390 adjectivo
2202 5332 2379 5375 ortum
2401 5340 2519 5377 esse
2541 5326 2850 5380 adverbium
2885 5326 3083 5396 parum,
3106 5342 3209 5384 uta
3233 5334 3380 5387 nimis
3409 5326 3495 5388 iti-

1911 5400 2097 5461 tnitun,
2137 5396 2343 5448 videtur
2371 5395 2649 5449 Salmasio.
2684 5396 2845 5452 LEOP.

1986 5467 2062 5535 (ις)
2092 5467 2195 5519 Sed
2223 5483 2310 5540 nec
2334 5466 2693 5540 cingulosinus
2716 5469 2936 5523 dividere
2966 5472 3258 5540 expetitum.
3290 5474 3379 5528 Sic
3407 5491 3469 5529 ve
3488 5506 3500 5516 -

1915 5547 2055 5593 teres
2080 5539 2215 5592 libri.
2252 5538 2474 5599 llocest,
2494 5537 2630 5590 Olim
2660 5556 2765 5594 nott
2787 5537 3105 5610 expetebant
3126 5559 3221 5595 nec
3240 5548 3502 5602 curabant.

1913 5610 2384 5676 Carthaginienses
2412 5610 2560 5661 sinus
2600 5612 2765 5665 vestis
2794 5612 3047 5665 dividere.
3080 5611 3244 5665 Lucr.

1987 5680 2051 5749 (Ι)
2084 5681 2345 5745 Quudrutu
2372 5680 2563 5749 malitia
2590 5681 2745 5735 beata:
2774 5682 2825 5733 in
2852 5682 2967 5733 viris
2991 5684 3213 5737 stabunt.
3234 5684 3499 5742 Justitiam

1915 5755 2205 5827 tunicarum
2232 5752 2661 5827 dicit_e0_sensu,
2692 5767 2796 5820 quo
2824 5754 3045 5827 iudvers.
3087 5753 3499 5827 Hermogenem),

1915 5822 2163 5892 iustitiam
2197 5822 2503 5877 mutationis
2534 5833 2770 5876 neutram
2823 5824 2873 5876 ιιι
2917 5835 3119 5892 partem
3174 5822 3498 5889 inclinantis,

1960 5910 2075 5951 cor.
2104 5922 2174 5937 -ν
2196 5892 2462 5951 Justitiam
2496 5901 2643 5948 vocat
2674 5903 2759 5948 τ’ὶν
2789 5906 3087 5966 “planitas.
3116 5896 3281 5954 δια.
