4220 6492
167 424 306 482 1053

1497 419 1842 477 APPENDIX
1877 419 2109 476 PRIMA.

3323 419 3464 480 1054

169 539 446 608 poeticam
477 536 608 592 Nam
633 579 647 602 ,
676 536 721 591 si
747 536 850 592 ulla
877 535 1064 591 fuisset
1087 577 1101 600 ,
1132 549 1193 590 ea
1225 535 1406 605 utique
1434 533 1501 589 de
1530 534 1762 603 reliqna-
1794 538 1839 594 Α
1869 533 2200 588 ιΙυιοςιιηάςῐὲ
2219 533 2591 590 emendatione
2612 535 3095 606 etamplilicationc
3112 537 3460 606 compositam

167 647 285 685 runt
321 629 627 685 conditione
669 628 980 698 excipienda
1022 628 1214 690 fuerat,
1240 642 1396 696 quam
1429 626 1550 695 Styli
1582 625 1760 678 divi-r-

167 726 298 778 sitzzs
321 725 389 779 ab
417 725 560 778 omni
601 722 916 777 confusione
945 721 1263 775 vindiCabat.
1317 719 1448 773 Illttd
1475 720 1632 771 ctiam
1667 721 1765 770 nli-

167 833 207 870 si
232 817 514 881 rvandum,
538 817 678 886 quod
709 816 932 884 primam
960 815 1100 868 illam
1133 813 1378 870 fmturam
1405 828 1462 867 se
1486 813 1766 868 rescidisse

165 913 242 964 ait
270 909 592 977 Septimius,
643 923 744 964 nec
787 910 838 962 Ξιι
872 909 1059 978 vulgus
1106 909 1290 961 exisse
1331 921 1447 961 eam
1495 907 1763 974 queritur;

166 1010 226 1056 nt
251 1001 362 1070 jam
402 1001 658 1056 credibile
689 1015 792 1054 non
835 1001 906 1054 sit
956 1001 1072 1068 ejus
1114 997 1440 1066 superfuisw
1483 997 1763 1066 quicquam

165 1102 367 1162 praeter
387 1107 448 1145 ea
472 1109 590 1162 qua:
615 1093 801 1161 ipsein
829 1091 1116 1146 secumlam
1141 1091 1434 1161 pleniorem
1461 1088 1763 1143 tran-l‘ndit.

166 1183 545 1239 Transtudisse
577 1195 760 1240 autem
791 1185 994 1256 poetica
1046 1185 1090 1238 si
1143 1184 1440 1247 credimus,
1476 1184 1574 1236 hoc
1603 1183 1763 1236 etiam

165 1281 427 1331 fateamur
465 1292 685 1332 necesse
714 1285 798 1332 est
826 1277 902 1330 sic
931 1276 1211 1346 disjectnm
1238 1275 1406 1330 fuisse
1443 1285 1672 1344 poetam,
1706 1285 1766 1328 ut

158 1371 272 1441 jam
295 1370 531 1425 membra
578 1371 699 1442 ejus
752 1371 974 1426 inveniri
1025 1379 1292 1440 nequeant
1346 1369 1495 1434 ulla;
1540 1370 1683 1432 imo,
1719 1368 1763 1422 si

161 1462 291 1532 quid
320 1465 582 1531 poeticum
613 1465 663 1518 in
691 1463 963 1533 praeclaris
992 1463 1107 1516 istis
1129 1460 1581 1532 disputationibus
1609 1468 1762 1513 nota-

161 1552 308 1608 bitnr
331 1597 344 1619 ,
374 1555 549 1624 qualis
574 1570 636 1609 ea
683 1553 820 1609 forte
862 1554 1012 1609 Ponti
1045 1596 1060 1621 ,
1093 1569 1212 1622 qua:
1255 1551 1626 1623 prmfatiunem
1674 1566 1762 1604 se-

160 1645 377 1713 quitur,
411 1646 700 1716 descriptio
727 1688 741 1711 ,
774 1646 887 1716 ejus
925 1645 1206 1710 vestigium
1254 1645 1304 1698 in
1355 1645 1480 1698 totis
1530 1644 1763 1713 quinque

160 1733 468 1790 Carminum
495 1736 642 1791 libris
664 1753 769 1792 non
793 1748 1032 1807 apparet.
1058 1736 1357 1800 Posuento,
1381 1733 1522 1804 quod
1545 1748 1759 1788 onmem

161 1826 366 1882 adimat
413 1828 798 1883 dubitationem
830 1872 844 1894 ,
903 1830 948 1884 si
1003 1830 1172 1899 prima
1225 1827 1414 1883 fa'tura
1472 1841 1658 1882 versus
1709 1827 1760 1880 in

1871 629 2160 696 Septimius
2195 627 2493 698 proﬁtetur.
2540 629 2628 684 Sic
2671 631 2828 699 igitur
2870 630 3236 686 absolvimus:
3264 630 3463 686 Versus

1873 722 2002 774 istos
2077 722 2490 791 qualescumque
2542 722 2849 776 Tertulliani
2916 723 3129 778 nomine
3199 721 3363 776 fuisse
3428 737 3457 774 a

1873 813 2153 879 Fabricio,
2211 816 2330 870 sola
2390 815 2734 884 Inanuscripti
2801 814 2998 869 codicis
3063 816 3246 870 nescio
3311 815 3463 884 cujus

1870 909 2185 962 auctoritate
2212 909 2480 974 adducto,
2525 909 2827 978 inscriptos.
2870 908 3020 976 Quod
3069 924 3226 978 quam
3256 907 3370 962 leve
3399 923 3462 962 ac

1871 1000 2114 1053 l'rivrlnm
2166 1000 2347 1054 haberi
2398 1000 2626 1062 debeat,
2678 1001 2971 1068 praesertim
3026 1014 3146 1054 cum
3193 1000 3459 1053 neminem

1869 1091 2068 1144 codicis
2085 1090 2227 1144 illius
2253 1101 2494 1145 notorem
2518 1091 2647 1144 satis
2671 1091 2916 1145 idoneum
2933 1090 3212 1147 Fabricius
3232 1091 3459 1158 dederit,

1869 1182 2047 1234 sciunt
2094 1180 2395 1248 hujnsmodi
2453 1197 2630 1236 rerum
2688 1181 2838 1250 periti
2870 1225 2883 1248 ,
2937 1197 3166 1250 quorum
3217 1183 3463 1237 manibus

1870 1282 2078 1326 verszita
2109 1271 2468 1341 qiuesitissieni
2501 1275 2736 1327 auctoris
2763 1273 3088 1342 exemplaria
3118 1284 3296 1328 vetera
3330 1273 3459 1327 nihil

1869 1366 2134 1434 poeticum
2178 1366 2568 1419 rennntiavere.
2617 1365 2720 1419 Sed
2752 1382 2850 1419 nec
2877 1377 3113 1420 veterum
3142 1367 3460 1436 scriptorum

1867 1456 2146 1524 quisquam
2176 1456 2314 1508 inter
2346 1465 2528 1522 poetas
2568 1454 2892 1510 christianos
2916 1455 3300 1511 Tertullianum
3331 1472 3460 1510 oon-

1869 1549 2187 1603 nnmcravit.
2218 1546 2632 1611 Catternmdwc
2660 1561 2924 1617 poemata,
2949 1549 3193 1619 quamvis
3216 1549 3462 1618 inmquali

1869 1641 2230 1695 versiﬁcatore
2263 1641 2399 1695 male
2425 1641 2648 1711 depexa,
2681 1659 2783 1696 non
2817 1642 2950 1697 adeo
2978 1645 3298 1711 Spernimus,
3330 1654 3383 1696 ut
3410 1642 3460 1697 in

1868 1732 1932 1786 iis
1969 1747 2088 1786 esse
2127 1733 2249 1787 boni
2288 1733 2484 1801 aliquid
2527 1727 2785 1803 negemus
2818 1751 2830 1786 :
2865 1735 2972 1788 imo
3023 1735 3286 1804 plerisque
3331 1734 3463 1788 locis

1868 1824 2065 1878 utiliter
2113 1841 2232 1879 cum
2294 1824 2634 1894 Septimianis
2689 1825 3044 1881 Marcionibus
3095 1826 3352 1884 committi
3408 1836 3464 1882 et

159 1919 486 1976 Marcioncm
511 1922 640 1976 ludit
667 1922 992 1990 Septimius,
1016 1939 1134 1977 eam
1165 1938 1284 1977 cum
1309 1922 1545 1987 rescidit,
1574 1936 1761 1976 versus
1791 1933 1838 1992 Β
1867 1921 2112 1987 componi
2144 1919 2490 1973 aftirmamus.
2532 1921 2712 1990 Itaque
2752 1929 2805 1975 et
2842 1919 2926 1974 hic
2961 1920 3194 1989 conspici
3232 1921 3463 1989 patimur

159 2015 280 2084 ipse
316 2028 446 2068 suos
491 2014 883 2083 pessumdedit;
912 2027 966 2070 et
997 2015 1190 2070 frustra
1220 2015 1529 2084 quzcrimus.
1559 2012 1762 2067 Secun-

157 2107 284 2160 dam
317 2121 443 2161 vero
485 2121 590 2160 non
619 2105 788 2162 fuisse
818 2108 1080 2178 poeticam
1109 2106 1262 2161 tertia
1293 2104 1564 2170 declarat,
1603 2118 1761 2175 quam

1869 2023 2116 2080 tanquam
2189 2012 2533 2081 appendices.
2608 2016 2674 2066 At
2740 2013 2859 2082 quia
2924 2024 3126 2068 certum
3194 2013 3462 2068 nescimus

1864 2112 2168 2168 auctorem,
2193 2103 2381 2158 damus
2411 2119 2603 2159 nomen
2640 2104 2855 2159 Incerti.
2901 2104 3000 2159 En.
3034 2104 3241 2160 Viam-:1.

1213 2402 1686 2511 LIBER
1747 2399 2412 2510 PRIMUS.

1382 2649 1526 2718 DE
1588 2646 1802 2717 DEO
1862 2646 2236 2718 UNICO.

157 2848 410 2931 Adjecit
451 2850 626 2913 istud
666 2851 877 2924 titulo,
922 2850 1122 2914 brevis
1164 2851 1368 2911 instar
1401 2847 1775 2927 argumenti,
1823 2846 2016 2908 sicuti
2055 2847 2237 2908 etiam
2278 2847 2474 2926 primi
2519 2845 2671 2908 libri
2714 2845 3454 2921 adversus'Marcionem,

242 2951 582 3021 Pamelius,
614 2953 723 3033 qui
765 2953 938 3015 solus
981 2961 1178 3013 totum
1206 2952 1391 3014 hocce
1435 2967 1680 3010 carmen
1731 2947 2082 3018 adnotavit,
2118 2947 2422 3029 opuscula
2452 2949 2580 3010 ista
2620 2950 2878 3010 metrica
2921 2950 3317 3013 Tertulliano
3345 2970 3458 3013 nec

240 3052 664 3133 abjudieanda
695 3053 1102 3115 existimavit.

151 3263 520 3303 ABGUIENTUI
567 3264 706 3304 LIBRI
745 3263 920 3312 PRIII,
963 3263 1032 3302 Εἰ
1087 3260 1201 3301 lPSO
1240 3257 1643 3309 TEBTULLIANO,
1687 3257 1754 3296 AD
1780 3242 1824 3303 C

609 3357 745 3396 LIBRI
785 3356 962 3404 QUINTI
1003 3353 1302 3395 AUSPICIUII.

149 3477 370 3533 Primus
412 3478 514 3534 erit
556 3478 796 3534 referens
835 3478 1032 3532 inimici
1072 3493 1138 3533 ex
1176 3477 1362 3532 ordine
1390 3475 1568 3540 νιϊιιςι,

143 3571 287 3639 Quae
327 3569 508 3641 refuga
550 3571 730 3626 illicite
762 3571 975 3624 molitus
1004 3570 1219 3639 protulit
1247 3581 1465 3634 amens;

145 3662 291 3718 Hinc
315 3663 475 3717 etiam
503 3663 680 3717 carnis
701 3677 823 3732 spes
847 3672 900 3716 et
923 3661 1140 3716 victoria
1171 3661 1387 3725 Christi,

143 3757 219 3812 Et
246 3757 456 3828 species
497 3757 727 3814 breviter
758 3756 1005 3812 falsarum
1048 3755 1188 3811 dicta
1233 3756 1459 3811 viarum.

139 3887 416 3946 Caeterum
435 3889 597 3944 libros
621 3889 718 3944 hos
734 3891 967 3961 quinque
983 3891 1070 3961 qui
1097 3891 1299 3962 primus
1317 3892 1454 3945 inter
1473 3901 1745 3962 poetarum

221 3990 466 4035 veterum
497 3980 979 4035 ecclesiasticorum
1002 3996 1164 4051 opera
1191 3982 1478 4036 christiana
1502 3984 1550 4037 in
1577 3985 1744 4037 lucem

218 4073 387 4128 edidit
434 4071 696 4144 Georgius
727 4073 996 4128 Fabricius
1022 4114 1035 4137 ,
1063 4087 1156 4128 eos
1194 4087 1314 4128 esse
1354 4075 1622 4128 existimat
1666 4077 1743 4142 (in

215 4180 327 4239 quo
345 4174 398 4221 et
416 4181 516 4237 ego
545 4181 650 4222 non
686 4164 965 4236 dissentio)
990 4180 1215 4233 quorum
1255 4165 1379 4219 facit
1418 4166 1744 4220 mentionem

216 4255 584 4313 Tcrtullianus
610 4259 757 4312 initio
798 4258 917 4314 libri
948 4257 1102 4327 primi
1131 4257 1388 4312 adversus
1423 4257 1743 4313 Marcioncm

217 4352 272 4406 in
317 4350 431 4406 haec
491 4351 650 4406 verba
699 4368 714 4406 :
763 4351 824 4406 Si
871 4351 994 4421 quid
1047 4362 1181 4406 retro
1231 4361 1422 4421 gestum
1475 4363 1546 4405 est
1602 4352 1744 4405 nobis

216 4458 485 4499 mvnsus
545 4443 862 4500 MARCIOHEI
888 4486 902 4509 ,
949 4450 1070 4515 jam
1129 4445 1245 4498 hinc
1294 4445 1492 4498 viderit.
1545 4444 1743 4499 Novum

213 4551 323 4590 rem
348 4535 673 4608 adgredimur
698 4553 760 4590 ea:
790 4545 964 4590 vetere.
996 4535 1225 4596 Primum
1270 4538 1564 4609 apusculum
1597 4542 1741 4608 quasi

215 4642 565 4700 properatum,
591 4631 814 4699 pleniore
839 4639 1009 4698 postea
1034 4631 1396 4698 compositione
1415 4631 1737 4685 resciderant.
1765 4634 1819 4694 D

216 4721 370 4776 Hanc
394 4740 588 4793 quoque
627 4723 851 4776 nondum
880 4723 1202 4793 exentplariis
1232 4723 1492 4789 stt/[cctam
1513 4768 1525 4788 ,
1556 4724 1738 4792 fraude

213 4827 336 4870 tunc
371 4818 548 4888 fratris
581 4816 764 4871 dehinc
804 4827 1052 4886 apostttta!
1109 4819 1291 4882 amisi;
1345 4819 1432 4886 qni
1473 4821 1600 4888 forte
1649 4819 1736 4871 (ιε.

209 4909 486 4977 scripserat
504 4899 737 4980 qua'dani
761 4911 1162 4973 mendosissime,
1187 4921 1231 4963 et
1259 4912 1480 4964 exhibuit
1508 4912 1738 4980 frequen-

210 5005 317 5056 tia.
339 5001 488 5070 Quod
522 5005 692 5072 ipsum
717 5001 784 5057 de
817 5002 916 5056 hoc
938 5017 1102 5072 opere
1124 5002 1456 5057 verissinnnn
1486 5020 1604 5056 cum
1636 5003 1736 5057 Fa-

209 5093 383 5149 bricio
411 5095 699 5159 conﬁteor;
732 5095 821 5165 qui
845 5096 1208 5164 conqueritur,
1232 5104 1362 5164 quot
1391 5110 1523 5163 pene
1552 5097 1732 5159 verba,

211 5197 293 5241 tot
321 5186 482 5243 fuisse
513 5186 725 5252 menda,
746 5197 875 5258 quot
902 5203 1103 5252 versus,
1128 5197 1201 5241 tot
1221 5187 1474 5248 maculas,
1505 5187 1733 5252 addens,-

207 5295 530 5352 quamquam
550 5279 801 5348 plurimos
817 5295 1032 5336 errores
1051 5278 1316 5333 sustulerit
1337 5293 1367 5333 e
1383 5280 1616 5349 vestigiis
1638 5297 1734 5333 an-

209 5372 372 5442 tiqua:
397 5371 700 5441 scriptionis
740 5371 912 5443 (vides
942 5370 1103 5425 fuisse
1143 5371 1212 5424 illi
1268 5370 1674 5442 518.cxemplar
1700 5387 1728 5424 a

205 5465 414 5522 Joanne
448 5464 681 5520 lleroldo
706 5479 884 5520 secum
913 5463 1408 5532 communicatum),
1453 5471 1630 5518 tamen
1676 5466 1727 5518 in

207 5559 471 5630 reliquiis,
497 5559 687 5630 inquit,
733 5558 900 5614 lector
927 5556 1122 5613 videbit
1149 5566 1408 5627 quantum
1441 5556 1614 5612 adhuc
1637 5575 1698 5615 su

2867 3050 3029 3112 Enn.

1932 3243 2098 3311 persit
2119 3241 2256 3311 qtiod
2283 3241 2657 3298 emendatione
2680 3242 2928 3312 indigeat.
2960 3244 3019 3298 In
3049 3259 3153 3314 quo
3177 3261 3275 3301 nos
3292 3247 3451 3303 etiam

1931 3336 2128 3407 aliquid
2149 3348 2368 3392 conatos
2393 3353 2454 3391 ex
2474 3337 2902 3394 adnotationibus
2931 3342 3126 3395 nostris
3153 3340 3453 3411 deprchen-

1931 3431 2022 3486 det
2045 3433 2230 3496 lector,
2261 3441 2314 3485 ct
2343 3447 2556 3486 eramus
2594 3432 2890 3500 plusculum
2921 3433 3118 3504 aliquid
3144 3433 3329 3489 facturi
3353 3477 3366 3498 ,
3407 3436 3448 3491 si

1926 3524 1992 3578 ad
2020 3539 2232 3579 manum
2266 3525 2450 3580 fuisset
2481 3526 2651 3581 codex
2682 3527 2872 3597 aliquis
2901 3527 3007 3582 MS.
3044 3527 3205 3582 Addit
3252 3528 3390 3583 idem
3432 3546 3446 3581 :

1931 3636 1950 3667 ι
1989 3618 2299 3673 Tertulliani
2356 3618 2455 3673 hoc
2513 3635 2646 3687 opus
2696 3621 3060 3688 impcrl'ecttnn
3123 3634 3277 3685 esse,
3332 3636 3448 3674 rem

1923 3711 2217 3766 declarare.
2267 3711 2398 3766 Nam
2441 3713 2695 3782 impetum
2729 3729 2918 3778 suum,
2961 3714 3166 3784 inquit,
3209 3722 3444 3780 scentus,

1923 3804 2094 3860 donec
2124 3806 2514 3860 emendationis
2542 3816 2749 3877 tempus
2784 3809 3022 3874 daretur,
3056 3809 3219 3862 multa
3259 3820 3445 3864 centra

1925 3906 2185 3966 praecepta
2230 3898 2447 3952 metrica
2482 3898 2605 3953 fecit
2631 3916 2645 3963 ;
2674 3915 2898 3970 quorum
2939 3901 3114 3971 aliqua
3146 3902 3446 3957 excusatio-

1923 4006 2045 4044 nem
2093 3992 2348 4061 tetnporis
2409 3989 2642 4056 habent,
2693 3993 2864 4062 aliqua
2925 4003 3149 4062 possunt
3198 3997 3440 4049 excusari

1919 4084 2392 4152 grammaticorum
2417 4083 2598 4152 ﬁguris
2622 4100 2635 4147 ;
2665 4084 2835 4154 aliqua
2859 4082 3180 4140 festinationi
3206 4087 3442 4141 aucturis

1923 4175 2201 4229 tribuenda
2250 4187 2372 4231 sunt
2405 4219 2418 4239 ,
2450 4178 2537 4247 qui
2586 4178 2897 4248 cogitaverit
2924 4193 3060 4248 Opus
3093 4195 3248 4233 suum
3292 4181 3441 4250 quasi

1919 4266 2242 4321 dclincatum
2299 4268 2398 4322 sub
2457 4269 2730 4334 incudem,
2775 4282 2830 4323 ut
2903 4269 3118 4336 dicitur,
3159 4284 3435 4325 revocare.

1919 4361 2103 4429 Qualia
2132 4371 2256 4416 sunt
2279 4362 2418 4431 quod
2446 4378 2702 4416 ca-snratn
2726 4363 2954 4418 libenter
2983 4363 3124 4430 facit,
3150 4363 3272 4417 item
3297 4365 3436 4434 quod

1920 4454 2208 4508 ablativum
2241 4456 2422 4524 prima.-
2457 4455 2827 4509 declinationis
2853 4455 3107 4525 corripit,
3142 4456 3266 4511 item
3299 4457 3437 4526 quod

1917 4545 2287 4600 collisionibns
2318 4563 2420 4603 non
2454 4547 2661 4600 usitatis
2692 4546 2945 4616 indulget.
2981 4545 3224 4602 Imitandi
3260 4550 3437 4618 itaque

1917 4639 2083 4708 gratia
2128 4654 2229 4692 non
2261 4647 2626 4707 proponuntur
2664 4637 2777 4692 haec
2820 4639 3056 4692 carmina
3083 4679 3098 4704 ,
3135 4637 3228 4693 sed
3269 4654 3436 4709 agno-

1913 4730 2093 4783 scendi
2126 4740 2340 4798 proztcr
2364 4730 2634 4798 pietati-ni,
2662 4744 2780 4798 qua
2811 4730 2860 4781 in
2892 4728 2993 4784 isto
3015 4730 3129 4783 viro
3151 4731 3434 4799 singularis

1912 4831 1964 4875 et
1991 4822 2168 4890 gravis
2211 4822 2339 4884 t'uit,
2369 4828 2423 4874 et
2461 4820 2691 4873 studium
2724 4820 2864 4888 quiut
2909 4821 2960 4872 in
3011 4836 3098 4874 res
3143 4835 3319 4875 sacras
3367 4821 3432 4875 ad

1912 4914 2204 4969 doctrinam
2236 4915 2494 4969 universa:
2523 4915 2844 4983 posteritatis
2867 4913 3167 4968 collocavit.
3196 4933 3213 4966 ι
3241 4913 3433 4970 [iacte-

1914 5023 2012 5059 nns
2045 5007 2151 5060 ille.
2183 5006 2236 5060 Si
2269 5007 2385 5072 quis
2416 5007 2685 5061 licentiam
2717 5017 2992 5074 poetarum
3022 5016 3254 5062 veterum
3283 5009 3430 5061 citri-

1912 5103 2203 5156 stianorum
2233 5143 2245 5164 ,
2289 5111 2447 5171 atque
2495 5101 2630 5155 adeo
2678 5102 2912 5155 auctoris
2957 5101 3121 5155 nostri
3162 5101 3431 5156 desideret

1911 5207 2068 5248 nosse
2094 5193 2331 5250 exactius
2356 5235 2369 5259 ,
2404 5192 2542 5263 legat.
2574 5193 2772 5250 Vener.
2806 5193 2966 5249 Beda:
2995 5194 3187 5248 librum
3218 5195 3280 5246 de
3311 5193 3428 5246 Arte

1906 5287 2131 5339 metrica.
2151 5283 2288 5340 ΡΑιι.

2356 5375 2581 5434 CAPUT
2614 5376 2905 5432 PRIMUM.

1902 5468 2148 5539 Impietas
2176 5467 2433 5538 protuuda
2465 5469 2588 5522 mali
2627 5468 2722 5538 (a),
2753 5484 2902 5522 mens
2941 5466 3116 5521 invida
3139 5466 3281 5532 vitm,

1835 5562 2097 5618 Seductos
2119 5562 2364 5616 homines
2387 5576 2483 5631 Spe
2508 5571 2784 5631 postquam
2815 5561 2956 5632 cepit
2983 5561 3148 5625 inani,

1519 5671 1889 5734 ΟΟΜΜΕΝΤΑ
1902 5677 2074 5734 RIUS.

203 5789 363 5845 CAP.
392 5790 531 5862 1.7—
559 5789 643 5862 (³)
664 5787 907 5862 Impietas
929 5786 1185 5862 profunda
1213 5786 1356 5862 ntali.
1374 5801 1523 5862 mens
1548 5787 1721 5862 invida

107 5865 274 5927 vita,
301 5871 406 5917 etc.
432 5857 731 5930 Caput'hoc
756 5859 1122 5927 inscripsimus
1151 5875 1165 5912 :
1202 5857 1277 5912 De
1305 5858 1474 5930 prima
1503 5859 1719 5930 nominis

106 5933 457 6000 “ductione,
494 5928 677 5987 deinde
713 5942 759 5986 et
798 5932 866 5985 ad
910 5930 1252 5984 idolotatriam
1297 5945 1386 5997 per
1425 5928 1720 5997 diabolum,-

1825 5803 1933 5846 tum
1964 5792 2103 5845 cniut
2124 5806 2272 5846 more
2288 5790 2675 5864 r'I‘ertnllianico
2697 5791 2885 5845 malum
2903 5791 3152 5861 appellat.
3180 5791 3420 5864 Castiga-

1823 5866 1996 5918 vimus
2026 5879 2152 5918 vero
2180 5863 2336 5932 paulo
2360 5873 2478 5932 post
2505 5879 2648 5933 posse
2676 5864 2864 5931 videre,
2897 5878 2995 5933 pro
3022 5864 3199 5919 videri.
