4202 6496
158 401 294 457 1061

775 513 1003 572 CAPUT
1046 517 1134 572 IX.

227 650 372 720 Ergo
403 659 544 706 totus
573 649 731 706 homo
753 651 944 716 credit,
971 661 1218 724 totusque
1243 654 1466 710 lavatur.

158 743 408 799 Abstinet
436 753 526 798 aut
554 746 753 817 patitur
781 762 875 815 pro
905 748 1121 801 nomine
1152 747 1374 804 vulnera
1401 766 1547 816 vere,

152 834 330 891 Verus
355 839 524 908 surgit
552 837 732 904 homo,
767 854 892 894 vere
923 854 1068 894 mors
1094 841 1227 894 victa
1257 842 1464 906 silebit;

153 930 260 984 Sed
292 948 396 985 non
429 948 554 1003 pars
587 933 816 987 hominis
843 933 1041 996 anima,
1071 949 1164 988 sua
1199 945 1347 1003 parte
1376 936 1583 999 relicta,

153 1023 420 1092 Pereipiet
446 1026 699 1094 palmam,
735 1025 808 1098 (α)
837 1027 980 1080 sncia
1011 1043 1170 1097 quam
1203 1043 1364 1083 carne
1393 1028 1640 1085 laborans

151 1112 210 1167 In
242 1116 414 1169 stadio
444 1115 657 1182 Ιιιίεωτιι,
688 1117 845 1172 simu!
875 1118 1163 1188 conjuncta
1191 1131 1447 1175 meretur.

148 1205 370 1262 Grande
398 1207 566 1272 nefas,
601 1220 813 1278 portare
838 1209 974 1264 duos
999 1226 1096 1279 per
1129 1211 1336 1266 vincula
1364 1213 1592 1283 pondus,

149 1296 393 1360 Quorum
425 1300 492 1353 sit
526 1299 762 1369 locuples
793 1316 930 1354 unus
953 1313 1112 1368 atque
1139 1302 1273 1358 alter
1297 1319 1519 1375 egenus,

153 1388 220 1442 Et
248 1389 498 1445 miserum
527 1393 731 1461 Sperni,
757 1392 915 1448 I'telici
949 1395 1164 1462 prmmia
1195 1394 1365 1448 reddi.

148 1479 270 1534 Non
300 1482 422 1537 facit
453 1487 554 1538 hoc
583 1483 780 1552 justus,
817 1487 1077 1541 mercedis
1105 1487 1343 1541 rcdditor
1373 1504 1577 1558 aequus,

151 1575 222 1628 Et
251 1576 441 1643 benus,
475 1588 529 1633 et
555 1579 724 1644 dives,
754 1597 911 1650 quem
942 1581 1209 1636 credimus
1236 1586 1412 1638 onmia
1445 1601 1620 1655 posse,

148 1667 346 1722 Suavis
377 1670 426 1722 in
455 1669 708 1739 ingratos,
740 1671 1028 1727 miserandi
1062 1675 1215 1744 plena
1251 1677 1517 1732 voluntas.

146 1762 290 1826 Quin
325 1762 516 1830 potius,
545 1763 629 1816 cui
657 1764 826 1834 major
853 1765 990 1820 inest
1019 1767 1257 1820 mortalis
1279 1779 1509 1836 egestas,

145 1851 329 1905 Possit
359 1861 412 1904 ut
433 1853 652 1922 :eqnari,
682 1857 829 1909 socio
862 1858 1132 1924 praelatus,
1168 1858 1217 1913 id
1253 1860 1390 1913 ultro

148 1943 412 2012 Quicquid
440 1955 578 2013 eget,
616 1947 811 2000 tribuet
840 1949 1109 2018 locuples;
1144 1953 1220 2005 sic
1256 1950 1477 2008 credere
1509 1953 1738 2022 jussnm.

151 2035 263 2090 Nec
289 2036 425 2090 velle
460 2037 640 2091 illicite
670 2039 952 2093 Dominum
979 2042 1199 2111 culpare
1220 2043 1463 2097 docendo

146 2128 402 2190 Snscitct,
447 2140 534 2183 aut
565 2147 722 2199 quem
750 2133 1006 2197 animam,
1040 2143 1289 2204 tanquam
1332 2136 1402 2189 sit
1437 2150 1590 2204 passa
1636 2137 1750 2190 rui-

1568 2227 1747 2301 [nam,

150 2312 366 2368 Liberet
393 2329 419 2366 a
452 2326 642 2376 morte,
679 2325 732 2370 et
756 2317 955 2372 viventi
983 2317 1116 2373 facta
1148 2329 1387 2375 maneret

144 2403 316 2473 Copia
348 2405 413 2461 de
440 2405 562 2460 stilo
598 2408 808 2472 merito,
840 2411 959 2480 quia
990 2410 1197 2466 fortiter
1225 2414 1352 2482 egit.

150 2495 217 2549 lit
244 2510 368 2549 caro
395 2513 733 2552 communem
764 2515 977 2570 semper
997 2504 1179 2556 sortita
1207 2503 1466 2565 laborem,

149 2588 452 2660 Linquatur
479 2600 660 2655 teme,
697 2595 884 2647 mortis
914 2595 982 2647 sit
1012 2595 1191 2666 praeda
1223 2599 1488 2665 perennis.

145 2684 293 2752 Iirgo
326 2684 554 2738 hominis
579 2688 760 2740 anima
793 2688 988 2756 placuit
1013 2689 1121 2743 Deo
1150 2689 1378 2744 fortibus
1399 2675 1569 2746 actis‘?

139 2777 306 2831 Nullo
337 2779 446 2832 sola
479 2779 638 2833 modo
674 2790 842 2849 potmt
869 2781 982 2836 sine
1007 2797 1167 2836 earnc
1199 2783 1426 2852 placere.

143 2870 338 2924 Vincla
372 2870 512 2936 tulit,
549 2887 758 2941 poenas,
787 2889 912 2927 caro
940 2873 1200 2928 membris
1225 2874 1438 2928 vincula
1464 2876 1652 2942 gessit,

137 2962 484 3030 Contempsit
509 2974 756 3024 mortem,
789 2963 882 3017 sed
919 2979 1137 3018 carnem
1173 2975 1344 3019 morte
1373 2964 1607 3035 reliquit.

136 3054 242 3108 Illa
269 3053 458 3110 dolens
483 3060 689 3124 genuit,
721 3054 837 3111 hzec
867 3057 970 3110 vita
1001 3073 1032 3111 a
1064 3057 1284 3113 vulnere
1326 3072 1463 3113 etesa
1493 3067 1612 3113 est:

1502 405 1845 463 APPENDIX
1889 405 2121 464 PRIMA.

1783 520 1832 580 Λ
1860 519 1952 573 Illa
1975 519 2109 590 petit
2139 521 2404 590 requiem,
2438 519 2554 576 haec
2581 519 2722 577 ferro
2748 520 2800 576 in
2833 521 3055 592 pulvere
3083 522 3222 592 fusa,

3319 406 3453 466 I062

1863 611 2123 675 Piscibus,
2153 612 2389 681 alitibus,
2417 613 2540 667 tabo
2569 613 2842 683 cinerique
2867 614 3052 670 relicta
3080 627 3186 672 est.

1859 705 2144 776 Frangitur
2173 706 2354 762 infelix
2387 707 2604 772 laniata,
2634 722 2816 778 sparsa
2846 707 3116 778 liquescit,

1857 800 2090 870 Surgere
2118 817 2223 855 non
2252 802 2481 857 meruit?
2504 801 2632 870 quid
2656 803 2798 856 enim
2828 802 3164 859 committere
3183 805 3299 860 sola

1859 893 2135 948 Exanimis
2161 893 2370 965 potuit?
2395 908 2517 962 quae
2544 896 2621 948 sic
2652 909 2842 949 caussa
2868 894 3043 949 invida
3074 895 3198 950 vitae

1857 985 2083 1054 Impedit
2113 999 2205 1041 aut
2237 987 2484 1056 prohibet
2514 987 2604 1042 Dei
2635 987 2775 1042 dona
2807 1003 3088 1058 capessere
3112 1006 3352 1061 carnem,

1854 1077 2097 1147 Cumque
2122 1094 2215 1133 sua
2247 1080 2388 1133 socia
2420 1079 2757 1149 coniunctam
2787 1081 2964 1136 vivere
2984 1083 3236 1153 semper?

1855 1172 2088 1226 Cernere
2117 1171 2242 1242 quid
2269 1171 2426 1226 fuerit
2453 1187 2709 1228 conversa
2747 1173 2799 1227 in
2827 1174 3044 1244 pulvere
3073 1175 3380 1246 quondam?

1857 1264 1978 1319 Post
2012 1266 2234 1319 meritos
2265 1276 2515 1319 tenovatu
2543 1265 2678 1320 ferat
2696 1265 2811 1321 Deo
2832 1265 3004 1320 laudis
3026 1266 3281 1336 honores,

1849 1357 1969 1411 Non
1996 1357 2178 1428 ignara
2211 1358 2317 1423 sui,
2346 1359 2567 1429 fragilis,
2602 1359 2845 1413 mortalis
2874 1369 2929 1414 et
2950 1376 3090 1431 mgra
3113 1377 3126 1389 ο

1851 1449 2103 1515 Certatis,
2142 1452 2317 1520 magni
2349 1453 2518 1521 possit
2545 1451 2670 1522 quid
2704 1450 2875 1506 vivida
2905 1452 3094 1518 virtus,

1851 1545 1950 1612 Qui
1983 1545 2153 1598 bonus
2182 1555 2342 1615 atque
2373 1556 2560 1614 potens
2581 1547 2742 1601 vitam
2773 1562 2879 1600 non
2913 1547 3114 1602 invidet
3141 1548 3255 1602 ulli.

1855 1637 1980 1691 [late
2003 1639 2208 1706 captiva
2239 1635 2336 1691 fuit
2369 1639 2578 1700 mortis,
2610 1641 2725 1694 haec
2761 1641 2935 1694 vincta
2965 1641 3180 1710 peribit,

1849 1731 2020 1798 Quam
2057 1729 2314 1784 Dominus
2339 1732 2471 1786 mira
2499 1732 2760 1801 sapientia
2791 1730 2918 1786 fecit
2943 1742 2997 1786 et
3023 1733 3175 1788 arte?

1854 1821 2001 1875 Ilauc
2028 1823 2222 1896 virtute
2250 1838 2344 1877 sua
2375 1823 2618 1877 miranda
2645 1823 2865 1878 suscitat
2892 1824 3025 1894 ipse,

1778 1919 1822 1977 Β
1856 1913 2002 1967 llane
2028 1925 2244 1969 revocat
2266 1915 2369 1969 dux
2404 1915 2538 1984 ipse,
2567 1926 2620 1970 et
2653 1917 2790 1971 hanc
2814 1932 2906 1971 sua
2933 1917 3101 1986 gloria
3127 1917 3310 1972 vestit.

1856 2010 1996 2078 Ergo
2030 2009 2118 2062 Dei
2150 2011 2351 2078 aptavit
2377 2025 2466 2064 ars
2498 2021 2550 2064 et
2581 2010 2840 2079 sapientia
2871 2025 3088 2081 corpus,

1855 2102 2006 2169 Quod
2035 2103 2200 2171 cupit,
2232 2103 2313 2156 his
2342 2104 2490 2167 ﬁeri;
2520 2103 2669 2157 deest
2699 2105 2800 2158 hoc
2824 2105 3018 2159 virtute
3046 2103 3267 2160 reduci?

1856 2194 2056 2249 Caussa
2091 2205 2268 2264 potest
2299 2196 2478 2265 pietati
2508 2195 2650 2249 nulla
2680 2196 2931 2251 resistere
2971 2204 3199 2261 sauctm;

1855 2289 1931 2344 Ne
1961 2289 2131 2360 major
2157 2290 2226 2344 sit
2256 2304 2443 2343 caussa
2476 2290 2622 2353 mali,
2647 2306 2806 2359 quam
2842 2306 3050 2345 summa
3084 2299 3340 2358 potestas,

1859 2383 1920 2438 Ut
1951 2391 2242 2452 cognoscat
2269 2381 2432 2437 homo
2455 2382 2565 2452 jam
2610 2399 2752 2437 nunc
2783 2384 2874 2438 Dei
2901 2399 3122 2439 munere
3150 2384 3350 2450 salvus,

1854 2473 2091 2528 Mortalis
2120 2473 2413 2543 quondam,
2444 2491 2582 2529 nunc
2609 2475 2912 2530 inviolabile
2936 2486 2987 2531 et
3015 2477 3202 2548 ingens

1857 2567 2093 2622 Vestitns
2120 2568 2322 2635 lumen,
2352 2571 2504 2623 vivus
2525 2584 2645 2623 cum
2673 2583 2899 2639 corpore
2927 2579 3088 2633 totus,

1856 2661 2182 2717 Immensum
2217 2661 2412 2715 virtute
2444 2661 2633 2729 Deum,
2663 2662 2859 2731 pietate
2883 2676 3197 2730 perennem,

1857 2755 1959 2808 Per
1982 2752 2254 2808 Christum
2281 2767 2482 2822 regem,
2514 2768 2608 2822 per
2636 2767 2794 2822 quem
2820 2752 2902 2806 via
2930 2752 3062 2808 lucis
3089 2761 3271 2823 aperta
3293 2761 3412 2820 cst;

1852 2850 1924 2904 Et
1947 2851 2055 2917 jam
2085 2850 2202 2904 luce
2231 2864 2387 2913 nova,
2412 2846 2522 2916 jam
2549 2847 2692 2901 dono
2725 2846 2917 2918 plenus
2944 2856 3190 2916 utroque,

1854 2942 2140 2997 Fructibus
2167 2951 2222 2997 et
2249 2943 2382 2996 vivae
2407 2938 2639 3010 paradisi
2663 2939 2818 2993 laetus
2843 2937 3074 2994 alumnis

1777 3074 1822 3136 Ο
1857 3035 2056 3091 Laudet
2087 3035 2140 3090 in
2171 3043 2430 3090 internum
2465 3032 2671 3089 ctelesti
2701 3031 2854 3086 dives
2883 3031 2934 3086 in
2959 3031 3103 3086 aula.

1526 3167 2082 3227 COMMENTARIUS.

132 3260 248 3329 cipi
277 3259 360 3334 hic
389 3262 609 3333 elogium
637 3262 703 3316 ab
730 3273 946 3334 auctore
983 3278 1079 3334 pro
1118 3273 1264 3319 certa
1293 3262 1518 3332 alicujus
1545 3263 1620 3318 rei
1654 3262 1738 3317 in-

132 3333 424 3387 stitutione
451 3332 722 3404 annotavit
751 3332 1048 3404 Fabricius,
1078 3350 1177 3390 nec
1200 3334 1339 3388 male
1364 3335 1408 3388 si
1441 3336 1739 3389 retineatur

132 3412 296 3477 vetus
317 3404 489 3477 lectio
536 3419 550 3459 :
589 3403 767 3477 Deleta
806 3407 992 3477 elogio,
1035 3405 1128 3460 sed
1161 3421 1282 3460 cum
1313 3405 1630 3477 locissnpra
1663 3406 1740 3459 cia

132 3475 268 3528 tatis
297 3475 520 3543 Apolog.
552 3489 600 3528 c.
625 3476 680 3536 2.
709 3485 764 3530 et
795 3475 944 3536 alilii,
973 3487 1230 3545 quantum
1254 3475 1472 3530 memini
1501 3491 1736 3544 semper,

133 3546 192 3598 in
225 3545 421 3598 malam
454 3555 657 3614 partem
686 3561 782 3614 pro
807 3548 1209 3602 accusationum
1258 3546 1433 3612 titulo,
1481 3548 1594 3601 haec
1628 3562 1736 3600 vox

132 3615 211 3688 ab
236 3626 463 3688 auctore,
487 3617 799 3686 accipiatur,
850 3619 1150 3687 putavimus
1180 3617 1354 3686 ponus
1399 3633 1518 3672 esse
1551 3617 1733 3688 legen-

1840 3261 1907 3316 ad
1930 3258 2346 3316 confirmandam
2366 3254 2664 3310 mercedem
2700 3267 2795 3322 pro
2827 3251 3036 3309 meritis
3062 3267 3303 3320 operum,
3335 3250 3446 3306 sic-

1843 3333 1916 3386 uti
1952 3340 2004 3386 ct
2027 3330 2174 3390 illud,
2223 3329 2433 3399 prazmia
2457 3326 2623 3391 reddi,
2644 3340 2704 3379 ac
2730 3326 2976 3399 ntercetlis
2995 3323 3442 3399 redditoruzqusts,

1840 3413 1912 3465 ct,
1947 3404 2009 3455 de
2034 3404 2143 3455 solo
2167 3394 2363 3462 merito,
2394 3400 2642 3465 denique,
2674 3407 2785 3466 post
2812 3397 3038 3464 meritos,
3067 3407 3198 3460 etc.,
3230 3394 3447 3449 honores

1842 3474 1994 3543 Atqui
2020 3472 2246 3541 corrupti
2267 3471 2501 3525 videntur
2525 3469 2602 3523 ills
2626 3485 2799 3523 versus
2826 3483 2844 3521 .'

1902 3586 2006 3654 ljec
2030 3585 2160 3654 velle
2186 3584 2356 3636 illicite
2378 3582 2864 3654 Dominumculpare
2888 3581 3129 3654 docendo,
3191 3643 3200 3654 .
3381 3605 3408 3654 Δι

1903 3648 2138 3711 Suscitet,
2153 3657 2237 3698 aut
2249 3661 2399 3712 quem
2413 3649 2571 3697 anima
2580 3660 2627 3695 tu
2641 3652 2881 3709 tamquam
2898 3646 2964 3696 sit
2979 3657 3118 3709 passa
3129 3646 3444 3706 ruinam,ete.

128 3685 268 3758 (Illm
300 3703 313 3738 :
369 3684 547 3741 Deleta
587 3684 770 3758 elogio,
801 3684 903 3743 non
932 3689 1087 3743 aliter
1132 3684 1288 3758 atque
1319 3688 1513 3744 ibidem
1541 3684 1633 3742 lilf.
1671 3689 1739 3742 ad

131 3756 580 3830 Scapulam‘e.4,
612 3756 745 3830 dixit
771 3777 783 3811 :
812 3760 968 3813 scisso
998 3759 1183 3830 elogio,
1204 3756 1269 3814 ὐι
1298 3760 1499 3814 alludat
1523 3761 1588 3813 ad
1612 3760 1739 3815 illud

128 3829 381 3898 Apostoli
425 3828 619 3882 Coloss.
664 3829 703 3882 ll
751 3847 763 3880 :
800 3830 981 3884 Delens
1028 3828 1163 3900 quod
1203 3832 1444 3885 adversus
1484 3848 1574 3885 uos
1632 3841 1740 3884 erat

127 3900 537 3971 chirographum
562 3900 751 3971 delicti.

209 3969 368 4025 CM’.
403 3969 496 4024 IX.
520 3999 592 4009 —
617 3969 689 4042 (a)
726 3969 977 4042 Percipiet
1004 3972 1247 4044 palmam,
1281 3983 1384 4028 etc.
1417 3972 1568 4028 Facit
1597 3973 1738 4028 istud

1845 3753 1976 3809 Item
2003 3764 2055 3808 et
2085 3753 2172 3808 ille
2196 3770 2209 3806 ;

1967 3866 2185 3916 Cernere
2201 3865 2317 3929 quid
2341 3864 2490 3915 fuerit
2502 3877 2739 3915 conversa
2761 3865 2809 3914 iu
2837 3863 3041 3928 pulvere
3059 3863 3326 3927 quondam.

1845 3972 1942 4028 Ubi
1974 3972 2182 4028 videtur
2210 3972 2356 4027 locus
2383 3973 2624 4028 mutilus.

1081 4378 1553 4490 LIBER
1618 4377 2473 4489 SECUNDUS.

597 4627 737 4700 DE
794 4629 1426 4702 CONCORDIA
1489 4626 1955 4700 VETEBIS
2019 4629 2158 4698 ET
2212 4625 2531 4699 NOV/IS
2582 4622 2922 4695 LEGIS.

862 4797 1308 4840 ARGUMENTUM
1352 4798 1522 4840 LIBRI
1566 4798 1636 4854 II,
1684 4798 1883 4843 ΕΤΙΔΜ
1927 4797 2127 4840 IPSIUS
2173 4792 2500 4840 AUCTORIS.

865 4905 1016 4987 Inde
1046 4925 1322 4986 sequens
1360 4906 1700 4987 conjuncta
1731 4907 1914 4968 docet
1944 4906 2248 4987 mysteria
2283 4904 2470 4984 legis,

861 4986 1066 5066 Inque
1099 5005 1267 5050 novo
1301 4986 1646 5065 Deusqttte
1675 4987 1907 5050 foedere
1938 4986 2193 5078 tradidit
2217 5003 2412 5046 unus.

125 5134 350 5194 Porro
377 5131 474 5193 his
501 5131 725 5208 verbis,
762 5135 916 5196 satis
947 5133 1252 5208 obscuris,
1282 5135 1524 5197 indicat
1559 5145 1784 5196 auctor
1831 5133 2134 5213 scriptum
2163 5152 2285 5194 esse
2320 5131 2487 5193 hunc
2526 5129 2753 5193 librum
2782 5129 2855 5191 de
2886 5129 3297 5192 consonantia
3324 5151 3436 5194 ve-

218 5235 373 5296 teris
400 5243 456 5296 et
490 5254 664 5296 nocte
691 5236 870 5315 legis,
905 5236 1077 5317 quod
1103 5237 1253 5299 adeo
1299 5255 1513 5298 recens
1545 5235 1732 5298 titulo
1783 5235 2140 5316 adjecimus.
2178 5235 2379 5295 Prout
2412 5234 2596 5294 etiam
2625 5233 3066 5314 castigavimus
3093 5233 3286 5302 Deus,
3317 5251 3440 5313 pro

215 5337 384 5398 divis
417 5347 546 5398 tum
573 5338 743 5419 quod
778 5357 910 5400 non
954 5339 1134 5400 semel
1168 5338 1350 5402 libris
1387 5339 1704 5419 producat
1736 5337 2012 5419 priorem
2055 5336 2354 5418 syllabam
2399 5337 2702 5399 dictionis
2737 5337 2928 5406 Deus,
2961 5346 3090 5397 tum
3113 5336 3284 5417 quod
3311 5356 3443 5398 non

216 5440 461 5502 soleant
491 5450 721 5503 veteres
749 5441 995 5523 aliquos
1025 5441 1204 5504 divos
1238 5460 1496 5511 vocare,
1525 5452 1653 5503 tum
1682 5441 1945 5522 denique
1966 5439 2136 5522 quod
2163 5438 2244 5501 ad
2272 5440 2563 5501 institum
2588 5438 2788 5520 faciat
2815 5439 2986 5501 Deus
3016 5455 3189 5500 unus
3219 5448 3444 5502 contra

199 5543 424 5624 plures
460 5541 827 5603 Marcionis
857 5544 1040 5604 Deos.
2755 5540 2916 5601 Pass.

635 5665 862 5723 CAPUT
902 5665 1190 5723 PRIMUM.
1767 5667 1820 5731 D
1849 5667 1913 5720 Et
1939 5667 2230 5738 glomerata
2258 5664 2416 5729 dolis,
2443 5664 2664 5720 emersit
2700 5663 2864 5734 pestis
2884 5672 3070 5734 eperta

220 5758 516 5831 Postquam
533 5757 697 5816 fracta
720 5759 853 5816 fides
877 5758 1078 5830 refugis
1097 5749 1419 5830 spirantibus
1443 5757 1634 5822 hostis,
1663 5754 1740 5830 (lt)
1846 5756 2048 5827 Sponte
2070 5768 2188 5823 sua,
2217 5757 2441 5812 mendax
2472 5762 2784 5826 contempto
2810 5755 3039 5810 Numine
3068 5769 3264 5811 sensus

1495 5847 2058 5907 COMMENTARIUS.

210 5947 373 6007 CAP.
406 5946 449 6006 Ι.
483 5943 657 6037 -(ι›)
705 5946 984 6022 Postquam
1037 5950 1202 6021 fracta
1254 5945 1380 6020 ﬁdes
1409 5945 1598 6020 refugis
1646 5943 1753 6017 ορί-
1860 5941 2088 6001 tantibus
2141 5941 2334 6008 hostis,
2401 5949 2505 5999 etc.
2574 5940 2990 6001 Emendavimus
3029 5943 3232 6000 emersit
3282 5944 3438 6021 pestis
