4202 6496
733 385 881 450 1063

731 507 957 564 Conﬁin
986 505 1190 577 plagas,
1220 503 1391 561 fallaci
1424 503 1636 558 tramite
1667 500 1870 572 pallens

733 605 1053 658 Sanctorutn
1075 599 1232 655 dictis
1261 614 1354 653 sua
1384 597 1600 653 miscuit
1626 594 1783 665 impia
1813 595 1994 659 verba.

733 695 898 766 Inque
926 694 1122 747 bonum
1149 705 1334 746 semen
1361 689 1542 744 lolium
1569 687 1874 743 miserabile
1903 687 2059 742 sevit.

734 788 862 844 Inde
888 787 1073 842 volens
1097 799 1313 839 omnem
1334 795 1578 838 caussam
1602 790 1849 836 censtare
1877 779 2047 834 ruinte

733 878 949 936 Scilicet
976 887 1033 932 ut
1058 893 1153 931 sua
1185 877 1321 930 facta
1358 876 1467 929 Deo
1493 874 1770 942 subsignet
1793 872 1971 941 iniqua

733 972 916 1030 Ocius.
945 979 999 1024 et
1025 968 1193 1038 possit
1217 981 1405 1021 suasos
1432 967 1652 1034 infigere
1676 965 1878 1033 pugnis;

739 1062 891 1117 Veris
920 1061 1051 1115 falsa
1083 1071 1284 1129 tegens,
1312 1071 1363 1112 ct
1393 1057 1601 1111 lenibus
1628 1071 1814 1126 aspera
1845 1067 2091 1121 vertens;

735 1153 804 1208 Et
835 1153 1004 1208 roseis
1043 1151 1204 1206 sertis
1236 1153 1400 1204 basta:
1435 1162 1689 1202 mucrone
1719 1157 1960 1216 ceperto,

736 1247 1032 1317 Iutprovise
1061 1258 1258 1301 ncCanS
1289 1244 1527 1297 incautos
1560 1251 1732 1295 morte
1765 1256 2033 1309 suprema.

735 1340 1052 1411 Supreumttt
1081 1338 1251 1402 nefas,
1297 1338 1347 1392 in
1385 1345 1586 1389 tantum
1613 1335 1880 1389 dementia
1913 1350 2121 1389 mersos

735 1435 1005 1502 Ahruptos
1035 1431 1300 1492 homines,
1332 1427 1536 1482 Numen
1567 1428 1682 1480 sine
1716 1427 1821 1481 line
1853 1426 2187 1481 tremendum

736 1528 984 1584 Dividere
1013 1528 1063 1580 in
1087 1534 1298 1595 partes;
1327 1522 1522 1577 Christi
1549 1523 1795 1575 sublimia
1821 1521 1955 1574 facta

737 1619 892 1676 Falsa
922 1617 1075 1672 landc
1105 1617 1278 1686 sequi,
1307 1614 1628 1683 culparequc
1655 1623 1797 1683 gesta
1833 1613 2028 1682 priora,

735 1709 1072 1765 Innumeram
1094 1695 1196 1763 .Dei
1229 1707 1506 1770 miracula,
1539 1706 1651 1757 visa
1681 1720 1778 1759 nec
1810 1719 2081 1774 umquam,
2112 1702 2188 1773 (η)

736 1807 876 1857 Ante
903 1819 998 1854 nec
1027 1800 1226 1862 audita,
1259 1808 1618 1867 c0ntentaque
1647 1796 1722 1867 (Ι)
1755 1796 1918 1850 corde
1949 1811 2048 1850 nec
2079 1796 2208 1849 ullo.

737 1893 866 1949 Tant
897 1903 1097 1948 temere
1126 1890 1305 1945 scelus
1333 1889 1577 1944 illicitum
1603 1904 1926 1956 eotnponcre
1954 1888 2152 1951 verbis,

735 1983 1031 2040 Adversum
1061 1998 1178 2036 sese
1212 1981 1319 2034 duo
1343 1979 1682 2035 Testamenta
1723 1996 1934 2044 sonare,

733 2077 930 2132 Contra
962 2074 1340 2145 prophetarum
1377 2072 1581 2126 Domini
1613 2075 1947 2126 committere
1986 2073 2167 2134 verba,

739 2168 989 2224 Dissimili
1020 2167 1174 2235 longe
1203 2165 1465 2219 sententia
1490 2165 1626 2218 velle
1658 2165 1902 2234 probare,

735 2263 960 2314 Omnem
994 2259 1147 2328 chis
1179 2257 1253 2329 (ε)
1292 2266 1344 2310 ιιι
1389 2257 1636 2310 infamem
1665 2256 1930 2311 deducere
1956 2271 2234 2319 caussam;

737 2354 1165 2421 Sanctorumque
1190 2360 1398 2420 patrum
1422 2351 1582 2403 vitam
1613 2350 1900 2417 reprobare
1932 2350 2186 2418 priorem,

737 2445 883 2512 Quos
908 2445 958 2498 in
989 2442 1279 2497 amicitiam
1303 2441 1501 2495 adlexit
1530 2439 1692 2504 Deus,
1715 2439 1782 2494 ad
1813 2456 1905 2494 sua
1929 2440 2090 2494 dona.

740 2540 1016 2610 Accipitur
1042 2538 1158 2591 sine
1191 2535 1448 2606 principio
1472 2550 1567 2604 pro
1594 2545 1740 2602 parte
1771 2535 1988 2600 minori,

740 2631 1002 2699 Quattuor
1027 2646 1091 2684 ex
1125 2645 1230 2682 uno
1255 2643 1376 2682 cum
1399 2629 1531 2694 sint,
1554 2643 1617 2682 ex
1645 2637 1898 2696 quattuor
1923 2642 2083 2682 unum
2105 2643 2119 2690 ;

738 2723 832 2778 llis
865 2735 1037 2776 tamen
1069 2737 1171 2774 una
1197 2719 1390 2789 placet,
1422 2719 1674 2788 reprobat
1698 2729 1809 2772 tres
1829 2717 2056 2787 denique
2080 2726 2278 2787 partes,

738 2821 1134 2886 Auctoremque
1161 2819 1240 2868 sui
1271 2813 1490 2866 I‘anlum
1524 2827 1617 2881 per
1645 2811 1805 2864 multa
1828 2822 2135 2881 capessunt.

738 2914 956 2969 Necnon
988 2928 1051 2967 ex
1085 2912 1201 2980 ipso
1230 2907 1454 2962 faricbat
1485 2905 1535 2959 in
1567 2907 1762 2961 extima
1791 2906 1972 2969 verba,

737 3007 929 3062 Omnia
957 3001 1076 3075 qua:
1106 3001 1270 3056 veteri
1300 2999 1366 3054 de
1395 2997 1596 3054 foedere
1625 3012 1852 3067 cumque
1876 2997 2102 3060 locutus,

742 3101 881 3154 Dura
912 3097 1157 3151 videntur
1191 3095 1288 3157 eis,
1321 3094 1510 3147 merito
1536 3090 1655 3160 quia
1677 3090 1840 3145 corde
1863 3091 2115 3160 gravatis.

743 3190 956 3246 I’oudus
981 3187 1358 3259 apostolicum,
1388 3184 1636 3254 fulgentis
1656 3185 1824 3255 gratia
1848 3185 2015 3247 verbi,

740 3284 964 3340 Lumina
995 3280 1252 3352 przrducit
1278 3278 1462 3342 tncnti,
1492 3293 1663 3346 neque
1684 3291 1903 3331 cernere
1931 3286 2180 3346 possunt;
2365 3285 2410 3344 (ζ

740 3377 941 3446 Spiritu
972 3374 1075 3429 lata
1103 3381 1286 3444 putant
1313 3369 1555 3433 hebetes,
1593 3369 1840 3422 animalia
1866 3367 2042 3439 digna.

1395 3461 1620 3518 CAPUT
1661 3461 1726 3516 Il.

811 3560 918 3617 Sed
954 3574 1069 3622 vos,
1098 3559 1187 3629 qui
1216 3557 1449 3612 nondum
1484 3546 1715 3626 petiitus,
1748 3554 1885 3610 duce
1907 3553 2130 3609 Numine
2153 3554 2284 3609 falso

749 3655 921 3712 Mente
951 3655 1063 3724 ipsa
1095 3651 1327 3722 reprobi,
1359 3650 1678 3721 pcnetrastis
1699 3648 1765 3703 ad
1795 3649 1976 3703 intitna
2003 3650 2210 3710 mortis,

2144 378 2604 440 TERTULLIANI

2349 501 2397 559 Α
2431 499 2627 554 Discite
2648 497 2715 553 de
2743 496 2888 553 fonte
2919 496 3137 552 ﬂuvium
3168 510 3386 552 manare
3421 494 3828 567 percnnem,(b)

3904 377 4047 434 106$

2434 588 2533 656 Qtti
2569 588 2735 644 nutrit
2775 589 2945 656 illum,
2978 589 3216 643 bissenos
3247 591 3413 658 gratia
3446 587 3670 652 fruetus,

2436 681 2559 734 Exit
2584 690 2637 735 ct
2669 683 2719 736 itt
2759 691 2976 747 terram,
3010 692 3306 752 ventosque
3335 683 3384 736 itt
3423 693 3675 752 quattuor
3702 683 3875 747 orbis,

2437 772 2535 826 Tot
2560 772 2675 826 fluit
2698 775 2748 828 in
2773 784 2952 844 partes
2982 773 3143 828 fontis
3171 775 3324 830 color
3358 787 3412 831 et
3438 792 3601 846 sapor
3631 793 3788 830 unus.

2436 865 2525 919 Sic
2547 874 2603 919 et
2626 867 2920 935 apostolico
2947 865 3187 921 decurrit
3213 867 3452 921 Ecclesia
3477 868 3662 929 verbo,

2440 956 2510 1010 Ex
2543 968 2694 1010 utero
2719 956 2940 1018 Christi,
2969 957 3142 1010 Patris
3168 957 3347 1012 omnis
3375 959 3542 1026 gloria
3571 959 3751 1028 plena,

2435 1051 2635 1104 Sordes
2659 1050 2862 1105 diluere
2884 1059 2933 1104 et
2967 1053 3070 1104 lata
3101 1062 3312 1106 mortua
3345 1052 3641 1108 vivificare.

2436 1143 2697 1210 Quattuor
2724 1143 2774 1196 itt
2800 1160 3021 1198 nuntcro
3044 1144 3293 1199 dill’usum
3323 1145 3374 1200 in
3400 1145 3650 1215 gentibus
3682 1162 3875 1210 ttnutn,

2437 1235 2726 1304 Electaque
2757 1234 2858 1289 lide
2881 1246 3212 1305 susceptum.
3246 1237 3436 1291 doctor
3457 1238 3670 1307 Opitnns

2439 1328 2622 1382 Tradit
2651 1327 2991 1396 Evangeliqu
3023 1329 3216 1381 Paulus
3238 1330 3352 1382 sine
3380 1329 3606 1382 crimine
3640 1328 3931 1392 inundtnn,

2440 1423 2657 1492 Absque
2691 1421 2791 1476 hoc
2818 1431 2870 1475 ct
2893 1421 3108 1477 Galatas
3134 1424 3301 1477 vetuit
3321 1423 3601 1479 discedere
3628 1436 3872 1487 sanctos,

2439 1519 2584 1582 Quos
2609 1518 2720 1571 falsi
2753 1517 2944 1572 fratres
2971 1534 3028 1573 se
3059 1520 3447 1574 circumcidere
3471 1535 3680 1583 suasos,

2441 1613 2613 1678 Atque
2645 1610 2912 1666 elementa
2946 1612 3122 1681 sequi,
3147 1628 3281 1666 nova
3313 1612 3560 1666 libertate
3583 1613 3792 1674 relicta,

2442 1699 2639 1753 Umbra
2671 1689 2972 1757 futurorum
3009 1704 3174 1757 veteri
3204 1705 3408 1758 servire
3440 1703 3725 1757 docebant.

2441 1792 2548 1844 Has
2582 1792 2764 1845 habuit
2790 1792 2992 1848 Calatis
3014 1811 3235 1849 caussas
3261 1796 3604 1850 conscribere
3632 1794 3859 1858 Paulus,

2370 1893 2416 1952 Β
2445 1884 2560 1938 Non
2593 1896 2647 1938 ut
2673 1885 2943 1955 Evangelii
2975 1897 3178 1955 partem
3211 1905 3306 1956 pro
3337 1904 3563 1958 corpore
3592 1898 3705 1942 toto

2444 1981 2763 2049 Exciperent
2789 1979 3075 2043 modicam,
3103 1981 3290 2050 majori
3321 1995 3471 2051 parte
3492 1981 3702 2036 relicta.

2442 2075 2616 2144 Atque
2642 2073 2776 2126 adeo
2806 2091 2910 2126 non
2940 2073 3098 2128 verba
3129 2075 3272 2139 libri,
3301 2074 3394 2129 sed
3422 2074 3617 2127 missus
3651 2073 3704 2127 in
3733 2074 3928 2128 orbein

2442 2166 2560 2236 Ipse
2588 2165 2859 2230 Christus,
2891 2166 3238 2233 Evangelium
3265 2177 3372 2231 est,
3401 2169 3444 2220 si
3471 2182 3696 2221 eernere
3718 2165 3908 2227 vultis,

2444 2255 2491 2312 A
2519 2256 2675 2311 Patre
2696 2257 2784 2326 qui
2810 2259 2976 2323 venit,
3005 2259 3152 2311 solus
3179 2257 3314 2312 bona
3339 2259 3522 2312 nuntia
3553 2269 3775 2327 portans

2440 2353 2746 2409 'I‘cstificata
2773 2357 2952 2423 prius;
2985 2356 3141 2424 cujus
3171 2357 3358 2426 ingens
3383 2357 3550 2427 gloria
3576 2360 3843 2427 complet,

2438 2445 2739 2503 Ostendcns
2762 2463 2928 2517 opere
2953 2458 3183 2518 quantus
3203 2453 3270 2502 sit
3296 2451 3543 2503 conditor
3569 2451 3737 2504 orbis.

2439 2539 2602 2608 Cujus
2631 2542 2784 2605 facta,
2809 2541 2964 2595 simul
2987 2542 3142 2596 dictis
3163 2541 3470 2612 conjuncta,
3498 2543 3685 2597 fideles

2441 2633 2543 2697 Illi,
2571 2633 2869 2697 Matthmtts,
2901 2634 3125 2699 Marcus,
3161 2634 3460 2705 anasquc,
3493 2634 3750 2700 Joannes,

2439 2724 2844 2795 Conscripscrc,
2878 2742 3048 2790 mera,
3078 2741 3185 2779 non
3209 2735 3390 2781 extera
3424 2728 3587 2780 verba
3619 2727 3804 2792 locuti,

2440 2817 2638 2889 Spiritu
2671 2831 2853 2873 sancta
2887 2819 3004 2882 Dei,
3037 2829 3187 2873 tanto
3213 2829 3483 2888 prtcscnte
3516 2823 3795 2892 magistro.

3070 2911 3297 2967 CAPUT
3333 2912 3418 2966 Ill.

2516 3002 2611 3058 llic
2637 3018 2803 3074 agnus
2831 3003 3052 3058 Pascha:
3078 3005 3425 3073 suspenditur
3454 3006 3627 3059 hostia
3659 3005 3845 3074 ligno;
3873 3008 3946 3075 (cl

2447 3093 2596 3148 Hune
2624 3093 2818 3148 Paulus
2844 3095 3029 3164 phase,
3058 3097 3404 3150 conscribens
3430 3097 3641 3152 decreta
3672 3090 3965 3161 Corintho,

2445 3185 2691 3240 Occisum
2719 3187 2880 3241 tradit
2905 3188 3198 3258 vitamque,
3235 3189 3508 3259 Deumque
3535 3187 3772 3244 futurtnn

2445 3279 2771 3334 Promissum
2802 3280 3060 3349 patrihus,
3092 3295 3228 3351 quos
3258 3281 3589 3337 illectaverat
3615 3292 3763 3337 ante.

2446 3370 2664 3427 Cernite
2692 3370 2817 3441 quid
2847 3371 3038 3436 virtus,
3065 3373 3187 3442 quis
3210 3374 3423 3442 pascha:
3452 3375 3620 3441 possit
3652 3376 3856 3445 imago,

2445 3461 2535 3517 Sic
2565 3478 2750 3516 verum
2779 3461 2904 3532 quid
2937 3461 3008 3517 sit
3032 3463 3276 3534 poteritis
3307 3463 3504 3533 pascha
3534 3463 3736 3520 videre.

2443 3553 2520 3609 Ne
2554 3553 2690 3608 fidus
2722 3565 2892 3623 pater,
2921 3565 2975 3610 ct
3005 3555 3250 3626 vatcs(d)
3281 3556 3367 3610 cui
3399 3558 3589 3626 pignus
3622 3567 3679 3612 et
3701 3556 3881 3614 hzeres

2445 3649 2656 3703 Charus
2693 3657 2828 3712 crat,
2853 3664 3012 3719 quem
3044 3647 3182 3705 forte
3211 3649 3349 3706 Deus
3375 3649 3664 3707 donaverat
3689 3652 3791 3720 illi,

1988 3761 2367 3820 LECTIONES
2408 3760 2820 3819 VARIANTES.

813 3888 887 3953 (l)
914 3887 1298 3951 Contemptaque
1319 3883 1481 3936 Obert.

2522 3879 2594 3941 (2)
2620 3878 2681 3928 Iit
2696 3892 2789 3930 non
2814 3877 2928 3946 legit
2953 3881 3116 3932 Obert.

2126 3983 2690 4043 COMMENTARIUS.

756 4125 952 4182 operm,
980 4128 1073 4183 pro
1101 4111 1286 4180 pectis;
1313 4104 1452 4183 quod
1480 4105 1606 4183 vitio
1629 4103 2043 4174 typrographico
2072 4102 2351 4157 videbatur

761 4179 1075 4254 irrepsiSSe;
1103 4179 1262 4235 sicuti
1295 4182 1450 4233 etiam
1483 4179 1639 4246 paulo
1669 4185 1786 4244 post
1814 4193 1825 4226 :

887 4297 1154 4360 Improvisc.
1180 4306 1360 4343 uocans
1379 4293 1594 4340 incautos
1617 4297 1774 4338 morte
1795 4299 2042 4349 suprema,

762 4420 859 4474 pro
885 4403 1180 4475 [inprovisa
1201 4415 1411 4475 negans.
1443 4397 1600 4475 Atqui
1627 4395 1856 4475 pertinet
1881 4393 1946 4448 ad
1975 4393 2192 4475 phrasin
2209 4392 2258 4474 "1'
2263 4406 2353 4446 er-

765 4466 1087 4530 lullianii-ain
1133 4466 1297 4524 illud':
1333 4480 1386 4522 ut
1413 4486 1504 4521 sua
1538 4473 1671 4532 [actu
1717 4466 1822 4519 Deo
1851 4466 2107 4536 consignet
2134 4466 2349 4536 iniqua,

767 4559 820 4600 et
850 4562 1046 4603 sttasos.
1076 4558 1170 4611 pro
1201 4555 1486 4611 persnasos,
1512 4539 1722 4606 iii/igere
1743 4536 1922 4605 poenis,
1946 4547 1996 4589 ct
2026 4535 2182 4604 paulo
2206 4545 2351 4603 post:
2384 4554 2436 4612 D

768 4615 976 4670 Domini
1004 4614 1309 4668 committere
1334 4611 1502 4664 verba.

845 4687 919 4758 (ιι)
950 4685 1279 4758 Innumeram
1309 4681 1404 4758 l_)ci
1436 4679 1700 4743 miracula,
1733 4680 1836 4732 visa
1865 4693 1952 4731 nec
1982 4692 2224 4747 unquam,
2252 4687 2356 4730 etc.

768 4755 868 4813 Isti
899 4755 1060 4811 cursui
1087 4755 1444 4824 conjunximus
1471 4767 1487 4804 :

896 4871 1022 4919 Ante
1047 4881 1139 4917 nec
1163 4866 1344 4926 audita,
1369 4871 1696 4926 contentaque
1714 4861 1859 4912 corde
1879 4873 1972 4911 nec
1998 4861 2115 4920 ullo,

773 4985 825 5030 et
851 4984 970 5044 post
999 4972 1269 5042 posuimus
1297 4970 1442 5022 illum
1475 4989 1486 5022 :

896 5087 1019 5137 'l'am
1039 5094 1227 5135 temere
1251 5081 1411 5132 scelus
1433 5080 1650 5130 illicitum
1675 5093 1972 5144 componere
1990 5080 2187 5140 verbis;

777 5191 998 5260 quuod
1024 5191 1125 5244 illic
1145 5187 1344 5242 animm
1373 5187 1438 5260 au
1465 5185 1590 5239 illud
1623 5184 1738 5260 Isai.
1776 5183 2015 5260 thvci
2062 5184 2080 5237 l
2110 5185 2254 5260 Cor.,
2281 5183 2321 5238 ιι
2352 5203 2363 5236 τ

782 5256 934 5330 Quod
959 5262 1142 5313 oculus
1169 5276 1270 5312 non
1305 5259 1453 5321 vidit,
1480 5272 1577 5311 nec
1611 5256 1756 5330 auris
1786 5257 2007 5330 audivit,
2041 5271 2137 5309 nec
2177 5259 2234 5330 in
2275 5271 2368 5309 cor

785 5328 1015 5388 hominis
1044 5331 1313 5394 ascendit;
1347 5344 1451 5396 quo
1491 5330 1545 5380 lit
1572 5338 1629 5380 ut
1673 5328 1832 5380 etiam
1873 5328 2310 5396 castigaverimus
2353 5344 2365 5376 :

780 5415 1131 5468 contentaque,
1183 5416 1277 5469 pro
1319 5408 1697 5466 contemptaque
1743 5413 1760 5450 :
1810 5400 1962 5450 siculi
2005 5400 2164 5450 etiam
2214 5398 2370 5464 paulo

779 5486 904 5545 post
936 5493 944 5527 :
971 5476 1087 5544 quia
1118 5472 1268 5525 corde
1289 5471 1525 5545 grauatis.
1553 5483 1647 5537 pro
1673 5473 1889 5536 gravati.
1920 5470 2085 5523 Porro
2114 5470 2273 5522 etiam
2300 5469 2368 5522 ibi

788 5542 1038 5601 iucnilnin
1072 5548 1290 5597 Sobesse
1319 5542 1528 5594 videtur
1556 5559 1567 5594 :

908 5636 1089 5698 Spiritu
1113 5634 1204 5682 lata
1231 5631 1399 5695 putant
1421 5631 1642 5681 habetes.
1668 5631 1888 5678 animalia
1904 5631 2076 5694 digna,

787 5751 878 5793 aut
929 5741 1077 5792 locus
1121 5735 1358 5799 mutilus,
1388 5737 1471 5788 cui
1499 5733 1699 5802 absque
1731 5733 1836 5787 MS.
1872 5733 1987 5788 cod.
2027 5734 2232 5790 mederi
2266 5750 2370 5791 non

811 5823 952 5864 tum.

811 5823 952 5864 tum.

785 5814 800 5866 l
864 5883 1013 5936 (AP.
1065 5878 1312 5946 Il.--(’h)
1341 5876 1413 5930 De
1433 5876 1791 5947 [mite/larium
1833 5892 2040 5929 manare
2086 5893 2370 5945 perennem,

2458 4110 2563 4156 etc.
2597 4099 2848 4154 Solemuc
2878 4114 3017 4162 esse,
3055 4099 3192 4155 Beda
3228 4109 3382 4165 teste,
3417 4102 3586 4168 poetis
3628 4101 3966 4162 cbristisnis.
4012 4114 4062 4155 ut

2460 4191 2486 4226 ε
2514 4177 2563 4224 iu
2597 4173 2700 4224 [inc
2733 4171 3050 4237 producunt,
3081 4173 3290 4226 duabus
3322 4173 3371 4225 itt
3400 4171 3633 4227 dictione
3661 4173 3834 4228 altera
3864 4189 4033 4226 COIISO

2463 4245 2713 4296 nantibus
2741 4245 3118 4309 sequentibus;
3149 4244 3324 4306 sicuti,
3352 4244 3587 4310 cxeiiqili
3614 4244 3809 4308 gratia,
3841 4255 3956 4297 tuin
3985 4250 4061 4297 lue

2461 4314 2683 4374 aut-tori,
2702 4324 2752 4366 et
2775 4328 2877 4366 non
2900 4315 3065 4368 sctncl
3085 4316 3441 4382 tuistttiodum,
3471 4314 3881 4377 titiii,Jttveiico,
3903 4316 3941 4366 Ι.
3967 4316 4060 4368 IV:

2462 4385 2686 4452 Aspicite
2715 4383 2940 4447 scribus;
2967 4393 3020 4437 ct
3065 4384 3350 4438 Prudentio
3370 4383 3584 4438 Callicr.
3619 4385 3760 4438 crede
3786 4389 4060 4454 stupenda.

2468 4455 2664 4509 Allndit
2705 4466 2882 4508 autem
2926 4455 2990 4506 ad
3025 4455 3268 4509 bissenos
3312 4456 3600 4523 apostolos,
3624 4471 3856 4524 quorum
3903 4473 4064 4509 simus

2463 4527 2613 4580 exivit
2629 4526 2679 4577 in
2701 4541 2898 4578 onmem
2925 4534 3108 4578 terram
3123 4537 3168 4578 et
3182 4526 3234 4578 in
3249 4536 3415 4579 ventos
3436 4536 3652 4593 quatuor
3669 4527 3828 4588 orbis,
3851 4527 3906 4580 id
3927 4543 3999 4581 cs'
4020 4529 4064 4579 in

2469 4597 2603 4651 fines
2625 4597 2771 4649 orbis
2796 4607 3077 4659 terrarum,
3102 4597 3260 4650 sicuti
3294 4597 3485 4666 legitur
3510 4596 3648 4650 Psal.
3680 4595 3878 4652 XVIII.
3914 4600 4064 4666 Azqm

2471 4667 2912 4724 emendavimus:
2947 4666 3136 4720 Sordes
3162 4667 3374 4730 diluere,
3405 4682 3501 4736 pro
3543 4669 3769 4732 sordide,
3802 4670 3894 4722 ubi
3938 4688 4004 4722 no
4042 4688 4068 4722 c

2469 4739 2662 4806 accipit
2693 4743 2799 4806 fatu
2828 4749 3025 4791 mortuo
3048 4778 3061 4801 ,
3109 4752 3204 4806 pro
3232 4737 3442 4791 mortuis
3469 4738 3776 4803 hominibus,
3808 4749 3867 4793 et
3905 4755 4026 4793 mox
4055 4759 4063 4790 :

2473 4809 2746 4875 Electaque
2770 4809 2887 4873 ﬁde,
2920 4825 3014 4877 pro
3042 4808 3313 4873 eiectoque.

2533 4881 2685 4935 CAP.
2736 4878 2821 4933 Ill.
2871 4909 2939 4918 ——
2990 4878 3062 4950 (υ)
3106 4877 3212 4950 illic
3259 4895 3422 4949 agnus
3477 4877 3690 4950 Pascha
3737 4883 4068 4950 stupendum

2472 4945 2638 5003 hostia
2680 4951 2837 5020 ligno,
2883 4945 3009 5004 etcf
3035 4945 3238 5005 Alludit
3284 4945 3348 5002 ad
3381 4949 3548 5003 illttdl
3578 4951 3700 5003 Cor.
3734 4949 3778 5002 Υ
3814 4969 3826 5004 ;
3871 4952 4068 5004 Persia-.1

2473 5033 2698 5074 nostrum
2748 5022 3038 5074 immolatus
3084 5031 3155 5073 est
3197 5020 3476 5084 Christus;
3525 5032 3578 5074 ct
3607 5022 3735 5075 illud
3770 5040 3782 5074 :
3817 5024 4074 5086 vitamque

2474 5091 2734 5163 Deumque
2791 5093 3038 5160 futurum,
3088 5090 3316 5146 refertur
3367 5093 3432 5145 ad
3485 5093 3535 5145 id
3590 5091 3730 5163 quod
3795 5098 4071 5163 sequitur:

2475 5161 2817 5225 Promissum,
2850 5165 2936 5216 tibi
2968 5165 3207 5229 sequitur
3248 5179 3350 5216 vox
3379 5163 3594 5232 antiqua
3635 5161 3955 5217 illectaverm
3982 5209 3994 5224 ,
4031 5181 4077 5217 et

2475 5249 2597 5286 mox
2641 5235 2850 5304 poetico
2895 5250 3044 5288 more
3085 5234 3338 5303 producta
3382 5234 3434 5287 in
3486 5234 3782 5302 pennltitna
3813 5251 3948 5299 vox,
3992 5256 4076 5305 po-

2475 5305 2652 5357 teritis.

2550 5377 2626 5446 (d)
2659 5375 2738 5428 Ne
2765 5375 2896 5439 ﬁdus
2921 5387 3081 5444 pater,
3113 5384 3156 5428 et
3187 5379 3341 5440 vdtes,
3373 5383 3474 5429 etc.
3516 5375 3888 5446 Abrahatnum
3924 5379 4075 5432 intel-

2475 5446 2607 5571 lligit,
2638 5450 2718 5500 cui
2748 5447 2908 5516 (Gen.
2945 5447 3108 5515 XXII)
3139 5445 3396 5516 prolsaac
3417 5449 3532 5516 ejus
3562 5445 3669 5500 lilio
3689 5448 3757 5500 ad
3791 5447 4076 5503 immolau-

2517 5533 2624 5571 UIII.

2517 5533 2624 5580 Utn,

2607 5634 2869 5684 Connexus
2891 5637 3052 5698 capite
3071 5636 3223 5698 spinis
3246 5635 3522 5685 ostenditur
3539 5646 3716 5695 agnus,

2478 5718 2634 5774 sicuti
2660 5719 2711 5773 in
2739 5733 2804 5774 eo
2828 5719 2970 5788 quod
2997 5719 3268 5788 sequitur:

3097 5828 3246 5891 Cujus
3261 5829 3324 5880 de
3349 5837 3471 5878 mort
3533 5830 3581 5888 pi
3617 5829 3652 5878 ti

2607 5893 2749 5942 Esset
2773 5900 2818 5941 ul
2854 5894 2899 5941 in
2923 5894 3132 5954 signum,
