4202 6496
160 382 296 439 1065
1492 380 1819 441 ΑΡΡΕΝΒΙ]

1798 380 1832 439 K
1869 381 2103 442 PRIMA.
3318 389 3457 448 1066

156 493 308 550 llunc
329 492 447 549 Deo
473 499 750 560 maetaret,
783 492 977 550 merito
1008 499 1245 550 tentatus
1274 505 1492 562 amore;
1772 500 1825 559 A
1851 498 1939 554 Sic
1963 498 2161 569 placuit
2188 498 2415 555 Domino
2442 506 2671 556 mortem
2697 500 2931 572 spoliare
2959 503 3275 575 superbam;

156 587 484 657 Supplicium
516 603 788 658 magnum,
824 596 1042 642 sanctus
1068 602 1165 658 pro
1186 590 1449 658 sanguine
1479 591 1699 663 sanguis
1857 590 1945 647 Sic
1967 592 2165 662 pulerit
2188 592 2525 649 miserandus
2554 593 2714 648 homo
2736 608 2954 665 sperare
2982 601 3230 653 salutem.

154 680 443 737 Cunncxus
469 681 642 752 capite
666 681 835 751 spinis
864 682 1167 737 ostenditur
1193 697 1362 752 agnus
1854 683 2008 740 IIune
2031 668 2283 756 pascham
2312 686 2510 742 Paulus
2530 696 2819 742 mactatum
2850 688 3105 757 przedicat
3125 705 3351 762 agutun;

156 774 340 831 Ilostia
367 786 548 830 sancta
580 776 707 830 Deo.
740 774 904 845 Cujus
926 774 993 829 de
1014 764 1189 831 morte
1216 776 1346 846 piati
1854 777 1965 834 Nec
1985 780 2193 850 species
2220 778 2428 835 Domini
2459 782 2664 851 pecoris
2694 781 2937 837 sublimis
2961 781 3146 837 inertis

153 870 313 925 EsSet
340 881 396 925 ut
419 871 469 925 in
494 871 705 941 signum
730 880 785 925 et
811 879 1027 925 vastat-.e
1060 871 1280 941 pignora
1303 870 1496 941 gentis,
1856 871 2175 928 Consiniitis'
2198 873 2414 943 patitur,
2439 882 2762 945 quapropter
2780 873 2977 929 dicitur
2998 890 3195 946 agnus;

152 964 421 1033 Sanguine
442 964 721 1034 signantur
747 971 929 1035 postes
957 972 1011 1018 et
1040 964 1227 1019 limina
1253 965 1442 1031 multa,
1858 966 1964 1021 Sed
1996 967 2116 1037 quia
2146 968 2356 1024 lanitics
2383 978 2640 1025 renovata
2669 968 2785 1025 hare
2808 984 3036 1040 corpora
3058 973 3241 1039 vestit,

151 1053 391 1111 Immane
420 1056 698 1123 auxilium,
729 1070 859 1111 caro
892 1056 1044 1111 testis
1070 1056 1306 1111 creditur
1336 1070 1479 1112 esca.
1860 1058 1959 1115 Dat
1978 1060 2210 1131 tegimen
2234 1061 2435 1133 multis,
2470 1077 2701 1134 unquam
2728 1077 2828 1120 nec
2850 1062 3031 1121 deﬁcit
3051 1065 3183 1136 ipse.

150 1147 309 1204 Iesus
340 1158 705 1219 transgressus
728 1146 930 1203 Jordan
964 1155 1213 1219 terraque
1239 1147 1465 1219 potitus.

149 1198 1033 1312 ﬁtnisiggiaa;“iam;
1048 1198 1211 1310 .14.;
1229 1198 1469 1295 iam;
1497 1254 1711 1311 agnum.
2479 1198 2705 1255 CAPUT
2747 1198 2835 1255 IV-

143 1333 219 1387 Ει
246 1334 434 1403 reliqui
465 1334 638 1403 magni
661 1347 817 1404 reges
849 1333 1131 1403 sanctique
1159 1331 1462 1403 prophetze,
1927 1331 2015 1387 Sic
2050 1329 2305 1387 Dominus
2332 1332 2529 1389 virtute
2553 1334 2748 1401 Patris,
2775 1349 2911 1404 quos
2935 1346 3108 1393 morte
3130 1338 3354 1395 redemi.
3383 1340 3455 1412 (ιι)

145 1428 265 1483 Non
290 1430 596 1499 ignorantes
622 1436 784 1483 certae
804 1429 1068 1498 promissa
1090 1426 1299 1493 salutis,
1856 1421 2063 1480 Exutos
2084 1440 2179 1481 sua
2207 1426 2327 1483 luce
2360 1428 2508 1498 tegit,
2537 1443 2657 1499 qua:
2688 1443 2901 1501 semper
2927 1430 2979 1485 in
3010 1431 3102 1486 illo
3127 1443 3230 1489 est.

144 1522 551 1592 Ingentemque,
584 1530 732 1575 metu
761 1520 924 1590 pleni,
958 1519 1342 1575 transcendere
1372 1517 1572 1589 legem,
1857 1520 1999 1592 Ergo
2019 1519 2211 1579 Pastor
2238 1537 2392 1579 ovem
2423 1524 2513 1594 qui
2539 1524 2793 1595 perdidit,
2831 1526 2947 1596 ipse
2977 1528 3220 1599 requirit.

146 1615 441 1672 Venturam
464 1630 687 1670 summa:
712 1615 926 1669 virtutis
953 1614 1186 1684 imagine
1208 1614 1430 1679 molem,
1858 1611 1907 1668 Is
1937 1614 2102 1669 robur
2128 1615 2420 1688 Spinasque
2447 1632 2565 1671 uvae
2591 1618 2801 1675 calcare
2831 1629 3069 1690 paratus,

143 1706 450 1778 Inspectum
481 1723 512 1763 e
538 1709 760 1780 speculo
785 1708 1127 1763 celebrarunt
1155 1707 1345 1762 ordine
1368 1705 1641 1776 pascham.
1856 1706 1964 1760 Aut
1989 1707 2190 1763 rabiem
2221 1723 2477 1780 superare
2498 1710 2627 1781 lupi,
2662 1711 3037 1784 pecudumque
3063 1714 3246 1784 potiri.

143 1800 409 1871 Denique,
442 1802 485 1854 si
510 1801 677 1858 celeri
704 1799 997 1871 primordia
1026 1808 1207 1855 mente
1229 1813 1503 1866 recurras,
1859 1797 2082 1867 Eripere
2101 1800 2274 1867 fortis,
2299 1803 2623 1871 contemptis
2649 1802 2898 1859 dentibus
2920 1806 3085 1875 ultro,

141 1891 392 1949 Invenies
419 1892 628 1949 funesta
662 1895 840 1959 nimis,
867 1904 991 1965 post
1015 1894 1175 1965 impia
1200 1893 1365 1949 verba
1394 1911 1409 1948 :
1782 1899 1830 1960 Β
1857 1890 2103 1960 Objectat
2127 1908 2246 1949 sese
2278 1893 2361 1949 leo
2387 1893 2529 1965 pelle
2559 1895 2802 1952 obtectus
2831 1899 2979 1965 ovili,

139 1986 405 2042 Credulus
432 1987 537 2043 heu
563 1989 579 2042 !
609 1988 760 2043 facile
783 1988 1014 2043 nudatus
1043 1988 1277 2058 tegmine
1299 1988 1447 2056 vitm,
1858 1984 2151 2056 Deeipiens—
2174 1986 2382 2053 habitu,
2413 1998 2666 2059 rapturus
2694 1991 2953 2061 sanguine
2980 1990 3183 2049 fauces:

139 2077 386 2133 Pellibus
408 2089 465 2133 ut
497 2089 766 2149 tegeretur
791 2080 975 2147 homo,
1006 2079 1355 2150 suspenditur
1392 2094 1587 2151 agnus,
1856 2076 2029 2132 Adam
2059 2079 2109 2133 vi
2133 2088 2349 2148 captum
2370 2079 2448 2135 sic
2469 2081 2659 2151 quaerit
2678 2079 2927 2138 Christus
2955 2083 3170 2155 ubique,

76 2218 79 2219 ν
137 2170 256 2228 Aut
293 2182 509 2241 peccata
536 2182 712 2241 necat,
750 2181 836 2228 aut
865 2173 1124 2244 sanguine
1155 2173 1342 2229 funera
1378 2173 1544 2242 delet,
1856 2168 1975 2238 Ipse
2001 2171 2140 2226 viam
2161 2172 2435 2241 gradiens,
2466 2188 2569 2243 qua
2600 2189 2748 2229 mors
2770 2184 2989 2245 operata
3022 2178 3231 2232 ruinant
3262 2188 3344 2235 est

139 2266 257 2321 Aut
283 2266 489 2336 ceperit
513 2266 707 2331 nudos,
739 2266 883 2321 fovet
902 2276 995 2321 aut
1016 2280 1115 2322 suo
1142 2266 1345 2322 vellere
1373 2267 1567 2322 vulnus
1595 2263 1695 2339 (a),
1856 2260 2047 2317 Omnia
2075 2264 2409 2335 perlustrans
2437 2275 2680 2322 veterum
2707 2280 3057 2330 monumenta
3088 2272 3347 2343 virorum,

136 2356 264 2413 Non
289 2360 501 2428 pecoris
531 2359 751 2430 sanguis
775 2358 1014 2414 humano
1039 2360 1299 2430 sanguine
1329 2358 1519 2429 pluris,
1856 2354 2079 2426 Singula
2104 2359 2463 2429 perspiciens,
2487 2360 2750 2430 exemplis
2778 2362 3025 2419 omnibus
3059 2380 3219 2434 nitus,

140 2448 216 2505 Ut
247 2465 343 2519 pro
376 2452 610 2520 peccatis
638 2450 852 2507 oblatus
876 2451 1092 2506 dirimat
1114 2453 1267 2517 iram,
1856 2446 1939 2505 Ex
1967 2459 2121 2506 utero
2154 2452 2415 2522 incipiens
2437 2453 2708 2510 inimicam
2738 2456 3008 2526 expellere
3034 2468 3282 2527 mortem,

135 2544 257 2600 Aut
284 2545 463 2600 multa:
490 2544 684 2615 plebis,
712 2546 873 2600 veluti
895 2548 939 2601 si
966 2546 1145 2601 carior
1166 2562 1354 2617 agnus.
1855 2539 2145 2613 Conceptus
2172 2546 2335 2600 simul
2358 2547 2409 2601 in
2434 2549 2643 2618 gremio
2667 2563 2788 2603 cum
2820 2550 3027 2606 semine
3049 2553 3229 2609 carnis

136 2636 420 2692 Auxilium
449 2638 707 2703 immane,
740 2648 901 2693 tantae
932 2638 1095 2693 tutela
1117 2638 1331 2704 salutis,
1856 2634 2071 2694 Etates
2095 2654 2283 2696 omnes
2311 2640 2473 2696 tacita
2497 2643 2759 2712 sapientia
2790 2644 3040 2713 lustrans,

137 2729 369 2785 Oblatus
399 2732 572 2802 potuit
596 2732 823 2801 pretium
852 2734 981 2788 satis
1007 2748 1129 2789 esse
1156 2732 1469 2803 redemptis.
1504 2730 1587 2805 (1)
1856 2727 2043 2785 Debita
2068 2732 2391 2803 suscipiens,
2422 2744 2649 2790 cunctos
2680 2736 2940 2791 mundare
2968 2746 3207 2806 paratus,

137 2824 216 2879 At
248 2824 391 2881 Deus
413 2826 776 2895 omnipotens,
800 2828 924 2883 cceli
953 2836 1218 2899 terraeque
1239 2837 1473 2893 creator,
1856 2821 2104 2877 Reddere
2130 2824 2316 2881 faetori
2345 2827 2562 2893 multos,
2595 2842 2730 2898 quos
2756 2839 3027 2898 sparserat
3055 2847 3213 2887 unus.

136 2915 469 2985 Immensus,
497 2918 675 2984 vivus,
703 2919 993 2990 perfectus,
1024 2920 1141 2976 luce
1166 2921 1441 2990 perennis,
1856 2912 1924 2969 Et
1953 2915 2074 2986 quia
2103 2918 2358 2974 terribilis
2394 2927 2554 2989 puteo
2583 2919 2865 2975 demersus
2895 2922 3079 2992 iniquo

141 3007 247 3063 llis
279 3023 383 3063 non
416 3009 681 3080 placatur,
707 3011 971 3081 pecudum
996 3028 1171 3083 neque
1192 3013 1455 3083 sanguine
1475 3014 1692 3083 gaudet.
1860 3004 1955 3061 Vir
1974 3006 2187 3075 Cecidit,
2217 3011 2387 3066 suasit
2414 3012 2563 3082 Virgo
2590 3011 2854 3067 Subde
2882 3013 3153 3080 dracone;

140 3099 338 3156 Omnia
368 3112 669 3159 mactentur
700 3120 915 3175 pecora,
946 3120 1073 3176 grex
1096 3107 1275 3161 omnis
1304 3107 1357 3160 in
1386 3121 1508 3162 aras
1856 3098 2095 3157 Consilio
2123 3102 2343 3171 placuit,
2374 3111 2585 3175 tegmen
2614 3105 2837 3161 caeleste
2858 3105 3105 3177 reliquit;

137 3193 455 3261 Decremct,
483 3204 541 3249 ut
565 3195 774 3250 veniam
816 3196 901 3251 vel
934 3197 1140 3267 peccati
1171 3198 1351 3267 expiet
1376 3212 1550 3253 unus:
1858 3191 2046 3262 Arguil
2073 3192 2171 3248 hos
2196 3194 2398 3265 lignum
2427 3196 2623 3265 nudos,
2652 3213 2799 3253 mors
2829 3206 2942 3253 atra
2967 3201 3163 3271 coegit,

136 3285 502 3357 Nequaquam
538 3286 752 3343 Domini
780 3288 995 3359 sapiens
1026 3290 1289 3345 maculata
1321 3291 1508 3360 figura,
1786 3287 1832 3350 C
1867 3280 1950 3337 Ex
1976 3284 2163 3340 eadem
2186 3300 2363 3341 massa
2390 3288 2551 3343 simili
2574 3290 2785 3344 ratione
2806 3290 3007 3346 retecta

132 3377 284 3435 Tam
318 3378 409 3434 vili
438 3380 610 3450 pretio
640 3396 767 3436 caro
794 3381 935 3439 foeda
964 3383 1170 3454 paravit
1196 3384 1466 3449 honores;
1858 3375 1975 3431 Jam
2007 3388 2283 3447 renovata,
2312 3379 2448 3435 redit
2473 3380 2573 3435 ﬁes
2601 3381 2801 3447 carnis,
2833 3390 2889 3437 et
2916 3382 3123 3453 hospita
3152 3384 3296 3455 pacis
3344 3387 3427 3460 (2)

137 3470 262 3527 Sed
289 3486 414 3541 spes
440 3480 495 3527 et
523 3472 786 3542 promissa
812 3474 942 3530 ﬁdes
972 3474 1290 3530 mortalibus
1318 3474 1469 3543 olim,
1860 3467 2081 3542 Virgine
2107 3471 2371 3543 desponsa
2400 3487 2547 3541 caro,
2578 3488 2684 3531 non
2716 3489 2784 3530 ex
2813 3476 3019 3532 semine
3049 3486 3176 3533 nato

139 3564 283 3620 Ilaec
311 3573 530 3634 operata
560 3564 696 3633 tulit,
724 3582 929 3638 magna:
952 3569 1176 3624 rationis
1199 3569 1395 3638 imago,
1861 3562 2069 3618 Artiﬁci
2096 3563 2382 3633 conjuncta
2412 3578 2533 3632 suo,
2561 3564 2679 3621 sine
2706 3564 2888 3622 debito
2914 3568 3104 3623 mortis

140 3656 533 3712 Prmmeditata
565 3658 759 3727 Patris,
784 3660 945 3715 nimia
976 3661 1173 3731 pietate
1200 3669 1381 3730 parata
1860 3656 2096 3728 Angelus
2120 3654 2237 3713 htec
2262 3656 2508 3713 mandata
2539 3657 2734 3725 Patris,
2760 3672 2855 3728 per
2880 3658 3057 3714 sidera
3087 3659 3259 3717 defert

141 3749 458 3806 Venturum
486 3750 757 3809 Christum
792 3754 969 3821 terris,
997 3754 1379 3825 hominemque
1408 3751 1683 3821 futurum;
1861 3748 2085 3817 Lucida,
2109 3761 2167 3807 ut
2190 3750 2429 3822 angelica
2453 3751 2738 3807 credantur
2762 3751 2947 3807 nuntia
2970 3751 3131 3822 fama,

143 3844 330 3912 Quem
361 3844 534 3900 visum
568 3845 821 3913 Joannes,
860 3846 1110 3917 baptismi
1144 3847 1347 3917 primus
1375 3856 1615 3917 apertor,
1864 3841 2096 3914 Virginis
2127 3852 2184 3898 ut
2208 3845 2376 3914 virgo;
2400 3844 2579 3900 carnis
2607 3858 2736 3900 caro
2762 3844 2941 3901 debita
2968 3845 3161 3902 solvat.

144 3938 226 3995 Et
252 3946 437 3993 vatum
467 3939 668 4005 socius,
699 3954 905 3995 necnon
933 3948 988 3994 et
1015 3939 1291 4008 apostolus
1312 3940 1518 4010 ingens,
1864 3935 2083 3992 Talibus
2113 3936 2386 4007 ingressus
2416 3938 2657 4008 sequitur
2685 3937 2909 4009 vestigia
2943 3939 3130 3995 mortis

147 4031 472 4086 Praecursor
502 4032 696 4086 missus
722 4040 921 4097 certus,
954 4034 1209 4102 testisque
1242 4031 1437 4100 ﬁdelis,
1866 4026 2124 4084 Parvulos
2152 4028 2423 4096 immanis,
2463 4029 2645 4085 senior
2672 4045 2808 4101 puer
2832 4038 2887 4085 et
2908 4029 3121 4100 juvenis
3150 4030 3250 4085 vir.

148 4121 436 4192 Augustus
465 4121 590 4187 vita,
627 4121 839 4177 sublimi
867 4122 1022 4177 laude
1052 4131 1290 4190 notatus,
1867 4120 2016 4187 Post,
2048 4119 2137 4178 ubi
2160 4120 2303 4191 justa
2333 4120 2430 4175 viri
2466 4121 2731 4192 completa
2762 4128 2847 4176 est
2873 4120 3084 4176 ruboris
3107 4128 3260 4189 tetas,

149 4213 305 4271 Olim
334 4213 530 4284 pascha
560 4214 675 4281 Dei,
704 4230 891 4271 verum
916 4216 1279 4287 quaerentibus
1305 4229 1522 4287 agnum,
1869 4215 2131 4273 Paulatim
2163 4215 2352 4270 solitus
2380 4215 2523 4270 socia
2552 4214 2849 4286 deperdere
2879 4216 3015 4283 vita;

152 4308 415 4366 Ostendit
447 4309 661 4366 tandem
682 4311 912 4376 venisse,
935 4310 1143 4383 piacula
1170 4310 1293 4366 tacti
1874 4305 1929 4362 In
1960 4307 2125 4363 fmdas
2149 4310 2313 4364 etiam
2338 4322 2497 4379 rugas
2520 4314 2576 4364 et
2605 4308 2793 4365 inertia
2826 4309 3067 4366 membra

154 4404 268 4473 Qui
288 4403 485 4460 delicta
511 4419 608 4459 suo
636 4405 925 4459 multorum
950 4405 1210 4475 sanguine
1239 4404 1432 4470 solvat,
1871 4400 2059 4457 Mutari
2090 4401 2269 4472 specie
2297 4401 2534 4455 vacuatis
2560 4400 2816 4470 sanguine
2842 4402 2993 4457 venis

158 4500 276 4554 Pro
315 4497 557 4567 reprobis
583 4498 804 4568 probus,
834 4506 889 4554 et
913 4498 1133 4566 charus,
1160 4513 1258 4569 pro
1280 4498 1473 4557 vilibus
1503 4514 1661 4566 unus,
1877 4493 2144 4559 Constitit,
2176 4491 2316 4547 haud
2346 4490 2586 4546 habitum
2619 4506 2807 4562 passus
2835 4502 3168 4552 veterascere
3192 4497 3391 4566 carnis,

159 4593 414 4663 Corpore
440 4591 601 4648 homo
626 4593 838 4664 vitaque
858 4590 1021 4659 Deus,
1051 4602 1314 4648 mactatus
1334 4600 1398 4647 ut
1416 4606 1604 4663 agnus,
1875 4584 2055 4653 Quave
2081 4599 2300 4640 manum
2322 4584 2561 4640 extendit
2591 4593 2792 4641 temere
2821 4587 3131 4659 contingere
3157 4590 3379 4661 lignum.

139 4688 461 4783 ’Acciperct
488 4701 587 4743 nos
616 4687 853 4745 ct’nobis
881 4702 939 4745 se
965 4685 1265 4745 effunderet
1293 4688 1486 4758 ipsum.
1808 4700 1862 4760 Ι)
1887 4680 2002 4747 Qua
2030 4678 2117 4735 die
2145 4692 2322 4750 quove
2354 4677 2475 4736 loco
2498 4678 2693 4736 cecidit
2719 4679 3049 4741 clarissimus
3073 4683 3241 4741 Adam
3275 4684 3367 4756 (c),

1399 4801 1780 4862 LECTIONES
1815 4798 2229 4859 VARIANTES.

242 4898 321 4961 (l)
349 4896 528 4949 Salutis
545 4898 686 4950 Pam.
723 4904 881 4949 Venet.
1944 4893 2015 4958 (2)
2039 4894 2217 4947 Paucis
2234 4897 2379 4947 Pam.

1553 5000 2111 5061 COMMENTARIUS.

171 5122 252 5179 ad
282 5120 456 5177 Exod.
480 5136 528 5175 e.
556 5120 672 5183 XII,
696 5121 784 5177 ubi
813 5121 1057 5194 sanguine
1080 5120 1198 5191 agni
1226 5118 1491 5190 paschalis
1515 5117 1771 5187 jubcntur
1874 5116 2133 5173 Christum
2152 5116 2349 5242 probat
2374 5117 2533 5174 etiam
2564 5131 2629 5174 ex
2657 5116 2947 5189 Evangelio
2976 5117 3131 5175 Joan.
3163 5118 3205 5174 I.

173 5196 381 5242 simmri
412 5203 577 5242 nosles
615 5203 661 5242 et
696 5194 873 5242 limina
912 5194 1092 5242 multa.
1123 5207 1216 5242 oro
1243 5208 1347 5242 mlt)
1390 5191 1567 5242 malim
1595 5192 1771 5242 legere
1944 5187 2079 5242 CAP
2125 5189 2143 5242 I
2201 5225 2217 5242 .
2260 5219 2332 5228 —
2385 5189 2460 5242 ibi
2509 5190 2598 5242 Sic
2644 5190 2892 5242 Dominus
2929 5192 3109 5242 uirtute
3142 5190 3205 5242 Ρ(

173 5196 381 5263 signari
412 5203 577 5264 postes
615 5203 661 5246 et
696 5194 873 5248 limina
906 5187 1092 5255 inulta,
1114 5187 1347 5264 pro—quo
1370 5191 1567 5264 malim
1595 5192 1771 5259 legere
1878 5260 1919 5264 _
1944 5187 2097 5264 CAR
2125 5187 2217 5264 IV_.
2260 5219 2332 5228 —
2385 5189 2460 5257 (h)
2509 5187 2892 5264 Sic_Domiaus
2929 5192 3109 5264 virtute
3142 5190 3330 5255 Patris,
3362 5202 3467 5250 etc.

174 5260 367 5329 vitula;
396 5260 487 5319 scd
520 5264 647 5335 nihil
676 5266 964 5320 immutavi.
996 5260 1197 5332 Quibus
1224 5261 1403 5331 adjicit
1433 5273 1483 5317 ct
1517 5260 1773 5315 Pasclmm
1878 5260 2314 5335 Tertuﬁllianicum
2356 5270 2435 5335 est
2464 5261 2812 5335 pecudumque
2836 5263 3008 5335 potiri,
3038 5273 3101 5326 ,et
3138 5265 3329 5331 eripere
3357 5269 3471 5335 for-

176 5338 515 5392 cclebtatam
538 5378 550 5399 ,
583 5334 696 5390 Jos.
730 5335 791 5389 V.
821 5337 1205 5407 Castigavimns
1225 5344 1401 5389 autem
1435 5334 1592 5405 paulo
1631 5343 1771 5404 post,
1880 5334 1982 5399 tis;
2007 5334 2089 5407 sie
2111 5332 2253 5387 enim
2279 5333 2516 5407 tegimus
2537 5350 2564 5386 c
2588 5332 2642 5388 in
2669 5334 2772 5407 line
2803 5333 3058 5407 producta
3078 5375 3092 5396 ,
3118 5348 3212 5407 pro
3237 5351 3301 5389 eo
3322 5332 3467 5406 quod

178 5419 279 5465 aut
311 5409 557 5477 sanguine
588 5410 765 5474 funera
794 5407 946 5471 delet,
966 5402 1071 5477 pro
1101 5408 1257 5459 dolet.
1633 5402 1650 5404 “
1881 5414 1997 5477 erat
2019 5402 2427 5477 eriperet._ltem,
2448 5476 2451 5477 ν
2470 5405 2609 5477 virgo
2634 5404 2883 5477 subducta
2910 5402 3161 5469 dracone;
3195 5405 3319 5461 item
3342 5402 3471 5463 'non

268 5478 344 5550 (a)
377 5474 530 5532 Fovet
555 5488 644 5531 aut
670 5495 763 5531 suo
797 5474 1199 5550 vellererulnus,
1233 5486 1339 5550 etc.
1365 5475 1461 5550 Hic
1484 5492 1578 5547 per
1599 5476 1778 5550 glicen-
1884 5476 2054 5550 multo
2076 5484 2200 5550 post
2224 5474 2332 5550 sine
2374 5475 2538 5550 debito
2568 5476 2765 5550 mortis,
2789 5478 2876 5550 ste
2915 5477 3054 5550 enim
3097 5478 3471 5545 castigavimus

181 5546 333 5607 liam
355 5552 610 5618 poeticam
634 5550 966 5618 curripituro
1000 5550 1149 5603 litera
1177 5549 1229 5603 in
1264 5548 1369 5603 ﬁne
1395 5546 1643 5603 dictionis
1663 5565 1775 5616 suo,
1882 5562 1983 5672 Rm
2007 5546 2193 5611 debita,
2240 5548 2393 5601 sicuti
2421 5548 2581 5601 etiam
2623 5548 2831 5617 vestigia
2879 5547 3073 5610 mortis,
3116 5562 3212 5617 pro
3235 5560 3469 5605 mortem.

181 5623 339 5672 sicut
360 5620 540 5672 tctiam
570 5619 877 5672 freauenter
904 5629 1084 5672 postea
1113 5621 1163 5672 in
1197 5620 1344 5672 hisce
1378 5620 1546 5672 libris.
1570 5620 1636 5672 de
1664 5619 1781 5672 aliis
1936 5633 2089 5672 ursus
2118 5631 2245 5672 vero
2272 5618 2337 5671 ad
2370 5618 2566 5672 stvlum
2611 5619 2844 5672 auctoris
2889 5618 3122 5672 pertinet
3151 5635 3353 5672 manum
3378 5637 3469 5672 ea:-

180 5623 339 5679 sicut
360 5620 540 5675 tetiam
570 5619 877 5689 frequenter
904 5629 1084 5689 postea
1113 5621 1163 5676 in
1197 5620 1344 5675 hisce
1378 5620 1546 5687 libris,
1570 5620 1636 5674 de
1664 5619 1781 5673 aliis
1885 5618 2089 5672 Rursus
2118 5631 2245 5672 vero
2272 5618 2337 5671 ad
2370 5618 2566 5688 stylum
2611 5619 2844 5673 auctoris
2889 5618 3122 5688 pertinet
3151 5635 3353 5673 manum
3378 5637 3471 5676 ea:-

183 5692 505 5749 christianis
534 5691 704 5760 poetis
745 5691 973 5761 idipsum
1000 5691 1118 5745 vide
1152 5692 1291 5760 apud
1334 5691 1550 5747 Bedam.
1581 5690 1781 5745 Emen-
1886 5690 2063 5761 tendit,
2080 5690 2531 5761 etc.,ﬁcontingere
2559 5690 2772 5761 lignum.

184 5765 445 5835 davimus
488 5763 649 5817 etiam
697 5771 750 5815 ut
782 5759 871 5835 pro
911 5762 1148 5835 peccatis,
1177 5759 1275 5831 pro
1304 5774 1424 5835 Vaut,
1456 5770 1515 5817 ut
1558 5761 1609 5835 id
1641 5761 1784 5835 quod
1891 5830 1939 5835 __
1961 5759 2032 5831 (ρ)
2059 5760 2293 5835 Quartae,
2322 5775 2479 5828 quove
2501 5762 2611 5814 loco
2632 5759 2810 5835 cecidit
2830 5759 3141 5835 clarissimus
3163 5760 3348 5835 Adam,
3364 5772 3471 5835 etc.

182 5834 475 5909 prmccdit,
502 5849 604 5909 non
640 5830 869 5909 ριεεεοιέὶε.Δ
897 5830 966 5889 sit
1006 5830 1350 5909 interrogatio
1370 5844 1469 5909 ,_et
1495 5832 1786 5903 accipiamur
1887 5830 1979 5909 Sic
1999 5830 2421 5909 emendavimus,
2451 5847 2551 5903 pro
2579 5831 3081 5909 cariss_inius._lttqui
3117 5833 3256 5903 quod
3284 5833 3372 5890 hic
3395 5834 3481 5890 di-

185 5902 355 5964 inore
384 5902 780 5976 Tertullianico,
816 5904 957 5972 Non,
1005 5920 1103 5977 pro
1153 5902 1358 5962 Nonne.
1398 5904 1567 5964 Porro
1598 5902 1785 5979 agnum
1924 5903 1983 5973 it,
2014 5913 2067 5962 ct
2095 5918 2215 5961 mox
2244 5902 2663 5975 clariusrrcpetit
2696 5904 2778 5957 his
2800 5902 2975 5957 verbis
3003 5921 3016 5957 τ

688 6003 1122 6064 Tumuuast
1162 6002 1239 6062 II.
2592 5999 3149 6079 (Trente-quatrc.)
