4202 6496
769 381 902 438 1067

763 496 872 548 llac
901 491 1085 546 eadem
1115 488 1370 544 redeunte
1399 486 1485 542 die
1517 485 1854 541 volventibus
1880 487 2033 540 annis

765 585 820 637 In
853 583 1025 637 stadio
1056 580 1203 651 ligni,
1229 578 1382 634 fortis
1405 593 1724 648 congressus
1755 579 1952 632 athleta
1982 595 1995 641 ;

765 675 1122 744 Extenditque
1152 687 1358 738 manus,
1393 687 1605 742 pmnam
1632 680 1686 724 et
1716 686 1810 740 pro
1840 664 1995 724 laud-i
2022 680 2234 726 secutus

764 769 968 824 Devicit
999 776 1243 821 mortem.
1273 767 1395 836 quia
1428 774 1655 819 mortem
1687 775 1877 834 sponte
1906 764 2138 835 reliquit,

763 861 928 916 Exuit
959 860 1176 914 exuvias
1203 859 1379 913 carnis
1406 868 1458 913 et
1486 858 1660 913 debita
1691 861 1913 923 mortis;

763 953 1038 1024 Serpentis
1064 953 1313 1022 spolium,
1342 951 1551 1007 devicto
1578 952 1813 1022 principe
1841 953 2044 1017 mundi,

760 1048 965 1104 Adfixit
995 1048 1156 1117 ligno,
1187 1047 1487 1116 rcfugarum
1517 1048 1747 1102 immane
1770 1048 2088 1117 tropbaeum.

762 1140 820 1197 In
851 1143 1002 1213 cujus
1025 1143 1230 1213 signum
1260 1142 1431 1199 Moses
1461 1144 1814 1214 suSpenderat
1840 1160 2088 1214 anguem,

760 1235 828 1291 Et
854 1245 1113 1306 quotquot
1143 1237 1350 1290 fuerant
1378 1236 1559 1290 multis
1589 1237 1925 1305 serpentibus
1955 1239 2063 1302 icti,

759 1332 1115 1402 Adspicerent
1146 1332 1320 1401 ipsum
1350 1329 1528 1384 fictum
1564 1331 1831 1400 fixumque
1859 1331 2147 1386 draconem

757 1423 908 1490 Post,
940 1424 1030 1479 ubi
1054 1433 1289 1479 secretas
1319 1422 1508 1478 inferni
1536 1426 1678 1479 venit
1705 1423 1770 1477 ad
1803 1423 1990 1488 undas,

758 1517 932 1588 Atque
960 1532 1114 1571 suum
1146 1518 1314 1571 victor
1339 1517 1603 1586 captivum
1637 1517 1753 1571 luce
1780 1518 1999 1584 retexit,

761 1608 1001 1664 Adstanti
1029 1608 1342 1679 iussumque
1372 1608 1542 1664 Patris
1566 1609 1762 1664 virtute
1788 1611 2012 1680 peregit,

759 1703 962 1772 Sponte
1000 1718 1153 1758 suum
1179 1718 1372 1774 corpus
1399 1703 1540 1774 quod
1565 1703 1809 1774 liquerat,
1842 1706 1954 1774 ipse
1987 1707 2205 1774 recepit.

757 1795 954 1851 Caussa
989 1795 1101 1850 hzec
1131 1796 1317 1850 mortis
1345 1806 1479 1860 erat,
1512 1795 1698 1850 eadem
1727 1798 1809 1850 via
1831 1797 1963 1851 facta
1993 1799 2208 1864 salutis;

755 1887 981 1943 Nuntius
1009 1889 1095 1943 ille
1123 1888 1252 1954 doli,
1281 1888 1372 1943 sed
1402 1889 1548 1957 pacis
1575 1891 1789 1943 nuntius
1819 1891 1915 1944 iste.
1941 1907 1954 1955 ;

756 1981 960 2050 Sponsa
993 1981 1161 2036 virum
1191 1981 1390 2046 necuit,
1422 1981 1604 2051 genuit
1629 1981 1721 2036 sed
1748 1997 1942 2050 sponsa
1976 1985 2204 2040 leonem.

760 2074 918 2145 Virgo
950 2075 1065 2129 viro
1095 2077 1293 2137 nocuit,
1328 2074 1418 2128 sed
1446 2076 1528 2127 vir
1549 2074 1616 2129 de
1645 2075 1845 2144 virgine
1875 2077 2017 2130 vicit.

751 2166 917 2238 Cujus
946 2169 998 2223 in
1020 2167 1347 2237 exemplum,
1376 2168 1806 2240 sopito_corpore
1831 2186 2044 2236 somno,

753 2260 997 2317 Sumitur
1020 2277 1085 2318 ex
1112 2262 1277 2317 latere
1306 2262 1515 2326 mulier,
1547 2279 1663 2332 qua:
1691 2273 1836 2318 costa
1865 2265 2061 2332 mariti;

753 2356 923 2424 Quam
947 2371 1162 2411 carnem
1193 2356 1260 2411 de
1286 2371 1446 2411 carne
1472 2371 1568 2410 sua
1593 2356 1767 2424 deque
1797 2357 2008 2414 ossibus
2034 2375 2178 2425 ossa,

752 2451 1023 2521 Evigilaus
1048 2450 1200 2517 dixit,
1227 2464 1463 2520 praesaga
1490 2459 1668 2505 mente
1690 2450 1915 2506 locutus.

753 2543 885 2599 Mira
917 2545 1070 2609 ﬁdes,
1101 2544 1291 2598 merito
1323 2543 1519 2597 Paulus
1543 2544 1874 2599 certissimus
1904 2557 2108 2608 auctor,

749 2633 1022 2690 Christum
1049 2634 1117 2689 de
1145 2635 1294 2689 cmlis
1315 2634 1484 2688 Adam
1524 2633 1681 2690 docct
1704 2650 1822 2690 esse
1851 2638 2164 2692 secundum.

751 2727 961 2782 Veritas
984 2729 1095 2797 ipsa
1122 2727 1232 2782 suis
1257 2726 1517 2795 exetuplis
1545 2741 1636 2780 usa
1661 2727 1917 2799 refulget;

748 2820 860 2878 Nec
879 2823 1026 2892 cupit
1051 2837 1113 2878 ex
1145 2822 1318 2876 alieno
1341 2836 1495 2876 acres
1523 2823 1809 2878 ostendere
1839 2839 2052 2894 gresuis
2079 2845 2091 2880 :

749 2915 1007 2986 Pauperis
1035 2916 1137 2971 hoc
1157 2931 1290 2986 opus
1318 2925 1420 2981 est,
1453 2917 1684 2986 propria:
1715 2917 1922 2972 \il'l'lllS
1950 2919 2104 2990 egeni
2138 2937 2152 2974 :

751 3010 879 3066 llzcc
910 3011 1104 3064 l’aulns
1131 3010 1314 3064 docuit
1344 3025 1568 3080 magnus
1599 3013 1849 3083 mysteria
1880 3013 2058 3079 docta,

747 3103 963 3162 Scilicet
989 3105 1040 3159 in
1080 3103 1298 3159 Christo
1334 3117 1456 3158 esse
1497 3103 1679 3168 decus,
1712 3113 1881 3169 tuum,
1929 3106 2190 3174 Ecclesia,
2221 3123 2342 3162 cer-

2079 3199 2236 3271 [chs
2267 3199 2341 3271 (τι)

748 3292 918 3360 llujus
943 3291 1221 3357 dclatcre,
1248 3291 1390 3360 ligno
1420 3291 1701 3357 pendentis
1733 3294 1782 3346 in
1807 3293 1914 3346 alto

746 3384 1002 3453 Corporis
1027 3384 1256 3437 exanimi
1287 3384 1503 3452 sanguis
1530 3385 1763 3437 manavit
1793 3395 1847 3439 et
1877 3386 2086 3440 humor.

745 3477 986 3534 Flemina
1014 3478 1230 3548 sanguis
1259 3485 1397 3539 erat,
1427 3491 1581 3545 aqme
1611 3488 1760 3531 erant
1789 3494 1922 3532 nova
1950 3479 2087 3534 dona
2121 3479 2337 3549 lavacri,

743 3569 869 3624 llaec
916 3571 1094 3640 populi
1131 3583 1250 3622 vera
1279 3577 1360 3622 est
1385 3569 1612 3623 viventis
1642 3569 1873 3624 Ecclesia
1908 3582 2096 3635 mater,

743 3660 818 3716 De
839 3659 1033 3716 Christi
1064 3676 1196 3715 nova
1225 3676 1386 3716 carne
1409 3677 1556 3725 caro,
1581 3665 1750 3728 deque
1777 3664 1996 3717 ossibus
2025 3679 2205 3719 ossnm
2235 3666 2335 3738 (I).

743 3754 1004 3824 Colgntha
1035 3754 1184 3807 locus
1209 3761 1309 3813 est,
1337 3753 1528 3820 capitis
1548 3753 1776 3805 calvaria
1802 3755 2067 3822 quondam
2097 3757 2191 3826 te);

749 3848 952 3918 Lingua
985 3857 1204 3916 paterna
1234 3846 1378 3914 prior
1411 3847 1488 3900 sic
1520 3846 1666 3900 illum
1696 3847 1909 3902 nomine
1949 3849 2114 3913 divit;

744 3942 839 3999 llic
868 3942 1098 3997 medium
1131 3951 1284 3995 terra:
1305 3950 1406 4007 est,
1439 3940 1523 3996 hic
1549 3951 1632 3996 est
1655 3942 1871 3996 victoria
1903 3943 2111 4012 signum
2145 3964 2157 3999 :

738 4039 811 4096 Os
837 4052 1083 4106 magnum
1108 4036 1192 4090 hic
1219 4046 1424 4090 veteres
1455 4035 1531 4106 (ιδ.)
1561 4037 1726 4090 nostri
1760 4036 1990 4092 docuere
2019 4049 2291 4108 repertum

742 4129 839 4185 llic
866 4128 1137 4184 hominem
1166 4127 1397 4198 primum
1425 4125 1762 4195 suscepimus
1788 4140 1906 4181 esse
1939 4128 2228 4198 sepultum,

2169 366 2628 427 TERTL‘LLIANI

2383 489 2430 545 Λ
2463 484 2556 539 llic
2588 485 2783 553 patitur
2813 483 3079 544 Christus,
3106 483 3193 553 pio
3219 483 3478 554 sanguine
3510 493 3652 539 terra
3678 483 3962 547 madescit,

3916 364 4056 422 1068

2459 578 2636 632 Pultis
2664 578 2794 634 Adin
2825 589 2880 632 ut
2903 577 3069 646 p05sit
3095 579 3289 633 veteris
3313 593 3434 633 cum
3461 581 3721 647 sanguine
3745 576 3933 651 Christ

2456 672 2807 734 Cutntnixtus,
2838 671 3088 726 stillantis
3117 685 3269 742 aqua:
3303 672 3495 727 virtute
3524 671 3687 727 levari
3723 672 3827 740 (5).

2457 764 2583 820 llaec
2611 766 2727 820 ovis
2753 772 2835 820 est
2865 779 2965 819 una
2993 780 3152 834 quam
3180 782 3236 819 se
3269 781 3362 834 per
3391 765 3607 820 sabbata
3631 765 3804 820 vivam
3831 762 3904 837 (ε)

2458 857 2657 912 Inferni
2682 874 2713 913 e
2744 868 2901 927 puteo
2922 859 3108 912 statuit
3135 857 3435 913 subducere
3464 869 3667 928 pastor.

2459 953 2749 1022 Propterea
2773 963 2980 1008 cuncta:
3009 953 3188 1008 carnis
3215 962 3535 1022 praemortua
3565 951 3806 1008 membra

2457 1045 2691 1100 Curabat
2716 1045 3012 1112 sabbatbis,
3043 1054 3134 1100 aut
3162 1046 3292 1101 czeci
3318 1061 3346 1099 a
3368 1045 3604 1115 germine
3631 1048 3743 1103 nati

2457 1139 2700 1200 Lumina,
2733 1154 2852 1209 qua:
2873 1139 3104 1194 nondum
3136 1139 3376 1205 dederat,
3407 1139 3675 1195 cernendo
3709 1141 3951 1211 peregit;

2457 1233 2564 1286 Aut
2592 1231 2862 1285 hominem
2897 1243 3063 1287 totum
3093 1231 3415 1298 exanimem,
3441 1247 3534 1302 per
3558 1233 3777 1288 sabbata
3808 1235 3991 1288 vivum

2457 1325 2640 1394 Deque
2667 1324 2964 1394 sepultura,
2997 1326 3246 1395 praesenti
3281 1325 3453 1394 plebe,
3481 1327 3722 1390 vocavit;

2461 1419 2574 1488 lpse
2603 1417 2726 1472 neii
2760 1411 2949 1482 factor,
2983 1419 3181 1474 veteris
3208 1419 3380 1474 bonus
3407 1419 3518 1490 ipse
3547 1420 3798 1485 refector,

2458 1511 2564 1566 Aut
2592 1526 2711 1582 quae
2740 1509 3026 1566 defuerunt
3055 1513 3334 1581 suppletis,
3365 1521 3455 1566 aut
3487 1512 3693 1582 perdita
3723 1511 3990 1568 reddens.

2458 1606 2584 1661 llaec
2617 1607 2831 1662 ineunte
2857 1607 2942 1662 die
2970 1616 3158 1663 sancto
3183 1608 3524 1677 sperantibus
3554 1608 3606 1662 in
3635 1623 3692 1664 se

2461 1698 2718 1755 Facturus
2741 1700 2895 1770 plene
2922 1715 3020 1771 pro
3047 1711 3222 1771 pacto,
3256 1714 3413 1766 posse
3437 1699 3680 1756 docebat.

3084 1793 3311 1851 CAPUT
3356 1795 3418 1848 ν.

2383 1885 2430 1944 Β
2529 1889 2700 1958 Quid?
2730 1903 2856 1944 caro
2882 1891 2925 1944 si
2957 1889 3203 1955 moritur,
3247 1902 3348 1943 nec
3389 1901 3516 1958 spes
3556 1885 3714 1943 datur
3756 1885 3866 1941 ulla
3913 1886 4060 1940 salu—

3837 1978 3930 2050 [tis
3957 1979 4057 2050 (cf),

2455 2078 2595 2146 Quas
2623 2077 2804 2131 habuit
2833 2089 3050 2130 caussas
3077 2075 3350 2131 hominem
3372 2089 3432 2130 se
3455 2075 3653 2146 ﬁngere
3677 2071 3958 2134 Christus,

2455 2171 2522 2224 Et
2564 2171 2828 2226 medicare
2854 2169 3119 2234 homines,
3148 2181 3240 2227 aut
3265 2183 3448 2223 curam
3475 2167 3655 2222 carnis
3687 2163 3934 2221 habere?

2453 2263 2766 2331 Corruptela
2797 2273 2985 2332 potens
3017 2262 3360 2332 liquefactum
3389 2260 3603 2315 solvere
3623 2271 3855 2328 corpus:

2453 2354 2566 2409 Non
2599 2356 2792 2425 poterit
2825 2357 2990 2408 virtus
3013 2355 3225 2410 Domini
3249 2368 3507 2409 revocare
3527 2351 3802 2407 solutum?

2452 2449 2690 2502 Crcdont
2715 2450 2928 2503 interitu
2956 2448 3048 2518 qui
3074 2464 3179 2504 non
3205 2462 3302 2504 sua
3331 2463 3556 2518 corpora
3588 2447 3746 2515 solvi,

2455 2542 2570 2597 Non
2598 2543 2822 2596 credunt
2849 2542 3094 2607 Domino,
3126 2558 3218 2597 sua
3258 2544 3346 2613 qui
3379 2545 3492 2599 vult
3529 2561 3707 2601 mersa
3739 2545 3953 2609 levare,

2454 2639 2558 2691 .\ut
2583 2635 2724 2690 nolle
2755 2645 3010 2704 prastare
3035 2635 3254 2704 bonum,
3287 2653 3461 2706 neque
3493 2653 3652 2709 posse
3681 2651 3968 2710 potentem

2455 2731 2663 2796 Dicunt,
2697 2731 2866 2801 ignari
2890 2743 3087 2801 quanto
3113 2731 3179 2785 de
3204 2732 3430 2789 crimine
3460 2734 3679 2803 lactent,

2450 2823 2695 2878 lnlirmas
2723 2826 2835 2878 ausi
2862 2839 3081 2881 caussas
3116 2842 3427 2896 prazponere
3454 2830 3634 2885 morti.

2452 2915 2508 2970 ln
2537 2933 2700 2987 grano
2728 2918 2854 2974 latet
2882 2919 3060 2985 arbor,
3091 2933 3142 2976 et
3171 2920 3269 2976 bne
3294 2922 3391 2976 nisi
3418 2932 3558 2978 terra
3581 2925 3849 2996 sepultum

2452 3011 2746 3076 Putrcscat,
2776 3027 2880 3067 non
2903 3013 2993 3068 dat
3019 3013 3300 3070 decoratos
3331 3015 3524 3072 arbore
3548 3016 3772 3075 fructus.

2447 3105 2563 3160 Jam
2596 3107 2808 3176 liquida:
2835 3109 3161 3178 stringentur
3188 3124 3370 3180 aqua);
3405 3112 3662 3168 stridente
3693 3114 3871 3184 rigore

2449 3199 2586 3255 Saxa
2620 3203 2766 3266 tient,
2799 3210 2853 3254 et
2878 3215 3090 3270 semper
3110 3211 3287 3266 erunt,
3319 3203 3419 3257 nisi
3448 3218 3640 3273 magna
3671 3215 3914 3275 potestas

2369 3283 2414 3345 C
2449 3294 2677 3350 Solverit
2703 3295 2917 3349 inducto
2945 3295 3085 3350 molli
3115 3298 3349 3365 spirante
3379 3306 3579 3365 tepore.

2449 3388 2690 3444 Viticnlae
2723 3389 2774 3443 in
2814 3390 2996 3459 gracili
3025 3389 3153 3444 latet
3184 3390 3369 3460 ingens
3397 3406 3623 3462 corpore
3655 3392 3867 3456 botrus;

2446 3483 2499 3539 Si
2531 3497 2763 3554 quzeras,
2794 3499 2899 3537 non
2929 3491 3049 3538 est:
3079 3499 3200 3537 cum
3235 3484 3344 3539 vuit
3375 3484 3537 3550 Deus,
3567 3501 3686 3541 esse
3703 3487 3950 3542 videtur.

2447 3576 2741 3631 Arboribus
2771 3575 2913 3638 folia,
2948 3577 3118 3644 Spinis
3144 3591 3288 3640 rosa,
3321 3577 3560 3646 germina
3585 3579 3798 3648 campis

2446 3668 2650 3723 Mortua
2682 3667 2957 3730 deliciunt,
2989 3678 3044 3721 et
3072 3683 3258 3720 rursus
3284 3666 3399 3722 viva
3426 3678 3729 3739 resurgunt.

2448 3760 2573 3814 llec
2603 3759 2802 3814 homini
2831 3758 2969 3812 Deus
2989 3767 3114 3813 ante
3142 3758 3327 3812 oculos
3354 3769 3599 3814 revocata
3627 3761 3912 3826 reformat,

2447 3849 2670 3918 Propter
2699 3863 2858 3919 quem
2891 3849 3129 3918 locuples
3161 3850 3362 3919 primus
3395 3849 3541 3920 large
3579 3852 3757 3905 omnia
3793 3851 3950 3908 fecit.

2446 3942 2635 3998 Omnia
2663 3942 2799 3996 nuda
2822 3941 3037 4005 cadunt,
3067 3955 3165 3996 suo
3196 3954 3421 4012 corpore
3447 3942 3653 4013 singula
3691 3947 3858 3998 vestit
3896 3965 3910 4001 :

2445 4038 2554 4089 (Lnr
2584 4035 2854 4089 hominem
2886 4033 3075 4099 solum,
3112 4033 3195 4088 cui
3224 4042 3401 4090 tantos
3429 4033 3560 4089 fudit
3588 4036 3847 4102 honores,

2446 4131 2558 4187 Non
2590 4140 2792 4185 tantum
2815 4138 3028 4184 revocet
3057 4127 3179 4198 sibi,
3221 4143 3380 4200 quem
3409 4143 3574 4200 super
3597 4131 3782 4187 omnia
3811 4130 3992 4189 fecit?

1969 4246 2352 4308 LECTIONES
2389 4249 2802 4307 VARIANTES.

831 4362 873 4421 ι)
909 4357 1031 4408 ossa
1070 4342 1237 4421 Venet.

825 4420 876 4486 2)
902 4422 1100 4473 Veteris
1119 4420 1280 4472 Obert.

2358 4412 2415 4467 D

2503 4365 2577 4430 (5)
2601 4363 2791 4416 chare
2815 4362 2976 4416 Obert.

2113 4527 2669 4594 COMMENTARIUS.

798 4647 804 4653 ”
863 4643 1102 4706 Golgotba
1127 4643 1264 4692 locus
1291 4641 1573 4707 est,capitis
1597 4641 1814 4707 Calvaria
1836 4645 2094 4706 quondam,
2121 4656 2222 4697 etc.

860 4709 930 4759 Os
953 4705 1184 4767 magnum
1201 4706 1280 4754 hic
1305 4705 1506 4753 veteres
1531 4707 1679 4753 nostri
1697 4705 1911 4755 docuere
1937 4718 2205 4770 repertum,

857 4771 950 4820 Hie
970 4770 1214 4819 hominem
1242 4770 1450 4831 primum
1473 4770 1779 4829 suswpimus
1802 4781 1912 4818 esse
1930 4771 2196 4832 sepultum,
2219 4778 2314 4826 etc.

738 4854 914 4908 Habes
957 4855 1116 4908 etiam
1171 4851 1308 4920 apud
1358 4850 1413 4902 Β.
1448 4851 1773 4920 Cyprianum
1825 4863 1979 4908 tract.
2024 4855 2086 4909 de
2114 4856 2330 4910 Resurr.

740 4925 944 4987 Christi,
971 4925 1057 4978 ubi
1081 4924 1202 4977 vide
1225 4923 1429 4976 similes
1456 4933 1692 4974 veterum
1723 4923 1868 4976 locos
1898 4926 1947 4976 in
1972 4928 2334 4982 annotationi-

740 4997 838 5050 bus
861 4998 1075 5057 nnstris,
1104 5010 1248 5048 nunt.
1285 4996 1337 5049 5.
1367 4993 1584 5047 Auctori
1612 4993 1873 5060 peculiare
1896 4998 2142 5065 estquod
2169 5001 2330 5054 etiam

736 5069 910 5121 eodem
942 5067 1023 5118 die
1053 5083 1256 5133 passum
1281 5066 1464 5118 scribit
1487 5065 1742 5117 Christum
1770 5082 1867 5135 quo
1900 5067 2061 5120 Adam
2091 5072 2290 5129 cecidit,

810 5138 882 5208 (a)
918 5137 1122 5192 Scilicet
1149 5137 1201 5188 in
1231 5136 1440 5191 Christo.
1461 5152 1567 5208 esse
1592 5135 1765 5198 decus,
1796 5147 1935 5190 (imm
1967 5139 2193 5194 Ecclesia
2221 5159 2330 5194 σεν-

736 5207 876 5270 item,
899 5218 1002 5279 etc.
1027 5209 1322 5274 Corruptus
1343 5220 1424 5260 est
1448 5207 1530 5259 lllt:
1557 5221 1760 5279 versus,
1786 5210 1890 5272 cui,
1920 5212 2059 5279 quod
2082 5213 2332 5269 deessent

875 5278 1010 5355 codd
1041 5279 1304 5355 ,__mede_re
1335 5295 1444 5355 non
1471 5278 1652 5355 potui;
1685 5278 2009 5355 lllll_lltl0l'lltl
2037 5283 2203 5350 prima
2227 5286 2333 5355 syl-

737 5352 851 5406 laba
880 5352 1023 5403 vocis
1052 5348 1281 5403 Ecclesia
1309 5351 1616 5415 corripitur,
1651 5349 1791 5419 qutid
1825 5348 2091 5419 peculiare
2124 5365 2205 5409 est
2232 5348 2329 5409 a'u-

734 5422 866 5476 etori
891 5430 1002 5475 tum
1032 5436 1187 5491 supra
1218 5421 1372 5490 ltttjns
1407 5421 1443 5473 Ι.
1477 5420 1566 5482 Vl,
1625 5437 1674 5475 c.
1719 5421 1774 5487 2,
1824 5424 2055 5478 Dccurrit
2099 5424 2331 5482 Ecclesia

732 5494 897 5559 verba,
932 5504 1041 5546 tum
1075 5493 1178 5555 hic,
1211 5503 1319 5546 tum
1346 5492 1502 5561 paulo
1531 5501 1682 5564 post:

854 5586 973 5636 Haec
993 5583 1154 5649 populi
1183 5597 1297 5635 vera
1319 5594 1394 5634 est
1420 5587 1629 5635 viventis
1649 5585 1867 5637 Ecclesia
1892 5595 2062 5652 mater,

733 5679 784 5725 et
815 5669 908 5724 lib.
941 5671 1038 5733 Ill;
1074 5668 1227 5730 infra,
1261 5684 1377 5739 cap.
1413 5671 1463 5722 7.

857 5760 978 5810 lisse
998 5769 1142 5820 caput
1167 5762 1426 5815 Christum,
1453 5770 1563 5812 sunt
1589 5764 1725 5825 cujus
1741 5762 1962 5814 Ecclesia
1983 5766 2218 5815 membra.

732 5849 983 5928 Suspicor
1031 5858 1205 5901 autem
1236 5848 1394 5902 etiam
1432 5849 1497 5901 ibi
1530 5851 1779 5906 mendum
1830 5853 2048 5907 subesse
2077 5872 2088 5904 :
2119 5853 2326 5924 [nemina

729 5937 940 5991 sanguis
973 5930 1098 5978 erat.

2516 4652 2594 4724 (1»)
2639 4650 2892 4724 Calgatlta
2937 4653 3080 4709 locus
3123 4666 3220 4720 est,
3253 4663 3357 4709 etc:
3390 4652 3717 4712 Producitur
3749 4659 3838 4716 hic
3875 4664 4050 4720 media

2443 4724 2790 4798 hujns_vocis
2822 4724 3042 4792 syllaba,
3087 4742 3207 4796 quae
3237 4725 3448 4798 l—lymno
3471 4728 3536 4783 de
3567 4729 3772 4784 Pascha
3808 4735 4046 4794 Domini.

2440 4798 2576 4865 apud
2603 4794 2735 4868 Cyp.
2775 4798 3060 4866 corripitur
3093 4817 3106 4850 :

2563 4930 2648 4997 Est
2673 4929 2930 4997 locus,_est
2947 4933 3072 4979 onmi
3109 4931 3300 4997 modius
3323 4944 3473 4995 quem
3497 4934 3746 4983 cernimus
3771 4953 3815 4986 ut
3833 4939 3924 4997 ba,

2562 4993 2806 5055 Golgotha
2827 4991 2981 5041 Judaei
3009 4995 3162 5056 patrio
3186 4991 3478 5057 cognomine
3501 4997 3687 5047 dicunt.

2439 5117 2780 5196 sientietiam
2809 5117 3118 5196 adnvencit,
3155 5117 3241 5173 lib.
3271 5118 3358 5173 IV.
3389 5120 3643 5196 l'birnris
3666 5122 4047 5196 Golgothana-

2437 5190 2984 5266 nmi.Castigavimus
3011 5201 3188 5246 autem
3220 5208 3342 5246 mox
3371 5210 3384 5246 :
3419 5194 3661 5249 alituum":
3680 5190 3829 5266 naria:
3865 5204 4051 5256 virtute

2440 5261 2614 5327 levari,
2647 5278 2742 5329 pro
2770 5264 2954 5316 (curare.
3627 5281 3664 5301 κ

2509 5349 2581 5423 (ιτ)
2621 5353 2720 5404 Aut
2750 5353 2998 5425 hominem
3047 5361 3204 5406 totum
3237 5357 3516 5410 exanimati
3567 5375 3656 5425 per
3695 5357 3940 5415 Sabbala
3980 5366 4053 5417 ri.

2434 5437 2571 5488 ισιιιη,
2611 5423 3020 5498 ete._Peculi;_ire
3058 5425 3288 5498 esthoc
3335 5423 3575 5498 ain-tori,
3607 5431 3747 5498 quod
3800 5433 4052 5490 insinuet

2435 5495 2894 5570 t'i~5tiscitatioii_ej_tit
2929 5495 3119 5570 Lazari
3141 5495 3320 5568 (Joan.
3347 5497 3434 5569 ll)
3489 5495 3677 5570 ram...
3713 5503 3765 5554 in
3793 5506 4047 5570 sabbato;

2435 5580 2554 5644 nam
2587 5566 2652 5620 de
2685 5566 2773 5644 illo
2805 5566 2946 5644 illum
2982 5569 3124 5644 loqui
3154 5566 3488 5624 manifestiun
3519 5569 3575 5625 lit
3605 5589 3668 5628 ex
3689 5587 3756 5628 eo
3771 5577 3930 5644 quod
3961 5566 4050 5633 se;

2433 5637 2612 5706 quitur
2644 5654 2656 5688 :
2694 5635 2816 5688 ΙΙαή
2845 5639 3046 5691 immite
3067 5639 3147 5691 (lic
3177 5651 3371 5703 sancto,
3404 5650 3512 5694 etc.

2501 5707 2654 5784 CAP.
2702 5708 2762 5784 ιχ.
2796 5739 2864 5747 -
2893 5707 2968 5779 (d)
3013 5708 3148 5784 Quid
3177 5727 3295 5784 caro
3327 5713 3370 5764 si
3410 5713 3643 5774 moritur,
3674 5733 3767 5769 nec
3792 5734 3924 5784 spes
3951 5723 4047 5773 dn-

2434 5790 2514 5834 tur
2542 5779 2872 5861 ulla_salutis,
2913 5794 3018 5861 etc.
3043 5783 3457 5861 Egendavimus
3489 5803 3499 5834 :
3538 5786 3718 5861 Quid?
3747 5779 3852 5858 prb
3882 5796 4039 5861 (μηδ’

2431 5862 2478 5930 (⁸1¹
2509 5852 2708 5912 salutis,
2745 5854 3039 5930 prensa/uti.
3069 5851 3162 5930 Est
3205 5865 3379 5908 autem
3413 5851 3908 5930 'l'et‘lttlliamcuui,’
3935 5851 4042 5920 me;

2429 5923 2618 5992 dicare,
2651 5921 2754 5979 etc.
2789 5941 2800 5976 :
2831 5921 2948 5978 Non
2981 5927 3188 5995 poterit,
3218 5938 3342 5993 etc.,
3378 5940 3492 5998 pro;
3533 5925 3739 5987 .Vonnc.
