4202 6496
151 401 288 458 1069

151 515 294 584 lit-go
321 527 446 568 caro
478 522 530 568 et
556 514 772 585 sanguis
800 512 895 568 Dei
937 524 1100 583 regno
1139 510 1294 582 digna
1322 521 1545 582 negatur
1567 511 1666 583 (α),

150 607 446 676 Tamquam
472 607 539 661 sil
571 606 764 660 Paulus
797 606 1010 676 proprie
1039 605 1106 660 de
1135 620 1296 661 carne
1325 605 1550 662 loculus.

151 697 244 755 ille
270 700 486 771 quidem
513 713 701 771 magna
722 699 923 764 docuit,
954 698 1046 754 sed
1076 700 1249 754 inania
1275 699 1458 754 corda.

149 791 362 847 Carnali
388 806 636 848 sermone
661 801 877 864 putent;
907 807 1028 848 nam
1055 794 1275 864 pristina
1302 791 1436 848 laeta

149 884 440 956 Sanguinis
469 895 524 942 et
547 887 726 942 carnis
758 887 919 943 v'olnit
961 886 1060 944 sub
1081 887 1298 943 nomine
1327 887 1486 951 ditta,

149 978 396 1035 Caelestis
422 981 597 1050 magni
624 990 950 1037 memoratus
972 980 1132 1034 verba
1164 980 1425 1050 magistri,

150 1070 254 1138 Qui
286 1087 382 1142 per
409 1087 598 1143 aquam
619 1073 687 1128 de
715 1088 773 1128 se
800 1073 992 1144 genitis
1022 1073 1100 1127 sui
1133 1088 1328 1126 nomen
1351 1070 1540 1127 honori

150 1164 402 1233 Donavit,
430 1165 729 1236 pignusque
755 1181 852 1220 suo
874 1165 943 1221 de
971 1165 1176 1237 spiritu
1195 1163 1363 1229 ludit;

151 1256 221 1312 Ut
247 1258 398 1328 cujus
429 1259 641 1315 lucrant
664 1259 916 1316 homines
942 1261 1140 1315 virtute
1172 1259 1458 1330 redempti,

151 1350 325 1422 llujus
363 1361 418 1408 et
439 1352 747 1423 acciperent
770 1353 1010 1410 renovati
1041 1367 1238 1409 nomen
1260 1351 1502 1409 honoris.

152 1440 318 1513 Ergo,
348 1445 472 1515 quia
501 1444 731 1515 pepulis,
755 1444 992 1500 nondum
1023 1459 1120 1500 suo
1149 1445 1294 1501 fonte
1316 1443 1534 1510 renatis,

151 1531 417 1590 Sordibus
436 1536 669 1607 antiquis
697 1537 872 1604 tectis,
905 1546 960 1592 et
986 1535 1168 1592 debito
1199 1535 1386 1592 mortis

152 1627 236 1684 Ex
265 1629 433 1686 veteri
462 1644 649 1687 caussa
679 1645 902 1703 regnum
933 1632 1154 1688 cmleste
1178 1631 1412 1704 negavit,

153 1723 353 1780 Dicens
380 1723 669 1781 humanum
691 1739 877 1783 rursus
896 1725 1097 1782 debere
1124 1727 1328 1782 renasci
1351 1743 1366 1793 ;

1478 383 1819 454 APPENDIX
1860 395 2090 452 PRIMA.

3301 398 3440 458 {070

1767 518 1820 578 Α
1846 511 2058 567 “adicis
2082 511 2288 568 veteris
2305 525 2438 568 nova
2465 512 2700 583 germina
2724 512 2894 584 gloria
2917 519 3126 570 mutans

1852 607 2104 662 Abluttnn
2130 622 2324 679 corpus
2343 607 2453 679 jam
2480 624 2583 664 non
2608 607 2676 663 de
2701 623 2863 664 carne
2892 609 3070 664 vocari
3094 625 3108 674 ;

1852 699 1968 756 lloc
1998 699 2236 771 sequitur
2262 699 2476 765 Paulus,
2501 701 2579 756 sic
2605 708 2685 756 est
2703 700 2772 756 de
2797 715 2958 757 carne
2986 701 3218 768 locutus,

1854 793 2092 863 Denique
2111 792 2244 848 dixit
2272 803 2525 864 oportere
2551 793 2862 864 superindui
2893 803 3096 851 vestem
3119 793 3212 867 (ιι),

1853 885 2005 943 llunc
2032 887 2268 943 habitum
2293 886 2554 959 fragilem,
2585 888 2864 945 mortalem
2891 889 3098 960 contegi
3123 889 3366 945 formam.

1854 981 1970 1038 Non
1997 982 2136 1037 aliud
2167 997 2364 1053 corpus
2393 981 2528 1047 dari,
2561 963 2654 1038 sed
2683 983 2832 1054 prius
2854 982 2982 1038 illud
3009 985 3267 1040 inermem

1855 1073 2104 1144 Undique
2134 1089 2302 1146 regno
2331 1075 2425 1130 Dei
2454 1074 2560 1130 lato
2584 1074 2905 1131 circumdari
2938 1085 3129 1144 totum,

1855 1165 2128 1222 Momenlo
2151 1176 2401 1238 aspectus
2427 1167 2564 1223 oculi
2600 1165 2908 1233 mutabitur,
2939 1166 3130 1238 inquit,

1855 1257 1928 1316 Ut
1949 1259 2081 1315 rulae
2110 1273 2250 1315 certe
2280 1260 2439 1315 facies
2465 1257 2802 1328 dispanditnr
2831 1258 3017 1326 herba,

1859 1350 1923 1406 Et
1950 1359 2121 1406 mutat
2158 1351 2432 1423 proprium
2464 1350 2716 1408 candenti
2745 1351 2858 1406 sole
2883 1351 3121 1408 colorem
3153 1370 3166 1406 :

1857 1443 1945 1501 Sic
1974 1443 2160 1500 eadem
2187 1458 2313 1500 caro
2337 1442 2642 1516 lulgentide
2669 1444 2834 1516 gloria
2857 1458 3097 1510 sumens,

1859 1537 2125 1594 Gaudcbit
2154 1553 2370 1609 semper
2391 1538 2628 1610 gaudens
2652 1549 2708 1595 et
2735 1546 2907 1594 morte
2933 1536 3154 1604 carebit,

1858 1630 2133 1687 Devictum
2159 1629 2394 1687 clamans
2418 1630 2695 1688 crudelem
2721 1631 2962 1703 corporis
3001 1630 3232 1700 hostem,

1858 1725 2112 1781 Glutitam
2135 1733 2383 1793 mortem,
2417 1725 2568 1782 fortis
2595 1727 2817 1783 victoria
2839 1725 3104 1793 Christus,

154 1815 312 1886 Quod
342 1826 526 1875 natum
547 1828 629 1874 est
656 1819 724 1876 tle
753 1835 937 1893 carne,
967 1835 1096 1878 caro
1121 1829 1223 1887 est,
1256 1818 1324 1875 de
1351 1817 1563 1890 spiritu,
1589 1818 1717 1875 vita.
1786 1811 1834 1872 B
1861 1817 2112 1891 lugentes
2136 1818 2248 1877 Deo
2275 1833 2486 1876 summa
2507 1818 2688 1877 ferens
2716 1820 2785 1876 ad
2806 1817 2984 1877 sidera
3010 1817 3218 1876 laudes.

1509 1933 2068 1993 COMMENTARIUS.

237 2054 315 2128 (ai
351 2052 493 2128 Ergo
522 2071 642 2112 caro
668 2065 713 2112 et
739 2057 968 2128 sanguis
991 2053 1087 2128 Dei
1108 2125 1115 2128 _
1139 2056 1480 2128 regnoa'iqna
1504 2063 1760 2128 negatur,

159 2125 269 2183 ctc.
290 2125 518 2183 Pulchre
541 2125 920 2199 interpretatur
944 2127 1068 2199 illud
1091 2125 1281 2196 Apost.
1309 2127 1324 2178 Ι
1347 2128 1473 2180 Cor.
1499 2125 1605 2199 IV}
1631 2127 1762 2183 Caro

158 2210 208 2253 et
240 2201 450 2270 sanguis
473 2197 694 2271 regnum
713 2199 810 2254 Dei
840 2198 1094 2269 possidere
1120 2215 1219 2253 non
1245 2208 1518 2271 possunt:
1561 2197 1626 2253 de
1655 2212 1762 2270 quo

160 2269 506 2339 latius’supra
530 2269 596 2326 1..
631 2273 698 2327 de
723 2272 940 2326 Itesurr.
968 2286 1119 2326 earn.
1150 2285 1201 2325 c.
1230 2269 1322 2328 46.
1350 2269 1443 2335 49,
1468 2271 1554 2326 51.
1584 2269 1760 2326 Casti-

159 2341 406 2412 gavimus
433 2353 608 2397 autem
634 2360 755 2398 mox
787 2341 995 2398 Carnali
1022 2359 1255 2397 sermone
1295 2351 1493 2411 putent,
1526 2352 1583 2396 ut
1612 2342 1760 2397 deri-

163 2422 322 2466 vvtnr
344 2428 374 2465 a
402 2423 592 2483 putere,
621 2430 715 2482 pro
735 2425 936 2484 putant,
965 2429 1027 2468 ac
1055 2415 1346 2484 paulopost
1371 2427 1582 2468 rursum
1602 2426 1649 2468 et
1675 2415 1764 2484 tle-

164 2485 270 2538 bito
296 2481 491 2550 mortis,
511 2500 609 2556 pro
626 2481 821 2540 debita.
844 2485 972 2540 Item
999 2481 1278 2538 humanum
1302 2483 1320 2556 (
1344 2501 1536 2556 nempe
1555 2481 1760 2556 genus)

1869 2072 2048 2110 rursus
2073 2054 2253 2110 debere
2279 2053 2496 2120 renasci,
2527 2069 2624 2120 pro
2649 2056 2893 2110 Immone.

1940 2126 2018 2200 (li)
2054 2126 2277 2198 Denique
2307 2127 2444 2200 ttiait
2462 2141 2481 2181 :
2511 2126 2758 2200 Oppi-tere
2784 2123 3084 2200 superindui
3109 2140 3334 2200 carnem,
3359 2131 3465 2200 etc.

1865 2196 2078 2255 Dc'hoc
2099 2196 2287 2268 Apest.
2319 2197 2358 2252 ll
2407 2196 2564 2263 Corn,
2593 2197 2654 2260 V,
2691 2199 2808 2253 loco
2837 2197 2998 2254 etiam
3030 2197 3339 2268 supradicto
3368 2196 3466 2252 lib.

1868 2270 2054 2339 latius,
2077 2267 2174 2340 cap
2229 2270 2320 2330 bl.
2350 2268 2424 2323 4‘).
2446 2279 2500 2326 et
2527 2270 2630 2336 4'5;
2659 2270 2816 2325 sicuti
2837 2269 2996 2323 etiam
3023 2267 3091 2323 de
3122 2267 3247 2323 illo:
3275 2269 3326 2321 in
3354 2270 3472 2321 Ato-

1867 2359 1970 2406 mo,
1996 2344 2047 2396 in
2093 2351 2444 2397 momentuneo
2471 2350 2610 2394 motu
2638 2343 2793 2403 oculi,
2825 2341 3045 2395 ibidem.
3091 2340 3250 2410 Atqui
3297 2340 3472 2410 rufam

1866 2430 2032 2468 ceram
2061 2427 2210 2467 more
2237 2428 2337 2468 suo
2361 2412 2581 2468 rubeam
2614 2411 2884 2484 intelligit,
2913 2419 2968 2468 et
2986 2412 3228 2483 glutitam
3252 2417 3474 2482 usurpat

1867 2499 1964 2555 pro
1992 2484 2315 2556 deglutitam.

1173 2717 1652 2828 LIBER
1739 2717 2044 2828 TER
2060 2719 2235 2828 TI
2247 2721 2459 2828 US.

164 2943 332 3029 DE
367 2936 1061 3028 CONCORDIA
1107 2938 1608 3025 PATRUM
1636 2937 2140 3023 VETERIS
2181 2937 2331 3022 ET
2367 2936 2658 3024 NOVI
2685 2939 3470 3028 TESTAMENTI.

1137 3116 1622 3178 ARGUMENTUM,
1669 3115 1871 3162 ΕΤΙΔΜ
1915 3116 2114 3164 IPSIUS
2157 3117 2495 3166 AUCTORIS.

977 3270 1258 3348 Tertius,
1288 3271 1571 3351 ingenua
1597 3273 1853 3351 gentem
1882 3268 1959 3334 de
1989 3273 2192 3333 matre
2222 3274 2505 3335 creatam
2531 3316 2551 3349 ,

976 3373 1247 3438 Vatibus
1281 3378 1342 3436 et
1372 3373 1666 3453 patribus
1693 3377 1981 3438 sacratos
2031 3391 2170 3437 esse
2198 3373 2552 3438 ministros.

167 3564 296 3630 Ubi
325 3563 717 3644 subintelligi
745 3561 916 3624 debet
946 3577 1206 3626 TRADIT.
1236 3566 1346 3621 aut
1373 3560 1526 3641 quid
1550 3560 1746 3623 simile
1777 3581 1799 3622 :
1831 3566 2062 3624 tractat
2089 3562 2246 3623 enim
2271 3559 2435 3625 libro
2470 3561 2654 3624 tertio
2683 3563 2876 3646 (quod
2897 3543 3048 3629 acleo
3070 3566 3255 3650 etiam
3283 3569 3474 3636 titulo

252 3669 618 3752 adjecimus)
647 3668 718 3730 de
741 3665 1079 3729 concordia
1106 3672 1361 3744 patrum
1390 3665 1612 3728 veteris
1643 3675 1698 3725 ct
1723 3665 1876 3726 novi
1894 3664 2289 3732 Tcstamcuti,
2317 3665 2642 3727 occasione
2668 3666 2845 3730 illius
2862 3668 3156 3748 Apostoli
3174 3672 3340 3753 (Gal.
3366 3674 3475 3753 IV,

253 3792 335 3837 cx
367 3773 494 3835 lsa.
527 3789 584 3834 e.
619 3767 780 3850 LIV)
817 3790 832 3830 :
872 3786 1186 3832 scnrrrcn
1227 3785 1342 3830 κεν
1376 3785 1534 3829 smn
1567 3788 1581 3827 :
1617 3785 1908 3844 uersata,
1948 3784 2228 3830 STERILIS
2259 3784 2401 3838 qua
2430 3787 2555 3833 NON
2587 3789 2803 3848 panis;
2838 3792 3096 3835 nucum;
3124 3794 3205 3837 ET
3234 3795 3475 3857 cuna,

253 3895 403 3949 qua:
434 3894 559 3938 NON
585 3891 894 3937 PARTURIS
917 3918 935 3950 ,
985 3881 1100 3934 etc.
1130 3871 1226 3932 Et
1257 3869 1434 3934 illius
1459 3890 1480 3930 :
1510 3887 1652 3932 ILLA
1694 3889 1837 3943 ora:
1879 3888 2128 3934 sensura
2172 3888 2288 3932 EST
2326 3889 2694 3934 sanusne»:
2743 3893 2978 3939 unum
3019 3897 3156 3955 1551‘,
3189 3897 3332 3951 om:
3359 3900 3476 3944 εει*

253 3999 478 4042 MATER
503 3998 771 4043 NOSTRA.
809 3978 956 4038 Hoc
980 3976 1139 4037 enim
1171 3971 1306 4056 (est)
1338 3972 1507 4053 quod
1533 3973 1603 4034 in
1629 3972 1798 4034 dicto

1866 3981 2188 4054 rgumenta
2221 3972 2463 4036 dicitur
2489 3996 2509 4035 :
2542 3993 2824 4044 manus
2848 3999 3109 4045 GENTEM
3139 4002 3222 4046 me
3253 4003 3474 4048 nutus

252 4101 578 4146 Clu-IATAM.
615 4081 819 4144 Plura
845 4087 1048 4142 autem
1079 4074 1254 4138 habet
1285 4083 1510 4138 auctor
1539 4075 1726 4140 initio
1755 4075 1904 4142 libri
1940 4077 2014 4147 Υ,
2046 4075 2153 4139 sed
2181 4076 2274 4141 ita
2300 4076 2584 4151 obscura,
2613 4089 2685 4144 ut
2712 4093 2964 4164 prtestet
2997 4105 3110 4152 suo
3132 4088 3269 4153 loco
3297 4089 3479 4153 dum-

253 4192 438 4252 taxat
469 4190 764 4246 tractare.

694 4397 921 4457 CAPUT
960 4397 1246 4457 PBIHUM.

250 4494 373 4553 Jam
417 4495 618 4569 genuit,
669 4495 938 4566 quondam
993 4493 1190 4551 sterilis
1237 4490 1575 4563 cognomine,
1623 4505 1738 4546 ma-

262 4576 267 4580 ’
1505 4585 1611 4659 [ιον
1639 4586 1732 4659 (ο),

164 4683 405 4755 Jamque
433 4697 602 4738 novus
627 4681 823 4754 gaudet
847 4681 1075 4753 populus
1099 4679 1354 4737 delibera
1377 4686 1556 4744 natus,

164 4779 412 4853 Earpulsa
438 4777 634 4834 famula
663 4777 853 4834 merito
873 4791 994 4832 cum
1020 4773 1172 4846 prole
1202 4772 1462 4842 superba;

167 4871 420 4928 Viventis
445 4886 656 4942 quoque
677 4870 840 4924 finitis
861 4882 1029 4940 aquas
1055 4867 1261 4938 ingrata
1291 4862 1530 4934 reliquit,

167 4964 243 5020 Et
268 4964 463 5034 tepidis
488 4978 676 5020 errans
701 4961 909 5018 ardenti
933 4960 1108 5016 sidere
1136 4967 1306 5029 potat.

164 5057 296 5114 Jam
326 5065 548 5127 possunt
567 5063 755 5126 gentes
775 5052 1044 5110 Abraham
1065 5052 1300 5108 clamare
1325 5054 1625 5120 parentem,

164 5147 309 5216 Quae
338 5149 522 5205 vocem
547 5145 755 5202 Domini
777 5144 936 5201 simili
957 5147 1164 5201 ratione
1193 5149 1411 5209 secutae,

165 5239 370 5298 Omnia
400 5241 669 5313 liquerunt
691 5253 916 5312 peregre
939 5253 1000 5295 se
1025 5237 1215 5294 sistere
1239 5236 1381 5293 vitae.

1793 4397 1838 4462 C
1871 4397 2100 4469 Laetare,
2124 4414 2156 4457 ο
2183 4401 2400 4469 sterilis,
2427 4405 2746 4474 promissam
2771 4406 2993 4478 concipe
3018 4405 3250 4478 plebem;

1879 4492 2115 4565 Erumpe
2145 4501 2199 4549 et
2222 4495 2416 4564 clama,
2448 4511 2550 4567 qua
2581 4497 2721 4553 nulla
2750 4499 2899 4569 prole
2926 4499 3099 4557 beata.

1880 4588 1958 4645 De
1983 4602 2086 4660 qua
2114 4587 2326 4645 dicebat
2357 4604 2453 4660 per
2481 4600 2628 4647 vates
2658 4591 2886 4662 Spiritus
2913 4593 3038 4647 olim
3065 4611 3078 4648 :

1878 4682 2005 4738 llaec
2031 4683 2213 4754 genuit
2236 4694 2450 4754 gentem
2475 4686 2654 4742 multis
2679 4701 2743 4741 ex
2771 4687 3020 4758 gentibus
3053 4704 3234 4757 unam,

1875 4774 2040 4846 Cujus
2069 4777 2330 4848 principio
2354 4791 2567 4850 semper
2589 4779 2672 4848 pia
2703 4780 2942 4836 membra
2970 4780 3211 4838 laborant
3235 4800 3249 4836 :

2504 4869 2732 4926 CAPUT
2771 4870 2835 4926 ll.

1948 4960 2112 5033 llujus
2143 4960 2275 5018 Abel
2300 4961 2498 5033 justus,
2530 4973 2714 5033 pastor
2743 4963 3112 5036 pecudumque
3144 4966 3419 5039 magister,

1874 5051 2148 5109 Fraternae
2179 5052 2372 5108 occidit
2408 5067 2566 5123 quem
2592 5054 2720 5109 olim
2750 5055 3002 5111 violentia
3027 5056 3264 5125 dextrae;

1875 5144 2041 5218 llnjus
2087 5145 2295 5216 Enoch,
2347 5146 2554 5219 insigne
2606 5147 2808 5220 decus,
2865 5149 2933 5207 de
2983 5165 3208 5224 corpore
3265 5168 3433 5212 mem-

3152 5243 3329 5318 tbrum
3353 5245 3430 5320 (ιι)

1536 5348 2091 5408 COMMENTARIUS.

242 5472 402 5531 CAP.
430 5472 475 5528 1.
508 5501 579 5514 -·
608 5471 679 5546 (c)
706 5471 826 5528 Jam
857 5470 1335 5546 genuit,_quondant
1362 5469 1545 5523 sterilis
1571 5482 1752 5546 cogno-
1785 5469 1838 5529 D
1865 5469 1949 5546 ob
1960 5469 2191 5546 inopiam
2221 5467 2485 5546 (ξφ-ἀκμᾷ
2514 5470 2802 5546 corrigere.

165 5549 311 5602 mine
331 5555 510 5609 mater,
537 5537 671 5607 etcl,’
697 5537 1012 5612 veterumque
1040 5537 1253 5597 Patrum
1280 5551 1327 5596 et
1353 5550 1552 5594 nosrtra
1579 5537 1760 5612 Eccle-

161 5623 271 5674 sia.
305 5615 460 5688 (Gal.
495 5614 598 5687 IV)
641 5618 693 5672 in
737 5609 1220 5683 carnen'rredegit,
1269 5614 1349 5688 ita
1384 5627 1505 5688 cum
1537 5609 1756 5688 subdit;

183 5679 408 5743 Viventis
437 5679 632 5758 quoque
677 5690 840 5754 fontes
883 5701 1062 5756 aquas,
1110 5679 1237 5750 etc.,
1284 5683 1471 5758 alludit
1523 5679 1760 5758 atl_il_lutl

163 5762 309 5817 Gen.
335 5752 477 5824 XXI,
502 5752 589 5813 ubi
616 5752 756 5832 Agar
787 5752 979 5832 legitur
1006 5767 1300 5832 utrcaquee
1328 5752 1642 5832 iu_scap_ulis
1661 5752 1760 5832 im-

166 5833 352 5902 posito
397 5822 622 5903 errasse,
659 5822 711 5903 in
756 5822 1064 5903 solitudine.
1129 5822 1345 5903 Videtur
1391 5822 1757 5903 interitn__alia

163 5892 354 5974 aliqua
397 5918 497 5960 vos
547 5899 913 5960 subsﬁtucnda
960 5914 1058 5971 pro
1096 5900 1298 5970 tepidis,
1345 5897 1437 5953 sed
1485 5910 1588 5950 non
1617 5892 1761 5949 licuit

1934 5540 2087 5597 (ΞΜ).
2103 5540 2319 5611 ll.—-—(d)
2344 5538 2511 5611 Hujus
2530 5538 2728 5611 Euoclt,
2749 5540 3132 5602 etc.Peculiare
3147 5544 3463 5609 hocestAu-

1863 5612 2019 5690 ctori,
2041 5611 2179 5682 quod
2197 5607 2394 5690 scribat
2413 5607 2438 5664 ε’
2456 5611 2629 5690 ζιίιοείρ
2653 5631 2684 5666 u
2701 5610 2813 5667 Deo
2835 5615 3085 5690 digressos
3107 5623 3320 5690 papulas
3339 5607 3464 5678 cou-

1863 5685 1976 5738 silio
1991 5685 2380 5764 revoca-sscnqui
2407 5684 2682 5764 etiatnper
2703 5684 3216 5764 pt'amceupzttim—tein
3235 5694 3462 5764 gigantes

1866 5765 2136 5832 nuncupat
2164 5754 2354 5832 nimios
2375 5755 2603 5832 civitatis
2632 5754 2828 5832 diaboli
2855 5754 3143 5832 nilni~tros,
3178 5754 3255 5817 de
3271 5754 3465 5832 quibus

1864 5824 1998 5884 Gen.
2032 5824 2096 5882 Vl
2127 5823 2367 5882 sub’Nuc
2391 5826 2618 5896 primum
2651 5828 2708 5884 lit
2739 5827 2937 5884 mentio
2968 5830 3018 5884 in
3045 5823 3354 5902 Seripturis.
