4202 6496
753 393 883 449 ΜΠΙ

747 507 788 560 Λ
822 506 895 575 ιι)
922 504 1028 558 Deo
1054 500 1321 573 digressos
1346 499 1565 571 populos
1587 501 1897 570 laciniisque
1922 511 2225 569 sequentes,

754 598 922 652 licunt
951 596 1074 650 furit
1103 597 1156 649 in
1184 597 1343 649 terris
1371 593 1669 663 relugarum
1698 594 1847 647 turba
1880 594 2174 658 latronum;

751 689 1077 757 Sacrilegum
1108 703 1275 759 genus
1297 699 1347 741 ut
1383 686 1585 757 fugeret
1612 686 1828 741 crudele
1850 689 2143 758 gigantum,

752 780 989 836 Consilio
1015 779 1317 842 revocabat,
1351 780 1401 833 in
1424 779 1673 833 omnibus
1704 779 1816 848 ipse
1845 779 2037 834 lidelis.

755 874 956 944 lugenti
986 872 1184 943 gemitu
1217 873 1433 942 placuit,
1463 870 1759 941 meritoque
1789 872 1971 925 labore

753 968 1096 1022 'I‘ranslatum
1121 982 1314 1037 magno
1336 967 1527 1036 pignus
1550 976 1791 1021 servatur
1815 965 2036 1020 honore.

750 1040 1022 1118 I’erfectns
1049 1060 1203 1115 laude
1224 1070 1271 1115 ct
1297 1062 1411 1115 sine
1436 1060 1588 1130 culpa
1610 1059 1720 1115 Noe
1743 1070 1983 1130 repertus
2017 1060 2095 1129 (ιι)

753 1155 1096 1209 'l'estilieante
1138 1153 1245 1208 Deo
1269 1154 1444 1223 justus
1474 1154 1523 1207 in
1548 1153 1784 1208 adultera
1814 1154 1988 1223 plebe,

754 1248 844 1301 liis
864 1247 1249 1318 quinquagenis
1271 1261 1447 1301 arcam
1474 1246 1565 1316 qui
1596 1247 1769 1300 texuit
1792 1247 1970 1313 anuis,

753 1341 1045 1396 Venturum
1074 1340 1335 1394 excidium
1360 1341 1511 1395 laetis
1535 1349 1590 1395 ct
1618 1356 1747 1395 voce
1771 1340 2005 1406 ferebat;

754 1433 1053 1489 l’romeruit
1077 1433 1234 1487 tantis
1265 1445 1478 1503 ereptus
1507 1434 1693 1487 mortis
1716 1434 1782 1487 ah
1810 1434 1989 1500 undis,

752 1524 961 1579 Etcum
995 1526 1145 1594 prole
1173 1540 1267 1579 sua
1300 1536 1565 1579 servulus.
1600 1525 1772 1580 Gente
1800 1535 2062 1594 sequente

751 1618 849 1673 Iist
877 1618 1165 1681 Abraham,
1194 1618 1343 1687 cujus
1373 1627 1561 1688 gnatos
1592 1633 1685 1674 vos
1714 1633 1833 1673 esse
1863 1618 2089 1688 negatis,

702 1694 707 1698 ’
750 1711 850 1776 Qui
882 1711 1099 1779 primus,
1131 1725 1327 1779 genere
1357 1720 1410 1765 ct
1432 1710 1600 1779 patria
1626 1720 1681 1765 et
1708 1710 1950 1781 genitore
1974 1710 2181 1775 relicto,

751 1802 895 1856 Voce
928 1802 1016 1855 liei
1041 1815 1247 1865 suasus,
1271 1802 1493 1855 secessit
1519 1802 1568 1855 in
1593 1810 1775 1856 extera
1803 1816 1986 1871 regna,

747 1896 922 1949 'I‘auto
954 1896 1044 1949 Dei
1073 1895 1263 1951 meruit
1288 1894 1735 1965 sublimisdignus
1760 1894 1964 1949 honore
1989 1894 2094 1964 t2),

752 1986 1018 2043 Gentibus
1045 1998 1099 2041 ut
1130 1999 1282 2057 pater
1307 1996 1362 2042 et
1387 1988 1599 2057 populis
1627 1986 1971 2041 credentibus
2000 1995 2165 2041 esset.

746 2080 879 2137 Cum
906 2081 1141 2151 patrihus
1161 2080 1347 2147 Iacob,
1378 2096 1603 2149 quorum
1636 2090 1783 2149 pater
1814 2080 1948 2150 ipse,
1976 2096 2069 2150 per
2090 2095 2251 2136 omne

746 2174 882 2230 Vitae
913 2191 1020 2227 suae
1046 2174 1273 2242 Spatium
1307 2172 1577 2228 laetissima
1601 2183 1843 2242 tempora
1870 2172 2065 2227 Christi

746 2267 1065 2321 l‘raececinit
1094 2266 1289 2331 verbis,
1320 2274 1465 2331 actu,
1497 2266 1714 2328 virtute,
1747 2264 1950 2319 labore.

748 2358 901 2413 Iluuc
926 2359 1166 2429 sequitur
1192 2357 1413 2428 Ioseph,
1441 2357 1587 2412 fictIte
1610 2358 1725 2412 sine
1746 2358 1905 2411 sorde
1926 2357 2181 2426 juvetuze,

747 2450 994 2506 Carceris
1022 2462 1077 2506 et
1101 2451 1247 2505 durae
1273 2452 1498 2505 conlicta
1527 2450 1790 2503 calumnia
1824 2465 1997 2519 poenae.
2025 2466 2039 2502 :

749 2545 927 2599 Cloria
958 2556 1076 2614 post
1097 2546 1345 2613 gemitus,
1374 2544 1637 2613 regnique
1665 2542 1900 2597 secunda
1926 2556 2148 2607 corona,

753 2639 920 2708 Inque
952 2640 1090 2692 fame
1119 2638 1269 2707 panis
1304 2636 1569 2691 tribuendi
1600 2636 1744 2705 larga
1788 2644 2039 2702 potestas.

750 2729 883 2785 Tam
910 2730 1122 2800 propria
1153 2729 1370 2794 Christi,
1401 2739 1507 2783 tam
1537 2727 1710 2782 lucida
1736 2726 1868 2781 lucis
1892 2727 2065 2797 imago

750 2822 1013 2874 Omnibus
1044 2829 1126 2874 est
1153 2818 1452 2885 manifesta,
1483 2819 1674 2890 quibus
1698 2827 1823 2874 sunt
1849 2818 2047 2872 lmuiua
2071 2816 2257 2883 menti,

752 2911 821 2969 Ut
861 2913 1079 2983 Speculo
1106 2913 1281 2967 vultus
1304 2912 1510 2967 ﬁrmam
1543 2928 1691 2982 spem
1720 2928 1944 2969 eernere
1976 2912 2203 2981 possint.

750 3007 915 3063 .Iudas
940 3008 1051 3077 ipse
1072 3016 1242 3076 pater,
1276 3008 1470 3076 regalis
1490 3008 1650 3062 sortis
1675 3008 1847 3075 origo,

754 3097 907 3151 Unde
936 3098 1095 3151 duces
1120 3097 1302 3165 geniti,
1336 3098 1486 3166 cujus
1514 3096 1581 3151 dc
1611 3097 1815 3152 semine
1840 3111 1993 3166 rcges

751 3191 1030 3260 Nunquam
1059 3189 1362 3255 dchieruut,
1394 3189 1565 3245 donec
1597 3198 1818 3243 ventura
1849 3199 2087 3258 potestas

756 3284 1013 3341 Gentibus
1042 3292 1319 3355 expectata
1338 3282 1428 3338 diu
1461 3283 1723 3352 promissa
1754 3285 1981 3337 veniret.

1377 3375 1603 3431 CAI‘U'I‘
1644 3375 1730 3429 llI.

830 3474 943 3528 Dux
979 3470 1155 3542 pepuli
1183 3469 1377 3534 Moses,
1408 3470 1499 3540 qui
1526 3469 1707 3523 limina
1736 3470 1878 3538 regia
1909 3468 2087 3539 liquit,

755 3568 1027 3634 Sperucns
1056 3564 1267 3617 divitias
1292 3562 1546 3617 ﬂorentes
1578 3570 1818 3632 tempore
1847 3578 2030 3632 parvo,

756 3658 941 3713 Maluit
966 3657 1208 3711 adﬂictus
1236 3656 1413 3725 pepuli
1448 3665 1661 3725 portare
1691 3655 1901 3709 labores

758 3750 990 3806 Subnixa
1024 3749 1253 3814 cervice,
1284 3747 1441 3800 minis
1472 3764 1575 3801 non
1606 3749 1820 3801 territus
1848 3748 1992 3809 ullis,

759 3842 928 3908 Quam
961 3841 1062 3897 sibi
1086 3840 1305 3895 delicias
1334 3839 1632 3909 multasque
1660 3839 1932 3895 remittere
1963 3855 2168 3909 poenas,

757 3937 865 3992 l‘ro
891 3950 1187 4005 magnaque
1217 3934 1340 3993 (ide,
1373 3948 1468 4003 pro
1502 3944 1645 3988 tanto
1674 3934 1839 3988 mirus
1868 3949 2081 4001 amore,

765 4029 1013 4083 Armatus
1048 4027 1244 4080 virtute
1277 4026 1367 4079 liei
1393 4025 1651 4094 magnalia
1684 4026 1843 4095 gessit
1872 4043 1885 4079 :

763 4119 1034 4174 Percussit
1058 4127 1270 4188 gentem
1300 4117 1488 4185 plagis,
1524 4126 1829 4187 terramque
1859 4118 2095 4186 reliquit,

760 4211 1037 4265 confundit
1063 4226 1239 4278 regem
1270 4208 1482 4271 durum,
1512 4211 1870 4280 pepulumque
1898 4211 2138 4276 reducit;

762 4304 995 4356 Caleavit
1027 4302 1237 4360 ﬂuctus.
1274 4302 1455 4357 hostes
1486 4302 1740 4357 demersit
1772 4304 1823 4357 in
1856 4303 2039 4367 undis;

763 4395 911 4449 I’ecit
941 4409 1129 4461 aquam
1162 4392 1370 4448 dulcem
1406 4410 1498 4463 per
1524 4395 1742 4465 lignum,
1781 4410 1995 4467 semper
2018 4414 2281 4464 amaram,

761 4486 892 4538 Cum
919 4483 1112 4537 Citriin
1144 4485 1336 4554 populo
1365 4488 1642 4541 manifeste
1680 4490 1843 4541 multa
1872 4489 2101 4558 loeutus,

760 4576 925 4645 Cujus
954 4575 1019 4629 de
1051 4575 1184 4629 l'acic
1215 4576 1305 4630 lux
1334 4586 1388 4631 ct
1412 4578 1551 4632 nitor
1578 4594 1669 4634 ore
1702 4581 1939 4645 refulsit;

760 4672 1049 4740 Acceptam
1078 4669 1245 4741 legem
1276 4685 1370 4740 per
1398 4686 1595 4741 paucos
1618 4672 1751 4728 fudit
1776 4675 1827 4729 in
1856 4690 1906 4729 οι
1921 4676 2065 4737 hem,

2158 386 2621 444 TEIlTCLLIANI

3908 389 4056 445 1072

2367 504 2413 562 Λ
2448 500 2705 571 Exempla
2738 500 2987 570 implicita
3022 501 3353 571 propriorum
3380 513 3524 559 certa
3560 502 3800 559 latorum
3822 546 3837 568 ,

2449 593 2719 649 Percussit
2748 605 2971 663 petram,
2992 592 3171 663 jussus
3200 609 3414 663 quoque
3443 594 3658 649 liiuuina
3693 595 3855 657 ludit;

2450 685 2807 756 Extenditque
2838 700 3047 748 manus,
3074 695 3131 739 ut
3162 686 3314 755 signo
3336 688 3569 741 vinceret
3601 686 3837 740 hostem.

2448 779 2638 834 Omnia
2670 781 2735 834 de
2763 780 2996 843 Christo,
3028 794 3123 848 per
3145 778 3413 833 Christum
3442 792 3628 833 cuneta
3659 779 3987 849 loquuntur.

2450 870 2546 926 Hic
2578 872 2777 941 probus
2806 880 2858 927 et
2890 885 3113 941 magnus
3138 886 3259 925 cum
3290 871 3459 927 laudis
3486 887 3616 941 pace
3642 872 3867 941 quievit.

2452 966 2519 1020 At
2542 964 2697 1020 Iesus
2717 964 2861 1021 Nave
2892 966 3050 1029 illius,
3080 966 3253 1022 Auses
3274 976 3398 1023 ante
3427 976 3666 1033 vocatus,

2452 1057 2682 1126 Spiritus
2709 1058 2851 1113 hunc
2881 1066 3097 1114 sanctus
3126 1058 3330 1114 socium
3367 1059 3467 1113 sibi
3495 1061 3712 1115 nomine
3735 1059 3927 1128 junxit

2453 1150 2587 1207 Ilinc
2617 1152 2832 1205 ﬂuvium
2860 1152 3036 1218 scidit,
3068 1161 3121 1207 et
3152 1152 3402 1222 populum
3429 1152 3656 1208 transire
3684 1153 3899 1223 coegit;

2452 1246 2728 1301 Distribuit
2755 1257 2952 1302 terram
2981 1246 3164 1315 gratis,
3196 1246 3458 1316 promissa
3488 1255 3743 1316 paterna;

2452 1335 2630 1393 Solem
2658 1352 2781 1394 cum
2809 1337 2929 1392 luna
2953 1338 3159 1403 statuit,
3183 1337 3309 1392 dum
3338 1340 3571 1393 vinceret
3601 1338 3813 1393 hosmm
3837 1354 3852 1401 ;

2452 1432 2667 1501 Expulit
2692 1441 2947 1487 externas
2971 1439 3155 1500 gentes
3184 1430 3497 1501 prolemque
3525 1431 3795 1501 gigantum
3820 1446 3836 1496 ;

2453 1526 2661 1583 Excidit
2692 1526 2861 1592 lucos,
2892 1540 3014 1580 aras
3039 1533 3093 1580 et
3116 1524 3310 1593 templa
3342 1525 3585 1593 subegit;

2452 1620 2638 1677 Omnia
2671 1621 2904 1693 legitima
2936 1620 3195 1674 solemnia
3223 1629 3399 1674 mente
3431 1619 3664 1689 peregit;

2452 1713 2693 1769 Nominis
2719 1712 3022 1783 exemplum
3043 1710 3268 1777 Christi,
3291 1712 3503 1765 virtutis
3531 1713 3725 1779 imago.

3074 1848 3300 1907 CAPUT
3341 1849 3429 1905 IV.

2525 1987 2662 2056 Quid
2690 1988 2755 2044 de
2784 1987 3061 2044 Jadieibus
3089 1984 3269 2057 populi
3297 2000 3393 2055 per
3422 1985 3625 2056 singula
3658 1985 3877 2039 diram?

2453 2080 2689 2148 Quorum
2724 2081 2946 2135 virtutes
2972 2080 3014 2134 si
3038 2079 3450 2135 conscriliautur
3478 2080 3528 2133 in
3562 2094 3747 2143 unum,

2461 2173 2757 2229 Verborum
2785 2174 2956 2243 spatio
2986 2189 3269 2229 numerosa
3300 2173 3570 2227 Volumina
3598 2172 3899 2241 complent.

2451 2267 2703 2319 Attamen
2726 2281 2792 2319 ex
2815 2266 2994 2319 multis
3022 2281 3313 2333 paucorum
3338 2266 3517 2319 dicere
3541 2282 3559 2312 ι
3576 2267 3720 2324 itam,

2452 2355 2705 2427 Corporis
2735 2357 2985 2426 explendi
3016 2358 3303 2411 verborum
3330 2357 3563 2426 postulat
3587 2357 3739 2409 ordo.

2453 2450 2529 2505 lix
2562 2450 2751 2519 quibus
2778 2462 2834 2505 ut
2856 2450 3073 2506 Cedeon
3101 2451 3205 2505 dux
3234 2451 3480 2516 agminis,
3513 2466 3635 2504 acer
3660 2450 3710 2502 in
3748 2448 3997 2514 hostem,

2452 2544 2567 2598 Non
2599 2545 2791 2599 virtute.
2820 2560 2912 2599 sua
2951 2545 3165 2598 tutelam
3196 2546 3474 2615 aeqiiirerc
3504 2543 3669 2613 genti,

2454 2636 2827 2709 It‘irmatusque
2855 2638 2959 2692 lide
2981 2640 3190 2707 signum
3223 2639 3349 2706 petit
3375 2637 3544 2690 excita
3573 2634 3760 2695 menti,

2453 2733 2568 2797 Quo
2600 2732 2686 2786 vel
2715 2746 2819 2785 non
2845 2741 3025 2799 pesset
3055 2731 3134 2783 vel
3164 2739 3342 2799 posset
3374 2728 3589 2781 vincere
3613 2727 3841 2793 bellum,

2453 2821 2640 2877 Vcllus
2664 2832 2719 2875 ut
2745 2823 2793 2876 in
2819 2833 3030 2877 noctem
3061 2822 3289 2891 positum
3317 2820 3384 2874 de
3418 2836 3538 2874 rore
3571 2819 3842 2883 maderet,

2454 2914 2521 2969 Et
2554 2916 2711 2969 tellus
2732 2916 2908 2969 onmis
2936 2914 3136 2969 circum
3170 2914 3363 2968 siccata
3394 2912 3617 2981 jaceret,

2454 3006 2567 3061 IIoc
2595 3008 2928 3061 inimicorum
2964 3010 3192 3077 palmam
3220 3008 3523 3063 coalescere
3560 3006 3795 3070 mundo;

2454 3100 2629 3170 Atque
2660 3101 2850 3157 iterum
2880 3101 2994 3156 solo
3019 3103 3314 3157 remaueuti
3340 3102 3536 3157 Vellere
3565 3102 3705 3156 sicco
3728 3102 3838 3172 (π),

2454 3190 2566 3247 Iloc
2594 3193 2779 3247 eadem
2812 3193 2965 3247 tellus
2994 3202 3202 3247 roraret
3233 3203 3385 3248 nocte
3417 3193 3653 3263 liquore;

2375 3289 2420 3351 C
2456 3283 2568 3339 Iloc
2593 3286 2789 3339 etenim
2817 3286 2970 3355 signo
3000 3286 3311 3355 prmdonum
3342 3286 3529 3339 stravit
3553 3297 3801 3345 acervos,

2453 3377 2790 3449 Congressus
2814 3380 3011 3451 populo
3039 3379 3262 3446 Christi,
3289 3381 3403 3433 sine
3427 3378 3596 3431 milite
3627 3374 3823 3441 multo,

2454 3470 2793 3526 Terceuteno
2846 3473 3025 3542 equite
3054 3470 3333 3543 (munerus
3358 3469 3472 3524 Tau
3505 3469 3680 3523 littera
3710 3466 3943 3535 (ir-(rea)
3991 3465 4063 3537 rb)

2454 3566 2689 3621 Armatis
2714 3566 3021 3635 l'acibum‘pie
3050 3575 3105 3620 et
3130 3565 3381 3620 cornibus
3408 3575 3501 3616 ore
3530 3568 3850 3616 canentum.

2460 3660 2640 3715 V'ellus
2669 3670 2785 3715 erat
2812 3662 3037 3730 populus
3062 3660 3240 3715 ovium
3270 3658 3337 3712 de
3364 3656 3567 3711 semine
3594 3663 3820 3715 sancto;

2453 3752 2585 3808 Nam
2613 3754 2767 3809 tellus
2796 3755 2957 3808 varige
2988 3762 3175 3821 gentes
3203 3752 3436 3820 lusmque
3463 3764 3555 3818 per
3580 3746 3809 3809 urbem;

2455 3844 2689 3899 Verbum
2722 3845 2862 3914 quod
2894 3846 3079 3912 nutrit,
3108 3844 3199 3899 sed
3235 3859 3339 3897 nox
3366 3852 3446 3896 est
3474 3840 3663 3894 mortis
3692 3839 3907 3906 imago,

2457 3937 2571 3993 Tan
2598 3937 2807 4006 signum
2836 3937 3034 3999 crucis,
3064 3946 3117 3989 et
3144 3951 3313 3990 eoruu
3344 3933 3608 4004 praeconia
3640 3931 3767 3984 vita:
3791 3972 3807 3995 ,

2460 4029 2829 4099 Lucentcsqne
2858 4030 3001 4083 faces
3025 4028 3074 4081 in
3104 4027 3358 4096 ulycbnn,
3393 4026 3613 4094 spiritus
3638 4022 3851 4077 ardens

2456 4120 2671 4176 Scilicet
2700 4120 2799 4175 hoe
2828 4130 3087 4175 testamen
3116 4129 3224 4173 erat
3261 4118 3470 4173 virtutis
3492 4117 3693 4185 imago,

2458 4212 2575 4269 Non
2601 4230 2745 4284 prius
2767 4213 3007 4283 angelica
3034 4214 3222 4266 moi-tis
3244 4211 3351 4265 fera
3382 4209 3559 4279 pra-lia
3589 4210 3755 4274 vinci,

2458 4308 2626 4371 Quam
2654 4308 2846 4377 populo
2872 4306 3086 4361 indocili
3116 4306 3306 4361 merito
3326 4319 3419 4357 sua
3446 4304 3599 4373 culpa
3628 4302 3853 4367 relicto,

2458 4400 2843 4468 Florentesque
2877 4401 2977 4455 lide
3006 4409 3189 4470 gentes
3216 4400 3266 4452 iu
3294 4396 3451 4452 laude
3478 4405 3727 4465 receptae.

2458 4492 2699 4548 Dehbora
2727 4493 2854 4562 quin
2888 4492 3077 4545 nntlier
3105 4504 3266 4559 super
3293 4503 3507 4543 omnem
3534 4486 3771 4541 maxima
3806 4488 4058 4551 formam,

2457 4586 2561 4640 Pro
2590 4587 2756 4655 patria
2783 4602 2902 4656 qua:
2933 4584 3189 4654 belligero
3218 4582 3446 4637 subnixa
3474 4580 3664 4647 Iaboti,

2379 4671 2431 4730 D
2458 4680 2650 4749 Stipite
2679 4679 2777 4733 sub
2810 4679 2999 4747 palime
3031 4676 3289 4748 pepulum
3317 4676 3510 4731 vicisse
3535 4673 3772 4730 canebat
3804 4674 3909 4746 (π),

1990 4767 2370 4829 LECTIONES
2409 4770 2819 4828 V.~\IllA\TES.

858 4852 899 4915 I)
925 4853 963 4901 Δ
986 4852 1132 4903 (ὠά-εει.
1158 4866 1237 4915 ap.
1264 4852 1420 4905 (iberl.

858 4854 868 4900 I
925 4853 963 4901 Δ
986 4852 1132 4903 obest.
1158 4866 1237 4915 ap.
1264 4852 1420 4905 (ilierl.

825 4850 899 4979 I2;
921 4915 1102 4966 'l'autos
1122 4918 1330 4967 honores
1346 4918 1508 4968 Uberi.

2540 4866 2605 4929 (ὅ)
2633 4863 2763 4916 ιθιιεο
2785 4863 2949 4914 Ριιι·ἱε.

2138 4987 2698 5047 COMMENTARIUS.

839 5073 915 5143 la)
952 5072 1214 5149 Perfectus
1241 5076 1392 5130 laude
1414 5087 1457 5129 et
1484 5078 1591 5149 sine
1618 5078 1771 5147 culpa
1805 5078 1934 5143 Noe,
1966 5090 2071 5135 etc.
2105 5082 2256 5149 Quod
2289 5085 2354 5138 de

766 5144 879 5199 Noe
921 5146 1099 5217 tradit,
1132 5149 1298 5213 magis
1338 5164 1458 5199 cum
1488 5144 1757 5217 Scriptura
1796 5154 2063 5213 comeuit,
2110 5144 2196 5209 tibi
2235 5172 2352 5209 eum

767 5218 970 5295 legatur
1008 5234 1019 5268 :
1052 5216 1211 5267 liritnt
1253 5219 1357 5269 dies
1390 5216 1826 5295 illortun’ccnlnm
1866 5223 2037 5290 riginli
2082 5243 2351 5295 annorum,

768 5287 928 5340 tat-ite
959 5288 1882 5359 interpretaturtomiSsisduutaxal
1914 5287 1987 5346 illi
2023 5296 2193 5355 anuis,
2222 5287 2355 5351 forte

766 5360 907 5439 quod
942 5359 995 5439 in
1022 5374 1237 5439 carmen
1285 5376 1389 5412 non
1433 5371 1536 5439 tam
1568 5364 1848 5439 iouimoile
1898 5372 2075 5432 pesSct
2127 5366 2352 5439 referri)

766 5433 834 5484 de
863 5430 1035 5497 spatio
1078 5428 1406 5499 ῃωηίιοιιιιιν
1437 5431 1611 5500 impiis
1643 5432 1855 5494 relicto,
1888 5428 2013 5489 dum
2043 5436 2167 5490 dii-it
2196 5457 2208 5494 :

892 5543 974 5594 liis
990 5544 1353 5607 quinquagenis
1370 5558 1528 5596 aream
1552 5549 1631 5609 qui
1660 5550 1817 5597 texuit
1843 5551 1995 5598 annis.

836 5650 969 5703 (λιιι
998 5647 1243 5718 IV.—-—(b)
1259 5647 1509 5703 Numerus
1526 5650 1630 5705 ’I'uu
1646 5653 1853 5707 literal};
1871 5665 2101 5713 manete.
2131 5656 2237 5711 Iloc
2256 5658 2353 5711 sibi

768 5723 899 5785 vult,
924 5721 1028 5773 Tun
1050 5720 1243 5773 (iterum
1261 5737 1494 5791 gru'cum,
1516 5728 1817 5790 exprimere
1837 5744 2096 5779 monrrion
2117 5739 2353 5781 terrente-

768 5810 909 5853 mun,
943 5792 1482 5865 quod,‘pra'lerquain
1506 5795 1643 5861 quod
1676 5796 1846 5847 lttilI'lS
1879 5799 2123 5864 sitquam
2150 5812 2207 5853 ut
2231 5816 2352 5865 pro-

768 5866 983 5918 bationc
1024 5862 1273 5931 indigeat,
1308 5864 1467 5916 etiam
1500 5880 1655 5932 supra
1688 5876 1959 5919 ostensum
1988 5862 2085 5920 ιξδι
2116 5886 2177 5920 ev
2220 5862 2351 5923 'I'cr-

769 5936 1011 6003 tulliano,
1043 5932 1261 6001 Irenaeo,
1293 5944 1344 5988 et
1376 5934 1491 5988 aliis
1516 5936 1602 5989 lib.
1634 5938 1693 5989 de
1725 5935 2020 6011 Ρνιεθρειυὶρι.
2058 5941 2173 5996 ade.
2199 5941 2347 6012 hacin,

2459 5102 2605 5153 cap..
2636 5085 2725 5151 50,
2758 5086 2888 5139 hair.
2924 5086 3009 5145 15.
3040 5085 3103 5140 de
3134 5084 3309 5140 hwrcsi
3340 5084 3501 5137 Murri
3532 5098 3595 5138 ex
3626 5082 3963 5139 ϐιδᾶδωιηιιηι
3987 5086 4065 5139 Al-

2462 5158 2715 5226 phaheto.
2762 5157 2858 5210 Ilic
2904 5172 3031 5210 vero
3078 5166 3359 5225 propterea
3408 5158 3509 5209 huc
3558 5156 3683 5208 illud
3753 5157 3957 5219 affert,
4019 5166 4067 5208 ut

2460 5228 2650 5298 probet
2681 5227 2964 5281 Gedeonem
2992 5229 3041 5279 in
3075 5230 3237 5295 lignra
3263 5226 3377 5280 Τηιι
3406 5226 3538 5298 signi
3568 5228 3734 5280 crucis
3782 5238 4065 5281 lcrrentcuo

2461 5296 2622 5367 equite
2650 5300 2663 5359 t'
2690 5301 2772 5352 ubi
2801 5299 2984 5366 accipit
3018 5302 3248 5366 equitem
3274 5296 3523 5351 carttiiuis
3542 5299 3707 5360 gratia
3729 5340 3743 5355 ,
3794 5315 3901 5361 pro
3934 5302 4063 5351 omni

2462 5370 2649 5424 milite.
2673 5370 3026 5424 Nuntios.\'ll
3055 5371 3225 5422 solum
3253 5370 3440 5429 legitur
3461 5368 3527 5423 de
3546 5370 3612 5421 30
3635 5370 3814 5437 viris)
3842 5374 4065 5423 stratis:

2464 5443 2759 5508 pm’donmn
2787 5456 3007 5495 acervos.
3039 5442 3110 5493 De
3138 5458 3241 5506 quo
3267 5441 3418 5510 signo
3446 5438 3557 5510 Τιιιι
3598 5440 3749 5507 plura
3779 5460 3951 5509 supra
3982 5443 4059 5494 lib.

2464 5512 2528 5565 Ill
2546 5514 2753 5567 :ltIVcl‘S.
2774 5512 2957 5577 Mare,
2976 5511 3241 5581 capﬂﬁiet
3260 5509 3484 5566 lib.adv.
3508 5509 3652 5573 Jud.,
3669 5517 3841 5579 CapJ
3864 5515 4065 5579 l..\zqui

2463 5585 2617 5652 paulo
2650 5594 2767 5651 post
2812 5594 3052 5637 testante"
3082 5592 3299 5652 usurpat
3346 5585 3564 5645 Auctor,
3610 5598 3707 5650 pro
3739 5593 4061 5637 testamento.

2536 5655 2610 5723 ((τ)
2643 5657 2826 5719 Stipite
2861 5656 2952 5707 sub
2992 5656 3175 5722 palma!
3204 5656 3448 5721 populum
3488 5654 3659 5706 vicisse
3686 5658 3941 5713 canebat.
3970 5668 4062 5711 etc.

2462 5724 2659 5779 Alludit
2690 5727 2753 5779 ad
2786 5727 3061 5779 Canticum
3099 5726 3376 5785 Deliliorze,
3411 5741 3515 5794 quo
3556 5724 3803 5777 celi-lira:
3838 5728 4061 5781 Sisaram

2461 5796 2512 5849 in
2542 5797 2869 5861 temporibus
2900 5797 3070 5857 claVo,
3125 5798 3255 5856 sive,
3293 5800 3363 5849 uti
3394 5797 3587 5848 habent
3616 5794 3795 5867 LXX,
3841 5802 3964 5867 palo
4000 5809 4063 5849 ta‘

2459 5867 2750 5925 hernaeuli.
2785 5884 2916 5935 quos
2948 5885 3010 5921 ex
3045 5869 3234 5938 palma'
3254 5868 3379 5938 olim
3419 5866 3607 5938 cunliei
3633 5866 3851 5938 solere
3882 5871 4061 5921 indu-at

2460 5940 2678 6007 Auctor,
2710 5941 2797 6009 qui
2834 5939 2991 5997 etiam
3024 5934 3163 5995 iStud
3213 5937 3370 5994 tradit
3402 5937 3606 6009 signum
3652 5934 3835 5996 fuisse
3887 5939 4059 5995 Christi
