4202 6496
173 395 314 451 1073

169 513 508 583 Quapropter
529 515 651 572 victi
681 516 839 573 simul
874 518 1054 579 hostes
1077 529 1224 596 terga
1249 526 1482 586 dedere:

167 606 349 662 δῑειιτλ
379 608 484 663 dux
511 608 662 678 fugit,
692 611 776 666 cui
807 627 909 667 non
935 614 1032 681 vir,
1069 633 1166 674 nec
1194 635 1385 680 manus
1407 624 1511 680 ulla

179 698 417 754 Restitit.
450 701 545 756 llic
573 701 702 756 Baal
728 700 925 758 Christi
951 707 1168 764 victoria
1197 711 1348 782 signo

170 791 431 863 Exemplo
464 793 665 866 refuga,
698 795 898 853 devicit
928 799 1143 857 {mulina
1185 803 1348 875 ligno.

168 882 400 955 Jepbtha
431 886 532 940 liilc
557 888 726 956 lirma,
759 891 846 960 qui
877 891 1012 948 duro
1036 896 1264 954 vulnere
1293 911 1475 958 votum

166 977 346 1033 Ausus
374 980 673 1035 mercedem
701 983 825 1037 belli
860 985 968 1040 Deo
994 986 1172 1045 dicere
1197 993 1478 1062 grandem,

165 1069 264 1124 llic
289 1073 410 1141 quia
435 1089 555 1142 qua:
586 1086 692 1129 non
723 1077 836 1131 vult
866 1078 1119 1137 Dominus
1165 1087 1486 1154 promiserat
1513 1105 1718 1148 amens.

161 1165 412 1221 Occurrit
440 1167 610 1235 primo
636 1169 854 1226 charum
878 1173 976 1228 sibi
1002 1185 1220 1245 pectore
1243 1181 1430 1250 pignus
1461 1200 1473 1237 :

160 1259 304 1315 Nulli
333 1272 540 1330 sperata
570 1264 763 1320 cecidit
792 1266 934 1337 quod
958 1282 1104 1326 sorte
1130 1283 1370 1342 repente,

163 1351 498 1409 Promissum
529 1365 583 1408 ut
611 1365 794 1422 staret,
826 1359 986 1416 solvit
1017 1362 1100 1431 pia
1123 1365 1248 1434 jura
1274 1368 1528 1436 parentis,

163 1448 377 1504 Peccati
417 1461 598 1505 votum
625 1453 854 1508 violenta
883 1465 1061 1512 mente
1081 1462 1323 1529 coperuit
1347 1461 1420 1534 (a)

161 1540 415 1600 humanis
445 1543 600 1599 timor
623 1546 828 1602 orbata:
853 1550 1043 1604 solatia
1072 1553 1194 1607 vitae

161 1630 270 1688 Pro
294 1636 505 1690 scelere
534 1637 761 1692 obtinuit
787 1638 1004 1707 faniam,
1030 1659 1129 1714 pro
1155 1647 1380 1704 crimine
1411 1650 1641 1721 laudem,

160 1726 383 1782 Necnon
411 1728 668 1787 Sansoms
699 1747 859 1804 super
887 1738 1066 1791 omnia
1095 1754 1318 1810 corpora
1356 1744 1516 1808 vires,

159 1818 393 1889 Spiritus
419 1822 520 1878 hoc
542 1823 738 1880 donum
763 1827 924 1898 capiti
962 1843 1216 1887 concessa
1245 1843 1503 1904 potestas,

161 1913 269 1969 Pro
299 1916 498 1984 populo
523 1919 686 1985 solus,
714 1921 858 1975 nullo
891 1939 1166 1994 mucrone,
1196 1944 1294 1984 nec
1315 1932 1500 1998 armis,

160 2005 235 2060 Os
262 2010 494 2065 retinens
523 2012 679 2078 asini,
711 2017 998 2084 prostravit
1027 2033 1252 2091 corpora
1282 2023 1426 2079 mille
1455 2042 1470 2080 :

161 2100 384 2158 Vincula
409 2106 551 2160 nulla
579 2107 746 2163 virum
774 2111 1010 2167 vinctum
1037 2123 1258 2183 potuere
1287 2126 1505 2188 tenere;

155 2195 343 2253 Gloria
373 2199 464 2253 sed
490 2211 766 2272 postquam
790 2207 983 2276 captivi
1018 2218 1159 2265 mota
1193 2214 1433 2278 recessit,

156 2286 389 2356 Occidit,
419 2301 576 2363 atque
603 2293 784 2352 hostes
825 2299 997 2354 victus
1024 2316 1117 2356 sua
1146 2312 1320 2359 morte
1349 2305 1595 2363 redemit.

793 2391 1020 2451 CAPUT
1059 2396 1123 2450 V.

235 2477 487 2538 .‘llirilicus
515 2482 730 2540 Samuel
763 2487 856 2558 (li),
889 2489 970 2543 cui
1005 2505 1156 2559 rcges
1189 2507 1385 2562 ungere
1417 2495 1646 2564 primum

156 2570 520 2642 Praeceptum,
549 2576 678 2633 dare
705 2579 938 2634 chrisma
967 2583 1110 2637 viros
1132 2587 1420 2643 ostendere
1443 2589 1672 2647 cbristos

161 2663 386 2722 Talibus
413 2670 463 2722 in
497 2671 614 2724 vita!
642 2673 814 2742 spatio
843 2674 1118 2732 laudabilis
1143 2680 1269 2749 egit,

161 2760 233 2816 [ι
275 2777 485 2832 quaque
516 2765 595 2837 (I)
623 2778 741 2836 post
779 2771 1018 2839 requiem
1050 2773 1356 2843 prepheliea
1385 2776 1502 2846 jura
1528 2787 1754 2835 teneret.

157 2851 612 2926 Psalmographus
629 2859 814 2926 David,
836 2878 1057 2932 magnus
1079 2881 1173 2920 rex
1198 2879 1357 2937 atque
1378 2873 1636 2941 propheta
1659 2873 1754 2944 (c),

157 2945 449 3004 Passurum
471 2949 742 3006 Christum
773 2955 1036 3011 submissa
1063 2973 1194 3013 voce
1223 2963 1469 3028 canebat,

155 3037 362 3107 Sponte
386 3042 524 3112 quod
555 3043 792 3114 ingratus
822 3047 1048 3117 populus
1074 3051 1189 3106 sine
1211 3051 1326 3123 lege
1353 3055 1575 3125 peregit,

154 3130 260 3186 Cui
295 3131 432 3187 Deus
462 3149 523 3188 ex
555 3146 709 3192 utero
741 3138 968 3194 fructum
1001 3143 1322 3210 promiserat
1345 3146 1493 3213 olim,

158 3223 374 3280 Prolem
403 3227 614 3283 sublimi
643 3231 777 3288 solio
806 3248 901 3286 suo
929 3249 1126 3304 ponere
1147 3247 1385 3295 sanctam
1421 3259 1435 3298 :

156 3314 290 3370 Fixa
327 3316 456 3374 lidcs
484 3320 691 3378 Domini
723 3339 840 3394 qua:
869 3328 1178 3394 sponderat,
1203 3333 1380 3386 omnia
1412 3331 1555 3408 fecit.

154 3407 410 3466 Aimulus
437 3411 714 3482 Ezechias,
751 3419 926 3487 populi
959 3431 1232 3477 corrector
1262 3427 1467 3494 inertis,

153 3502 352 3560 Oblitis
379 3504 457 3577 (9.)
490 3506 657 3578 legem
686 3511 772 3578 qui
802 3516 1120 3569 restauravit
1143 3516 1355 3586 iniquis,

156 3597 290 3652 Hrec
309 3599 433 3653 olim
455 3603 702 3658 mandata
731 3604 820 3659 Dei
847 3609 993 3676 prior
1014 3610 1190 3664 omnia
1215 3609 1395 3681 jussit,

155 3689 264 3758 Qui
289 3693 537 3761 precibus
567 3696 788 3767 bellum,
816 3715 920 3756 non
954 3701 1077 3759 ferri
1106 3705 1323 3774 cuspide
1348 3707 1526 3762 solvit.

155 3783 262 3840 Hic
291 3787 541 3854 m0rieus,
567 3790 815 3864 lacrymis
836 3810 1005 3851 annos
1029 3813 1092 3854 ac
1117 3807 1353 3869 tempora
1384 3801 1505 3856 vita:

157 3878 406 3949 Accepit,
439 3883 632 3938 merito
663 3884 823 3940 talem
859 3887 977 3942 tulit
1005 3899 1155 3944 actus
1183 3889 1464 3948 honorem.

155 3969 368 4041 Ingenti
399 3973 518 4028 zelo
540 3973 734 4042 Josias,
763 3987 940 4034 rector
964 3990 1017 4037 et
1047 3981 1180 4050 ipse,

156 4061 393 4117 Tantum
424 4079 580 4119 nemo
610 4081 768 4137 supra
798 4085 895 4126 nec
925 4084 1109 4140 postea
1134 4073 1310 4130 taliter
1337 4077 1442 4146 egit
1471 4095 1484 4134 :

158 4154 311 4209 ldola
341 4155 602 4225 destituit,
631 4159 895 4218 destruxit
927 4166 1118 4233 templa
1148 4165 1396 4236 nefanda,

159 4247 341 4316 Atque
367 4251 671 4308 sacerdotes
697 4269 858 4325 super
895 4270 1016 4311 aras
1057 4257 1174 4328 igne
1200 4261 1475 4326 cremavit,

161 4340 299 4397 Ossa
325 4341 701 4413 prophetarum
726 4345 975 4404 falsorum
1004 4359 1190 4407 cuncta
1222 4350 1438 4420 refodit,

1499 414 1846 474 APPENDIX
1883 418 2116 478 PRIMA.

1789 533 1843 594 Α
1870 532 2213 609 lncenditque
2239 552 2358 595 aras
2384 540 2645 600 adolenda
2676 543 2937 603 cadavera
2961 546 3138 620 lignis.

3324 438 3461 494 1074

1868 624 2095 698 Insignis
2118 628 2236 686 ﬁdei
2260 631 2313 687 in
2341 633 2550 690 laudem
2591 635 2979 711 (memorabile)
3007 649 3176 698 tactus

1865 716 2069 775 Nobilis
2095 720 2293 791 Helias,
2323 727 2412 796 qui
2444 727 2678 783 nondum
2699 730 2880 786 debita
2911 735 3102 789 mortis

1865 809 2128 880 Gustavit,
2161 819 2410 887 quoniam
2438 837 2649 879 rursum
2679 834 2937 882 venturus
2964 827 3017 882 in
3044 829 3230 885 orbem
3260 838 3340 884 est
3368 851 3380 886 :

1866 905 2009 975 Ergo
2032 907 2253 966 infracta
2286 913 2438 982 ﬁdes,
2463 917 2716 988 populum
2741 934 3030 991 regemque
3054 921 3340 990 furentem,

1863 996 2099 1054 Militiam
2127 1002 2336 1058 Domini
2363 1007 2452 1076 qui
2482 1007 2770 1067 deseruere
2795 1010 3028 1080 beatam,

1865 1090 2192 1151 Verberibus
2221 1096 2448 1154 ﬂammis
2468 1102 2732 1174 castigans
2755 1103 2936 1160 hostes
2956 1107 3170 1175 amaris,

1862 1181 2050 1240 Sidera
2076 1189 2356 1255 conclusit,
2389 1194 2661 1264 tenuitque
2691 1194 2743 1250 iu
2773 1197 3004 1252 nubibus
3029 1199 3278 1255 imbrem.

1862 1276 1997 1332 Esse
2030 1275 2194 1332 Deum
2225 1282 2462 1337 emendit
2489 1286 2717 1353 cunctis,
2746 1290 2991 1358 apparuit
3014 1304 3168 1346 error
3194 1309 3209 1345 :

1860 1367 1993 1423 Nam
2027 1370 2253 1427 madida:
2279 1385 2457 1442 partes
2481 1376 2667 1433 hostize
2689 1378 2873 1446 lluvio,
2917 1396 3081 1452 super
3104 1397 3226 1437 aras

1863 1460 1939 1517 De
1963 1463 2102 1518 caelo
2133 1465 2401 1533 precibus,
2436 1469 2658 1526 veniens
2679 1472 2750 1537 vi,
2775 1470 2987 1528 ﬂamma
3010 1474 3275 1542 comedit;

1861 1553 1927 1608 Et
1948 1558 2196 1625 quotiens
2223 1558 2410 1627 voluit,
2439 1561 2631 1617 tetieus
2653 1564 2758 1619 ruit
2786 1565 2924 1636 ignis
2947 1567 3014 1622 ab
3036 1567 3147 1622 alto
3178 1585 3192 1622 :

1862 1648 2050 1705 Divisit
2072 1649 2289 1708 ﬂuvium
2315 1664 2676 1727 transgressus
2706 1666 2761 1712 et
2789 1659 2912 1716 avia
2938 1659 3062 1716 fecit
3082 1704 3096 1726 ,

1859 1740 2111 1798 Sublatus
2130 1760 2290 1800 curru
2315 1748 2546 1816 paradisi
2565 1759 2752 1806 vectus
2782 1751 2834 1806 in
2857 1753 3031 1807 aulam
3057 1761 3161 1809 est.

1861 1832 2033 1905 llujus
2069 1837 2361 1906 discipulus
2381 1843 2547 1897 sortis
2576 1857 2857 1900 successor
2883 1844 3145 1912 Heliseus,

1786 1937 1833 1996 Β
1868 1926 1967 1994 Qui
1995 1927 2262 1999 duplicem
2294 1929 2460 1987 Helia:
2494 1935 2645 2002 petiit
2678 1937 2778 1992 sibi
2804 1952 3021 1992 sumere
3051 1946 3252 1994 sortem

1861 2021 1942 2076 Ad
1973 2023 2339 2092 castigandam
2369 2025 2603 2082 violento
2633 2027 2858 2084 verbere
2889 2028 3124 2099 plebem;

1861 2113 2089 2171 Tantum
2126 2132 2221 2183 pro
2250 2116 2477 2173 Domino
2501 2129 2554 2175 et
2579 2120 2738 2174 talem
2767 2121 2987 2190 Spiravit
3007 2136 3245 2179 amorem
3273 2140 3286 2176 :

1860 2204 2094 2262 Iordane
2117 2223 2389 2276 percusso,
2425 2211 2648 2279 pedibus
2672 2213 2758 2268 via
2785 2211 2916 2267 facta
2946 2228 3243 2284 regressus,

1864 2298 2175 2354 Demcrsam
2205 2300 2369 2356 ﬂuvio
2393 2302 2651 2358 relevavit
2678 2305 2827 2375 virga
2857 2307 3120 2371 SCClll‘im;

1862 2390 2287 2464 Mortilicumque
2313 2393 2491 2449 cibum
2520 2396 2572 2450 in
2599 2395 2812 2452 vitalem
2841 2397 3113 2453 transtulit
3138 2413 3314 2454 escam

1866 2481 2102 2537 Detinuit
2124 2483 2327 2553 pluvias
2349 2485 2538 2541 iterato
2561 2494 2802 2558 tempore
2827 2486 2992 2558 duplo
3015 2506 3029 2556 ;

1862 2574 2241 2648 Mundavitque
2268 2579 2478 2647 lepras;
2508 2580 2690 2636 hostes
2716 2582 2940 2652 caligine
2965 2583 3143 2653 cepit:

1860 2668 2025 2740 Cujus
2055 2682 2174 2742 post
2204 2673 2405 2728 obitum
2429 2675 2538 2743 jam
2571 2676 2783 2732 condita
2813 2677 3053 2732 membra
3075 2677 3379 2746 sepulchro,

1862 2764 2116 2834 Alijectus
2145 2766 2379 2835 quidam,
2411 2778 2674 2825 mactatus
2698 2770 2847 2828 caede
2876 2771 3166 2837 latronum,

1860 2856 2102 2914 Mortuus
2134 2867 2189 2913 ut
2217 2860 2408 2930 tetigit,
2435 2873 2680 2916 revocata
2707 2863 2826 2920 luce
2854 2861 3065 2918 revixit.

2474 2953 2701 3010 CAPUT
2741 2954 2828 3011 Vl.

1861 3045 2066 3114 Esaias,
2099 3047 2335 3118 locuples
2361 3058 2531 3114 vates,
2559 3050 2642 3105 cui
2671 3049 2847 3106 fontes
2883 3051 3073 3120 aperti,

1861 3137 1991 3194 Tam
2017 3141 2293 3197 manifesta
2320 3143 2470 3207 lidcs,
2501 3145 2724 3199 verbum
2751 3144 2841 3199 Dei
2867 3159 2961 3199 ore
2983 3141 3238 3214 proludit,

1860 3229 2136 3304 Largaque
2164 3250 2257 3304 per
2277 3234 2548 3288 Christum
2580 3234 2753 3290 Patris
2787 3246 2869 3290 est
2897 3237 3159 3305 promissa
3187 3238 3452 3302 voluntas,

1782 3331 1825 3395 C
1859 3327 2170 3384 Przetcstata
2199 3330 2336 3383 viam
2359 3329 2483 3382 vitae
2504 3337 2664 3398 atque
2687 3329 2906 3399 probata
2935 3345 3029 3400 per
3051 3330 3223 3400 ipsum
3254 3341 3340 3386 est
3367 3349 3379 3386 :

1860 3423 2028 3489 Quem
2053 3423 2280 3493 populus
2304 3433 2508 3478 sectum
2535 3423 2672 3493 ligno
2699 3425 2814 3478 sine
2839 3423 2956 3479 labe
2981 3433 3253 3496 repertum
3275 3465 3290 3490 ,

1859 3515 2188 3572 Immeritum
2215 3516 2438 3572 demens
2477 3517 2679 3573 crudeli
2714 3527 2885 3572 morte
2913 3519 3160 3588 peremit.

1860 3611 2088 3667 Sanctus
2128 3609 2425 3666 Hieremias
2461 3625 2620 3680 quem
2661 3610 2907 3679 gentibus
2947 3625 3066 3666 esse
3105 3611 3419 3682 prophetam

1859 3705 2069 3762 aEterni
2110 3705 2277 3759 virtus
2299 3702 2478 3774 jussit,
2507 3702 2745 3773 dixitque
2768 3704 2999 3757 futurum
3025 3718 3039 3769 ;

1857 3797 1958 3865 Qui
1988 3798 2241 3868 quoniam
2273 3797 2444 3868 plebis
2477 3795 2614 3853 facta
2646 3797 2966 3854 inlaudanda
2998 3797 3248 3863 revolvit,

1858 3890 1926 3946 Et
1963 3889 2076 3947 fore
2105 3892 2388 3962 captivam,
2425 3891 2522 3946 nisi
2554 3892 2886 3962 ptenituisset
2913 3893 3142 3964 iniquos,

1858 3981 1915 4038 lu
1948 3983 2172 4039 famulos
2200 3984 2312 4039 lieri
2346 3999 2580 4054 prmsaga
2611 3998 2741 4038 voce
2771 3983 3001 4050 locutus,

1861 4073 2079 4130 Vincula
2110 4074 2240 4128 dura
2275 4075 2410 4138 tulit,
2444 4075 2710 4146 squalenti
2739 4072 2818 4146 (3)
2848 4089 3064 4131 carcere
3089 4073 3323 4143 clausus,

1858 4167 2023 4240 Inque
2053 4169 2164 4223 luto
2192 4169 2334 4240 putei
2367 4169 2530 4224 fames
2555 4167 2730 4224 hausit
2759 4167 2933 4223 tabida
2963 4168 3202 4224 membra
3228 4185 3242 4225 :

1858 4261 1964 4319 Sed
1997 4273 2270 4334 postquam
2299 4278 2418 4334 qua:
2451 4262 2728 4318 noluerant
2778 4261 2855 4331 (li)
2913 4259 3098 4317 audire
3119 4260 3381 4331 probavit,

1784 4341 1836 4403 D
1862 4355 2037 4426 Atque
2067 4355 2250 4412 hostes
2268 4355 2503 4410 vinctum
2531 4353 2782 4425 populum
2809 4352 3011 4409 duxere
3041 4352 3346 4426 triumphis,

1398 4490 1777 4553 LECTIONES
1806 4492 2216 4553 VARIANTES.

222 4600 302 4688 lLl
325 4599 531 4688 9m?
547 4602 716 4688 99f?!-

1922 4611 1995 4688 et
2011 4612 2224 4688 ςειιττοτε
2245 4610 2397 4688 alii...

226 4601 241 4661 t
255 4601 267 4649 |
325 4601 531 4664 Quoque
553 4602 716 4656 obert.
1944 4615 1972 4663 δ
2011 4612 2224 4665 Currere
2245 4610 2349 4663 alii.
2368 4675 2397 4683 η

226 4601 302 4728 (2;
327 4665 514 4717 Ablalis
544 4675 704 4719 ι’θηει-
1922 4611 1998 4741 l4;
2023 4677 2294 4729 V'oluerant
2309 4675 2414 4728 alii.

1503 4803 2064 4868 COMMENTARIUS.

159 4938 389 4993 victoria:
424 4939 478 4993 in
507 4940 665 5011 ligno,
698 4941 875 5012 verbis
904 4940 1026 4998 licet
1052 4940 1474 5006 obscurioribus,
1509 4949 1562 4998 et
1588 4956 1762 5012 quan-

162 5018 280 5082 tum
298 5021 535 5082 apparet
564 5011 858 5068 mendosis.

238 5079 315 5153 (a)
348 5079 566 5156 'Peccati
594 5093 762 5156 votum
787 5085 1002 5138 violenta
1041 5093 1204 5139 mente
1232 5085 1476 5156 coperuit,
1518 5092 1622 5141 etc.
1657 5085 1761 5142 Eo-

160 5152 290 5208 dem
317 5154 546 5222 pertinet
570 5155 711 5225 quod
743 5156 980 5226 sequitur
1007 5173 1019 5209 :

261 5267 361 5318 Pro
381 5269 574 5319 scelere
600 5271 807 5322 obtinuit
828 5271 1048 5333 formam,
1072 5284 1159 5335 pro
1184 5273 1386 5322 crimine
1409 5273 1606 5322 laudem

163 5374 233 5448 de
252 5374 458 5445 dep/ite,
488 5377 576 5445 qui
605 5393 667 5430 ea:
691 5388 803 5430 uoto
826 5380 962 5448 quod
1000 5395 1172 5433 amens
1209 5379 1316 5434 Deo
1344 5381 1660 5446 promiserat,
1696 5379 1758 5434 li-

159 5445 291 5501 liam
319 5462 470 5500 suam
515 5448 806 5503 immolavit
838 5445 902 5503 in
934 5451 1323 5506 holocaustum.
1346 5445 1632 5517 Quomodo
1668 5468 1757 5506 au-

163 5527 276 5592 tern
304 5519 509 5592 printer}
536 5518 630 5592 illi
663 5521 969 5586 imputetur,
999 5536 1119 5576 cum
1169 5532 1343 5575 tamen
1385 5523 1453 5576 ab
1494 5524 1754 5592 Apostolo

211 5587 394 5654 Πρω..
426 5587 503 5660 ll)
535 5590 584 5662 in
609 5591 872 5660 juslorum
905 5603 1246 5649 recensentur
1266 5587 1753 5662 eatalogoflruetat

186 5671 276 5735 ate
303 5661 717 5735 auctorQutest.
749 5674 802 5718 et
833 5665 1095 5734 RcSpons.
1127 5665 1266 5718 inter
1286 5661 1531 5735 opera’R.
1558 5664 1751 5720 .Iustiui

165 5730 431 5802 Martyris.
463 5732 644 5788 dicens
670 5730 977 5803 permisisse
1019 5737 1181 5789 Deum
1224 5730 1348 5790 illud
1378 5736 1613 5791 criminis
1637 5779 1650 5800 ,
1695 5747 1752 5792 ut

165 5804 366 5877 posteri
427 5803 803 5877 documentum
850 5806 1189 5876 accipereut,
1243 5823 1308 5861 ne
1349 5823 1579 5877 unquam
1630 5817 1748 5863 vota

165 5888 264 5929 sua
299 5873 408 5950 Deo
457 5875 727 5931 indefinite
753 5873 1139 5950 nunwparent,
1190 5889 1240 5933 et
1278 5879 1329 5932 in
1357 5873 1619 5946 justornm
1651 5896 1749 5933 uo-

167 5945 549 6001 menclaturam
579 5963 771 6003 nomen
803 5951 916 6018 ejus
936 5945 1067 6005 'csse
1108 5945 1384 6006 inscrtum.
1413 5950 1549 6020 quod
1585 5951 1748 6020 pieta-

1867 4946 1935 5003 tis
1965 4961 2075 5003 sum
2105 4960 2228 5018 erga
2264 4948 2429 5004 Deum
2478 4947 2910 5005 observationem
2942 4943 3067 5018 tiliae
3099 4957 3210 5018 suae
3242 4955 3455 5018 Amacta-

1869 5020 2012 5075 tione
2041 5015 2410 5075 declaravcrit.
2429 5019 2598 5088 Quale
2614 5017 2738 5085 quid
2767 5018 2926 5071 etiam
2957 5017 3117 5070 habet
3140 5015 3202 5088 Bg.
3221 5015 3452 5088 August,

1870 5090 2138 5170 Quwlein
2161 5091 2247 5145 lib.
2266 5091 2420 5170 JtLd_.,
2439 5085 2771 5170 tiam-XLIX,
2795 5099 2849 5144 et
2870 5103 2936 5170 est
2964 5087 3228 5170 parte‘lih.
3256 5085 3275 5140 1
3299 5085 3446 5170 ᾴςϐἰα

1867 5156 2017 5216 vitate
2042 5162 2295 5232 Dei,cap.
2325 5156 2414 5217 2|.
2439 5156 2676 5240 Pertinet
2698 5175 2826 5240 vero
2867 5159 3050 5240 etiam.
3074 5156 3139 5240 ad
3183 5157 3452 5240 licentiam

1865 5235 2126 5302 poeticam
2150 5228 2275 5288 illud
2308 5252 2319 5288 :
2350 5235 2593 5311 copem“,
2621 5234 2669 5286 in
2704 5229 3082 5311 linerearminis
3111 5228 3330 5311 heroici.
3357 5228 3451 5311 At-

1867 5299 1953 5372 qui
1987 5306 2142 5372 paulo
2173 5314 2291 5374 post
2333 5299 2678 5382 de_'Samsone
2714 5299 3089 5382 castigavimus
3126 5300 3340 5379 :_ltostes
3373 5301 3453 5382 oui.

1865 5388 1976 5430 ctus
2006 5393 2097 5430 sua
2125 5386 2282 5430 morte
2320 5376 2571 5452 redeiiiit,_
2593 5389 2724 5443 pro:
2755 5374 2912 5426 hostis
2943 5374 3097 5452 victos
3114 5387 3135 5452 _;
3162 5374 3280 5452 ipse
3302 5374 3445 5424 enim

1860 5447 1969 5516 jam
2022 5449 2325 5522 victus,_in
2377 5441 2603 5522 vinculis
2649 5453 2830 5511 utpote
2873 5442 3213 5504 constitutus,
3266 5441 3448 5522 hostes

1864 5532 1990 5572 suos
2019 5517 2897 5594 concussionecolumnarumhuna
2929 5527 3112 5594 secum
3146 5517 3421 5594 pet-euripo

1925 5588 2074 5645 CAP.
2109 5590 2173 5645 V.
2220 5621 2292 5630 —
2327 5588 2416 5661 (h)_
2453 5588 2704 5661 M_iriﬁcu_s
2753 5583 3009 5661 Septimi“,
3054 5581 3450 5661 etcLIntelligit

1855 5664 2156 5716 unctionem
2189 5651 2562 5740 reguntsa‘ulis
2581 5651 2898 5740 'e_t”[_)avidis,
2925 5654 2938 5707 1
2968 5654 3121 5740 Reg,
3141 5651 3265 5740 liget
3288 5652 3440 5740 XXI;

1854 5732 2046 5787 deinde
2071 5733 2256 5787 alluelit
2286 5732 2350 5786 ad
2381 5733 2394 5784 l
2429 5732 2583 5800 Reg,
2604 5727 3118 5793 Xl|,deinnocentia
3141 5727 3405 5780 Samuelis
3426 5767 3438 5790 ,

1852 5815 1905 5859 et
1937 5804 2100 5870 XXV,
2131 5805 2197 5859 de
2227 5815 2394 5858 morte
2421 5801 2678 5872 ejusdem.

1927 5875 1999 5946 (ο)
2033 5863 2468 5948 Mellitum-opimi
2499 5871 2683 5948 David,
2728 5884 2939 5948 mugitus
2971 5867 3098 5948 "ccc,
3128 5877 3276 5948 atque
3303 5863 3442 5918 Pro-

1855 5936 2032 6018 prtem,
2066 5957 2168 6003 etc.
2198 5936 2385 6003 Paucis
2415 5936 2828 6014 comprehendit
2845 5952 3033 5994 omnes
3061 5937 3273 5997 Davidis
3308 5951 3443 6007 qua-
