4202 6496
728 420 870 478 1075

729 532 960 591 Horrida
988 533 1073 588 vix
1103 530 1314 587 tandem
1342 531 1511 587 caruit
1538 545 1631 586 sua
1660 530 1845 587 dextra
1872 531 2108 597 catenis;

731 628 887 684 Nulla
918 638 1088 682 morte
1111 627 1280 682 virmn
1309 634 1537 691 constat,
1566 640 1738 697 neque
1757 626 1904 681 caede
1932 636 2285 696 peremptum.

732 720 978 779 Ezechiel
1010 720 1145 775 tidus
1177 718 1273 792 (1),
1306 719 1454 775 dives
1482 720 1565 773 cui
1593 720 1759 789 gratia
1787 718 1936 776 verbi

732 818 996 874 Concessa
1022 826 1101 871 cst
1128 832 1141 879 ;
1169 824 1504 885 peccatorum
1532 824 1738 868 secreta
1766 814 1967 880 videre,

734 910 977 969 Mdictus
1008 911 1188 980 ingere
1222 923 1369 975 suos,
1399 908 1715 979 veniamque
1743 909 1970 978 piccari,

734 1004 824 1062 Cet
842 1020 969 1060 nere
996 1003 1278 1058 vindictam
1310 1011 1615 1057 sanctorum
1643 1002 1788 1058 caide
1816 1004 2041 1060 loturam
2062 1047 2076 1068 ,

735 1098 1159 1168 Sanctorumrpic
1186 1096 1359 1151 locum
1385 1095 1553 1166 regni,
1582 1097 1864 1165 carnisque
1891 1098 2115 1153 salutem

736 1192 933 1262 Spiritu
965 1190 1249 1260 implicitus
1273 1231 1287 1254 ,
1316 1203 1530 1259 gressus
1558 1189 1837 1259 aditusque
1860 1190 2061 1247 videre.

737 1285 894 1351 Osca,
928 1286 1110 1348 Amos,
1136 1292 1188 1338 ct
1212 1282 1463 1346 Michcas,
1486 1281 1603 1338 Joel
1635 1284 1738 1355 l2),
1769 1285 1935 1339 Abdia
1957 1327 1971 1348 ,
2003 1286 2166 1344 Jonas
2199 1288 2301 1359 (α),

736 1380 912 1447 Atque
950 1376 1117 1431 Naum
1151 1376 1416 1433 liahacuc.
1447 1374 1770 1444 Suphonias.
1800 1379 2151 1449 .tggtnusquc,

740 1468 1023 1524 Zacharias
1050 1468 1153 1523 vim
1179 1483 1388 1538 passus,
1413 1476 1464 1521 et
1493 1468 1713 1539 angelus
1737 1469 1850 1538 ipse
1878 1469 2153 1526 Malaciiim
2176 1491 2191 1541 ;

735 1561 803 1619 lli
834 1572 982 1617 vates
1006 1561 1235 1625 homini,
1266 1575 1490 1631 quorum
1518 1560 1711 1615 chorus
1740 1576 1907 1633 usque
1935 1574 2218 1621 canentum
2238 1610 2253 1633 ,

738 1661 817 1716 Ac
846 1658 1048 1729 pariter
1073 1638 1246 1710 laudis
1279 1656 1540 1724 propriam
1569 1672 1813 1711 meruere
1844 1662 2116 1715 coronam.

738 1753 908 1822 Quam
942 1766 1162 1822 magnus
1194 1749 1379 1805 Daniel
1403 1750 1416 1804 !
1436 1749 1605 1820 qualis
1625 1752 1706 1805 vir
1730 1750 1743 1804 l
1768 1764 1961 1821 quanta
1987 1762 2219 1821 potestas
2246 1757 2261 1811 !

739 1846 839 1915 Qui
868 1845 1026 1900 falsos
1057 1853 1217 1899 testes
1257 1844 1491 1913 ipsnrum
1523 1843 1756 1913 prodidit
1808 1860 1901 1901 ore
1952 1846 2050 1917 (b),

737 1939 1090 2007 Servavitque
1116 1936 1347 1990 animam
1378 1935 1680 1990 damnatam
1712 1936 1937 1992 crimine
1965 1939 2120 2006 licto,

740 2032 959 2086 Somnia
988 2040 1192 2085 secreta
1219 2039 1271 2083 ct
1296 2027 1437 2096 regis
1469 2028 1613 2095 prior
1640 2043 1734 2083 ore
1762 2030 2017 2097 resolvit;

740 2120 997 2177 l’ra-vidit
1021 2119 1290 2174 Christum
1316 2131 1599 2188 regnorum
1622 2122 1829 2175 solvetc
1852 2125 2089 2178 membra
2113 2140 2127 2188 ;

742 2214 849 2269 l’ro
881 2213 1106 2268 Domino
1131 2227 1254 2268 rcus
1283 2219 1365 2267 est
1384 2250 1401 2277 ,
1432 2210 1603 2266 factus
1629 2226 1840 2282 quoque
1882 2214 2056 2282 prrcda
2087 2216 2298 2273 leonum
2323 2234 2338 2286 ;

746 2306 1083 2375 Scrt'alisqtte
1113 2306 1285 2375 palam
1319 2305 1549 2371 cunctis,
1580 2304 1632 2358 in
1666 2319 1795 2374 pace
1840 2307 2056 2375 quievit.

742 2399 916 2466 Hujus
945 2407 1051 2451 tre.
1073 2398 1202 2451 socii
1228 2397 1314 2450 vix
1341 2396 1498 2466 digna
1527 2396 1684 2451 laude
1709 2398 1931 2453 canendi
1962 2399 2057 2474 (c),

747 2492 828 2549 Ex
857 2507 1081 2547 numero
1110 2498 1256 2544 tanto
1276 2489 1549 2544 decretum
1579 2490 1719 2558 regis
1745 2490 1982 2562 iniquum

748 2584 1137 2653 Contempscre
1164 2583 1255 2652 pii,
1288 2598 1513 2652 quorum
1545 2581 1664 2636 data
1692 2596 1916 2655 corpora
1946 2584 2199 2655 ﬂammis,

745 2676 982 2734 Tradere
1007 2692 1065 2731 se
1088 2676 1260 2746 pontis
1289 2676 1461 2744 potius
1488 2690 1583 2744 pro
1603 2676 1819 2731 nomine
1844 2693 2055 2749 magno,

750 2767 917 2834 Quam
948 2768 1171 2836 genibus
1196 2766 1304 2821 nisi
1335 2766 1624 2821 simulacro
1653 2768 1886 2836 pandere
1920 2771 2165 2839 palmas:

751 2858 871 2916 Jam
903 2858 1157 2929 praeclara
1189 2857 1343 2924 lides,
1367 2857 1477 2928 jam
1503 2872 1629 2929 spes
1672 2874 1832 2929 super
1858 2861 2036 2916 omnia
2065 2860 2275 2931 fulgens

748 2950 998 3007 Extinxit
1025 2949 1236 3003 rabidos
1262 2950 1431 3020 ignes,
1456 2960 1510 3005 et
1541 2951 1663 3005 vicit
1686 2952 1913 3022 iniquus.

754 3043 954 3099 Esdras
985 3053 1151 3108 vates,
1179 3042 1310 3113 legis
1338 3042 1528 3098 ductor
1555 3053 1609 3098 ct
1639 3044 1752 3115 ipse
1784 3046 2060 3117 sacerdos,

752 3137 853 3205 Qui
885 3136 1139 3207 pupulum
1170 3144 1382 3205 captum
1412 3145 1534 3207 post
1560 3147 1796 3207 tempora
1826 3139 1979 3208 plena
2010 3140 2237 3209 reduxit,

754 3231 969 3303 Ignibus
999 3244 1051 3285 et
1072 3231 1237 3285 multa
1258 3242 1573 3303 consumpta
1606 3232 1872 3289 volumina
1904 3244 2081 3291 vatum
2125 3239 2206 3308 (d)

750 3324 980 3396 Spiritus
1010 3326 1326 3395 completus,
1369 3328 1591 3381 memori
1617 3330 1795 3383 omnia
1832 3332 2061 3387 reddidit
2088 3348 2204 3390 ore.

1359 3419 1589 3477 CAPUT
1632 3421 1738 3477 ΥΠ.

827 3508 1058 3565 Grandis
1089 3508 1322 3565 Joannes
1352 3525 1513 3579 super
1532 3528 1719 3567 omnes
1745 3516 1951 3571 semine
1977 3528 2164 3586 natos;

757 3602 921 3672 Cujus
952 3603 1170 3669 diliit‘ile
1201 3603 1494 3672 poterimus
1515 3603 1695 3659 dicere
1722 3605 1905 3662 laudes
1931 3626 1945 3661 :

751 3696 979 3751 Abiutcr
1001 3698 1196 3759 carnis,
1233 3697 1437 3751 Domini
1469 3712 1766 3768 prmcursor
1798 3709 2036 3771 apertus,

754 3786 983 3842 Ablutor
1026 3784 1256 3853 Christi,
1300 3787 1442 3857 prior
1471 3789 1582 3859 ipse
1613 3800 1829 3845 renatus
1856 3793 1923 3847 ab
1951 3794 2063 3862 illo,

757 3878 1000 3938 li‘mdrris
1027 3880 1111 3934 ille
1141 3878 1261 3933 novi
1286 3880 1486 3950 primus
1511 3883 1811 3954 veterisque
1836 3899 2137 3956 supremus,

756 3971 969 4042 Proque
998 3971 1073 4025 tia
1105 3986 1224 4026 vera
1250 3973 1394 4042 piior
1421 3974 1590 4028 hostia
1616 3990 1788 4031 czesns
1807 3977 1992 4035 obivit.

756 4063 897 4118 Ecce
929 4064 1064 4118 Deus
1091 4063 1337 4121 Christus
1364 4081 1379 4131 ;
1423 4066 1619 4136 pariter
1651 4067 1859 4125 hisscua
1882 4069 2136 4140 juventus
2157 4115 2174 4141 ,

758 4152 1017 4211 Omnibus
1047 4171 1148 4209 ttna
1173 4154 1335 4223 iides,
1363 4171 1515 4212 antur
1540 4174 1674 4214 unus
1703 4169 1757 4215 et
1786 4177 1885 4217 una
1918 4174 2174 4235 potestas,

2139 413 2601 476 τιδιγῐιῖιιιλκι

2352 539 2403 601 Α
2429 530 2556 587 Flos
2583 529 2880 596 hominum,
2912 526 3110 583 nmndo
3128 528 3366 584 lucentes
3391 527 3591 586 lumine
3617 529 3842 602 Christi,

2366 1950 2416 2010 B

3892 418 3919 471 1
3930 417 4042 475 076

2431 621 2498 678 Et
2526 622 2745 677 comites
2785 630 2841 677 ct
2876 620 3176 691 apostolici,
3208 620 3301 691 qui
3330 635 3453 676 vera
3483 621 3666 689 locuti,

2430 716 2661 771 Auribus
2687 714 2956 779 audivere,
2977 713 3147 769 oculis
3169 712 3351 768 videre
3378 714 3625 782 salutem,

2432 812 2752 867 'l‘ractavcre
2784 826 2943 865 manu
2974 822 3167 879 corpus
3196 808 3265 863 de
3305 819 3475 865 morte
3504 819 3778 881 receptum
3799 851 3819 876 ,

2431 906 2727 963 Convixrre
2753 905 2872 960 cibo
2898 902 3130 969 assidue,
3170 910 3428 960 testantur
3456 911 3516 957 ut
3544 902 3667 973 ipsi.

2432 999 2585 1054 liunc
2614 999 2840 1063 Paulus,
2872 999 3153 1069 przeicctns
3182 998 3453 1068 apostolus
3475 996 3531 1051 in
3554 1000 3671 1053 vice
3705 998 3909 1053 missus
3941 995 4042 1065 (ε),

2432 1092 2489 1147 iu
2521 1093 2687 1147 CLBIOS
2718 1103 2897 1161 raptus
2928 1091 3059 1146 vidit
3082 1106 3326 1162 quoque;
3364 1091 3560 1146 missus
3588 1092 3654 1145 ab
3681 1090 3776 1147 illo
3800 1132 3819 1157 ,

2434 1185 2675 1241 Barnaha
2704 1200 2826 1241 cum
2853 1186 3071 1253 comite,
3104 1186 3368 1256 siiciisque
3395 1185 3684 1256 prioribus,
3709 1201 3821 1240 uno

2437 1281 2663 1337 Fmdcrc
2685 1282 3007 1353 conjunctis,
3033 1296 3127 1351 per
3149 1289 3335 1352 gentes
3362 1280 3525 1336 tradit
3553 1280 3748 1350 ubique

2436 1374 2569 1432 ESsc
2595 1386 2751 1445 caput
2777 1376 3070 1442 Christum,
3101 1384 3223 1430 sunt
3249 1376 3399 1445 cujus
3424 1374 3667 1430 Ecclesia
3697 1374 3975 1442 membra,

2436 1468 2689 1537 Corporis
2720 1470 2834 1539 ipse
2863 1469 3029 1532 salus,
3060 1469 3422 1525 membrorum
3462 1471 3570 1523 vita
3601 1467 3900 1537 perennis;

2438 1561 2556 1631 Ipse
2581 1577 2705 1617 caro
2738 1564 2934 1628 lactus,
2973 1548 3073 1633 pro.
3094 1562 3303 1618 cunctis
3331 1563 3446 1632 ipse
3477 1570 3784 1632 peremptus
3808 1603 3826 1628 ,

2438 1652 2557 1725 ipse
2586 1656 2874 1710 resurrexit
2900 1656 3122 1725 primus,
3165 1670 3289 1725 spcs
3318 1670 3424 1711 una
3453 1655 3678 1721 salutis;

2440 1751 2829 1821 Discipulisque
2854 1752 2963 1806 suis
2988 1751 3211 1807 formam
3242 1750 3421 1806 dedit:
3455 1750 3508 1805 bi
3532 1750 3690 1805 simul
3710 1764 3909 1806 omnes

2442 1842 2689 1915 Indignas
2718 1846 2864 1901 varie
2888 1859 3074 1917 pinnas
3102 1860 3198 1917 pro
3225 1845 3445 1902 nomine
3479 1846 3643 1917 passi.

3042 1959 3270 2017 CAPUT
3311 1958 3375 2016 Vl
3383 1960 3447 2016 11.

2518 2052 2662 2107 Talia
2689 2052 2925 2109 membra
2953 2054 3088 2125 gerit
3117 2053 3361 2122 specioso
3399 2067 3625 2123 corpore
3657 2061 3803 2107 male

2446 2143 2660 2213 Libera,
2690 2145 2828 2216 quod
2858 2161 3125 2217 nunquam
3151 2145 3361 2199 Domini
3390 2154 3655 2217 praecepta
3685 2144 3930 2215 reliquit,

2444 2235 2612 2307 laquc
2634 2236 2794 2291 domo
2822 2237 3019 2302 senuit,
3056 2238 3284 2292 Domino
3314 2236 3601 2293 lectissima
3630 2252 3872 2308 semper,

2445 2328 2702 2385 Invidiam
2726 2372 2739 2394 ,
2764 2344 2954 2401 paenae
2979 2329 3095 2400 ejus
3132 2344 3233 2401 pro
3258 2330 3474 2385 nomine
3497 2344 3648 2400 passa
3677 2348 3693 2385 :

2446 2420 2581 2476 Nam
2613 2422 2809 2477 sterilis
2837 2423 3123 2493 quoniam,
3158 2420 3395 2476 nondum
3426 2437 3613 2477 secura
3642 2421 3837 2489 futuri,

2453 2512 2695 2568 Edidcrit
2728 2514 2981 2584 populmn
3010 2513 3215 2570 caelesti
3242 2555 3257 2579 ,
3287 2515 3492 2569 semine
3525 2524 3724 2569 natum.

2447 2606 2624 2675 Atque
2650 2619 2760 2659 sum
2783 2604 3017 2672 fainulse,
3042 2605 3273 2675 portavit
3292 2614 3471 2675 spreta
3497 2606 3759 2673 dolorem,

2449 2695 2599 2750 lianc
2614 2694 2850 2750 sterilem
2865 2696 3154 2765 quondam,
3182 2711 3323 2751 nunc
3346 2708 3553 2767 tempus
3568 2712 3793 2755 cernere
3826 2711 4068 2757 matrem

2451 2786 2735 2843 ilzeredem
2768 2796 2947 2842 natum
2974 2803 3085 2843 sua:
3118 2787 3380 2844 libertatis
3410 2788 3625 2858 habere,

2448 2883 2565 2939 Non
2592 2883 2817 2939 similem
2842 2883 3073 2949 ianmlce,
3102 2898 3409 2955 quanquam
3440 2882 3509 2939 de
3532 2887 3739 2939 semine
3766 2885 3898 2942 caeli

2450 2975 2778 3046 Conceptum
2808 2977 3023 3047 genuit,
3054 2975 3157 3031 sibi
3191 2975 3494 3032 conditione
3515 2978 3759 3047 jugatum
3785 2992 3801 3030 :

2450 3067 2606 3126 Absit
2632 3077 2689 3121 ut
2718 3069 2912 3122 illicitis
2938 3067 3116 3124 verbis
3139 3110 3153 3132 ,
3190 3069 3472 3124 temeraria
3498 3084 3629 3126 voce

2452 3158 2711 3231 Egregios
2740 3158 3007 3225 homines,
3034 3159 3273 3215 ardentia
3305 3160 3478 3216 sidera
3516 3160 3661 3226 cmli,

2452 3250 2670 3307 Semine
2692 3254 3009 3321 conjunctos
3034 3261 3273 3319 tantum,
3301 3252 3385 3307 vel
3414 3252 3669 3323 sanguine
3698 3251 3843 3321 plebi
3869 3295 3888 3320 ,

2375 3348 2422 3414 C
2456 3344 2512 3401 in
2540 3345 2768 3401 solidum
2800 3348 2996 3416 passim
3022 3346 3275 3401 fanmlum
3296 3345 3486 3401 dicatis
3509 3358 3769 3414 atrocem,

2452 3440 2559 3491 Aut
2587 3438 2838 3508 populum
2870 3438 3075 3493 Domini
3109 3439 3240 3508 legis
3282 3438 3529 3493 mandata
3560 3450 3844 3504 secutum,

2454 3529 2648 3585 Servili
2679 3532 2858 3600 specie
2884 3531 3163 3600 quisquam
3202 3539 3349 3599 putet
3378 3545 3497 3585 esse
3525 3530 3884 3601 loquendum.

2454 3622 2558 3677 Sed
2592 3633 2927 3692 peccatorum
2960 3638 3178 3678 vacuam
3202 3624 3319 3679 sinc
3346 3632 3523 3679 mente
3551 3634 3851 3689 catervam,

2455 3716 2556 3784 Qui
2592 3717 2849 3787 promissa
2884 3718 2998 3781 Dei,
3030 3718 3191 3773 dubia
3223 3732 3320 3788 Spe
3342 3759 3357 3784 ,
3388 3718 3550 3774 corde
3578 3722 3845 3787 locarunt,

2456 3809 2743 3864 l’rzescntis
2768 3810 2892 3865 vitae
2918 3810 3111 3866 misera
3139 3811 3421 3868 dulcedine
3459 3812 3627 3868 victos
3646 3855 3660 3879 ,

2457 3902 2642 3958 Debita
2667 3905 2886 3960 servitio
2913 3904 3104 3975 capitis
3133 3920 3227 3961 sua
3254 3905 3408 3977 culpa
3431 3906 3695 3976 subisset,

2454 3998 2510 4052 Si
2538 3999 2705 4068 legem
2736 3996 2878 4066 plebi
2909 3998 3109 4067 peccati
3146 4012 3335 4053 caussa
3367 3998 3591 4067 jugabit.

2457 4092 2589 4147 Nam
2617 4092 2819 4149 servire
2844 4093 2973 4159 Deo,
3001 4100 3221 4163 tutoque
3251 4092 3556 4149 incumbere
3583 4091 3752 4148 corde

2460 4183 2778 4241 lutcmcrata
2812 4188 2957 4255 lides,
2994 4187 3212 4244 libertas
3238 4197 3428 4260 sponte
3455 4197 3692 4261 paratur.

1997 4284 2376 4353 LECTIONES
2414 4295 2828 4358 VARIANTES.

820 4388 893 4455 (ι)
910 4388 1058 4441 Sidus
1071 4387 1177 4441 alii.

2522 4415 2593 4482 (2)
2618 4415 2777 4469 Simul
2801 4415 2963 4471 Obm.

2136 4488 2690 4559 COHIENTARIUS.

763 4596 963 4664 litotes,
990 4593 1060 4651 dc
1083 4608 1192 4667 quo
1220 4604 1535 4669 sequentem
1559 4612 1774 4657 versum
1804 4604 2220 4676 castigavimus:

884 4714 1147 4765 Fassuram
1171 4714 1413 4767 Christum
1426 4715 1665 4768 submissa
1688 4732 1807 4770 voce
1826 4722 2052 4785 canebat,

771 4837 871 4895 pro
898 4825 1046 4895 cujus
1075 4838 1126 4877 se
1146 4837 1264 4877 race
1292 4822 1501 4877 canebat
1523 4839 1543 4878 :
1562 4824 1720 4881 sicuti
1748 4838 1801 4882 et
1827 4827 1894 4885 de
1922 4829 2141 4888 Ezccliia
2166 4832 2320 4904 illud,

891 4936 1258 5001 Ablatislegem
1277 4937 1366 5001 qui
1387 4942 1703 5004 restauravit,
1727 4944 1926 5007 iniquis,

768 5058 869 5115 pro
896 5043 1063 5123 oblitis
1067 5056 1097 5123 ξ
1123 5055 1219 5122 per
1244 5042 1436 5123 iniqua
1450 5046 1589 5123 enim
1620 5046 1865 5121 intelligit
1890 5068 2009 5123 quae
2038 5059 2251 5114 excelsa
2266 5077 2361 5117 vo-

769 5113 961 5242 sanatur
989 5117 1041 5169 in
1066 5113 1376 5184 Scripturis.
1403 5114 1565 5172 Paulo
1586 5132 1706 5190 pOSt
1730 5113 2017 5180 obscurum
2041 5140 2124 5184 est
2143 5113 2361 5190 illud-dc

802 5202 915 5242 051a
944 5202 962 5242 ι

802 5202 915 5242 OSIII
944 5202 962 5242 ζ

893 5274 1216 5340 Incenditque
1240 5290 1348 5327 aras
1366 5279 1604 5330 adolenda
1625 5283 1861 5337 cadavera
1884 5286 2049 5353 lignis,

769 5380 875 5439 nisi
905 5380 1337 5452 subintelligatur
1368 5399 1385 5439 :
1416 5384 1485 5436 ad
1504 5384 1779 5443 adolenda.

843 5495 1000 5552 CAP.
1024 5493 1107 5551 Vl.
1318 5496 1667 5560 (mandatos
1686 5514 1733 5557 ct
1761 5504 2158 5573 MicIieasJocl,
2178 5510 2360 5577 Abrlia,

847 5586 966 5623 itas.
996 5576 1100 5622 etc.
1124 5569 1254 5623 Sunt
1283 5578 1381 5623 iit‘l‘
1405 5581 1458 5623 ct
1487 5572 1571 5623 hic
1604 5580 1907 5623 l!(!t"t‘_<$2l'in
1939 5582 2311 5623 iniustiittinntu
2348 5602 2360 5615 -

772 5568 966 5638 Jonas,
996 5576 1100 5622 etc.
1124 5568 1381 5623 Similiter
1405 5581 1458 5625 et
1487 5572 1571 5627 hic
1604 5580 1907 5632 necessario
1938 5568 2311 5637 sn'bmituimus
2347 5568 2361 5638 Ξ

773 5637 913 5704 Jocl,
955 5654 1051 5708 pro
1072 5640 1244 5704 simul,
1275 5650 1459 5710 utpote
1488 5657 1630 5721 cum_
1656 5648 1791 5701 inter
1834 5648 1897 5703 l2
1925 5650 2219 5721 Prophetas
2259 5637 2362 5709 uti?

776 5725 958 5771 nores,
980 5724 1114 5778 quos
1142 5725 1549 5777 commemorat,
1581 5716 1667 5771 die
1697 5735 1834 5773 unus
1860 5722 1949 5775 sit,

821 5779 928 5860 .(h)
959 5780 1059 5860 Qui
1084 5781 1241 5850 falsos
1270 5792 1413 5860 trstes
1443 5786 1665 5860 ipsorum
1689 5792 1907 5858 prodidit
1928 5810 2035 5856 ore,
2052 5803 2157 5849 etc.
2191 5796 2364 5852 Etiam

778 5850 903 5905 hinc
921 5855 1265 5940 conﬁrmatur
1285 5850 1495 5933 historia
1518 5850 2035 5940 tiusazmaeﬁanieiis
2057 5850 2363 5940 Xlllajuatn

779 5939 901 5977 cum
930 5922 1137 5996 Graecis
1168 5926 1303 5979 inter
1330 5926 1499 5996 pritna
1531 5922 1937 5990 lianiclsiacta
1964 5922 2364 5995 recense-(Au;

814 6003 918 6059 tor,
951 5991 1018 6046 de
1058 5995 1211 6063 cujus
1237 5991 1554 6054 auctoritate
1605 6001 1760 6057 latius
1804 6022 1961 6078 supra
1996 5991 2360 6075 tomiiiJl—ib.

2459 4616 2527 4675 de
2562 4617 2777 4692 Corona
2823 4621 2977 4677 milit.
3023 4635 3143 4692 cap.
3188 4622 3226 4677 4
3248 4664 3264 4692 ,
3292 4638 3387 4679 nu.
3414 4624 3503 4681 43.
3534 4624 3631 4682 Est
3656 4634 3843 4684 autem
3875 4626 4070 4686 obsat-

2379 4669 2435 4730 D
2462 4669 2662 4763 ἱιῖςῖέί
2680 4669 3264 4752 ῑόἶωξέἰέἲιιὲἧὲίὸειῖἐ
3280 4669 3387 4751 ίῦὲ
3414 4669 3645 4752 ῧέἑεῖῖξέ

2581 4808 2905 4873 Semtisquc
2929 4809 3084 4873 palam
3099 4810 3289 4861 cunctis
3304 4811 3355 4860 in
3378 4824 3497 4875 pace
3519 4813 3728 4876 quievit.

2540 4931 2616 5007 (c)
2646 4933 2817 5007 Hujus
2843 4944 2941 5007 tres
2968 4936 3093 4991 socii
3117 4976 3131 4999 ,
3160 4945 3267 4992 etc.
3294 4936 3568 4993 intellexit
3594 4937 3863 4995 Ananiam
3884 4985 3900 5007 ,
3936 4947 4068 5002 Aza-

2465 5004 2606 5061 riam'
2650 5016 2707 5062 et
2728 5004 3006 5062 lilisaelem
3036 5049 3053 5073 ,
3094 5007 3162 5063 de
3206 5008 3399 5077 quibus
3428 5010 3517 5063 ubi
3548 5010 3675 5064 dicit
3705 5028 3721 5064 :
3759 5004 3995 5071 Tradere
4018 5035 4068 5071 ει

2464 5078 2624 5200 geniis
2643 5117 2660 5144 ,
2700 5088 2803 5134 etc.
2832 5118 2847 5143 ,
2897 5078 3401 5149 subintelligcndum
3430 5097 3444 5134 :
3474 5081 3733 5137 malentes
3754 5123 3770 5149 ,
3802 5095 3904 5140 aut
3940 5090 4066 5158 quid

2516 5166 2584 5200 llil
2609 5166 2658 5200 t3.

2465 5162 2658 5203 Slllllltl.

2538 5218 2618 5291 (tl)
2647 5219 2859 5294 Ignibus
2884 5230 2929 5275 et
2954 5221 3115 5275 multa
3133 5232 3432 5292 consumpta
3454 5226 3710 5280 volumina
3729 5236 3933 5294 enim,
3959 5242 4065 5285 rte.

2466 5290 2716 5368 Decimii
2758 5294 3084 5368 instrumento
3117 5290 3355 5368 jttdaica!
3388 5298 3658 5368 literature:
3693 5315 3785 5368 per
3837 5290 4065 5356 Eadm

2464 5363 2770 5437 instaurata,
2801 5364 2922 5437 vide
2950 5378 3108 5437 supra
3137 5375 3274 5437 tum.
3298 5366 3359 5429 ll,
3389 5367 3479 5420 lib.
3506 5367 3575 5422 de
3599 5363 3774 5423 Ilabit.
3807 5372 4063 5437 ttmlicb.,

2465 5448 2583 5511 cap.
2612 5435 2963 5511 5,]1ιιιιμὶῦ5ἶ
2984 5435 3188 5511 Quibus
3211 5435 3346 5511 adde
3367 5438 3507 5505 quod
3540 5440 3590 5492 id
3632 5443 3761 5495 satis
3784 5435 4069 5511 judicctur

2466 5504 2550 5559 his
2580 5506 2780 5579 verbis,
2812 5506 2828 5559 1
2860 5506 3043 5579 Esd_r.,
3064 5505 3155 5562 V'll
3187 5523 3199 5558 :
3232 5504 3423 5563 lisdras
3455 5512 3655 5579 paravit
3688 5504 3979 5569 cnr'suum
4010 5529 4066 5572 ut

2465 5586 2733 5649 quaareret
2760 5578 2928 5647 legem
2957 5577 3191 5643 Domini,
3222 5588 3277 5633 ct
3306 5596 3319 5632 :
3356 5577 3537 5636 Eadm:
3561 5584 3833 5649 sacerdoti,
3870 5589 4064 5643 scriba:

2468 5646 2586 5701 hbri
2614 5646 2923 5703 sermonum
2952 5648 3431 5719 mandatorumque
3464 5654 3690 5706 Domini.

2538 5719 2685 5773 CAP.
2875 5750 2944 5760 —-
2972 5720 3053 5799 _(e)
3093 5719 3271 5799 Illum:
3291 5720 3491 5778 Paulus
3536 5726 3804 5793 pralcctm
3844 5743 4063 5799 apostoo

2470 5788 2575 5873 lus,
2599 5799 2718 5873 clt_:_..
2744 5788 3229 5873 Sic-casngavimus
3257 5788 3658 5873 hu_nc__vrr_snm,
3693 5815 3788 5866 pro
3924 5804 4064 5873 quod

2468 5871 2581 5941 crat
2606 5888 2619 5915 ς
2640 5861 2802 5941 _llinc.
2828 5861 3088 5941 Loquitur
3130 5868 3273 5941 enim
3306 5866 3373 5921 de
3396 5861 3833 5938 Christo,'q'uem
3869 5861 4066 5930 i‘a'ulus

2469 5934 2521 5985 in
2550 5934 2737 6005 cuiius
2758 5945 2939 6005 raptus
2973 5934 3095 5989 vidit
3120 5978 3135 6001 ,
3164 5935 3288 5990 item
3320 5955 3333 5989 :
3364 5954 3547 5992 nassa:
3588 5942 3652 5999 ηο
3676 5934 3787 5994 illo.
3820 5942 4064 6003 Rursum

2470 6012 2645 6059 autem
2672 6004 2739 6057 ibi
2768 6021 2781 6069 ;
2819 6024 2909 6073 pro
2937 6006 3136 6060 nomine
3156 6046 3169 6070 ,
3194 6008 3450 6078 accipitur
3478 6009 3672 6073 Christi
3700 6026 3935 6068 nontcn.
