4202 6496
167 427 307 486 1077
1464 425 1804 485 APPENDlX

1791 426 1804 484 ἱ
1847 427 2071 486 PRIMA.
3313 430 3450 491 1078

171 544 312 617 Ergo
339 551 514 613 patres
539 541 688 614 justi,
718 543 907 608 sancti,
932 546 1047 597 sine
1071 543 1190 599 labe
1223 543 1513 614 prophetae,
1783 549 1830 607 Α
1859 543 2187 614 Τοιιξεμιιογο
2212 563 2226 613 ;
2254 548 2520 606 excellens
2548 546 2635 602 llic
2665 552 2799 612 erat,
2830 551 3134 617 martyrquc
3161 544 3325 602 ﬁdelis
3350 565 3366 614 ;

167 639 474 693 Adventum
497 636 702 691 Domini
731 636 883 692 multi
925 637 1167 692 cecinere
1195 635 1429 693 futurum
1454 654 1469 704 ;
1859 636 1986 692 Post
2011 639 2154 695 illum
2179 641 2355 698 socius
2386 641 2517 712 legis
2536 681 2550 706 ,
2580 647 2865 710 certusque
2895 639 3189 708 magister;

164 730 559 800 Testanturque
587 729 692 785 fide
719 729 958 785 caelestia
990 731 1135 799 jussa
1165 729 1428 801 profanis,
1857 726 1987 784 Cmn
2019 733 2181 788 vestri
2212 734 2431 791 sceleris
2456 734 2665 800 socius,
2710 746 3010 802 prmcursor
3035 739 3090 787 et
3117 741 3304 787 auctor

161 823 298 880 Cum
327 823 517 894 quibus
543 824 804 881 immanes
831 823 1004 878 satiati
1035 823 1202 895 gloria
1230 823 1468 895 Christi,
1855 823 2084 880 Advenit
2109 825 2333 882 Romam
2363 826 2566 894 Cerdo,
2599 841 2734 882 nova
2764 824 2980 881 vulnera
3005 836 3222 895 gestans
3248 840 3264 880 :

155 915 448 973 Consortes
472 917 701 985 virtutis,
725 915 888 973 verba
907 926 1112 973 sacrata
1133 917 1398 986 replentes
1856 915 2122 982 Detectus,
2151 921 2404 990 quoniam
2423 933 2582 978 voces
2607 927 2663 976 et
2691 917 2851 974 verba
2880 918 3073 974 veneni

155 1009 468 1068 Firmavere
493 1008 651 1066 tidem
668 1051 685 1078 ,
713 1008 868 1065 factis
898 1009 1146 1078 prmdicta
1169 1009 1463 1081 probando.
1854 1008 2146 1082 Spargebat
2170 1010 2350 1068 furtim
2379 1030 2393 1080 ;
2425 1020 2748 1083 quapropter
2766 1009 2834 1065 ab
2853 1009 3068 1082 agmine
3097 1008 3300 1081 pulsus,

779 1100 1005 1158 CAPUT
1043 1101 1139 1157 1X.
1853 1102 2183 1176 Sacrilegum
2213 1107 2507 1177 genushoc
2531 1104 2712 1176 genuit
2742 1103 2980 1174 spirante
3009 1102 3262 1159 dracone.

230 1197 467 1266 Quorum
493 1195 759 1268 discipuli,
782 1197 872 1266 qui
901 1210 1208 1252 successere
1236 1209 1332 1268 per
1359 1197 1569 1267 orbem,
1851 1198 2140 1254 Constabat
2166 1199 2359 1269 pietate
2382 1201 2566 1270 vigens
2595 1197 2831 1253 Ecclesia
2867 1196 3051 1254 Romae

163 1288 398 1345 Conﬂati
424 1288 620 1344 virtute
653 1288 784 1353 viri,
813 1290 1088 1360 n05trique
1112 1289 1391 1360 magistri,
1857 1289 2167 1363 Composita
2192 1307 2223 1347 a
2251 1292 2430 1359 Petro,
2459 1292 2611 1361 cujus
2636 1304 2919 1346 successor
2943 1299 2997 1343 et
3026 1289 3140 1358 ipse

151 1381 479 1452 Conjunctos
525 1379 704 1451 operis
742 1381 897 1436 nobis
937 1380 1173 1439 tribuere
1209 1380 1462 1439 honores.
1853 1386 2074 1456 Jamque
2101 1387 2220 1443 loco
2250 1401 2392 1442 nono
2420 1385 2729 1442 cathedram
2753 1382 2987 1453 suscepit
3014 1380 3270 1453 Hyginus.

148 1473 238 1531 Ex
265 1474 457 1545 quibus
485 1473 714 1530 electum
737 1489 986 1546 magnum
1014 1474 1260 1547 plebique
1289 1477 1568 1548 probatum
1849 1480 1976 1541 Post
1998 1481 2136 1536 hunc
2163 1479 2357 1536 deinde
2390 1479 2532 1541 Pius.
2561 1477 2786 1534 Hermas
2812 1475 2897 1532 cui
2928 1473 3169 1547 germine
3212 1471 3376 1529 frater

149 1565 268 1621 liae
294 1565 569 1632 cathedra,
602 1566 791 1623 Petrus
819 1582 923 1641 qua
953 1568 1167 1625 sederat
1197 1571 1310 1640 ipse
1328 1613 1344 1640 ,
1375 1571 1602 1629 locatum
1849 1576 2134 1646 Angelicus
2157 1583 2360 1646 pastor,
2389 1573 2511 1644 quia
2539 1570 2729 1628 tradita
2759 1569 2918 1625 verba
2955 1568 3202 1624 locutus:

146 1658 381 1716 Maxima
412 1660 580 1716 Roma
604 1660 794 1716 Linum
812 1703 825 1727 ,
869 1663 1096 1734 primum
1127 1666 1406 1722 considere
1426 1668 1603 1738 jussit.
1847 1673 2022 1740 Atque
2044 1670 2131 1741 pio
2157 1668 2386 1740 suscepit
2413 1667 2672 1726 Anicetus
2695 1664 2884 1721 ordine
2910 1671 3110 1719 sortem
3141 1678 3156 1716 :

145 1752 282 1807 Post
308 1767 468 1823 quem
493 1753 674 1810 Cletus
696 1763 751 1810 ct
779 1755 892 1826 ipse
909 1771 1128 1828 gregem
1160 1760 1396 1830 suscepit
1423 1761 1600 1820 ovilis.
1847 1764 1958 1820 Sub
1985 1779 2090 1836 quo
2112 1763 2346 1819 Marcion
2386 1762 2484 1824 hic,
2510 1761 2752 1828 veniens,
2795 1773 2929 1814 nova
2975 1755 3224 1828 pontitiea
3253 1753 3437 1826 pestis,

143 1843 322 1916 Hujus
347 1846 637 1903 Anacletus
665 1863 946 1905 successor
968 1861 1113 1906 sorte
1142 1850 1383 1910 locatus:
1846 1857 2091 1913 Nondum
2121 1864 2386 1912 secretum
2414 1854 2619 1912 facinus
2652 1867 2750 1909 suo
2773 1852 2936 1909 corde
2961 1850 3258 1916 reclusum,

143 1938 320 2004 Quem
342 1939 584 2010 sequitur
609 1938 892 2008 Clemens;
923 1942 969 1996 is
996 1945 1301 2014 apostolicis
1327 1945 1463 2003 bene
1491 1957 1668 2006 notus.
1771 1949 1820 2010 B
1848 1950 2052 2009 Passim
2077 1949 2237 2020 vulgo
2264 1951 2488 2021 loquens
2517 1947 2781 2004 latebrosa
2809 1944 3044 2017 perﬁdus
3069 1951 3207 1999 arte.

144 2029 432 2086 Evaristns
457 2030 524 2087 ab
548 2031 652 2088 hoc
673 2033 813 2088 rexit
838 2034 955 2090 sine
991 2037 1215 2094 crimine
1243 2038 1436 2111 legem.
1846 2045 1950 2102 Sed
1981 2055 2258 2115 postquam
2286 2043 2448 2114 caspit
2478 2042 2664 2098 mortis
2693 2041 2932 2112 proferre
2973 2037 3225 2109 sagittas,

141 2121 344 2178 Sextus
381 2123 682 2180 Alexander
708 2124 861 2182 Sixto
903 2129 1238 2186 commendat
1277 2134 1456 2191 ovile:
1848 2138 2100 2209 Abjcctus
2126 2139 2318 2194 merito
2340 2147 2444 2192 tam
2470 2135 2598 2191 szevi
2620 2132 2858 2192 criminis
2883 2139 3089 2198 auctor,

145 2216 282 2275 Post
302 2218 514 2291 expleta
543 2220 625 2276 sui
649 2221 740 2293 qui
772 2221 927 2279 lustri
955 2231 1192 2297 tempora
1226 2228 1388 2284 tradit
1847 2233 1890 2288 Α
1919 2231 2118 2289 sanctis
2141 2231 2422 2304 reprobus,
2451 2230 2622 2304 patuit
2644 2227 2889 2286 mirabile
2907 2234 3227 2285 monstrum.

1098 2530 1584 2646 LIBER
1671 2536 2207 2666 QU/IRT
2227 2537 2439 2660 US,

278 2814 763 2907 INCERTI
816 2824 1464 2932 AUCTORIS,
1513 2826 1674 2911 DE
1737 2827 2383 2916 MARCIOle
2450 2830 3336 2922 ANTITHESIBUS.

1002 3055 1284 3130 Quartus
1314 3057 1378 3119 et
1413 3055 1550 3136 ipse
1576 3055 1772 3120 refert
1803 3057 2078 3122 obscura
2108 3059 2366 3138 piacula
2393 3061 2582 3142 Legis

986 3156 1146 3220 Esse
1177 3162 1400 3237 typum
1429 3157 1690 3233 veteris,
1719 3175 1866 3237 quas
1904 3158 2120 3237 paruit
2148 3159 2361 3223 hostia
2389 3179 2564 3224 vere.

995 3256 1382 3321 Iamdudum
1425 3262 1796 3337 exspectata
1837 3258 1960 3338 piis
2011 3277 2158 3323 cum
2192 3263 2435 3324 semine
2467 3265 2714 3327 sancto.

142 3465 393 3543 Quibus
418 3467 643 3539 verbis,
682 3471 840 3534 alias
872 3473 1026 3536 satis
1056 3470 1360 3541 obscuris,
1395 3471 1636 3533 indicat
1665 3470 1944 3552 piaculo.
1975 3471 2045 3534 id
2072 3483 2156 3534 est
2190 3475 2502 3556 sacriﬁcia
2537 3474 2764 3535 veteris
2792 3473 2973 3554 legis,
3001 3474 3195 3555 fuisse
3227 3481 3446 3554 typum

227 3588 390 3634 certe
421 3569 659 3642 hostiae,
717 3572 960 3636 christi.
993 3573 1133 3650 Qua
1163 3571 1584 3653 explicatione
1632 3590 1771 3634 cum
1806 3573 2139 3635 antithcses
2173 3576 2530 3639 Marcionis
2572 3575 2901 3645 dissolvat.
2938 3594 3094 3657 quas
3125 3573 3242 3638 hoc
3279 3572 3441 3637 libro

228 3671 653 3734 mulamcnta
678 3682 1005 3755 nuncupat
1018 3694 1038 3742 ;
1068 3672 1219 3736 libri
1255 3672 1437 3755 hujus
1467 3673 1655 3736 titulo
1691 3671 2024 3753 adjecimus
2060 3696 2080 3736 :
2114 3694 2197 3736 ne
2224 3695 2567 3741 MARCIONIS
2596 3695 3076 3740 annunerans.

676 3861 903 3920 CAPUT
940 3863 1225 3921 PRIMUM.
1777 3864 1823 3927 C
1856 3865 1935 3920 Ex
1966 3866 2252 3936 improviso
2278 3883 2345 3925 ne
2375 3870 2492 3940 quis
2519 3870 2690 3938 rudis,
2733 3870 2951 3935 inscius,
2982 3869 3121 3928 auda

222 3953 350 4012 Hac
377 3954 574 4028 populo
599 3954 805 4026 juveni,
834 3960 923 4029 qui
952 3958 1122 4024 dives,
1151 3959 1286 4014 liber
1309 3969 1364 4017 et
1386 3961 1558 4019 lieres
1597 3959 1670 4038 (α)
1858 3955 2079 4023 lncidat,
2112 3964 2165 4012 et
2187 3969 2370 4029 captus
2399 3962 2637 4018 coelestia
2667 3962 2807 4018 dona
2837 3963 3120 4034 relinquat.

141 4047 400 4103 Possidet
426 4059 682 4105 aeternam
711 4065 860 4122 spem
891 4050 1064 4106 laudis
1097 4051 1217 4122 jure
1248 4053 1496 4120 dicatam,
1675 4049 1677 4051 ’
2481 4053 2708 4110 CAPUT
2746 4054 2812 4108 ll.

143 4137 268 4196 Non
298 4149 356 4195 ut
381 4139 629 4211 doctores
657 4140 676 4215 (
703 4142 848 4198 solus
874 4141 1025 4200 daret
1066 4145 1244 4199 omnia
1271 4145 1565 4217 Christus),
1927 4143 2067 4216 Ergo
2091 4144 2232 4201 Deus
2259 4145 2466 4201 cunctis
2495 4147 2808 4204 mortalibus
2837 4162 2970 4203 unus
2999 4146 3195 4218 ubique
3221 4155 3305 4203 est
3347 4145 3444 4218 (ὑ),

142 4232 261 4290 Sed
289 4233 513 4289 famulos
537 4234 758 4303 Christi,
785 4235 936 4306 jubet
958 4237 1207 4292 inviolata
1231 4249 1464 4309 potestas
1852 4237 2137 4295 Eternum
2179 4255 2422 4311 regnum,
2453 4240 2726 4311 profunda:
2752 4241 2886 4295 ln‘cis
2915 4240 3083 4311 origo,

143 4327 359 4397 Ingenti
387 4327 502 4384 zelo
524 4326 808 4398 flagrantes
828 4371 843 4397 ,
875 4330 1020 4400 pacis
1040 4344 1224 4388 amore
1853 4331 1996 4388 Fons
2018 4333 2158 4400 vitm,
2183 4343 2337 4402 potus
2363 4334 2618 4402 sapientia
2645 4333 2892 4389 conditus
2917 4333 3084 4388 omni.

146 4421 424 4488 Armmos,
452 4422 649 4478 molem
678 4422 800 4480 belli
834 4423 1099 4481 deducere
1129 4436 1283 4482 terrre
1854 4425 2080 4482 Protulit
2108 4427 2218 4496 ipse
2243 4426 2451 4490 orbem,
2475 4426 2626 4494 cujus
2647 4426 2797 4480 sinus
2825 4426 3000 4481 omnia
3031 4423 3234 4494 cingit:

146 4515 406 4571 Excelsas
427 4525 631 4583 turres,
659 4527 711 4573 et
741 4521 934 4574 tnoenia
965 4535 1103 4575 saeva
1134 4521 1392 4578 malorum
1413 4563 1427 4588 ,
1854 4519 2008 4576 Nulla
2042 4520 2190 4575 illum
2219 4520 2387 4590 regio,
2417 4519 2595 4574 nullus
2624 4519 2770 4574 locus
2799 4519 3002 4573 ambitu
3025 4517 3266 4584 claudit;

143 4607 548 4681 Sat-gentesque
579 4611 777 4675 minas,
809 4613 989 4685 populi
1015 4625 1200 4670 contra
1231 4618 1440 4687 agmina
1472 4618 1642 4674 sancti
1855 4611 2102 4666 Materies
2129 4610 2272 4665 nulla
2296 4619 2380 4666 cst
2405 4609 2563 4675 facta,
2595 4620 2652 4665 ut
2677 4611 2720 4664 si
2742 4618 2933 4679 sponte
2962 4609 3234 4678 perennis,

145 4703 447 4759 Detrahere
466 4745 482 4772 ,
517 4719 714 4762 vacuas
742 4722 898 4762 voces
924 4708 1217 4766 dissolvere
1245 4721 1428 4768 vento.

1856 4708 1986 4774 Quae
2013 4705 2169 4762 fuerit
2196 4721 2434 4778 semper,
2469 4705 2614 4760 nullo
2644 4704 2782 4759 facto
2810 4711 3050 4759 recreata
3078 4719 3093 4768 ;

146 4794 490 4865 Quapropter
530 4799 723 4852 merito
752 4814 849 4854 nos
892 4802 1264 4859 mmulamenta
1307 4805 1472 4862 locuti
1857 4800 2148 4867 leorum,
2186 4812 2364 4868 teme,
2393 4800 2554 4855 maris
2578 4798 2874 4869 infernique
2901 4798 3128 4853 locator.

147 4886 329 4956 Ipsius
356 4903 425 4943 ex
456 4889 650 4956 verbis,
679 4891 840 4946 etiam
872 4904 1219 4951 monumenta
1251 4898 1435 4955 salutis
1855 4895 2083 4966 Spiritus
2106 4896 2246 4950 aeris
2273 4903 2353 4948 est
2373 4893 2593 4960 divisor,
2627 4892 2893 4953 conditor,
2923 4898 3128 4954 auctor,

146 4979 386 5035 Nitimur
404 4983 877 5054 exprimere,-qu:e
904 4987 1074 5056 gratia
1106 4987 1250 5060 larga
1285 4992 1535 5061 profudit,
1856 4986 2014 5044 Solus
2041 4994 2328 5059 perpetuus
2356 4986 2494 5040 Deus
2532 4995 2631 5051 cst,
2669 4985 2925 5039 immensa
2957 4989 3212 5052 potestas.

147 5070 537 5144 Prmdonisque
562 5075 772 5146 plagam
800 5078 997 5134 sanctis
1026 5082 1236 5151 aperire
1263 5093 1534 5155 copertam
1775 5075 1830 5137 D
1858 5081 2007 5140 Hunc
2032 5081 2118 5138 lex
2147 5093 2267 5136 esse
2291 5078 2460 5134 Deum
2483 5077 2679 5149 populo
2706 5081 3097 5132 monstraverat
3123 5087 3306 5139 unum,

1509 5216 2067 5278 COMMENTARIUS.

221 5347 380 5404 CAP.
412 5345 560 5426 1.3-:
589 5347 669 5424 (θ)
695 5348 1021 5426 ῌωερορυιο
1039 5354 1235 5426 juveni,
1276 5363 1381 5413 etc.
1421 5353 1747 5415 Obscurissi-
1851 5352 2231 5409 Antitltcsibus:
2263 5367 2486 5426 quarum
2544 5351 2798 5426 frequens
2835 5349 3034 5406 mentio
3074 5362 3259 5421 supra,
3301 5354 3340 5403 t.
3369 5345 3459 5414 Ill,

145 5436 302 5496 munt
325 5429 406 5476 est
435 5420 671 5496 ill_ud,‘et
693 5420 938 5496 fortassis
958 5420 1306 5482 mendosum:
1853 5428 2002 5482 libris
2033 5428 2266 5496 quinque
2281 5420 2415 5496 adv.
2435 5420 2690 5496 Marcion.

229 5491 284 5574 1y
292 5509 357 5547 an
387 5501 442 5545 ut
467 5494 896 5568 doctores'(solus
924 5497 1068 5569 daret
1109 5500 1277 5554 omnia
1307 5498 1581 5573 Christus).
1612 5500 1746 5558 Cor-
1923 5491 2074 5574 CAP.
2100 5491 2240 5574 ιιξ-
2259 5495 2359 5574 _(b)_
2378 5495 2512 5568 Ergo
2548 5495 2687 5549 Dens
2730 5493 2925 5574 cunctis
2954 5491 3259 5574 mortalibus
3303 5507 3456 5574 unus,

144 5565 394 5625 reximus
417 5578 576 5620 vero:
744 5565 753 5568 ⁷
1015 5565 1019 5569 ’
1545 5565 1556 5573 ’
1853 5580 1958 5626 etc.
2009 5570 2104 5626 Hic
2147 5565 2486 5625 distiniimus
2514 5585 2527 5621 :
2551 5576 2701 5632 potus
2750 5565 3000 5636 sapientia
3039 5565 3270 5618 conditus
3299 5565 3458 5623 onmi,

293 5643 322 5712 ζ,
425 5701 436 5712 .
543 5705 553 5712 .
781 5710 786 5712 Α
953 5705 962 5712 ,
1248 5705 1259 5712 _
1854 5655 1910 5698 ut
1958 5644 2206 5712 sapientia
2269 5639 2861 5712 AblalivttsAsimeI'e
2897 5636 3183 5712 Auctoris,
3215 5645 3460 5701 correpta

281 5699 520 5752 Excelsas
541 5705 722 5769 turres,
741 5710 795 5756 et
821 5705 994 5755 summa
1017 5716 1146 5756 sava
1167 5705 1422 5769 malorum,
1447 5711 1540 5759 etc.
1852 5714 1940 5769 ulti

1852 5699 2040 5769 ultima
2068 5713 2304 5784 syllaba:
2336 5712 2423 5784 ulli
2444 5710 2820 5784 castigavimus
2853 5699 3177 5774 :conditns,
3203 5722 3297 5784 pro
3347 5699 3458 5758 crc-

1223 5837 1234 5848 ,
1277 5837 1311 5854 ,Δ
1356 5853 1365 5854 ί
1853 5787 2009 5841 ditus.
2039 5779 2290 5854 Legimus
2327 5783 2485 5837 etiam
2528 5800 2540 5835 :
2577 5781 2644 5836 Ut
2686 5782 2751 5835 sit
2806 5787 2984 5854 sponte
3030 5779 3293 5848 perennis,
3337 5792 3458 5848 pro,

232 5830 1315 5930 efferrent:Decianesccirit
1347 5847 1565 5930 ξυιοιηπ
1597 5838 1673 5894 uti
1698 5839 1751 5894 εει
1852 5830 1891 5930 ἱ»

1486 5852 1573 5930 ΨΑ
1597 5838 1680 5930 uti
2572 5830 2783 5923 huic},
2810 5830 3145 5922 prolocutum

157 5915 484 5978 argumento
532 5922 748 5979 quoque
798 5908 995 5964 dictum
1047 5916 1131 5965 est
1166 5925 1179 5964 :
1222 5909 1607 5980 cntutatttenta,
1653 5926 1752 5982 pro
