4202 6496
729 415 871 474 1079

727 536 891 608 Cujus
920 547 1018 590 vox
1044 531 1174 589 Mosi
1197 530 1403 603 pollens
1428 530 1480 585 in
1511 536 1693 587 monte
1727 528 1905 587 locuta
1933 538 2037 584 est.

728 631 876 686 Illius
901 628 1015 683 lucc
1048 628 1238 692 virtus,
1267 625 1547 697 sapientia,
1574 622 1759 695 gloria,
1792 622 2033 689 verbum,

726 722 917 788 Filius,
954 721 1217 775 immenso
1244 718 1483 789 genitum
1518 717 1586 771 de
1608 716 1806 771 lumine
1834 716 2036 779 lumen,

727 812 834 869 Per
862 820 1042 867 vatum
1070 824 1230 865 voces
1258 809 1399 863 bunc
1424 822 1586 862 unum
1613 806 1845 862 clamitat
1870 821 2010 862 esse.

728 905 929 962 Ordine
957 904 1257 974 suscipiens
1287 901 1504 967 Paulus,
1536 902 1615 956 sic
1645 899 1805 955 tradit
1830 908 1882 955 et
1911 901 2025 969 ipse

727 996 903 1053 linum
934 996 1075 1051 bunc
1100 1011 1221 1052 esse
1253 995 1484 1058 Patrem,
1505 1010 1600 1064 per
1613 1008 1772 1064 quem
1801 1001 1925 1065 sunt
1946 991 2125 1046 omnia
2152 990 2322 1057 facta;

727 1091 902 1161 Atque
926 1104 1090 1144 unum
1118 1087 1413 1152 Clu-istum,
1452 1102 1545 1156 per
1567 1101 1722 1156 quem
1756 1086 1895 1140 Deus
1918 1086 2097 1139 omnia
2123 1083 2268 1150 fecit,

731 1184 810 1239 Ad
838 1198 997 1254 quem
1024 1196 1081 1237 se
1107 1196 1329 1235 curvare
1352 1196 1491 1250 genu
1517 1179 1675 1251 plane
1704 1193 1863 1233 omne
1892 1179 2107 1243 fatetur,

728 1279 806 1333 Ex
833 1293 937 1348 quo
964 1278 1137 1331 omnis
1170 1276 1335 1345 patria
1365 1277 1417 1328 in
1450 1275 1588 1329 cmlo
1616 1284 1863 1343 terraque
1893 1280 2113 1327 vocatur
2148 1271 2260 1343 (n);

728 1370 829 1438 Qui
857 1369 991 1423 zelat
1016 1368 1271 1437 populum
1302 1381 1514 1420 suntme
1542 1365 1755 1434 pietatis
1780 1377 1963 1418 amore

730 1462 800 1518 Ut
829 1472 997 1533 pater,
1028 1470 1081 1516 ct
1106 1471 1293 1516 sancte
1324 1460 1435 1517 vult
1460 1474 1673 1514 omnem
1700 1460 1881 1514 vivere
1905 1471 2143 1525 carnem,

727 1557 1003 1627 Apparcre
1029 1555 1130 1609 sibi
1160 1553 1414 1607 mumlam
1442 1553 1558 1607 sine
1580 1552 1807 1608 crimine
1843 1550 2072 1621 plebem,

729 1647 841 1703 lloc
870 1647 986 1702 zelo
1015 1654 1249 1700 uestram
1277 1644 1510 1700 custodit
1539 1644 1656 1712 lege
1684 1642 1931 1707 salutem,

724 1740 1017 1811 Legitimos
1039 1748 1218 1793 monet
1238 1752 1378 1804 esse,
1397 1737 1565 1807 jubet,
1590 1736 1811 1806 castigat
1838 1745 1891 1789 et
1926 1734 2109 1802 instat,

722 1832 1034 1903 Corripiens
1063 1831 1277 1886 Galatas
1319 1830 1510 1885 fratres
1540 1837 1595 1883 et
1636 1827 1909 1898 apostolus
1943 1825 2107 1893 idem,

723 1927 909 1984 Talem
938 1942 998 1983 se
1026 1926 1221 1982 Paulus
1245 1925 1418 1980 zelum
1454 1939 1512 1978 se
1538 1922 1752 1992 scripsit
1778 1921 1976 1976 habere

1346 2014 1571 2073 CAPUT
1612 2014 1700 2069 IlI.

799 2112 1049 2169 Reddidit
1076 2125 1203 2181 ergo
1226 2108 1370 2165 Deus
1398 2109 1562 2177 gratis
1592 2114 1804 2177 peccata
1849 2114 2069 2175 paterna

724 2202 785 2260 In
812 2204 1136 2275 cataclysmo
1151 2215 1381 2256 enecaus
1406 2200 1609 2270 pariter
1631 2214 1752 2254 cum
1782 2198 1933 2269 prole
1959 2205 2209 2266 parentes
2234 2212 2249 2263 ;

726 2296 1007 2367 Ccnteque
1031 2296 1141 2366 jam
1172 2303 1360 2364 quarta
1385 2294 1596 2365 genitos
1616 2292 1684 2349 de
1709 2294 1877 2363 stirpe
1899 2300 2143 2362 nepotes,

728 2386 862 2443 Cum
887 2386 997 2443 fere
1017 2395 1317 2456 nongentos
1348 2385 1446 2439 bos
1474 2396 1598 2439 tunc
1623 2382 1887 2453 adjuverit
1924 2397 2115 2438 annos.

729 2479 997 2538 Judicium
1028 2480 1251 2544 durum,
1284 2480 1548 2536 sententia
1594 2493 1735 2533 szeva
1774 2478 2003 2545 videtur,

729 2570 990 2631 Parvulus
1009 2582 1061 2628 et
1080 2570 1329 2627 Sodomis
1356 2570 1528 2625 adhuc
1550 2571 1754 2637 insons,
1784 2572 1977 2637 mollis,
2013 2573 2253 2640 inermis,

730 2666 1000 2723 Utcareat
1028 2668 1129 2720 vita
1156 2683 1169 2731 ;
1199 2665 1325 2735 quid
1351 2666 1491 2720 enim
1523 2675 1832 2734 peccaverat
1875 2666 2087 2723 infans?

730 2758 884 2826 Quod
909 2757 1123 2813 crudele
1166 2767 1352 2827 putes,
1388 2755 1493 2813 hoc
1529 2768 1608 2812 est
1638 2758 1846 2828 pietatis
1877 2759 2163 2818 honestum

730 2850 993 2905 Auctores
1022 2849 1257 2917 sceleris,
1313 2849 1519 2905 facinus
1559 2867 1626 2905 ne
1667 2864 1932 2907 cresceret
1958 2854 2115 2920 ultra,

733 2940 1009 2996 Exsunxit
1034 2942 1378 3013 sobolemque
1402 2951 1614 3012 patrum
1647 2958 1861 3012 peccata
1886 2958 2219 3015 sequentum.

734 3034 840 3092 Sed
870 3050 975 3091 non
998 3050 1117 3090 cum
1146 3036 1381 3107 patribus
1416 3051 1602 3105 pinnas
1633 3038 1882 3093 innoxius
1909 3040 2085 3097 infans

734 3128 1029 3198 Pcrpctuas
1052 3129 1143 3183 luit
1169 3146 1183 3194 ;
1214 3130 1447 3199 ignarus,
1483 3146 1653 3201 neque
1678 3133 1919 3190 criminis
1942 3146 2151 3204 auctus,

733 3218 813 3273 Ne
843 3218 991 3273 ﬁeret
1019 3218 1236 3275 sceleris
1255 3259 1270 3283 ,
1301 3234 1526 3275 consors
1549 3222 1721 3275 a-tatis
1747 3221 1941 3279 adultae
1962 3264 1979 3288 ,

734 3308 935 3380 Sponte
962 3308 1137 3364 futura
1164 3310 1321 3377 mala,
1354 3326 1499 3365 mors
1535 3311 1815 3368 innnatura
1839 3317 2077 3373 resolvit.

1360 3400 1587 3457 CAPUT
1626 3402 1714 3457 IV.

806 3494 917 3549 Cur
981 3494 1120 3551 Deus
1175 3509 1302 3567 ergo
1364 3494 1514 3567 jubet
1577 3513 1831 3567 pecorum
1911 3502 2013 3557 sibi
2078 3506 2337 3575 sanguine

1942 3592 2128 3666 [fundi
2156 3596 2268 3669 (b)?

740 3676 986 3748 Legcquc
1007 3677 1344 3748 constringit,
1375 3693 1442 3734 ne
1465 3681 1581 3749 quis
1610 3684 2015 3743 transcenderet
2044 3704 2231 3745 errans

740 3768 798 3823 In
824 3770 1039 3840 populo.
1064 3769 1299 3841 lapidum
1329 3774 1578 3840 przcsenti
1608 3784 1779 3830 morte
1800 3776 2054 3835 minatus.

742 3867 917 3938 Atque
945 3865 1137 3921 iterum
1169 3864 1282 3920 bace
1308 3866 1598 3936 reprobat,
1628 3879 1786 3939 negat
1826 3870 1941 3927 base
1989 3874 2090 3929 sibi
2120 3891 2340 3934 munera

2058 3968 2266 4043 [grata.

747 4052 1055 4124 Corripiens
1084 4054 1292 4124 plebem
1321 4056 1523 4125 peccati
1555 4060 1801 4115 examine
1831 4076 2091 4131 pressam.

746 4146 865 4215 Ipse
886 4147 1031 4214 jubet
1064 4163 1241 4213 verax,
1272 4148 1447 4217 justus
1471 4148 1624 4203 simul
1659 4152 1771 4221 ipse
1801 4154 2013 4223 repellit
2043 4175 2057 4211 :

750 4240 805 4294 Si
838 4241 1029 4308 qumvis
1056 4256 1292 4303 caussas,
1326 4255 1511 4295 errans
1535 4241 1734 4299 desiste
1762 4247 1959 4301 moveri
1986 4265 2000 4312 ;

748 4332 947 4388 Caussa
976 4335 1170 4388 etenim
1203 4335 1321 4389 lidei
1364 4336 1582 4389 rationis
1614 4338 1839 4407 imagine
1869 4341 2057 4411 major.

751 4426 944 4496 Aspice
973 4442 1065 4494 per
1088 4428 1357 4494 speculum
1390 4426 1637 4495 fulgentis
1679 4430 1890 4485 luminis
1918 4433 2159 4489 umbram
2185 4478 2198 4499 ,

752 4518 887 4584 Quid
922 4519 1097 4571 \‘itulis
1122 4520 1355 4588 sanguis,
1385 4520 1563 4574 vitulae
1586 4522 1739 4587 cinis,
1767 4522 1947 4579 hircus
1974 4535 2237 4600 uterque;

754 4610 852 4663 llic
878 4608 1128 4664 dimissus
1151 4610 1297 4674 abit,
1325 4610 1465 4664 cadit
1494 4612 1629 4667 alter
1654 4624 1707 4666 at
1734 4614 1903 4670 bostia
1934 4620 2167 4691 templo:

752 4700 1021 4769 Sanguine
1047 4717 1167 4755 nam
1196 4701 1341 4757 vituli
1371 4704 1620 4773 pepulum
1647 4744 1662 4769 ,
1694 4706 1851 4763 simul
1881 4714 2060 4768 omnia
2092 4730 2237 4787 vasa,

754 4794 929 4865 Atque
958 4796 1265 4853 sacerdotes
1290 4805 1343 4854 et
1363 4798 1559 4869 scripta
1590 4799 1863 4861 volumina
1890 4806 2020 4877 legis
2041 4849 2056 4874 ,

2142 404 2601 467 TERTULLIANI

2351 525 2403 585 A
2427 522 2635 595 Sparsit
2658 534 2810 593 aqua:
2835 521 3003 578 mixto
3042 526 3190 579 vates
3231 519 3311 579 sic
3340 520 3523 591 jussus
3546 520 3615 577 ab
3643 520 3754 577 alto
3774 563 3791 588 ,

3888 405 4045 463 1080

2428 614 2543 672 Non
2573 614 2651 687 (l)
2681 614 2949 685 propriam
2974 625 3149 685 spem,
3192 626 3290 672 nec
3315 614 3548 683 speciem
3587 613 3785 671 virtute
3831 628 4042 670 vacan-

3778 705 3961 779 [ιστη-

2428 797 2692 871 Exemplo
2713 798 2860 857 vituli
2888 813 3168 870 passurum
3198 799 3252 855 in
3279 813 3506 871 corpore
3529 798 3802 856 Christum
3832 817 3847 865 ;

2427 893 2527 960 Qui
2554 894 2678 965 juga
2705 894 2836 948 dura
2866 893 3047 950 ferens
3073 893 3311 949 humeris
3334 934 3349 961 ,
3380 895 3607 950 temonis
3634 903 3818 950 aratro

2428 986 2661 1042 Fortiter
2698 988 2908 1056 abrupit
2936 1002 3030 1042 sua
3059 995 3275 1058 pectora
3305 1002 3523 1044 vomere
3549 987 3700 1052 ferri,

2428 1077 2715 1132 luiundeus
2745 1078 2909 1134 sulcis
2931 1080 3125 1135 animae
3150 1082 3230 1134 sui
3260 1080 3535 1149 sanguinis
3576 1080 3771 1135 undam
3801 1098 3815 1134 :

2428 1168 2561 1224 Nam
2592 1170 2775 1240 templi
2805 1185 2927 1224 vasa
2952 1170 3067 1226 haec
3084 1171 3363 1242 designant
3389 1186 3614 1241 corpora
3642 1183 3849 1227 nostra.

2428 1262 2548 1334 Ipse
2578 1264 2670 1318 Dei
2699 1266 2953 1334 templum
2983 1281 3190 1329 verum,
3222 1280 3328 1321 non
3360 1274 3483 1319 autc
3504 1266 3737 1320 dicatum
3762 1307 3777 1331 ,

2426 1354 2669 1425 Namque
2701 1371 2799 1410 suo
2828 1357 3006 1413 socios
3032 1358 3281 1413 homines
3310 1358 3411 1413 sibi
3442 1359 3699 1428 sanguine
3727 1360 3857 1414 fecit

2428 1449 2605 1519 Atque
2631 1449 2939 1508 sacerdotes
2976 1453 3143 1507 voluit
3172 1454 3252 1507 sui
3296 1455 3539 1525 corporis
3567 1469 3689 1511 esse
3716 1454 3816 1525 (c),

2429 1540 2548 1613 Ipse
2579 1544 2741 1612 patris
2784 1546 2979 1601 summi
3009 1546 3275 1617 perfectus
3300 1547 3424 1618 jure
3468 1547 3741 1602 sacerdos.

2428 1637 2715 1706 Auditum,
2746 1639 2950 1707 visum,
2980 1655 3225 1710 gressum
3254 1640 3527 1697 mandavit
3555 1642 3817 1707 inertem,

2427 1731 2781 1801 Aspersitque
2811 1732 2948 1787 libro
2976 1742 3138 1789 testes
3161 1748 3398 1805 prmsaga
3420 1733 3629 1789 locutus
3653 1776 3670 1801 ,

2430 1822 2813 1879 Demuustrans
2840 1824 3013 1895 legem
3042 1840 3142 1882 suo
3176 1826 3409 1881 vinctam
3447 1827 3709 1897 sanguine
3745 1836 3968 1883 sancto.

2350 1916 2399 1976 B
2428 1912 2574 1969 Ilanc
2602 1924 2655 1971 et
2685 1932 2780 1986 per
2810 1917 3027 1973 vitulam
3049 1918 3354 1974 manifestat
3380 1918 3592 1974 victima
3618 1933 3893 1984 caussam,

2426 2006 2694 2079 Sanguine
2721 2009 2789 2065 de
2817 2009 2970 2080 cujus
2996 2026 3094 2081 pro
3132 2010 3288 2081 plebe
3329 2011 3534 2081 piacula
3563 2025 3784 2067 sumens

2428 2100 2567 2157 Intra
2595 2105 2835 2160 velamen
2867 2106 3070 2174 primus
3097 2097 3255 2161 levita
3286 2105 3496 2162 ferebat
3518 2147 3535 2172 ,

2426 2195 2737 2253 Castrorum
2764 2209 2912 2253 extra
2936 2199 3078 2255 iores
3100 2214 3298 2271 corpus
3319 2200 3573 2271 iussuque
3600 2202 3889 2268 cremavit,

2428 2288 2593 2357 Cujus
2620 2290 2686 2346 de
2713 2292 2895 2347 cinere
2924 2292 3212 2347 mundabat
3231 2307 3457 2363 corpora
3489 2294 3633 2363 lapsa

2427 2380 2542 2437 Hoc
2566 2383 2819 2439 Dominus
2850 2394 3030 2440 noster
3049 2427 3064 2453 ,
3097 2387 3187 2457 qui
3220 2401 3317 2442 nos
3344 2399 3441 2441 sua
3470 2396 3639 2443 morte
3669 2385 3930 2453 redemit,

2429 2476 2592 2533 Extra
2618 2487 2816 2545 castra,
2847 2479 3033 2535 volens
3064 2480 3245 2551 populi
3270 2481 3373 2535 vim
3407 2494 3595 2551 passus
3622 2482 3817 2552 iniqui,

2430 2569 2673 2640 Implevit
2700 2569 2870 2641 legem
2891 2610 2905 2635 ,
2932 2570 3088 2626 factis
3118 2571 3367 2641 praedicta
3397 2572 3705 2642 probando,

2430 2660 2530 2729 Qui
2560 2677 2685 2715 vcrc
2716 2662 2935 2717 mundat
2960 2663 3167 2733 plebem
3196 2664 3499 2719 cantamine
3537 2666 3778 2735 plenam,

2431 2754 2619 2812 Omnia
2647 2755 2966 2821 concedens,
2997 2757 3148 2825 quasi
3177 2756 3325 2813 dives
3366 2758 3608 2827 corporis
3639 2767 3857 2825 auctor,

2431 2846 2575 2903 Intra
2602 2850 2844 2904 velamen
2875 2850 2995 2905 caeli
3034 2865 3155 2905 cum
3191 2850 3448 2921 sanguine
3485 2865 3701 2921 gressus
3725 2893 3739 2917 ,

2433 2942 2671 2999 ElTundit
2698 2960 2855 3013 quem
2886 2959 2982 3013 pro
3010 2943 3295 2998 multorum
3324 2942 3585 2998 mortibus
3619 2958 3779 2998 unus.

2433 3035 2575 3105 Ergo
2604 3035 2935 3091 sacerdotem
2988 3050 3239 3106 magnum
3280 3035 3434 3091 decet
3476 3035 3648 3091 bostia
3680 3044 3895 3103 sancta,

2434 3127 2604 3195 Quam
2633 3126 2791 3197 digne
2821 3130 3087 3197 perlectus
3110 3126 3342 3193 habens,
3372 3126 3568 3183 oll'erre
3594 3128 3855 3197 probetur
3880 3146 3897 3183 :

2434 3218 2643 3289 Corpus
2674 3218 2854 3285 babet,
2887 3220 3001 3274 hanc
3030 3228 3113 3275 est
3142 3218 3460 3274 mortalibus
3492 3218 3660 3274 bostia
3690 3220 3811 3272 viva
3844 3237 3857 3273 :

2359 3306 2403 3368 C
2439 3313 2587 3371 lianc
2610 3313 2823 3383 dignam
2853 3315 3083 3385 magnis,
3112 3328 3206 3384 pro
3236 3315 3441 3368 cunctis
3466 3312 3663 3368 obtulit
3688 3327 3853 3366 unam
3878 3355 3896 3379 ,

2440 3406 2721 3463 Ilircorum
2750 3407 2956 3477 species
2985 3406 3231 3462 homines
3260 3406 3401 3461 dicat
3420 3420 3541 3462 esse
3576 3405 3825 3476 repulsos

2442 3500 2519 3557 Ex
2548 3501 2754 3557 duobus
2784 3502 2995 3571 pupulis
3024 3499 3255 3568 steriles,
3287 3500 3403 3556 sine
3432 3499 3689 3555 fructibus
3714 3483 3942 3566 ambos,

2441 3594 2585 3663 Quos
2616 3594 2667 3647 in
2694 3593 2983 3663 Evangelio
3012 3592 3269 3649 Dominus
3296 3607 3506 3662 quoque
3531 3591 3683 3657 dixit,
3707 3600 3761 3646 et
3787 3592 3954 3647 bactlo

2443 3690 2553 3745 Abs
2582 3689 2771 3744 ovibus
2796 3688 2941 3743 cerni
2975 3698 3177 3742 stantes
3203 3688 3252 3741 in
3282 3696 3430 3756 parte
3460 3686 3675 3740 sinistra
3702 3726 3717 3750 ,

2445 3783 2579 3840 Esse
2609 3782 2825 3854 quidem
2854 3780 3111 3851 quosdam
3138 3779 3346 3835 Domini
3370 3794 3465 3848 pro
3494 3780 3706 3834 nomine
3736 3793 3942 3848 passos
3968 3798 3983 3848 ;

2444 3875 2535 3931 Sic
2554 3884 2729 3930 actum
2759 3873 3017 3941 sterilem,
3048 3870 3275 3927 fructum
3310 3871 3545 3939 velasse,
3574 3886 3831 3943 supremo

2446 3968 2557 4024 Hos
2578 3968 2771 4023 merito
2799 3968 2989 4038 dignos
3010 3980 3140 4034 arae,
3168 3964 3323 4021 decet
3342 3979 3465 4021 esse
3495 3965 3827 4035 prophetas:

2447 4063 2700 4134 Abjectos
2719 4062 2853 4118 alios
2871 4103 2885 4127 ,
2917 4059 3122 4116 Lazaro
3144 4068 3200 4115 ut
3222 4059 3372 4114 dives
3398 4059 3609 4130 iniquus
3628 4101 3643 4113 .

2448 4156 2505 4212 In
2537 4170 2631 4211 sua
2658 4155 2850 4209 duritie
2872 4153 2960 4224 qui
2984 4167 3328 4223 permansere
3355 4150 3575 4221 repulsi.

3084 4243 3309 4303 CAPUT
3348 4242 3416 4299 ν.

2519 4340 2649 4397 Nam
2674 4340 2848 4395 velum
2875 4339 2923 4394 in
2946 4337 3122 4393 medio
3144 4336 3382 4407 pendens
3398 4336 3651 4391 cernebat
3669 4340 4054 4409 utrosqucid),

2451 4433 2611 4505 Inque
2643 4426 2773 4487 duas
2803 4442 2979 4501 partes
3008 4428 3175 4484 (edem
3202 4428 3455 4483 diviserat
3481 4443 3662 4481 unam.

2452 4526 2711 4582 Interiora
2737 4525 2952 4594 quidem
2979 4533 3286 4577 sanctorum
3316 4534 3497 4577 sancta
3530 4533 3735 4578 vocata.

2453 4621 2613 4677 lstbic
2640 4635 2731 4675 ara
2760 4620 2859 4674 sita
2888 4616 3172 4689 ell‘ulgebat
3207 4617 3398 4674 nobilis
3426 4634 3579 4685 auro,
3808 4604 3811 4605 ν

2372 4705 2426 4765 D
2453 4715 2791 4772 Testamenta
2819 4712 2995 4779 simul,
3028 4711 3328 4766 tabularum
3356 4711 3488 4783 legis
3511 4721 3567 4766 et
3591 4726 3736 4780 arca,

2451 4809 2688 4870 Pellibus
2716 4815 2970 4880 agnotum
2998 4805 3122 4863 caeli
3146 4813 3388 4865 contecta
3414 4806 3617 4875 colore,

1989 4917 2371 4985 LECTIONES
2404 4922 2814 4985 VARIANTES.

821 5005 894 5068 (ι)
918 5002 1037 5057 Nam
1056 5005 1216 5059 Obert.

2117 5118 2674 5181 COMMENTARIUS.

834 5232 909 5305 (ο)
942 5231 1024 5287 Ετ
1062 5248 1161 5303 quo
1204 5228 1368 5305 enini:
1398 5228 1565 5305 patria
1599 5228 1652 5305 in
1683 5230 1807 5285 ca’lo
1851 5240 2080 5304 terraque
2119 5247 2344 5292 vocatur.

760 5300 1053 5362 ReserVata
1073 5300 1163 5359 est
1189 5302 1257 5355 ab
1284 5304 1517 5376 Auctore
1539 5302 1591 5376 in
1622 5300 1739 5376 haec
1767 5300 2027 5375 scriptura
2056 5305 2253 5376 prcs.
2280 5308 2347 5363 III

762 5390 869 5431 vox
897 5390 1069 5446 graeca
1096 5382 1300 5443 πατριὰ,
1331 5374 1398 5428 (lc
1424 5388 1525 5446 qua
1558 5370 1617 5425 Β.
1657 5370 2012 5446 llieronjmus
2056 5370 2182 5432 adv.
2226 5379 2351 5435 Ilel-

762 5448 874 5503 vid.
903 5444 1159 5502 scribens
1203 5450 1395 5499 l'atetur
1450 5444 1664 5497 Latinos
1718 5444 2065 5513 paternitates
2123 5465 2346 5516 vocare,

763 5534 897 5588 quas
923 5519 1096 5573 Crmci
1134 5527 1324 5570 vocant
1352 5521 1575 5587 πατριὰς,
1606 5531 1724 5569 etnu
1753 5532 1821 5571 ex
1851 5533 1951 5573 una
1980 5519 2155 5575 radice
2187 5522 2354 5577 multa

766 5590 976 5659 generis
1006 5589 1156 5659 ltlrba
1178 5588 1503 5641 lIlIIlllltIllttr.

838 5659 993 5714 CAP.
1026 5658 1115 5713 iV.
1137 5691 1201 5699 —
1229 5659 1307 5729 (b)
1347 5659 1450 5731 Cur
1488 5655 1638 5731 ‘Duus
1663 5674 1780 5729 ergo
1812 5660 1960 5729 jubet
1997 5680 2233 5731 pecorum
2265 5664 2358 5718 sibi

770 5733 1016 5801 sanguine
1040 5733 1204 5800 fundi,
1231 5728 1331 5785 etc.
1355 5728 1583 5783 l’uleltre
1611 5728 1843 5798 explicat
1872 5728 2154 5800 sacriticia,
2186 5737 2351 5802 vituli,

771 5804 945 5855 vitula:
968 5843 983 5868 ,
1015 5813 1068 5856 et
1104 5803 1229 5855 Inrci
1275 5803 1533 5869 utriusque
1562 5818 1580 5854 :
1619 5802 1865 5858 alludens
1909 5804 2104 5861 iterum
2147 5808 2211 5861 ad
2243 5824 2291 5861 c.
2321 5808 2356 5864 9

775 5875 942 5942 Epist.
975 5874 1040 5927 ad
1070 5874 1228 5930 Ilebr.

844 5952 916 6015 (vl
950 5948 1107 6013 Atque
1131 5947 1412 6005 sacerdotes
1431 5943 1583 6002 Mitti!
1612 5944 1689 5999 cui
1714 5949 1940 6018 Corporis
1968 5966 2096 6021 esse,
2126 5958 2235 6009 etc.
2262 5950 2355 6009 IIiS

2452 5238 2635 5293 verbis
2658 5234 2965 5295 confirmari
2996 5234 3258 5289 veritatem
3284 5230 3515 5303 corporis
3543 5239 3613 5303 et,
3635 5231 3923 5302 sanguinis
3966 5232 4067 5289 Do.

2453 5310 2600 5371 mini,
2623 5325 2782 5379 supra
2808 5306 3245 5379 annutavimusl.
3281 5305 3346 5361 IV
3371 5302 3386 5371 ,
3410 5304 3536 5358 adv.
3567 5302 3728 5379 Mare.
3756 5317 3806 5356 c.
3848 5304 3959 5372 ω,
3985 5323 4067 5359 nu.

2457 5380 2581 5444 662,
2614 5376 2703 5433 ubi
2724 5397 2784 5435 ca
2810 5379 2877 5435 de
2898 5394 2956 5435 re
2984 5378 3160 5433 latius.
3178 5377 3573 5431 llursusautem
3595 5376 3753 5443 paulo
3768 5385 3931 5441 post,
3951 5378 4070 5431 dum

2456 5452 2627 5506 vitula:
2671 5453 2919 5505 victinmm
2962 5451 3213 5521 explicat,
3241 5446 3933 5521 utiturvocegxontantine,
3984 5462 4070 5521 pro

2458 5523 2903 5577 contaminationc.
2938 5517 3094 5592 Atqui
3112 5522 3366 5591 deinceps
3390 5561 3404 5581 ,
3428 5518 3496 5573 de
3525 5517 3720 5592 duobus
3744 5517 3918 5592 furcis
3950 5517 4067 5591 agit.

2532 5594 2683 5648 CAP.
2714 5593 2779 5650 ν.
2810 5620 2883 5633 --
2904 5593 2981 5665 (ιι)
3009 5588 3126 5645 nam
3148 5588 3386 5646 velum't'u
3429 5591 3592 5665 inedia
3623 5588 3860 5665 peliden:
3894 5588 4069 5645 ceri:-

2465 5664 2548 5718 but
2575 5676 2829 5735 utrosque,
2854 5661 3254 5735 etcAccipitur
3276 5662 3529 5725 cernebat,
3555 5676 3680 5730 pro:
3704 5661 4065 5724 discernebat;

2464 5747 2521 5791 ut
2550 5746 2669 5806 pote
2692 5733 2833 5802 quod
2860 5736 3215 5804 distingueret
3233 5733 3371 5806 inter
3398 5742 3574 5806 sancta
3599 5742 3935 5799 sanctorum,
3965 5752 4064 5802 quo

2461 5800 2609 5878 solus
2633 5800 3304 5878 ingrediebaturvsummus
3334 5800 3602 5878 Dontil'ex,
3629 5812 3687 5857 et
3710 5813 3915 5878 sancta
3956 5800 4062 5859 sive

2461 5874 2906 5947 Tabernaculum,
2933 5880 2986 5934 in
3006 5878 3148 5949 quod
3168 5874 3869 5932 intromittebanturczeteri
3890 5892 4060 5932 sacer.

2459 5950 2635 6008 dotes.
