  <div class='ocr_page' id='page_1' title='image "/cluster/home/n/w/nwhite01/storage/ocr_20150623/2/hvd.32044015466741/595.png"; bbox 0 0 4202 6496; ppageno 0'>
   <div class='ocr_carea' id='block_1_1' title="bbox 715 365 2374 443">
    <p class='ocr_par' dir='ltr' id='par_1_1' title="bbox 715 365 2374 436">
     <span class='ocr_line' id='line_1_1' title="bbox 715 365 2374 436; baseline 0.005 -10"><span class='ocrx_word' id='word_1_1' title='bbox 715 365 855 428; x_wconf 78' lang='grc'><strong>1085</strong></span> <span class='ocrx_word' id='word_1_2' title='bbox 1148 388 1151 390; x_wconf 86' lang='grc'><strong>·</strong></span> <span class='ocrx_word' id='word_1_3' title='bbox 2097 375 2374 436; x_wconf 71' lang='grc' dir='ltr'><strong>τειιτυι</strong></span> 
     </span>
    </p>
   </div>
   <div class='ocr_carea' id='block_1_2' title="bbox 2372 365 4031 443">
    <p class='ocr_par' dir='ltr' id='par_1_2' title="bbox 2372 376 4031 443">
     <span class='ocr_line' id='line_1_2' title="bbox 2372 376 4031 443; baseline 0.006 -10"><span class='ocrx_word' id='word_1_4' title='bbox 2372 376 2567 435; x_wconf 72' lang='lat' dir='ltr'><strong>.LIANI</strong></span> <span class='ocrx_word' id='word_1_5' title='bbox 3871 383 4031 443; x_wconf 69' lang='grc'><strong>1084</strong></span> 
     </span>
    </p>
   </div>
   <div class='ocr_carea' id='block_1_3' title="bbox 712 485 3647 561">
    <p class='ocr_par' dir='ltr' id='par_1_3' title="bbox 712 485 3647 561">
     <span class='ocr_line' id='line_1_3' title="bbox 712 485 3647 561; baseline 0.004 -19"><span class='ocrx_word' id='word_1_6' title='bbox 712 485 820 542; x_wconf 82' lang='lat' dir='ltr'><strong>Ara</strong></span> <span class='ocrx_word' id='word_1_7' title='bbox 850 486 1022 541; x_wconf 89' lang='lat' dir='ltr'><strong>nitens</strong></span> <span class='ocrx_word' id='word_1_8' title='bbox 1058 499 1190 543; x_wconf 90' lang='lat' dir='ltr'><strong>auro</strong></span> <span class='ocrx_word' id='word_1_9' title='bbox 1218 487 1414 545; x_wconf 75' lang='lat' dir='ltr'><strong>coelum</strong></span> <span class='ocrx_word' id='word_1_10' title='bbox 1442 489 1682 546; x_wconf 87' lang='lat' dir='ltr'><strong>declarat</strong></span> <span class='ocrx_word' id='word_1_11' title='bbox 1713 489 1763 545; x_wconf 93' lang='lat' dir='ltr'><strong>in</strong></span> <span class='ocrx_word' id='word_1_12' title='bbox 1797 491 1925 556; x_wconf 85' lang='lat' dir='ltr'><strong>alto,</strong></span> <span class='ocrx_word' id='word_1_13' title='bbox 2329 493 2380 552; x_wconf 80' lang='grc' dir='ltr'>Λ</span> <span class='ocrx_word' id='word_1_14' title='bbox 2409 491 2606 561; x_wconf 78' lang='lat' dir='ltr'><strong>Spiritu</strong></span> <span class='ocrx_word' id='word_1_15' title='bbox 2639 493 2869 548; x_wconf 74' lang='lat' dir='ltr'><strong>Ctttzﬂalo</strong></span> <span class='ocrx_word' id='word_1_16' title='bbox 2897 493 3236 552; x_wconf 77' lang='lat' dir='ltr'><strong>credentibus</strong></span> <span class='ocrx_word' id='word_1_17' title='bbox 3275 510 3398 554; x_wconf 78' lang='lat' dir='ltr'><strong>esse</strong></span> <span class='ocrx_word' id='word_1_18' title='bbox 3429 498 3647 555; x_wconf 85' lang='lat' dir='ltr'><strong>tributa.</strong></span> 
     </span>
    </p>
   </div>
   <div class='ocr_carea' id='block_1_4' title="bbox 713 578 3860 664">
    <p class='ocr_par' dir='ltr' id='par_1_4' title="bbox 713 578 3860 664">
     <span class='ocr_line' id='line_1_4' title="bbox 713 578 3860 664; baseline 0.004 -30"><span class='ocrx_word' id='word_1_19' title='bbox 713 578 829 647; x_wconf 88' lang='lat' dir='ltr'><strong>Quo</strong></span> <span class='ocrx_word' id='word_1_20' title='bbox 844 589 1043 635; x_wconf 73' lang='lat' dir='ltr'><strong>sancta:</strong></span> <span class='ocrx_word' id='word_1_21' title='bbox 1071 581 1287 638; x_wconf 91' lang='lat' dir='ltr'><strong>subiere</strong></span> <span class='ocrx_word' id='word_1_22' title='bbox 1318 598 1527 653; x_wconf 91' lang='lat' dir='ltr'><strong>preces,</strong></span> <span class='ocrx_word' id='word_1_23' title='bbox 1556 584 1671 640; x_wconf 88' lang='lat' dir='ltr'><strong>sine</strong></span> <span class='ocrx_word' id='word_1_24' title='bbox 1696 584 1921 640; x_wconf 89' lang='lat' dir='ltr'><strong>crimine</strong></span> <span class='ocrx_word' id='word_1_25' title='bbox 1948 583 2124 640; x_wconf 68' lang='lat' dir='ltr'><strong>missa:</strong></span> <span class='ocrx_word' id='word_1_26' title='bbox 2153 602 2166 639; x_wconf 91' lang='lat'>:</span> <span class='ocrx_word' id='word_1_27' title='bbox 2408 585 2538 653; x_wconf 67' lang='lat' dir='ltr'><strong>Quae</strong></span> <span class='ocrx_word' id='word_1_28' title='bbox 2568 585 2737 655; x_wconf 88' lang='lat' dir='ltr'><strong>pietas</strong></span> <span class='ocrx_word' id='word_1_29' title='bbox 2769 586 2974 642; x_wconf 83' lang='lat' dir='ltr'><strong>Domini</strong></span> <span class='ocrx_word' id='word_1_30' title='bbox 3007 589 3020 642; x_wconf 79' lang='grc' dir='ltr'><strong>ι</strong></span> <span class='ocrx_word' id='word_1_31' title='bbox 3051 589 3169 660; x_wconf 87' lang='lat' dir='ltr'><strong>quis</strong></span> <span class='ocrx_word' id='word_1_32' title='bbox 3201 599 3403 645; x_wconf 90' lang='lat' dir='ltr'><strong>tantum</strong></span> <span class='ocrx_word' id='word_1_33' title='bbox 3433 593 3612 648; x_wconf 89' lang='lat' dir='ltr'><strong>dicere</strong></span> <span class='ocrx_word' id='word_1_34' title='bbox 3644 593 3812 664; x_wconf 90' lang='lat' dir='ltr'><strong>possit</strong></span> <span class='ocrx_word' id='word_1_35' title='bbox 3839 635 3860 660; x_wconf 90' lang='lat'><strong>,</strong></span> 
     </span>
    </p>
   </div>
   <div class='ocr_carea' id='block_1_5' title="bbox 713 669 3915 760">
    <p class='ocr_par' dir='ltr' id='par_1_5' title="bbox 713 669 3915 760">
     <span class='ocr_line' id='line_1_5' title="bbox 713 669 3915 760; baseline 0.005 -33"><span class='ocrx_word' id='word_1_36' title='bbox 713 669 861 729; x_wconf 80' lang='lat' dir='ltr'><strong>lianc</strong></span> <span class='ocrx_word' id='word_1_37' title='bbox 885 688 1031 728; x_wconf 89' lang='lat' dir='ltr'><strong>aram</strong></span> <span class='ocrx_word' id='word_1_38' title='bbox 1064 674 1320 730; x_wconf 84' lang='lat' dir='ltr'><strong>Dominus</strong></span> <span class='ocrx_word' id='word_1_39' title='bbox 1342 676 1493 742; x_wconf 77' lang='lat' dir='ltr'><strong>dixit,</strong></span> <span class='ocrx_word' id='word_1_40' title='bbox 1528 693 1629 746; x_wconf 90' lang='lat' dir='ltr'><strong>qua</strong></span> <span class='ocrx_word' id='word_1_41' title='bbox 1655 693 1873 734; x_wconf 90' lang='lat' dir='ltr'><strong>munera</strong></span> <span class='ocrx_word' id='word_1_42' title='bbox 1899 679 1943 733; x_wconf 90' lang='lat' dir='ltr'><strong>si</strong></span> <span class='ocrx_word' id='word_1_43' title='bbox 1970 678 2090 749; x_wconf 88' lang='lat' dir='ltr'><strong>quis</strong></span> <span class='ocrx_word' id='word_1_44' title='bbox 2407 679 2843 748; x_wconf 82' lang='lat' dir='ltr'><strong>Antetribnnale,</strong></span> <span class='ocrx_word' id='word_1_45' title='bbox 2863 685 3382 754; x_wconf 89' lang='lat' dir='ltr'><strong>ante,pavimentnm</strong></span> <span class='ocrx_word' id='word_1_46' title='bbox 3411 702 3530 757; x_wconf 74' lang='lat' dir='ltr'><strong>qua:</strong></span> <span class='ocrx_word' id='word_1_47' title='bbox 3566 687 3642 760; x_wconf 85' lang='grc' dir='ltr'><strong>(Ι)</strong></span> <span class='ocrx_word' id='word_1_48' title='bbox 3687 689 3915 758; x_wconf 86' lang='lat' dir='ltr'><strong>paravit</strong></span> 
     </span>
    </p>
   </div>
   <div class='ocr_carea' id='block_1_6' title="bbox 709 763 3743 848">
    <p class='ocr_par' dir='ltr' id='par_1_6' title="bbox 709 763 3743 848">
     <span class='ocr_line' id='line_1_6' title="bbox 709 763 3743 848; baseline 0.004 -26"><span class='ocrx_word' id='word_1_49' title='bbox 709 763 899 836; x_wconf 81' lang='lat' dir='ltr'><strong>Oll‘ert,</strong></span> <span class='ocrx_word' id='word_1_50' title='bbox 923 778 981 823; x_wconf 93' lang='lat' dir='ltr'><strong>ut</strong></span> <span class='ocrx_word' id='word_1_51' title='bbox 1006 769 1238 840; x_wconf 90' lang='lat' dir='ltr'><strong>primum</strong></span> <span class='ocrx_word' id='word_1_52' title='bbox 1272 785 1454 841; x_wconf 89' lang='lat' dir='ltr'><strong>pacem</strong></span> <span class='ocrx_word' id='word_1_53' title='bbox 1483 786 1604 826; x_wconf 93' lang='lat' dir='ltr'><strong>cum</strong></span> <span class='ocrx_word' id='word_1_54' title='bbox 1632 772 1795 826; x_wconf 79' lang='lat' dir='ltr'><strong>fratre</strong></span> <span class='ocrx_word' id='word_1_55' title='bbox 1816 781 2092 840; x_wconf 85' lang='lat' dir='ltr'><strong>retractet,</strong></span> <span class='ocrx_word' id='word_1_56' title='bbox 2407 769 2477 826; x_wconf 90' lang='lat' dir='ltr'><strong>Ut</strong></span> <span class='ocrx_word' id='word_1_57' title='bbox 2502 771 2615 824; x_wconf 76' lang='lat' dir='ltr'><strong>fora</strong></span> <span class='ocrx_word' id='word_1_58' title='bbox 2645 771 3008 844; x_wconf 78' lang='lat' dir='ltr'><strong>iudiciumque</strong></span> <span class='ocrx_word' id='word_1_59' title='bbox 3034 774 3137 830; x_wconf 85' lang='lat' dir='ltr'><strong>sibi</strong></span> <span class='ocrx_word' id='word_1_60' title='bbox 3161 776 3457 847; x_wconf 88' lang='lat' dir='ltr'><strong>anticipare</strong></span> <span class='ocrx_word' id='word_1_61' title='bbox 3482 778 3743 848; x_wconf 88' lang='lat' dir='ltr'><strong>volentes,</strong></span> 
     </span>
    </p>
   </div>
   <div class='ocr_carea' id='block_1_7' title="bbox 710 861 3623 939">
    <p class='ocr_par' dir='ltr' id='par_1_7' title="bbox 710 861 3623 939">
     <span class='ocr_line' id='line_1_7' title="bbox 710 861 3623 939; baseline 0.002 -19"><span class='ocrx_word' id='word_1_62' title='bbox 710 861 801 920; x_wconf 91' lang='lat' dir='ltr'><strong>Sic</strong></span> <span class='ocrx_word' id='word_1_63' title='bbox 821 863 1034 919; x_wconf 91' lang='lat' dir='ltr'><strong>demum</strong></span> <span class='ocrx_word' id='word_1_64' title='bbox 1064 863 1291 936; x_wconf 82' lang='lat' dir='ltr'><strong>ﬂagrare</strong></span> <span class='ocrx_word' id='word_1_65' title='bbox 1317 880 1499 936; x_wconf 89' lang='lat' dir='ltr'><strong>preces</strong></span> <span class='ocrx_word' id='word_1_66' title='bbox 1524 865 1588 921; x_wconf 92' lang='lat' dir='ltr'><strong>ad</strong></span> <span class='ocrx_word' id='word_1_67' title='bbox 1617 865 1796 922; x_wconf 90' lang='lat' dir='ltr'><strong>sidera</strong></span> <span class='ocrx_word' id='word_1_68' title='bbox 1827 878 2070 935; x_wconf 84' lang='lat' dir='ltr'><strong>possunt.</strong></span> <span class='ocrx_word' id='word_1_69' title='bbox 2409 861 2475 918; x_wconf 82' lang='lat' dir='ltr'><strong>Et</strong></span> <span class='ocrx_word' id='word_1_70' title='bbox 2504 862 2771 935; x_wconf 79' lang='lat' dir='ltr'><strong>fugerent,</strong></span> <span class='ocrx_word' id='word_1_71' title='bbox 2803 874 2947 921; x_wconf 89' lang='lat' dir='ltr'><strong>esset</strong></span> <span class='ocrx_word' id='word_1_72' title='bbox 2978 869 3280 936; x_wconf 87' lang='lat' dir='ltr'><strong>properanti</strong></span> <span class='ocrx_word' id='word_1_73' title='bbox 3302 869 3454 939; x_wconf 83' lang='lat' dir='ltr'><strong>cepia</strong></span> <span class='ocrx_word' id='word_1_74' title='bbox 3484 869 3623 926; x_wconf 87' lang='lat' dir='ltr'><strong>lata!</strong></span> 
     </span>
    </p>
   </div>
   <div class='ocr_carea' id='block_1_8' title="bbox 712 955 3407 1028">
    <p class='ocr_par' dir='ltr' id='par_1_8' title="bbox 712 955 3407 1028">
     <span class='ocr_line' id='line_1_8' title="bbox 712 955 3407 1028; baseline 0.002 -18"><span class='ocrx_word' id='word_1_75' title='bbox 712 955 824 1011; x_wconf 90' lang='lat' dir='ltr'><strong>lloc</strong></span> <span class='ocrx_word' id='word_1_76' title='bbox 844 955 1110 1023; x_wconf 89' lang='lat' dir='ltr'><strong>Christus,</strong></span> <span class='ocrx_word' id='word_1_77' title='bbox 1143 959 1313 1013; x_wconf 92' lang='lat' dir='ltr'><strong>victor</strong></span> <span class='ocrx_word' id='word_1_78' title='bbox 1339 958 1486 1013; x_wconf 85' lang='lat' dir='ltr'><strong>solus</strong></span> <span class='ocrx_word' id='word_1_79' title='bbox 1517 957 1823 1028; x_wconf 89' lang='lat' dir='ltr'><strong>primusque</strong></span> <span class='ocrx_word' id='word_1_80' title='bbox 1844 958 2116 1025; x_wconf 89' lang='lat' dir='ltr'><strong>sacerdos,</strong></span> <span class='ocrx_word' id='word_1_81' title='bbox 3009 957 3238 1016; x_wconf 77' lang='lat' dir='ltr'><strong>CAPUT</strong></span> <span class='ocrx_word' id='word_1_82' title='bbox 3277 959 3407 1017; x_wconf 70' lang='lat' dir='ltr'><strong>Vill.</strong></span> 
     </span>
    </p>
   </div>
   <div class='ocr_carea' id='block_1_9' title="bbox 709 1046 3712 1127">
    <p class='ocr_par' dir='ltr' id='par_1_9' title="bbox 709 1046 3712 1127">
     <span class='ocr_line' id='line_1_9' title="bbox 709 1046 3712 1127; baseline 0.002 -23"><span class='ocrx_word' id='word_1_83' title='bbox 709 1047 912 1104; x_wconf 89' lang='lat' dir='ltr'><strong>Obtulit</strong></span> <span class='ocrx_word' id='word_1_84' title='bbox 941 1048 1238 1113; x_wconf 89' lang='lat' dir='ltr'><strong>incensum,</strong></span> <span class='ocrx_word' id='word_1_85' title='bbox 1269 1051 1518 1121; x_wconf 91' lang='lat' dir='ltr'><strong>precibus</strong></span> <span class='ocrx_word' id='word_1_86' title='bbox 1545 1066 1650 1104; x_wconf 88' lang='lat' dir='ltr'><strong>non</strong></span> <span class='ocrx_word' id='word_1_87' title='bbox 1674 1049 1866 1106; x_wconf 89' lang='lat' dir='ltr'><strong>arbore</strong></span> <span class='ocrx_word' id='word_1_88' title='bbox 1898 1061 2101 1107; x_wconf 81' lang='lat' dir='ltr'><strong>natum.</strong></span> <span class='ocrx_word' id='word_1_89' title='bbox 2479 1046 2569 1103; x_wconf 91' lang='lat' dir='ltr'><strong>Sic</strong></span> <span class='ocrx_word' id='word_1_90' title='bbox 2595 1048 2754 1120; x_wconf 79' lang='lat' dir='ltr'><strong>igitur</strong></span> <span class='ocrx_word' id='word_1_91' title='bbox 2783 1050 2893 1105; x_wconf 75' lang='lat' dir='ltr'><strong>Lex</strong></span> <span class='ocrx_word' id='word_1_92' title='bbox 2923 1059 2977 1106; x_wconf 92' lang='lat' dir='ltr'><strong>et</strong></span> <span class='ocrx_word' id='word_1_93' title='bbox 3003 1052 3122 1107; x_wconf 91' lang='lat' dir='ltr'><strong>miri</strong></span> <span class='ocrx_word' id='word_1_94' title='bbox 3151 1054 3396 1110; x_wconf 84' lang='lat' dir='ltr'><strong>cecinere</strong></span> <span class='ocrx_word' id='word_1_95' title='bbox 3418 1054 3712 1127; x_wconf 67' lang='lat' dir='ltr'><strong>prophetae,</strong></span> 
     </span>
    </p>
   </div>
   <div class='ocr_carea' id='block_1_10' title="bbox 709 1139 3838 1222">
    <p class='ocr_par' dir='ltr' id='par_1_10' title="bbox 709 1139 3838 1222">
     <span class='ocr_line' id='line_1_10' title="bbox 709 1139 3838 1222; baseline 0.004 -25"><span class='ocrx_word' id='word_1_96' title='bbox 709 1140 841 1197; x_wconf 85' lang='lat' dir='ltr'><strong>Nam</strong></span> <span class='ocrx_word' id='word_1_97' title='bbox 869 1139 1140 1199; x_wconf 87' lang='lat' dir='ltr'><strong>Cherubin</strong></span> <span class='ocrx_word' id='word_1_98' title='bbox 1169 1158 1291 1197; x_wconf 90' lang='lat' dir='ltr'><strong>cum</strong></span> <span class='ocrx_word' id='word_1_99' title='bbox 1311 1144 1381 1198; x_wconf 90' lang='lat' dir='ltr'><strong>sit</strong></span> <span class='ocrx_word' id='word_1_100' title='bbox 1405 1142 1488 1198; x_wconf 87' lang='lat' dir='ltr'><strong>bis</strong></span> <span class='ocrx_word' id='word_1_101' title='bbox 1516 1142 1654 1198; x_wconf 87' lang='lat' dir='ltr'><strong>binis</strong></span> <span class='ocrx_word' id='word_1_102' title='bbox 1681 1143 1914 1199; x_wconf 82' lang='lat' dir='ltr'><strong>vultibus</strong></span> <span class='ocrx_word' id='word_1_103' title='bbox 1937 1161 2122 1214; x_wconf 91' lang='lat' dir='ltr'><strong>unum,</strong></span> <span class='ocrx_word' id='word_1_104' title='bbox 2406 1141 2593 1198; x_wconf 89' lang='lat' dir='ltr'><strong>Omnia</strong></span> <span class='ocrx_word' id='word_1_105' title='bbox 2621 1146 2698 1220; x_wconf 84' lang='lat' dir='ltr'><strong>sic</strong></span> <span class='ocrx_word' id='word_1_106' title='bbox 2730 1145 3014 1216; x_wconf 87' lang='lat' dir='ltr'><strong>conjuncta</strong></span> <span class='ocrx_word' id='word_1_107' title='bbox 3045 1148 3242 1218; x_wconf 79' lang='lat' dir='ltr'><strong>vigent,</strong></span> <span class='ocrx_word' id='word_1_108' title='bbox 3272 1152 3576 1222; x_wconf 80' lang='lat' dir='ltr'><strong>veterisque</strong></span> <span class='ocrx_word' id='word_1_109' title='bbox 3603 1152 3838 1222; x_wconf 89' lang='lat' dir='ltr'><strong>novique</strong></span> 
     </span>
    </p>
   </div>
   <div class='ocr_carea' id='block_1_11' title="bbox 714 1233 3822 1308">
    <p class='ocr_par' dir='ltr' id='par_1_11' title="bbox 714 1233 3822 1308">
     <span class='ocr_line' id='line_1_11' title="bbox 714 1233 3822 1308; baseline 0.002 -18"><span class='ocrx_word' id='word_1_110' title='bbox 714 1233 812 1291; x_wconf 87' lang='lat' dir='ltr'><strong>Est</strong></span> <span class='ocrx_word' id='word_1_111' title='bbox 847 1250 1009 1290; x_wconf 92' lang='lat' dir='ltr'><strong>unum</strong></span> <span class='ocrx_word' id='word_1_112' title='bbox 1039 1236 1286 1301; x_wconf 88' lang='lat' dir='ltr'><strong>verbum,</strong></span> <span class='ocrx_word' id='word_1_113' title='bbox 1317 1251 1413 1307; x_wconf 88' lang='lat' dir='ltr'><strong>per</strong></span> <span class='ocrx_word' id='word_1_114' title='bbox 1433 1245 1683 1306; x_wconf 90' lang='lat' dir='ltr'><strong>quattuor</strong></span> <span class='ocrx_word' id='word_1_115' title='bbox 1703 1238 1893 1293; x_wconf 90' lang='lat' dir='ltr'><strong>ordine</strong></span> <span class='ocrx_word' id='word_1_116' title='bbox 1915 1239 2155 1308; x_wconf 92' lang='lat' dir='ltr'><strong>ductum,</strong></span> <span class='ocrx_word' id='word_1_117' title='bbox 2406 1235 2670 1305; x_wconf 75' lang='lat' dir='ltr'><strong>Ftederis,</strong></span> <span class='ocrx_word' id='word_1_118' title='bbox 2699 1239 2784 1293; x_wconf 90' lang='lat' dir='ltr'><strong>illa</strong></span> <span class='ocrx_word' id='word_1_119' title='bbox 2815 1255 2964 1295; x_wconf 88' lang='lat' dir='ltr'><strong>sacra</strong></span> <span class='ocrx_word' id='word_1_120' title='bbox 2993 1249 3048 1294; x_wconf 92' lang='lat' dir='ltr'><strong>ct</strong></span> <span class='ocrx_word' id='word_1_121' title='bbox 3069 1241 3350 1296; x_wconf 80' lang='lat' dir='ltr'><strong>verborum</strong></span> <span class='ocrx_word' id='word_1_122' title='bbox 3381 1244 3632 1299; x_wconf 86' lang='lat' dir='ltr'><strong>immania</strong></span> <span class='ocrx_word' id='word_1_123' title='bbox 3660 1245 3822 1300; x_wconf 90' lang='lat' dir='ltr'><strong>dicta.</strong></span> 
     </span>
    </p>
   </div>
   <div class='ocr_carea' id='block_1_12' title="bbox 712 1326 3608 1406">
    <p class='ocr_par' dir='ltr' id='par_1_12' title="bbox 712 1326 3608 1406">
     <span class='ocr_line' id='line_1_12' title="bbox 712 1326 3608 1406; baseline 0.003 -24"><span class='ocrx_word' id='word_1_124' title='bbox 712 1326 790 1382; x_wconf 93' lang='lat' dir='ltr'><strong>De</strong></span> <span class='ocrx_word' id='word_1_125' title='bbox 826 1327 984 1383; x_wconf 83' lang='lat' dir='ltr'><strong>Patre</strong></span> <span class='ocrx_word' id='word_1_126' title='bbox 1012 1342 1129 1398; x_wconf 74' lang='lat' dir='ltr'><strong>qua:</strong></span> <span class='ocrx_word' id='word_1_127' title='bbox 1156 1326 1399 1383; x_wconf 85' lang='lat' dir='ltr'><strong>Christus</strong></span> <span class='ocrx_word' id='word_1_128' title='bbox 1426 1328 1734 1398; x_wconf 89' lang='lat' dir='ltr'><strong>plenissima</strong></span> <span class='ocrx_word' id='word_1_129' title='bbox 1762 1329 1981 1401; x_wconf 86' lang='lat' dir='ltr'><strong>pertulit</strong></span> <span class='ocrx_word' id='word_1_130' title='bbox 2011 1332 2125 1402; x_wconf 86' lang='lat' dir='ltr'><strong>ipse</strong></span> <span class='ocrx_word' id='word_1_131' title='bbox 2405 1329 2493 1383; x_wconf 93' lang='lat' dir='ltr'><strong>Sic</strong></span> <span class='ocrx_word' id='word_1_132' title='bbox 2515 1339 2568 1384; x_wconf 93' lang='lat' dir='ltr'><strong>et</strong></span> <span class='ocrx_word' id='word_1_133' title='bbox 2587 1331 2893 1399; x_wconf 53' lang='lat' dir='ltr'><strong>apostolicae</strong></span> <span class='ocrx_word' id='word_1_134' title='bbox 2918 1346 3076 1387; x_wconf 83' lang='lat' dir='ltr'><strong>voces</strong></span> <span class='ocrx_word' id='word_1_135' title='bbox 3105 1341 3366 1389; x_wconf 85' lang='lat' dir='ltr'><strong>testantur</strong></span> <span class='ocrx_word' id='word_1_136' title='bbox 3395 1338 3608 1406; x_wconf 90' lang='lat' dir='ltr'><strong>ubique,</strong></span> 
     </span>
    </p>
   </div>
   <div class='ocr_carea' id='block_1_13' title="bbox 710 1420 4028 1503">
    <p class='ocr_par' dir='ltr' id='par_1_13' title="bbox 710 1420 4028 1503">
     <span class='ocr_line' id='line_1_13' title="bbox 710 1420 4028 1503; baseline 0.003 -24"><span class='ocrx_word' id='word_1_137' title='bbox 710 1420 955 1479; x_wconf 77' lang='lat' dir='ltr'><strong>Mandata</strong></span> <span class='ocrx_word' id='word_1_138' title='bbox 982 1432 1189 1493; x_wconf 87' lang='lat' dir='ltr'><strong>sperata</strong></span> <span class='ocrx_word' id='word_1_139' title='bbox 1215 1423 1361 1489; x_wconf 89' lang='lat' dir='ltr'><strong>novi,</strong></span> <span class='ocrx_word' id='word_1_140' title='bbox 1391 1423 1582 1479; x_wconf 88' lang='lat' dir='ltr'><strong>solatia</strong></span> <span class='ocrx_word' id='word_1_141' title='bbox 1612 1424 1755 1479; x_wconf 73' lang='lat' dir='ltr'><strong>vitze.</strong></span> <span class='ocrx_word' id='word_1_142' title='bbox 2405 1421 2520 1478; x_wconf 86' lang='lat' dir='ltr'><strong>Nec</strong></span> <span class='ocrx_word' id='word_1_143' title='bbox 2545 1423 2832 1496; x_wconf 85' lang='lat' dir='ltr'><strong>quidquam</strong></span> <span class='ocrx_word' id='word_1_144' title='bbox 2862 1425 3062 1481; x_wconf 84' lang='lat' dir='ltr'><strong>veteris</strong></span> <span class='ocrx_word' id='word_1_145' title='bbox 3087 1441 3193 1482; x_wconf 91' lang='lat' dir='ltr'><strong>nou</strong></span> <span class='ocrx_word' id='word_1_146' title='bbox 3223 1436 3305 1483; x_wconf 91' lang='lat' dir='ltr'><strong>est</strong></span> <span class='ocrx_word' id='word_1_147' title='bbox 3333 1443 3471 1484; x_wconf 86' lang='lat' dir='ltr'><strong>novo</strong></span> <span class='ocrx_word' id='word_1_148' title='bbox 3491 1429 3720 1502; x_wconf 90' lang='lat' dir='ltr'><strong>denique</strong></span> <span class='ocrx_word' id='word_1_149' title='bbox 3731 1431 4028 1503; x_wconf 85' lang='lat' dir='ltr'><strong>junctum.</strong></span> 
     </span>
    </p>
   </div>
   <div class='ocr_carea' id='block_1_14' title="bbox 709 1515 3713 1594">
    <p class='ocr_par' dir='ltr' id='par_1_14' title="bbox 709 1515 3713 1594">
     <span class='ocr_line' id='line_1_14' title="bbox 709 1515 3713 1594; baseline 0.002 -23"><span class='ocrx_word' id='word_1_150' title='bbox 709 1517 810 1571; x_wconf 84' lang='lat' dir='ltr'><strong>Ast</strong></span> <span class='ocrx_word' id='word_1_151' title='bbox 833 1524 1018 1586; x_wconf 88' lang='lat' dir='ltr'><strong>quater</strong></span> <span class='ocrx_word' id='word_1_152' title='bbox 1033 1516 1130 1573; x_wconf 60' lang='lat' dir='ltr'><strong>alie</strong></span> <span class='ocrx_word' id='word_1_153' title='bbox 1154 1533 1248 1573; x_wconf 77' lang='lat' dir='ltr'><strong>sex</strong></span> <span class='ocrx_word' id='word_1_154' title='bbox 1271 1515 1369 1589; x_wconf 91' lang='lat' dir='ltr'><strong>(a),</strong></span> <span class='ocrx_word' id='word_1_155' title='bbox 1399 1516 1594 1572; x_wconf 89' lang='lat' dir='ltr'><strong>veteris</strong></span> <span class='ocrx_word' id='word_1_156' title='bbox 1622 1518 1887 1587; x_wconf 62' lang='lat' dir='ltr'><strong>praeconia</strong></span> <span class='ocrx_word' id='word_1_157' title='bbox 1913 1519 2078 1586; x_wconf 86' lang='lat' dir='ltr'><strong>verbi,</strong></span> <span class='ocrx_word' id='word_1_158' title='bbox 2405 1516 2492 1571; x_wconf 90' lang='lat' dir='ltr'><strong>Sic</strong></span> <span class='ocrx_word' id='word_1_159' title='bbox 2522 1527 2724 1584; x_wconf 82' lang='lat' dir='ltr'><strong>errant,</strong></span> <span class='ocrx_word' id='word_1_160' title='bbox 2749 1527 2804 1572; x_wconf 92' lang='lat' dir='ltr'><strong>et</strong></span> <span class='ocrx_word' id='word_1_161' title='bbox 2830 1517 3093 1574; x_wconf 89' lang='lat' dir='ltr'><strong>dictorum</strong></span> <span class='ocrx_word' id='word_1_162' title='bbox 3121 1520 3197 1574; x_wconf 91' lang='lat' dir='ltr'><strong>sic</strong></span> <span class='ocrx_word' id='word_1_163' title='bbox 3225 1519 3361 1576; x_wconf 75' lang='lat' dir='ltr'><strong>facta</strong></span> <span class='ocrx_word' id='word_1_164' title='bbox 3385 1531 3713 1594; x_wconf 88' lang='lat' dir='ltr'><strong>retorquent,</strong></span> 
     </span>
    </p>
   </div>
   <div class='ocr_carea' id='block_1_15' title="bbox 712 1609 3836 1690">
    <p class='ocr_par' dir='ltr' id='par_1_15' title="bbox 712 1609 3836 1690">
     <span class='ocr_line' id='line_1_15' title="bbox 712 1609 3836 1690; baseline 0.003 -24"><span class='ocrx_word' id='word_1_165' title='bbox 712 1609 1076 1690; x_wconf 81' lang='lat' dir='ltr'><strong>Tcstillcantis</strong></span> <span class='ocrx_word' id='word_1_166' title='bbox 1102 1626 1164 1666; x_wconf 89' lang='lat' dir='ltr'><strong>ea</strong></span> <span class='ocrx_word' id='word_1_167' title='bbox 1192 1626 1310 1683; x_wconf 69' lang='lat' dir='ltr'><strong>qua:</strong></span> <span class='ocrx_word' id='word_1_168' title='bbox 1331 1621 1514 1681; x_wconf 88' lang='lat' dir='ltr'><strong>postea</strong></span> <span class='ocrx_word' id='word_1_169' title='bbox 1542 1613 1679 1668; x_wconf 83' lang='lat' dir='ltr'><strong>laeta</strong></span> <span class='ocrx_word' id='word_1_170' title='bbox 1705 1613 1960 1669; x_wconf 89' lang='lat' dir='ltr'><strong>docemur</strong></span> <span class='ocrx_word' id='word_1_171' title='bbox 1982 1631 2003 1680; x_wconf 91' lang='lat'><strong><em>;</em></strong></span> <span class='ocrx_word' id='word_1_172' title='bbox 2406 1610 2506 1679; x_wconf 88' lang='lat' dir='ltr'><strong>Qui</strong></span> <span class='ocrx_word' id='word_1_173' title='bbox 2536 1611 2692 1666; x_wconf 81' lang='lat' dir='ltr'><strong>falsas</strong></span> <span class='ocrx_word' id='word_1_174' title='bbox 2723 1611 2926 1667; x_wconf 79' lang='lat' dir='ltr'><strong>tinxere</strong></span> <span class='ocrx_word' id='word_1_175' title='bbox 2955 1613 3106 1679; x_wconf 88' lang='lat' dir='ltr'><strong>vias;</strong></span> <span class='ocrx_word' id='word_1_176' title='bbox 3138 1613 3526 1686; x_wconf 91' lang='lat' dir='ltr'><strong>Dominumque</strong></span> <span class='ocrx_word' id='word_1_177' title='bbox 3556 1617 3836 1690; x_wconf 88' lang='lat' dir='ltr'><strong>Deumque</strong></span> 
     </span>
    </p>
   </div>
   <div class='ocr_carea' id='block_1_16' title="bbox 712 1688 3749 1778">
    <p class='ocr_par' dir='ltr' id='par_1_16' title="bbox 712 1688 3749 1778">
     <span class='ocr_line' id='line_1_16' title="bbox 712 1688 3749 1778; baseline 0.002 -18"><span class='ocrx_word' id='word_1_178' title='bbox 712 1704 807 1760; x_wconf 84' lang='lat' dir='ltr'><strong>llis</strong></span> <span class='ocrx_word' id='word_1_179' title='bbox 833 1688 935 1760; x_wconf 79' lang='lat' dir='ltr'><strong>alis</strong></span> <span class='ocrx_word' id='word_1_180' title='bbox 963 1705 1187 1761; x_wconf 87' lang='lat' dir='ltr'><strong>volitant</strong></span> <span class='ocrx_word' id='word_1_181' title='bbox 1209 1705 1446 1762; x_wconf 84' lang='lat' dir='ltr'><strong>coelestia</strong></span> <span class='ocrx_word' id='word_1_182' title='bbox 1478 1707 1638 1763; x_wconf 89' lang='lat' dir='ltr'><strong>verba</strong></span> <span class='ocrx_word' id='word_1_183' title='bbox 1669 1722 1763 1777; x_wconf 91' lang='lat' dir='ltr'><strong>per</strong></span> <span class='ocrx_word' id='word_1_184' title='bbox 1781 1708 1967 1764; x_wconf 90' lang='lat' dir='ltr'><strong>orbem</strong></span> <span class='ocrx_word' id='word_1_185' title='bbox 1993 1726 2007 1774; x_wconf 88' lang='lat'><strong>;</strong></span> <span class='ocrx_word' id='word_1_186' title='bbox 2408 1704 2690 1762; x_wconf 66' lang='lat' dir='ltr'><strong>Eternum</strong></span> <span class='ocrx_word' id='word_1_187' title='bbox 2715 1721 2919 1775; x_wconf 81' lang='lat' dir='ltr'><strong>regem,</strong></span> <span class='ocrx_word' id='word_1_188' title='bbox 2942 1707 3031 1778; x_wconf 90' lang='lat' dir='ltr'><strong>qui</strong></span> <span class='ocrx_word' id='word_1_189' title='bbox 3059 1716 3262 1762; x_wconf 89' lang='lat' dir='ltr'><strong>tantum</strong></span> <span class='ocrx_word' id='word_1_190' title='bbox 3291 1709 3510 1778; x_wconf 89' lang='lat' dir='ltr'><strong>protulit</strong></span> <span class='ocrx_word' id='word_1_191' title='bbox 3538 1710 3749 1776; x_wconf 88' lang='lat' dir='ltr'><strong>orbem,</strong></span> 
     </span>
    </p>
   </div>
   <div class='ocr_carea' id='block_1_17' title="bbox 711 1798 3762 1872">
    <p class='ocr_par' dir='ltr' id='par_1_17' title="bbox 711 1798 3762 1872">
     <span class='ocr_line' id='line_1_17' title="bbox 711 1798 3762 1872; baseline 0.002 -18"><span class='ocrx_word' id='word_1_192' title='bbox 711 1798 806 1854; x_wconf 87' lang='lat' dir='ltr'><strong>llis</strong></span> <span class='ocrx_word' id='word_1_193' title='bbox 830 1799 990 1854; x_wconf 90' lang='lat' dir='ltr'><strong>etiam</strong></span> <span class='ocrx_word' id='word_1_194' title='bbox 1017 1798 1214 1856; x_wconf 84' lang='lat' dir='ltr'><strong>Christi</strong></span> <span class='ocrx_word' id='word_1_195' title='bbox 1244 1801 1460 1871; x_wconf 84' lang='lat' dir='ltr'><strong>sanguis</strong></span> <span class='ocrx_word' id='word_1_196' title='bbox 1486 1809 1766 1856; x_wconf 80' lang='lat' dir='ltr'><strong>contextus</strong></span> <span class='ocrx_word' id='word_1_197' title='bbox 1789 1801 2034 1872; x_wconf 86' lang='lat' dir='ltr'><strong>habetur,</strong></span> <span class='ocrx_word' id='word_1_198' title='bbox 2409 1800 2714 1854; x_wconf 84' lang='lat' dir='ltr'><strong>Detrectant</strong></span> <span class='ocrx_word' id='word_1_199' title='bbox 2741 1817 2755 1864; x_wconf 92' lang='lat'><strong>;</strong></span> <span class='ocrx_word' id='word_1_200' title='bbox 2780 1799 2922 1854; x_wconf 88' lang='lat' dir='ltr'><strong>aliud</strong></span> <span class='ocrx_word' id='word_1_201' title='bbox 2945 1811 3193 1871; x_wconf 58' lang='lat' dir='ltr'><strong>quaerunt</strong></span> <span class='ocrx_word' id='word_1_202' title='bbox 3221 1802 3321 1856; x_wconf 86' lang='lat' dir='ltr'><strong>sub</strong></span> <span class='ocrx_word' id='word_1_203' title='bbox 3351 1803 3564 1858; x_wconf 84' lang='lat' dir='ltr'><strong>nomine</strong></span> <span class='ocrx_word' id='word_1_204' title='bbox 3588 1803 3714 1859; x_wconf 80' lang='lat' dir='ltr'><strong>ﬁcto</strong></span> <span class='ocrx_word' id='word_1_205' title='bbox 3745 1821 3762 1871; x_wconf 87' lang='lat'><strong>;</strong></span> 
     </span>
    </p>
   </div>
   <div class='ocr_carea' id='block_1_18' title="bbox 709 1888 3620 1965">
    <p class='ocr_par' dir='ltr' id='par_1_18' title="bbox 709 1888 3620 1965">
     <span class='ocr_line' id='line_1_18' title="bbox 709 1888 3620 1965; baseline 0.002 -18"><span class='ocrx_word' id='word_1_206' title='bbox 709 1890 964 1948; x_wconf 78' lang='lat' dir='ltr'><strong>Obscura:</strong></span> <span class='ocrx_word' id='word_1_207' title='bbox 990 1901 1168 1947; x_wconf 87' lang='lat' dir='ltr'><strong>vatum</strong></span> <span class='ocrx_word' id='word_1_208' title='bbox 1200 1906 1444 1963; x_wconf 67' lang='lat' dir='ltr'><strong>praesago</strong></span> <span class='ocrx_word' id='word_1_209' title='bbox 1467 1891 1645 1947; x_wconf 84' lang='lat' dir='ltr'><strong>dictus</strong></span> <span class='ocrx_word' id='word_1_210' title='bbox 1669 1893 1737 1947; x_wconf 90' lang='lat' dir='ltr'><strong>ab</strong></span> <span class='ocrx_word' id='word_1_211' title='bbox 1765 1907 1879 1948; x_wconf 91' lang='lat' dir='ltr'><strong>ore.</strong></span> <span class='ocrx_word' id='word_1_212' title='bbox 2331 1896 2379 1956; x_wconf 82' lang='grc' dir='ltr'><strong>Β</strong></span> <span class='ocrx_word' id='word_1_213' title='bbox 2407 1888 2673 1948; x_wconf 83' lang='lat' dir='ltr'><strong>Mentibus</strong></span> <span class='ocrx_word' id='word_1_214' title='bbox 2715 1894 2908 1961; x_wconf 89' lang='lat' dir='ltr'><strong>orbati,</strong></span> <span class='ocrx_word' id='word_1_215' title='bbox 2934 1909 3066 1965; x_wconf 92' lang='lat' dir='ltr'><strong>quas</strong></span> <span class='ocrx_word' id='word_1_216' title='bbox 3091 1897 3321 1952; x_wconf 91' lang='lat' dir='ltr'><strong>amisere</strong></span> <span class='ocrx_word' id='word_1_217' title='bbox 3353 1897 3620 1964; x_wconf 76' lang='lat' dir='ltr'><strong>furentes;</strong></span> 
     </span>
    </p>
   </div>
   <div class='ocr_carea' id='block_1_19' title="bbox 708 1983 3712 2058">
    <p class='ocr_par' dir='ltr' id='par_1_19' title="bbox 708 1983 3712 2058">
     <span class='ocr_line' id='line_1_19' title="bbox 708 1983 3712 2058; baseline 0.003 -19"><span class='ocrx_word' id='word_1_218' title='bbox 708 1983 927 2039; x_wconf 81' lang='lat' dir='ltr'><strong>Alarum</strong></span> <span class='ocrx_word' id='word_1_219' title='bbox 955 1998 1208 2040; x_wconf 87' lang='lat' dir='ltr'><strong>numerus</strong></span> <span class='ocrx_word' id='word_1_220' title='bbox 1231 1984 1445 2056; x_wconf 88' lang='lat' dir='ltr'><strong>antiqua</strong></span> <span class='ocrx_word' id='word_1_221' title='bbox 1472 1984 1741 2040; x_wconf 89' lang='lat' dir='ltr'><strong>volumina</strong></span> <span class='ocrx_word' id='word_1_222' title='bbox 1772 1985 1987 2058; x_wconf 84' lang='lat' dir='ltr'><strong>signat,</strong></span> <span class='ocrx_word' id='word_1_223' title='bbox 2410 1989 2702 2044; x_wconf 74' lang='lat' dir='ltr'><strong>Externum</strong></span> <span class='ocrx_word' id='word_1_224' title='bbox 2728 1987 2828 2058; x_wconf 81' lang='lat' dir='ltr'><strong>legi</strong></span> <span class='ocrx_word' id='word_1_225' title='bbox 2858 1988 3127 2044; x_wconf 83' lang='lat' dir='ltr'><strong>Christum</strong></span> <span class='ocrx_word' id='word_1_226' title='bbox 3159 1989 3429 2046; x_wconf 79' lang='lat' dir='ltr'><strong>afﬁrmare</strong></span> <span class='ocrx_word' id='word_1_227' title='bbox 3449 1992 3712 2057; x_wconf 89' lang='lat' dir='ltr'><strong>volentes,</strong></span> 
     </span>
    </p>
   </div>
   <div class='ocr_carea' id='block_1_20' title="bbox 711 2074 3951 2154">
    <p class='ocr_par' dir='ltr' id='par_1_20' title="bbox 711 2074 3951 2154">
     <span class='ocr_line' id='line_1_20' title="bbox 711 2074 3951 2154; baseline 0.003 -23"><span class='ocrx_word' id='word_1_228' title='bbox 711 2074 846 2132; x_wconf 85' lang='lat' dir='ltr'><strong>Esse</strong></span> <span class='ocrx_word' id='word_1_229' title='bbox 868 2076 997 2132; x_wconf 89' lang='lat' dir='ltr'><strong>satis</strong></span> <span class='ocrx_word' id='word_1_230' title='bbox 1025 2087 1170 2132; x_wconf 79' lang='lat' dir='ltr'><strong>certa</strong></span> <span class='ocrx_word' id='word_1_231' title='bbox 1201 2076 1384 2148; x_wconf 82' lang='lat' dir='ltr'><strong>viginti</strong></span> <span class='ocrx_word' id='word_1_232' title='bbox 1409 2085 1658 2148; x_wconf 90' lang='lat' dir='ltr'><strong>quattuor</strong></span> <span class='ocrx_word' id='word_1_233' title='bbox 1687 2078 1808 2142; x_wconf 89' lang='lat' dir='ltr'><strong>ista,</strong></span> <span class='ocrx_word' id='word_1_234' title='bbox 2411 2080 2520 2136; x_wconf 87' lang='lat' dir='ltr'><strong>Nec</strong></span> <span class='ocrx_word' id='word_1_235' title='bbox 2539 2080 2719 2135; x_wconf 88' lang='lat' dir='ltr'><strong>mundi</strong></span> <span class='ocrx_word' id='word_1_236' title='bbox 2755 2080 3059 2147; x_wconf 90' lang='lat' dir='ltr'><strong>Dominum,</strong></span> <span class='ocrx_word' id='word_1_237' title='bbox 3088 2081 3264 2136; x_wconf 89' lang='lat' dir='ltr'><strong>carnis</strong></span> <span class='ocrx_word' id='word_1_238' title='bbox 3293 2098 3469 2153; x_wconf 85' lang='lat' dir='ltr'><strong>neque</strong></span> <span class='ocrx_word' id='word_1_239' title='bbox 3495 2084 3633 2138; x_wconf 85' lang='lat' dir='ltr'><strong>velle</strong></span> <span class='ocrx_word' id='word_1_240' title='bbox 3661 2085 3904 2141; x_wconf 87' lang='lat' dir='ltr'><strong>salutem</strong></span> <span class='ocrx_word' id='word_1_241' title='bbox 3933 2127 3951 2154; x_wconf 92' lang='lat'><strong>,</strong></span> 
     </span>
    </p>
   </div>
   <div class='ocr_carea' id='block_1_21' title="bbox 707 2169 3773 2247">
    <p class='ocr_par' dir='ltr' id='par_1_21' title="bbox 707 2169 3773 2247">
     <span class='ocr_line' id='line_1_21' title="bbox 707 2169 3773 2247; baseline 0.002 -22"><span class='ocrx_word' id='word_1_242' title='bbox 707 2171 838 2239; x_wconf 66' lang='lat' dir='ltr'><strong>Quae</strong></span> <span class='ocrx_word' id='word_1_243' title='bbox 868 2169 1078 2226; x_wconf 89' lang='lat' dir='ltr'><strong>Domini</strong></span> <span class='ocrx_word' id='word_1_244' title='bbox 1108 2172 1354 2226; x_wconf 88' lang='lat' dir='ltr'><strong>cecinere</strong></span> <span class='ocrx_word' id='word_1_245' title='bbox 1381 2171 1491 2227; x_wconf 86' lang='lat' dir='ltr'><strong>vias</strong></span> <span class='ocrx_word' id='word_1_246' title='bbox 1513 2180 1568 2227; x_wconf 92' lang='lat' dir='ltr'><strong>et</strong></span> <span class='ocrx_word' id='word_1_247' title='bbox 1595 2181 1838 2243; x_wconf 87' lang='lat' dir='ltr'><strong>tempora</strong></span> <span class='ocrx_word' id='word_1_248' title='bbox 1863 2174 2029 2245; x_wconf 89' lang='lat' dir='ltr'><strong>pacis.</strong></span> <span class='ocrx_word' id='word_1_249' title='bbox 2408 2173 2519 2230; x_wconf 88' lang='lat' dir='ltr'><strong>Nec</strong></span> <span class='ocrx_word' id='word_1_250' title='bbox 2546 2175 2742 2228; x_wconf 92' lang='lat' dir='ltr'><strong>virtute</strong></span> <span class='ocrx_word' id='word_1_251' title='bbox 2771 2173 2964 2239; x_wconf 86' lang='lat' dir='ltr'><strong>Patris,</strong></span> <span class='ocrx_word' id='word_1_252' title='bbox 2999 2175 3251 2231; x_wconf 74' lang='lat' dir='ltr'><strong>factorem</strong></span> <span class='ocrx_word' id='word_1_253' title='bbox 3279 2178 3523 2246; x_wconf 89' lang='lat' dir='ltr'><strong>corporis</strong></span> <span class='ocrx_word' id='word_1_254' title='bbox 3552 2176 3725 2247; x_wconf 90' lang='lat' dir='ltr'><strong>ipsum</strong></span> <span class='ocrx_word' id='word_1_255' title='bbox 3756 2193 3773 2244; x_wconf 88' lang='lat'><strong>;</strong></span> 
     </span>
    </p>
   </div>
   <div class='ocr_carea' id='block_1_22' title="bbox 709 2264 3712 2341">
    <p class='ocr_par' dir='ltr' id='par_1_22' title="bbox 709 2264 3712 2341">
     <span class='ocr_line' id='line_1_22' title="bbox 709 2264 3712 2341; baseline 0.003 -21"><span class='ocrx_word' id='word_1_256' title='bbox 709 2264 836 2321; x_wconf 68' lang='lat' dir='ltr'><strong>llazc</strong></span> <span class='ocrx_word' id='word_1_257' title='bbox 863 2264 1136 2320; x_wconf 70' lang='lat' dir='ltr'><strong>cohaerere</strong></span> <span class='ocrx_word' id='word_1_258' title='bbox 1163 2279 1305 2320; x_wconf 84' lang='lat' dir='ltr'><strong>novo</strong></span> <span class='ocrx_word' id='word_1_259' title='bbox 1331 2280 1451 2321; x_wconf 89' lang='lat' dir='ltr'><strong>cum</strong></span> <span class='ocrx_word' id='word_1_260' title='bbox 1473 2264 1673 2322; x_wconf 79' lang='lat' dir='ltr'><strong>foedere</strong></span> <span class='ocrx_word' id='word_1_261' title='bbox 1699 2277 1891 2322; x_wconf 90' lang='lat' dir='ltr'><strong>cuncta</strong></span> <span class='ocrx_word' id='word_1_262' title='bbox 1915 2268 2196 2325; x_wconf 85' lang='lat' dir='ltr'><strong>videmus:</strong></span> <span class='ocrx_word' id='word_1_263' title='bbox 2406 2271 2554 2338; x_wconf 85' lang='lat' dir='ltr'><strong>Quos</strong></span> <span class='ocrx_word' id='word_1_264' title='bbox 2579 2269 2840 2325; x_wconf 90' lang='lat' dir='ltr'><strong>obturatis</strong></span> <span class='ocrx_word' id='word_1_265' title='bbox 2861 2268 3168 2340; x_wconf 84' lang='lat' dir='ltr'><strong>fugiendum</strong></span> <span class='ocrx_word' id='word_1_266' title='bbox 3200 2279 3284 2326; x_wconf 89' lang='lat' dir='ltr'><strong>est</strong></span> <span class='ocrx_word' id='word_1_267' title='bbox 3307 2271 3526 2327; x_wconf 90' lang='lat' dir='ltr'><strong>auribus</strong></span> <span class='ocrx_word' id='word_1_268' title='bbox 3550 2272 3712 2341; x_wconf 91' lang='lat' dir='ltr'><strong>ultro,</strong></span> 
     </span>
    </p>
   </div>
   <div class='ocr_carea' id='block_1_23' title="bbox 708 2356 3620 2430">
    <p class='ocr_par' dir='ltr' id='par_1_23' title="bbox 708 2356 3620 2430">
     <span class='ocr_line' id='line_1_23' title="bbox 708 2356 3620 2430; baseline 0.002 -17"><span class='ocrx_word' id='word_1_269' title='bbox 708 2358 800 2414; x_wconf 86' lang='lat' dir='ltr'><strong>Sic</strong></span> <span class='ocrx_word' id='word_1_270' title='bbox 822 2372 1032 2428; x_wconf 91' lang='lat' dir='ltr'><strong>quoque</strong></span> <span class='ocrx_word' id='word_1_271' title='bbox 1051 2356 1309 2425; x_wconf 80' lang='lat' dir='ltr'><strong>Joannes,</strong></span> <span class='ocrx_word' id='word_1_272' title='bbox 1338 2360 1417 2413; x_wconf 88' lang='lat' dir='ltr'><strong>sic</strong></span> <span class='ocrx_word' id='word_1_273' title='bbox 1443 2358 1626 2429; x_wconf 90' lang='lat' dir='ltr'><strong>pandit</strong></span> <span class='ocrx_word' id='word_1_274' title='bbox 1648 2359 1867 2430; x_wconf 85' lang='lat' dir='ltr'><strong>spiritus</strong></span> <span class='ocrx_word' id='word_1_275' title='bbox 1890 2360 1960 2414; x_wconf 92' lang='lat' dir='ltr'><strong>illi</strong></span> <span class='ocrx_word' id='word_1_276' title='bbox 2122 2380 2127 2385; x_wconf 54' lang='grc' dir='ltr'><strong><em>λ</em></strong></span> <span class='ocrx_word' id='word_1_277' title='bbox 2407 2362 2484 2419; x_wconf 84' lang='lat' dir='ltr'><strong>Ne</strong></span> <span class='ocrx_word' id='word_1_278' title='bbox 2510 2377 2758 2417; x_wconf 87' lang='lat' dir='ltr'><strong>sermone</strong></span> <span class='ocrx_word' id='word_1_279' title='bbox 2783 2376 2883 2418; x_wconf 92' lang='lat' dir='ltr'><strong>suo</strong></span> <span class='ocrx_word' id='word_1_280' title='bbox 2905 2363 3172 2417; x_wconf 88' lang='lat' dir='ltr'><strong>maculent</strong></span> <span class='ocrx_word' id='word_1_281' title='bbox 3197 2363 3411 2419; x_wconf 78' lang='lat' dir='ltr'><strong>innoxia</strong></span> <span class='ocrx_word' id='word_1_282' title='bbox 3437 2364 3620 2420; x_wconf 88' lang='lat' dir='ltr'><strong>corda.</strong></span> 
     </span>
    </p>
   </div>
   <div class='ocr_carea' id='block_1_24' title="bbox 708 2449 3742 2526">
    <p class='ocr_par' dir='ltr' id='par_1_24' title="bbox 708 2449 3742 2526">
     <span class='ocr_line' id='line_1_24' title="bbox 708 2449 3742 2526; baseline 0.002 -20"><span class='ocrx_word' id='word_1_283' title='bbox 708 2449 813 2507; x_wconf 89' lang='lat' dir='ltr'><strong>Tot</strong></span> <span class='ocrx_word' id='word_1_284' title='bbox 837 2465 1062 2505; x_wconf 87' lang='lat' dir='ltr'><strong>numero</strong></span> <span class='ocrx_word' id='word_1_285' title='bbox 1082 2451 1220 2506; x_wconf 88' lang='lat' dir='ltr'><strong>solio</strong></span> <span class='ocrx_word' id='word_1_286' title='bbox 1248 2450 1550 2506; x_wconf 90' lang='lat' dir='ltr'><strong>senioribus</strong></span> <span class='ocrx_word' id='word_1_287' title='bbox 1581 2451 1799 2523; x_wconf 90' lang='lat' dir='ltr'><strong>insuper</strong></span> <span class='ocrx_word' id='word_1_288' title='bbox 1827 2453 1983 2520; x_wconf 86' lang='lat' dir='ltr'><strong>albis,</strong></span> <span class='ocrx_word' id='word_1_289' title='bbox 2406 2455 2514 2511; x_wconf 88' lang='lat' dir='ltr'><strong>Nos</strong></span> <span class='ocrx_word' id='word_1_290' title='bbox 2537 2456 2714 2526; x_wconf 82' lang='lat' dir='ltr'><strong>igitur,</strong></span> <span class='ocrx_word' id='word_1_291' title='bbox 2747 2469 2882 2524; x_wconf 90' lang='lat' dir='ltr'><strong>quos</strong></span> <span class='ocrx_word' id='word_1_292' title='bbox 2904 2465 3046 2510; x_wconf 90' lang='lat' dir='ltr'><strong>tanta</strong></span> <span class='ocrx_word' id='word_1_293' title='bbox 3078 2455 3170 2511; x_wconf 91' lang='lat' dir='ltr'><strong>Dei</strong></span> <span class='ocrx_word' id='word_1_294' title='bbox 3203 2454 3436 2526; x_wconf 76' lang='lat' dir='ltr'><strong>perfudit</strong></span> <span class='ocrx_word' id='word_1_295' title='bbox 3463 2456 3742 2523; x_wconf 87' lang='lat' dir='ltr'><strong>honestas,</strong></span> 
     </span>
    </p>
   </div>
   <div class='ocr_carea' id='block_1_25' title="bbox 707 2542 3652 2620">
    <p class='ocr_par' dir='ltr' id='par_1_25' title="bbox 707 2542 3652 2620">
     <span class='ocr_line' id='line_1_25' title="bbox 707 2542 3652 2620; baseline 0.001 -19"><span class='ocrx_word' id='word_1_296' title='bbox 707 2545 887 2614; x_wconf 77' lang='lat' dir='ltr'><strong>Atque</strong></span> <span class='ocrx_word' id='word_1_297' title='bbox 909 2542 1182 2600; x_wconf 91' lang='lat' dir='ltr'><strong>coronatis</strong></span> <span class='ocrx_word' id='word_1_298' title='bbox 1208 2543 1584 2600; x_wconf 90' lang='lat' dir='ltr'><strong>cobibentibus</strong></span> <span class='ocrx_word' id='word_1_299' title='bbox 1609 2545 1787 2600; x_wconf 88' lang='lat' dir='ltr'><strong>omnia</strong></span> <span class='ocrx_word' id='word_1_300' title='bbox 1811 2546 1992 2613; x_wconf 88' lang='lat' dir='ltr'><strong>mitra,</strong></span> <span class='ocrx_word' id='word_1_301' title='bbox 2407 2549 2656 2618; x_wconf 85' lang='lat' dir='ltr'><strong>Veraque</strong></span> <span class='ocrx_word' id='word_1_302' title='bbox 2683 2547 2919 2602; x_wconf 89' lang='lat' dir='ltr'><strong>doctoris</strong></span> <span class='ocrx_word' id='word_1_303' title='bbox 2940 2547 3178 2603; x_wconf 69' lang='lat' dir='ltr'><strong>coelestia</strong></span> <span class='ocrx_word' id='word_1_304' title='bbox 3209 2548 3370 2604; x_wconf 89' lang='lat' dir='ltr'><strong>verba</strong></span> <span class='ocrx_word' id='word_1_305' title='bbox 3409 2550 3652 2620; x_wconf 83' lang='lat' dir='ltr'><strong>magistri</strong></span> 
     </span>
    </p>
   </div>
   <div class='ocr_carea' id='block_1_26' title="bbox 708 2637 3762 2715">
    <p class='ocr_par' dir='ltr' id='par_1_26' title="bbox 708 2637 3762 2715">
     <span class='ocr_line' id='line_1_26' title="bbox 708 2637 3762 2715; baseline 0.002 -23"><span class='ocrx_word' id='word_1_306' title='bbox 708 2637 790 2692; x_wconf 82' lang='lat' dir='ltr'><strong>Ad</strong></span> <span class='ocrx_word' id='word_1_307' title='bbox 812 2637 1003 2692; x_wconf 82' lang='lat' dir='ltr'><strong>solium</strong></span> <span class='ocrx_word' id='word_1_308' title='bbox 1041 2637 1286 2705; x_wconf 89' lang='lat' dir='ltr'><strong>Domini,</strong></span> <span class='ocrx_word' id='word_1_309' title='bbox 1315 2638 1543 2694; x_wconf 89' lang='lat' dir='ltr'><strong>vitreum</strong></span> <span class='ocrx_word' id='word_1_310' title='bbox 1568 2648 1622 2693; x_wconf 91' lang='lat' dir='ltr'><strong>et</strong></span> <span class='ocrx_word' id='word_1_311' title='bbox 1653 2653 1822 2705; x_wconf 89' lang='lat' dir='ltr'><strong>mare,</strong></span> <span class='ocrx_word' id='word_1_312' title='bbox 1855 2648 1999 2695; x_wconf 88' lang='lat' dir='ltr'><strong>stare</strong></span> <span class='ocrx_word' id='word_1_313' title='bbox 2027 2639 2127 2695; x_wconf 88' lang='lat' dir='ltr'><strong>sub</strong></span> <span class='ocrx_word' id='word_1_314' title='bbox 2156 2641 2299 2715; x_wconf 90' lang='lat' dir='ltr'><strong>igne,</strong></span> <span class='ocrx_word' id='word_1_315' title='bbox 2404 2640 2692 2696; x_wconf 84' lang='lat' dir='ltr'><strong>lnstituere</strong></span> <span class='ocrx_word' id='word_1_316' title='bbox 2719 2639 2892 2703; x_wconf 86' lang='lat' dir='ltr'><strong>bonis,</strong></span> <span class='ocrx_word' id='word_1_317' title='bbox 2922 2649 3066 2693; x_wconf 89' lang='lat' dir='ltr'><strong>recta</strong></span> <span class='ocrx_word' id='word_1_318' title='bbox 3090 2647 3144 2693; x_wconf 90' lang='lat' dir='ltr'><strong>et</strong></span> <span class='ocrx_word' id='word_1_319' title='bbox 3168 2651 3515 2695; x_wconf 89' lang='lat' dir='ltr'><strong>monumenta</strong></span> <span class='ocrx_word' id='word_1_320' title='bbox 3542 2641 3762 2710; x_wconf 88' lang='lat' dir='ltr'><strong>dedere,</strong></span> 
     </span>
    </p>
   </div>
   <div class='ocr_carea' id='block_1_27' title="bbox 707 2729 3918 2804">
    <p class='ocr_par' dir='ltr' id='par_1_27' title="bbox 707 2729 3918 2804">
     <span class='ocr_line' id='line_1_27' title="bbox 707 2729 3918 2804; baseline 0.001 -19"><span class='ocrx_word' id='word_1_321' title='bbox 707 2729 970 2799; x_wconf 86' lang='lat' dir='ltr'><strong>Quattuor</strong></span> <span class='ocrx_word' id='word_1_322' title='bbox 995 2731 1195 2802; x_wconf 90' lang='lat' dir='ltr'><strong>aligera</strong></span> <span class='ocrx_word' id='word_1_323' title='bbox 1221 2741 1383 2803; x_wconf 89' lang='lat' dir='ltr'><strong>atque</strong></span> <span class='ocrx_word' id='word_1_324' title='bbox 1411 2732 1580 2788; x_wconf 91' lang='lat' dir='ltr'><strong>oculis</strong></span> <span class='ocrx_word' id='word_1_325' title='bbox 1605 2732 1857 2787; x_wconf 90' lang='lat' dir='ltr'><strong>animalia</strong></span> <span class='ocrx_word' id='word_1_326' title='bbox 1889 2732 2046 2804; x_wconf 88' lang='lat' dir='ltr'><strong>plena</strong></span> <span class='ocrx_word' id='word_1_327' title='bbox 2409 2734 2632 2803; x_wconf 87' lang='lat' dir='ltr'><strong>Semper</strong></span> <span class='ocrx_word' id='word_1_328' title='bbox 2657 2734 2980 2786; x_wconf 89' lang='lat' dir='ltr'><strong>honoremus</strong></span> <span class='ocrx_word' id='word_1_329' title='bbox 3012 2731 3312 2796; x_wconf 90' lang='lat' dir='ltr'><strong>Dominum,</strong></span> <span class='ocrx_word' id='word_1_330' title='bbox 3344 2732 3461 2787; x_wconf 90' lang='lat' dir='ltr'><strong>sine</strong></span> <span class='ocrx_word' id='word_1_331' title='bbox 3487 2733 3590 2790; x_wconf 85' lang='lat' dir='ltr'><strong>line</strong></span> <span class='ocrx_word' id='word_1_332' title='bbox 3617 2749 3918 2804; x_wconf 85' lang='lat' dir='ltr'><strong>canamus,</strong></span> 
     </span>
    </p>
   </div>
   <div class='ocr_carea' id='block_1_28' title="bbox 706 2821 3585 2895">
    <p class='ocr_par' dir='ltr' id='par_1_28' title="bbox 706 2821 3585 2895">
     <span class='ocr_line' id='line_1_28' title="bbox 706 2821 3585 2895; baseline 0.002 -18"><span class='ocrx_word' id='word_1_333' title='bbox 706 2821 854 2880; x_wconf 87' lang='lat' dir='ltr'><strong>Intus</strong></span> <span class='ocrx_word' id='word_1_334' title='bbox 872 2833 928 2880; x_wconf 91' lang='lat' dir='ltr'><strong>et</strong></span> <span class='ocrx_word' id='word_1_335' title='bbox 953 2825 1208 2889; x_wconf 80' lang='lat' dir='ltr'><strong>exterius,</strong></span> <span class='ocrx_word' id='word_1_336' title='bbox 1237 2839 1356 2895; x_wconf 66' lang='lat' dir='ltr'><strong>quae</strong></span> <span class='ocrx_word' id='word_1_337' title='bbox 1379 2835 1501 2880; x_wconf 86' lang='lat' dir='ltr'><strong>sunt</strong></span> <span class='ocrx_word' id='word_1_338' title='bbox 1524 2840 1717 2880; x_wconf 89' lang='lat' dir='ltr'><strong>arcana</strong></span> <span class='ocrx_word' id='word_1_339' title='bbox 1749 2836 1947 2895; x_wconf 79' lang='lat' dir='ltr'><strong>patere,</strong></span> <span class='ocrx_word' id='word_1_340' title='bbox 2402 2823 2708 2882; x_wconf 87' lang='lat' dir='ltr'><strong>Gaudentes</strong></span> <span class='ocrx_word' id='word_1_341' title='bbox 2737 2839 2978 2895; x_wconf 89' lang='lat' dir='ltr'><strong>puraque</strong></span> <span class='ocrx_word' id='word_1_342' title='bbox 3001 2823 3105 2879; x_wconf 80' lang='lat' dir='ltr'><strong>[ide</strong></span> <span class='ocrx_word' id='word_1_343' title='bbox 3133 2833 3387 2895; x_wconf 89' lang='lat' dir='ltr'><strong>certaque</strong></span> <span class='ocrx_word' id='word_1_344' title='bbox 3410 2826 3585 2883; x_wconf 87' lang='lat' dir='ltr'><strong>salute</strong></span> 
     </span>
    </p>
   </div>
   <div class='ocr_carea' id='block_1_29' title="bbox 707 2914 3550 2989">
    <p class='ocr_par' dir='ltr' id='par_1_29' title="bbox 707 2914 3550 2989">
     <span class='ocr_line' id='line_1_29' title="bbox 707 2914 3550 2989; baseline 0.001 -20"><span class='ocrx_word' id='word_1_345' title='bbox 707 2914 986 2985; x_wconf 78' lang='lat' dir='ltr'><strong>Signiﬁcat</strong></span> <span class='ocrx_word' id='word_1_346' title='bbox 1009 2917 1178 2973; x_wconf 88' lang='lat' dir='ltr'><strong>verbo</strong></span> <span class='ocrx_word' id='word_1_347' title='bbox 1206 2918 1364 2974; x_wconf 91' lang='lat' dir='ltr'><strong>simul</strong></span> <span class='ocrx_word' id='word_1_348' title='bbox 1388 2919 1566 2974; x_wconf 88' lang='lat' dir='ltr'><strong>omnia</strong></span> <span class='ocrx_word' id='word_1_349' title='bbox 1591 2919 1771 2975; x_wconf 86' lang='lat' dir='ltr'><strong>clausa</strong></span> <span class='ocrx_word' id='word_1_350' title='bbox 1796 2919 1969 2976; x_wconf 89' lang='lat' dir='ltr'><strong>videri</strong></span> <span class='ocrx_word' id='word_1_351' title='bbox 1993 2937 2010 2988; x_wconf 89' lang='lat'><strong>;</strong></span> <span class='ocrx_word' id='word_1_352' title='bbox 2407 2918 2549 2989; x_wconf 84' lang='lat' dir='ltr'><strong>(Nati</strong></span> <span class='ocrx_word' id='word_1_353' title='bbox 2581 2932 2707 2973; x_wconf 89' lang='lat' dir='ltr'><strong>vero</strong></span> <span class='ocrx_word' id='word_1_354' title='bbox 2730 2918 2840 2972; x_wconf 90' lang='lat' dir='ltr'><strong>Deo</strong></span> <span class='ocrx_word' id='word_1_355' title='bbox 2867 2918 3129 2971; x_wconf 90' lang='lat' dir='ltr'><strong>nutrimur</strong></span> <span class='ocrx_word' id='word_1_356' title='bbox 3149 2932 3284 2987; x_wconf 89' lang='lat' dir='ltr'><strong>pane</strong></span> <span class='ocrx_word' id='word_1_357' title='bbox 3307 2914 3550 2989; x_wconf 89' lang='lat' dir='ltr'><strong>perenni)</strong></span> 
     </span>
    </p>
   </div>
   <div class='ocr_carea' id='block_1_30' title="bbox 706 3004 3591 3082">
    <p class='ocr_par' dir='ltr' id='par_1_30' title="bbox 706 3004 3591 3082">
     <span class='ocr_line' id='line_1_30' title="bbox 706 3004 3591 3082; baseline 0 -17"><span class='ocrx_word' id='word_1_358' title='bbox 706 3007 844 3066; x_wconf 80' lang='lat' dir='ltr'><strong>Nam</strong></span> <span class='ocrx_word' id='word_1_359' title='bbox 874 3010 1099 3067; x_wconf 88' lang='lat' dir='ltr'><strong>vitreum</strong></span> <span class='ocrx_word' id='word_1_360' title='bbox 1127 3011 1360 3068; x_wconf 72' lang='lat' dir='ltr'><strong>ﬂammae</strong></span> <span class='ocrx_word' id='word_1_361' title='bbox 1383 3013 1608 3070; x_wconf 82' lang='lat' dir='ltr'><strong>mixtum</strong></span> <span class='ocrx_word' id='word_1_362' title='bbox 1638 3028 1805 3082; x_wconf 86' lang='lat' dir='ltr'><strong>mare,</strong></span> <span class='ocrx_word' id='word_1_363' title='bbox 1833 3012 1974 3070; x_wconf 90' lang='lat' dir='ltr'><strong>dona</strong></span> <span class='ocrx_word' id='word_1_364' title='bbox 2005 3013 2206 3070; x_wconf 85' lang='lat' dir='ltr'><strong>lavacri</strong></span> <span class='ocrx_word' id='word_1_365' title='bbox 2331 3004 2377 3068; x_wconf 91' lang='lat' dir='ltr'><strong>C</strong></span> <span class='ocrx_word' id='word_1_366' title='bbox 2411 3012 2689 3070; x_wconf 67' lang='lat' dir='ltr'><strong>Eternam</strong></span> <span class='ocrx_word' id='word_1_367' title='bbox 2719 3018 2830 3067; x_wconf 93' lang='lat' dir='ltr'><strong>toto</strong></span> <span class='ocrx_word' id='word_1_368' title='bbox 2859 3021 3137 3082; x_wconf 85' lang='lat' dir='ltr'><strong>sperantes</strong></span> <span class='ocrx_word' id='word_1_369' title='bbox 3165 3019 3381 3082; x_wconf 87' lang='lat' dir='ltr'><strong>pectore</strong></span> <span class='ocrx_word' id='word_1_370' title='bbox 3407 3011 3591 3066; x_wconf 89' lang='lat' dir='ltr'><strong>vitam.</strong></span> 
     </span>
    </p>
   </div>
   <div class='ocr_carea' id='block_1_31' title="bbox 1907 3121 2749 3183">
    <p class='ocr_par' dir='ltr' id='par_1_31' title="bbox 1907 3121 2749 3183">
     <span class='ocr_line' id='line_1_31' title="bbox 1907 3121 2749 3183; baseline -0.002 -3"><span class='ocrx_word' id='word_1_371' title='bbox 1907 3122 2294 3183; x_wconf 82' lang='lat' dir='ltr'><strong>LECTlONES</strong></span> <span class='ocrx_word' id='word_1_372' title='bbox 2338 3121 2749 3181; x_wconf 77' lang='lat' dir='ltr'><strong>VARIANTES.</strong></span> 
     </span>
    </p>
   </div>
   <div class='ocr_carea' id='block_1_32' title="bbox 773 3211 1677 3279">
    <p class='ocr_par' dir='ltr' id='par_1_32' title="bbox 773 3211 1677 3279">
     <span class='ocr_line' id='line_1_32' title="bbox 773 3211 1677 3279; baseline 0.002 -16"><span class='ocrx_word' id='word_1_373' title='bbox 773 3214 792 3277; x_wconf 89' lang='lat'>(</span> <span class='ocrx_word' id='word_1_374' title='bbox 801 3213 844 3276; x_wconf 95' lang='grc'><strong>1)</strong></span> <span class='ocrx_word' id='word_1_375' title='bbox 861 3212 1306 3279; x_wconf 82' lang='lat' dir='ltr'><strong>Pavimentumque</strong></span> <span class='ocrx_word' id='word_1_376' title='bbox 1321 3213 1484 3266; x_wconf 83' lang='lat' dir='ltr'><strong>Obert.</strong></span> <span class='ocrx_word' id='word_1_377' title='bbox 1511 3211 1677 3268; x_wconf 80' lang='lat' dir='ltr'><strong>Paris.</strong></span> 
     </span>
    </p>
   </div>
   <div class='ocr_carea' id='block_1_33' title="bbox 2060 3302 2628 3360">
    <p class='ocr_par' dir='ltr' id='par_1_33' title="bbox 2060 3302 2628 3360">
     <span class='ocr_line' id='line_1_33' title="bbox 2060 3302 2628 3360; baseline -0.004 0"><span class='ocrx_word' id='word_1_378' title='bbox 2060 3302 2628 3360; x_wconf 75' lang='lat' dir='ltr'><strong>COMMENTARIUS.</strong></span> 
     </span>
    </p>
   </div>
   <div class='ocr_carea' id='block_1_34' title="bbox 781 3393 4046 3466">
    <p class='ocr_par' dir='ltr' id='par_1_34' title="bbox 781 3393 4046 3466">
     <span class='ocr_line' id='line_1_34' title="bbox 781 3393 4046 3466; baseline 0.003 -19"><span class='ocrx_word' id='word_1_379' title='bbox 781 3393 857 3466; x_wconf 92' lang='lat' dir='ltr'><strong>(a)</strong></span> <span class='ocrx_word' id='word_1_380' title='bbox 895 3394 985 3448; x_wconf 78' lang='lat' dir='ltr'><strong>Ast</strong></span> <span class='ocrx_word' id='word_1_381' title='bbox 1017 3405 1194 3464; x_wconf 83' lang='lat' dir='ltr'><strong>quater</strong></span> <span class='ocrx_word' id='word_1_382' title='bbox 1217 3395 1315 3449; x_wconf 78' lang='lat' dir='ltr'><strong>ala:</strong></span> <span class='ocrx_word' id='word_1_383' title='bbox 1361 3411 1468 3459; x_wconf 76' lang='lat' dir='ltr'><strong>sex,</strong></span> <span class='ocrx_word' id='word_1_384' title='bbox 1507 3401 1612 3449; x_wconf 89' lang='lat' dir='ltr'><strong>etc.</strong></span> <span class='ocrx_word' id='word_1_385' title='bbox 1666 3395 1866 3466; x_wconf 75' lang='lat' dir='ltr'><strong>Rursus</strong></span> <span class='ocrx_word' id='word_1_386' title='bbox 1896 3396 1982 3450; x_wconf 88' lang='lat' dir='ltr'><strong>hic</strong></span> <span class='ocrx_word' id='word_1_387' title='bbox 2012 3412 2164 3452; x_wconf 88' lang='lat' dir='ltr'><strong>more</strong></span> <span class='ocrx_word' id='word_1_388' title='bbox 2192 3412 2292 3451; x_wconf 90' lang='lat' dir='ltr'><strong>suo</strong></span> <span class='ocrx_word' id='word_1_389' title='bbox 2401 3407 2508 3453; x_wconf 91' lang='lat' dir='ltr'><strong>tem</strong></span> <span class='ocrx_word' id='word_1_390' title='bbox 2531 3396 2796 3453; x_wconf 89' lang='lat' dir='ltr'><strong>subnectit</strong></span> <span class='ocrx_word' id='word_1_391' title='bbox 2823 3412 2835 3450; x_wconf 91' lang='lat'>:</span> <span class='ocrx_word' id='word_1_392' title='bbox 2863 3395 3062 3450; x_wconf 85' lang='lat' dir='ltr'><strong>alarum</strong></span> <span class='ocrx_word' id='word_1_393' title='bbox 3092 3410 3348 3459; x_wconf 77' lang='lat' dir='ltr'><strong>muneras,</strong></span> <span class='ocrx_word' id='word_1_394' title='bbox 3373 3404 3505 3463; x_wconf 91' lang='lat' dir='ltr'><strong>etc.,</strong></span> <span class='ocrx_word' id='word_1_395' title='bbox 3538 3396 3758 3453; x_wconf 89' lang='lat' dir='ltr'><strong>adludet</strong></span> <span class='ocrx_word' id='word_1_396' title='bbox 3814 3399 3897 3454; x_wconf 84' lang='lat' dir='ltr'><strong>ad</strong></span> <span class='ocrx_word' id='word_1_397' title='bbox 3948 3417 4046 3456; x_wconf 83' lang='lat' dir='ltr'><strong>vc-</strong></span> 
     </span>
    </p>
   </div>
   <div class='ocr_carea' id='block_1_35' title="bbox 707 3464 4044 3540">
    <p class='ocr_par' dir='ltr' id='par_1_35' title="bbox 707 3464 4044 3540">
     <span class='ocr_line' id='line_1_35' title="bbox 707 3464 4044 3540; baseline 0.001 -20"><span class='ocrx_word' id='word_1_398' title='bbox 707 3464 972 3540; x_wconf 68' lang='lat' dir='ltr'><strong>extribus</strong></span> <span class='ocrx_word' id='word_1_399' title='bbox 1014 3469 1168 3531; x_wconf 85' lang='lat' dir='ltr'><strong>locis,</strong></span> <span class='ocrx_word' id='word_1_400' title='bbox 1201 3467 1339 3540; x_wconf 81' lang='lat' dir='ltr'><strong>sicut</strong></span> <span class='ocrx_word' id='word_1_401' title='bbox 1368 3482 1526 3534; x_wconf 86' lang='lat' dir='ltr'><strong>supra</strong></span> <span class='ocrx_word' id='word_1_402' title='bbox 1559 3482 1677 3537; x_wconf 90' lang='lat' dir='ltr'><strong>cap.</strong></span> <span class='ocrx_word' id='word_1_403' title='bbox 1709 3469 1750 3540; x_wconf 83' lang='lat'><strong>5_</strong></span> <span class='ocrx_word' id='word_1_404' title='bbox 1785 3464 1881 3539; x_wconf 91' lang='lat' dir='ltr'><strong>(uti</strong></span> <span class='ocrx_word' id='word_1_405' title='bbox 1913 3469 2076 3539; x_wconf 90' lang='lat' dir='ltr'><strong>ipsius</strong></span> <span class='ocrx_word' id='word_1_406' title='bbox 2117 3469 2295 3540; x_wconf 86' lang='lat' dir='ltr'><strong>verbis</strong></span> <span class='ocrx_word' id='word_1_407' title='bbox 2401 3470 2528 3524; x_wconf 88' lang='lat' dir='ltr'><strong>teris</strong></span> <span class='ocrx_word' id='word_1_408' title='bbox 2558 3468 2888 3523; x_wconf 88' lang='lat' dir='ltr'><strong>Testamenti</strong></span> <span class='ocrx_word' id='word_1_409' title='bbox 2919 3468 3190 3524; x_wconf 90' lang='lat' dir='ltr'><strong>volumina</strong></span> <span class='ocrx_word' id='word_1_410' title='bbox 3250 3468 3430 3538; x_wconf 83' lang='lat' dir='ltr'><strong>viginti</strong></span> <span class='ocrx_word' id='word_1_411' title='bbox 3478 3479 3706 3540; x_wconf 88' lang='lat' dir='ltr'><strong>quatuor</strong></span> <span class='ocrx_word' id='word_1_412' title='bbox 3762 3470 4044 3530; x_wconf 77' lang='lat' dir='ltr'><strong>hebraica</strong></span> 
     </span>
    </p>
   </div>
   <div class='ocr_carea' id='block_1_36' title="bbox 707 3534 3526 3612">
    <p class='ocr_par' dir='ltr' id='par_1_36' title="bbox 707 3534 3526 3612">
     <span class='ocr_line' id='line_1_36' title="bbox 707 3534 3526 3612; baseline 0.001 -21"><span class='ocrx_word' id='word_1_413' title='bbox 707 3534 953 3607; x_wconf 82' lang='lat' dir='ltr'><strong>loquar),</strong></span> <span class='ocrx_word' id='word_1_414' title='bbox 981 3538 1292 3612; x_wconf 84' lang='lat' dir='ltr'><strong>centenario</strong></span> <span class='ocrx_word' id='word_1_415' title='bbox 1335 3553 1483 3612; x_wconf 82' lang='lat' dir='ltr'><strong>more</strong></span> <span class='ocrx_word' id='word_1_416' title='bbox 1503 3534 1682 3612; x_wconf 69' lang='lat' dir='ltr'><strong>unam</strong></span> <span class='ocrx_word' id='word_1_417' title='bbox 1728 3534 1852 3612; x_wconf 56' lang='lat' dir='ltr'><strong>ﬁniit</strong></span> <span class='ocrx_word' id='word_1_418' title='bbox 1873 3559 1890 3612; x_wconf 11' lang='lat'><strong>7:</strong></span> <span class='ocrx_word' id='word_1_419' title='bbox 1925 3534 2045 3612; x_wconf 84' lang='lat' dir='ltr'><strong>nam</strong></span> <span class='ocrx_word' id='word_1_420' title='bbox 2060 3539 2202 3612; x_wconf 77' lang='lat' dir='ltr'><strong>illud</strong></span> <span class='ocrx_word' id='word_1_421' title='bbox 2231 3540 2296 3593; x_wconf 80' lang='lat' dir='ltr'><strong>de</strong></span> <span class='ocrx_word' id='word_1_422' title='bbox 2408 3549 2462 3595; x_wconf 89' lang='lat' dir='ltr'><strong>et</strong></span> <span class='ocrx_word' id='word_1_423' title='bbox 2485 3555 2653 3612; x_wconf 73' lang='lat' dir='ltr'><strong>grzeea</strong></span> <span class='ocrx_word' id='word_1_424' title='bbox 2681 3555 2893 3612; x_wconf 81' lang='lat' dir='ltr'><strong>quoque</strong></span> <span class='ocrx_word' id='word_1_425' title='bbox 2920 3540 3216 3596; x_wconf 90' lang='lat' dir='ltr'><strong>litterarum</strong></span> <span class='ocrx_word' id='word_1_426' title='bbox 3244 3534 3526 3595; x_wconf 67' lang='lat' dir='ltr'><strong>elementa.</strong></span> 
     </span>
    </p>
   </div>
   <div class='ocr_carea' id='block_1_37' title="bbox 707 3608 2303 3680">
    <p class='ocr_par' dir='ltr' id='par_1_37' title="bbox 707 3608 2303 3680">
     <span class='ocr_line' id='line_1_37' title="bbox 707 3608 2303 3680; baseline 0.003 -21"><span class='ocrx_word' id='word_1_427' title='bbox 707 3618 884 3676; x_wconf 84' lang='lat' dir='ltr'><strong>qttulcr</strong></span> <span class='ocrx_word' id='word_1_428' title='bbox 911 3623 1001 3661; x_wconf 79' lang='lat' dir='ltr'><strong>sca:</strong></span> <span class='ocrx_word' id='word_1_429' title='bbox 1025 3610 1123 3664; x_wconf 80' lang='lat' dir='ltr'><strong>alis</strong></span> <span class='ocrx_word' id='word_1_430' title='bbox 1146 3611 1258 3664; x_wconf 88' lang='lat' dir='ltr'><strong>sive</strong></span> <span class='ocrx_word' id='word_1_431' title='bbox 1282 3610 1468 3680; x_wconf 85' lang='lat' dir='ltr'><strong>pennis</strong></span> <span class='ocrx_word' id='word_1_432' title='bbox 1501 3608 1693 3680; x_wconf 88' lang='lat' dir='ltr'><strong>legitur</strong></span> <span class='ocrx_word' id='word_1_433' title='bbox 1725 3609 1923 3665; x_wconf 80' lang='lat' dir='ltr'><strong>Ezech.</strong></span> <span class='ocrx_word' id='word_1_434' title='bbox 1956 3611 1996 3666; x_wconf 87' lang='grc' dir='ltr'><strong>Ι.</strong></span> <span class='ocrx_word' id='word_1_435' title='bbox 2044 3610 2180 3667; x_wconf 89' lang='lat' dir='ltr'><strong>Cum</strong></span> <span class='ocrx_word' id='word_1_436' title='bbox 2205 3626 2303 3664; x_wconf 86' lang='lat' dir='ltr'><strong>au-</strong></span> 
     </span>
    </p>
   </div>
   <div class='ocr_carea' id='block_1_38' title="bbox 1667 3769 3012 3901">
    <p class='ocr_par' dir='ltr' id='par_1_38' title="bbox 1667 3769 3012 3901">
     <span class='ocr_line' id='line_1_38' title="bbox 1667 3769 3012 3901; baseline -0.001 -19"><span class='ocrx_word' id='word_1_437' title='bbox 1667 3800 1670 3804; x_wconf 81' lang='grc'><strong>’</strong></span> <span class='ocrx_word' id='word_1_438' title='bbox 1725 3772 2209 3882; x_wconf 85' lang='lat' dir='ltr'><strong>LIBER</strong></span> <span class='ocrx_word' id='word_1_439' title='bbox 2282 3769 3012 3901; x_wconf 81' lang='lat' dir='ltr'><strong>QUINTUS.</strong></span> 
     </span>
    </p>
   </div>
   <div class='ocr_carea' id='block_1_39' title="bbox 1312 3973 3385 4065">
    <p class='ocr_par' dir='ltr' id='par_1_39' title="bbox 1312 3973 3385 4065">
     <span class='ocr_line' id='line_1_39' title="bbox 1312 3973 3385 4065; baseline 0 -4"><span class='ocrx_word' id='word_1_440' title='bbox 1312 3978 1471 4061; x_wconf 91' lang='lat' dir='ltr'><strong>DE</strong></span> <span class='ocrx_word' id='word_1_441' title='bbox 1528 3975 1921 4065; x_wconf 78' lang='lat' dir='ltr'><strong>VARIIS</strong></span> <span class='ocrx_word' id='word_1_442' title='bbox 1975 3973 2632 4061; x_wconf 80' lang='lat' dir='ltr'><strong>MARCIONIS</strong></span> <span class='ocrx_word' id='word_1_443' title='bbox 2678 3973 3385 4062; x_wconf 70' lang='lat' dir='ltr'><strong>HIERESIBUS.</strong></span> 
     </span>
    </p>
   </div>
   <div class='ocr_carea' id='block_1_40' title="bbox 2057 4091 2644 4155">
    <p class='ocr_par' dir='ltr' id='par_1_40' title="bbox 2057 4091 2644 4155">
     <span class='ocr_line' id='line_1_40' title="bbox 2057 4091 2644 4155; baseline -0.005 0"><span class='ocrx_word' id='word_1_444' title='bbox 2057 4091 2644 4155; x_wconf 78' lang='lat' dir='ltr'><strong>ARGUMENTUM.</strong></span> 
     </span>
    </p>
   </div>
   <div class='ocr_carea' id='block_1_41' title="bbox 1547 4192 2891 4272">
    <p class='ocr_par' dir='ltr' id='par_1_41' title="bbox 1547 4192 2891 4272">
     <span class='ocr_line' id='line_1_41' title="bbox 1547 4192 2891 4272; baseline -0.001 -18"><span class='ocrx_word' id='word_1_445' title='bbox 1547 4192 1665 4255; x_wconf 82' lang='lat' dir='ltr'><strong>Hic</strong></span> <span class='ocrx_word' id='word_1_446' title='bbox 1697 4193 1963 4272; x_wconf 88' lang='lat' dir='ltr'><strong>quintus</strong></span> <span class='ocrx_word' id='word_1_447' title='bbox 1993 4211 2200 4256; x_wconf 82' lang='lat' dir='ltr'><strong>nexus</strong></span> <span class='ocrx_word' id='word_1_448' title='bbox 2244 4192 2574 4272; x_wconf 87' lang='lat' dir='ltr'><strong>nodosque</strong></span> <span class='ocrx_word' id='word_1_449' title='bbox 2605 4192 2891 4267; x_wconf 89' lang='lat' dir='ltr'><strong>resolvit,</strong></span> 
     </span>
    </p>
   </div>
   <div class='ocr_carea' id='block_1_42' title="bbox 1548 4294 3287 4375">
    <p class='ocr_par' dir='ltr' id='par_1_42' title="bbox 1548 4294 3287 4375">
     <span class='ocr_line' id='line_1_42' title="bbox 1548 4294 3287 4375; baseline -0.002 -18"><span class='ocrx_word' id='word_1_450' title='bbox 1548 4295 1622 4357; x_wconf 90' lang='lat' dir='ltr'><strong>In</strong></span> <span class='ocrx_word' id='word_1_451' title='bbox 1655 4296 1920 4375; x_wconf 87' lang='lat' dir='ltr'><strong>planum</strong></span> <span class='ocrx_word' id='word_1_452' title='bbox 1951 4296 2123 4358; x_wconf 84' lang='lat' dir='ltr'><strong>mala</strong></span> <span class='ocrx_word' id='word_1_453' title='bbox 2166 4294 2490 4358; x_wconf 86' lang='lat' dir='ltr'><strong>convolvit</strong></span> <span class='ocrx_word' id='word_1_454' title='bbox 2522 4311 2946 4374; x_wconf 61' lang='lat' dir='ltr'><strong>quaecumque</strong></span> <span class='ocrx_word' id='word_1_455' title='bbox 2981 4294 3287 4357; x_wconf 83' lang='lat' dir='ltr'><strong>latebant.</strong></span> 
     </span>
    </p>
   </div>
   <div class='ocr_carea' id='block_1_43' title="bbox 716 4396 4056 4483">
    <p class='ocr_par' dir='ltr' id='par_1_43' title="bbox 716 4396 4056 4483">
     <span class='ocr_line' id='line_1_43' title="bbox 716 4396 4056 4483; baseline -0.001 -21"><span class='ocrx_word' id='word_1_456' title='bbox 716 4399 980 4462; x_wconf 78' lang='lat' dir='ltr'><strong>Tractat</strong></span> <span class='ocrx_word' id='word_1_457' title='bbox 1009 4399 1169 4464; x_wconf 78' lang='lat' dir='ltr'><strong>enim</strong></span> <span class='ocrx_word' id='word_1_458' title='bbox 1183 4417 1339 4483; x_wconf 81' lang='lat' dir='ltr'><strong>pene</strong></span> <span class='ocrx_word' id='word_1_459' title='bbox 1371 4417 1575 4461; x_wconf 83' lang='lat' dir='ltr'><strong>omnes</strong></span> <span class='ocrx_word' id='word_1_460' title='bbox 1599 4399 1952 4461; x_wconf 79' lang='lat' dir='ltr'><strong>Marcionis</strong></span> <span class='ocrx_word' id='word_1_461' title='bbox 1983 4397 2254 4468; x_wconf 69' lang='lat' dir='ltr'><strong>haereses,</strong></span> <span class='ocrx_word' id='word_1_462' title='bbox 2289 4406 2345 4459; x_wconf 84' lang='lat' dir='ltr'><strong>et</strong></span> <span class='ocrx_word' id='word_1_463' title='bbox 2371 4396 2451 4458; x_wconf 85' lang='lat' dir='ltr'><strong>ad</strong></span> <span class='ocrx_word' id='word_1_464' title='bbox 2479 4407 2847 4478; x_wconf 81' lang='lat' dir='ltr'><strong>argumenta</strong></span> <span class='ocrx_word' id='word_1_465' title='bbox 2876 4398 3010 4478; x_wconf 81' lang='lat' dir='ltr'><strong>ejus</strong></span> <span class='ocrx_word' id='word_1_466' title='bbox 3027 4402 3251 4477; x_wconf 80' lang='lat' dir='ltr'><strong>paucis</strong></span> <span class='ocrx_word' id='word_1_467' title='bbox 3277 4397 3609 4478; x_wconf 80' lang='lat' dir='ltr'><strong>respondet</strong></span> <span class='ocrx_word' id='word_1_468' title='bbox 3637 4417 3656 4457; x_wconf 91' lang='lat'><strong><em>:</em></strong></span> <span class='ocrx_word' id='word_1_469' title='bbox 3692 4415 3830 4479; x_wconf 80' lang='lat' dir='ltr'><strong>quo</strong></span> <span class='ocrx_word' id='word_1_470' title='bbox 3869 4401 3952 4480; x_wconf 77' lang='lat' dir='ltr'><strong>ﬁt</strong></span> <span class='ocrx_word' id='word_1_471' title='bbox 3982 4410 4056 4460; x_wconf 73' lang='lat' dir='ltr'><strong>ut</strong></span> 
     </span>
    </p>
   </div>
   <div class='ocr_carea' id='block_1_44' title="bbox 1519 4501 3194 4582">
    <p class='ocr_par' dir='ltr' id='par_1_44' title="bbox 1519 4501 3194 4582">
     <span class='ocr_line' id='line_1_44' title="bbox 1519 4501 3194 4582; baseline 0 -20"><span class='ocrx_word' id='word_1_472' title='bbox 1519 4502 1710 4563; x_wconf 79' lang='lat' dir='ltr'><strong>titulo</strong></span> <span class='ocrx_word' id='word_1_473' title='bbox 1742 4501 2148 4582; x_wconf 80' lang='lat' dir='ltr'><strong>adjecert&#39;mus</strong></span> <span class='ocrx_word' id='word_1_474' title='bbox 2179 4521 2199 4562; x_wconf 90' lang='lat'><strong><em>:</em></strong></span> <span class='ocrx_word' id='word_1_475' title='bbox 2230 4521 2314 4563; x_wconf 74' lang='lat' dir='ltr'><strong>ne</strong></span> <span class='ocrx_word' id='word_1_476' title='bbox 2339 4519 2550 4563; x_wconf 75' lang='lat' dir='ltr'><strong>vanus</strong></span> <span class='ocrx_word' id='word_1_477' title='bbox 2586 4519 2736 4563; x_wconf 78' lang='lat' dir='ltr'><strong>EJUS</strong></span> <span class='ocrx_word' id='word_1_478' title='bbox 2796 4519 3194 4564; x_wconf 56' lang='lat' dir='ltr'><strong>amnesmus.</strong></span> 
     </span>
    </p>
   </div>
   <div class='ocr_carea' id='block_1_45' title="bbox 1227 4601 4057 4676">
    <p class='ocr_par' dir='ltr' id='par_1_45' title="bbox 1227 4601 4057 4676">
     <span class='ocr_line' id='line_1_45' title="bbox 1227 4601 4057 4676; baseline 0.001 -16"><span class='ocrx_word' id='word_1_479' title='bbox 1227 4601 1452 4661; x_wconf 75' lang='lat' dir='ltr'><strong>CAPUT</strong></span> <span class='ocrx_word' id='word_1_480' title='bbox 1492 4603 1778 4660; x_wconf 72' lang='lat' dir='ltr'><strong>PRIMUM.</strong></span> <span class='ocrx_word' id='word_1_481' title='bbox 2333 4607 2389 4669; x_wconf 86' lang='grc'><strong>1)</strong></span> <span class='ocrx_word' id='word_1_482' title='bbox 2415 4605 2560 4672; x_wconf 90' lang='lat' dir='ltr'><strong>Quos</strong></span> <span class='ocrx_word' id='word_1_483' title='bbox 2589 4618 2816 4659; x_wconf 92' lang='lat' dir='ltr'><strong>numero</strong></span> <span class='ocrx_word' id='word_1_484' title='bbox 2855 4604 2937 4658; x_wconf 88' lang='lat' dir='ltr'><strong>bis</strong></span> <span class='ocrx_word' id='word_1_485' title='bbox 2965 4619 3056 4659; x_wconf 83' lang='lat' dir='ltr'><strong>sex</strong></span> <span class='ocrx_word' id='word_1_486' title='bbox 3085 4604 3150 4660; x_wconf 92' lang='lat' dir='ltr'><strong>de</strong></span> <span class='ocrx_word' id='word_1_487' title='bbox 3171 4604 3377 4660; x_wconf 89' lang='lat' dir='ltr'><strong>cunctis</strong></span> <span class='ocrx_word' id='word_1_488' title='bbox 3397 4645 3412 4669; x_wconf 96' lang='lat'><strong>,</strong></span> <span class='ocrx_word' id='word_1_489' title='bbox 3455 4602 3673 4661; x_wconf 89' lang='lat' dir='ltr'><strong>Christe</strong></span> <span class='ocrx_word' id='word_1_490' title='bbox 3699 4646 3716 4673; x_wconf 96' lang='lat'><strong>,</strong></span> <span class='ocrx_word' id='word_1_491' title='bbox 3757 4603 4012 4676; x_wconf 78' lang='lat' dir='ltr'><strong>legebas</strong></span> <span class='ocrx_word' id='word_1_492' title='bbox 4045 4627 4057 4673; x_wconf 92' lang='lat'><strong>;</strong></span> 
     </span>
    </p>
   </div>
   <div class='ocr_carea' id='block_1_46' title="bbox 2417 4697 3677 4768">
    <p class='ocr_par' dir='ltr' id='par_1_46' title="bbox 2417 4697 3677 4768">
     <span class='ocr_line' id='line_1_46' title="bbox 2417 4697 3677 4768; baseline 0 -15"><span class='ocrx_word' id='word_1_493' title='bbox 2417 4697 2676 4768; x_wconf 75' lang='lat' dir='ltr'><strong>Majorum</strong></span> <span class='ocrx_word' id='word_1_494' title='bbox 2709 4707 2833 4752; x_wconf 91' lang='lat' dir='ltr'><strong>natu</strong></span> <span class='ocrx_word' id='word_1_495' title='bbox 2863 4712 2988 4753; x_wconf 89' lang='lat' dir='ltr'><strong>cum</strong></span> <span class='ocrx_word' id='word_1_496' title='bbox 3013 4700 3228 4752; x_wconf 90' lang='lat' dir='ltr'><strong>nomine</strong></span> <span class='ocrx_word' id='word_1_497' title='bbox 3257 4708 3499 4768; x_wconf 89' lang='lat' dir='ltr'><strong>tempora</strong></span> <span class='ocrx_word' id='word_1_498' title='bbox 3522 4698 3677 4756; x_wconf 90' lang='lat' dir='ltr'><strong>lustri</strong></span> 
     </span>
    </p>
   </div>
   <div class='ocr_carea' id='block_1_47' title="bbox 788 4786 3739 4863">
    <p class='ocr_par' dir='ltr' id='par_1_47' title="bbox 788 4786 3739 4863">
     <span class='ocr_line' id='line_1_47' title="bbox 788 4786 3739 4863; baseline 0.001 -17"><span class='ocrx_word' id='word_1_499' title='bbox 788 4789 998 4846; x_wconf 84' lang='lat' dir='ltr'><strong>Primus</strong></span> <span class='ocrx_word' id='word_1_500' title='bbox 1035 4796 1152 4845; x_wconf 89' lang='lat' dir='ltr'><strong>erat</strong></span> <span class='ocrx_word' id='word_1_501' title='bbox 1199 4786 1271 4863; x_wconf 90' lang='lat' dir='ltr'><strong>(b)</strong></span> <span class='ocrx_word' id='word_1_502' title='bbox 1298 4786 1539 4843; x_wconf 83' lang='lat' dir='ltr'><strong>referens</strong></span> <span class='ocrx_word' id='word_1_503' title='bbox 1569 4786 1767 4842; x_wconf 91' lang='lat' dir='ltr'><strong>inimici</strong></span> <span class='ocrx_word' id='word_1_504' title='bbox 1793 4802 1858 4843; x_wconf 81' lang='lat' dir='ltr'><strong>ex</strong></span> <span class='ocrx_word' id='word_1_505' title='bbox 1887 4788 2075 4847; x_wconf 88' lang='lat' dir='ltr'><strong>ordine</strong></span> <span class='ocrx_word' id='word_1_506' title='bbox 2103 4790 2269 4848; x_wconf 91' lang='lat' dir='ltr'><strong>verba</strong></span> <span class='ocrx_word' id='word_1_507' title='bbox 2292 4833 2308 4859; x_wconf 93' lang='lat'><strong>,</strong></span> <span class='ocrx_word' id='word_1_508' title='bbox 2417 4789 2681 4861; x_wconf 86' lang='lat' dir='ltr'><strong>Tempora</strong></span> <span class='ocrx_word' id='word_1_509' title='bbox 2711 4791 2932 4856; x_wconf 86' lang='lat' dir='ltr'><strong>servati,</strong></span> <span class='ocrx_word' id='word_1_510' title='bbox 2984 4789 3209 4845; x_wconf 90' lang='lat' dir='ltr'><strong>sceleris</strong></span> <span class='ocrx_word' id='word_1_511' title='bbox 3229 4791 3314 4845; x_wconf 89' lang='lat' dir='ltr'><strong>cui</strong></span> <span class='ocrx_word' id='word_1_512' title='bbox 3349 4791 3527 4863; x_wconf 87' lang='lat' dir='ltr'><strong>paruit</strong></span> <span class='ocrx_word' id='word_1_513' title='bbox 3545 4802 3739 4849; x_wconf 89' lang='lat' dir='ltr'><strong>auctor</strong></span> 
     </span>
    </p>
   </div>
   <div class='ocr_carea' id='block_1_48' title="bbox 718 4875 3789 4954">
    <p class='ocr_par' dir='ltr' id='par_1_48' title="bbox 718 4875 3789 4954">
     <span class='ocr_line' id='line_1_48' title="bbox 718 4875 3789 4954; baseline 0 -16"><span class='ocrx_word' id='word_1_514' title='bbox 718 4883 849 4953; x_wconf 76' lang='lat' dir='ltr'><strong>Qua:</strong></span> <span class='ocrx_word' id='word_1_515' title='bbox 876 4881 1059 4951; x_wconf 75' lang='lat' dir='ltr'><strong>refuga</strong></span> <span class='ocrx_word' id='word_1_516' title='bbox 1089 4880 1271 4935; x_wconf 84' lang='lat' dir='ltr'><strong>illicito</strong></span> <span class='ocrx_word' id='word_1_517' title='bbox 1300 4878 1517 4934; x_wconf 86' lang='lat' dir='ltr'><strong>tunlitus</strong></span> <span class='ocrx_word' id='word_1_518' title='bbox 1538 4878 1757 4948; x_wconf 89' lang='lat' dir='ltr'><strong>protulit</strong></span> <span class='ocrx_word' id='word_1_519' title='bbox 1775 4893 1961 4936; x_wconf 91' lang='lat' dir='ltr'><strong>amens</strong></span> <span class='ocrx_word' id='word_1_520' title='bbox 1991 4897 2007 4948; x_wconf 92' lang='lat'><strong>;</strong></span> <span class='ocrx_word' id='word_1_521' title='bbox 2416 4883 2655 4954; x_wconf 85' lang='lat' dir='ltr'><strong>Ignotus,</strong></span> <span class='ocrx_word' id='word_1_522' title='bbox 2685 4881 2798 4936; x_wconf 87' lang='lat' dir='ltr'><strong>sine</strong></span> <span class='ocrx_word' id='word_1_523' title='bbox 2826 4882 2965 4952; x_wconf 91' lang='lat' dir='ltr'><strong>lege,</strong></span> <span class='ocrx_word' id='word_1_524' title='bbox 2990 4875 3178 4952; x_wconf 88' lang='lat' dir='ltr'><strong>vagus,</strong></span> <span class='ocrx_word' id='word_1_525' title='bbox 3209 4897 3330 4937; x_wconf 92' lang='lat' dir='ltr'><strong>cum</strong></span> <span class='ocrx_word' id='word_1_526' title='bbox 3361 4883 3514 4954; x_wconf 88' lang='lat' dir='ltr'><strong>prole</strong></span> <span class='ocrx_word' id='word_1_527' title='bbox 3541 4884 3789 4942; x_wconf 86' lang='lat' dir='ltr'><strong>relictus.</strong></span> 
     </span>
    </p>
   </div>
   <div class='ocr_carea' id='block_1_49' title="bbox 721 4969 3726 5047">
    <p class='ocr_par' dir='ltr' id='par_1_49' title="bbox 721 4969 3726 5047">
     <span class='ocr_line' id='line_1_49' title="bbox 721 4969 3726 5047; baseline 0 -16"><span class='ocrx_word' id='word_1_528' title='bbox 721 4975 857 5031; x_wconf 81' lang='lat' dir='ltr'><strong>Hinc</strong></span> <span class='ocrx_word' id='word_1_529' title='bbox 881 4973 1044 5030; x_wconf 89' lang='lat' dir='ltr'><strong>etiam</strong></span> <span class='ocrx_word' id='word_1_530' title='bbox 1071 4972 1250 5026; x_wconf 88' lang='lat' dir='ltr'><strong>carnis</strong></span> <span class='ocrx_word' id='word_1_531' title='bbox 1273 4985 1396 5040; x_wconf 76' lang='lat' dir='ltr'><strong>Spes</strong></span> <span class='ocrx_word' id='word_1_532' title='bbox 1423 4978 1478 5025; x_wconf 90' lang='lat' dir='ltr'><strong>et</strong></span> <span class='ocrx_word' id='word_1_533' title='bbox 1504 4969 1724 5024; x_wconf 87' lang='lat' dir='ltr'><strong>victoria</strong></span> <span class='ocrx_word' id='word_1_534' title='bbox 1751 4970 1974 5037; x_wconf 89' lang='lat' dir='ltr'><strong>Christi,</strong></span> <span class='ocrx_word' id='word_1_535' title='bbox 2417 4975 2649 5044; x_wconf 85' lang='lat' dir='ltr'><strong>Quartus</strong></span> <span class='ocrx_word' id='word_1_536' title='bbox 2676 4983 2729 5030; x_wconf 90' lang='lat' dir='ltr'><strong>et</strong></span> <span class='ocrx_word' id='word_1_537' title='bbox 2758 4975 2873 5044; x_wconf 89' lang='lat' dir='ltr'><strong>ipse</strong></span> <span class='ocrx_word' id='word_1_538' title='bbox 2905 4972 3069 5030; x_wconf 78' lang='lat' dir='ltr'><strong>refert</strong></span> <span class='ocrx_word' id='word_1_539' title='bbox 3094 4975 3322 5030; x_wconf 87' lang='lat' dir='ltr'><strong>obscura</strong></span> <span class='ocrx_word' id='word_1_540' title='bbox 3351 4977 3557 5047; x_wconf 88' lang='lat' dir='ltr'><strong>piacula</strong></span> <span class='ocrx_word' id='word_1_541' title='bbox 3587 4977 3726 5047; x_wconf 89' lang='lat' dir='ltr'><strong>legis</strong></span> 
     </span>
    </p>
   </div>
   <div class='ocr_carea' id='block_1_50' title="bbox 719 5061 3740 5142">
    <p class='ocr_par' dir='ltr' id='par_1_50' title="bbox 719 5061 3740 5142">
     <span class='ocr_line' id='line_1_50' title="bbox 719 5061 3740 5142; baseline 0.002 -21"><span class='ocrx_word' id='word_1_542' title='bbox 719 5065 790 5121; x_wconf 90' lang='lat' dir='ltr'><strong>Et</strong></span> <span class='ocrx_word' id='word_1_543' title='bbox 813 5068 1020 5136; x_wconf 89' lang='lat' dir='ltr'><strong>species</strong></span> <span class='ocrx_word' id='word_1_544' title='bbox 1045 5063 1277 5119; x_wconf 88' lang='lat' dir='ltr'><strong>breviter</strong></span> <span class='ocrx_word' id='word_1_545' title='bbox 1307 5061 1561 5116; x_wconf 83' lang='lat' dir='ltr'><strong>falsarum</strong></span> <span class='ocrx_word' id='word_1_546' title='bbox 1592 5061 1734 5117; x_wconf 88' lang='lat' dir='ltr'><strong>dicta</strong></span> <span class='ocrx_word' id='word_1_547' title='bbox 1764 5062 1990 5118; x_wconf 89' lang='lat' dir='ltr'><strong>viarum.</strong></span> <span class='ocrx_word' id='word_1_548' title='bbox 2419 5069 2556 5126; x_wconf 79' lang='lat' dir='ltr'><strong>Esse</strong></span> <span class='ocrx_word' id='word_1_549' title='bbox 2586 5079 2767 5142; x_wconf 84' lang='lat' dir='ltr'><strong>typum</strong></span> <span class='ocrx_word' id='word_1_550' title='bbox 2801 5069 3019 5133; x_wconf 86' lang='lat' dir='ltr'><strong>veteris,</strong></span> <span class='ocrx_word' id='word_1_551' title='bbox 3048 5083 3166 5140; x_wconf 82' lang='lat' dir='ltr'><strong>quae</strong></span> <span class='ocrx_word' id='word_1_552' title='bbox 3195 5069 3370 5139; x_wconf 88' lang='lat' dir='ltr'><strong>paruit</strong></span> <span class='ocrx_word' id='word_1_553' title='bbox 3396 5069 3566 5124; x_wconf 90' lang='lat' dir='ltr'><strong>hostia</strong></span> <span class='ocrx_word' id='word_1_554' title='bbox 3589 5086 3740 5138; x_wconf 87' lang='lat' dir='ltr'><strong>vere,</strong></span> 
     </span>
    </p>
   </div>
   <div class='ocr_carea' id='block_1_51' title="bbox 721 5154 3796 5233">
    <p class='ocr_par' dir='ltr' id='par_1_51' title="bbox 721 5154 3796 5233">
     <span class='ocr_line' id='line_1_51' title="bbox 721 5154 3796 5233; baseline 0.003 -19"><span class='ocrx_word' id='word_1_555' title='bbox 721 5159 850 5216; x_wconf 85' lang='lat' dir='ltr'><strong>lude</strong></span> <span class='ocrx_word' id='word_1_556' title='bbox 874 5173 1103 5230; x_wconf 83' lang='lat' dir='ltr'><strong>sequens</strong></span> <span class='ocrx_word' id='word_1_557' title='bbox 1124 5156 1407 5227; x_wconf 87' lang='lat' dir='ltr'><strong>conjuncta</strong></span> <span class='ocrx_word' id='word_1_558' title='bbox 1433 5154 1590 5210; x_wconf 89' lang='lat' dir='ltr'><strong>docet</strong></span> <span class='ocrx_word' id='word_1_559' title='bbox 1616 5157 1867 5227; x_wconf 86' lang='lat' dir='ltr'><strong>mysteria</strong></span> <span class='ocrx_word' id='word_1_560' title='bbox 1892 5159 2046 5230; x_wconf 85' lang='lat' dir='ltr'><strong>legis,</strong></span> <span class='ocrx_word' id='word_1_561' title='bbox 2415 5161 2735 5217; x_wconf 70' lang='lat' dir='ltr'><strong>Iamdudum</strong></span> <span class='ocrx_word' id='word_1_562' title='bbox 2763 5172 3039 5233; x_wconf 78' lang='lat' dir='ltr'><strong>expectata</strong></span> <span class='ocrx_word' id='word_1_563' title='bbox 3068 5163 3168 5233; x_wconf 90' lang='lat' dir='ltr'><strong>piis</strong></span> <span class='ocrx_word' id='word_1_564' title='bbox 3194 5176 3321 5216; x_wconf 90' lang='lat' dir='ltr'><strong>cum</strong></span> <span class='ocrx_word' id='word_1_565' title='bbox 3348 5162 3551 5218; x_wconf 87' lang='lat' dir='ltr'><strong>semine</strong></span> <span class='ocrx_word' id='word_1_566' title='bbox 3579 5175 3796 5222; x_wconf 86' lang='lat' dir='ltr'><strong>sancto.</strong></span> 
     </span>
    </p>
   </div>
   <div class='ocr_carea' id='block_1_52' title="bbox 723 5247 3767 5326">
    <p class='ocr_par' dir='ltr' id='par_1_52' title="bbox 723 5247 3767 5326">
     <span class='ocr_line' id='line_1_52' title="bbox 723 5247 3767 5326; baseline 0.001 -17"><span class='ocrx_word' id='word_1_567' title='bbox 723 5253 886 5323; x_wconf 91' lang='lat' dir='ltr'><strong>Inque</strong></span> <span class='ocrx_word' id='word_1_568' title='bbox 913 5269 1051 5308; x_wconf 91' lang='lat' dir='ltr'><strong>novo</strong></span> <span class='ocrx_word' id='word_1_569' title='bbox 1081 5252 1220 5307; x_wconf 79' lang='lat' dir='ltr'><strong>Deus</strong></span> <span class='ocrx_word' id='word_1_570' title='bbox 1242 5265 1362 5318; x_wconf 68' lang='lat' dir='ltr'><strong>qua:</strong></span> <span class='ocrx_word' id='word_1_571' title='bbox 1392 5247 1596 5303; x_wconf 70' lang='lat' dir='ltr'><strong>[cedere</strong></span> <span class='ocrx_word' id='word_1_572' title='bbox 1625 5247 1841 5304; x_wconf 86' lang='lat' dir='ltr'><strong>tradidit</strong></span> <span class='ocrx_word' id='word_1_573' title='bbox 1874 5267 2029 5307; x_wconf 91' lang='lat' dir='ltr'><strong>unus.</strong></span> <span class='ocrx_word' id='word_1_574' title='bbox 2421 5252 2519 5310; x_wconf 86' lang='lat' dir='ltr'><strong>llic</strong></span> <span class='ocrx_word' id='word_1_575' title='bbox 2545 5254 2763 5326; x_wconf 88' lang='lat' dir='ltr'><strong>quintus</strong></span> <span class='ocrx_word' id='word_1_576' title='bbox 2787 5255 2985 5309; x_wconf 89' lang='lat' dir='ltr'><strong>multos</strong></span> <span class='ocrx_word' id='word_1_577' title='bbox 3007 5268 3177 5309; x_wconf 75' lang='lat' dir='ltr'><strong>nexus</strong></span> <span class='ocrx_word' id='word_1_578' title='bbox 3200 5253 3476 5326; x_wconf 91' lang='lat' dir='ltr'><strong>nodosque</strong></span> <span class='ocrx_word' id='word_1_579' title='bbox 3501 5256 3721 5312; x_wconf 87' lang='lat' dir='ltr'><strong>resolvit</strong></span> <span class='ocrx_word' id='word_1_580' title='bbox 3745 5275 3767 5323; x_wconf 89' lang='lat'><strong><em>;</em></strong></span> 
     </span>
    </p>
   </div>
   <div class='ocr_carea' id='block_1_53' title="bbox 723 5343 3914 5418">
    <p class='ocr_par' dir='ltr' id='par_1_53' title="bbox 723 5343 3914 5418">
     <span class='ocr_line' id='line_1_53' title="bbox 723 5343 3914 5418; baseline 0.002 -19"><span class='ocrx_word' id='word_1_581' title='bbox 723 5343 937 5400; x_wconf 81' lang='lat' dir='ltr'><strong>Tertius</strong></span> <span class='ocrx_word' id='word_1_582' title='bbox 963 5345 1187 5414; x_wconf 88' lang='lat' dir='ltr'><strong>ingenua</strong></span> <span class='ocrx_word' id='word_1_583' title='bbox 1215 5354 1425 5414; x_wconf 83' lang='lat' dir='ltr'><strong>gentem</strong></span> <span class='ocrx_word' id='word_1_584' title='bbox 1466 5345 1533 5402; x_wconf 92' lang='lat' dir='ltr'><strong>de</strong></span> <span class='ocrx_word' id='word_1_585' title='bbox 1564 5355 1732 5402; x_wconf 89' lang='lat' dir='ltr'><strong>matre</strong></span> <span class='ocrx_word' id='word_1_586' title='bbox 1759 5351 2017 5408; x_wconf 89' lang='lat' dir='ltr'><strong>creatam,</strong></span> <span class='ocrx_word' id='word_1_587' title='bbox 2421 5346 2478 5401; x_wconf 84' lang='lat' dir='ltr'><strong>In</strong></span> <span class='ocrx_word' id='word_1_588' title='bbox 2509 5349 2722 5417; x_wconf 88' lang='lat' dir='ltr'><strong>planum</strong></span> <span class='ocrx_word' id='word_1_589' title='bbox 2749 5347 2889 5401; x_wconf 90' lang='lat' dir='ltr'><strong>mala</strong></span> <span class='ocrx_word' id='word_1_590' title='bbox 2911 5346 3182 5401; x_wconf 88' lang='lat' dir='ltr'><strong>convolvit</strong></span> <span class='ocrx_word' id='word_1_591' title='bbox 3216 5363 3568 5418; x_wconf 70' lang='lat' dir='ltr'><strong>qumcumque</strong></span> <span class='ocrx_word' id='word_1_592' title='bbox 3596 5349 3859 5408; x_wconf 75' lang='lat' dir='ltr'><strong>latebant</strong></span> <span class='ocrx_word' id='word_1_593' title='bbox 3895 5371 3914 5418; x_wconf 86' lang='lat'><strong>;</strong></span> 
     </span>
    </p>
   </div>
   <div class='ocr_carea' id='block_1_54' title="bbox 729 5435 3945 5515">
    <p class='ocr_par' dir='ltr' id='par_1_54' title="bbox 729 5435 3945 5515">
     <span class='ocr_line' id='line_1_54' title="bbox 729 5435 3945 5515; baseline 0.002 -23"><span class='ocrx_word' id='word_1_594' title='bbox 729 5435 942 5492; x_wconf 77' lang='lat' dir='ltr'><strong>Vatibus</strong></span> <span class='ocrx_word' id='word_1_595' title='bbox 965 5445 1019 5491; x_wconf 89' lang='lat' dir='ltr'><strong>et</strong></span> <span class='ocrx_word' id='word_1_596' title='bbox 1041 5438 1285 5508; x_wconf 86' lang='lat' dir='ltr'><strong>patribus</strong></span> <span class='ocrx_word' id='word_1_597' title='bbox 1320 5448 1558 5495; x_wconf 89' lang='lat' dir='ltr'><strong>sacratos</strong></span> <span class='ocrx_word' id='word_1_598' title='bbox 1588 5453 1706 5494; x_wconf 91' lang='lat' dir='ltr'><strong>esse</strong></span> <span class='ocrx_word' id='word_1_599' title='bbox 1736 5437 2029 5501; x_wconf 83' lang='lat' dir='ltr'><strong>ministros,</strong></span> <span class='ocrx_word' id='word_1_600' title='bbox 2425 5442 2750 5512; x_wconf 83' lang='lat' dir='ltr'><strong>Argumenta</strong></span> <span class='ocrx_word' id='word_1_601' title='bbox 2779 5440 3020 5508; x_wconf 87' lang='lat' dir='ltr'><strong>trahens,</strong></span> <span class='ocrx_word' id='word_1_602' title='bbox 3049 5440 3143 5496; x_wconf 87' lang='lat' dir='ltr'><strong>sed</strong></span> <span class='ocrx_word' id='word_1_603' title='bbox 3175 5457 3280 5495; x_wconf 91' lang='lat' dir='ltr'><strong>non</strong></span> <span class='ocrx_word' id='word_1_604' title='bbox 3306 5442 3423 5497; x_wconf 91' lang='lat' dir='ltr'><strong>sine</strong></span> <span class='ocrx_word' id='word_1_605' title='bbox 3450 5451 3586 5498; x_wconf 87' lang='lat' dir='ltr'><strong>teste</strong></span> <span class='ocrx_word' id='word_1_606' title='bbox 3616 5443 3945 5515; x_wconf 79' lang='lat' dir='ltr'><strong>propheta.</strong></span> 
     </span>
    </p>
   </div>
   <div class='ocr_carea' id='block_1_55' title="bbox 2067 5533 2640 5592">
    <p class='ocr_par' dir='ltr' id='par_1_55' title="bbox 2067 5533 2640 5592">
     <span class='ocr_line' id='line_1_55' title="bbox 2067 5533 2640 5592; baseline -0.007 -2"><span class='ocrx_word' id='word_1_607' title='bbox 2067 5533 2640 5592; x_wconf 68' lang='lat' dir='ltr'><strong>COMMENTARIUS.</strong></span> 
     </span>
    </p>
   </div>
   <div class='ocr_carea' id='block_1_56' title="bbox 801 5620 4066 5700">
    <p class='ocr_par' dir='ltr' id='par_1_56' title="bbox 801 5620 4066 5700">
     <span class='ocr_line' id='line_1_56' title="bbox 801 5620 4066 5700; baseline 0.003 -23"><span class='ocrx_word' id='word_1_608' title='bbox 801 5622 957 5679; x_wconf 63' lang='lat' dir='ltr'><strong>CAP.</strong></span> <span class='ocrx_word' id='word_1_609' title='bbox 987 5623 1028 5679; x_wconf 89' lang='grc'><strong>1.</strong></span> <span class='ocrx_word' id='word_1_610' title='bbox 1054 5621 1215 5695; x_wconf 89' lang='lat' dir='ltr'><strong>——(h)</strong></span> <span class='ocrx_word' id='word_1_611' title='bbox 1249 5620 1449 5700; x_wconf 62' lang='lat' dir='ltr'><strong>Primus</strong></span> <span class='ocrx_word' id='word_1_612' title='bbox 1473 5635 1579 5700; x_wconf 79' lang='lat' dir='ltr'><strong>erat</strong></span> <span class='ocrx_word' id='word_1_613' title='bbox 1607 5626 1855 5700; x_wconf 75' lang='lat' dir='ltr'><strong>referens,</strong></span> <span class='ocrx_word' id='word_1_614' title='bbox 1885 5639 1988 5684; x_wconf 84' lang='lat' dir='ltr'><strong>etc.</strong></span> <span class='ocrx_word' id='word_1_615' title='bbox 2015 5629 2330 5685; x_wconf 79' lang='lat' dir='ltr'><strong>Marcioncut</strong></span> <span class='ocrx_word' id='word_1_616' title='bbox 2435 5629 2710 5700; x_wconf 77' lang='lat' dir='ltr'><strong>lixis._tum</strong></span> <span class='ocrx_word' id='word_1_617' title='bbox 2739 5627 2839 5681; x_wconf 78' lang='lat' dir='ltr'><strong>hoc</strong></span> <span class='ocrx_word' id='word_1_618' title='bbox 2860 5628 3011 5682; x_wconf 81' lang='lat' dir='ltr'><strong>loco:</strong></span> <span class='ocrx_word' id='word_1_619' title='bbox 3039 5626 3204 5698; x_wconf 82' lang='lat' dir='ltr'><strong>Inque</strong></span> <span class='ocrx_word' id='word_1_620' title='bbox 3229 5645 3354 5683; x_wconf 83' lang='lat' dir='ltr'><strong>novo</strong></span> <span class='ocrx_word' id='word_1_621' title='bbox 3387 5628 3520 5684; x_wconf 79' lang='lat' dir='ltr'><strong>Deus</strong></span> <span class='ocrx_word' id='word_1_622' title='bbox 3539 5645 3650 5697; x_wconf 68' lang='lat' dir='ltr'><strong>qum</strong></span> <span class='ocrx_word' id='word_1_623' title='bbox 3679 5631 3929 5700; x_wconf 67' lang='lat' dir='ltr'><strong>findere,</strong></span> <span class='ocrx_word' id='word_1_624' title='bbox 3957 5648 4066 5694; x_wconf 80' lang='lat' dir='ltr'><strong>etc.</strong></span> 
     </span>
    </p>
   </div>
   <div class='ocr_carea' id='block_1_57' title="bbox 733 5694 4068 5770">
    <p class='ocr_par' dir='ltr' id='par_1_57' title="bbox 733 5694 4068 5770">
     <span class='ocr_line' id='line_1_57' title="bbox 733 5694 4068 5770; baseline 0.002 -21"><span class='ocrx_word' id='word_1_625' title='bbox 733 5700 963 5770; x_wconf 72' lang='lat' dir='ltr'><strong>refugerit</strong></span> <span class='ocrx_word' id='word_1_626' title='bbox 991 5695 1278 5770; x_wconf 71' lang='lat' dir='ltr'><strong>irruisemcl</strong></span> <span class='ocrx_word' id='word_1_627' title='bbox 1301 5694 1383 5748; x_wconf 92' lang='lat' dir='ltr'><strong>his</strong></span> <span class='ocrx_word' id='word_1_628' title='bbox 1402 5694 1963 5770; x_wconf 76' lang='lat' dir='ltr'><strong>librisapprllat,quod</strong></span> <span class='ocrx_word' id='word_1_629' title='bbox 1985 5718 2012 5754; x_wconf 91' lang='lat' dir='ltr'><strong>a</strong></span> <span class='ocrx_word' id='word_1_630' title='bbox 2035 5703 2134 5756; x_wconf 82' lang='lat' dir='ltr'><strong>title</strong></span> <span class='ocrx_word' id='word_1_631' title='bbox 2155 5701 2332 5755; x_wconf 77' lang='lat' dir='ltr'><strong>catho-</strong></span> <span class='ocrx_word' id='word_1_632' title='bbox 2436 5716 2532 5769; x_wconf 83' lang='lat' dir='ltr'><strong>pro</strong></span> <span class='ocrx_word' id='word_1_633' title='bbox 2560 5698 2721 5760; x_wconf 81' lang='lat' dir='ltr'><strong>Divis,</strong></span> <span class='ocrx_word' id='word_1_634' title='bbox 2748 5700 3026 5767; x_wconf 63' lang='grc' dir='ltr'><strong>(ξιφίαι-μία</strong></span> <span class='ocrx_word' id='word_1_635' title='bbox 3045 5694 3187 5770; x_wconf 56' lang='lat' dir='ltr'><strong>legis,</strong></span> <span class='ocrx_word' id='word_1_636' title='bbox 3212 5716 3301 5769; x_wconf 89' lang='lat' dir='ltr'><strong>pro</strong></span> <span class='ocrx_word' id='word_1_637' title='bbox 3328 5703 3482 5770; x_wconf 83' lang='lat' dir='ltr'><strong>regis.</strong></span> <span class='ocrx_word' id='word_1_638' title='bbox 3505 5694 3886 5768; x_wconf 78' lang='lat' dir='ltr'><strong>Optasscmus</strong></span> <span class='ocrx_word' id='word_1_639' title='bbox 3903 5694 4068 5764; x_wconf 60' lang='lat' dir='ltr'><strong>éuam</strong></span> 
     </span>
    </p>
   </div>
   <div class='ocr_carea' id='block_1_58' title="bbox 739 5768 4070 5840">
    <p class='ocr_par' dir='ltr' id='par_1_58' title="bbox 739 5768 4070 5840">
     <span class='ocr_line' id='line_1_58' title="bbox 739 5768 4070 5840; baseline 0.002 -20"><span class='ocrx_word' id='word_1_640' title='bbox 739 5768 836 5840; x_wconf 59' lang='lat' dir='ltr'><strong>lica</strong></span> <span class='ocrx_word' id='word_1_641' title='bbox 863 5768 1173 5832; x_wconf 80' lang='lat' dir='ltr'><strong>desciverit,</strong></span> <span class='ocrx_word' id='word_1_642' title='bbox 1217 5768 1664 5840; x_wconf 71' lang='lat' dir='ltr'><strong>quemadmodum</strong></span> <span class='ocrx_word' id='word_1_643' title='bbox 1685 5768 2135 5828; x_wconf 76' lang='lat' dir='ltr'><strong>latiusvitlerecst</strong></span> <span class='ocrx_word' id='word_1_644' title='bbox 2153 5773 2247 5826; x_wconf 83' lang='lat' dir='ltr'><strong>lib.</strong></span> <span class='ocrx_word' id='word_1_645' title='bbox 2272 5776 2334 5827; x_wconf 75' lang='lat' dir='ltr'><strong>(te</strong></span> <span class='ocrx_word' id='word_1_646' title='bbox 2438 5768 2546 5825; x_wconf 75' lang='lat' dir='ltr'><strong>MS.</strong></span> <span class='ocrx_word' id='word_1_647' title='bbox 2572 5772 2892 5838; x_wconf 61' lang='lat' dir='ltr'><strong>exemplaria</strong></span> <span class='ocrx_word' id='word_1_648' title='bbox 2919 5771 2981 5823; x_wconf 84' lang='lat' dir='ltr'><strong>ad</strong></span> <span class='ocrx_word' id='word_1_649' title='bbox 3008 5768 3492 5838; x_wconf 46' lang='lat' dir='ltr'><strong>rcc&#39;ognoscrnilum</strong></span> <span class='ocrx_word' id='word_1_650' title='bbox 3511 5771 3650 5840; x_wconf 88' lang='lat' dir='ltr'><strong>quod</strong></span> <span class='ocrx_word' id='word_1_651' title='bbox 3678 5774 3761 5827; x_wconf 90' lang='lat' dir='ltr'><strong>hic</strong></span> <span class='ocrx_word' id='word_1_652' title='bbox 3793 5777 3977 5835; x_wconf 73' lang='lat' dir='ltr'><strong>aﬂ&#39;erl</strong></span> <span class='ocrx_word' id='word_1_653' title='bbox 4009 5783 4070 5832; x_wconf 64' lang='lat' dir='ltr'><strong>de</strong></span> 
     </span>
    </p>
   </div>
   <div class='ocr_carea' id='block_1_59' title="bbox 746 5837 4062 5910">
    <p class='ocr_par' dir='ltr' id='par_1_59' title="bbox 746 5837 4062 5910">
     <span class='ocr_line' id='line_1_59' title="bbox 746 5837 4062 5910; baseline 0.004 -18"><span class='ocrx_word' id='word_1_654' title='bbox 746 5837 1040 5909; x_wconf 66' lang='lat' dir='ltr'><strong>Prafscripl.</strong></span> <span class='ocrx_word' id='word_1_655' title='bbox 1063 5839 1262 5893; x_wconf 74' lang='lat' dir='ltr'><strong>advers.</strong></span> <span class='ocrx_word' id='word_1_656' title='bbox 1282 5839 1405 5892; x_wconf 71' lang='lat' dir='ltr'><strong>liter.</strong></span> <span class='ocrx_word' id='word_1_657' title='bbox 1428 5855 1546 5909; x_wconf 85' lang='lat' dir='ltr'><strong>cap.</strong></span> <span class='ocrx_word' id='word_1_658' title='bbox 1566 5840 1657 5895; x_wconf 86' lang='lat'><strong>&#39;50.</strong></span> <span class='ocrx_word' id='word_1_659' title='bbox 1681 5850 1734 5894; x_wconf 78' lang='lat' dir='ltr'><strong>et</strong></span> <span class='ocrx_word' id='word_1_660' title='bbox 1752 5843 1846 5896; x_wconf 89' lang='lat' dir='ltr'><strong>lib.</strong></span> <span class='ocrx_word' id='word_1_661' title='bbox 1873 5841 2022 5898; x_wconf 83' lang='lat' dir='ltr'><strong>Iadv.</strong></span> <span class='ocrx_word' id='word_1_662' title='bbox 2046 5844 2213 5898; x_wconf 80' lang='lat' dir='ltr'><strong>Marc.</strong></span> <span class='ocrx_word' id='word_1_663' title='bbox 2235 5843 2336 5897; x_wconf 82' lang='lat' dir='ltr'><strong>Ca-</strong></span> <span class='ocrx_word' id='word_1_664' title='bbox 2439 5842 2566 5896; x_wconf 84' lang='lat' dir='ltr'><strong>libro</strong></span> <span class='ocrx_word' id='word_1_665' title='bbox 2584 5837 2758 5905; x_wconf 81' lang='lat' dir='ltr'><strong>tertio;</strong></span> <span class='ocrx_word' id='word_1_666' title='bbox 2783 5843 2922 5910; x_wconf 89' lang='lat' dir='ltr'><strong>quod</strong></span> <span class='ocrx_word' id='word_1_667' title='bbox 2947 5841 3082 5897; x_wconf 87' lang='lat' dir='ltr'><strong>adeo</strong></span> <span class='ocrx_word' id='word_1_668' title='bbox 3103 5837 3222 5897; x_wconf 84' lang='lat' dir='ltr'><strong>cum</strong></span> <span class='ocrx_word' id='word_1_669' title='bbox 3246 5837 3722 5906; x_wconf 74' lang='lat' dir='ltr'><strong>obscurumcsscl.</strong></span> <span class='ocrx_word' id='word_1_670' title='bbox 3760 5859 3835 5902; x_wconf 76' lang='lat' dir='ltr'><strong>et</strong></span> <span class='ocrx_word' id='word_1_671' title='bbox 3865 5851 4062 5907; x_wconf 77' lang='lat' dir='ltr'><strong>[ortas-</strong></span> 
     </span>
    </p>
   </div>
   <div class='ocr_carea' id='block_1_60' title="bbox 746 5911 3836 5988">
    <p class='ocr_par' dir='ltr' id='par_1_60' title="bbox 746 5911 3836 5988">
     <span class='ocr_line' id='line_1_60' title="bbox 746 5911 3836 5988; baseline 0.002 -22"><span class='ocrx_word' id='word_1_672' title='bbox 746 5912 1250 5979; x_wconf 73' lang='lat' dir='ltr'><strong>stzgavininsantcm</strong></span> <span class='ocrx_word' id='word_1_673' title='bbox 1270 5922 1378 5967; x_wconf 89' lang='lat' dir='ltr'><strong>tum</strong></span> <span class='ocrx_word' id='word_1_674' title='bbox 1403 5911 2337 5986; x_wconf 62' lang='lat' dir='ltr'><strong>inargumentissingulislibrispra-</strong></span> <span class='ocrx_word' id='word_1_675' title='bbox 2439 5914 2515 5970; x_wconf 81' lang='lat' dir='ltr'><strong>sis</strong></span> <span class='ocrx_word' id='word_1_676' title='bbox 2542 5921 2851 5984; x_wconf 88' lang='lat' dir='ltr'><strong>corruptum</strong></span> <span class='ocrx_word' id='word_1_677' title='bbox 2872 5952 2888 5982; x_wconf 91' lang='lat'><strong>,</strong></span> <span class='ocrx_word' id='word_1_678' title='bbox 2918 5924 3232 5984; x_wconf 82' lang='lat' dir='ltr'><strong>argumento</strong></span> <span class='ocrx_word' id='word_1_679' title='bbox 3259 5930 3419 5988; x_wconf 85' lang='lat' dir='ltr'><strong>supra</strong></span> <span class='ocrx_word' id='word_1_680' title='bbox 3437 5931 3543 5973; x_wconf 90' lang='lat' dir='ltr'><strong>non</strong></span> <span class='ocrx_word' id='word_1_681' title='bbox 3574 5915 3836 5986; x_wconf 72' lang='lat' dir='ltr'><strong>adiunxi.</strong></span> 
     </span>
    </p>
   </div>
  </div>
