4202 6496
144 425 283 484 1085

142 539 209 595 Et
233 538 474 610 quamvis
497 539 679 596 hostes
705 540 896 596 muniti
926 541 1151 598 fortibus
1173 543 1338 599 armis
1364 543 1438 618 (a)

143 634 472 700 Vincamus;
504 643 684 691 tamen
716 635 938 704 inlicita,
973 637 1196 706 polluta,
1231 639 1480 709 nefanda,

142 725 538 782 Commaculata
563 728 744 797 simul,
775 731 852 785 sic
874 730 1087 786 miscuit
1114 733 1292 787 omnia
1325 750 1570 807 serpens,

141 817 422 874 Ctecortnn
453 820 571 875 sine
594 820 709 876 luce
736 822 908 889 viam,
941 824 1246 879 contaminc
1276 841 1500 894 vocem;

144 909 238 974 Ut,
263 911 386 964 dum
417 910 673 967 factorem
703 915 886 968 mundi
913 917 1286 971 contendimus
1313 919 1485 988 ipsum

144 1002 285 1058 Esse
314 1003 478 1058 Deum
509 1004 704 1072 solum,
733 1015 912 1060 vatum
946 1023 1160 1079 quoque
1185 1025 1314 1067 voce
1344 1012 1600 1080 locutum,

144 1096 498 1167 Ignotumque
524 1098 689 1153 alium
716 1114 1036 1170 quemquam
1071 1118 1175 1157 non
1207 1118 1328 1159 esse
1352 1106 1663 1177 probamus;

144 1189 249 1245 V'ix
277 1191 528 1245 mundum
561 1191 794 1262 linguam
821 1195 1088 1249 sermonis
1118 1197 1274 1266 culpa
1306 1209 1570 1268 reservet,

145 1280 454 1352 Complexu
485 1284 632 1337 vario
650 1293 837 1339 notum
865 1285 992 1340 dunt
1010 1286 1168 1342 laude
1196 1299 1484 1360 sequentes

145 1375 545 1446 Culpamusque
575 1378 706 1431 alias
734 1379 896 1449 ignoti
928 1389 1170 1451 tempora
1200 1397 1352 1449 sera;

151 1468 259 1523 Sed
282 1478 476 1540 cogunt
504 1485 603 1524 nos
627 1472 790 1526 multa
818 1472 925 1527 doli
955 1474 1140 1529 caelata
1173 1490 1398 1544 venena,

150 1561 390 1635 Ancipiti
410 1577 732 1634 quamquam
767 1579 888 1620 eum
915 1566 1161 1632 crimine,
1193 1568 1430 1638 pandere
1452 1569 1632 1627 verba.

760 1656 993 1714 CAPUT
1061 1659 1124 1713 ll.

219 1747 476 1817 Quisnam
507 1764 635 1820 ergo
657 1750 796 1806 Dens
830 1751 851 1804 ?
881 1767 1040 1821 quem
1069 1767 1252 1808 verum
1276 1753 1451 1810 dicitis
1476 1767 1599 1814 esse

148 1841 394 1912 ignotum
418 1843 650 1913 populis,
673 1844 906 1899 alienum
939 1845 1170 1916 denique
1198 1848 1399 1904 mundo
1425 1851 1448 1904 ?

148 1933 307 1990 llunc
329 1950 486 2006 quem
519 1951 677 1990 nemo
703 1937 849 2007 prius
878 1950 1057 2007 norat,
1090 1940 1175 1996 hic
1199 1943 1342 1998 venit
1367 1945 1433 2000 ab
1460 1945 1612 2001 alto?

147 2026 211 2083 Si
241 2042 357 2094 sua,
387 2042 482 2082 cur
515 2039 622 2082 tam
656 2045 773 2085 sera
800 2031 970 2099 petit?
999 2031 1044 2086 si
1073 2050 1180 2088 non
1202 2049 1319 2103 sua,
1343 2052 1508 2107 quare

147 2119 225 2176 Ut
245 2120 426 2191 praedo
456 2121 613 2190 rapit,
638 2130 691 2177 et
720 2125 970 2193 populum
993 2125 1092 2180 snb
1121 2127 1236 2198 lege
1264 2141 1562 2186 morantem

147 2213 355 2284 Ignotis
384 2214 583 2269 totiens
610 2229 704 2285 per
728 2215 898 2287 legem
931 2218 1151 2274 vocibus
1178 2221 1402 2292 opplet?

147 2305 209 2362 Si
240 2306 483 2361 misereri
514 2307 674 2363 etiam
703 2309 847 2363 venit
869 2323 924 2365 et
949 2326 1268 2368 succurrere
1297 2315 1530 2383 cunctis,

150 2401 226 2456 Et
245 2402 489 2456 relevare
513 2403 659 2472 gravi
693 2403 933 2459 devictos
956 2403 1144 2461 funere
1163 2409 1372 2476 mortis,

147 2495 346 2549 Carnis
370 2504 424 2549 et
455 2493 713 2550 obscaeno
735 2498 1006 2566 spiramen
1033 2500 1245 2556 solvere
1262 2503 1462 2571 vinclo,

149 2585 257 2653 Qui
283 2585 565 2641 cohibetur
587 2586 748 2643 homo
777 2589 1022 2658 interior,
1055 2595 1303 2649 concisus
1331 2596 1510 2666 inique
1528 2637 1545 2664 ,

149 2679 263 2735 Cor
317 2691 420 2736 tam
469 2695 590 2736 sero
662 2683 780 2754 pius
830 2683 907 2756 (I)
950 2684 1218 2757 vigilans,
1276 2704 1594 2763 semperque
1659 2693 1751 2750 be.

1390 2785 1604 2856 [niguus

147 2864 254 2933 Qui
287 2881 578 2936 numquam
602 2868 749 2938 prius
770 2870 990 2925 omnino
1019 2887 1080 2928 se
1106 2873 1335 2944 praebuit
1365 2877 1458 2932 ulli

149 2958 511 3014 Transmissis
545 2977 770 3017 numero
794 2963 999 3020 alienos
1023 2980 1119 3022 ore
1143 2969 1444 3040 requirens,

147 3049 455 3120 Numquam
489 3060 827 3122 expectatus.
860 3070 965 3110 non
997 3066 1178 3125 notus,
1203 3059 1402 3116 missus
1431 3062 1484 3117 in
1515 3061 1724 3120 orbem.

771 3144 999 3203 CAPUT
1031 3148 1117 3205 Ill.

228 3235 419 3290 Pastor
447 3251 600 3293 ovem
623 3253 890 3310 quaere-ns,
920 3242 992 3314 (ὑ)
1025 3259 1186 3314 quam
1208 3260 1314 3301 non
1335 3248 1728 3309 amiseratante

147 3328 346 3384 Debuit
374 3341 565 3386 exutus
585 3347 824 3401 carnem,
860 3336 1009 3406 quasi
1040 3337 1216 3394 vietor
1242 3348 1296 3394 et
1325 3339 1400 3413 (ἓ)
1432 3343 1546 3412 ipse

146 3423 408 3493 Spiritus,
427 3434 480 3479 ut
505 3425 682 3481 fuerat
701 3441 933 3498 semper,
963 3432 1201 3502 talesque
1226 3434 1461 3500 volebat,

144 3517 351 3575 Omnes
379 3521 630 3590 expulsas
651 3522 858 3576 animas
885 3524 1004 3579 sine
1029 3540 1257 3594 corpore
1287 3530 1484 3596 passim

149 3611 399 3681 Eripere,
429 3623 483 3667 et
509 3628 726 3670 carnem
753 3615 1033 3686 spoliatam
1068 3617 1312 3690 linquere
1342 3631 1502 3678 terrae
1536 3641 1550 3691 ;

145 3702 270 3759 Una
300 3705 384 3759 die
411 3705 614 3776 pariter
639 3707 914 3777 complere
941 3708 1202 3766 cadavere
1235 3713 1516 3781 mundum,

145 3798 428 3855 Evacuare
451 3801 659 3866 orbem,
693 3811 853 3873 atque
882 3804 1091 3860 animas
1117 3806 1376 3863 adtollere
1399 3810 1558 3866 creto.

145 3888 443 3959 Progenies
473 3889 746 3946 hominum
774 3895 918 3948 nasci
952 3909 1220 3951 cessasset
1243 3899 1293 3951 in
1326 3915 1511 3966 unum,

146 3983 225 4038 Et
253 3982 395 4037 milia
423 3984 647 4053 posthac
668 3987 882 4056 generis
916 3990 1161 4060 prosapia
1199 3993 1390 4047 vestri.

143 4074 285 4134 Nata
318 4073 469 4145 foret,
505 4086 816 4148 pestemque
841 4094 1031 4134 novam
1066 4080 1288 4138 fudisset
1326 4083 1373 4138 in
1407 4085 1610 4142 orbem.

146 4165 253 4221 Vel
281 4166 402 4237 quia
434 4176 560 4222 tunc
582 4167 715 4224 nihil
739 4184 802 4224 ex
837 4168 920 4226 his
954 4169 1144 4227 factum
1168 4175 1468 4233 ostenditur
1489 4193 1608 4234 esse
1629 4220 1646 4243 .

145 4259 419 4314 Debuerat
443 4259 604 4317 linem
625 4261 804 4331 generi
835 4263 1082 4318 statuisse
1108 4262 1311 4334 futuro,

141 4351 417 4406 Connubii
445 4351 618 4407 solido
646 4354 962 4424 complexus
989 4356 1152 4413 corde
1179 4358 1472 4430 replesset,

146 4445 394 4502 Fecisset
421 4459 649 4515 corpore
677 4446 841 4516 viros,
874 4449 991 4505 sine
1012 4452 1250 4521 germine
1277 4452 1504 4522 fructus,

143 4535 413 4593 Feminei
436 4551 596 4593 sexus
616 4538 826 4594 cubitus
853 4541 1050 4598 (ardere
1071 4543 1340 4614 dedisset,

143 4630 446 4687 Clausissct
472 4630 682 4702 penitus
706 4633 882 4690 carnis
907 4635 1157 4706 genitalia
1183 4639 1445 4708 membra,

1511 431 1856 493 APPENDIX
1879 433 2114 495 PRIMA.

1759 551 1812 612 Λ
1839 549 1992 607 Nulla
2028 554 2272 614 voluntas
2315 569 2500 618 nostro
2543 563 2742 634 animo,
2786 581 2958 638 neque
2997 583 3148 638 posse
3177 569 3422 630 facultas.

3295 455 3434 512 1086

1843 645 2100 705 POSthazc
2126 661 2306 722 posset
2333 664 2386 710 ct
2417 655 2642 713 interior
2667 656 2827 714 homo
2853 662 3109 731 sanguine
3126 662 3327 734 junctis

1845 735 2062 796 llccrcre
2087 741 2298 799 infusus
2322 747 2486 814 carni,
2520 763 2838 822 semperque
2865 753 3083 822 periret.

1844 829 2071 904 Semper
2091 837 2206 894 ovis
2234 840 2390 909 perit,
2424 856 2552 913 ergo
2581 859 2678 899 nec
2703 856 2786 900 est
2819 861 3035 904 servare
3063 851 3342 920 potestas?

1844 923 1978 983 Cum
2001 943 2214 1001 semper
2239 943 2491 990 nascatur
2517 939 2695 1004 homo,
2729 936 2828 992 sub
2854 940 3075 996 crimine
3102 943 3289 998 mortis

1845 1024 2002 1095 Quod
2041 1026 2269 1096 pastoris
2295 1043 2452 1100 opus,
2483 1030 2527 1085 si
2552 1030 2626 1085 sic
2653 1030 2867 1088 inventa
2895 1033 3194 1092 docentur?

1845 1114 2128 1185 lnquzesita
2154 1132 2300 1188 ergo,
2334 1118 2426 1174 sed
2455 1134 2561 1175 non
2590 1136 2771 1192 erepta
2802 1124 3076 1193 probatur.

1847 1210 1999 1267 Nunc
2025 1227 2152 1268 vero
2172 1213 2410 1270 delectus
2441 1215 2594 1272 adest
2621 1220 2884 1276 connubia
2919 1221 3087 1290 adire,

1849 1299 1920 1358 Ut
1945 1317 2157 1371 semper
2187 1303 2302 1372 fuit,
2329 1322 2484 1376 quem
2507 1307 2684 1379 junxit
2711 1320 2854 1366 certa
2883 1328 3138 1386 propago,

1847 1392 2148 1450 Nascuntur
2173 1406 2360 1466 gentes
2390 1408 2441 1454 ct
2471 1398 2557 1454 vix
2585 1404 2917 1459 numerabile
2944 1406 3154 1476 vulgus,

1852 1486 2138 1556 Accipiunt
2167 1488 2373 1543 animas
2400 1501 2714 1548 nascentum
2744 1509 2972 1566 corpora
3000 1496 3152 1564 viva;

1853 1576 1964 1634 Nec
1996 1579 2214 1635 Paulum
2230 1580 2407 1638 decuit
2425 1624 2438 1647 .
2463 1585 2703 1654 quamvis
2720 1601 2818 1657 pro
2833 1596 3071 1659 tempore
3087 1591 3302 1662 quosvis
3328 1590 3410 1666 (5)

1852 1669 2090 1736 Hortari,
2113 1673 2257 1729 velut
2286 1673 2398 1745 ipse
2426 1674 2542 1743 fuit,
2575 1679 2690 1747 pari
2721 1687 2867 1736 sorte
2892 1696 3132 1751 manere,

1851 1765 2134 1838 Temporis
2159 1770 2368 1842 angusti
2395 1785 2626 1827 cernens
2653 1772 2900 1830 instantia
2930 1777 3128 1845 multa;

1851 1858 1984 1914 Nam
2018 1867 2230 1916 teneras
2256 1861 2384 1917 alias
2414 1872 2598 1919 aetates
2633 1865 2832 1921 nubere
2849 1865 3040 1935 jussit,

1779 1960 1828 2021 Β
1855 1951 1965 2008 Nec
1994 1966 2052 2008 se
2081 1952 2332 2020 fraudari,
2368 1953 2461 2010 sed
2483 1954 2660 2010 debita
2689 1955 2913 2012 reddere
2939 1966 3115 2029 pacto.

1857 2041 1967 2099 Vos
1991 2054 2169 2100 autem
2193 2053 2366 2100 astuta
2390 2045 2510 2116 quis
2533 2047 2700 2102 suasit
2729 2045 2916 2104 fraude
2942 2065 3164 2110 manere
3187 2094 3202 2120 ,

1857 2132 2059 2189 Divisio
2089 2135 2254 2205 prolis
2279 2150 2497 2191 securos
2519 2135 2715 2207 degere
2744 2152 2950 2207 amore,

1855 2222 2072 2280 Crimen
2101 2225 2355 2281 adulterii
2380 2230 2742 2296 committere,
2769 2231 2997 2303 perdere
3016 2232 3178 2288 vitam
3196 2235 3221 2290 ἲ

1857 2313 1925 2370 Et
1949 2329 2271 2387 quamquam
2297 2319 2452 2387 perit,
2485 2319 2536 2374 id
2566 2319 2759 2376 falsare
2779 2323 3062 2394 agnomine
3087 2325 3271 2381 verbi?

1855 2407 2195 2480 Quapropter
2225 2411 2371 2468 vocis
2393 2421 2498 2467 tam
2529 2413 2699 2469 dulcia
2726 2425 2914 2471 cuneta
2947 2416 3217 2488 profundit

1857 2497 2113 2571 impavidi
2138 2501 2394 2574 quidquid
2425 2503 2620 2574 placet,
2645 2513 2702 2560 ut
2729 2505 2931 2564 faciatis
2957 2519 3168 2581 Oportet
3193 2551 3209 2582 ,

1855 2591 1914 2647 ln
1945 2591 2133 2649 faciem
2162 2596 2317 2660 casti,
2345 2597 2594 2652 maculati
2619 2599 2843 2657 crimine
2867 2601 3048 2658 furtim
3067 2646 3082 2671 ,

1857 2682 1968 2740 Hac
1996 2700 2185 2741 caussa
2214 2701 2309 2742 vos
2334 2689 2599 2745 connubio
2619 2693 2849 2762 privavit
2879 2695 3124 2751 honesto.

1855 2777 1960 2834 Sed
1986 2780 2108 2849 quid
2137 2779 2322 2850 plura?
2351 2781 2486 2836 bene
2515 2793 2595 2838 est
2619 2783 2910 2854 disjunctos
2935 2787 3137 2844 scilicet
3165 2804 3303 2860 esse,

1859 2868 2089 2940 Expedit
2118 2881 2171 2926 et
2200 2872 2421 2941 mundo,
2449 2890 2516 2930 ne
2545 2875 2708 2932 vestri
2739 2878 2995 2948 germinis
3021 2879 3160 2936 ullus

1858 2959 2138 3032 Nascatur,
2169 2964 2380 3025 tandem
2402 2965 2686 3023 cessabunt
2713 2981 2911 3039 organa
2933 2970 3121 3028 mortis
3142 3011 3158 3028 .

2480 3101 2706 3162 C-lPUT
2735 3104 2826 3160 IV.

1928 3236 2140 3294 Partem
2173 3237 2421 3307 hominis,
2443 3239 2568 3295 dum
2591 3240 2817 3311 speratis
2837 3241 3069 3300 retinere
3097 3244 3345 3316 salutem,

1778 3368 1823 3433 Ο
1858 3327 2028 3385 'l‘outs
2051 3329 2214 3385 homo
2241 3339 2417 3385 t'eslct'
2445 3331 2690 3401 deperdit
2719 3341 2900 3388 mente
2923 3333 3222 3404 prophana,

1856 3423 2081 3478 Interior
2109 3425 2266 3479 simul
2293 3436 2345 3480 et
2375 3438 2607 3481 veterem
2635 3442 2789 3496 quem
2817 3427 2992 3483 dicitis
3019 3428 3222 3486 hostem
3254 3448 3270 3498 ;

1852 3516 1956 3571 Sed
1973 3527 2027 3572 et
2062 3518 2139 3590 (4)
2190 3520 2347 3573 homo
2374 3519 2544 3574 solum
2570 3523 2833 3590 spiramen
2851 3521 3181 3580 dicituresse
3203 3541 3218 3590 ;

1856 3613 1964 3670 Nec
1995 3627 2147 3670 vetus
2164 3625 2245 3670 est
2276 3616 2437 3670 homo
2460 3615 2598 3670 dicta
2625 3631 2772 3682 caro,
2802 3632 2901 3672 nec
2928 3625 3053 3672 sunt
3071 3617 3283 3676 inimica

1854 3707 2083 3782 Spiritus
2103 3719 2152 3766 et
2183 3725 2342 3777 caro,
2374 3725 2534 3766 verus
2561 3710 2722 3766 homo
2750 3709 2829 3784 (5)
2859 3713 3094 3769 sociatus
3125 3714 3176 3769 in
3202 3730 3340 3785 uno,

1855 3802 1966 3858 Nec
1995 3802 2093 3858 sibi
2126 3803 2360 3874 privatos
2390 3817 2582 3860 sensus
2607 3812 2901 3860 cernuntur
2927 3805 3147 3874 habere,

1854 3894 1981 3952 Haec
2019 3895 2099 3972 (ti)
2132 3897 2365 3968 regitur,
2398 3897 2534 3969 regit
2570 3897 2690 3966 ille,
2743 3899 2940 3968 gemit,
2980 3899 3308 3971 gaudetque,
3352 3900 3446 3956 do-

3115 3990 3318 4064 [letque
3340 4010 3354 4060 ;

1855 4082 2050 4156 Diligit,
2083 4085 2196 4155 ipse
2223 4099 2332 4140 suae
2361 4084 2509 4140 carni
2531 4085 2845 4140 carissimus
2874 4085 3040 4152 idem,

1857 4180 1959 4236 Per
1988 4196 2148 4252 quam
2176 4189 2328 4251 paret
2351 4179 2512 4237 homo
2547 4177 2653 4253 (ε),
2695 4194 2818 4235 cum
2853 4196 2955 4253 qua
2985 4181 3305 4236 commixtus
3350 4177 3417 4234 ha

3127 4271 3302 4346 [betur
3317 4291 3330 4340 ;

1850 4357 2175 4421 Vulneribus
2201 4377 2359 4421 curas
2385 4363 2621 4430 adhibet,
2651 4363 3018 4436 laerymasque
3041 4364 3324 4436 profundit.

1853 4456 2186 4514 Nutrimenta
2215 4457 2317 4511 cibi
2350 4456 2544 4528 cupide
2572 4471 2665 4526 per
2689 4455 2930 4510 membra
2960 4459 3185 4513 resumit
3220 4498 3236 4524 ,

1855 4551 2007 4606 Hanc
2035 4559 2185 4620 optat
2206 4564 2389 4606 secum
2412 4548 2774 4606 immortalem
2804 4563 3015 4619 semper
3041 4549 3260 4614 habere.

1765 4636 1822 4700 D
1846 4645 2016 4714 Quam
2045 4644 2210 4715 frangi
2234 4644 2414 4717 gemit,
2437 4653 2492 4702 et
2515 4643 2661 4701 dolet
2688 4657 2945 4701 evacuare
2970 4658 3063 4716 per
3090 4653 3274 4714 artus;

1385 4749 1769 4814 LECTIONES
1807 4755 2221 4816 VARIANTES.

210 4855 290 4981 (ιζ
311 4853 459 4924 P_rlus
474 4855 642 4908 Paris.

211 4919 266 4981 (2
316 4917 380 4967 ω
402 4917 564 4981 Obteri.
630 4977 640 4981 Δ

211 4917 288 4976 (2)
316 4917 380 4967 Ut
402 4917 564 4970 Oberl.

211 4977 290 5046 (3)
315 4980 558 5040 Quosdam
580 4977 742 5031 Obert.

2013 4933 2100 4984 Est
2118 4933 2257 4984 addit
2280 4931 2447 4987 Obeﬂ.

1941 4873 1968 4920 ι
2011 4870 2116 4921 Nec
2134 4869 2295 4922 Obert.

1913 4872 1990 5061 ἕδξ
2013 4933 2100 4984 Est
2118 4933 2257 4984 addit
2280 4939 2295 4987 f

1920 4997 1968 5060 (6
2012 4995 2121 5048 Nec
2145 4995 2295 5050 Obert

1920 4995 1988 5060 (6)
2012 4995 2121 5048 Nec
2145 4995 2306 5050 Obert.

1503 5097 2058 5160 COMMENTARIUS.

221 5228 318 5316 (:3).
334 5229 400 5283 Et
413 5231 656 5316 quamvis
677 5232 863 5316 hostes,
888 5240 994 5316 etc.
1009 5231 1426 5316 Pulcher-locus
1442 5241 1628 5289 contra
1647 5251 1744 5316 eos

140 5301 243 5373 qui
265 5301 493 5356 libenter
517 5312 796 5382 versantur
821 5305 872 5359 in
903 5304 1052 5386 libris
1083 5305 1480 5386 liaat'ctieorutii,
1511 5319 1633 5386 c_t_tm
1658 5308 1742 5386 vel

141 5377 200 5501 in
243 5373 578 5444 argumentis
617 5389 804 5431 eorum
843 5375 1212 5442 confutandis,
1248 5376 1332 5430 hic
1364 5385 1502 5432 teste
1529 5375 1745 5434 Tertul-

167 5460 336 5501 iano:

271 5556 365 5607 Vix
391 5557 614 5608 mundam
646 5559 862 5622 linguam
886 5562 1126 5611 sermonis
1145 5559 1286 5622 culpa
1302 5567 1548 5612 reservet.

140 5666 272 5733 Quo
292 5663 520 5736 pertinet
549 5665 711 5720 etiam
734 5664 864 5720 illud
890 5665 1143 5736 :Anripiti
1165 5681 1472 5736 quamquam
1493 5683 1608 5720 cum
1636 5667 1740 5720 cri-

141 5738 306 5791 mine.
341 5735 478 5809 S_nnt
506 5746 685 5792 autem
730 5753 915 5792 rursus
953 5735 1339 5793 Tertullianica
1359 5737 1574 5808 illicita,
1610 5755 1739 5809 pro-

141 5811 311 5866 ducta
338 5807 544 5868 ultima,
575 5820 629 5861 et
650 5810 954 5862 cantamine.

219 5877 452 5952 (ΣᾼΡυΤ
475 5877 717 5952 ιιι-τω)
745 5877 932 5952 Pauor
971 5897 1108 5935 ovem
1134 5896 1366 5952 querens
1387 5919 1404 5946 ,
1435 5890 1540 5936 etc.
1571 5882 1736 5950 Quasi

144 5948 296 6007 aliud
324 5963 508 6023 agens,
555 5948 729 6006 adhuc
774 5951 1070 6023 [)CtSiSlCllS
1123 5948 1173 6005 in
1220 5948 1736 6023 absurditatepqum

145 6023 327 6078 uritur
350 6036 411 6074 ex
445 6019 544 6076 dco
566 6036 721 6088 novo,
750 6024 935 6076 transit
964 6022 1024 6078 ad
1050 6023 1508 6079 continuationem
1532 6019 1728 6078 connu-

1848 5238 2092 5313 friorum,
2130 5253 2250 5313 quae
2290 5238 2521 5295 Marcion
2558 5239 2840 5311 respuebat
2866 5279 2880 5306 ,
2925 5238 2993 5296 de
3024 5240 3213 5310 quibus
3257 5254 3387 5313 supr
3412 5257 3441 5297 a

1849 5307 1942 5364 lib.
1976 5310 1995 5363 l
2023 5307 2161 5364 advf
2180 5309 2344 5364 Marc.
2371 5327 2490 5376 cap.
2524 5307 2728 5380 penult.

1920 5382 2082 5455 CAP.
2132 5380 2222 5455 IV.
2247 5380 2402 5455 g—(e)
2433 5381 2541 5455 Pe:
2563 5399 2713 5454 quam
2741 5392 2882 5453 paret
2911 5384 3091 5449 homo,
3135 5392 3242 5438 etc.
3286 5384 3436 5438 Acci-

1849 5450 1992 5526 pitnr
2015 5453 2183 5526 etiam,
2205 5454 2287 5507 hic
2305 5450 2482 5526 phrast
2500 5450 2876 5526 Tertullianica
2904 5465 3047 5524 paret
3063 5469 3159 5525 pro
3185 5465 3397 5526 apparet
3421 5472 3435 5519 ;

1848 5522 1934 5578 cui
1962 5533 2045 5578 est
2069 5524 2244 5580 simile
2273 5522 2327 5580 et
2358 5525 2484 5579 illud
2512 5523 2669 5591 infra,
2710 5541 2760 5580 c.
2793 5525 2827 5582 9
2853 5544 2867 5579 :

1970 5613 2061 5664 Hic
2083 5619 2302 5678 patribus
2323 5617 2504 5666 sanctis
2528 5629 2704 5680 parens
2719 5616 2782 5666 ab
2797 5618 2992 5680 origine
3014 5616 3196 5666 mundi.

1844 5702 2084 5779 Pertinet
2118 5707 2278 5761 etiam
2306 5707 2368 5760 ad
2402 5706 2670 5763 licentiam
2699 5709 2955 5779 poeticam
2990 5708 3138 5776 illud,
3161 5711 3264 5778 ipse
3299 5709 3436 5765 dieeo

1841 5778 2070 5850 aperuit,
2119 5778 2274 5850 sicuti
2317 5781 2474 5833 etiam
2515 5781 2673 5846 infra,
2701 5778 2751 5834 c.
2796 5781 2865 5835 8:
2908 5796 3010 5834 nox
3053 5789 3163 5834 atra
3188 5783 3434 5850 caperuit.

1841 5847 1937 5922 lgist
1964 5859 2143 5903 autem
2175 5849 2436 5905 obscurus
2455 5865 2662 5920 versus,
2687 5860 2741 5909 et
2763 5863 3020 5922 quantum
3037 5847 3268 5920 videtur,
3286 5869 3432 5909 men-

1838 5917 2003 5975 dosus
2032 5937 2046 5972 :

1961 6030 2102 6081 \‘isus
2127 6031 2186 6081 ah
2209 6033 2373 6088 incisa,
2401 6033 2574 6084 missas
2607 6032 2828 6095 patiendo
2853 6033 3061 6099 peregit.
