4202 6496
757 416 896 474 1087

756 526 840 585 Illi
873 540 1018 584 mors
1047 526 1258 582 miserae
1284 524 1590 584 dominatur
1615 534 1858 597 tempore
1880 537 2049 593 certo,

754 622 873 690 Quo
903 630 1151 677 renovata
1175 621 1275 676 levi
1307 620 1373 677 de
1398 621 1613 690 pulvere
1640 635 1786 675 mors
1805 621 2020 676 inimica

757 714 978 770 Deficiat
998 715 1232 781 tandem,
1260 729 1387 770 caro
1406 729 1526 769 cum
1553 714 1787 769 resoluta
1815 714 2064 786 resurgit,

755 808 884 864 Ilmc
903 809 1004 864 erit
1031 817 1338 879 ex5pectata
1365 809 1458 864 diu
1484 811 1707 865 victoria
1731 826 1962 875 summa,

755 903 926 970 Quam
956 901 1080 958 fecit
1109 901 1304 958 virtute
1325 900 1500 957 Patris
1527 903 1865 958 venerandus
1893 904 1944 958 in
1968 917 2144 958 aevum

757 993 954 1050 Factus
983 1009 1142 1050 verus
1171 994 1369 1062 homo,
1408 995 1638 1051 hominis
1685 997 1772 1067 qui
1812 999 2052 1052 membra
2085 995 2357 1066 redempta

756 1085 814 1142 In
843 1086 1009 1143 caelos
1041 1086 1158 1142 tulit
1182 1099 1344 1157 atque
1365 1087 1539 1142 aditus
1565 1104 1660 1158 spe
1677 1089 1827 1144 dives
1848 1092 2058 1160 aperuit

758 1177 1032 1250 Principio
1059 1179 1233 1249 gentis
1258 1178 1311 1233 in
1340 1179 1534 1250 linguis
1565 1180 1835 1247 oumibus,
1869 1182 1992 1236 inde

759 1275 860 1332 llic
883 1274 972 1330 ubi
1003 1290 1219 1346 semper
1237 1291 1393 1346 opus,
1418 1276 1584 1346 patria
1616 1277 1809 1345 pietate
1836 1276 2096 1333 minister.

774 1365 930 1426 Visus
958 1369 1025 1426 ab
1050 1369 1241 1436 inciso,
1271 1369 1466 1425 missus
1494 1370 1741 1440 patiendo
1771 1373 1992 1440 peregit.

1437 1461 1663 1518 CAPUT
1688 1461 1752 1516 V.

835 1554 971 1623 Quid
1000 1569 1142 1610 nunc
1170 1551 1402 1612 infandae
1431 1571 1588 1610 voces
1615 1555 1636 1610 ?
1661 1555 1785 1626 quid
1809 1556 2016 1625 perdita
2041 1557 2234 1614 turba?

770 1647 826 1700 Si
848 1661 953 1702 non
985 1649 1098 1718 ipse
1123 1646 1273 1702 dedit
1301 1648 1463 1718 leges,
1499 1646 1576 1719 (α)
1607 1647 1745 1703 Deus
1768 1648 1883 1717 ipse.
1911 1646 2154 1718 Creator,

763 1740 984 1813 Egypti
1010 1741 1078 1796 de
1104 1741 1241 1797 calle
1267 1742 1407 1796 viam
1424 1742 1514 1812 qui
1542 1743 1731 1796 stravit
1759 1741 1810 1795 in
1844 1741 1998 1795 undis
2018 1781 2033 1807 ,

770 1831 837 1888 Et
862 1833 1020 1889 sedes
1044 1833 1210 1904 gratis
1230 1831 1378 1889 dedit
1407 1833 1503 1888 has
1533 1848 1665 1902 quas
1682 1833 1894 1887 dixerat
1917 1833 2076 1901 olim;

765 1923 881 1995 Ipsa
911 1940 1007 1980 cur
1037 1925 1088 1980 in
1114 1935 1276 1996 gente
1306 1925 1451 1979 venit
1479 1935 1726 1994 terraque
1743 1924 1916 1979 dicata
1939 1926 1962 1978 ?

765 2016 881 2072 Non
907 2018 1042 2073 alios
1065 2018 1296 2088 populos
1317 2025 1408 2070 aut
1429 2017 1594 2071 altera
1620 2031 1780 2086 regna
1807 2017 2037 2086 petivit?

763 2111 874 2165 Cur
896 2111 1002 2180 jam
1029 2124 1124 2182 per
1152 2119 1324 2178 vates,
1357 2111 1612 2183 praedicto
1643 2113 1858 2168 nomine
1887 2120 2020 2179 toto,

765 2202 883 2258 Non
911 2203 1134 2274 proprio
1151 2216 1272 2270 suo,
1306 2217 1365 2259 se
1395 2205 1680 2258 vocitatum
1712 2203 1930 2260 tradidit
1951 2219 2070 2258 esse

771 2293 920 2349 Unde
949 2293 1109 2349 etiam
1140 2295 1308 2364 potuit
1329 2295 1575 2363 baptismi
1598 2295 1737 2350 dona
1775 2295 2006 2365 benigna

767 2387 1035 2444 Promissa
1059 2389 1154 2446 abs
1174 2388 1281 2443 alio
1306 2397 1574 2458 tamquam
1604 2404 1698 2443 sua
1725 2404 1968 2458 promere
1989 2388 2123 2445 facta
2148 2434 2159 2447 .

769 2481 895 2538 llaec
924 2481 1169 2538 mandata
1186 2483 1278 2538 Dei
1311 2484 1648 2552 transgressi,
1671 2483 1830 2539 sorde
1858 2487 2054 2554 reperti

768 2572 1054 2645 Optabant,
1085 2574 1403 2645 veniamque
1434 2573 1542 2630 fera
1560 2573 1628 2629 de
1655 2585 1826 2632 morte
1854 2579 2139 2648 petebant;

774 2667 1096 2738 Exspectata
1127 2667 1217 2724 diu
1237 2667 1445 2731 merito.
1463 2683 1681 2738 venere,
1712 2669 1804 2726 sed
1837 2671 1941 2726 illis

770 2759 872 2827 Qui
900 2760 1045 2830 prius
1073 2761 1276 2828 audita,
1306 2769 1360 2814 at
1386 2776 1530 2816 nunc
1554 2775 1818 2832 agnovere
1836 2773 2071 2834 reperta,

773 2852 886 2908 IIoc
909 2852 1000 2908 det
1031 2868 1156 2908 vera
1188 2868 1378 2908 manus
1397 2851 1621 2920 Christi,
1649 2853 1806 2909 Pater
1831 2855 1944 2924 ipse
1970 2857 2191 2912 Creator

773 2945 1006 3014 Semper
1033 2946 1101 3000 ab
1120 2958 1322 3000 aeterno
1349 2957 1549 3010 manet,
1583 2954 1636 3000 et
1665 2947 1747 3016 pia
1773 2961 1902 3003 voce
1929 2951 2193 3019 requirit;

773 3036 1034 3108 Quodque
1066 3036 1332 3107 figuravit,
1359 3037 1502 3093 fovet
1523 3046 1682 3108 atque
1713 3037 1971 3109 figuratet
1994 3050 2188 3108 armat,

775 3127 964 3197 Etjam
997 3128 1313 3199 despectum
1339 3131 1506 3186 victor
1526 3146 1620 3186 sua
1651 3129 1766 3186 luce
1797 3133 2035 3199 revestit,

776 3220 847 3278 Ut
871 3230 1080 3280 maneat.
1103 3223 1311 3279 virtutis
1337 3238 1468 3294 opus
1499 3240 1617 3278 cum
1651 3225 1807 3281 laude
1835 3228 2078 3296 perenni.

1403 3317 1632 3374 CAPUT
1664 3318 1750 3372 γι.

849 3399 986 3470 Quid
1017 3411 1272 3472 prmstare
1302 3401 1441 3460 Deus
1467 3444 1481 3470 ,
1512 3401 1640 3474 quid
1661 3403 1829 3475 possit
1858 3402 2020 3462 homo
2047 3406 2154 3477 pati
2184 3415 2240 3461 ut
2262 3420 2376 3462 om-

2181 3512 2274 3556 IICS

776 3585 1104 3655 Agnoscant,
1132 3585 1330 3654 vivant,
1353 3586 1492 3657 quod
1525 3586 1645 3644 fecit
1661 3587 1776 3641 viva
1803 3590 2072 3657 potes-tas?
2154 3497 2175 3570 [

777 3676 882 3733 Sed
909 3678 1032 3748 quia
1065 3691 1162 3732 nec
1195 3677 1442 3746 pra-dicta
1469 3676 1641 3746 prius,
1676 3693 1774 3733 nec
1807 3679 1938 3734 facta
1967 3694 2218 3750 suprema

782 3773 1073 3828 Dementes
1103 3772 1348 3827 homines
1371 3783 1594 3844 possunt
1620 3772 1848 3830 suadere
1877 3773 2111 3830 furentes
2134 3775 2153 3845 (
2168 3775 2214 3845 t)

784 3865 917 3921 Esse
947 3865 1218 3922 hominem
1245 3863 1437 3921 factum
1472 3866 1635 3922 Deum
1663 3907 1678 3935 ,
1700 3879 2046 3937 passumque,
2075 3869 2376 3938 sepultum,

781 3957 1112 4023 Surrexisse,
1145 3965 1201 4011 ut
1223 3957 1302 4013 eis
1329 3957 1489 4012 tantis
1516 3958 1868 4015 clamantibus
1895 3958 2026 4013 olim

782 4051 1002 4107 Caelesti
1031 4052 1196 4106 verbo
1224 4051 1522 4120 complcxis
1550 4053 1798 4120 testibus,
1825 4052 1986 4109 ambo

788 4142 1061 4199 Terrestri
1089 4142 1280 4198 saltem
1306 4143 1498 4199 rationi
1526 4145 1746 4200 credere
1771 4143 1999 4200 discant.

784 4235 918 4293 Cum
949 4236 1206 4292 Dominus
1230 4234 1472 4292 Christus
1505 4253 1630 4294 caro
1659 4241 1824 4304 nasci,
1851 4240 1992 4295 venit
2023 4240 2074 4294 in
2095 4239 2284 4297 orbem

787 4329 1008 4399 Augusti
1037 4338 1177 4400 regis
1203 4328 1430 4386 Romani
1462 4340 1726 4401 tempore,
1759 4334 1989 4406 primum

791 4424 1018 4479 Decreto
1040 4434 1226 4495 gentes
1246 4439 1410 4481 censu
1439 4440 1784 4484 numerantur
1808 4429 2042 4507 ubique;

787 4517 929 4572 Idem
958 4517 1059 4574 hoc
1087 4535 1179 4575 rex
1210 4520 1344 4577 forte
1375 4523 1513 4591 tulit,
1535 4526 1655 4594 quia
1685 4541 1893 4586 summa
1914 4535 2130 4592 volunta

788 4610 843 4665 In
875 4612 1026 4682 cujus
1049 4628 1233 4683 manu,
1257 4619 1531 4687 regnantis
1554 4634 1669 4687 cor,
1703 4622 1906 4693 legibus
1931 4639 2095 4698 esset,

2127 413 2592 473 TERTULLIANI

2381 531 2433 592 Λ
2459 529 2592 585 Ilinc
2619 530 2989 586 instrumentis
3016 531 3246 587 humana
3275 533 3470 590 astutia
3503 534 3618 590 nisa

3929 417 4049 473 108s

2458 623 2556 691 Qui
2590 633 2754 680 testes
2777 627 2944 679 sam-ti
2972 626 3140 687 verbi,
3173 629 3412 696 przcbere
3443 628 3730 698 probantes

2460 715 2754 786 Inquirant,
2787 719 2868 772 vel
2899 719 2976 772 sic
2999 719 3217 774 invento
3247 733 3427 792 postea
3457 722 3582 776 victi

2460 806 2780 875 Potnileant,
2805 811 3122 882 veniamque
3151 823 3339 879 rogent
3367 855 3382 877 ,
3414 813 3541 868 dum
3571 819 3786 882 tempus
3815 810 4050 868 habetur.

3064 904 3290 960 CAPUT
3345 905 3450 962 VII.

2531 991 2699 1048 Judaei
2722 1008 2884 1065 grave
2909 995 2996 1066 qui
3024 997 3198 1052 scelus
3224 997 3506 1054 admisisse
3527 997 3784 1061 fatentur,

2463 1084 2596 1141 Dutn
2618 1086 2976 1142 detractantes
3001 1089 3080 1159 (2)
3107 1089 3317 1156 ardent,
3347 1089 3607 1159 nobisque
3637 1090 3938 1153 resistunt,

2463 1180 2569 1234 Nec
2597 1195 2766 1251 genus
2792 1182 3030 1252 ignotum
3062 1182 3270 1248 dicunt,
3299 1198 3472 1254 neque
3497 1184 3677 1239 dicere
3703 1191 3934 1252 possunt

2463 1272 2818 1343 SuSpendissc
2837 1273 3109 1330 hominem
3140 1291 3199 1332 se
3228 1278 3389 1346 ligno,
3419 1293 3542 1332 vera
3578 1279 3820 1332 locutum

2467 1367 2633 1437 Ignari
2660 1367 2886 1422 Domino
2910 1383 3128 1423 carnem
3155 1370 3270 1424 sine
3292 1370 3498 1424 semine
3527 1371 3745 1424 victam.

2464 1459 2566 1514 Sed
2598 1475 2692 1527 pro
2725 1461 3098 1531 parthuidem
3127 1462 3376 1526 reticent,
3409 1477 3504 1532 pro
3531 1461 4053 1532 partetriumphant,

2463 1550 2702 1620 Namque
2734 1552 2898 1606 Deum
2927 1553 3132 1623 populis
3161 1552 3431 1607 hominem
3468 1553 3685 1624 vulgare
3716 1552 3988 1608 laborant.

2466 1643 2702 1714 ASpicite
2727 1659 2963 1698 errorem
2991 1645 3078 1714 qui
3100 1659 3196 1698 vos
3216 1656 3488 1715 evpugnat
3510 1657 3767 1714 utrOSque
3794 1662 3809 1708 ;

2473 1738 2576 1792 Pro
2605 1738 2759 1792 nobis
2785 1739 2868 1793 hic
2891 1739 3016 1803 erit,
3047 1737 3172 1793 dum
3200 1739 3352 1794 vobis
3376 1749 3519 1795 certa
3549 1742 3863 1809 probamus.

2469 1833 2545 1888 Illi
2582 1832 2771 1900 Deum,
2801 1847 2896 1887 vos
2926 1831 3063 1887 falso
3094 1831 3366 1888 hominem
3395 1834 3511 1888 sine
3540 1848 3772 1904 corpore
3801 1847 3998 1904 corpus

2389 1930 2438 1988 Β
2471 1927 2672 1992 Dicitis,
2703 1936 2756 1981 et
2785 1926 2926 1981 varia
2960 1925 3062 1982 heu
3093 1927 3287 1982 mentis
3315 1927 3531 1982 vesania
3565 1927 3783 1996 mergit,

2467 2018 2618 2086 Quod
2651 2018 2738 2090 qui
2768 2017 3131 2090 prmsumpsit,
3165 2027 3470 2088 mergentes
3495 2019 3746 2088 spargitis
3768 2020 3934 2074 ambo

2470 2111 2708 2180 Namque
2743 2109 3014 2165 hominem
3046 2109 3350 2180 pariterque
3381 2110 3584 2176 Deum,
3631 2119 3760 2163 tunc
3787 2110 3925 2164 facta
3949 2125 4056 2179 pro-

3749 2200 3975 2272 [babunt

2469 2294 2857 2367 Commixtum,
2885 2311 2983 2353 nec
3011 2311 3175 2368 pauca
3207 2295 3351 2351 dabit
3377 2294 3645 2366 signacula
3674 2294 3933 2352 mundus.

3075 2387 3301 2446 CAPUT
3333 2389 3458 2443 VIII.

2545 2483 2710 2538 Filius
2733 2483 2846 2552 ipse
2869 2482 2962 2538 Dei
2984 2483 3111 2538 dum
3135 2483 3314 2539 carnis
3337 2481 3576 2538 membra
3599 2480 3853 2553 requirit,

2471 2574 2588 2631 Jam
2618 2585 2961 2644 prmtcxtatus
2987 2575 3277 2644 palmarum
3301 2575 3526 2628 sustinet
3554 2575 3713 2637 ictus,

2473 2667 2805 2737 Conspuitur
2825 2666 3021 2732 vultus,
3054 2667 3222 2736 spinis
3251 2666 3442 2720 innexa
3471 2679 3670 2720 corona

2475 2759 2794 2831 Coninungit
2813 2771 2973 2827 caput
2999 2802 3010 2822 ,
3037 2769 3089 2815 et
3117 2760 3260 2830 ligno
3287 2759 3550 2829 sufligitur
3575 2759 3708 2829 ipse,

2479 2853 2698 2908 Petatur
2723 2852 2959 2908 scriblita
2985 2852 3062 2925 (ὁ)
3085 2865 3138 2908 et
3170 2853 3238 2908 fel
3261 2853 3515 2908 miscetur
3545 2863 3718 2917 aceto,

2484 2944 2746 2999 Dividitur
2771 2946 2956 3011 vestis,
2986 2953 3159 3000 sortes
3188 2945 3471 2999 mittuntur
3496 2944 3549 2998 in
3575 2945 3658 2998 illa
3682 2959 3696 3008 ;

2475 3038 2625 3104 Quod
2652 3039 2824 3109 rapuit
2845 3039 2944 3092 sibi
2973 3039 3198 3109 quisque
3226 3047 3370 3093 tenet
3396 3055 3412 3103 ;
3442 3039 3668 3105 caligine
3693 3036 3890 3101 multa,

2480 3131 2794 3201 Exspiraute
2820 3131 2928 3183 Deo
2957 3132 3113 3185 tacite
3132 3131 3198 3185 de
3226 3145 3449 3198 corpore
3477 3131 3655 3185 carnis
3675 3171 3692 3195 ,

2481 3223 2533 3277 lu
2571 3224 2804 3278 tenebris
2833 3222 3150 3278 tremefacta
3182 3223 3299 3278 dies
3325 3239 3444 3278 cum
3476 3223 3588 3277 sole
3616 3224 3851 3291 refugit;

2407 3327 2451 3390 ρ
2489 3315 2573 3369 liis
2593 3315 2688 3368 fuit
2719 3329 2820 3369 una
2849 3315 2985 3382 dies,
3019 3315 3245 3369 mediam
3276 3330 3378 3369 nox
3409 3325 3523 3370 atra
3555 3316 3798 3384 coperuit
3824 3334 3838 3368 :

2480 3409 2523 3463 A
2560 3405 2920 3462 fundamentis
2946 3417 3154 3461 montes
3176 3408 3441 3478 agitantur
3473 3407 3523 3460 in
3561 3407 3778 3468 orbem,

2479 3498 2759 3554 Commota
2787 3506 2870 3553 cst
2897 3499 3072 3562 tellus,
3107 3509 3322 3568 patuere
3347 3497 3626 3567 sepulchra
3651 3499 3864 3568 piorum
3891 3540 3907 3560 .

2481 3592 2791 3662 Cunctaque
2822 3607 2983 3662 quem
3016 3600 3234 3657 norunt,
3268 3605 3480 3659 passum
3513 3591 3738 3645 timuere
3769 3591 3970 3644 videre.

2489 3687 2814 3740 Exaninmm
2844 3687 2950 3741 telo
2979 3685 3134 3740 miles
3165 3684 3304 3739 latus
3333 3683 3511 3738 haurit
3537 3692 3758 3752 aperto;

2484 3777 2708 3833 Profluit
2734 3788 2786 3832 et
2808 3779 3044 3850 sanguis,
3077 3793 3175 3832 nec
3197 3793 3332 3848 aqua
3365 3777 3542 3831 minus
3571 3775 3692 3830 imlc
3732 3785 3937 3830 secuta.

2483 3872 2610 3928 Haec
2634 3873 2706 3928 illi
2742 3881 2896 3944 pacto
2922 3872 3118 3938 celant,
3147 3872 3444 3940 uoluntque
3471 3869 3622 3925 fateri

2485 3965 2718 4021 Admissi
2742 3967 2959 4028 factum,
2989 3965 3139 4020 nefas
3179 3964 3449 4019 occultare
3479 3963 3743 4017 volentes.

2485 4060 2716 4128 Spiritus
2745 4074 2873 4127 ergo
2903 4067 3076 4126 potest
3105 4071 3292 4126 gerere
3322 4057 3437 4111 sine
3466 4069 3701 4125 corpore
3728 4063 3960 4118 vestem,

2487 4151 2592 4206 Aut
2619 4165 2831 4220 pmnam
2859 4150 3021 4218 capit,
3053 4157 3145 4204 aut
3175 4148 3276 4204 fert
3305 4148 3557 4202 violentia
3581 4146 3818 4200 vulnus?

2488 4246 2592 4300 Aut
2619 4243 2865 4311 moritur,
2897 4247 3194 4311 surgitque,
3219 4249 3273 4294 et
3299 4241 3514 4308 sanguis
3544 4239 3928 4293 funditurindc

2489 4339 2563 4392 De
2588 4353 2692 4406 qua
2723 4351 2907 4400 carne,
2933 4336 3054 4405 quia
3081 4336 3226 4390 illum
3252 4349 3346 4388 vos
3374 4335 3625 4388 habuisse
3656 4332 3903 4403 negatis?

2489 4436 2594 4488 Aut
2623 4431 2771 4486 finxit
2799 4431 2994 4501 potius,
3026 4428 3069 4483 si
3099 4445 3192 4483 vos
3213 4429 3393 4484 dicere
3411 4438 3578 4482 tutum
3596 4427 3712 4482 est?

2487 4525 2819 4594 Quamquam
2851 4523 3151 4594 praicipites
3173 4521 3362 4576 dicatis
3392 4560 3409 4588 ,
3438 4520 3588 4590 plura
3619 4515 3865 4573 tacendo.

2488 4618 2603 4674 Non
2637 4633 2766 4688 ergo
2788 4615 3066 4672 manifesta
3089 4613 3242 4680 fides,
3271 4628 3374 4667 non
3405 4611 3584 4668 omnia
3617 4609 3720 4664 fixa

788 4703 938 4758 Fecit
970 4705 1208 4774 primus,
1246 4717 1298 4761 et
1327 4709 1377 4764 in
1410 4725 1689 4769 numerum
1719 4719 1980 4787 scriptura
2013 4721 2228 4778 redacta
2255 4731 2358 4780 est.

2493 4713 2632 4768 Ante
2656 4712 2821 4775 diem,
2853 4725 3010 4780 quam
3033 4723 3153 4763 cum
3177 4716 3457 4779 pateretur
3483 4704 3680 4775 pascha
3709 4701 4018 4764 celebrans,

788 4794 940 4850 Tunc
969 4795 1128 4850 etiam
1158 4795 1380 4870 Joseph,
1412 4800 1574 4858 Maria
1603 4819 1725 4861 cum
1760 4812 1982 4881 conjuge
2012 4811 2164 4882 fmta,

788 4885 1002 4945 leesti
1028 4889 1228 4962 pariter
1253 4903 1412 4963 gnato
1441 4909 1812 4972 numerantur,
1844 4913 1900 4962 ct
1927 4905 2048 4976 ipsi.

2487 4806 2878 4876 Discipulisque
2901 4803 3011 4858 suis
3043 4801 3257 4856 tradens
3285 4798 3633 4854 memorabile
3663 4795 3898 4854 factum;

2488 4905 2778 4972 Acceplum
2803 4911 2991 4968 panem
3017 4896 3216 4967 pariter
3245 4894 3472 4965 vitisque
3499 4891 3762 4963 liquorem
3783 4930 3799 4955 ,

1995 5037 2378 5098 LECTIONES
2416 5032 2832 5097 VARIANTES.

855 5140 927 5207 (t)
948 5139 1194 5192 Fet-entes
1213 5142 1374 5197 Obert.

2559 5155 2633 5221 (Ξ)
2659 5155 3008 5206 Detractautes
3025 5149 3184 5204 Obcrl.

2152 5260 2714 5319 COMMENTARIUS.

865 5369 1258 5446 CAP._V.-—(a)
1275 5372 1338 5428 Si
1352 5389 1450 5427 non
1466 5372 1572 5446 ipse
1585 5374 1722 5428 dedit
1736 5376 1867 5446 leges
1884 5375 2136 5446 Deusipse
2148 5376 2378 5433 Crantor.

795 5441 883 5517 _Sic
907 5441 1251 5517 castigamus,
1285 5460 1380 5513 pro
1405 5463 1418 5500 :
1445 5445 1502 5498 Si
1527 5461 1626 5498 non
1657 5447 1766 5512 ipse
1784 5441 1951 5515 'Deus,
1982 5441 2086 5505 etc.
2113 5449 2272 5517 Atqui
2299 5450 2386 5505 hic

797 5513 947 5566 locus
974 5514 1074 5567 hoc
1095 5515 1233 5569 velle
1253 5518 1465 5570 videtur
1485 5517 1626 5583 quod
1659 5519 1780 5573 alibi
1819 5536 1923 5574 non
1940 5513 2118 5574 semel
2147 5513 2301 5580 dixit.
2332 5529 2382 5575 et

799 5583 936 5638 iul'ra
955 5592 1312 5663 prosequitur,
1339 5603 1386 5642 c.
1409 5588 1440 5640 9
1475 5607 1486 5641 :
1511 5585 1779 5644 Christum
1807 5594 1935 5663 (non
1963 5592 2124 5647 Deum
2158 5591 2385 5660 patrem)

800 5670 1013 5730 semper
1063 5669 1208 5710 retro
1242 5660 1610 5730 ivisumﬂessc,
1641 5671 1800 5730 atque
1818 5660 1966 5718 adeo
1995 5663 2242 5718 eumdem
2269 5677 2390 5718 esse

803 5727 965 5818 Deum
987 5729 1072 5797 qui
1098 5731 1215 5818 etin
1239 5727 1851 5818 VeteriTestanie‘n-toet
1880 5736 1931 5788 in
1959 5735 2106 5789 Novo
2127 5751 2388 5818 apparue-

803 5798 890 5854 rit:
909 5798 1093 5867 dequo
1108 5801 1316 5856 interim
1339 5804 1492 5856 latius
1509 5803 1646 5857 inter
1664 5804 1938 5860 Paradoxa
1956 5798 2255 5862 auctoris-in
2270 5805 2397 5861 Pro-

804 5869 1128 5944 legmnenis;
1141 5872 1296 5926 sicuti
1319 5875 1476 5928 etiam
1494 5873 1558 5928 de
1576 5890 1640 5930 eo
1658 5877 1798 5944 quod
1816 5877 2056 5932 videatur
2069 5887 2118 5931 et
2141 5877 2396 5931 Christum

803 5941 976 6011 :tppcll
1018 5961 1071 5995 rc
1102 5943 1262 5997 Dsnm
1292 5957 1564 6000 cremorem
1594 5987 1608 6011 ,
1642 5941 1744 6004 non
1776 5950 1948 6005 solum
1980 5951 2142 6007 Deum
2179 5960 2392 6020 patrem.

2561 5372 2712 5430 CAP.
2733 5371 3021 5444 Vlll.—(b)
3048 5371 3263 5425 Petatur
3277 5368 3541 5433 Scriblila,
3556 5374 3660 5444 etc.
3679 5365 3928 5444 Scribh'ln
3942 5366 4081 5421 etiam

2491 5448 2784 5518 penultima
2803 5439 2985 5518 contra
3005 5439 3245 5518 naturam
3261 5450 3528 5518 correpta,
3547 5439 3785 5518 abutitur
3798 5447 3984 5518 auctor
4003 5454 4046 5504 p:
4063 5459 4086 5482 ιι

2493 5511 2708 5585 potione
2724 5533 2902 5571 amara
2921 5517 3135 5570 Christo
3157 5531 3184 5566 a
3213 5513 3413 5568 Judeeis
3433 5511 3732 5585 propinata,
3765 5525 3892 5562 cum
3909 5512 4083 5585 illinqht

2493 5581 2681 5644 Plauto
2710 5597 2764 5641 et
2786 5589 2968 5641 Catoni
2997 5588 3170 5654 potius
3185 5587 3247 5638 sit
3268 5585 3368 5635 cibi
3395 5598 3486 5635 seu
3507 5581 3977 5654 placentaegcnnc,
4002 5584 4084 5626 Sa-

2493 5665 2671 5730 quitur
2706 5661 2864 5714 etiam
2901 5653 3202 5725 graécorum
3227 5653 3666 5730 lectionequui
3693 5663 3896 5730 uectum
3928 5654 4088 5730 lt'jwnl

2495 5723 2609 5787 cum
2633 5733 2750 5800 felle
2771 5723 3022 5794 mixtum,
3049 5744 3230 5799 proco
3250 5727 3388 5796 quod
3424 5726 3567 5778 latini
3619 5723 3867 5802 plerique
3895 5725 4054 5802 citima
4075 5737 4085 5776 ,-

2497 5793 2867 5876 ᾳιιιιίντιῖίθιιξς
2900 5793 3016 5876 nata
3045 5793 3107 5856 ex
3135 5793 3322 5854 vicinia
3355 5810 3545 5876 vocum
3567 5802 3749 5875 uacet
3773 5795 3918 5854 οἶνος.
3951 5793 4084 5876 Reli-

2499 5865 2602 5929 nus
2624 5876 2676 5930 in
2695 5874 2956 5945 Symbolo
2985 5882 3274 5941 utrumque
3309 5867 3571 5939 expressit
3593 5908 3607 5933 ,
3644 5867 3831 5920 viuum
3865 5865 4085 5935 myrrha-

2499 5956 2610 6002 tum
2642 5958 2694 6003 et
2722 5956 2952 6002 acetum.
