4202 6496
131 403 155 457 1
166 402 271 459 089

126 514 335 583 Corpus
361 513 455 577 ait,
486 511 809 582 Sanguisque
840 510 1099 581 tuensqui
1133 509 1368 566 funditur
1390 507 1479 565 hic
1500 525 1531 566 c

131 606 239 660 Pro
272 604 454 669 vobis;
482 604 595 658 ﬁeri
625 618 840 673 semper
869 604 1008 673 quod
1042 613 1225 672 postea
1250 604 1429 673 jussit.

128 700 310 767 Quave
336 708 579 754 creatura
611 712 801 768 panem
827 698 1114 767 vinumque
1152 698 1350 767 putatis

132 792 265 847 Esse
308 806 462 846 suum
502 805 699 863 corpus
744 805 867 845 cum
899 789 1448 861 satiguiitc‘lquzequc
1478 786 1733 847 fatenda?

129 884 248 940 Non
277 898 336 940 se
359 882 623 940 factorem
652 883 833 940 mundi
858 898 954 954 per
987 882 1122 940 facta
1152 882 1421 953 probavit,

129 977 202 1034 Et
229 989 449 1050 portare
475 978 636 1034 simul
665 978 732 1035 de
750 993 912 1034 carne
942 989 991 1032 ct
1024 978 1283 1049 sanguine
1309 980 1541 1050 corpus?

757 1072 986 1128 CAPUT
1018 1072 1109 1128 IX.

206 1166 305 1222 llic
329 1165 473 1224 Deus
494 1208 508 1236 ,
555 1165 642 1223 hic
668 1176 721 1222 et
750 1164 913 1221 homo
936 1181 1094 1222 verus
1112 1206 1127 1233 ,
1181 1181 1471 1237 verumque
1501 1166 1731 1237 loculus,

134 1258 212 1315 De
248 1260 408 1316 Patre
434 1260 777 1332 principium,
806 1258 1042 1331 genitum
1065 1258 1131 1313 de
1149 1260 1351 1314 lumine
1374 1260 1551 1317 lumen
1573 1302 1588 1327 ,

153 1350 387 1421 Spiritus
416 1363 470 1408 et
503 1352 757 1418 Verbum,
789 1352 961 1405 Patris
991 1351 1219 1422 imagine
1248 1350 1325 1421 (Ι)
1355 1352 1557 1420 virtus;

137 1442 274 1498 Cum
307 1443 466 1498 Patre
488 1458 702 1514 semper
728 1453 865 1510 erat,
900 1442 1076 1497 unitus
1103 1442 1268 1512 gloria
1291 1451 1346 1497 et
1366 1459 1517 1511 aevo;

141 1534 538 1591 Omnitenentis
558 1536 700 1591 enim
728 1535 875 1590 solus
902 1535 1022 1604 quia
1052 1533 1211 1589 verba
1244 1534 1545 1605 ministrat,

132 1628 306 1697 Quem
336 1629 479 1699 capit
505 1629 555 1683 in
590 1629 767 1694 terris,
794 1636 849 1683 et
876 1642 970 1697 per
996 1642 1153 1696 quem
1182 1636 1368 1681 cuneta
1395 1629 1622 1685 creavit.

133 1721 305 1777 Filius
329 1723 441 1792 ipse
472 1722 585 1787 Dei,
606 1722 958 1777 ehat-issinms
986 1725 1101 1794 ipse
1127 1727 1400 1781 minister:

135 1816 270 1873 llinc
298 1833 498 1889 genus,
540 1818 665 1873 hinc
690 1827 745 1875 et
772 1832 968 1875 nomen
1000 1820 1179 1888 habet,
1205 1821 1330 1876 hinc
1352 1822 1585 1890 denique
1614 1833 1733 1889 rego

1480 1913 1653 1987 [ηιιιη.

137 2002 211 2057 De
233 2002 462 2059 Domino
490 2006 764 2073 Dominus,
801 2007 995 2065 ﬂuvius
1021 2009 1088 2065 de
1119 2009 1262 2065 fonte
1291 2011 1511 2080 perenni
1536 2049 1551 2075 ,

136 2091 234 2148 llic
256 2095 497 2164 patribus
524 2099 726 2153 sanctis
758 2114 949 2167 parens
977 2102 1043 2155 ab
1073 2102 1279 2171 origine
1312 2099 1493 2156 inttndi
1527 2143 1542 2167 ,

135 2186 298 2243 Teste
328 2190 455 2254 Deo,
485 2190 811 2261 quicumque
843 2192 1005 2247 Deum
1032 2192 1227 2248 vidisse
1254 2196 1463 2248 fatetur.

132 2278 406 2335 Promissa
434 2290 487 2337 et
516 2284 865 2338 memoranda
896 2284 1070 2339 Patris
1100 2286 1351 2355 ρηιρΐιιςὶι
1372 2286 1440 2342 ab
1469 2287 1577 2343 allo
1606 2328 1622 2353 ,

134 2371 343 2427 Eduxit
365 2375 640 2444 populum,
668 2385 883 2447 gentem
910 2379 1175 2448 percussit
1208 2380 1477 2448 iniquam;

133 2463 151 2515 Ι
162 2480 257 2533 pse
285 2466 535 2521 colmnna
566 2470 663 2524 fuit
691 2471 824 2525 lueis
852 2470 1115 2541 nobisque
1138 2472 1364 2540 rigoris;

130 2558 472 2628 Siceavitquc
488 2574 651 2621 mare,
680 2570 732 2615 et
763 2562 987 2631 populos
1008 2563 1159 2630 jubet
1193 2564 1267 2615 ire
1290 2579 1378 2631 per
1402 2562 1586 2623 undas,

128 2646 392 2703 llustibus
422 2650 708 2719 implicitis,
736 2651 1006 2722 fluctuque
1035 2653 1277 2723 fretoque
1309 2655 1541 2723 eopertis
1574 2670 1587 2719 ;

129 2739 239 2793 Per
266 2740 477 2797 deserta
506 2744 645 2797 viam
669 2743 796 2799 fecit
826 2762 919 2799 sua
948 2745 1098 2816 jussa
1123 2740 1360 2812 secutis;

132 2834 213 2888 De
230 2836 371 2889 ecelo
400 2836 596 2907 popqu
620 2853 808 2908 panem
833 2838 1035 2893 dimisit
1060 2843 1109 2892 in
1134 2838 1339 2893 umbris
1364 2855 1378 2902 ;

132 2924 439 2997 Erupitque
470 2939 695 2997 petram,
726 2929 969 2984 sitienlcs
1000 2929 1137 2983 umla
1160 2929 1392 2998 rigavit,

130 3018 181 3073 Α
212 3018 325 3074 Deo
347 3020 653 3075 mandatum
678 3022 806 3092 legis
835 3022 1071 3093 Mosiquc
1100 3024 1309 3077 loeutus

126 3111 270 3163 Cum
304 3112 499 3166 tonitru
530 3124 798 3184 cantuque
819 3116 982 3181 tubm,
1015 3114 1355 3185 flammaeque
1378 3114 1627 3172 columna

130 3202 386 3259 Terribili
416 3207 555 3273 visu,
580 3209 937 3265 tremebunda
966 3212 1130 3267 corde
1162 3211 1419 3265 virorum.

132 3293 268 3349 Post
300 3297 379 3352 bis
404 3300 621 3357 vicenos
637 3304 919 3374 completis
940 3302 1214 3359 mensibus
1239 3318 1406 3359 annos
1431 3344 1447 3370 ,

128 3387 375 3445 Jurdanc
402 3391 594 3458 diviso,
624 3396 795 3465 patuit
815 3396 919 3464 via,
940 3396 1181 3451 constitit
1221 3396 1360 3450 unda
1386 3411 1402 3461 ;

130 3482 441 3556 I’artirique
468 3486 640 3544 tribus
667 3498 864 3546 terrain
899 3491 1162 3561 promissa
1196 3501 1439 3561 paterna.

1517 394 1861 456 APPENDIX
1891 396 2125 456 PRIMA:

3289 398 3427 459 {090

1754 516 1803 574 Α
1830 512 1947 577 lpse
1979 511 2356 583 prophetarum
2396 511 2627 569 Verbum
2656 512 2831 571 Patris
2860 528 2952 570 ore
2972 513 3182 571 loeutus
3205 557 3219 582 ,

1840 606 2078 675 EhStEtlllc
2105 617 2385 662 venturum
2407 606 2561 662 terris
2583 649 2596 670 ,
2627 607 3006 679 hominemque
3036 607 3266 663 futurum

1836 699 2114 765 Praedixit,
2142 701 2412 757 Christum
2445 701 2605 756 terris
2628 702 2911 757 manifeste
2944 701 3200 773 profatus.

2460 794 2689 851 CAPUT
2722 796 2787 851 Χ.

1928 886 2290 957 Exspectabis
2312 887 2363 940 in
2389 888 2669 954 auxilium,
2697 903 2820 958 spes
2839 888 2990 944 unica
3022 888 3176 957 vitae,

1836 977 2121 1034 Mundatur
2147 980 2325 1034 carnis
2347 980 2495 1044 ferae,
2524 981 2820 1049 mortisque
2844 980 3053 1051 fugatur
3078 999 3090 1035 :

1838 1069 2075 1125 Tandem
2110 1072 2254 1127 venit
2280 1072 2347 1127 ab
2379 1072 2603 1143 imperio
2631 1073 2806 1130 Patris
2830 1074 3210 1145 omnipotentis
3236 1116 3250 1142 ,

1837 1161 2099 1217 llumanis
2124 1178 2245 1219 sese
2276 1164 2489 1221 vestivit
2516 1174 2572 1221 et
2597 1167 2816 1223 artubus
2839 1166 2949 1223 ille.

1835 1253 2031 1325 Adam,
2066 1255 2239 1325 virgo,
2271 1257 2456 1322 draco,
2490 1258 2713 1328 lignum,
2747 1275 2869 1330 qua:
2893 1275 3083 1317 caussa
3108 1260 3274 1317 ruinre
3300 1302 3315 1329 ,

1836 1347 1904 1403 Et
1932 1350 2013 1403 via
2045 1364 2144 1419 qua
2178 1365 2275 1403 nos
2303 1365 2451 1405 mors
2481 1358 2764 1407 temeraria
2787 1352 3002 1408 vicerat
3029 1367 3244 1421 omnes,

1837 1439 1950 1495 liae
1992 1441 2179 1496 eadem
2218 1442 2469 1512 gradiens
2496 1452 2699 1512 pastor,
2737 1443 3105 1515 pecudcmque
3129 1445 3432 1517 requirens;

1839 1534 2063 1604 Angelo,
2088 1534 2313 1603 virgine,
2338 1549 2500 1589 carne
2520 1551 2637 1600 sua,
2664 1536 2895 1606 lignique
2919 1537 3149 1593 medela.

1839 1625 1917 1681 Ex
1946 1643 2052 1698 quo
2084 1631 2257 1683 victus
2288 1628 2473 1697 homo,
2504 1630 2677 1686 victus
2705 1631 2977 1701 periturus
3005 1632 3186 1688 obibat
3214 1650 3229 1700 ;

1838 1716 1972 1772 llinc
1997 1719 2341 1790 interpositus
2369 1736 2466 1789 pro
2492 1721 2666 1789 captis
2688 1721 2940 1777 omnibus
2966 1738 3125 1786 unus,

1838 1808 2105 1863 Sustinuit
2136 1813 2342 1879 patiens
2369 1811 2640 1867 inimicam
2668 1812 2720 1867 in
2743 1828 2973 1883 corpore
3000 1830 3213 1885 pennam
3240 1858 3256 1885 ,

1765 1909 1813 1970 Β
1843 1902 2012 1959 Morte
2043 1920 2135 1958 sua
2165 1905 2402 1972 spolians
2424 1913 2677 1973 mortem,
2714 1906 2980 1963 litcaussa
3003 1909 3190 1963 salutis
3218 1949 3233 1975 ,

1842 1996 1952 2052 Nec
1978 2012 2081 2052 non
2114 1996 2165 2051 in
2196 1998 2351 2052 terris
2372 2013 2471 2053 suo
2502 2008 2784 2070 postquam
2807 2015 3034 2071 corpore
3063 2010 3250 2057 saneto

1839 2092 2027 2145 Omnia
2062 2106 2363 2162 perpessus,
2390 2094 2651 2164 persolvit
2679 2095 2858 2151 debita
2891 2105 3074 2150 nostra
3110 2113 3124 2159 ;

1841 2185 2107 2241 lnfernum
2135 2187 2302 2256 petit;
2338 2188 2646 2243 hicanimas
2674 2204 2770 2259 pro
2800 2189 3031 2244 crimine
3058 2190 3265 2243 vinctas
3290 2228 3305 2253 ,

1840 2278 1970 2345 Quae
1999 2280 2114 2334 sine
2141 2279 2411 2349 praesidio,
2438 2281 2709 2336 conclusa:
2738 2281 2975 2351 pondere
3004 2280 3158 2350 legis,

1840 2370 1979 2425 Olim
2012 2372 2289 2442 promissa,
2313 2380 2368 2427 et
2394 2384 2630 2443 sperata,
2660 2383 2715 2428 et
2745 2374 2893 2428 tarda
2927 2374 3187 2444 rogabant
3217 2414 3233 2439 ,

1842 2465 2159 2521 Sanctorum
2190 2466 2243 2521 in
2276 2466 2516 2537 requiem
2542 2465 2708 2533 dedit,
2740 2476 2793 2520 et
2822 2481 2941 2520 cum
2966 2467 3083 2523 luce
3112 2467 3357 2521 retraxit.

1843 2558 2021 2615 Tertia
2056 2574 2289 2631 namque
2314 2560 2403 2616 die
2428 2560 2651 2617 subiens
2679 2575 2800 2615 cum
2831 2575 3055 2630 eurpore
3080 2560 3271 2629 victor,

1841 2651 2068 2708 humani
2094 2653 2291 2710 virtute
2318 2655 2511 2721 Patris,
2542 2655 2627 2710 via
2657 2654 2795 2711 facta
2826 2655 3048 2721 salutis;

1842 2744 2010 2816 Inque
2030 2754 2273 2801 creatura
2305 2757 2521 2818 portans
2552 2748 2933 2819 hominemque
2963 2748 3238 2821 Deumque
3259 2790 3275 2816 ,

1842 2838 2172 2894 Conscendit
2201 2840 2367 2895 cmlos
2388 2883 2403 2908 ,
2432 2842 2673 2910 captivas
2704 2842 2793 2895 ille
2823 2841 3087 2896 reducens

1846 2931 2145 2998 Primitias,
2176 2948 2369 2987 munus
2410 2933 2637 2989 Domino
2667 2933 2996 3004 eharamque
3025 2934 3244 3006 figuram
3272 2950 3287 2999 ;

1842 3021 2205 3094 Cuttseditquc
2234 3024 2378 3079 Patri
2412 3025 2543 3081 lucis
2570 3028 2767 3082 virtute
2800 3034 3013 3097 recepta
3036 3066 3049 3088 ,

1844 3115 2027 3171 Gloria
2054 3132 2155 3187 qua
2187 3119 2425 3173 munitus
2455 3128 2590 3185 erat,
2625 3119 2752 3175 dum
2786 3120 3027 3175 vinceret
3055 3118 3300 3186 hostem,

1844 3207 2045 3279 Spiritu
2076 3210 2423 3279 conjunctus,
2452 3210 2520 3266 de
2543 3213 2696 3267 nobis
2722 3228 2888 3269 carne
2935 3214 3160 3283 ligatus,

1848 3301 2001 3357 llunc
2042 3302 2201 3358 Pater
2254 3312 2309 3358 ct
2361 3303 2647 3359 Dominum
2699 3313 2755 3359 ct
2802 3304 3077 3361 Christum
3137 3304 3449 3375 liegemque

3149 3396 3445 3469 Deumque.

1850 3484 2061 3542 Judicio
2088 3499 2359 3558 regnoque
2388 3486 2515 3544 dato
2545 3488 2810 3545 missurus
2840 3486 2895 3545 in
2920 3488 3109 3546 orbem
3136 3497 3239 3545 est.

1381 3599 1764 3659 LECTIONES
1794 3596 2213 3655 VARIANTES.

196 3714 273 3778 (ι)
300 3714 478 3767 Christi
502 3718 597 3768 sub
616 3718 829 3783 imagine
854 3718 1016 3772 Obert.

207 3923 498 3995 Sequentia
524 3940 737 3995 quoque
774 3924 1024 3980 Poemata
1066 3926 1163 3980 sub
1199 3925 1514 3981 Tertulliani
1555 3924 1770 3979 nomine
1800 3921 1955 3992 vulgo
1988 3920 2287 3975 traduntur.
2336 3920 2443 3976 Nos
2493 3930 2699 3976 tantum
2745 3923 2915 3978 virum
2980 3933 3085 3979 tam
3142 3925 3302 3980 iratas
3347 3939 3450 3979 un-

130 4034 300 4089 quam
356 4019 607 4073 habuisse
647 4020 823 4074 Musas
851 4035 955 4074 non
993 4019 1282 4074 credimus.
1327 4018 1401 4073 Ea
1468 4029 1643 4073 tamen
1692 4015 2102 4087 qualiacumque
2144 4023 2301 4079 sunt,
2336 4013 2421 4069 hie
2462 4015 2651 4085 subjici
2681 4018 2945 4086 patimur;
2978 4018 3097 4088 quia
3132 4018 3263 4073 lucis
3287 4017 3452 4073 etiam

132 4111 388 4168 nonnihil
445 4110 781 4168 Tertulliano
834 4114 1150 4177 conferunt;
1202 4127 1300 4167 nec
1344 4111 1526 4181 procul
1557 4112 1625 4166 ab
1674 4110 1816 4165 illius
1837 4124 1957 4165 aevo
1985 4106 2309 4179 Carthagine
2340 4107 2554 4165 condita
2604 4108 2885 4165 videntur.
2928 4111 2994 4167 Et
3038 4114 3320 4169 miratores
3352 4113 3451 4167 ha-

132 4209 264 4263 beat
294 4207 453 4261 etiam
483 4222 604 4262 cum
634 4207 851 4264 faecibus
873 4208 985 4263 suis
1012 4206 1286 4275 amphorae
1316 4205 1531 4259 Punicae
1573 4212 1847 4259 senectus.
1876 4201 1995 4259 Rte.

127 4334 3447 4358 —_—————_———

874 4427 1645 4543 INCEBTI
1708 4423 2628 4538 AUGTORIS
2656 4496 2699 4543 ι

1274 4635 1423 4707 DE
1474 4628 1906 4707 JUDICIO
1961 4627 2393 4700 DOMINI.

671 4790 895 4849 CAPUT
924 4789 1209 4847 PRIMUM.

212 4888 347 4957 Quis
374 4886 501 4944 mihi
536 4886 796 4941 ruricolas
820 4885 1023 4955 aptabit
1052 4883 1291 4939 carmine
1322 4880 1531 4938 Musas?

137 4983 212 5038 Et
237 4983 386 5037 verni
414 4995 597 5036 roseas
630 4979 855 5035 titulabit
883 4977 1103 5035 ﬂoribus
1130 4976 1326 5031 auras?

136 5076 477 5147 Aistivzeque
497 5090 688 5146 graves
716 5084 950 5128 maturas
981 5072 1171 5127 messis
1200 5068 1423 5123 aristas?

136 5168 278 5234 Quis
297 5166 444 5221 dabit
472 5176 524 5222 et
555 5164 784 5220 tumidas
812 5163 1053 5218 autumni
1084 5162 1279 5216 vitibus
1305 5157 1472 5211 uvas?

137 5259 344 5325 Quisve
385 5258 563 5329 hyemi
602 5256 834 5328 placidas
866 5269 1081 5324 semper
1106 5252 1341 5307 laudabit
1368 5246 1567 5304 olivas?

138 5349 513 5420 llecludetque
538 5352 665 5421 ipsis
693 5359 971 5403 renovatus
997 5346 1227 5402 fontibus
1259 5340 1467 5397 undas?

139 5442 583 5513 Frondentcsque
610 5458 742 5511 vago
765 5443 934 5495 ςειξιιρι
957 5441 1021 5495 dc
1047 5438 1288 5509 gramine
1319 5433 1512 5489 flores?

141 5536 398 5593 Protinus
426 5535 646 5591 aetherei
672 5534 987 5589 modulabor
1015 5531 1229 5586 luminis
1248 5542 1425 5583 auras.

139 5629 268 5685 Jain
297 5627 425 5681 mihi
456 5626 703 5681 luciferas
730 5627 891 5681 liceat
921 5626 1230 5695 contingere
1267 5621 1459 5685 Musas,

141 5718 391 5776 Pandere
414 5730 646 5775 secretas
676 5718 873 5773 fluviali
902 5720 1102 5773 vertice
1144 5719 1421 5789 lymphas;

141 5813 214 5868 Et
246 5813 393 5867 laetas
417 5810 523 5867 alio
544 5814 743 5881 positas
769 5811 870 5866 sub
895 5811 1068 5866 sidere
1086 5811 1284 5881 sylvas,

145 5905 511 5976 {Eternasque
532 5905 688 5959 simul
713 5904 1027 5960 modulabor
1047 5905 1285 5959 carmine
1311 5904 1576 5971 flammas,

145 5997 307 6057 Unde
339 6013 487 6055 mare
516 5998 799 6068 tumidum,
834 5997 1095 6055 immensa
1120 5996 1341 6054 fluctuet
1369 5998 1530 6064 unda,

1774 4790 1827 4849 ι)
1854 4782 1983 4851 Qua:
2010 4782 2179 4837 virtus
2204 4780 2401 4836 solidas
2431 4790 2751 4853 moveatque
2790 4785 3098 4843 tremiscere
3125 4795 3311 4855 terras,

1849 4874 1919 4930 Et
1941 4874 2033 4930 lux
2064 4874 2207 4930 unde
2236 4888 2375 4929 novo
2406 4874 2730 4945 prmfulsei'it
2759 4890 2921 4933 aurea
2952 4880 3172 4948 mundo,

1856 4969 2055 5035 Quisve
2085 4968 2356 5023 hominem
2392 4970 2514 5025 lano
2543 4971 2804 5041 potuisset
2827 4971 3026 5043 fingere
3057 4975 3209 5042 limo,

1851 5061 2007 5117 Unde
2051 5076 2224 5133 genus
2253 5076 2421 5116 vacuo
2463 5064 2723 5132 potuisset
2752 5080 2995 5121 crescere
3025 5068 3215 5131 saeclo;

1853 5152 1923 5208 Et
1949 5172 2067 5225 qua:
2096 5153 2306 5209 vivendi
2338 5154 2538 5223 populo
2567 5156 2635 5209 sit
2663 5156 2827 5210 multa
2855 5158 3069 5227 cupido,

1853 5249 2050 5314 Quaeve
2080 5256 2257 5303 creata
2288 5247 2453 5311 malo,
2486 5247 2748 5302 moriendi
2772 5264 2957 5319 qumve
2987 5265 3243 5322 propago,

1857 5341 2010 5397 Unde
2043 5342 2208 5395 bonus
2250 5342 2424 5397 roseis
2453 5341 2523 5397 sit
2551 5341 2789 5412 odorque
2817 5343 3083 5413 ruborque
3114 5346 3351 5403 coronis.

1854 5434 1992 5503 Quid
2024 5432 2178 5488 faciat
2206 5435 2345 5491 laetis
2374 5445 2433 5491 ut
2463 5435 2584 5488 vitis
2610 5436 2869 5491 abmstuet
2892 5439 3028 5503 uvis,

1855 5527 1923 5581 Et
1957 5526 2109 5595 plena
2137 5541 2167 5581 e
2198 5529 2394 5583 teneris
2429 5527 2715 5583 tendantur
2754 5539 2809 5583 ut
2836 5529 3027 5585 horrea
3058 5532 3279 5601 culmis,

1853 5621 2031 5675 Arbor
2062 5630 2119 5674 ut
2147 5621 2199 5674 in
2226 5621 2397 5691 glacie
2428 5623 2595 5691 nigris
2624 5623 2878 5693 pubescat
2913 5624 3088 5680 olivis.

1854 5713 2199 5771 Gcrminibus
2220 5714 2343 5785 quis
2364 5714 2455 5770 det
2483 5716 2615 5770 varii
2649 5715 2980 5773 incrementa
3010 5720 3232 5792 vigoris,

1853 5809 2106 5866 Mollibus
2132 5816 2428 5864 etmatrcm
2466 5810 2729 5879 pullormn
2758 5820 3001 5882 protegat
3033 5814 3257 5869 umbris.

1854 5903 2049 5959 Omnia
2076 5918 2237 5958 nosse
2262 5903 2458 5957 bonum
2488 5919 2608 5974 quae
2647 5904 2756 5957 sint
2786 5904 3043 5961 miracula
3073 5920 3281 5975 rerum,

1858 6000 1928 6056 l‘t
1957 6000 2243 6058 Dominum
2275 6002 2427 6058 liceat
2456 6014 2554 6073 per
2584 6008 2780 6060 cuncta
2829 6015 3122 6074 agnoscere
3145 6017 3352 6075 verum,
