4202 6496
744 370 872 428 I09I

738 492 837 560 Qui
870 493 1064 556 lucem,
1099 490 1286 557 maria,
1312 498 1363 545 et
1390 488 1604 554 coelum,
1637 494 1941 558 terramque
1971 486 2199 556 paravit,

738 583 1063 653 Ornavitque
1097 597 1290 637 novntn
1320 582 1527 636 variato
1549 579 1724 635 sidere
1753 578 2040 642 mundum;

738 674 806 729 Et
831 673 1059 745 pecudes
1089 674 1316 743 primum
1338 680 1393 728 et
1415 671 1658 726 volucres
1681 669 1969 739 procedere
1988 667 2170 738 jussit,

741 768 807 824 Et
830 768 979 825 dedit
1004 783 1281 839 arquoreas
1310 766 1564 838 compleri
1595 766 1829 836 piscibus
1853 762 2045 827 undas,

740 863 807 919 Et
838 862 1176 919 fmcundatas
1196 861 1479 917 animabus
1520 862 1660 931 cogit
1690 874 1902 915 arenas.

739 956 887 1014 Talia
913 957 1225 1028 compositis
1245 955 1505 1012 deducam
1536 954 1771 1011 carmina
1795 952 1978 1019 Musis,

740 1052 914 1123 Atque
940 1050 1205 1107 salutares
1232 1064 1494 1122 exponam
1524 1046 1759 1105 fontibus
1785 1046 1974 1110 undas,

741 1145 810 1200 Et
838 1144 1019 1201 laetum
1044 1143 1266 1215 placidis
1292 1144 1595 1199 venientem
1620 1142 1852 1197 nubibus
1880 1140 2125 1205 imbrem,

741 1236 907 1307 Inque
933 1237 1138 1293 animas
1165 1236 1438 1292 hominum
1464 1237 1694 1307 penitus,
1724 1234 1965 1305 ultroque
1987 1230 2259 1296 ﬂuentem,

741 1330 988 1404 Excipiat
1012 1329 1185 1403 plenis
1204 1329 1258 1386 iu
1284 1338 1464 1386 nostra
1494 1328 1704 1383 novalia
1731 1326 1882 1382 rivis.

1381 1419 1607 1478 CAPUT
1630 1420 1693 1475 II.

812 1516 966 1574 Nunc
985 1530 1101 1589 age,
1126 1529 1370 1573 securam
1392 1514 1674 1585 vivamque
1702 1510 1978 1582 adtingere
2004 1510 2298 1581 lympham,

742 1613 811 1668 Et
843 1612 1048 1669 celeres
1078 1610 1241 1667 vitam
1270 1609 1521 1664 amissam
1554 1621 1808 1678 reparare
1834 1619 1928 1675 per
1952 1601 2125 1659 undas

742 1706 797 1762 Si
822 1706 971 1772 velit,
999 1716 1216 1761 aeternae
1238 1711 1293 1760 et
1321 1716 1509 1775 poenas
1533 1699 1762 1757 evadere
1797 1698 2025 1753 flamma:
2044 1736 2060 1763 ,

742 1798 1067 1870 Ignarusque
1088 1797 1204 1866 Dei,
1234 1796 1552 1867 venturique
1579 1794 1779 1850 inscius
1801 1793 1920 1859 aevi,

744 1891 813 1951 Et
833 1892 1007 1962 potius
1034 1900 1276 1947 ventura:
1301 1889 1523 1960 adipisci
1556 1887 1773 1959 praemia
1799 1886 1943 1949 vitae;

746 1982 897 2039 Ilunc
918 1997 1082 2038 unum
1109 1982 1419 2037 meminisse
1448 1981 1613 2036 Deum
1632 2019 1647 2045 ,
1677 1978 1959 2048 solumque
1989 1977 2338 2046 precandum,

742 2074 844 2142 Qui
872 2083 1041 2131 totum
1062 2075 1112 2129 in
1148 2074 1284 2129 libra
1307 2076 1484 2144 posuit
1507 2072 1607 2127 sub
1636 2070 1819 2127 limine
1846 2067 2125 2133 tnundum,

744 2167 1134 2240 Eternumque
1160 2183 1406 2233 manens,
1435 2179 1751 2237 semperque
1778 2163 1984 2219 futurus
2010 2161 2062 2216 in
2100 2174 2291 2228 savum,

743 2260 947 2319 Saecula
968 2270 1157 2318 cuncta
1182 2272 1390 2323 tenens,
1414 2268 1538 2316 ante
1557 2259 1735 2315 omnia
1770 2255 1960 2312 smeula
1992 2254 2140 2309 solus

745 2354 1039 2426 lngenitus,
1067 2355 1185 2410 sine
1210 2353 1318 2409 fine
1348 2352 1507 2417 Deus,
1539 2351 1829 2420 sedemque
1854 2360 2140 2419 supernam

742 2451 904 2509 Solus
932 2452 1158 2515 habens,
1191 2451 1338 2505 solus
1360 2449 1527 2506 caelos
1554 2445 1916 2518 supereminet
1945 2443 2100 2509 altos,

743 2543 1095 2617 Omnipotens
1116 2542 1287 2611 solus,
1314 2542 1397 2597 cui
1426 2550 1618 2611 parent
1646 2539 1826 2594 omnia
1856 2550 2068 2600 rerum;

743 2636 844 2706 Qui
870 2636 970 2693 sibi
999 2635 1377 2706 complacitum
1405 2632 1675 2689 hominem
1702 2628 1957 2686 formavit
1984 2627 2036 2682 in
2064 2638 2260 2690 avum,

745 2729 1023 2786 Pastorem
1047 2726 1332 2799 pecudum,
1360 2736 1417 2784 et
1442 2724 1717 2782 dominum
1743 2722 1891 2779 dedit
1916 2736 2036 2778 esse
2062 2718 2295 2777 ferarum
2320 2734 2337 2787 ;

744 2821 847 2889 Qui
873 2836 1120 2878 sermone
1145 2830 1300 2877 tenus
1325 2818 1497 2891 potuit
1523 2816 1847 2889 protendere
1872 2814 2087 2880 coelum,

745 2914 815 2970 Et
844 2914 1068 2969 solidam
1097 2912 1261 2970 verbo
1290 2912 1463 2982 potuit
1488 2908 1815 2981 suspendere
1837 2917 2055 2971 terram,

746 3006 816 3062 Et
842 3005 985 3062 dicto
1012 3006 1169 3061 citius
1191 3004 1525 3075 disjunxerat
1548 3001 1779 3073 aequoris
1801 2999 2021 3065 undam,

746 3102 824 3157 Ac
852 3100 1099 3156 manibus
1127 3099 1345 3154 cltaram
1376 3096 1558 3153 dilexit
1588 3097 1788 3169 lingere
1810 3095 2056 3159 formam,

747 3193 919 3261 Atque
948 3206 1102 3248 suam
1126 3191 1291 3248 voluit
1310 3189 1497 3246 faciem
1526 3204 1738 3261 quoque
1766 3189 1942 3243 inesse
1965 3185 2237 3253 decoram,

746 3285 1058 3359 Spirituque
1080 3285 1295 3343 adflavit
1320 3285 1529 3342 vivendi
1568 3284 1803 3340 vultibus
1823 3296 2028 3338 auram.

1384 3377 1613 3436 CAPUT
1640 3376 1725 3432 III.

818 3492 1106 3551 Immemor
1134 3494 1224 3550 ille
1253 3493 1369 3561 Dei,
1402 3501 1602 3549 temere
1629 3492 1962 3548 committere
1992 3490 2097 3546 tale

747 3587 863 3644 Non
892 3588 1026 3642 ultra
1049 3588 1311 3643 monitum
1342 3586 1628 3659 quidquam
1673 3587 2005 3655 contingeret
2033 3599 2197 3637 ttntttn

749 3683 900 3742 Ilnde
927 3684 1126 3738 malum
1157 3684 1339 3749 sciret,
1370 3684 1570 3753 pariter
1595 3682 1935 3751 dignosceret
1962 3694 2195 3751 aequum,

753 3773 1001 3829 I’rminus
1031 3771 1291 3829 inlicitum
1325 3773 1491 3827 vetuit
1514 3772 1825 3840 contingere
1852 3786 2091 3841 pomum.

748 3865 954 3936 Quanta
983 3866 1119 3922 Deus
1150 3866 1349 3922 homini
1380 3864 1639 3935 pertnisit-
1663 3880 1881 3921 munera
1905 3862 2130 3919 mundi?

752 3958 817 4014 Iit
842 3958 1110 4031 praadulce
1135 3960 1216 4015 sui
1248 3958 1474 4030 signavit
1504 3957 1691 4028 pignus
1715 3956 1953 4011 amoris?

748 4050 948 4123 Jusque
972 4049 1121 4107 dedit
1149 4050 1447 4119 volucrum,
1468 4058 1795 4121 pontumque
1823 4048 2101 4117 solumque
2123 4047 2344 4104 doman-

2170 4139 2342 4214 [dun],

752 4236 909 4294 Utilia
932 4245 987 4293 et
1010 4234 1186 4291 chara:
1217 4234 1400 4291 tribuit
1429 4234 1677 4291 mandata
1707 4234 1913 4291 salutis.

750 4332 860 4389 Sub
883 4332 1083 4387 ditione
1102 4330 1249 4387 dedit
1278 4340 1469 4397 terras,
1492 4331 1803 4401 animasque
1831 4328 2130 4397 volantum,

752 4425 1158 4494 Pennatumque
1194 4439 1359 4496 genus
1380 4465 1396 4491 ,
1427 4421 1689 4494 pecudum
1731 4436 1898 4494 genus
1923 4438 2083 4478 omne
2113 4420 2344 4478 ferarum

752 4518 816 4573 Et
842 4532 1011 4589 genus
1039 4532 1344 4589 aequoreum
1366 4556 1381 4582 ,
1412 4524 1467 4570 et
1491 4514 1755 4571 deformia
1778 4525 2015 4571 monstra
2047 4523 2342 4572 natantum.

752 4611 857 4669 Sed
888 4611 1139 4683 quoniam
1168 4610 1341 4681 primo
1364 4618 1729 4680 transgressus
1754 4610 1980 4666 crimine
2008 4609 2201 4679 legem,

753 4706 978 4776 Jamjam
1006 4704 1211 4776 primus
1243 4706 1402 4759 homo
1430 4703 1637 4757 Domini
1658 4702 1905 4757 mandata
1929 4702 2180 4774 reliquit,

753 4798 991 4869 Conjttge
1020 4813 1140 4869 qum
1165 4796 1304 4851 mala
1328 4804 1518 4851 cuncta
1548 4796 1747 4862 suasit,
1782 4806 1954 4852 morte
1978 4796 2204 4867 peribat.

756 4888 1071 4959 I’ecCatique
1100 4888 1296 4943 tnalum
1322 4888 1585 4942 commisit
1616 4886 1835 4943 fmtnina
1858 4889 2109 4958 primum,

756 4980 1214 5051 Transgressaque
1230 4994 1385 5035 suum
1413 4979 1619 5051 decepit
1649 4980 1763 5052 lege
1791 4982 2064 5047 maritum,

759 5070 869 5126 Eva
892 5071 1109 5126 inducta
1134 5070 1259 5126 dolo
1280 5070 1529 5141 patefecit
1556 5072 1735 5126 limina
1753 5070 1920 5141 letho,

760 5163 824 5219 Et
852 5163 953 5220 sibi
983 5180 1103 5219 cum
1130 5178 1326 5235 genere
1359 5165 1657 5237 procreavit
1676 5165 1859 5223 funera
1887 5176 2018 5231 toto,

760 5260 892 5315 Ilinc
910 5258 1057 5315 nefas
1078 5261 1369 5328 incautum,
1390 5275 1537 5315 mors
1562 5261 1687 5317 hinc
1713 5262 1865 5331 quasi
1887 5276 2068 5319 semen
2096 5262 2151 5318 in
2173 5277 2347 5320 :evum

758 5353 1057 5425 Spargitur,
1088 5352 1211 5409 inde
1241 5354 1409 5425 magis
1436 5352 1643 5410 facinus
1674 5355 1978 5426 percrebuit
1997 5365 2176 5423 atrox,

758 5448 932 5520 Atque
959 5448 1107 5503 labor
1135 5456 1447 5519 corruptum
1473 5449 1691 5521 agitavit
1718 5452 1912 5507 savior
1939 5450 2147 5507 orbem.

758 5541 987 5598 Callidus
1015 5540 1117 5597 hoc
1143 5542 1260 5598 zelo
1290 5556 1512 5614 serpens
1536 5541 1720 5598 inlexit
1748 5542 1798 5600 in
1830 5543 1969 5614 ipso,

759 5630 887 5687 Inde
914 5633 1081 5702 magis
1108 5633 1286 5703 populi
1314 5642 1595 5690 accersunt
1616 5635 1899 5691 commissa
1932 5634 2213 5691 malorum.

698 5760 701 5761 ν
761 5724 935 5798 Atque
955 5725 1182 5783 nefanda
1209 5726 1362 5783 malis
1393 5737 1716 5799 pepererunt
1741 5729 1948 5785 semina
1974 5728 2149 5787 factis.

1402 5822 1629 5879 CAPUT
1660 5821 1746 5878 IV.

838 5909 1043 5972 Idcirco
1073 5912 1329 5972 Dominus
1354 5914 1497 5972 solus
1522 5958 1535 5985 ,
1568 5918 1653 5973 cui
1683 5932 1886 5974 summa
1922 5927 2173 5991 potestas,

2147 365 2609 425 TEIII‘ULLIANI

2357 486 2411 545 Λ
2437 483 2685 555 Etsuper
2704 483 2810 539 alta
2840 492 3030 541 tenens
3054 484 3250 541 summi
3278 481 3486 558 fastigia
3509 484 3655 550 coeli,

3903 355 4058 423 1093

2434 575 2611 631 Altum
2640 576 2691 630 itt
2723 577 2993 646 praecelsis
3022 576 3268 634 habitans
3297 578 3350 632 in
3392 577 3590 633 saecula
3618 576 3823 644 lumen,

2433 668 2828 741 Prresetttisque
2853 687 3080 740 memor,
3108 687 3319 744 quoque
3344 672 3602 744 prtPSCilIS
3624 680 3748 728 ante
3776 668 3979 736 futuri,

2436 762 2750 834 Progeniem
2780 765 2954 819 meriti
2980 765 3254 821 decretum
3285 766 3530 821 servatin
3564 780 3757 831 aevum,

2437 854 2502 909 Et
2521 865 2740 911 cunctas
2764 857 2989 922 animas,
3024 867 3134 913 tum
3165 873 3389 929 corpora
3421 858 3571 913 tarda
3596 856 3935 928 gubernans,

2438 948 2567 1016 Quae
2598 949 2804 1006 ratione
2831 960 3049 1006 movent
3089 951 3357 1008 hominem
3388 967 3485 1022 per
3529 950 3696 1006 multa
3727 956 4064 1021 vagantem;

2442 1042 2509 1097 Ut
2539 1044 2767 1113 prinnnn
2796 1044 2954 1114 positi
2985 1046 3348 1101 membrorum
3376 1044 3612 1115 pondera
3639 1043 3877 1111 cedunt;

2439 1136 2800 1207 'I‘crreuisque
2830 1138 2973 1193 leves
2998 1138 3248 1195 resolutis
3265 1138 3489 1195 nexibus
3511 1139 3687 1206 ibunt,

2438 1228 2518 1286 Ac
2545 1229 2789 1301 proprias
2816 1230 3030 1300 capient
3056 1231 3285 1288 diversis
3318 1232 3561 1303 partibus
3590 1243 3715 1287 oras

2441 1324 2538 1378 Ast
2565 1323 2697 1377 alias
2719 1323 2854 1378 lartis
2882 1324 3121 1379 revocari
3154 1325 3397 1395 protinus
3420 1326 3590 1389 auris,

2440 1418 2649 1475 Servari
2676 1418 2885 1489 penitus
2916 1418 3149 1475 decretae
3168 1419 3235 1476 ad
3258 1421 3477 1491 prmmia
3498 1420 3653 1492 legis,

2444 1514 2578 1569 Dum
2600 1514 2758 1568 motis
2775 1514 2967 1569 iterum
2996 1514 3563 1585 reﬁreseantcorpnra
3592 1511 3883 1569 membris.

2443 1605 2557 1662 Illic
2572 1606 2797 1662 occultis
2826 1604 3145 1662 claudentur
3174 1622 3337 1679 prava
3363 1607 3617 1663 tenebris.

2443 1701 2594 1757 Tunc
2626 1700 2871 1759 homines
2894 1703 3081 1773 prima:
3110 1718 3335 1773 pensare
3366 1703 3584 1771 praemia
3605 1702 3739 1757 vitae

2443 1792 2729 1865 Incipient,
2760 1795 3073 1868 crimenque
3100 1811 3255 1852 suum
3282 1796 3572 1867 culpasqne
3598 1805 3808 1865 putare,

2369 1886 2418 1947 B
2448 1884 2516 1940 Et
2545 1886 2718 1957 pomis
2748 1890 3001 1954 retinere,
3032 1888 3215 1958 procul
3244 1887 3312 1943 de
3341 1898 3513 1943 morte
3542 1886 3759 1954 futuris,

2447 1979 2774 2051 Iudiciisque
2806 1981 2895 2036 Dei
2919 1996 3188 2039 memores
3218 1981 3430 2037 adstare
3455 1980 3689 2051 piorum,

2449 2074 2775 2146 Exspectare
2802 2090 2952 2132 suam
2985 2092 3312 2148 suorumque
3341 2092 3408 2131 ex
3440 2076 3665 2130 crimine
3692 2088 3958 2145 poenam;

2447 2168 2706 2225 I‘ttttditus
2736 2183 2828 2226 aut
2853 2186 3106 2241 pecorum
3131 2172 3247 2225 sine
3279 2170 3495 2224 nomine
3523 2169 3703 2223 vivere
3751 2167 3955 2231 vitam,

2449 2262 2824 2336 Incassutnqne
2854 2266 2960 2321 Dco
2982 2265 3091 2335 jam
3120 2264 3284 2317 surdo
3313 2262 3536 2318 fundere
3566 2261 3774 2316 fletum.

3084 2356 3312 2413 CAPUT
3347 2356 3409 2410 γ.

2520 2474 2602 2527 An
2631 2473 2770 2529 Deus
2796 2473 3156 2544 omnipotens,
3175 2472 3325 2543 cujus
3346 2472 3445 2528 sub
3471 2474 3589 2542 lege
3615 2478 3884 2542 reguntur

2445 2563 2655 2630 Omnia,
2690 2580 2794 2621 non
2816 2566 2987 2620 valeat
3007 2576 3129 2637 pust
3156 2576 3381 2621 mortem
3402 2564 3629 2620 reddere
3644 2562 3846 2617 vitam?

2444 2658 2551 2712 Ant
2574 2658 2770 2727 aliquid
2799 2658 3052 2713 Dominus
3082 2674 3265 2714 rerum
3304 2673 3409 2713 non
3439 2671 3595 2728 posse
3614 2652 3872 2710 videtur?

2443 2748 2498 2806 Si
2529 2753 2697 2820 potuit
2726 2751 2961 2806 tenebris
2993 2751 3158 2822 pulsis
3185 2748 3475 2806 extendere
3501 2749 3697 2814 lucem,

2447 2844 2621 2915 Atque
2642 2860 2854 2900 omnem
2883 2845 3044 2900 verbo
3071 2846 3249 2901 subito
3276 2858 3598 2912 componere
3626 2841 3851 2898 molem.

2444 2936 2635 2991 Ontnia
2662 2937 2729 2992 de
2750 2937 2916 2993 nihilo
2942 2953 3153 3008 quoque
3180 2952 3310 2992 voce
3339 2946 3556 3006 potente
3576 2948 3791 3004 parare,

2443 3029 2553 3086 Cur
2573 3045 2678 3086 non
2702 3045 2764 3085 ex
2787 3031 2967 3101 aliquo
2991 3032 3157 3101 possit
3182 3044 3507 3101 componere
3539 3041 3743 3094 notam,

2444 3122 2575 3191 Qua:
2605 3123 2775 3179 fuerat
2799 3122 3089 3194 quondam,
3121 3138 3278 3195 quam
3310 3124 3532 3180 finxerat
3558 3132 3700 3187 ante,
3728 3119 3917 3191 figura
3992 3119 4017 3163 τ

2448 3215 2867 3286 Atlsimiletnque
2888 3216 2986 3272 sibi
3005 3216 3193 3286 jubeat
3212 3230 3492 3283 resurgere
3518 3213 3787 3270 formam?

2367 3280 2414 3344 δ
2446 3308 2579 3364 Cum
2605 3308 2715 3363 sint
2740 3319 2929 3364 cuncta
2953 3310 3068 3375 Dei,
3096 3308 3272 3365 reddit
3297 3310 3467 3379 magis
3495 3309 3673 3363 omnia
3703 3307 3901 3374 tellus,

2445 3400 2601 3459 Jussa
2629 3408 2843 3457 retexet
2867 3402 3011 3456 cnim
3041 3401 3295 3471 quidquid
3324 3410 3635 3455 contexerat
3655 3398 3809 3453 olim.

2445 3495 2501 3553 Si
2530 3512 2688 3567 quem
2718 3494 2855 3550 forte
2883 3496 3028 3565 rogis
3054 3494 3284 3549 abolevit
3310 3492 3523 3547 ﬂamma
3545 3493 3845 3562 sepultum,

2447 3588 2555 3642 Aut
2578 3586 2811 3656 aliquem
2840 3586 3004 3641 ca-cis
3029 3585 3494 3655 disjeceritwquor
3526 3589 3575 3637 in
3602 3583 3781 3650 undis,

2447 3678 2502 3735 Si
2523 3680 2785 3751 cujusque
2810 3678 2951 3735 fame
2973 3681 3236 3734 satiarnnt
3262 3680 3467 3734 viscera
3497 3679 3691 3747 pisces,

2447 3771 2556 3826 Aut
2580 3772 2745 3827 fixere
2776 3772 2899 3828 fera:
2921 3771 3157 3827 crudelia
3189 3771 3373 3827 funera
3399 3771 3657 3825 ntctniiris
3673 3810 3690 3837 ,

2447 3864 2679 3921 Alitibtts
2696 3864 2864 3935 jacuit
2892 3873 3099 3934 raptato
3127 3878 3355 3934 curpore
3380 3863 3617 3932 sanguis,

2449 3954 2645 4011 Ultima
2670 3971 2775 4009 non
2798 3954 3027 4011 Domino
3050 3956 3257 4026 tapicnt
3277 3971 3372 4010 sua
3403 3969 3624 4009 munera
3653 3968 3866 4027 magno

2448 4048 2721 4118 Apparere
2750 4048 2857 4103 Deo
2882 4047 3030 4104 tivos
3054 4047 3121 4104 de
3151 4056 3323 4105 morte
3342 4063 3564 4104 necesse
3588 4057 3689 4113 est,

2450 4149 2872 4221 Resumptisque
2900 4151 3011 4206 suis
3044 4150 3288 4206 homines
3316 4150 3532 4206 adstare
3557 4148 3765 4220 figuris.

2450 4243 2611 4299 Arida
2637 4244 2715 4298 sic
2745 4243 2925 4298 vacuis
2939 4242 3235 4299 redduntur
3258 4243 3462 4298 semina
3491 4242 3672 4309 terris,

2452 4336 2515 4391 Et
2537 4335 2747 4406 penitus
2776 4334 2895 4390 fixis
2924 4344 3241 4405 putrescunt
3260 4345 3467 4390 mortua
3489 4332 3671 4399 sulcis,

2449 4427 2639 4485 Nonne
2658 4430 2926 4485 animatur
2954 4440 3007 4486 et
3036 4430 3160 4485 hinc
3185 4432 3445 4500 reparatis
3468 4427 3683 4482 culmen
3705 4424 3934 4496 arislis,

2452 4525 2624 4596 Atque
2652 4524 2846 4580 iterum
2873 4524 3007 4579 vivis
3028 4523 3321 4579 flavescunt
3352 4522 3511 4577 fortia
3536 4521 3739 4592 granis,

2454 4616 2901 4690 Consurguntque
2928 4634 3080 4673 nova:
3104 4618 3251 4672 vario
3274 4631 3397 4672 cum
3425 4616 3631 4672 fmaure
3658 4616 3929 4669 messes?

2458 4709 2645 4768 Sidera
2666 4722 2856 4767 cuncta
2883 4710 3102 4776 cadunt,
3131 4710 3430 4779 iterumque
3456 4717 3639 4764 renata
3653 4706 3982 4763 nitescunt.

2455 4804 2525 4859 Et
2547 4803 2665 4859 dies
2692 4805 2743 4858 itt
2769 4804 2930 4859 densa
2960 4802 3186 4857 moritur
3210 4815 3330 4857 cum
3358 4799 3559 4855 lumine
3589 4806 3766 4864 nocte,

2456 4896 2660 4952 Occidit
2689 4906 2744 4951 et
2763 4894 2874 4967 jant
2905 4909 3010 4951 nox
3039 4894 3202 4950 rebus
3234 4907 3357 4949 mox
3387 4892 3504 4947 luce
3529 4891 3767 4954 retectis,

2457 4990 2681 5061 Jamque
2708 4991 2819 5044 suis
2839 4991 2938 5044 alia
2962 4999 3120 5060 atque
3150 4988 3252 5043 alia
3281 4986 3397 5043 dies
3424 4986 3594 5058 surgit
3620 4984 3690 5039 ab
3710 4985 3919 5053 astris,

2458 5081 2654 5152 Solque
2674 5080 2835 5149 cadit,
2862 5079 3257 5151 Splendurifero
3284 5080 3375 5151 qui
3407 5079 3607 5135 lumine
3634 5078 3830 5132 clarus
3858 5094 3877 5143 ;

2453 5172 2567 5229 Lux
2602 5174 2738 5243 perit
2763 5173 3007 5228 umbrato
3028 5173 3260 5229 venienti
3288 5186 3512 5242 vespere
3536 5168 3738 5226 mundo

2456 5269 2521 5323 Et
2549 5277 2799 5322 renovata
2834 5280 2933 5322 suo
2959 5266 3088 5321 vivit
3118 5265 3335 5335 fuligine
3364 5264 3602 5335 phoenix,

2458 5362 2524 5417 Et
2550 5376 2644 5417 sua
2672 5376 2796 5416 mox
2826 5360 3057 5415 volucris
3088 5357 3327 5431 (mirum)
3360 5368 3480 5430 post
3518 5357 3671 5413 busta
3697 5366 3983 5432 resurgit.

2460 5454 2723 5525 Tempore
2746 5453 2887 5508 nuda
2912 5454 3023 5508 suis
3046 5451 3187 5507 foliis
3207 5467 3420 5524 quoque
3442 5452 3649 5506 fruticat
3677 5452 3885 5522 arbor,

2461 5546 2853 5617 I’omurumquc
2883 5545 3074 5602 iterum
3105 5553 3392 5599 curvantur
3416 5544 3658 5615 germine
3690 5546 3867 5601 rami.

3098 5636 3323 5695 CAPUT
3355 5636 3443 5692 Vl.

2534 5730 2617 5790 Ad
2646 5747 2834 5789 vocem
2859 5747 2987 5803 ergo
3009 5732 3100 5789 Dei
3124 5731 3323 5787 mundo
3354 5747 3449 5803 per
3473 5739 3660 5787 cuncta
3691 5740 4007 5804 tremente,

2460 5826 2533 5883 Et
2563 5827 2721 5882 motis
2745 5826 2955 5897 penitus
2985 5825 3269 5881 virtutibus
3295 5825 3434 5880 aeris
3455 5825 3571 5889 alti,

2461 5920 2608 5975 Tunc
2638 5918 2812 5992 fragor
2838 5918 3098 5987 insolitus,
3132 5927 3254 5974 tunc
3286 5919 3514 5975 maxima
3543 5932 3839 5975 murmura
3870 5922 4019 5990 cesti,
