  <div class='ocr_page' id='page_1' title='image "/cluster/home/n/w/nwhite01/storage/ocr_20150623/2/hvd.32044015466741/600.png"; bbox 0 0 4202 6496; ppageno 0'>
   <div class='ocr_carea' id='block_1_1' title="bbox 146 382 275 438">
    <p class='ocr_par' dir='ltr' id='par_1_1' title="bbox 146 382 275 438">
     <span class='ocr_line' id='line_1_1' title="bbox 146 382 275 438; baseline -0.008 0"><span class='ocrx_word' id='word_1_1' title='bbox 146 382 275 438; x_wconf 70' lang='grc'><strong>1095</strong></span> 
     </span>
    </p>
   </div>
   <div class='ocr_carea' id='block_1_2' title="bbox 128 487 1195 561">
    <p class='ocr_par' dir='ltr' id='par_1_2' title="bbox 128 487 1195 561">
     <span class='ocr_line' id='line_1_2' title="bbox 128 487 1195 561; baseline -0.015 -6"><span class='ocrx_word' id='word_1_2' title='bbox 128 499 444 557; x_wconf 85' lang='lat' dir='ltr'><strong>.\dvenientc</strong></span> <span class='ocrx_word' id='word_1_3' title='bbox 475 494 604 561; x_wconf 91' lang='lat' dir='ltr'><strong>Deo,</strong></span> <span class='ocrx_word' id='word_1_4' title='bbox 631 495 791 550; x_wconf 88' lang='lat' dir='ltr'><strong>totius</strong></span> <span class='ocrx_word' id='word_1_5' title='bbox 815 491 992 560; x_wconf 85' lang='lat' dir='ltr'><strong>judice</strong></span> <span class='ocrx_word' id='word_1_6' title='bbox 1019 487 1195 544; x_wconf 88' lang='lat' dir='ltr'><strong>mundi</strong></span> 
     </span>
    </p>
   </div>
   <div class='ocr_carea' id='block_1_3' title="bbox 129 578 1397 648">
    <p class='ocr_par' dir='ltr' id='par_1_3' title="bbox 129 578 1397 648">
     <span class='ocr_line' id='line_1_3' title="bbox 129 578 1397 648; baseline -0.015 0"><span class='ocrx_word' id='word_1_7' title='bbox 129 593 370 648; x_wconf 90' lang='lat' dir='ltr'><strong>Protinus</strong></span> <span class='ocrx_word' id='word_1_8' title='bbox 398 589 660 645; x_wconf 92' lang='lat' dir='ltr'><strong>innumeri</strong></span> <span class='ocrx_word' id='word_1_9' title='bbox 685 593 1012 643; x_wconf 89' lang='lat' dir='ltr'><strong>concurrunt</strong></span> <span class='ocrx_word' id='word_1_10' title='bbox 1041 583 1118 637; x_wconf 88' lang='lat' dir='ltr'><strong>ire</strong></span> <span class='ocrx_word' id='word_1_11' title='bbox 1148 578 1397 642; x_wconf 77' lang='lat' dir='ltr'><strong>ministri,</strong></span> 
     </span>
    </p>
   </div>
   <div class='ocr_carea' id='block_1_4' title="bbox 125 676 1493 754">
    <p class='ocr_par' dir='ltr' id='par_1_4' title="bbox 125 676 1493 754">
     <span class='ocr_line' id='line_1_4' title="bbox 125 676 1493 754; baseline -0.014 -14"><span class='ocrx_word' id='word_1_12' title='bbox 125 684 533 754; x_wconf 78' lang='lat' dir='ltr'><strong>Convallantque</strong></span> <span class='ocrx_word' id='word_1_13' title='bbox 565 681 728 736; x_wconf 89' lang='lat' dir='ltr'><strong>Deum</strong></span> <span class='ocrx_word' id='word_1_14' title='bbox 766 693 887 734; x_wconf 84' lang='lat' dir='ltr'><strong>eum</strong></span> <span class='ocrx_word' id='word_1_15' title='bbox 928 676 1207 745; x_wconf 91' lang='lat' dir='ltr'><strong>majestate</strong></span> <span class='ocrx_word' id='word_1_16' title='bbox 1230 681 1493 740; x_wconf 90' lang='lat' dir='ltr'><strong>superna;</strong></span> 
     </span>
    </p>
   </div>
   <div class='ocr_carea' id='block_1_5' title="bbox 127 761 1432 848">
    <p class='ocr_par' dir='ltr' id='par_1_5' title="bbox 127 761 1432 848">
     <span class='ocr_line' id='line_1_5' title="bbox 127 761 1432 848; baseline -0.012 -17"><span class='ocrx_word' id='word_1_17' title='bbox 127 777 366 848; x_wconf 66' lang='lat' dir='ltr'><strong>Augelica</strong></span> <span class='ocrx_word' id='word_1_18' title='bbox 396 776 446 831; x_wconf 89' lang='lat' dir='ltr'><strong>in</strong></span> <span class='ocrx_word' id='word_1_19' title='bbox 477 783 645 830; x_wconf 89' lang='lat' dir='ltr'><strong>terras</strong></span> <span class='ocrx_word' id='word_1_20' title='bbox 671 770 999 826; x_wconf 84' lang='lat' dir='ltr'><strong>descendent</strong></span> <span class='ocrx_word' id='word_1_21' title='bbox 1027 766 1235 837; x_wconf 90' lang='lat' dir='ltr'><strong>agmina</strong></span> <span class='ocrx_word' id='word_1_22' title='bbox 1265 761 1432 824; x_wconf 63' lang='lat' dir='ltr'><strong>caelo;</strong></span> 
     </span>
    </p>
   </div>
   <div class='ocr_carea' id='block_1_6' title="bbox 126 855 1454 935">
    <p class='ocr_par' dir='ltr' id='par_1_6' title="bbox 126 855 1454 935">
     <span class='ocr_line' id='line_1_6' title="bbox 126 855 1454 935; baseline -0.014 -10"><span class='ocrx_word' id='word_1_23' title='bbox 126 871 332 935; x_wconf 85' lang='lat' dir='ltr'><strong>Omnes,</strong></span> <span class='ocrx_word' id='word_1_24' title='bbox 363 867 513 922; x_wconf 89' lang='lat' dir='ltr'><strong>turba</strong></span> <span class='ocrx_word' id='word_1_25' title='bbox 540 865 652 932; x_wconf 89' lang='lat' dir='ltr'><strong>Dei,</strong></span> <span class='ocrx_word' id='word_1_26' title='bbox 677 864 868 934; x_wconf 81' lang='lat' dir='ltr'><strong>quibus</strong></span> <span class='ocrx_word' id='word_1_27' title='bbox 893 868 976 916; x_wconf 89' lang='lat' dir='ltr'><strong>est</strong></span> <span class='ocrx_word' id='word_1_28' title='bbox 1000 859 1177 914; x_wconf 86' lang='lat' dir='ltr'><strong>divina</strong></span> <span class='ocrx_word' id='word_1_29' title='bbox 1203 855 1454 917; x_wconf 75' lang='lat' dir='ltr'><strong>facultas,</strong></span> 
     </span>
    </p>
   </div>
   <div class='ocr_carea' id='block_1_7' title="bbox 132 955 1354 1024">
    <p class='ocr_par' dir='ltr' id='par_1_7' title="bbox 132 955 1354 1024">
     <span class='ocr_line' id='line_1_7' title="bbox 132 955 1354 1024; baseline -0.014 -8"><span class='ocrx_word' id='word_1_30' title='bbox 132 963 366 1017; x_wconf 75' lang='lat' dir='ltr'><strong>Vultibus</strong></span> <span class='ocrx_word' id='word_1_31' title='bbox 394 971 449 1017; x_wconf 89' lang='lat' dir='ltr'><strong>et</strong></span> <span class='ocrx_word' id='word_1_32' title='bbox 469 960 638 1016; x_wconf 89' lang='lat' dir='ltr'><strong>forma</strong></span> <span class='ocrx_word' id='word_1_33' title='bbox 660 957 869 1012; x_wconf 91' lang='lat' dir='ltr'><strong>virtutis</strong></span> <span class='ocrx_word' id='word_1_34' title='bbox 896 955 1115 1024; x_wconf 78' lang='lat' dir='ltr'><strong>Spiritus</strong></span> <span class='ocrx_word' id='word_1_35' title='bbox 1144 962 1354 1003; x_wconf 89' lang='lat' dir='ltr'><strong>omnes.</strong></span> 
     </span>
    </p>
   </div>
   <div class='ocr_carea' id='block_1_8' title="bbox 128 1037 1440 1127">
    <p class='ocr_par' dir='ltr' id='par_1_8' title="bbox 128 1037 1440 1127">
     <span class='ocr_line' id='line_1_8' title="bbox 128 1037 1440 1127; baseline -0.012 -19"><span class='ocrx_word' id='word_1_36' title='bbox 128 1055 308 1127; x_wconf 89' lang='lat' dir='ltr'><strong>lgneus</strong></span> <span class='ocrx_word' id='word_1_37' title='bbox 330 1054 415 1109; x_wconf 88' lang='lat' dir='ltr'><strong>his</strong></span> <span class='ocrx_word' id='word_1_38' title='bbox 435 1055 583 1124; x_wconf 80' lang='lat' dir='ltr'><strong>vigor</strong></span> <span class='ocrx_word' id='word_1_39' title='bbox 607 1061 711 1116; x_wconf 92' lang='lat' dir='ltr'><strong>est,</strong></span> <span class='ocrx_word' id='word_1_40' title='bbox 745 1047 1011 1104; x_wconf 84' lang='lat' dir='ltr'><strong>rutilantia</strong></span> <span class='ocrx_word' id='word_1_41' title='bbox 1039 1057 1285 1112; x_wconf 87' lang='lat' dir='ltr'><strong>corpora,</strong></span> <span class='ocrx_word' id='word_1_42' title='bbox 1317 1037 1440 1094; x_wconf 73' lang='grc' dir='ltr'><strong>οωιί</strong></span> 
     </span>
    </p>
   </div>
   <div class='ocr_carea' id='block_1_9' title="bbox 129 1132 1473 1213">
    <p class='ocr_par' dir='ltr' id='par_1_9' title="bbox 129 1132 1473 1213">
     <span class='ocr_line' id='line_1_9' title="bbox 129 1132 1473 1213; baseline -0.014 -10"><span class='ocrx_word' id='word_1_43' title='bbox 129 1149 217 1203; x_wconf 83' lang='lat' dir='ltr'><strong>Vis</strong></span> <span class='ocrx_word' id='word_1_44' title='bbox 236 1148 409 1202; x_wconf 88' lang='lat' dir='ltr'><strong>divina</strong></span> <span class='ocrx_word' id='word_1_45' title='bbox 441 1147 624 1213; x_wconf 83' lang='lat' dir='ltr'><strong>micat,</strong></span> <span class='ocrx_word' id='word_1_46' title='bbox 659 1145 783 1198; x_wconf 94' lang='lat' dir='ltr'><strong>hinc</strong></span> <span class='ocrx_word' id='word_1_47' title='bbox 809 1150 952 1197; x_wconf 91' lang='lat' dir='ltr'><strong>totus</strong></span> <span class='ocrx_word' id='word_1_48' title='bbox 980 1143 1279 1193; x_wconf 79' lang='lat' dir='ltr'><strong>murmurat</strong></span> <span class='ocrx_word' id='word_1_49' title='bbox 1302 1132 1473 1198; x_wconf 88' lang='lat' dir='ltr'><strong>orbis,</strong></span> 
     </span>
    </p>
   </div>
   <div class='ocr_carea' id='block_1_10' title="bbox 130 1224 1715 1308">
    <p class='ocr_par' dir='ltr' id='par_1_10' title="bbox 130 1224 1715 1308">
     <span class='ocr_line' id='line_1_10' title="bbox 130 1224 1715 1308; baseline -0.013 -13"><span class='ocrx_word' id='word_1_50' title='bbox 130 1241 260 1296; x_wconf 92' lang='lat' dir='ltr'><strong>llinc</strong></span> <span class='ocrx_word' id='word_1_51' title='bbox 289 1237 557 1308; x_wconf 84' lang='lat' dir='ltr'><strong>trepidans</strong></span> <span class='ocrx_word' id='word_1_52' title='bbox 579 1237 809 1307; x_wconf 81' lang='lat' dir='ltr'><strong>penitus,</strong></span> <span class='ocrx_word' id='word_1_53' title='bbox 841 1234 922 1288; x_wconf 89' lang='lat' dir='ltr'><strong>vel</strong></span> <span class='ocrx_word' id='word_1_54' title='bbox 945 1237 1141 1303; x_wconf 89' lang='lat' dir='ltr'><strong>quanta</strong></span> <span class='ocrx_word' id='word_1_55' title='bbox 1167 1237 1270 1292; x_wconf 91' lang='lat' dir='ltr'><strong>est,</strong></span> <span class='ocrx_word' id='word_1_56' title='bbox 1295 1234 1435 1280; x_wconf 87' lang='lat' dir='ltr'><strong>terra</strong></span> <span class='ocrx_word' id='word_1_57' title='bbox 1465 1224 1715 1292; x_wconf 79' lang='lat' dir='ltr'><strong>remugit,</strong></span> 
     </span>
    </p>
   </div>
   <div class='ocr_carea' id='block_1_11' title="bbox 130 1316 1571 1397">
    <p class='ocr_par' dir='ltr' id='par_1_11' title="bbox 130 1316 1571 1397">
     <span class='ocr_line' id='line_1_11' title="bbox 130 1316 1571 1397; baseline -0.013 -8"><span class='ocrx_word' id='word_1_58' title='bbox 130 1333 430 1389; x_wconf 90' lang='lat' dir='ltr'><strong>Parturiens</strong></span> <span class='ocrx_word' id='word_1_59' title='bbox 457 1330 723 1394; x_wconf 84' lang='lat' dir='ltr'><strong>homines,</strong></span> <span class='ocrx_word' id='word_1_60' title='bbox 757 1342 890 1397; x_wconf 92' lang='lat' dir='ltr'><strong>quos</strong></span> <span class='ocrx_word' id='word_1_61' title='bbox 917 1324 1144 1380; x_wconf 89' lang='lat' dir='ltr'><strong>reddere</strong></span> <span class='ocrx_word' id='word_1_62' title='bbox 1162 1322 1308 1393; x_wconf 89' lang='lat' dir='ltr'><strong>jussa</strong></span> <span class='ocrx_word' id='word_1_63' title='bbox 1337 1316 1571 1373; x_wconf 85' lang='lat' dir='ltr'><strong>docebit.</strong></span> 
     </span>
    </p>
   </div>
   <div class='ocr_carea' id='block_1_12' title="bbox 127 1403 1389 1481">
    <p class='ocr_par' dir='ltr' id='par_1_12' title="bbox 127 1403 1389 1481">
     <span class='ocr_line' id='line_1_12' title="bbox 127 1403 1389 1481; baseline -0.014 -6"><span class='ocrx_word' id='word_1_64' title='bbox 127 1420 319 1475; x_wconf 85' lang='lat' dir='ltr'><strong>Omnes</strong></span> <span class='ocrx_word' id='word_1_65' title='bbox 339 1418 616 1481; x_wconf 90' lang='lat' dir='ltr'><strong>mirantur,</strong></span> <span class='ocrx_word' id='word_1_66' title='bbox 646 1414 924 1469; x_wconf 84' lang='lat' dir='ltr'><strong>turbantur</strong></span> <span class='ocrx_word' id='word_1_67' title='bbox 949 1410 1178 1478; x_wconf 89' lang='lat' dir='ltr'><strong>denique</strong></span> <span class='ocrx_word' id='word_1_68' title='bbox 1205 1403 1389 1470; x_wconf 91' lang='lat' dir='ltr'><strong>nimbi,</strong></span> 
     </span>
    </p>
   </div>
   <div class='ocr_carea' id='block_1_13' title="bbox 124 1495 1482 1580">
    <p class='ocr_par' dir='ltr' id='par_1_13' title="bbox 124 1495 1482 1580">
     <span class='ocr_line' id='line_1_13' title="bbox 124 1495 1482 1580; baseline -0.013 -14"><span class='ocrx_word' id='word_1_69' title='bbox 124 1513 386 1580; x_wconf 87' lang='lat' dir='ltr'><strong>Astraque</strong></span> <span class='ocrx_word' id='word_1_70' title='bbox 408 1518 548 1561; x_wconf 92' lang='lat' dir='ltr'><strong>mota</strong></span> <span class='ocrx_word' id='word_1_71' title='bbox 578 1515 791 1575; x_wconf 87' lang='lat' dir='ltr'><strong>pavent,</strong></span> <span class='ocrx_word' id='word_1_72' title='bbox 820 1503 1008 1559; x_wconf 73' lang='lat' dir='ltr'><strong>subitae</strong></span> <span class='ocrx_word' id='word_1_73' title='bbox 1036 1499 1243 1554; x_wconf 84' lang='lat' dir='ltr'><strong>virtutis</strong></span> <span class='ocrx_word' id='word_1_74' title='bbox 1264 1499 1331 1551; x_wconf 91' lang='lat' dir='ltr'><strong>ab</strong></span> <span class='ocrx_word' id='word_1_75' title='bbox 1355 1495 1482 1550; x_wconf 91' lang='lat' dir='ltr'><strong>alto.</strong></span> 
     </span>
    </p>
   </div>
   <div class='ocr_carea' id='block_1_14' title="bbox 125 1588 1478 1662">
    <p class='ocr_par' dir='ltr' id='par_1_14' title="bbox 125 1588 1478 1662">
     <span class='ocr_line' id='line_1_14' title="bbox 125 1588 1478 1662; baseline -0.013 -3"><span class='ocrx_word' id='word_1_76' title='bbox 125 1602 218 1659; x_wconf 90' lang='lat' dir='ltr'><strong>Sic</strong></span> <span class='ocrx_word' id='word_1_77' title='bbox 240 1602 488 1657; x_wconf 77' lang='lat' dir='ltr'><strong>veniente</strong></span> <span class='ocrx_word' id='word_1_78' title='bbox 509 1598 643 1662; x_wconf 92' lang='lat' dir='ltr'><strong>Deo,</strong></span> <span class='ocrx_word' id='word_1_79' title='bbox 672 1596 880 1652; x_wconf 91' lang='lat' dir='ltr'><strong>sonitus</strong></span> <span class='ocrx_word' id='word_1_80' title='bbox 907 1609 1026 1649; x_wconf 93' lang='lat' dir='ltr'><strong>cum</strong></span> <span class='ocrx_word' id='word_1_81' title='bbox 1055 1605 1187 1646; x_wconf 88' lang='lat' dir='ltr'><strong>voce</strong></span> <span class='ocrx_word' id='word_1_82' title='bbox 1219 1588 1478 1660; x_wconf 91' lang='lat' dir='ltr'><strong>potentis;</strong></span> 
     </span>
    </p>
   </div>
   <div class='ocr_carea' id='block_1_15' title="bbox 123 1681 1434 1759">
    <p class='ocr_par' dir='ltr' id='par_1_15' title="bbox 123 1681 1434 1759">
     <span class='ocr_line' id='line_1_15' title="bbox 123 1681 1434 1759; baseline -0.013 -10"><span class='ocrx_word' id='word_1_83' title='bbox 123 1694 312 1750; x_wconf 88' lang='lat' dir='ltr'><strong>Omnia</strong></span> <span class='ocrx_word' id='word_1_84' title='bbox 337 1691 589 1747; x_wconf 91' lang='lat' dir='ltr'><strong>continuo</strong></span> <span class='ocrx_word' id='word_1_85' title='bbox 621 1689 789 1759; x_wconf 89' lang='lat' dir='ltr'><strong>ruptis</strong></span> <span class='ocrx_word' id='word_1_86' title='bbox 835 1703 928 1757; x_wconf 78' lang='lat' dir='ltr'><strong>per</strong></span> <span class='ocrx_word' id='word_1_87' title='bbox 967 1700 1127 1756; x_wconf 84' lang='lat' dir='ltr'><strong>regna</strong></span> <span class='ocrx_word' id='word_1_88' title='bbox 1158 1681 1434 1751; x_wconf 85' lang='lat' dir='ltr'><strong>sepulcris,</strong></span> 
     </span>
    </p>
   </div>
   <div class='ocr_carea' id='block_1_16' title="bbox 126 1779 1364 1844">
    <p class='ocr_par' dir='ltr' id='par_1_16' title="bbox 126 1779 1364 1844">
     <span class='ocr_line' id='line_1_16' title="bbox 126 1779 1364 1844; baseline -0.012 -1"><span class='ocrx_word' id='word_1_89' title='bbox 126 1790 313 1844; x_wconf 90' lang='lat' dir='ltr'><strong>Omnis</strong></span> <span class='ocrx_word' id='word_1_90' title='bbox 339 1786 531 1840; x_wconf 90' lang='lat' dir='ltr'><strong>humus</strong></span> <span class='ocrx_word' id='word_1_91' title='bbox 564 1785 680 1837; x_wconf 89' lang='lat' dir='ltr'><strong>latis</strong></span> <span class='ocrx_word' id='word_1_92' title='bbox 706 1781 931 1837; x_wconf 71' lang='lat' dir='ltr'><strong>ell&#39;unclit</strong></span> <span class='ocrx_word' id='word_1_93' title='bbox 959 1779 1189 1834; x_wconf 86' lang='lat' dir='ltr'><strong>hiatibus</strong></span> <span class='ocrx_word' id='word_1_94' title='bbox 1219 1790 1364 1838; x_wconf 90' lang='lat' dir='ltr'><strong>ossa,</strong></span> 
     </span>
    </p>
   </div>
   <div class='ocr_carea' id='block_1_17' title="bbox 127 1876 1396 1952">
    <p class='ocr_par' dir='ltr' id='par_1_17' title="bbox 127 1876 1396 1952">
     <span class='ocr_line' id='line_1_17' title="bbox 127 1876 1396 1952; baseline -0.012 -14"><span class='ocrx_word' id='word_1_95' title='bbox 127 1885 484 1952; x_wconf 76' lang='lat' dir='ltr'><strong>V&#39;iventesqne</strong></span> <span class='ocrx_word' id='word_1_96' title='bbox 512 1889 700 1950; x_wconf 87' lang='lat' dir='ltr'><strong>patens</strong></span> <span class='ocrx_word' id='word_1_97' title='bbox 727 1876 953 1947; x_wconf 91' lang='lat' dir='ltr'><strong>populos</strong></span> <span class='ocrx_word' id='word_1_98' title='bbox 977 1882 1181 1930; x_wconf 91' lang='lat' dir='ltr'><strong>eructat</strong></span> <span class='ocrx_word' id='word_1_99' title='bbox 1199 1885 1360 1926; x_wconf 91' lang='lat' dir='ltr'><strong>arena</strong></span> <span class='ocrx_word' id='word_1_100' title='bbox 1381 1911 1396 1932; x_wconf 93' lang='lat'><strong>,</strong></span> 
     </span>
    </p>
   </div>
   <div class='ocr_carea' id='block_1_18' title="bbox 125 1957 1716 2036">
    <p class='ocr_par' dir='ltr' id='par_1_18' title="bbox 125 1957 1716 2036">
     <span class='ocr_line' id='line_1_18' title="bbox 125 1957 1716 2036; baseline -0.013 -4"><span class='ocrx_word' id='word_1_101' title='bbox 125 1977 342 2032; x_wconf 64' lang='lat' dir='ltr'><strong>[latrent</strong></span> <span class='ocrx_word' id='word_1_102' title='bbox 365 1972 598 2028; x_wconf 90' lang='lat' dir='ltr'><strong>membra</strong></span> <span class='ocrx_word' id='word_1_103' title='bbox 631 1972 800 2027; x_wconf 90' lang='lat' dir='ltr'><strong>comis</strong></span> <span class='ocrx_word' id='word_1_104' title='bbox 823 2012 836 2034; x_wconf 93' lang='lat'><strong>,</strong></span> <span class='ocrx_word' id='word_1_105' title='bbox 869 1976 1259 2036; x_wconf 90' lang='lat' dir='ltr'><strong>nectunturque</strong></span> <span class='ocrx_word' id='word_1_106' title='bbox 1299 1976 1422 2018; x_wconf 90' lang='lat' dir='ltr'><strong>ossa</strong></span> <span class='ocrx_word' id='word_1_107' title='bbox 1447 1957 1716 2024; x_wconf 85' lang='lat' dir='ltr'><strong>medullis,</strong></span> 
     </span>
    </p>
   </div>
   <div class='ocr_carea' id='block_1_19' title="bbox 122 2055 1434 2135">
    <p class='ocr_par' dir='ltr' id='par_1_19' title="bbox 122 2055 1434 2135">
     <span class='ocr_line' id='line_1_19' title="bbox 122 2055 1434 2135; baseline -0.01 -14"><span class='ocrx_word' id='word_1_108' title='bbox 122 2066 477 2135; x_wconf 88' lang='lat' dir='ltr'><strong>Consertiqne</strong></span> <span class='ocrx_word' id='word_1_109' title='bbox 504 2073 696 2134; x_wconf 89' lang='lat' dir='ltr'><strong>regunt</strong></span> <span class='ocrx_word' id='word_1_110' title='bbox 723 2062 975 2132; x_wconf 89' lang='lat' dir='ltr'><strong>spirantia</strong></span> <span class='ocrx_word' id='word_1_111' title='bbox 1013 2071 1236 2128; x_wconf 83' lang='lat' dir='ltr'><strong>corpora</strong></span> <span class='ocrx_word' id='word_1_112' title='bbox 1265 2055 1434 2120; x_wconf 81' lang='lat' dir='ltr'><strong>nervi,</strong></span> 
     </span>
    </p>
   </div>
   <div class='ocr_carea' id='block_1_20' title="bbox 127 2152 1361 2221">
    <p class='ocr_par' dir='ltr' id='par_1_20' title="bbox 127 2152 1361 2221">
     <span class='ocr_line' id='line_1_20' title="bbox 127 2152 1361 2221; baseline -0.009 -9"><span class='ocrx_word' id='word_1_113' title='bbox 127 2158 193 2212; x_wconf 85' lang='lat' dir='ltr'><strong>Et</strong></span> <span class='ocrx_word' id='word_1_114' title='bbox 225 2158 376 2212; x_wconf 90' lang='lat' dir='ltr'><strong>simul</strong></span> <span class='ocrx_word' id='word_1_115' title='bbox 411 2154 585 2209; x_wconf 89' lang='lat' dir='ltr'><strong>infuso</strong></span> <span class='ocrx_word' id='word_1_116' title='bbox 611 2162 882 2209; x_wconf 89' lang='lat' dir='ltr'><strong>motantur</strong></span> <span class='ocrx_word' id='word_1_117' title='bbox 911 2152 1167 2221; x_wconf 89' lang='lat' dir='ltr'><strong>sanguine</strong></span> <span class='ocrx_word' id='word_1_118' title='bbox 1193 2164 1361 2210; x_wconf 67' lang='lat' dir='ltr'><strong>vente,</strong></span> 
     </span>
    </p>
   </div>
   <div class='ocr_carea' id='block_1_21' title="bbox 126 2239 1432 2318">
    <p class='ocr_par' dir='ltr' id='par_1_21' title="bbox 126 2239 1432 2318">
     <span class='ocr_line' id='line_1_21' title="bbox 126 2239 1432 2318; baseline -0.011 -14"><span class='ocrx_word' id='word_1_119' title='bbox 126 2250 475 2318; x_wconf 90' lang='lat' dir='ltr'><strong>Dimissisque</strong></span> <span class='ocrx_word' id='word_1_120' title='bbox 495 2247 660 2309; x_wconf 83' lang='lat' dir='ltr'><strong>cavis,</strong></span> <span class='ocrx_word' id='word_1_121' title='bbox 683 2245 876 2299; x_wconf 73' lang='lat' dir='ltr'><strong>anima)</strong></span> <span class='ocrx_word' id='word_1_122' title='bbox 903 2242 1195 2297; x_wconf 89' lang='lat' dir='ltr'><strong>redduntur</strong></span> <span class='ocrx_word' id='word_1_123' title='bbox 1215 2239 1432 2309; x_wconf 89' lang='lat' dir='ltr'><strong>apertis,</strong></span> 
     </span>
    </p>
   </div>
   <div class='ocr_carea' id='block_1_22' title="bbox 124 2334 1487 2413">
    <p class='ocr_par' dir='ltr' id='par_1_22' title="bbox 124 2334 1487 2413">
     <span class='ocr_line' id='line_1_22' title="bbox 124 2334 1487 2413; baseline -0.01 -15"><span class='ocrx_word' id='word_1_124' title='bbox 124 2343 338 2413; x_wconf 88' lang='lat' dir='ltr'><strong>Organa</strong></span> <span class='ocrx_word' id='word_1_125' title='bbox 363 2355 588 2413; x_wconf 70' lang='lat' dir='ltr'><strong>qua-que</strong></span> <span class='ocrx_word' id='word_1_126' title='bbox 618 2354 712 2395; x_wconf 90' lang='lat' dir='ltr'><strong>sna</strong></span> <span class='ocrx_word' id='word_1_127' title='bbox 741 2346 987 2408; x_wconf 89' lang='lat' dir='ltr'><strong>repetunt</strong></span> <span class='ocrx_word' id='word_1_128' title='bbox 1016 2334 1286 2406; x_wconf 78' lang='lat' dir='ltr'><strong>surgentia</strong></span> <span class='ocrx_word' id='word_1_129' title='bbox 1314 2342 1487 2403; x_wconf 89' lang='lat' dir='ltr'><strong>parte.</strong></span> 
     </span>
    </p>
   </div>
   <div class='ocr_carea' id='block_1_23' title="bbox 126 2419 1639 2501">
    <p class='ocr_par' dir='ltr' id='par_1_23' title="bbox 126 2419 1639 2501">
     <span class='ocr_line' id='line_1_23' title="bbox 126 2419 1639 2501; baseline -0.01 -10"><span class='ocrx_word' id='word_1_130' title='bbox 126 2434 293 2501; x_wconf 90' lang='lat' dir='ltr'><strong>Proh,</strong></span> <span class='ocrx_word' id='word_1_131' title='bbox 321 2434 560 2489; x_wconf 89' lang='lat' dir='ltr'><strong>miranda</strong></span> <span class='ocrx_word' id='word_1_132' title='bbox 587 2433 742 2498; x_wconf 87' lang='lat' dir='ltr'><strong>fides,</strong></span> <span class='ocrx_word' id='word_1_133' title='bbox 766 2432 890 2486; x_wconf 88' lang='lat' dir='ltr'><strong>hinc</strong></span> <span class='ocrx_word' id='word_1_134' title='bbox 915 2431 1089 2487; x_wconf 90' lang='lat' dir='ltr'><strong>omnis</strong></span> <span class='ocrx_word' id='word_1_135' title='bbox 1115 2428 1336 2498; x_wconf 87' lang='lat' dir='ltr'><strong>pullulat</strong></span> <span class='ocrx_word' id='word_1_136' title='bbox 1360 2435 1490 2481; x_wconf 67' lang='lat' dir='ltr'><strong>aetas</strong></span> <span class='ocrx_word' id='word_1_137' title='bbox 1531 2419 1639 2495; x_wconf 87' lang='lat' dir='ltr'><strong>(a);</strong></span> 
     </span>
    </p>
   </div>
   <div class='ocr_carea' id='block_1_24' title="bbox 125 2520 1437 2597">
    <p class='ocr_par' dir='ltr' id='par_1_24' title="bbox 125 2520 1437 2597">
     <span class='ocr_line' id='line_1_24' title="bbox 125 2520 1437 2597; baseline -0.008 -13"><span class='ocrx_word' id='word_1_138' title='bbox 125 2529 359 2584; x_wconf 85' lang='lat' dir='ltr'><strong>Pullulat</strong></span> <span class='ocrx_word' id='word_1_139' title='bbox 387 2528 608 2597; x_wconf 88' lang='lat' dir='ltr'><strong>antiquo</strong></span> <span class='ocrx_word' id='word_1_140' title='bbox 639 2535 972 2580; x_wconf 87' lang='lat' dir='ltr'><strong>mortuorum</strong></span> <span class='ocrx_word' id='word_1_141' title='bbox 999 2523 1218 2592; x_wconf 90' lang='lat' dir='ltr'><strong>pulvere</strong></span> <span class='ocrx_word' id='word_1_142' title='bbox 1241 2520 1393 2575; x_wconf 90' lang='lat' dir='ltr'><strong>turba</strong></span> <span class='ocrx_word' id='word_1_143' title='bbox 1421 2534 1437 2583; x_wconf 88' lang='lat'><strong>;</strong></span> 
     </span>
    </p>
   </div>
   <div class='ocr_carea' id='block_1_25' title="bbox 122 2614 1436 2689">
    <p class='ocr_par' dir='ltr' id='par_1_25' title="bbox 122 2614 1436 2689">
     <span class='ocr_line' id='line_1_25' title="bbox 122 2614 1436 2689; baseline -0.01 -14"><span class='ocrx_word' id='word_1_144' title='bbox 122 2621 322 2676; x_wconf 78' lang='lat' dir='ltr'><strong>Matres</strong></span> <span class='ocrx_word' id='word_1_145' title='bbox 349 2627 508 2689; x_wconf 88' lang='lat' dir='ltr'><strong>atque</strong></span> <span class='ocrx_word' id='word_1_146' title='bbox 539 2625 715 2687; x_wconf 89' lang='lat' dir='ltr'><strong>patres</strong></span> <span class='ocrx_word' id='word_1_147' title='bbox 735 2616 960 2685; x_wconf 88' lang='lat' dir='ltr'><strong>repetita</strong></span> <span class='ocrx_word' id='word_1_148' title='bbox 988 2614 1106 2669; x_wconf 91' lang='lat' dir='ltr'><strong>luce</strong></span> <span class='ocrx_word' id='word_1_149' title='bbox 1131 2617 1436 2681; x_wconf 81' lang='lat' dir='ltr'><strong>resurgunt.</strong></span> 
     </span>
    </p>
   </div>
   <div class='ocr_carea' id='block_1_26' title="bbox 124 2699 1524 2784">
    <p class='ocr_par' dir='ltr' id='par_1_26' title="bbox 124 2699 1524 2784">
     <span class='ocr_line' id='line_1_26' title="bbox 124 2699 1524 2784; baseline -0.01 -16"><span class='ocrx_word' id='word_1_150' title='bbox 124 2712 448 2784; x_wconf 77' lang='lat' dir='ltr'><strong>Magnanimi</strong></span> <span class='ocrx_word' id='word_1_151' title='bbox 466 2711 712 2780; x_wconf 78' lang='lat' dir='ltr'><strong>juvenes,</strong></span> <span class='ocrx_word' id='word_1_152' title='bbox 741 2707 911 2778; x_wconf 90' lang='lat' dir='ltr'><strong>pueri,</strong></span> <span class='ocrx_word' id='word_1_153' title='bbox 946 2707 1286 2775; x_wconf 65' lang='lat' dir='ltr'><strong>innuptaeque</strong></span> <span class='ocrx_word' id='word_1_154' title='bbox 1313 2699 1524 2773; x_wconf 70' lang='lat' dir='ltr'><strong>puellm,</strong></span> 
     </span>
    </p>
   </div>
   <div class='ocr_carea' id='block_1_27' title="bbox 127 2795 1473 2874">
    <p class='ocr_par' dir='ltr' id='par_1_27' title="bbox 127 2795 1473 2874">
     <span class='ocr_line' id='line_1_27' title="bbox 127 2795 1473 2874; baseline -0.008 -15"><span class='ocrx_word' id='word_1_155' title='bbox 127 2802 487 2874; x_wconf 86' lang='lat' dir='ltr'><strong>Defunctiqne</strong></span> <span class='ocrx_word' id='word_1_156' title='bbox 512 2816 672 2858; x_wconf 89' lang='lat' dir='ltr'><strong>senes</strong></span> <span class='ocrx_word' id='word_1_157' title='bbox 693 2800 886 2854; x_wconf 89' lang='lat' dir='ltr'><strong>animis</strong></span> <span class='ocrx_word' id='word_1_158' title='bbox 909 2797 1197 2852; x_wconf 88' lang='lat' dir='ltr'><strong>vitentibns</strong></span> <span class='ocrx_word' id='word_1_159' title='bbox 1224 2795 1473 2858; x_wconf 87' lang='lat' dir='ltr'><strong>adstant,</strong></span> 
     </span>
    </p>
   </div>
   <div class='ocr_carea' id='block_1_28' title="bbox 125 2887 1457 2967">
    <p class='ocr_par' dir='ltr' id='par_1_28' title="bbox 125 2887 1457 2967">
     <span class='ocr_line' id='line_1_28' title="bbox 125 2887 1457 2967; baseline -0.008 -15"><span class='ocrx_word' id='word_1_160' title='bbox 125 2897 503 2967; x_wconf 87' lang='lat' dir='ltr'><strong>Infantumqne</strong></span> <span class='ocrx_word' id='word_1_161' title='bbox 529 2909 750 2967; x_wconf 81' lang='lat' dir='ltr'><strong>gemens</strong></span> <span class='ocrx_word' id='word_1_162' title='bbox 776 2899 994 2948; x_wconf 84' lang='lat' dir='ltr'><strong>resonat</strong></span> <span class='ocrx_word' id='word_1_163' title='bbox 1024 2890 1286 2961; x_wconf 77' lang='lat' dir='ltr'><strong>vagitibus</strong></span> <span class='ocrx_word' id='word_1_164' title='bbox 1313 2887 1457 2942; x_wconf 90' lang='lat' dir='ltr'><strong>orbis</strong></span> 
     </span>
    </p>
   </div>
   <div class='ocr_carea' id='block_1_29' title="bbox 126 2983 1408 3062">
    <p class='ocr_par' dir='ltr' id='par_1_29' title="bbox 126 2983 1408 3062">
     <span class='ocr_line' id='line_1_29' title="bbox 126 2983 1408 3062; baseline -0.009 -15"><span class='ocrx_word' id='word_1_165' title='bbox 126 2992 264 3048; x_wconf 82' lang='lat' dir='ltr'><strong>Tam</strong></span> <span class='ocrx_word' id='word_1_166' title='bbox 287 2992 446 3046; x_wconf 76' lang='lat' dir='ltr'><strong>varia:</strong></span> <span class='ocrx_word' id='word_1_167' title='bbox 475 2998 662 3062; x_wconf 81' lang='lat' dir='ltr'><strong>gentes</strong></span> <span class='ocrx_word' id='word_1_168' title='bbox 694 2987 911 3043; x_wconf 85' lang='lat' dir='ltr'><strong>venient</strong></span> <span class='ocrx_word' id='word_1_169' title='bbox 937 2984 1007 3041; x_wconf 90' lang='lat' dir='ltr'><strong>de</strong></span> <span class='ocrx_word' id='word_1_170' title='bbox 1032 2984 1248 3039; x_wconf 87' lang='lat' dir='ltr'><strong>sedibus</strong></span> <span class='ocrx_word' id='word_1_171' title='bbox 1270 2983 1408 3045; x_wconf 89' lang='lat' dir='ltr'><strong>imis,</strong></span> 
     </span>
    </p>
   </div>
   <div class='ocr_carea' id='block_1_30' title="bbox 129 3075 1486 3155">
    <p class='ocr_par' dir='ltr' id='par_1_30' title="bbox 129 3075 1486 3155">
     <span class='ocr_line' id='line_1_30' title="bbox 129 3075 1486 3155; baseline -0.01 -13"><span class='ocrx_word' id='word_1_172' title='bbox 129 3086 415 3155; x_wconf 87' lang='lat' dir='ltr'><strong>Eoumque</strong></span> <span class='ocrx_word' id='word_1_173' title='bbox 435 3099 644 3149; x_wconf 86' lang='lat' dir='ltr'><strong>manus,</strong></span> <span class='ocrx_word' id='word_1_174' title='bbox 675 3091 726 3138; x_wconf 92' lang='lat' dir='ltr'><strong>et</strong></span> <span class='ocrx_word' id='word_1_175' title='bbox 754 3097 886 3152; x_wconf 90' lang='lat' dir='ltr'><strong>quas</strong></span> <span class='ocrx_word' id='word_1_176' title='bbox 908 3077 1052 3134; x_wconf 87' lang='lat' dir='ltr'><strong>videt</strong></span> <span class='ocrx_word' id='word_1_177' title='bbox 1094 3077 1278 3132; x_wconf 88' lang='lat' dir='ltr'><strong>ultima</strong></span> <span class='ocrx_word' id='word_1_178' title='bbox 1310 3075 1486 3138; x_wconf 88' lang='lat' dir='ltr'><strong>tellus,</strong></span> 
     </span>
    </p>
   </div>
   <div class='ocr_carea' id='block_1_31' title="bbox 127 3166 1550 3252">
    <p class='ocr_par' dir='ltr' id='par_1_31' title="bbox 127 3166 1550 3252">
     <span class='ocr_line' id='line_1_31' title="bbox 127 3166 1550 3252; baseline -0.013 -14"><span class='ocrx_word' id='word_1_179' title='bbox 127 3183 371 3252; x_wconf 74' lang='lat' dir='ltr'><strong>Qumque</strong></span> <span class='ocrx_word' id='word_1_180' title='bbox 397 3181 577 3235; x_wconf 81' lang='lat' dir='ltr'><strong>colunt</strong></span> <span class='ocrx_word' id='word_1_181' title='bbox 607 3176 766 3233; x_wconf 88' lang='lat' dir='ltr'><strong>medii</strong></span> <span class='ocrx_word' id='word_1_182' title='bbox 792 3176 1000 3232; x_wconf 82' lang='lat' dir='ltr'><strong>devexo</strong></span> <span class='ocrx_word' id='word_1_183' title='bbox 1027 3173 1078 3227; x_wconf 94' lang='lat' dir='ltr'><strong>in</strong></span> <span class='ocrx_word' id='word_1_184' title='bbox 1105 3172 1318 3226; x_wconf 90' lang='lat' dir='ltr'><strong>climate</strong></span> <span class='ocrx_word' id='word_1_185' title='bbox 1346 3166 1550 3233; x_wconf 91' lang='lat' dir='ltr'><strong>mundi,</strong></span> 
     </span>
    </p>
   </div>
   <div class='ocr_carea' id='block_1_32' title="bbox 128 3267 1351 3346">
    <p class='ocr_par' dir='ltr' id='par_1_32' title="bbox 128 3267 1351 3346">
     <span class='ocr_line' id='line_1_32' title="bbox 128 3267 1351 3346; baseline -0.009 -16"><span class='ocrx_word' id='word_1_186' title='bbox 128 3275 492 3346; x_wconf 70' lang='lat' dir='ltr'><strong>ltiplizeasque</strong></span> <span class='ocrx_word' id='word_1_187' title='bbox 515 3282 697 3330; x_wconf 89' lang='lat' dir='ltr'><strong>tenent</strong></span> <span class='ocrx_word' id='word_1_188' title='bbox 723 3270 947 3342; x_wconf 88' lang='lat' dir='ltr'><strong>algentis</strong></span> <span class='ocrx_word' id='word_1_189' title='bbox 975 3267 1166 3323; x_wconf 92' lang='lat' dir='ltr'><strong>sideris</strong></span> <span class='ocrx_word' id='word_1_190' title='bbox 1182 3280 1351 3321; x_wconf 89' lang='lat' dir='ltr'><strong>arces.</strong></span> 
     </span>
    </p>
   </div>
   <div class='ocr_carea' id='block_1_33' title="bbox 128 3358 1513 3437">
    <p class='ocr_par' dir='ltr' id='par_1_33' title="bbox 128 3358 1513 3437">
     <span class='ocr_line' id='line_1_33' title="bbox 128 3358 1513 3437; baseline -0.012 -10"><span class='ocrx_word' id='word_1_191' title='bbox 128 3370 326 3427; x_wconf 87' lang='lat' dir='ltr'><strong>Omnis</strong></span> <span class='ocrx_word' id='word_1_192' title='bbox 355 3368 524 3434; x_wconf 87' lang='lat' dir='ltr'><strong>adest,</strong></span> <span class='ocrx_word' id='word_1_193' title='bbox 558 3365 780 3437; x_wconf 89' lang='lat' dir='ltr'><strong>pavidus</strong></span> <span class='ocrx_word' id='word_1_194' title='bbox 806 3364 926 3418; x_wconf 88' lang='lat' dir='ltr'><strong>linis</strong></span> <span class='ocrx_word' id='word_1_195' title='bbox 951 3362 1241 3432; x_wconf 85' lang='lat' dir='ltr'><strong>cujusque;</strong></span> <span class='ocrx_word' id='word_1_196' title='bbox 1269 3358 1513 3420; x_wconf 89' lang='lat' dir='ltr'><strong>colonus,</strong></span> 
     </span>
    </p>
   </div>
   <div class='ocr_carea' id='block_1_34' title="bbox 129 3451 1376 3527">
    <p class='ocr_par' dir='ltr' id='par_1_34' title="bbox 129 3451 1376 3527">
     <span class='ocr_line' id='line_1_34' title="bbox 129 3451 1376 3527; baseline -0.011 -10"><span class='ocrx_word' id='word_1_197' title='bbox 129 3460 417 3525; x_wconf 84' lang='lat' dir='ltr'><strong>Rusticus,</strong></span> <span class='ocrx_word' id='word_1_198' title='bbox 446 3457 662 3514; x_wconf 85' lang='lat' dir='ltr'><strong>Atrides</strong></span> <span class='ocrx_word' id='word_1_199' title='bbox 685 3456 856 3527; x_wconf 90' lang='lat' dir='ltr'><strong>posito</strong></span> <span class='ocrx_word' id='word_1_200' title='bbox 886 3453 1187 3509; x_wconf 83' lang='lat' dir='ltr'><strong>diademate</strong></span> <span class='ocrx_word' id='word_1_201' title='bbox 1209 3451 1376 3520; x_wconf 86' lang='lat' dir='ltr'><strong>regni,</strong></span> 
     </span>
    </p>
   </div>
   <div class='ocr_carea' id='block_1_35' title="bbox 131 3543 1521 3622">
    <p class='ocr_par' dir='ltr' id='par_1_35' title="bbox 131 3543 1521 3622">
     <span class='ocr_line' id='line_1_35' title="bbox 131 3543 1521 3622; baseline -0.009 -13"><span class='ocrx_word' id='word_1_202' title='bbox 131 3552 474 3622; x_wconf 82' lang='lat' dir='ltr'><strong>Pauperibus</strong></span> <span class='ocrx_word' id='word_1_203' title='bbox 493 3551 690 3603; x_wconf 79' lang='lat' dir='ltr'><strong>mixtus</strong></span> <span class='ocrx_word' id='word_1_204' title='bbox 712 3547 997 3616; x_wconf 73' lang='lat' dir='ltr'><strong>comqualis</strong></span> <span class='ocrx_word' id='word_1_205' title='bbox 1023 3546 1076 3600; x_wconf 91' lang='lat' dir='ltr'><strong>in</strong></span> <span class='ocrx_word' id='word_1_206' title='bbox 1114 3545 1325 3615; x_wconf 80' lang='lat' dir='ltr'><strong>agmine</strong></span> <span class='ocrx_word' id='word_1_207' title='bbox 1353 3543 1521 3598; x_wconf 89' lang='lat' dir='ltr'><strong>dives.</strong></span> 
     </span>
    </p>
   </div>
   <div class='ocr_carea' id='block_1_36' title="bbox 130 3634 1626 3714">
    <p class='ocr_par' dir='ltr' id='par_1_36' title="bbox 130 3634 1626 3714">
     <span class='ocr_line' id='line_1_36' title="bbox 130 3634 1626 3714; baseline -0.008 -13"><span class='ocrx_word' id='word_1_208' title='bbox 130 3646 298 3701; x_wconf 82' lang='lat' dir='ltr'><strong>Altus</strong></span> <span class='ocrx_word' id='word_1_209' title='bbox 326 3643 516 3714; x_wconf 88' lang='lat' dir='ltr'><strong>ubique</strong></span> <span class='ocrx_word' id='word_1_210' title='bbox 541 3651 763 3708; x_wconf 86' lang='lat' dir='ltr'><strong>tremor,</strong></span> <span class='ocrx_word' id='word_1_211' title='bbox 787 3640 1037 3711; x_wconf 88' lang='lat' dir='ltr'><strong>precibus</strong></span> <span class='ocrx_word' id='word_1_212' title='bbox 1065 3648 1190 3691; x_wconf 92' lang='lat' dir='ltr'><strong>tunc</strong></span> <span class='ocrx_word' id='word_1_213' title='bbox 1212 3636 1435 3707; x_wconf 86' lang='lat' dir='ltr'><strong>ingemit</strong></span> <span class='ocrx_word' id='word_1_214' title='bbox 1462 3634 1626 3699; x_wconf 85' lang='lat' dir='ltr'><strong>orbis,</strong></span> 
     </span>
    </p>
   </div>
   <div class='ocr_carea' id='block_1_37' title="bbox 132 3731 1591 3806">
    <p class='ocr_par' dir='ltr' id='par_1_37' title="bbox 132 3731 1591 3806">
     <span class='ocr_line' id='line_1_37' title="bbox 132 3731 1591 3806; baseline -0.01 -11"><span class='ocrx_word' id='word_1_215' title='bbox 132 3736 552 3806; x_wconf 87' lang='lat' dir='ltr'><strong>&#39;l‘cndentesque</strong></span> <span class='ocrx_word' id='word_1_216' title='bbox 577 3747 765 3788; x_wconf 86' lang='lat' dir='ltr'><strong>manus</strong></span> <span class='ocrx_word' id='word_1_217' title='bbox 795 3731 976 3802; x_wconf 90' lang='lat' dir='ltr'><strong>populi</strong></span> <span class='ocrx_word' id='word_1_218' title='bbox 1005 3731 1240 3785; x_wconf 88' lang='lat' dir='ltr'><strong>clamore</strong></span> <span class='ocrx_word' id='word_1_219' title='bbox 1261 3734 1591 3799; x_wconf 87' lang='lat' dir='ltr'><strong>stupescunt.</strong></span> 
     </span>
    </p>
   </div>
   <div class='ocr_carea' id='block_1_38' title="bbox 758 3823 1138 3883">
    <p class='ocr_par' dir='ltr' id='par_1_38' title="bbox 758 3823 1138 3883">
     <span class='ocr_line' id='line_1_38' title="bbox 758 3823 1138 3883; baseline -0.013 0"><span class='ocrx_word' id='word_1_220' title='bbox 758 3825 983 3883; x_wconf 76' lang='lat' dir='ltr'><strong>CAPUT</strong></span> <span class='ocrx_word' id='word_1_221' title='bbox 1024 3823 1138 3879; x_wconf 74' lang='lat' dir='ltr'><strong>VII.</strong></span> 
     </span>
    </p>
   </div>
   <div class='ocr_carea' id='block_1_39' title="bbox 135 3919 1484 3998">
    <p class='ocr_par' dir='ltr' id='par_1_39' title="bbox 135 3919 1484 3998">
     <span class='ocr_line' id='line_1_39' title="bbox 135 3919 1484 3998; baseline -0.009 -14"><span class='ocrx_word' id='word_1_222' title='bbox 135 3929 263 3998; x_wconf 87' lang='lat' dir='ltr'><strong>Ipse</strong></span> <span class='ocrx_word' id='word_1_223' title='bbox 291 3925 484 3983; x_wconf 89' lang='lat' dir='ltr'><strong>sedens</strong></span> <span class='ocrx_word' id='word_1_224' title='bbox 510 3924 784 3989; x_wconf 87' lang='lat' dir='ltr'><strong>Dominus,</strong></span> <span class='ocrx_word' id='word_1_225' title='bbox 818 3922 1032 3977; x_wconf 90' lang='lat' dir='ltr'><strong>sublimi</strong></span> <span class='ocrx_word' id='word_1_226' title='bbox 1065 3919 1265 3976; x_wconf 92' lang='lat' dir='ltr'><strong>lumine</strong></span> <span class='ocrx_word' id='word_1_227' title='bbox 1286 3919 1484 3982; x_wconf 86' lang='lat' dir='ltr'><strong>clarus,</strong></span> 
     </span>
    </p>
   </div>
   <div class='ocr_carea' id='block_1_40' title="bbox 132 4009 1536 4091">
    <p class='ocr_par' dir='ltr' id='par_1_40' title="bbox 132 4009 1536 4091">
     <span class='ocr_line' id='line_1_40' title="bbox 132 4009 1536 4091; baseline -0.008 -16"><span class='ocrx_word' id='word_1_228' title='bbox 132 4023 320 4091; x_wconf 80' lang='lat' dir='ltr'><strong>Atque</strong></span> <span class='ocrx_word' id='word_1_229' title='bbox 346 4029 534 4088; x_wconf 90' lang='lat' dir='ltr'><strong>potens</strong></span> <span class='ocrx_word' id='word_1_230' title='bbox 562 4015 769 4071; x_wconf 91' lang='lat' dir='ltr'><strong>cunctis</strong></span> <span class='ocrx_word' id='word_1_231' title='bbox 796 4015 957 4067; x_wconf 89' lang='lat' dir='ltr'><strong>micat</strong></span> <span class='ocrx_word' id='word_1_232' title='bbox 982 4013 1034 4067; x_wconf 91' lang='lat' dir='ltr'><strong>in</strong></span> <span class='ocrx_word' id='word_1_233' title='bbox 1067 4011 1352 4066; x_wconf 91' lang='lat' dir='ltr'><strong>virtutibus</strong></span> <span class='ocrx_word' id='word_1_234' title='bbox 1380 4009 1536 4080; x_wconf 85' lang='lat' dir='ltr'><strong>ignis,</strong></span> 
     </span>
    </p>
   </div>
   <div class='ocr_carea' id='block_1_41' title="bbox 134 4105 1422 4183">
    <p class='ocr_par' dir='ltr' id='par_1_41' title="bbox 134 4105 1422 4183">
     <span class='ocr_line' id='line_1_41' title="bbox 134 4105 1422 4183; baseline -0.012 -11"><span class='ocrx_word' id='word_1_235' title='bbox 134 4113 483 4183; x_wconf 81' lang='lat' dir='ltr'><strong>Excelsoque</strong></span> <span class='ocrx_word' id='word_1_236' title='bbox 511 4111 707 4166; x_wconf 86' lang='lat' dir='ltr'><strong>throno</strong></span> <span class='ocrx_word' id='word_1_237' title='bbox 731 4107 972 4165; x_wconf 76' lang='lat' dir='ltr'><strong>cmlestis</strong></span> <span class='ocrx_word' id='word_1_238' title='bbox 991 4105 1121 4162; x_wconf 88' lang='lat' dir='ltr'><strong>sede</strong></span> <span class='ocrx_word' id='word_1_239' title='bbox 1143 4114 1422 4168; x_wconf 90' lang='lat' dir='ltr'><strong>coruscat;</strong></span> 
     </span>
    </p>
   </div>
   <div class='ocr_carea' id='block_1_42' title="bbox 134 4198 1520 4276">
    <p class='ocr_par' dir='ltr' id='par_1_42' title="bbox 134 4198 1520 4276">
     <span class='ocr_line' id='line_1_42' title="bbox 134 4198 1520 4276; baseline -0.009 -14"><span class='ocrx_word' id='word_1_240' title='bbox 134 4205 469 4276; x_wconf 71' lang='lat' dir='ltr'><strong>Martyribus</strong></span> <span class='ocrx_word' id='word_1_241' title='bbox 490 4214 692 4273; x_wconf 88' lang='lat' dir='ltr'><strong>scptus,</strong></span> <span class='ocrx_word' id='word_1_242' title='bbox 721 4216 948 4257; x_wconf 91' lang='lat' dir='ltr'><strong>numero</strong></span> <span class='ocrx_word' id='word_1_243' title='bbox 970 4199 1235 4255; x_wconf 87' lang='lat' dir='ltr'><strong>candente</strong></span> <span class='ocrx_word' id='word_1_244' title='bbox 1261 4198 1520 4262; x_wconf 89' lang='lat' dir='ltr'><strong>virorum,</strong></span> 
     </span>
    </p>
   </div>
   <div class='ocr_carea' id='block_1_43' title="bbox 138 4294 1387 4372">
    <p class='ocr_par' dir='ltr' id='par_1_43' title="bbox 138 4294 1387 4372">
     <span class='ocr_line' id='line_1_43' title="bbox 138 4294 1387 4372; baseline -0.01 -14"><span class='ocrx_word' id='word_1_245' title='bbox 138 4301 488 4372; x_wconf 86' lang='lat' dir='ltr'><strong>Delectisqne</strong></span> <span class='ocrx_word' id='word_1_246' title='bbox 507 4297 620 4354; x_wconf 82' lang='lat' dir='ltr'><strong>suis</strong></span> <span class='ocrx_word' id='word_1_247' title='bbox 643 4295 933 4353; x_wconf 73' lang='lat' dir='ltr'><strong>comitatus</strong></span> <span class='ocrx_word' id='word_1_248' title='bbox 955 4294 1163 4349; x_wconf 86' lang='lat' dir='ltr'><strong>vatibus</strong></span> <span class='ocrx_word' id='word_1_249' title='bbox 1191 4300 1387 4357; x_wconf 84' lang='lat' dir='ltr'><strong>exstat,</strong></span> 
     </span>
    </p>
   </div>
   <div class='ocr_carea' id='block_1_44' title="bbox 136 4382 1458 4463">
    <p class='ocr_par' dir='ltr' id='par_1_44' title="bbox 136 4382 1458 4463">
     <span class='ocr_line' id='line_1_44' title="bbox 136 4382 1458 4463; baseline -0.01 -14"><span class='ocrx_word' id='word_1_250' title='bbox 136 4394 306 4451; x_wconf 85' lang='lat' dir='ltr'><strong>Clara</strong></span> <span class='ocrx_word' id='word_1_251' title='bbox 330 4391 524 4463; x_wconf 81' lang='lat' dir='ltr'><strong>quibus</strong></span> <span class='ocrx_word' id='word_1_252' title='bbox 553 4390 720 4444; x_wconf 83' lang='lat' dir='ltr'><strong>niveis</strong></span> <span class='ocrx_word' id='word_1_253' title='bbox 749 4386 1006 4457; x_wconf 77' lang='lat' dir='ltr'><strong>effulgent</strong></span> <span class='ocrx_word' id='word_1_254' title='bbox 1030 4399 1254 4454; x_wconf 90' lang='lat' dir='ltr'><strong>corpora</strong></span> <span class='ocrx_word' id='word_1_255' title='bbox 1286 4382 1458 4438; x_wconf 86' lang='lat' dir='ltr'><strong>stolis.</strong></span> 
     </span>
    </p>
   </div>
   <div class='ocr_carea' id='block_1_45' title="bbox 137 4473 1526 4557">
    <p class='ocr_par' dir='ltr' id='par_1_45' title="bbox 137 4473 1526 4557">
     <span class='ocr_line' id='line_1_45' title="bbox 137 4473 1526 4557; baseline -0.009 -14"><span class='ocrx_word' id='word_1_256' title='bbox 137 4487 380 4557; x_wconf 83' lang='lat' dir='ltr'><strong>Jamque</strong></span> <span class='ocrx_word' id='word_1_257' title='bbox 405 4480 714 4540; x_wconf 84' lang='lat' dir='ltr'><strong>sacerdotes</strong></span> <span class='ocrx_word' id='word_1_258' title='bbox 742 4477 924 4535; x_wconf 89' lang='lat' dir='ltr'><strong>nitidis</strong></span> <span class='ocrx_word' id='word_1_259' title='bbox 951 4477 1007 4532; x_wconf 89' lang='lat' dir='ltr'><strong>in</strong></span> <span class='ocrx_word' id='word_1_260' title='bbox 1032 4475 1268 4532; x_wconf 85' lang='lat' dir='ltr'><strong>vestibus</strong></span> <span class='ocrx_word' id='word_1_261' title='bbox 1293 4473 1526 4539; x_wconf 86' lang='lat' dir='ltr'><strong>adstant,</strong></span> 
     </span>
    </p>
   </div>
   <div class='ocr_carea' id='block_1_46' title="bbox 1459 359 2073 422">
    <p class='ocr_par' dir='ltr' id='par_1_46' title="bbox 1459 359 2073 422">
     <span class='ocr_line' id='line_1_46' title="bbox 1459 359 2073 422; baseline -0.015 0"><span class='ocrx_word' id='word_1_262' title='bbox 1459 360 1806 422; x_wconf 66' lang='lat' dir='ltr'><strong>APPISNDIX</strong></span> <span class='ocrx_word' id='word_1_263' title='bbox 1841 359 2073 418; x_wconf 71' lang='lat' dir='ltr'><strong>PRIMA.</strong></span> 
     </span>
    </p>
   </div>
   <div class='ocr_carea' id='block_1_47' title="bbox 1735 529 1756 542">
    <p class='ocr_par' dir='ltr' id='par_1_47' title="bbox 1735 529 1756 542">
     <span class='ocr_line' id='line_1_47' title="bbox 1735 529 1756 542; baseline 0 0"><span class='ocrx_word' id='word_1_264' title='bbox 1735 529 1756 542; x_wconf 67' lang='grc' dir='ltr'><strong><em>ο</em></strong></span> 
     </span>
    </p>
   </div>
   <div class='ocr_carea' id='block_1_48' title="bbox 3268 349 3406 408">
    <p class='ocr_par' dir='ltr' id='par_1_48' title="bbox 3268 349 3406 408">
     <span class='ocr_line' id='line_1_48' title="bbox 3268 349 3406 408; baseline 0 0"><span class='ocrx_word' id='word_1_265' title='bbox 3268 349 3406 408; x_wconf 62' lang='grc'>1091</span> 
     </span>
    </p>
   </div>
   <div class='ocr_carea' id='block_1_49' title="bbox 1749 471 3019 543">
    <p class='ocr_par' dir='ltr' id='par_1_49' title="bbox 1749 471 3019 543">
     <span class='ocr_line' id='line_1_49' title="bbox 1749 471 3019 543; baseline -0.008 -9"><span class='ocrx_word' id='word_1_266' title='bbox 1749 486 1785 541; x_wconf 66' lang='grc' dir='ltr'>Α</span> <span class='ocrx_word' id='word_1_267' title='bbox 1815 477 2094 533; x_wconf 70' lang='grc' dir='ltr'><strong>ϐρειτιηιρε</strong></span> <span class='ocrx_word' id='word_1_268' title='bbox 2123 475 2308 531; x_wconf 83' lang='lat' dir='ltr'><strong>rutilas</strong></span> <span class='ocrx_word' id='word_1_269' title='bbox 2337 473 2529 543; x_wconf 77' lang='lat' dir='ltr'><strong>insigni</strong></span> <span class='ocrx_word' id='word_1_270' title='bbox 2553 471 2728 528; x_wconf 82' lang='lat' dir='ltr'><strong>fronte</strong></span> <span class='ocrx_word' id='word_1_271' title='bbox 2755 485 3019 536; x_wconf 81' lang='lat' dir='ltr'><strong>coronas;</strong></span> 
     </span>
    </p>
   </div>
   <div class='ocr_carea' id='block_1_50' title="bbox 1814 564 3266 642">
    <p class='ocr_par' dir='ltr' id='par_1_50' title="bbox 1814 564 3266 642">
     <span class='ocr_line' id='line_1_50' title="bbox 1814 564 3266 642; baseline -0.007 -14"><span class='ocrx_word' id='word_1_272' title='bbox 1814 573 2184 642; x_wconf 71' lang='lat' dir='ltr'><strong>Submissiqne</strong></span> <span class='ocrx_word' id='word_1_273' title='bbox 2215 587 2404 625; x_wconf 87' lang='lat' dir='ltr'><strong>omnes</strong></span> <span class='ocrx_word' id='word_1_274' title='bbox 2430 569 2655 640; x_wconf 76' lang='lat' dir='ltr'><strong>genibus</strong></span> <span class='ocrx_word' id='word_1_275' title='bbox 2677 575 2994 623; x_wconf 86' lang='lat' dir='ltr'><strong>venerantcr</strong></span> <span class='ocrx_word' id='word_1_276' title='bbox 3023 564 3266 621; x_wconf 82' lang='lat' dir='ltr'><strong>adorant.</strong></span> 
     </span>
    </p>
   </div>
   <div class='ocr_carea' id='block_1_51' title="bbox 1815 659 3266 735">
    <p class='ocr_par' dir='ltr' id='par_1_51' title="bbox 1815 659 3266 735">
     <span class='ocr_line' id='line_1_51' title="bbox 1815 659 3266 735; baseline -0.004 -16"><span class='ocrx_word' id='word_1_277' title='bbox 1815 665 1997 735; x_wconf 83' lang='lat' dir='ltr'><strong>llagic,</strong></span> <span class='ocrx_word' id='word_1_278' title='bbox 2032 665 2202 734; x_wconf 87' lang='lat' dir='ltr'><strong>hagic,</strong></span> <span class='ocrx_word' id='word_1_279' title='bbox 2231 673 2414 718; x_wconf 88' lang='lat' dir='ltr'><strong>sancte</strong></span> <span class='ocrx_word' id='word_1_280' title='bbox 2438 662 2610 726; x_wconf 84' lang='lat' dir='ltr'><strong>Deus;</strong></span> <span class='ocrx_word' id='word_1_281' title='bbox 2640 676 2743 716; x_wconf 77' lang='lat' dir='ltr'><strong>vox</strong></span> <span class='ocrx_word' id='word_1_282' title='bbox 2769 659 3014 714; x_wconf 89' lang='lat' dir='ltr'><strong>omnibus</strong></span> <span class='ocrx_word' id='word_1_283' title='bbox 3037 673 3136 713; x_wconf 89' lang='lat' dir='ltr'><strong>una</strong></span> <span class='ocrx_word' id='word_1_284' title='bbox 3165 666 3266 714; x_wconf 90' lang='lat' dir='ltr'><strong>est.</strong></span> 
     </span>
    </p>
   </div>
   <div class='ocr_carea' id='block_1_52' title="bbox 1815 751 3302 828">
    <p class='ocr_par' dir='ltr' id='par_1_52' title="bbox 1815 751 3302 828">
     <span class='ocr_line' id='line_1_52' title="bbox 1815 751 3302 828; baseline -0.003 -17"><span class='ocrx_word' id='word_1_285' title='bbox 1815 757 1912 812; x_wconf 92' lang='lat' dir='ltr'><strong>llic</strong></span> <span class='ocrx_word' id='word_1_286' title='bbox 1945 758 2199 812; x_wconf 84' lang='lat' dir='ltr'><strong>Dominus</strong></span> <span class='ocrx_word' id='word_1_287' title='bbox 2223 757 2488 828; x_wconf 88' lang='lat' dir='ltr'><strong>geminam</strong></span> <span class='ocrx_word' id='word_1_288' title='bbox 2516 753 2790 810; x_wconf 89' lang='lat' dir='ltr'><strong>mandabit</strong></span> <span class='ocrx_word' id='word_1_289' title='bbox 2831 754 3024 808; x_wconf 90' lang='lat' dir='ltr'><strong>sistere</strong></span> <span class='ocrx_word' id='word_1_290' title='bbox 3056 751 3302 822; x_wconf 88' lang='lat' dir='ltr'><strong>plebem;</strong></span> 
     </span>
    </p>
   </div>
   <div class='ocr_carea' id='block_1_53' title="bbox 1815 845 3180 919">
    <p class='ocr_par' dir='ltr' id='par_1_53' title="bbox 1815 845 3180 919">
     <span class='ocr_line' id='line_1_53' title="bbox 1815 845 3180 919; baseline -0.001 -17"><span class='ocrx_word' id='word_1_291' title='bbox 1815 848 2048 918; x_wconf 84' lang='lat' dir='ltr'><strong>Imperat</strong></span> <span class='ocrx_word' id='word_1_292' title='bbox 2068 860 2120 904; x_wconf 92' lang='lat' dir='ltr'><strong>et</strong></span> <span class='ocrx_word' id='word_1_293' title='bbox 2142 848 2290 919; x_wconf 84' lang='lat' dir='ltr'><strong>juxta</strong></span> <span class='ocrx_word' id='word_1_294' title='bbox 2322 862 2606 902; x_wconf 87' lang='lat' dir='ltr'><strong>numerum</strong></span> <span class='ocrx_word' id='word_1_295' title='bbox 2631 845 2937 900; x_wconf 90' lang='lat' dir='ltr'><strong>discernere</strong></span> <span class='ocrx_word' id='word_1_296' title='bbox 2967 858 3180 913; x_wconf 87' lang='lat' dir='ltr'><strong>pravos,</strong></span> 
     </span>
    </p>
   </div>
   <div class='ocr_carea' id='block_1_54' title="bbox 1815 938 3144 1011">
    <p class='ocr_par' dir='ltr' id='par_1_54' title="bbox 1815 938 3144 1011">
     <span class='ocr_line' id='line_1_54' title="bbox 1815 938 3144 1011; baseline -0.004 -15"><span class='ocrx_word' id='word_1_297' title='bbox 1815 941 2106 1011; x_wconf 85' lang='lat' dir='ltr'><strong>Appellans</strong></span> <span class='ocrx_word' id='word_1_298' title='bbox 2139 940 2357 1010; x_wconf 89' lang='lat' dir='ltr'><strong>placidis</strong></span> <span class='ocrx_word' id='word_1_299' title='bbox 2382 940 2558 996; x_wconf 89' lang='lat' dir='ltr'><strong>verbis</strong></span> <span class='ocrx_word' id='word_1_300' title='bbox 2598 953 2692 994; x_wconf 90' lang='lat' dir='ltr'><strong>sua</strong></span> <span class='ocrx_word' id='word_1_301' title='bbox 2725 938 2876 1009; x_wconf 88' lang='lat' dir='ltr'><strong>jussa</strong></span> <span class='ocrx_word' id='word_1_302' title='bbox 2900 946 3144 1003; x_wconf 88' lang='lat' dir='ltr'><strong>secutos,</strong></span> 
     </span>
    </p>
   </div>
   <div class='ocr_carea' id='block_1_55' title="bbox 1816 1031 3078 1104">
    <p class='ocr_par' dir='ltr' id='par_1_55' title="bbox 1816 1031 3078 1104">
     <span class='ocr_line' id='line_1_55' title="bbox 1816 1031 3078 1104; baseline -0.005 -15"><span class='ocrx_word' id='word_1_303' title='bbox 1816 1034 2147 1104; x_wconf 86' lang='lat' dir='ltr'><strong>lndutosque</strong></span> <span class='ocrx_word' id='word_1_304' title='bbox 2172 1034 2345 1104; x_wconf 89' lang='lat' dir='ltr'><strong>jubet,</strong></span> <span class='ocrx_word' id='word_1_305' title='bbox 2369 1034 2574 1089; x_wconf 89' lang='lat' dir='ltr'><strong>devicta</strong></span> <span class='ocrx_word' id='word_1_306' title='bbox 2602 1042 2795 1097; x_wconf 89' lang='lat' dir='ltr'><strong>morte,</strong></span> <span class='ocrx_word' id='word_1_307' title='bbox 2818 1031 3078 1103; x_wconf 83' lang='lat' dir='ltr'><strong>vigorem,</strong></span> 
     </span>
    </p>
   </div>
   <div class='ocr_carea' id='block_1_56' title="bbox 1818 1125 3248 1198">
    <p class='ocr_par' dir='ltr' id='par_1_56' title="bbox 1818 1125 3248 1198">
     <span class='ocr_line' id='line_1_56' title="bbox 1818 1125 3248 1198; baseline -0.002 -13"><span class='ocrx_word' id='word_1_308' title='bbox 1818 1128 2041 1198; x_wconf 87' lang='lat' dir='ltr'><strong>Semper</strong></span> <span class='ocrx_word' id='word_1_309' title='bbox 2069 1130 2417 1183; x_wconf 87' lang='lat' dir='ltr'><strong>incxstinctas</strong></span> <span class='ocrx_word' id='word_1_310' title='bbox 2447 1127 2691 1183; x_wconf 87' lang='lat' dir='ltr'><strong>habitare</strong></span> <span class='ocrx_word' id='word_1_311' title='bbox 2720 1125 2785 1181; x_wconf 89' lang='lat' dir='ltr'><strong>ad</strong></span> <span class='ocrx_word' id='word_1_312' title='bbox 2812 1125 3033 1181; x_wconf 90' lang='lat' dir='ltr'><strong>luminis</strong></span> <span class='ocrx_word' id='word_1_313' title='bbox 3059 1139 3248 1182; x_wconf 86' lang='lat' dir='ltr'><strong>auras:</strong></span> 
     </span>
    </p>
   </div>
   <div class='ocr_carea' id='block_1_57' title="bbox 1819 1221 3058 1293">
    <p class='ocr_par' dir='ltr' id='par_1_57' title="bbox 1819 1221 3058 1293">
     <span class='ocr_line' id='line_1_57' title="bbox 1819 1221 3058 1293; baseline -0.001 -17"><span class='ocrx_word' id='word_1_314' title='bbox 1819 1221 1904 1278; x_wconf 90' lang='lat' dir='ltr'><strong>Ire</strong></span> <span class='ocrx_word' id='word_1_315' title='bbox 1930 1239 2026 1293; x_wconf 88' lang='lat' dir='ltr'><strong>per</strong></span> <span class='ocrx_word' id='word_1_316' title='bbox 2051 1224 2324 1293; x_wconf 90' lang='lat' dir='ltr'><strong>antiquum</strong></span> <span class='ocrx_word' id='word_1_317' title='bbox 2354 1238 2569 1293; x_wconf 82' lang='lat' dir='ltr'><strong>semper</strong></span> <span class='ocrx_word' id='word_1_318' title='bbox 2599 1221 2844 1278; x_wconf 85' lang='lat' dir='ltr'><strong>ﬂorentia</strong></span> <span class='ocrx_word' id='word_1_319' title='bbox 2873 1235 3058 1291; x_wconf 87' lang='lat' dir='ltr'><strong>regna,</strong></span> 
     </span>
    </p>
   </div>
   <div class='ocr_carea' id='block_1_58' title="bbox 1820 1313 3250 1386">
    <p class='ocr_par' dir='ltr' id='par_1_58' title="bbox 1820 1313 3250 1386">
     <span class='ocr_line' id='line_1_58' title="bbox 1820 1313 3250 1386; baseline 0.001 -15"><span class='ocrx_word' id='word_1_320' title='bbox 1820 1315 2120 1371; x_wconf 88' lang='lat' dir='ltr'><strong>Promissas</strong></span> <span class='ocrx_word' id='word_1_321' title='bbox 2144 1329 2236 1385; x_wconf 92' lang='lat' dir='ltr'><strong>per</strong></span> <span class='ocrx_word' id='word_1_322' title='bbox 2263 1329 2412 1386; x_wconf 89' lang='lat' dir='ltr'><strong>opes,</strong></span> <span class='ocrx_word' id='word_1_323' title='bbox 2449 1329 2542 1384; x_wconf 93' lang='lat' dir='ltr'><strong>per</strong></span> <span class='ocrx_word' id='word_1_324' title='bbox 2563 1329 2777 1385; x_wconf 89' lang='lat' dir='ltr'><strong>semper</strong></span> <span class='ocrx_word' id='word_1_325' title='bbox 2795 1327 3010 1370; x_wconf 79' lang='lat' dir='ltr'><strong>amoma</strong></span> <span class='ocrx_word' id='word_1_326' title='bbox 3032 1313 3199 1369; x_wconf 90' lang='lat' dir='ltr'><strong>vireta</strong></span> <span class='ocrx_word' id='word_1_327' title='bbox 3221 1353 3250 1380; x_wconf 36' lang='grc' dir='ltr'><strong>,λ</strong></span> 
     </span>
    </p>
   </div>
   <div class='ocr_carea' id='block_1_59' title="bbox 1823 1405 3203 1477">
    <p class='ocr_par' dir='ltr' id='par_1_59' title="bbox 1823 1405 3203 1477">
     <span class='ocr_line' id='line_1_59' title="bbox 1823 1405 3203 1477; baseline 0.001 -16"><span class='ocrx_word' id='word_1_328' title='bbox 1823 1406 2026 1477; x_wconf 85' lang='lat' dir='ltr'><strong>Degere</strong></span> <span class='ocrx_word' id='word_1_329' title='bbox 2051 1417 2362 1476; x_wconf 84' lang='lat' dir='ltr'><strong>perpetuam</strong></span> <span class='ocrx_word' id='word_1_330' title='bbox 2397 1406 2655 1476; x_wconf 73' lang='lat' dir='ltr'><strong>pratclaro</strong></span> <span class='ocrx_word' id='word_1_331' title='bbox 2686 1406 2739 1461; x_wconf 89' lang='lat' dir='ltr'><strong>in</strong></span> <span class='ocrx_word' id='word_1_332' title='bbox 2769 1419 2994 1477; x_wconf 88' lang='lat' dir='ltr'><strong>corpore</strong></span> <span class='ocrx_word' id='word_1_333' title='bbox 3020 1405 3203 1462; x_wconf 89' lang='lat' dir='ltr'><strong>vitam.</strong></span> 
     </span>
    </p>
   </div>
   <div class='ocr_carea' id='block_1_60' title="bbox 2407 1498 2796 1556">
    <p class='ocr_par' dir='ltr' id='par_1_60' title="bbox 2407 1498 2796 1556">
     <span class='ocr_line' id='line_1_60' title="bbox 2407 1498 2796 1556; baseline -0.003 -1"><span class='ocrx_word' id='word_1_334' title='bbox 2407 1499 2634 1556; x_wconf 87' lang='lat' dir='ltr'><strong>CAPUT</strong></span> <span class='ocrx_word' id='word_1_335' title='bbox 2660 1498 2796 1555; x_wconf 79' lang='lat' dir='ltr'><strong>VIII.</strong></span> 
     </span>
    </p>
   </div>
   <div class='ocr_carea' id='block_1_61' title="bbox 1823 1592 2993 1661">
    <p class='ocr_par' dir='ltr' id='par_1_61' title="bbox 1823 1592 2993 1661">
     <span class='ocr_line' id='line_1_61' title="bbox 1823 1592 2993 1661; baseline 0.003 -13"><span class='ocrx_word' id='word_1_336' title='bbox 1823 1592 1916 1648; x_wconf 89' lang='lat' dir='ltr'><strong>Est</strong></span> <span class='ocrx_word' id='word_1_337' title='bbox 1945 1593 2093 1649; x_wconf 89' lang='lat' dir='ltr'><strong>locus</strong></span> <span class='ocrx_word' id='word_1_338' title='bbox 2123 1593 2250 1650; x_wconf 87' lang='lat' dir='ltr'><strong>Eois</strong></span> <span class='ocrx_word' id='word_1_339' title='bbox 2277 1595 2508 1651; x_wconf 90' lang='lat' dir='ltr'><strong>Domino</strong></span> <span class='ocrx_word' id='word_1_340' title='bbox 2536 1596 2765 1652; x_wconf 89' lang='lat' dir='ltr'><strong>dilectus</strong></span> <span class='ocrx_word' id='word_1_341' title='bbox 2786 1595 2839 1657; x_wconf 90' lang='lat' dir='ltr'><strong>in</strong></span> <span class='ocrx_word' id='word_1_342' title='bbox 2861 1596 2993 1661; x_wconf 91' lang='lat' dir='ltr'><strong>oris,</strong></span> 
     </span>
    </p>
   </div>
   <div class='ocr_carea' id='block_1_62' title="bbox 1823 1684 3254 1761">
    <p class='ocr_par' dir='ltr' id='par_1_62' title="bbox 1823 1684 3254 1761">
     <span class='ocr_line' id='line_1_62' title="bbox 1823 1684 3254 1761; baseline 0.005 -22"><span class='ocrx_word' id='word_1_343' title='bbox 1823 1684 1937 1740; x_wconf 82' lang='lat' dir='ltr'><strong>Lux</strong></span> <span class='ocrx_word' id='word_1_344' title='bbox 1964 1686 2051 1740; x_wconf 90' lang='lat' dir='ltr'><strong>ubi</strong></span> <span class='ocrx_word' id='word_1_345' title='bbox 2077 1687 2242 1753; x_wconf 90' lang='lat' dir='ltr'><strong>clara,</strong></span> <span class='ocrx_word' id='word_1_346' title='bbox 2272 1689 2449 1744; x_wconf 89' lang='lat' dir='ltr'><strong>nitens</strong></span> <span class='ocrx_word' id='word_1_347' title='bbox 2469 1731 2484 1756; x_wconf 92' lang='lat'><strong>,</strong></span> <span class='ocrx_word' id='word_1_348' title='bbox 2508 1690 2784 1761; x_wconf 89' lang='lat' dir='ltr'><strong>spiratque</strong></span> <span class='ocrx_word' id='word_1_349' title='bbox 2811 1689 3076 1745; x_wconf 84' lang='lat' dir='ltr'><strong>salubrior</strong></span> <span class='ocrx_word' id='word_1_350' title='bbox 3103 1703 3254 1758; x_wconf 84' lang='lat' dir='ltr'><strong>aura,</strong></span> 
     </span>
    </p>
   </div>
   <div class='ocr_carea' id='block_1_63' title="bbox 1825 1779 3170 1855">
    <p class='ocr_par' dir='ltr' id='par_1_63' title="bbox 1825 1779 3170 1855">
     <span class='ocr_line' id='line_1_63' title="bbox 1825 1779 3170 1855; baseline 0.003 -21"><span class='ocrx_word' id='word_1_351' title='bbox 1825 1779 2187 1850; x_wconf 64' lang='lat' dir='ltr'><strong>jEternnsque</strong></span> <span class='ocrx_word' id='word_1_352' title='bbox 2217 1780 2352 1846; x_wconf 88' lang='lat' dir='ltr'><strong>dies,</strong></span> <span class='ocrx_word' id='word_1_353' title='bbox 2383 1790 2542 1854; x_wconf 89' lang='lat' dir='ltr'><strong>atque</strong></span> <span class='ocrx_word' id='word_1_354' title='bbox 2565 1782 2897 1837; x_wconf 88' lang='lat' dir='ltr'><strong>immutabile</strong></span> <span class='ocrx_word' id='word_1_355' title='bbox 2924 1791 3170 1855; x_wconf 81' lang='lat' dir='ltr'><strong>tempus;</strong></span> 
     </span>
    </p>
   </div>
   <div class='ocr_carea' id='block_1_64' title="bbox 1749 1872 3042 1946">
    <p class='ocr_par' dir='ltr' id='par_1_64' title="bbox 1749 1872 3042 1946">
     <span class='ocr_line' id='line_1_64' title="bbox 1749 1872 3042 1946; baseline 0.005 -20"><span class='ocrx_word' id='word_1_356' title='bbox 1749 1881 1794 1942; x_wconf 79' lang='grc' dir='ltr'><strong><em>Β</em></strong></span> <span class='ocrx_word' id='word_1_357' title='bbox 1826 1872 1919 1927; x_wconf 80' lang='lat' dir='ltr'><strong>Est</strong></span> <span class='ocrx_word' id='word_1_358' title='bbox 1942 1885 2146 1930; x_wconf 89' lang='lat' dir='ltr'><strong>secreta</strong></span> <span class='ocrx_word' id='word_1_359' title='bbox 2180 1874 2289 1930; x_wconf 90' lang='lat' dir='ltr'><strong>Deo</strong></span> <span class='ocrx_word' id='word_1_360' title='bbox 2318 1877 2482 1946; x_wconf 79' lang='lat' dir='ltr'><strong>regio,</strong></span> <span class='ocrx_word' id='word_1_361' title='bbox 2517 1875 2779 1932; x_wconf 88' lang='lat' dir='ltr'><strong>ditissima</strong></span> <span class='ocrx_word' id='word_1_362' title='bbox 2817 1878 3042 1945; x_wconf 89' lang='lat' dir='ltr'><strong>campis,</strong></span> 
     </span>
    </p>
   </div>
   <div class='ocr_carea' id='block_1_65' title="bbox 1823 1967 3192 2039">
    <p class='ocr_par' dir='ltr' id='par_1_65' title="bbox 1823 1967 3192 2039">
     <span class='ocr_line' id='line_1_65' title="bbox 1823 1967 3192 2039; baseline 0.006 -19"><span class='ocrx_word' id='word_1_363' title='bbox 1823 1967 1997 2037; x_wconf 82' lang='lat' dir='ltr'><strong>Atque</strong></span> <span class='ocrx_word' id='word_1_364' title='bbox 2026 1967 2180 2022; x_wconf 88' lang='lat' dir='ltr'><strong>beata</strong></span> <span class='ocrx_word' id='word_1_365' title='bbox 2211 1969 2390 2035; x_wconf 89' lang='lat' dir='ltr'><strong>nimis,</strong></span> <span class='ocrx_word' id='word_1_366' title='bbox 2420 1968 2674 2039; x_wconf 70' lang='lat' dir='ltr'><strong>suquue</strong></span> <span class='ocrx_word' id='word_1_367' title='bbox 2700 1970 2753 2024; x_wconf 92' lang='lat' dir='ltr'><strong>in</strong></span> <span class='ocrx_word' id='word_1_368' title='bbox 2780 1969 3002 2027; x_wconf 90' lang='lat' dir='ltr'><strong>cardine</strong></span> <span class='ocrx_word' id='word_1_369' title='bbox 3028 1969 3192 2028; x_wconf 88' lang='lat' dir='ltr'><strong>sedis.</strong></span> 
     </span>
    </p>
   </div>
   <div class='ocr_carea' id='block_1_66' title="bbox 1824 2059 3068 2131">
    <p class='ocr_par' dir='ltr' id='par_1_66' title="bbox 1824 2059 3068 2131">
     <span class='ocr_line' id='line_1_66' title="bbox 1824 2059 3068 2131; baseline 0.004 -18"><span class='ocrx_word' id='word_1_370' title='bbox 1824 2059 1933 2113; x_wconf 87' lang='lat' dir='ltr'><strong>Aer</strong></span> <span class='ocrx_word' id='word_1_371' title='bbox 1963 2060 2116 2114; x_wconf 73' lang='lat' dir='ltr'><strong>hctus</strong></span> <span class='ocrx_word' id='word_1_372' title='bbox 2145 2060 2238 2125; x_wconf 89' lang='lat' dir='ltr'><strong>ibi,</strong></span> <span class='ocrx_word' id='word_1_373' title='bbox 2260 2075 2578 2131; x_wconf 89' lang='lat' dir='ltr'><strong>semperque</strong></span> <span class='ocrx_word' id='word_1_374' title='bbox 2609 2061 2661 2115; x_wconf 93' lang='lat' dir='ltr'><strong>in</strong></span> <span class='ocrx_word' id='word_1_375' title='bbox 2691 2061 2809 2117; x_wconf 90' lang='lat' dir='ltr'><strong>luce</strong></span> <span class='ocrx_word' id='word_1_376' title='bbox 2837 2060 3068 2129; x_wconf 89' lang='lat' dir='ltr'><strong>futurus,</strong></span> 
     </span>
    </p>
   </div>
   <div class='ocr_carea' id='block_1_67' title="bbox 1825 2150 3070 2222">
    <p class='ocr_par' dir='ltr' id='par_1_67' title="bbox 1825 2150 3070 2222">
     <span class='ocr_line' id='line_1_67' title="bbox 1825 2150 3070 2222; baseline 0.005 -17"><span class='ocrx_word' id='word_1_377' title='bbox 1825 2150 1984 2206; x_wconf 87' lang='lat' dir='ltr'><strong>Lenis</strong></span> <span class='ocrx_word' id='word_1_378' title='bbox 2014 2163 2069 2207; x_wconf 90' lang='lat' dir='ltr'><strong>et</strong></span> <span class='ocrx_word' id='word_1_379' title='bbox 2099 2152 2380 2222; x_wconf 70' lang='lat' dir='ltr'><strong>adspirans</strong></span> <span class='ocrx_word' id='word_1_380' title='bbox 2403 2153 2589 2216; x_wconf 80' lang='lat' dir='ltr'><strong>vitalia</strong></span> <span class='ocrx_word' id='word_1_381' title='bbox 2615 2154 2828 2209; x_wconf 86' lang='lat' dir='ltr'><strong>flamina</strong></span> <span class='ocrx_word' id='word_1_382' title='bbox 2859 2164 3070 2211; x_wconf 85' lang='lat' dir='ltr'><strong>ventus.</strong></span> 
     </span>
    </p>
   </div>
   <div class='ocr_carea' id='block_1_68' title="bbox 1829 2243 3143 2318">
    <p class='ocr_par' dir='ltr' id='par_1_68' title="bbox 1829 2243 3143 2318">
     <span class='ocr_line' id='line_1_68' title="bbox 1829 2243 3143 2318; baseline 0.006 -18"><span class='ocrx_word' id='word_1_383' title='bbox 1829 2243 2022 2300; x_wconf 86' lang='lat' dir='ltr'><strong>Omnia</strong></span> <span class='ocrx_word' id='word_1_384' title='bbox 2050 2245 2154 2302; x_wconf 82' lang='lat' dir='ltr'><strong>fert</strong></span> <span class='ocrx_word' id='word_1_385' title='bbox 2176 2247 2443 2316; x_wconf 78' lang='lat' dir='ltr'><strong>fmcunda,</strong></span> <span class='ocrx_word' id='word_1_386' title='bbox 2470 2249 2585 2304; x_wconf 91' lang='lat' dir='ltr'><strong>solo</strong></span> <span class='ocrx_word' id='word_1_387' title='bbox 2627 2248 2920 2318; x_wconf 66' lang='lat' dir='ltr'><strong>praedivite,</strong></span> <span class='ocrx_word' id='word_1_388' title='bbox 2953 2251 3110 2308; x_wconf 86' lang='lat' dir='ltr'><strong>tellus</strong></span> <span class='ocrx_word' id='word_1_389' title='bbox 3129 2293 3143 2316; x_wconf 88' lang='lat'><strong>,</strong></span> 
     </span>
    </p>
   </div>
   <div class='ocr_carea' id='block_1_69' title="bbox 1827 2336 3146 2415">
    <p class='ocr_par' dir='ltr' id='par_1_69' title="bbox 1827 2336 3146 2415">
     <span class='ocr_line' id='line_1_69' title="bbox 1827 2336 3146 2415; baseline 0.006 -24"><span class='ocrx_word' id='word_1_390' title='bbox 1827 2336 2017 2392; x_wconf 85' lang='lat' dir='ltr'><strong>Flores</strong></span> <span class='ocrx_word' id='word_1_391' title='bbox 2039 2339 2090 2392; x_wconf 90' lang='lat' dir='ltr'><strong>in</strong></span> <span class='ocrx_word' id='word_1_392' title='bbox 2124 2340 2288 2408; x_wconf 86' lang='lat' dir='ltr'><strong>pratis</strong></span> <span class='ocrx_word' id='word_1_393' title='bbox 2316 2340 2573 2411; x_wconf 82' lang='lat' dir='ltr'><strong>fragrant,</strong></span> <span class='ocrx_word' id='word_1_394' title='bbox 2606 2351 2656 2396; x_wconf 92' lang='lat' dir='ltr'><strong>et</strong></span> <span class='ocrx_word' id='word_1_395' title='bbox 2680 2357 2912 2412; x_wconf 87' lang='lat' dir='ltr'><strong>purpura</strong></span> <span class='ocrx_word' id='word_1_396' title='bbox 2941 2346 3146 2415; x_wconf 88' lang='lat' dir='ltr'><strong>campis</strong></span> 
     </span>
    </p>
   </div>
   <div class='ocr_carea' id='block_1_70' title="bbox 1827 2429 3054 2502">
    <p class='ocr_par' dir='ltr' id='par_1_70' title="bbox 1827 2429 3054 2502">
     <span class='ocr_line' id='line_1_70' title="bbox 1827 2429 3054 2502; baseline 0.007 -18"><span class='ocrx_word' id='word_1_397' title='bbox 1827 2429 2018 2485; x_wconf 84' lang='lat' dir='ltr'><strong>Omnia</strong></span> <span class='ocrx_word' id='word_1_398' title='bbox 2053 2433 2326 2502; x_wconf 65' lang='lat' dir='ltr'><strong>prmrutila</strong></span> <span class='ocrx_word' id='word_1_399' title='bbox 2358 2434 2551 2488; x_wconf 89' lang='lat' dir='ltr'><strong>miscet</strong></span> <span class='ocrx_word' id='word_1_400' title='bbox 2573 2451 2678 2489; x_wconf 87' lang='lat' dir='ltr'><strong>nun</strong></span> <span class='ocrx_word' id='word_1_401' title='bbox 2709 2435 2887 2490; x_wconf 89' lang='lat' dir='ltr'><strong>invida</strong></span> <span class='ocrx_word' id='word_1_402' title='bbox 2915 2435 3054 2492; x_wconf 87' lang='lat' dir='ltr'><strong>luce.</strong></span> 
     </span>
    </p>
   </div>
   <div class='ocr_carea' id='block_1_71' title="bbox 1832 2523 3141 2598">
    <p class='ocr_par' dir='ltr' id='par_1_71' title="bbox 1832 2523 3141 2598">
     <span class='ocr_line' id='line_1_71' title="bbox 1832 2523 3141 2598; baseline 0.008 -22"><span class='ocrx_word' id='word_1_403' title='bbox 1832 2523 1956 2578; x_wconf 81' lang='lat' dir='ltr'><strong>Flos</strong></span> <span class='ocrx_word' id='word_1_404' title='bbox 1983 2524 2147 2578; x_wconf 91' lang='lat' dir='ltr'><strong>alium</strong></span> <span class='ocrx_word' id='word_1_405' title='bbox 2176 2525 2329 2580; x_wconf 83' lang='lat' dir='ltr'><strong>lactus</strong></span> <span class='ocrx_word' id='word_1_406' title='bbox 2359 2540 2458 2581; x_wconf 89' lang='lat' dir='ltr'><strong>suo</strong></span> <span class='ocrx_word' id='word_1_407' title='bbox 2480 2526 2680 2582; x_wconf 89' lang='lat' dir='ltr'><strong>lumine</strong></span> <span class='ocrx_word' id='word_1_408' title='bbox 2706 2529 2866 2584; x_wconf 88' lang='lat' dir='ltr'><strong>vestit</strong></span> <span class='ocrx_word' id='word_1_409' title='bbox 2892 2530 3141 2598; x_wconf 87' lang='lat' dir='ltr'><strong>amictus,</strong></span> 
     </span>
    </p>
   </div>
   <div class='ocr_carea' id='block_1_72' title="bbox 1831 2615 3182 2692">
    <p class='ocr_par' dir='ltr' id='par_1_72' title="bbox 1831 2615 3182 2692">
     <span class='ocr_line' id='line_1_72' title="bbox 1831 2615 3182 2692; baseline 0.007 -22"><span class='ocrx_word' id='word_1_410' title='bbox 1831 2615 2171 2687; x_wconf 70' lang='lat' dir='ltr'><strong>Roscitlaque</strong></span> <span class='ocrx_word' id='word_1_411' title='bbox 2199 2617 2282 2672; x_wconf 93' lang='lat' dir='ltr'><strong>hic</strong></span> <span class='ocrx_word' id='word_1_412' title='bbox 2311 2619 2478 2673; x_wconf 91' lang='lat' dir='ltr'><strong>multo</strong></span> <span class='ocrx_word' id='word_1_413' title='bbox 2504 2621 2777 2674; x_wconf 75' lang='lat' dir='ltr'><strong>Variantnr</strong></span> <span class='ocrx_word' id='word_1_414' title='bbox 2802 2622 3009 2679; x_wconf 90' lang='lat' dir='ltr'><strong>semine</strong></span> <span class='ocrx_word' id='word_1_415' title='bbox 3035 2638 3182 2692; x_wconf 89' lang='lat' dir='ltr'><strong>rura,</strong></span> 
     </span>
    </p>
   </div>
   <div class='ocr_carea' id='block_1_73' title="bbox 1834 2707 3036 2779">
    <p class='ocr_par' dir='ltr' id='par_1_73' title="bbox 1834 2707 3036 2779">
     <span class='ocr_line' id='line_1_73' title="bbox 1834 2707 3036 2779; baseline 0.004 -14"><span class='ocrx_word' id='word_1_416' title='bbox 1834 2707 1899 2766; x_wconf 82' lang='lat' dir='ltr'><strong>Et</strong></span> <span class='ocrx_word' id='word_1_417' title='bbox 1927 2709 2097 2763; x_wconf 88' lang='lat' dir='ltr'><strong>roseis</strong></span> <span class='ocrx_word' id='word_1_418' title='bbox 2127 2709 2280 2764; x_wconf 87' lang='lat' dir='ltr'><strong>nivea</strong></span> <span class='ocrx_word' id='word_1_419' title='bbox 2312 2711 2617 2779; x_wconf 88' lang='lat' dir='ltr'><strong>crispantnr</strong></span> <span class='ocrx_word' id='word_1_420' title='bbox 2643 2712 2865 2769; x_wconf 85' lang='lat' dir='ltr'><strong>floribus</strong></span> <span class='ocrx_word' id='word_1_421' title='bbox 2889 2729 3036 2770; x_wconf 89' lang='lat' dir='ltr'><strong>arva.</strong></span> 
     </span>
    </p>
   </div>
   <div class='ocr_carea' id='block_1_74' title="bbox 1833 2799 3076 2876">
    <p class='ocr_par' dir='ltr' id='par_1_74' title="bbox 1833 2799 3076 2876">
     <span class='ocr_line' id='line_1_74' title="bbox 1833 2799 3076 2876; baseline 0.006 -21"><span class='ocrx_word' id='word_1_422' title='bbox 1833 2799 2077 2856; x_wconf 86' lang='lat' dir='ltr'><strong>Neseitur</strong></span> <span class='ocrx_word' id='word_1_423' title='bbox 2106 2801 2298 2872; x_wconf 92' lang='lat' dir='ltr'><strong>quibus</strong></span> <span class='ocrx_word' id='word_1_424' title='bbox 2322 2818 2489 2874; x_wconf 84' lang='lat' dir='ltr'><strong>usque</strong></span> <span class='ocrx_word' id='word_1_425' title='bbox 2516 2804 2649 2860; x_wconf 90' lang='lat' dir='ltr'><strong>locis</strong></span> <span class='ocrx_word' id='word_1_426' title='bbox 2688 2804 2896 2862; x_wconf 85' lang='lat' dir='ltr'><strong>felicior</strong></span> <span class='ocrx_word' id='word_1_427' title='bbox 2926 2823 3076 2876; x_wconf 90' lang='lat' dir='ltr'><strong>aura,</strong></span> 
     </span>
    </p>
   </div>
   <div class='ocr_carea' id='block_1_75' title="bbox 1833 2893 3216 2970">
    <p class='ocr_par' dir='ltr' id='par_1_75' title="bbox 1833 2893 3216 2970">
     <span class='ocr_line' id='line_1_75' title="bbox 1833 2893 3216 2970; baseline 0.011 -22"><span class='ocrx_word' id='word_1_428' title='bbox 1833 2893 1964 2962; x_wconf 74' lang='lat' dir='ltr'><strong>Qua:</strong></span> <span class='ocrx_word' id='word_1_429' title='bbox 1995 2895 2184 2950; x_wconf 90' lang='lat' dir='ltr'><strong>melior</strong></span> <span class='ocrx_word' id='word_1_430' title='bbox 2212 2897 2408 2967; x_wconf 81' lang='lat' dir='ltr'><strong>specie,</strong></span> <span class='ocrx_word' id='word_1_431' title='bbox 2443 2899 2526 2954; x_wconf 91' lang='lat' dir='ltr'><strong>vel</strong></span> <span class='ocrx_word' id='word_1_432' title='bbox 2554 2898 2671 2970; x_wconf 90' lang='lat' dir='ltr'><strong>plus</strong></span> <span class='ocrx_word' id='word_1_433' title='bbox 2692 2902 2964 2970; x_wconf 72' lang='lat' dir='ltr'><strong>praecellat</strong></span> <span class='ocrx_word' id='word_1_434' title='bbox 2995 2904 3216 2964; x_wconf 72' lang='lat' dir='ltr'><strong>honore.</strong></span> 
     </span>
    </p>
   </div>
   <div class='ocr_carea' id='block_1_76' title="bbox 1836 2984 3186 3059">
    <p class='ocr_par' dir='ltr' id='par_1_76' title="bbox 1836 2984 3186 3059">
     <span class='ocr_line' id='line_1_76' title="bbox 1836 2984 3186 3059; baseline 0.01 -18"><span class='ocrx_word' id='word_1_435' title='bbox 1836 2987 1982 3041; x_wconf 76' lang='lat' dir='ltr'><strong>Talia</strong></span> <span class='ocrx_word' id='word_1_436' title='bbox 2012 2984 2277 3058; x_wconf 84' lang='lat' dir='ltr'><strong>ﬂorigeris</strong></span> <span class='ocrx_word' id='word_1_437' title='bbox 2304 3005 2594 3059; x_wconf 89' lang='lat' dir='ltr'><strong>numquam</strong></span> <span class='ocrx_word' id='word_1_438' title='bbox 2625 3005 2917 3050; x_wconf 88' lang='lat' dir='ltr'><strong>nascuntur</strong></span> <span class='ocrx_word' id='word_1_439' title='bbox 2941 2996 2992 3051; x_wconf 94' lang='lat' dir='ltr'><strong>in</strong></span> <span class='ocrx_word' id='word_1_440' title='bbox 3017 2996 3186 3054; x_wconf 86' lang='lat' dir='ltr'><strong>hortis</strong></span> 
     </span>
    </p>
   </div>
   <div class='ocr_carea' id='block_1_77' title="bbox 1838 3079 3020 3159">
    <p class='ocr_par' dir='ltr' id='par_1_77' title="bbox 1838 3079 3020 3159">
     <span class='ocr_line' id='line_1_77' title="bbox 1838 3079 3020 3159; baseline 0.009 -26"><span class='ocrx_word' id='word_1_441' title='bbox 1838 3079 1990 3144; x_wconf 87' lang='lat' dir='ltr'><strong>Lilia,</strong></span> <span class='ocrx_word' id='word_1_442' title='bbox 2017 3095 2114 3135; x_wconf 91' lang='lat' dir='ltr'><strong>nec</strong></span> <span class='ocrx_word' id='word_1_443' title='bbox 2142 3082 2342 3137; x_wconf 91' lang='lat' dir='ltr'><strong>nostris</strong></span> <span class='ocrx_word' id='word_1_444' title='bbox 2371 3082 2620 3140; x_wconf 83' lang='lat' dir='ltr'><strong>efﬂorent</strong></span> <span class='ocrx_word' id='word_1_445' title='bbox 2648 3088 2768 3140; x_wconf 89' lang='lat' dir='ltr'><strong>talia</strong></span> <span class='ocrx_word' id='word_1_446' title='bbox 2793 3089 3020 3159; x_wconf 88' lang='lat' dir='ltr'><strong>eampis,</strong></span> 
     </span>
    </p>
   </div>
   <div class='ocr_carea' id='block_1_78' title="bbox 1837 3168 3293 3249">
    <p class='ocr_par' dir='ltr' id='par_1_78' title="bbox 1837 3168 3293 3249">
     <span class='ocr_line' id='line_1_78' title="bbox 1837 3168 3293 3249; baseline 0.012 -26"><span class='ocrx_word' id='word_1_447' title='bbox 1837 3168 1947 3224; x_wconf 85' lang='lat' dir='ltr'><strong>Nec</strong></span> <span class='ocrx_word' id='word_1_448' title='bbox 1976 3171 2054 3226; x_wconf 85' lang='lat' dir='ltr'><strong>sic</strong></span> <span class='ocrx_word' id='word_1_449' title='bbox 2083 3182 2206 3226; x_wconf 87' lang='lat' dir='ltr'><strong>nata</strong></span> <span class='ocrx_word' id='word_1_450' title='bbox 2237 3174 2463 3240; x_wconf 89' lang='lat' dir='ltr'><strong>rubent,</strong></span> <span class='ocrx_word' id='word_1_451' title='bbox 2494 3191 2616 3232; x_wconf 80' lang='lat' dir='ltr'><strong>mox</strong></span> <span class='ocrx_word' id='word_1_452' title='bbox 2647 3187 2703 3233; x_wconf 91' lang='lat' dir='ltr'><strong>ut</strong></span> <span class='ocrx_word' id='word_1_453' title='bbox 2735 3193 2859 3234; x_wconf 87' lang='lat' dir='ltr'><strong>rosa</strong></span> <span class='ocrx_word' id='word_1_454' title='bbox 2888 3181 3137 3249; x_wconf 88' lang='lat' dir='ltr'><strong>panditur</strong></span> <span class='ocrx_word' id='word_1_455' title='bbox 3165 3197 3293 3242; x_wconf 86' lang='lat' dir='ltr'><strong>aura</strong></span> 
     </span>
    </p>
   </div>
   <div class='ocr_carea' id='block_1_79' title="bbox 1761 3260 3097 3342">
    <p class='ocr_par' dir='ltr' id='par_1_79' title="bbox 1761 3260 3097 3342">
     <span class='ocr_line' id='line_1_79' title="bbox 1761 3260 3097 3342; baseline 0.012 -27"><span class='ocrx_word' id='word_1_456' title='bbox 1761 3278 1806 3342; x_wconf 67' lang='grc' dir='ltr'><strong>ρ</strong></span> <span class='ocrx_word' id='word_1_457' title='bbox 1841 3260 2079 3331; x_wconf 80' lang='lat' dir='ltr'><strong>Purpura</strong></span> <span class='ocrx_word' id='word_1_458' title='bbox 2112 3279 2210 3318; x_wconf 89' lang='lat' dir='ltr'><strong>nec</strong></span> <span class='ocrx_word' id='word_1_459' title='bbox 2236 3264 2400 3336; x_wconf 89' lang='lat' dir='ltr'><strong>Tyrio</strong></span> <span class='ocrx_word' id='word_1_460' title='bbox 2425 3267 2503 3322; x_wconf 81' lang='lat' dir='ltr'><strong>sic</strong></span> <span class='ocrx_word' id='word_1_461' title='bbox 2524 3277 2606 3322; x_wconf 90' lang='lat' dir='ltr'><strong>est</strong></span> <span class='ocrx_word' id='word_1_462' title='bbox 2635 3270 2854 3326; x_wconf 89' lang='lat' dir='ltr'><strong>intincta</strong></span> <span class='ocrx_word' id='word_1_463' title='bbox 2878 3273 3097 3331; x_wconf 89' lang='lat' dir='ltr'><strong>rubore.</strong></span> 
     </span>
    </p>
   </div>
   <div class='ocr_carea' id='block_1_80' title="bbox 1841 3352 3084 3436">
    <p class='ocr_par' dir='ltr' id='par_1_80' title="bbox 1841 3352 3084 3436">
     <span class='ocr_line' id='line_1_80' title="bbox 1841 3352 3084 3436; baseline 0.012 -27"><span class='ocrx_word' id='word_1_464' title='bbox 1841 3352 2065 3409; x_wconf 85' lang='lat' dir='ltr'><strong>Gemma</strong></span> <span class='ocrx_word' id='word_1_465' title='bbox 2095 3357 2346 3412; x_wconf 86' lang='lat' dir='ltr'><strong>coloratis</strong></span> <span class='ocrx_word' id='word_1_466' title='bbox 2376 3358 2540 3430; x_wconf 83' lang='lat' dir='ltr'><strong>fulget</strong></span> <span class='ocrx_word' id='word_1_467' title='bbox 2567 3363 2811 3431; x_wconf 90' lang='lat' dir='ltr'><strong>speciosa</strong></span> <span class='ocrx_word' id='word_1_468' title='bbox 2853 3365 3084 3436; x_wconf 82' lang='lat' dir='ltr'><strong>lapillis;</strong></span> 
     </span>
    </p>
   </div>
   <div class='ocr_carea' id='block_1_81' title="bbox 1844 3442 3298 3530">
    <p class='ocr_par' dir='ltr' id='par_1_81' title="bbox 1844 3442 3298 3530">
     <span class='ocr_line' id='line_1_81' title="bbox 1844 3442 3298 3530; baseline 0.013 -32"><span class='ocrx_word' id='word_1_469' title='bbox 1844 3442 1915 3516; x_wconf 90' lang='lat' dir='ltr'><strong>(b)</strong></span> <span class='ocrx_word' id='word_1_470' title='bbox 1943 3445 2071 3503; x_wconf 90' lang='lat' dir='ltr'><strong>Inde</strong></span> <span class='ocrx_word' id='word_1_471' title='bbox 2099 3448 2230 3503; x_wconf 90' lang='lat' dir='ltr'><strong>nitet</strong></span> <span class='ocrx_word' id='word_1_472' title='bbox 2257 3451 2522 3519; x_wconf 88' lang='lat' dir='ltr'><strong>prasinus,</strong></span> <span class='ocrx_word' id='word_1_473' title='bbox 2555 3453 3096 3515; x_wconf 17' lang='lat' dir='ltr'><strong>illinetcarbunculus</strong></span> <span class='ocrx_word' id='word_1_474' title='bbox 3127 3461 3298 3530; x_wconf 88' lang='lat' dir='ltr'><strong>ardet,</strong></span> 
     </span>
    </p>
   </div>
   <div class='ocr_carea' id='block_1_82' title="bbox 1845 3541 3229 3624">
    <p class='ocr_par' dir='ltr' id='par_1_82' title="bbox 1845 3541 3229 3624">
     <span class='ocr_line' id='line_1_82' title="bbox 1845 3541 3229 3624; baseline 0.011 -29"><span class='ocrx_word' id='word_1_475' title='bbox 1845 3541 2188 3614; x_wconf 88' lang='lat' dir='ltr'><strong>Ilerbosaque</strong></span> <span class='ocrx_word' id='word_1_476' title='bbox 2217 3545 2352 3599; x_wconf 89' lang='lat' dir='ltr'><strong>viret</strong></span> <span class='ocrx_word' id='word_1_477' title='bbox 2380 3548 2708 3618; x_wconf 69' lang='lat' dir='ltr'><strong>praegrandis</strong></span> <span class='ocrx_word' id='word_1_478' title='bbox 2737 3549 2856 3606; x_wconf 91' lang='lat' dir='ltr'><strong>luce</strong></span> <span class='ocrx_word' id='word_1_479' title='bbox 2883 3555 3229 3624; x_wconf 79' lang='lat' dir='ltr'><strong>smaragdns;</strong></span> 
     </span>
    </p>
   </div>
   <div class='ocr_carea' id='block_1_83' title="bbox 1844 3633 3254 3723">
    <p class='ocr_par' dir='ltr' id='par_1_83' title="bbox 1844 3633 3254 3723">
     <span class='ocr_line' id='line_1_83' title="bbox 1844 3633 3254 3723; baseline 0.012 -35"><span class='ocrx_word' id='word_1_480' title='bbox 1844 3633 1940 3689; x_wconf 80' lang='lat' dir='ltr'><strong>I-Iic</strong></span> <span class='ocrx_word' id='word_1_481' title='bbox 1964 3645 2016 3690; x_wconf 83' lang='lat' dir='ltr'><strong>et</strong></span> <span class='ocrx_word' id='word_1_482' title='bbox 2045 3636 2327 3692; x_wconf 82' lang='lat' dir='ltr'><strong>odoriferis</strong></span> <span class='ocrx_word' id='word_1_483' title='bbox 2353 3651 2645 3696; x_wconf 82' lang='lat' dir='ltr'><strong>nascuntur</strong></span> <span class='ocrx_word' id='word_1_484' title='bbox 2671 3658 2935 3715; x_wconf 81' lang='lat' dir='ltr'><strong>cynnama</strong></span> <span class='ocrx_word' id='word_1_485' title='bbox 2968 3649 3130 3720; x_wconf 83' lang='lat' dir='ltr'><strong>virgis</strong></span> <span class='ocrx_word' id='word_1_486' title='bbox 3163 3649 3254 3723; x_wconf 77' lang='grc' dir='ltr'><strong>(ε),</strong></span> 
     </span>
    </p>
   </div>
   <div class='ocr_carea' id='block_1_84' title="bbox 1847 3729 3107 3808">
    <p class='ocr_par' dir='ltr' id='par_1_84' title="bbox 1847 3729 3107 3808">
     <span class='ocr_line' id='line_1_84' title="bbox 1847 3729 3107 3808; baseline 0.013 -26"><span class='ocrx_word' id='word_1_487' title='bbox 1847 3729 1913 3783; x_wconf 80' lang='lat' dir='ltr'><strong>Et</strong></span> <span class='ocrx_word' id='word_1_488' title='bbox 1937 3730 2111 3798; x_wconf 79' lang='lat' dir='ltr'><strong>Spisso</strong></span> <span class='ocrx_word' id='word_1_489' title='bbox 2140 3730 2320 3787; x_wconf 71' lang='lat' dir='ltr'><strong>Ianum</strong></span> <span class='ocrx_word' id='word_1_490' title='bbox 2351 3733 2478 3789; x_wconf 85' lang='lat' dir='ltr'><strong>folio</strong></span> <span class='ocrx_word' id='word_1_491' title='bbox 2503 3735 2794 3808; x_wconf 82' lang='lat' dir='ltr'><strong>conllagrat</strong></span> <span class='ocrx_word' id='word_1_492' title='bbox 2814 3754 3107 3798; x_wconf 90' lang='lat' dir='ltr'><strong>amomum.</strong></span> 
     </span>
    </p>
   </div>
   <div class='ocr_carea' id='block_1_85' title="bbox 1851 3822 3201 3906">
    <p class='ocr_par' dir='ltr' id='par_1_85' title="bbox 1851 3822 3201 3906">
     <span class='ocr_line' id='line_1_85' title="bbox 1851 3822 3201 3906; baseline 0.011 -30"><span class='ocrx_word' id='word_1_493' title='bbox 1851 3822 2107 3893; x_wconf 88' lang='lat' dir='ltr'><strong>Ilicjacet</strong></span> <span class='ocrx_word' id='word_1_494' title='bbox 2134 3824 2427 3895; x_wconf 85' lang='lat' dir='ltr'><strong>ingenitum</strong></span> <span class='ocrx_word' id='word_1_495' title='bbox 2458 3827 2716 3884; x_wconf 88' lang='lat' dir='ltr'><strong>radiantis</strong></span> <span class='ocrx_word' id='word_1_496' title='bbox 2748 3830 2963 3888; x_wconf 91' lang='lat' dir='ltr'><strong>luminis</strong></span> <span class='ocrx_word' id='word_1_497' title='bbox 2990 3849 3201 3906; x_wconf 90' lang='lat' dir='ltr'><strong>aurum,</strong></span> 
     </span>
    </p>
   </div>
   <div class='ocr_carea' id='block_1_86' title="bbox 1849 3914 3268 3997">
    <p class='ocr_par' dir='ltr' id='par_1_86' title="bbox 1849 3914 3268 3997">
     <span class='ocr_line' id='line_1_86' title="bbox 1849 3914 3268 3997; baseline 0.01 -28"><span class='ocrx_word' id='word_1_498' title='bbox 1849 3914 1916 3969; x_wconf 86' lang='lat' dir='ltr'><strong>Et</strong></span> <span class='ocrx_word' id='word_1_499' title='bbox 1943 3929 2160 3970; x_wconf 89' lang='lat' dir='ltr'><strong>nemora</strong></span> <span class='ocrx_word' id='word_1_500' title='bbox 2193 3915 2298 3970; x_wconf 84' lang='lat' dir='ltr'><strong>alta</strong></span> <span class='ocrx_word' id='word_1_501' title='bbox 2323 3926 2505 3971; x_wconf 87' lang='lat' dir='ltr'><strong>tenent</strong></span> <span class='ocrx_word' id='word_1_502' title='bbox 2533 3916 2744 3974; x_wconf 82' lang='lat' dir='ltr'><strong>florenti</strong></span> <span class='ocrx_word' id='word_1_503' title='bbox 2777 3927 3018 3992; x_wconf 87' lang='lat' dir='ltr'><strong>tempore</strong></span> <span class='ocrx_word' id='word_1_504' title='bbox 3052 3926 3268 3997; x_wconf 61' lang='lat' dir='ltr'><strong>calum,</strong></span> 
     </span>
    </p>
   </div>
   <div class='ocr_carea' id='block_1_87' title="bbox 1849 4004 3230 4082">
    <p class='ocr_par' dir='ltr' id='par_1_87' title="bbox 1849 4004 3230 4082">
     <span class='ocr_line' id='line_1_87' title="bbox 1849 4004 3230 4082; baseline 0.012 -22"><span class='ocrx_word' id='word_1_505' title='bbox 1849 4004 2199 4077; x_wconf 82' lang='lat' dir='ltr'><strong>Virentcsque</strong></span> <span class='ocrx_word' id='word_1_506' title='bbox 2223 4017 2444 4077; x_wconf 85' lang='lat' dir='ltr'><strong>gravant</strong></span> <span class='ocrx_word' id='word_1_507' title='bbox 2471 4007 2739 4066; x_wconf 88' lang='lat' dir='ltr'><strong>uberrima</strong></span> <span class='ocrx_word' id='word_1_508' title='bbox 2765 4014 3004 4082; x_wconf 87' lang='lat' dir='ltr'><strong>germina</strong></span> <span class='ocrx_word' id='word_1_509' title='bbox 3031 4031 3230 4078; x_wconf 90' lang='lat' dir='ltr'><strong>ramos.</strong></span> 
     </span>
    </p>
   </div>
   <div class='ocr_carea' id='block_1_88' title="bbox 1852 4098 2976 4178">
    <p class='ocr_par' dir='ltr' id='par_1_88' title="bbox 1852 4098 2976 4178">
     <span class='ocr_line' id='line_1_88' title="bbox 1852 4098 2976 4178; baseline 0.011 -25"><span class='ocrx_word' id='word_1_510' title='bbox 1852 4098 2097 4154; x_wconf 81' lang='lat' dir='ltr'><strong>Porrexit</strong></span> <span class='ocrx_word' id='word_1_511' title='bbox 2123 4100 2326 4156; x_wconf 89' lang='lat' dir='ltr'><strong>similes</strong></span> <span class='ocrx_word' id='word_1_512' title='bbox 2356 4116 2465 4157; x_wconf 91' lang='lat' dir='ltr'><strong>non</strong></span> <span class='ocrx_word' id='word_1_513' title='bbox 2497 4103 2600 4159; x_wconf 91' lang='lat' dir='ltr'><strong>illis</strong></span> <span class='ocrx_word' id='word_1_514' title='bbox 2629 4103 2773 4160; x_wconf 89' lang='lat' dir='ltr'><strong>India</strong></span> <span class='ocrx_word' id='word_1_515' title='bbox 2807 4107 2976 4178; x_wconf 93' lang='lat' dir='ltr'><strong>lucos,</strong></span> 
     </span>
    </p>
   </div>
   <div class='ocr_carea' id='block_1_89' title="bbox 1846 4190 3234 4276">
    <p class='ocr_par' dir='ltr' id='par_1_89' title="bbox 1846 4190 3234 4276">
     <span class='ocr_line' id='line_1_89' title="bbox 1846 4190 3234 4276; baseline 0.013 -29"><span class='ocrx_word' id='word_1_516' title='bbox 1846 4190 1962 4248; x_wconf 84' lang='lat' dir='ltr'><strong>Non</strong></span> <span class='ocrx_word' id='word_1_517' title='bbox 1992 4193 2065 4248; x_wconf 90' lang='lat' dir='ltr'><strong>ita</strong></span> <span class='ocrx_word' id='word_1_518' title='bbox 2092 4192 2259 4249; x_wconf 88' lang='lat' dir='ltr'><strong>densa</strong></span> <span class='ocrx_word' id='word_1_519' title='bbox 2287 4195 2426 4250; x_wconf 88' lang='lat' dir='ltr'><strong>levat</strong></span> <span class='ocrx_word' id='word_1_520' title='bbox 2454 4196 2507 4250; x_wconf 92' lang='lat' dir='ltr'><strong>in</strong></span> <span class='ocrx_word' id='word_1_521' title='bbox 2537 4208 2719 4256; x_wconf 90' lang='lat' dir='ltr'><strong>monte</strong></span> <span class='ocrx_word' id='word_1_522' title='bbox 2748 4203 3022 4258; x_wconf 84' lang='lat' dir='ltr'><strong>cacumina</strong></span> <span class='ocrx_word' id='word_1_523' title='bbox 3052 4207 3234 4276; x_wconf 88' lang='lat' dir='ltr'><strong>pinus,</strong></span> 
     </span>
    </p>
   </div>
   <div class='ocr_carea' id='block_1_90' title="bbox 1845 4285 3268 4369">
    <p class='ocr_par' dir='ltr' id='par_1_90' title="bbox 1845 4285 3268 4369">
     <span class='ocr_line' id='line_1_90' title="bbox 1845 4285 3268 4369; baseline 0.01 -27"><span class='ocrx_word' id='word_1_524' title='bbox 1845 4285 1956 4343; x_wconf 85' lang='lat' dir='ltr'><strong>Nec</strong></span> <span class='ocrx_word' id='word_1_525' title='bbox 1984 4287 2061 4342; x_wconf 91' lang='lat' dir='ltr'><strong>sic</strong></span> <span class='ocrx_word' id='word_1_526' title='bbox 2085 4287 2332 4344; x_wconf 90' lang='lat' dir='ltr'><strong>alticoma</strong></span> <span class='ocrx_word' id='word_1_527' title='bbox 2359 4299 2442 4346; x_wconf 90' lang='lat' dir='ltr'><strong>est</strong></span> <span class='ocrx_word' id='word_1_528' title='bbox 2470 4292 2655 4348; x_wconf 88' lang='lat' dir='ltr'><strong>mnbra</strong></span> <span class='ocrx_word' id='word_1_529' title='bbox 2685 4295 2914 4366; x_wconf 86' lang='lat' dir='ltr'><strong>crispata</strong></span> <span class='ocrx_word' id='word_1_530' title='bbox 2944 4313 3268 4369; x_wconf 89' lang='lat' dir='ltr'><strong>cupressos;</strong></span> 
     </span>
    </p>
   </div>
   <div class='ocr_carea' id='block_1_91' title="bbox 1846 4377 3229 4460">
    <p class='ocr_par' dir='ltr' id='par_1_91' title="bbox 1846 4377 3229 4460">
     <span class='ocr_line' id='line_1_91' title="bbox 1846 4377 3229 4460; baseline 0.012 -27"><span class='ocrx_word' id='word_1_531' title='bbox 1846 4377 1956 4435; x_wconf 83' lang='lat' dir='ltr'><strong>Nec</strong></span> <span class='ocrx_word' id='word_1_532' title='bbox 1983 4395 2178 4436; x_wconf 88' lang='lat' dir='ltr'><strong>vernus</strong></span> <span class='ocrx_word' id='word_1_533' title='bbox 2204 4380 2394 4437; x_wconf 88' lang='lat' dir='ltr'><strong>melius</strong></span> <span class='ocrx_word' id='word_1_534' title='bbox 2421 4384 2578 4439; x_wconf 81' lang='lat' dir='ltr'><strong>floret</strong></span> <span class='ocrx_word' id='word_1_535' title='bbox 2605 4400 2726 4441; x_wconf 91' lang='lat' dir='ltr'><strong>cum</strong></span> <span class='ocrx_word' id='word_1_536' title='bbox 2759 4397 2999 4460; x_wconf 90' lang='lat' dir='ltr'><strong>tempore</strong></span> <span class='ocrx_word' id='word_1_537' title='bbox 3029 4408 3229 4453; x_wconf 89' lang='lat' dir='ltr'><strong>ramus.</strong></span> 
     </span>
    </p>
   </div>
   <div class='ocr_carea' id='block_1_92' title="bbox 1850 4471 3103 4558">
    <p class='ocr_par' dir='ltr' id='par_1_92' title="bbox 1850 4471 3103 4558">
     <span class='ocr_line' id='line_1_92' title="bbox 1850 4471 3103 4558; baseline 0.014 -32"><span class='ocrx_word' id='word_1_538' title='bbox 1850 4471 1947 4529; x_wconf 93' lang='lat' dir='ltr'><strong>llic</strong></span> <span class='ocrx_word' id='word_1_539' title='bbox 1975 4474 2178 4533; x_wconf 90' lang='lat' dir='ltr'><strong>abietes</strong></span> <span class='ocrx_word' id='word_1_540' title='bbox 2206 4475 2352 4532; x_wconf 88' lang='lat' dir='ltr'><strong>celso</strong></span> <span class='ocrx_word' id='word_1_541' title='bbox 2382 4476 2576 4534; x_wconf 85' lang='lat' dir='ltr'><strong>florent</strong></span> <span class='ocrx_word' id='word_1_542' title='bbox 2605 4481 2656 4535; x_wconf 92' lang='lat' dir='ltr'><strong>in</strong></span> <span class='ocrx_word' id='word_1_543' title='bbox 2686 4482 2886 4540; x_wconf 89' lang='lat' dir='ltr'><strong>vertice</strong></span> <span class='ocrx_word' id='word_1_544' title='bbox 2916 4485 3103 4558; x_wconf 69' lang='lat' dir='ltr'><strong>nigrae.</strong></span> 
     </span>
    </p>
   </div>
   <div class='ocr_carea' id='block_1_93' title="bbox 1533 4583 2096 4644">
    <p class='ocr_par' dir='ltr' id='par_1_93' title="bbox 1533 4583 2096 4644">
     <span class='ocr_line' id='line_1_93' title="bbox 1533 4583 2096 4644; baseline 0.002 -3"><span class='ocrx_word' id='word_1_545' title='bbox 1533 4583 2096 4644; x_wconf 80' lang='lat' dir='ltr'><strong>COMMENTARIUS.</strong></span> 
     </span>
    </p>
   </div>
   <div class='ocr_carea' id='block_1_94' title="bbox 223 4699 1760 4784">
    <p class='ocr_par' dir='ltr' id='par_1_94' title="bbox 223 4699 1760 4784">
     <span class='ocr_line' id='line_1_94' title="bbox 223 4699 1760 4784; baseline -0.008 -17"><span class='ocrx_word' id='word_1_546' title='bbox 223 4709 305 4784; x_wconf 89' lang='lat' dir='ltr'><strong>(a)</strong></span> <span class='ocrx_word' id='word_1_547' title='bbox 339 4706 471 4784; x_wconf 73' lang='lat' dir='ltr'><strong>Hinc</strong></span> <span class='ocrx_word' id='word_1_548' title='bbox 499 4708 659 4784; x_wconf 73' lang='lat' dir='ltr'><strong>quinis</strong></span> <span class='ocrx_word' id='word_1_549' title='bbox 704 4704 925 4775; x_wconf 79' lang='lat' dir='ltr'><strong>pullulat</strong></span> <span class='ocrx_word' id='word_1_550' title='bbox 957 4714 1081 4784; x_wconf 68' lang='lat' dir='ltr'><strong>tetas</strong></span> <span class='ocrx_word' id='word_1_551' title='bbox 1103 4745 1117 4769; x_wconf 89' lang='lat'><strong>,</strong></span> <span class='ocrx_word' id='word_1_552' title='bbox 1162 4713 1267 4760; x_wconf 89' lang='lat' dir='ltr'><strong>etc.</strong></span> <span class='ocrx_word' id='word_1_553' title='bbox 1316 4699 1517 4758; x_wconf 85' lang='lat' dir='ltr'><strong>Eodem</strong></span> <span class='ocrx_word' id='word_1_554' title='bbox 1554 4709 1760 4772; x_wconf 88' lang='lat' dir='ltr'><strong>spectat</strong></span> 
     </span>
    </p>
   </div>
   <div class='ocr_carea' id='block_1_95' title="bbox 141 4777 1124 4856">
    <p class='ocr_par' dir='ltr' id='par_1_95' title="bbox 141 4777 1124 4856">
     <span class='ocr_line' id='line_1_95' title="bbox 141 4777 1124 4856; baseline -0.011 -16"><span class='ocrx_word' id='word_1_555' title='bbox 141 4777 300 4856; x_wconf 73' lang='lat' dir='ltr'><strong>qunti</strong></span> <span class='ocrx_word' id='word_1_556' title='bbox 327 4782 537 4852; x_wconf 91' lang='lat' dir='ltr'><strong>subjicit</strong></span> <span class='ocrx_word' id='word_1_557' title='bbox 564 4783 803 4836; x_wconf 79' lang='lat' dir='ltr'><strong>Auctor:</strong></span> <span class='ocrx_word' id='word_1_558' title='bbox 837 4777 1002 4847; x_wconf 79' lang='lat' dir='ltr'><strong>pueri,</strong></span> <span class='ocrx_word' id='word_1_559' title='bbox 1035 4786 1124 4831; x_wconf 91' lang='lat' dir='ltr'><strong>et:</strong></span> 
     </span>
    </p>
   </div>
   <div class='ocr_carea' id='block_1_96' title="bbox 283 4886 1506 4958">
    <p class='ocr_par' dir='ltr' id='par_1_96' title="bbox 283 4886 1506 4958">
     <span class='ocr_line' id='line_1_96' title="bbox 283 4886 1506 4958; baseline -0.007 -14"><span class='ocrx_word' id='word_1_560' title='bbox 283 4893 629 4957; x_wconf 82' lang='lat' dir='ltr'><strong>Infantumque</strong></span> <span class='ocrx_word' id='word_1_561' title='bbox 648 4905 859 4958; x_wconf 81' lang='lat' dir='ltr'><strong>gemens</strong></span> <span class='ocrx_word' id='word_1_562' title='bbox 882 4896 1082 4944; x_wconf 86' lang='lat' dir='ltr'><strong>resonat</strong></span> <span class='ocrx_word' id='word_1_563' title='bbox 1097 4888 1341 4953; x_wconf 82' lang='lat' dir='ltr'><strong>vagitibus</strong></span> <span class='ocrx_word' id='word_1_564' title='bbox 1355 4886 1506 4937; x_wconf 88' lang='lat' dir='ltr'><strong>orbis.</strong></span> 
     </span>
    </p>
   </div>
   <div class='ocr_carea' id='block_1_97' title="bbox 140 4994 1759 5069">
    <p class='ocr_par' dir='ltr' id='par_1_97' title="bbox 140 4994 1759 5069">
     <span class='ocr_line' id='line_1_97' title="bbox 140 4994 1759 5069; baseline -0.002 -16"><span class='ocrx_word' id='word_1_565' title='bbox 140 4998 262 5055; x_wconf 89' lang='lat' dir='ltr'><strong>Sed</strong></span> <span class='ocrx_word' id='word_1_566' title='bbox 313 5012 442 5052; x_wconf 85' lang='lat' dir='ltr'><strong>sane</strong></span> <span class='ocrx_word' id='word_1_567' title='bbox 480 4998 593 5053; x_wconf 84' lang='lat' dir='ltr'><strong>haec</strong></span> <span class='ocrx_word' id='word_1_568' title='bbox 624 4996 968 5069; x_wconf 85' lang='lat' dir='ltr'><strong>intelligenda</strong></span> <span class='ocrx_word' id='word_1_569' title='bbox 996 5007 1152 5061; x_wconf 87' lang='lat' dir='ltr'><strong>sunt,</strong></span> <span class='ocrx_word' id='word_1_570' title='bbox 1198 4995 1337 5069; x_wconf 87' lang='lat' dir='ltr'><strong>quod</strong></span> <span class='ocrx_word' id='word_1_571' title='bbox 1370 5008 1563 5069; x_wconf 82' lang='lat' dir='ltr'><strong>nempe</strong></span> <span class='ocrx_word' id='word_1_572' title='bbox 1594 4994 1759 5050; x_wconf 84' lang='lat' dir='ltr'><strong>etiam</strong></span> 
     </span>
    </p>
   </div>
   <div class='ocr_carea' id='block_1_98' title="bbox 146 5066 1755 5142">
    <p class='ocr_par' dir='ltr' id='par_1_98' title="bbox 146 5066 1755 5142">
     <span class='ocr_line' id='line_1_98' title="bbox 146 5066 1755 5142; baseline -0.002 -18"><span class='ocrx_word' id='word_1_573' title='bbox 146 5071 308 5141; x_wconf 78' lang='lat' dir='ltr'><strong>pueri</strong></span> <span class='ocrx_word' id='word_1_574' title='bbox 332 5080 389 5142; x_wconf 88' lang='lat' dir='ltr'><strong>et</strong></span> <span class='ocrx_word' id='word_1_575' title='bbox 413 5070 639 5142; x_wconf 74' lang='lat' dir='ltr'><strong>infantes</strong></span> <span class='ocrx_word' id='word_1_576' title='bbox 654 5066 912 5142; x_wconf 70' lang='lat' dir='ltr'><strong>resurgant</strong></span> <span class='ocrx_word' id='word_1_577' title='bbox 927 5086 944 5134; x_wconf 88' lang='lat'><strong>;</strong></span> <span class='ocrx_word' id='word_1_578' title='bbox 969 5079 1272 5142; x_wconf 66' lang='lat' dir='ltr'><strong>nontamen</strong></span> <span class='ocrx_word' id='word_1_579' title='bbox 1297 5066 1348 5142; x_wconf 75' lang='lat' dir='ltr'><strong>in</strong></span> <span class='ocrx_word' id='word_1_580' title='bbox 1371 5066 1553 5142; x_wconf 68' lang='lat' dir='ltr'><strong>eadem</strong></span> <span class='ocrx_word' id='word_1_581' title='bbox 1578 5075 1755 5134; x_wconf 69' lang='lat' dir='ltr'><strong>aelate,</strong></span> 
     </span>
    </p>
   </div>
   <div class='ocr_carea' id='block_1_99' title="bbox 144 5133 1755 5226">
    <p class='ocr_par' dir='ltr' id='par_1_99' title="bbox 144 5133 1755 5226">
     <span class='ocr_line' id='line_1_99' title="bbox 144 5133 1755 5226; baseline -0.004 -31"><span class='ocrx_word' id='word_1_582' title='bbox 144 5133 250 5198; x_wconf 67' lang='lat' dir='ltr'><strong>sed</strong></span> <span class='ocrx_word' id='word_1_583' title='bbox 302 5133 654 5226; x_wconf 46' lang='lat' dir='ltr'><strong>(juxta&#39;quod.</strong></span> <span class='ocrx_word' id='word_1_584' title='bbox 677 5133 1174 5226; x_wconf 37' lang='lat' dir='ltr'><strong>Apostolus‘serib‘it</strong></span> <span class='ocrx_word' id='word_1_585' title='bbox 1203 5136 1394 5226; x_wconf 46' lang='lat' dir='ltr'><strong>E‘phes.</strong></span> <span class='ocrx_word' id='word_1_586' title='bbox 1427 5133 1492 5203; x_wconf 90' lang='lat' dir='ltr'><strong>II)</strong></span> <span class='ocrx_word' id='word_1_587' title='bbox 1521 5138 1570 5189; x_wconf 91' lang='lat' dir='ltr'><strong>in</strong></span> <span class='ocrx_word' id='word_1_588' title='bbox 1601 5151 1755 5218; x_wconf 68' lang='lat' dir='ltr'><strong>tuen-</strong></span> 
     </span>
    </p>
   </div>
   <div class='ocr_carea' id='block_1_100' title="bbox 144 5207 1756 5278">
    <p class='ocr_par' dir='ltr' id='par_1_100' title="bbox 144 5207 1756 5278">
     <span class='ocr_line' id='line_1_100' title="bbox 144 5207 1756 5278; baseline -0.004 -9"><span class='ocrx_word' id='word_1_589' title='bbox 144 5207 342 5269; x_wconf 78' lang='lat' dir='ltr'><strong>surani</strong></span> <span class='ocrx_word' id='word_1_590' title='bbox 387 5207 559 5267; x_wconf 66' lang='lat' dir='ltr'><strong>anatis</strong></span> <span class='ocrx_word' id='word_1_591' title='bbox 605 5207 946 5278; x_wconf 84' lang='lat' dir='ltr'><strong>plenitudinis</strong></span> <span class='ocrx_word' id='word_1_592' title='bbox 973 5210 1186 5265; x_wconf 78' lang='lat' dir='ltr'><strong>Christi.</strong></span> <span class='ocrx_word' id='word_1_593' title='bbox 1233 5207 1368 5278; x_wconf 80' lang='lat' dir='ltr'><strong>Quia</strong></span> <span class='ocrx_word' id='word_1_594' title='bbox 1395 5209 1756 5278; x_wconf 85' lang='lat' dir='ltr'><strong>unusquisque</strong></span> 
     </span>
    </p>
   </div>
   <div class='ocr_carea' id='block_1_101' title="bbox 147 5277 1761 5357">
    <p class='ocr_par' dir='ltr' id='par_1_101' title="bbox 147 5277 1761 5357">
     <span class='ocr_line' id='line_1_101' title="bbox 147 5277 1761 5357; baseline -0.005 -15"><span class='ocrx_word' id='word_1_595' title='bbox 147 5284 362 5357; x_wconf 81' lang='lat' dir='ltr'><strong>(inquit</strong></span> <span class='ocrx_word' id='word_1_596' title='bbox 380 5283 438 5338; x_wconf 82' lang='grc' dir='ltr'><strong>Β.</strong></span> <span class='ocrx_word' id='word_1_597' title='bbox 460 5285 591 5353; x_wconf 80' lang='lat' dir='ltr'><strong>Aug.</strong></span> <span class='ocrx_word' id='word_1_598' title='bbox 610 5277 702 5338; x_wconf 82' lang='lat' dir='ltr'><strong>lib.</strong></span> <span class='ocrx_word' id='word_1_599' title='bbox 718 5281 941 5357; x_wconf 70' lang='lat' dir='ltr'><strong>XXllde</strong></span> <span class='ocrx_word' id='word_1_600' title='bbox 959 5281 1073 5337; x_wconf 83' lang='lat' dir='ltr'><strong>Civ.</strong></span> <span class='ocrx_word' id='word_1_601' title='bbox 1094 5281 1184 5357; x_wconf 74' lang='lat' dir='ltr'><strong>Dei</strong></span> <span class='ocrx_word' id='word_1_602' title='bbox 1202 5295 1249 5357; x_wconf 80' lang='lat' dir='ltr'><strong>c_.</strong></span> <span class='ocrx_word' id='word_1_603' title='bbox 1375 5295 1521 5357; x_wconf 67' lang='lat' dir='ltr'><strong>suam</strong></span> <span class='ocrx_word' id='word_1_604' title='bbox 1540 5277 1761 5347; x_wconf 75' lang='lat' dir='ltr'><strong>recipiet</strong></span> 
     </span>
    </p>
   </div>
   <div class='ocr_carea' id='block_1_102' title="bbox 148 5350 1756 5424">
    <p class='ocr_par' dir='ltr' id='par_1_102' title="bbox 148 5350 1756 5424">
     <span class='ocr_line' id='line_1_102' title="bbox 148 5350 1756 5424; baseline -0.004 -13"><span class='ocrx_word' id='word_1_605' title='bbox 148 5350 472 5412; x_wconf 78' lang='lat' dir='ltr'><strong>inensuram</strong></span> <span class='ocrx_word' id='word_1_606' title='bbox 515 5350 791 5424; x_wconf 78' lang='lat' dir='ltr'><strong>corporis,</strong></span> <span class='ocrx_word' id='word_1_607' title='bbox 836 5369 991 5424; x_wconf 88' lang='lat' dir='ltr'><strong>quam</strong></span> <span class='ocrx_word' id='word_1_608' title='bbox 1041 5353 1137 5424; x_wconf 15' lang='lat' dir='ltr'><strong>vel,</strong></span> <span class='ocrx_word' id='word_1_609' title='bbox 1156 5352 1339 5424; x_wconf 83' lang='lat' dir='ltr'><strong>habuit</strong></span> <span class='ocrx_word' id='word_1_610' title='bbox 1383 5352 1433 5403; x_wconf 92' lang='lat' dir='ltr'><strong>in</strong></span> <span class='ocrx_word' id='word_1_611' title='bbox 1460 5350 1756 5419; x_wconf 84' lang='lat' dir='ltr'><strong>juventute,</strong></span> 
     </span>
    </p>
   </div>
   <div class='ocr_carea' id='block_1_103' title="bbox 147 5422 1762 5492">
    <p class='ocr_par' dir='ltr' id='par_1_103' title="bbox 147 5422 1762 5492">
     <span class='ocr_line' id='line_1_103' title="bbox 147 5422 1762 5492; baseline -0.003 -10"><span class='ocrx_word' id='word_1_612' title='bbox 147 5430 326 5482; x_wconf 72' lang='lat' dir='ltr'><strong>cliatn</strong></span> <span class='ocrx_word' id='word_1_613' title='bbox 359 5431 401 5480; x_wconf 91' lang='lat' dir='ltr'><strong>si</strong></span> <span class='ocrx_word' id='word_1_614' title='bbox 434 5422 749 5482; x_wconf 43' lang='lat' dir='ltr'><strong>senex—obiit</strong></span> <span class='ocrx_word' id='word_1_615' title='bbox 772 5466 787 5492; x_wconf 93' lang='lat'><strong>,</strong></span> <span class='ocrx_word' id='word_1_616' title='bbox 820 5422 901 5480; x_wconf 84' lang='lat' dir='ltr'><strong>vel</strong></span> <span class='ocrx_word' id='word_1_617' title='bbox 934 5423 1101 5478; x_wconf 86' lang='lat' dir='ltr'><strong>fuerat</strong></span> <span class='ocrx_word' id='word_1_618' title='bbox 1128 5422 1424 5486; x_wconf 79' lang='lat' dir='ltr'><strong>habiturus,</strong></span> <span class='ocrx_word' id='word_1_619' title='bbox 1455 5424 1498 5475; x_wconf 92' lang='lat' dir='ltr'><strong>si</strong></span> <span class='ocrx_word' id='word_1_620' title='bbox 1529 5431 1650 5476; x_wconf 84' lang='lat' dir='ltr'><strong>ante</strong></span> <span class='ocrx_word' id='word_1_621' title='bbox 1680 5432 1762 5477; x_wconf 85' lang='lat' dir='ltr'><strong>est</strong></span> 
     </span>
    </p>
   </div>
   <div class='ocr_carea' id='block_1_104' title="bbox 149 5493 1764 5563">
    <p class='ocr_par' dir='ltr' id='par_1_104' title="bbox 149 5493 1764 5563">
     <span class='ocr_line' id='line_1_104' title="bbox 149 5493 1764 5563; baseline -0.003 -9"><span class='ocrx_word' id='word_1_622' title='bbox 149 5501 472 5554; x_wconf 83' lang='lat' dir='ltr'><strong>defunctus.</strong></span> <span class='ocrx_word' id='word_1_623' title='bbox 520 5497 674 5554; x_wconf 61' lang='lat' dir='ltr'><strong>Asilas</strong></span> <span class='ocrx_word' id='word_1_624' title='bbox 716 5511 844 5550; x_wconf 88' lang='lat' dir='ltr'><strong>vero</strong></span> <span class='ocrx_word' id='word_1_625' title='bbox 889 5496 989 5550; x_wconf 84' lang='lat' dir='ltr'><strong>erit</strong></span> <span class='ocrx_word' id='word_1_626' title='bbox 1039 5494 1162 5560; x_wconf 91' lang='lat' dir='ltr'><strong>illa,</strong></span> <span class='ocrx_word' id='word_1_627' title='bbox 1207 5493 1274 5548; x_wconf 91' lang='lat' dir='ltr'><strong>ad</strong></span> <span class='ocrx_word' id='word_1_628' title='bbox 1318 5508 1479 5563; x_wconf 89' lang='lat' dir='ltr'><strong>quam</strong></span> <span class='ocrx_word' id='word_1_629' title='bbox 1524 5494 1764 5563; x_wconf 86' lang='lat' dir='ltr'><strong>pervenit</strong></span> 
     </span>
    </p>
   </div>
   <div class='ocr_carea' id='block_1_105' title="bbox 149 5568 910 5634">
    <p class='ocr_par' dir='ltr' id='par_1_105' title="bbox 149 5568 910 5634">
     <span class='ocr_line' id='line_1_105' title="bbox 149 5568 910 5634; baseline -0.008 -7"><span class='ocrx_word' id='word_1_630' title='bbox 149 5571 434 5634; x_wconf 69' lang='lat' dir='ltr'><strong>Christus,</strong></span> <span class='ocrx_word' id='word_1_631' title='bbox 467 5571 596 5624; x_wconf 87' lang='lat' dir='ltr'><strong>citra</strong></span> <span class='ocrx_word' id='word_1_632' title='bbox 626 5568 695 5623; x_wconf 82' lang='lat'><strong>50</strong></span> <span class='ocrx_word' id='word_1_633' title='bbox 724 5584 910 5621; x_wconf 84' lang='lat' dir='ltr'><strong>annos.</strong></span> 
     </span>
    </p>
   </div>
   <div class='ocr_carea' id='block_1_106' title="bbox 238 5634 1767 5712">
    <p class='ocr_par' dir='ltr' id='par_1_106' title="bbox 238 5634 1767 5712">
     <span class='ocr_line' id='line_1_106' title="bbox 238 5634 1767 5712; baseline -0.001 -21"><span class='ocrx_word' id='word_1_634' title='bbox 238 5642 324 5712; x_wconf 83' lang='grc'><strong>(1))</strong></span> <span class='ocrx_word' id='word_1_635' title='bbox 352 5639 482 5694; x_wconf 83' lang='lat' dir='ltr'><strong>lude</strong></span> <span class='ocrx_word' id='word_1_636' title='bbox 509 5643 628 5693; x_wconf 84' lang='lat' dir='ltr'><strong>nitet</strong></span> <span class='ocrx_word' id='word_1_637' title='bbox 662 5637 930 5712; x_wconf 56' lang='lat' dir='ltr'><strong>Prusitgts,</strong></span> <span class='ocrx_word' id='word_1_638' title='bbox 960 5646 1064 5692; x_wconf 87' lang='lat' dir='ltr'><strong>etc.</strong></span> <span class='ocrx_word' id='word_1_639' title='bbox 1097 5636 1405 5706; x_wconf 81' lang='lat' dir='ltr'><strong>Appellatur</strong></span> <span class='ocrx_word' id='word_1_640' title='bbox 1432 5635 1600 5712; x_wconf 47' lang='lat' dir='ltr'><strong>Plinio</strong></span> <span class='ocrx_word' id='word_1_641' title='bbox 1619 5634 1767 5712; x_wconf 55' lang='lat' dir='ltr'><strong>Prn-</strong></span> 
     </span>
    </p>
   </div>
   <div class='ocr_carea' id='block_1_107' title="bbox 153 5707 1765 5778">
    <p class='ocr_par' dir='ltr' id='par_1_107' title="bbox 153 5707 1765 5778">
     <span class='ocr_line' id='line_1_107' title="bbox 153 5707 1765 5778; baseline -0.004 -10"><span class='ocrx_word' id='word_1_642' title='bbox 153 5707 436 5774; x_wconf 47' lang='grc' dir='ltr'><strong>δὶηὲίεὶγθ</strong></span> <span class='ocrx_word' id='word_1_643' title='bbox 461 5713 535 5766; x_wconf 88' lang='lat' dir='ltr'><strong>uti</strong></span> <span class='ocrx_word' id='word_1_644' title='bbox 565 5715 794 5765; x_wconf 85' lang='lat' dir='ltr'><strong>Anclor:</strong></span> <span class='ocrx_word' id='word_1_645' title='bbox 826 5707 1092 5775; x_wconf 80' lang='lat' dir='ltr'><strong>Prusimts,</strong></span> <span class='ocrx_word' id='word_1_646' title='bbox 1124 5725 1154 5764; x_wconf 85' lang='lat' dir='ltr'><strong>e</strong></span> <span class='ocrx_word' id='word_1_647' title='bbox 1179 5724 1507 5778; x_wconf 78' lang='lat' dir='ltr'><strong>gemmarum</strong></span> <span class='ocrx_word' id='word_1_648' title='bbox 1537 5708 1765 5761; x_wconf 79' lang='lat' dir='ltr'><strong>viridan-</strong></span> 
     </span>
    </p>
   </div>
   <div class='ocr_carea' id='block_1_108' title="bbox 156 5779 1764 5848">
    <p class='ocr_par' dir='ltr' id='par_1_108' title="bbox 156 5779 1764 5848">
     <span class='ocr_line' id='line_1_108' title="bbox 156 5779 1764 5848; baseline -0.002 -10"><span class='ocrx_word' id='word_1_649' title='bbox 156 5788 303 5838; x_wconf 87' lang='lat' dir='ltr'><strong>timn</strong></span> <span class='ocrx_word' id='word_1_650' title='bbox 323 5797 536 5847; x_wconf 65' lang='lat' dir='ltr'><strong>genere,</strong></span> <span class='ocrx_word' id='word_1_651' title='bbox 563 5783 654 5835; x_wconf 83' lang='lat' dir='ltr'><strong>lib.</strong></span> <span class='ocrx_word' id='word_1_652' title='bbox 674 5780 936 5842; x_wconf 70' lang='lat' dir='ltr'><strong>XXXVII,</strong></span> <span class='ocrx_word' id='word_1_653' title='bbox 961 5797 1075 5848; x_wconf 85' lang='lat' dir='ltr'><strong>cap.</strong></span> <span class='ocrx_word' id='word_1_654' title='bbox 1107 5780 1171 5833; x_wconf 88' lang='lat'><strong>8:</strong></span> <span class='ocrx_word' id='word_1_655' title='bbox 1204 5792 1252 5833; x_wconf 81' lang='lat' dir='ltr'><strong>at</strong></span> <span class='ocrx_word' id='word_1_656' title='bbox 1273 5779 1764 5835; x_wconf 77' lang='lat' dir='ltr'><strong>l’rusitmsculorcm</strong></span> 
     </span>
    </p>
   </div>
   <div class='ocr_carea' id='block_1_109' title="bbox 158 5851 1766 5922">
    <p class='ocr_par' dir='ltr' id='par_1_109' title="bbox 158 5851 1766 5922">
     <span class='ocr_line' id='line_1_109' title="bbox 158 5851 1766 5922; baseline 0 -16"><span class='ocrx_word' id='word_1_657' title='bbox 158 5854 402 5909; x_wconf 72' lang='lat' dir='ltr'><strong>viridem</strong></span> <span class='ocrx_word' id='word_1_658' title='bbox 459 5854 736 5922; x_wconf 80' lang='lat' dir='ltr'><strong>significat.</strong></span> <span class='ocrx_word' id='word_1_659' title='bbox 787 5854 857 5906; x_wconf 84' lang='lat' dir='ltr'><strong>De</strong></span> <span class='ocrx_word' id='word_1_660' title='bbox 897 5853 1201 5908; x_wconf 67' lang='lat' dir='ltr'><strong>carbunculo</strong></span> <span class='ocrx_word' id='word_1_661' title='bbox 1250 5862 1294 5904; x_wconf 85' lang='lat' dir='ltr'><strong>ct</strong></span> <span class='ocrx_word' id='word_1_662' title='bbox 1346 5851 1614 5922; x_wconf 71' lang='lat' dir='ltr'><strong>smaragdo</strong></span> <span class='ocrx_word' id='word_1_663' title='bbox 1649 5851 1766 5907; x_wconf 78' lang='lat' dir='ltr'><strong>\‘idc</strong></span> 
     </span>
    </p>
   </div>
   <div class='ocr_carea' id='block_1_110' title="bbox 164 5923 1470 6000">
    <p class='ocr_par' dir='ltr' id='par_1_110' title="bbox 164 5923 1470 6000">
     <span class='ocr_line' id='line_1_110' title="bbox 164 5923 1470 6000; baseline -0.006 -14"><span class='ocrx_word' id='word_1_664' title='bbox 164 5941 335 6000; x_wconf 70' lang='lat' dir='ltr'><strong>supra</strong></span> <span class='ocrx_word' id='word_1_665' title='bbox 366 5925 454 5980; x_wconf 89' lang='lat' dir='ltr'><strong>lib.</strong></span> <span class='ocrx_word' id='word_1_666' title='bbox 488 5923 553 5996; x_wconf 90' lang='lat' dir='ltr'><strong>ll,</strong></span> <span class='ocrx_word' id='word_1_667' title='bbox 585 5925 704 5981; x_wconf 87' lang='lat' dir='ltr'><strong>adv.</strong></span> <span class='ocrx_word' id='word_1_668' title='bbox 740 5927 900 5982; x_wconf 74' lang='lat' dir='ltr'><strong>Marc.</strong></span> <span class='ocrx_word' id='word_1_669' title='bbox 935 5939 1049 5994; x_wconf 84' lang='lat' dir='ltr'><strong>cap.</strong></span> <span class='ocrx_word' id='word_1_670' title='bbox 1086 5923 1170 5992; x_wconf 86' lang='lat' dir='ltr'><strong>l0,</strong></span> <span class='ocrx_word' id='word_1_671' title='bbox 1204 5939 1346 5980; x_wconf 89' lang='lat' dir='ltr'><strong>num.</strong></span> <span class='ocrx_word' id='word_1_672' title='bbox 1383 5923 1470 5978; x_wconf 75' lang='grc'><strong>64.</strong></span> 
     </span>
    </p>
   </div>
   <div class='ocr_carea' id='block_1_111' title="bbox 1786 4702 1836 4762">
    <p class='ocr_par' dir='ltr' id='par_1_111' title="bbox 1786 4702 1836 4762">
     <span class='ocr_line' id='line_1_111' title="bbox 1786 4702 1836 4762; baseline 0 0"><span class='ocrx_word' id='word_1_673' title='bbox 1786 4702 1836 4762; x_wconf 90' lang='lat' dir='ltr'><strong>D</strong></span> 
     </span>
    </p>
   </div>
   <div class='ocr_carea' id='block_1_112' title="bbox 1932 4701 3456 4796">
    <p class='ocr_par' dir='ltr' id='par_1_112' title="bbox 1932 4701 3456 4796">
     <span class='ocr_line' id='line_1_112' title="bbox 1932 4701 3456 4796; baseline 0.02 -41"><span class='ocrx_word' id='word_1_674' title='bbox 2056 4701 2552 4796; x_wconf 37' lang='lat' dir='ltr'><strong>potiori/eri:</strong></span> <span class='ocrx_word' id='word_1_675' title='bbox 2592 4723 2871 4769; x_wconf 74' lang='lat' dir='ltr'><strong>nascuntur</strong></span> <span class='ocrx_word' id='word_1_676' title='bbox 2899 4730 3150 4790; x_wconf 80' lang='lat' dir='ltr'><strong>cymtama</strong></span> <span class='ocrx_word' id='word_1_677' title='bbox 3175 4723 3354 4796; x_wconf 74' lang='lat' dir='ltr'><strong>virgis,</strong></span> <span class='ocrx_word' id='word_1_678' title='bbox 3385 4725 3456 4785; x_wconf 83' lang='lat' dir='ltr'><strong>Et</strong></span> 
     </span>
    </p>
   </div>
   <div class='ocr_carea' id='block_1_113' title="bbox 1863 4771 3453 4858">
    <p class='ocr_par' dir='ltr' id='par_1_113' title="bbox 1863 4771 3453 4858">
     <span class='ocr_line' id='line_1_113' title="bbox 1863 4771 3453 4858; baseline 0.017 -31"><span class='ocrx_word' id='word_1_679' title='bbox 1863 4778 2023 4844; x_wconf 75' lang='lat' dir='ltr'><strong>spisso</strong></span> <span class='ocrx_word' id='word_1_680' title='bbox 2052 4774 2221 4858; x_wconf 65' lang='lat' dir='ltr'><strong>(cetum</strong></span> <span class='ocrx_word' id='word_1_681' title='bbox 2252 4780 2376 4848; x_wconf 77' lang='lat' dir='ltr'><strong>[alio</strong></span> <span class='ocrx_word' id='word_1_682' title='bbox 2408 4771 2689 4858; x_wconf 35' lang='lat' dir='ltr'><strong>crati/Imma!</strong></span> <span class='ocrx_word' id='word_1_683' title='bbox 2716 4771 3147 4855; x_wconf 66' lang='lat' dir='ltr'><strong>amomuiit,</strong></span> 
     </span>
    </p>
   </div>
   <div class='ocr_carea' id='block_1_114' title="bbox 1863 4846 3456 4932">
    <p class='ocr_par' dir='ltr' id='par_1_114' title="bbox 1863 4846 3456 4932">
     <span class='ocr_line' id='line_1_114' title="bbox 1863 4846 3456 4932; baseline 0.019 -33"><span class='ocrx_word' id='word_1_684' title='bbox 1863 4860 1970 4932; x_wconf 71' lang='lat' dir='ltr'><strong>non</strong></span> <span class='ocrx_word' id='word_1_685' title='bbox 1996 4846 2152 4932; x_wconf 68' lang='lat' dir='ltr'><strong>modo</strong></span> <span class='ocrx_word' id='word_1_686' title='bbox 2179 4849 2229 4902; x_wconf 90' lang='lat' dir='ltr'><strong>in</strong></span> <span class='ocrx_word' id='word_1_687' title='bbox 2247 4846 2467 4932; x_wconf 25' lang='lat' dir='ltr'><strong>genitoris</strong></span> <span class='ocrx_word' id='word_1_688' title='bbox 2491 4846 2647 4932; x_wconf 45' lang='lat' dir='ltr'><strong>Ituj&#39;us</strong></span> <span class='ocrx_word' id='word_1_689' title='bbox 2675 4859 2882 4926; x_wconf 88' lang='lat' dir='ltr'><strong>capitis,</strong></span> <span class='ocrx_word' id='word_1_690' title='bbox 2907 4846 3004 4917; x_wconf 76' lang='lat' dir='ltr'><strong>sed</strong></span> <span class='ocrx_word' id='word_1_691' title='bbox 3023 4846 3456 4930; x_wconf 44' lang='lat' dir='ltr'><strong>.irdiiiié‘i’ﬁ’tiéé</strong></span> 
     </span>
    </p>
   </div>
   <div class='ocr_carea' id='block_1_115' title="bbox 1861 4917 3451 5045">
    <p class='ocr_par' dir='ltr' id='par_1_115' title="bbox 1861 4917 3451 5045">
     <span class='ocr_line' id='line_1_115' title="bbox 1861 4917 3451 5045; baseline 0.018 -74"><span class='ocrx_word' id='word_1_692' title='bbox 1861 4917 2221 5045; x_wconf 44' lang='lat' dir='ltr'><strong>{Jobqodtiitiltetur</strong></span> <span class='ocrx_word' id='word_1_693' title='bbox 2246 4921 2481 4979; x_wconf 88' lang='lat' dir='ltr'><strong>imitatus</strong></span> <span class='ocrx_word' id='word_1_694' title='bbox 2504 4917 2807 4985; x_wconf 71' lang='lat' dir='ltr'><strong>Lactantius</strong></span> <span class='ocrx_word' id='word_1_695' title='bbox 2828 4917 3071 4991; x_wconf 84' lang='lat' dir='ltr'><strong>carmine</strong></span> <span class='ocrx_word' id='word_1_696' title='bbox 3087 4917 3451 5014; x_wconf 77' lang='lat' dir='ltr'><strong>de</strong></span> 
     </span>
    </p>
   </div>
   <div class='ocr_carea' id='block_1_116' title="bbox 1937 5005 2148 5044">
    <p class='ocr_par' dir='ltr' id='par_1_116' title="bbox 1937 5005 2148 5044">
     <span class='ocr_line' id='line_1_116' title="bbox 1937 5005 2148 5044; baseline -0.009 0"><span class='ocrx_word' id='word_1_697' title='bbox 1937 5006 1949 5044; x_wconf 88' lang='grc' dir='ltr'><strong>Ι</strong></span> <span class='ocrx_word' id='word_1_698' title='bbox 1983 5005 2148 5044; x_wconf 70' lang='grc' dir='ltr'><strong>αικιιτ</strong></span> 
     </span>
    </p>
   </div>
   <div class='ocr_carea' id='block_1_117' title="bbox 1982 5082 3379 5210">
    <p class='ocr_par' dir='ltr' id='par_1_117' title="bbox 1982 5082 3379 5210">
     <span class='ocr_line' id='line_1_117' title="bbox 1982 5082 3379 5210; baseline 0.019 -80"><span class='ocrx_word' id='word_1_699' title='bbox 1982 5082 2224 5210; x_wconf 46' lang='grc' dir='ltr'><strong>(ὲζῖἓὲῗὲ</strong></span> <span class='ocrx_word' id='word_1_700' title='bbox 2251 5083 2444 5148; x_wconf 82' lang='lat' dir='ltr'><strong>dehinc,</strong></span> <span class='ocrx_word' id='word_1_701' title='bbox 2470 5102 2732 5156; x_wconf 68' lang='lat' dir='ltr'><strong>(tm-umque</strong></span> <span class='ocrx_word' id='word_1_702' title='bbox 2752 5095 2924 5158; x_wconf 80' lang='lat' dir='ltr'><strong>procul</strong></span> <span class='ocrx_word' id='word_1_703' title='bbox 2947 5096 3181 5162; x_wconf 74' lang='lat' dir='ltr'><strong>spirantis</strong></span> <span class='ocrx_word' id='word_1_704' title='bbox 3200 5107 3379 5156; x_wconf 88' lang='lat' dir='ltr'><strong>amomi</strong></span> 
     </span>
    </p>
   </div>
   <div class='ocr_carea' id='block_1_118' title="bbox 1866 5249 3457 5334">
    <p class='ocr_par' dir='ltr' id='par_1_118' title="bbox 1866 5249 3457 5334">
     <span class='ocr_line' id='line_1_118' title="bbox 1866 5249 3457 5334; baseline 0.021 -33"><span class='ocrx_word' id='word_1_705' title='bbox 1866 5251 1939 5334; x_wconf 66' lang='lat' dir='ltr'><strong>De</strong></span> <span class='ocrx_word' id='word_1_706' title='bbox 1964 5249 2223 5334; x_wconf 60' lang='grc' dir='ltr'><strong>(ξζρξηηηιο</strong></span> <span class='ocrx_word' id='word_1_707' title='bbox 2264 5270 2392 5334; x_wconf 71' lang='lat' dir='ltr'><strong>vero</strong></span> <span class='ocrx_word' id='word_1_708' title='bbox 2412 5257 2584 5334; x_wconf 76' lang='lat' dir='ltr'><strong>,__sive</strong></span> <span class='ocrx_word' id='word_1_709' title='bbox 2614 5257 2982 5331; x_wconf 85' lang='lat' dir='ltr'><strong>Cynnamomo</strong></span> <span class='ocrx_word' id='word_1_710' title='bbox 3006 5310 3020 5331; x_wconf 94' lang='lat'><strong>,</strong></span> <span class='ocrx_word' id='word_1_711' title='bbox 3065 5269 3184 5326; x_wconf 89' lang='lat' dir='ltr'><strong>vide</strong></span> <span class='ocrx_word' id='word_1_712' title='bbox 3228 5273 3457 5334; x_wconf 93' lang='lat' dir='ltr'><strong>Plinium</strong></span> 
     </span>
    </p>
   </div>
   <div class='ocr_carea' id='block_1_119' title="bbox 1864 5321 3455 5417">
    <p class='ocr_par' dir='ltr' id='par_1_119' title="bbox 1864 5321 3455 5417">
     <span class='ocr_line' id='line_1_119' title="bbox 1864 5321 3455 5417; baseline 0.021 -44"><span class='ocrx_word' id='word_1_713' title='bbox 2551 5321 2758 5417; x_wconf 68' lang='lat' dir='ltr'><strong>Arminio</strong></span> <span class='ocrx_word' id='word_1_714' title='bbox 2798 5321 3037 5406; x_wconf 81' lang='lat' dir='ltr'><strong>ejusdem</strong></span> <span class='ocrx_word' id='word_1_715' title='bbox 3077 5321 3181 5396; x_wconf 58' lang='lat' dir='ltr'><strong>lib:</strong></span> 
     </span>
    </p>
   </div>
   <div class='ocr_carea' id='block_1_120' title="bbox 1865 5392 3454 5490">
    <p class='ocr_par' dir='ltr' id='par_1_120' title="bbox 1865 5392 3454 5490">
     <span class='ocr_line' id='line_1_120' title="bbox 1865 5392 3454 5490; baseline 0.014 -42"><span class='ocrx_word' id='word_1_716' title='bbox 1865 5392 2287 5490; x_wconf 35' lang='lat' dir='ltr'><strong>Emenda‘vinius.</strong></span> <span class='ocrx_word' id='word_1_717' title='bbox 2345 5415 2472 5490; x_wconf 72' lang='lat' dir='ltr'><strong>vero</strong></span> <span class='ocrx_word' id='word_1_718' title='bbox 2534 5392 2871 5490; x_wconf 51' lang='lat' dir='ltr'><strong>ruentesque,</strong></span> <span class='ocrx_word' id='word_1_719' title='bbox 2923 5392 3035 5464; x_wconf 64' lang='lat' dir='ltr'><strong>etc.</strong></span> <span class='ocrx_word' id='word_1_720' title='bbox 3069 5392 3454 5490; x_wconf 50' lang='lat' dir='ltr'><strong>éahioij&#39;jn&#39;J</strong></span> 
     </span>
    </p>
   </div>
   <div class='ocr_carea' id='block_1_121' title="bbox 1867 5457 3454 5545">
    <p class='ocr_par' dir='ltr' id='par_1_121' title="bbox 1867 5457 3454 5545">
     <span class='ocr_line' id='line_1_121' title="bbox 1867 5457 3454 5545; baseline 0.009 -25"><span class='ocrx_word' id='word_1_721' title='bbox 1867 5466 2178 5536; x_wconf 75' lang='lat' dir='ltr'><strong>viventesque</strong></span> <span class='ocrx_word' id='word_1_722' title='bbox 2201 5509 2214 5532; x_wconf 92' lang='lat'><strong>,</strong></span> <span class='ocrx_word' id='word_1_723' title='bbox 2248 5472 2398 5525; x_wconf 89' lang='lat' dir='ltr'><strong>sicuti</strong></span> <span class='ocrx_word' id='word_1_724' title='bbox 2431 5482 2549 5542; x_wconf 81' lang='lat' dir='ltr'><strong>post</strong></span> <span class='ocrx_word' id='word_1_725' title='bbox 2572 5457 3027 5545; x_wconf 31' lang='lat' dir='ltr'><strong>aliqud—lineas</strong></span> <span class='ocrx_word' id='word_1_726' title='bbox 3069 5457 3237 5471; x_wconf 50' lang='lat' dir='ltr'><strong>mm&quot;</strong></span> <span class='ocrx_word' id='word_1_727' title='bbox 3260 5457 3275 5485; x_wconf 72' lang='grc'><strong>’</strong></span> <span class='ocrx_word' id='word_1_728' title='bbox 3324 5457 3418 5490; x_wconf 56' lang='grc' dir='ltr'><strong>ἠν</strong></span> <span class='ocrx_word' id='word_1_729' title='bbox 3439 5462 3454 5478; x_wconf 72' lang='grc'><strong>’</strong></span> 
     </span>
    </p>
   </div>
   <div class='ocr_carea' id='block_1_122' title="bbox 1991 5580 3208 5664">
    <p class='ocr_par' dir='ltr' id='par_1_122' title="bbox 1991 5580 3208 5664">
     <span class='ocr_line' id='line_1_122' title="bbox 1991 5580 3208 5664; baseline 0.016 -33"><span class='ocrx_word' id='word_1_730' title='bbox 1991 5580 2052 5631; x_wconf 80' lang='lat' dir='ltr'><strong>Et</strong></span> <span class='ocrx_word' id='word_1_731' title='bbox 2074 5580 2277 5645; x_wconf 88' lang='lat' dir='ltr'><strong>pulchre</strong></span> <span class='ocrx_word' id='word_1_732' title='bbox 2300 5585 2491 5636; x_wconf 87' lang='lat' dir='ltr'><strong>redolet</strong></span> <span class='ocrx_word' id='word_1_733' title='bbox 2514 5601 2688 5640; x_wconf 90' lang='lat' dir='ltr'><strong>munus</strong></span> <span class='ocrx_word' id='word_1_734' title='bbox 2719 5591 3009 5648; x_wconf 85' lang='lat' dir='ltr'><strong>medicabile</strong></span> <span class='ocrx_word' id='word_1_735' title='bbox 3034 5597 3208 5664; x_wconf 65' lang='lat' dir='ltr'><strong>Crete,</strong></span> 
     </span>
    </p>
   </div>
   <div class='ocr_carea' id='block_1_123' title="bbox 1874 5708 3461 5788">
    <p class='ocr_par' dir='ltr' id='par_1_123' title="bbox 1874 5708 3461 5788">
     <span class='ocr_line' id='line_1_123' title="bbox 1874 5708 3461 5788; baseline 0.02 -30"><span class='ocrx_word' id='word_1_736' title='bbox 1874 5721 2003 5788; x_wconf 64' lang='lat' dir='ltr'><strong>pro;</strong></span> <span class='ocrx_word' id='word_1_737' title='bbox 2050 5708 2279 5787; x_wconf 75' lang='lat' dir='ltr'><strong>pulrhrte</strong></span> <span class='ocrx_word' id='word_1_738' title='bbox 2303 5711 2564 5775; x_wconf 71' lang='lat' dir='ltr'><strong>redolent;</strong></span> <span class='ocrx_word' id='word_1_739' title='bbox 2609 5714 2693 5768; x_wconf 83' lang='lat' dir='ltr'><strong>ubi</strong></span> <span class='ocrx_word' id='word_1_740' title='bbox 2722 5717 2909 5773; x_wconf 81' lang='lat' dir='ltr'><strong>alludit</strong></span> <span class='ocrx_word' id='word_1_741' title='bbox 2935 5721 2997 5775; x_wconf 85' lang='lat' dir='ltr'><strong>ad</strong></span> <span class='ocrx_word' id='word_1_742' title='bbox 3032 5722 3309 5782; x_wconf 61' lang='lat' dir='ltr'><strong>herbarum</strong></span> <span class='ocrx_word' id='word_1_743' title='bbox 3337 5729 3461 5788; x_wconf 64' lang='lat' dir='ltr'><strong>(frc-</strong></span> 
     </span>
    </p>
   </div>
   <div class='ocr_carea' id='block_1_124' title="bbox 1876 5789 3463 5861">
    <p class='ocr_par' dir='ltr' id='par_1_124' title="bbox 1876 5789 3463 5861">
     <span class='ocr_line' id='line_1_124' title="bbox 1876 5789 3463 5861; baseline 0.009 -31"><span class='ocrx_word' id='word_1_744' title='bbox 1876 5789 2090 5859; x_wconf 77' lang='lat' dir='ltr'><strong>lcnstnm</strong></span> <span class='ocrx_word' id='word_1_745' title='bbox 2117 5795 2263 5833; x_wconf 80' lang='lat' dir='ltr'><strong>varia</strong></span> <span class='ocrx_word' id='word_1_746' title='bbox 2307 5797 2498 5848; x_wconf 79' lang='lat' dir='ltr'><strong>genera</strong></span> <span class='ocrx_word' id='word_1_747' title='bbox 2526 5827 2537 5846; x_wconf 84' lang='lat'><strong>,</strong></span> <span class='ocrx_word' id='word_1_748' title='bbox 2585 5801 2805 5861; x_wconf 83' lang='lat' dir='ltr'><strong>quorum</strong></span> <span class='ocrx_word' id='word_1_749' title='bbox 2840 5789 2890 5843; x_wconf 90' lang='lat' dir='ltr'><strong>in</strong></span> <span class='ocrx_word' id='word_1_750' title='bbox 2926 5795 3201 5854; x_wconf 66' lang='lat' dir='ltr'><strong>medicinis</strong></span> <span class='ocrx_word' id='word_1_751' title='bbox 3231 5815 3355 5856; x_wconf 80' lang='lat' dir='ltr'><strong>usus</strong></span> <span class='ocrx_word' id='word_1_752' title='bbox 3382 5816 3463 5861; x_wconf 71' lang='grc' dir='ltr'><strong>ρει</strong></span> 
     </span>
    </p>
   </div>
   <div class='ocr_carea' id='block_1_125' title="bbox 1879 5851 3466 5932">
    <p class='ocr_par' dir='ltr' id='par_1_125' title="bbox 1879 5851 3466 5932">
     <span class='ocr_line' id='line_1_125' title="bbox 1879 5851 3466 5932; baseline 0.022 -35"><span class='ocrx_word' id='word_1_753' title='bbox 1879 5851 2174 5932; x_wconf 66' lang='grc' dir='ltr'><strong>ριοδει·ἱμυυδ</strong></span> <span class='ocrx_word' id='word_1_754' title='bbox 2199 5890 2213 5913; x_wconf 89' lang='grc'><em>,</em></span> <span class='ocrx_word' id='word_1_755' title='bbox 2248 5863 2428 5932; x_wconf 64' lang='lat' dir='ltr'><strong>ttlpqlt.‘</strong></span> <span class='ocrx_word' id='word_1_756' title='bbox 2457 5851 2675 5932; x_wconf 26' lang='lat' dir='ltr'><strong>quod-in</strong></span> <span class='ocrx_word' id='word_1_757' title='bbox 2706 5875 2764 5914; x_wconf 77' lang='lat' dir='ltr'><strong>ea</strong></span> <span class='ocrx_word' id='word_1_758' title='bbox 2800 5861 2966 5919; x_wconf 84' lang='lat' dir='ltr'><strong>insula</strong></span> <span class='ocrx_word' id='word_1_759' title='bbox 2997 5851 3198 5926; x_wconf 78' lang='lat' dir='ltr'><strong>nullum</strong></span> 
     </span>
    </p>
   </div>
   <div class='ocr_carea' id='block_1_126' title="bbox 1877 5926 2499 5979">
    <p class='ocr_par' dir='ltr' id='par_1_126' title="bbox 1877 5926 2499 5979">
     <span class='ocr_line' id='line_1_126' title="bbox 1877 5926 2499 5979; baseline 0.008 -5"><span class='ocrx_word' id='word_1_760' title='bbox 1877 5929 1983 5974; x_wconf 91' lang='lat' dir='ltr'><strong>tum</strong></span> <span class='ocrx_word' id='word_1_761' title='bbox 2019 5933 2262 5978; x_wconf 82' lang='lat' dir='ltr'><strong>nascatur</strong></span> <span class='ocrx_word' id='word_1_762' title='bbox 2287 5926 2499 5979; x_wconf 82' lang='lat' dir='ltr'><strong>animal.</strong></span> 
     </span>
    </p>
   </div>
  </div>
