4202 6496
713 334 854 395 1005
2152 341 2304 399 TER'

2417 344 2617 401 .LIANI
3874 352 4036 410 1096

712 453 1103 526 Aitcrnumque
1128 453 1301 510 virent
1329 452 1459 511 sola:
1483 452 1599 510 sine
1625 454 1883 535 grandine
1909 455 2095 529 sylvze.

711 548 863 605 Nulla
892 548 1089 607 cadunt
1117 550 1268 617 folia,
1296 559 1350 605 et
1376 548 1524 605 nullo
1554 550 1653 605 ﬂos
1684 560 1926 621 tempore
1950 551 2100 608 delit.

712 641 840 697 Flos
863 655 1075 713 quoque
1101 642 1260 697 ﬂoret
1286 642 1357 699 ibi
1387 643 1604 716 rubetis,
1633 658 1728 698 ceu
1755 659 1985 714 purpura
2011 644 2197 711 Tarsi,

712 735 837 792 Flos
860 736 944 793 hic
965 736 1146 803 credo,
1169 750 1291 793 rosa
1313 745 1415 803 est,
1431 738 1595 793 rubor
1614 747 1775 809 atque
1798 737 1931 793 odor
1949 754 2074 794 acer
2096 739 2145 794 in
2171 739 2304 809 ipso,

711 829 801 885 Sic
832 828 972 884 foliis
1001 824 1236 900 speciem
1264 831 1495 900 przefert,
1528 831 1605 886 sic
1633 831 1798 900 spirat
1824 830 2067 887 odorem.

713 921 889 977 Arhos
918 932 1041 990 stat,
1069 938 1189 978 cum
1219 923 1353 979 ﬂore
1381 937 1542 991 novo,
1573 923 1927 993 pulcherrima
1959 924 2131 994 pomis
2150 964 2164 991 ,

714 1012 939 1069 Vitalem
971 1023 1024 1071 ct
1048 1013 1252 1087 frugem
1281 1015 1454 1071 felicia
1480 1015 1671 1072 robora
1700 1015 1948 1071 densant.

714 1104 871 1161 Mella
899 1104 1145 1160 viridanti
1169 1105 1499 1177 conﬂagrant
1525 1105 1736 1176 pinguia
1759 1122 1956 1175 canna,

716 1196 824 1252 Lac
848 1198 1005 1253 etiam
1031 1197 1203 1269 plenis
1223 1207 1409 1253 manat
1432 1198 1663 1269 potabile
1688 1197 1853 1264 rivis;

716 1286 894 1343 Vitam
918 1288 1118 1359 aspirat
1146 1288 1222 1343 ibi
1245 1289 1494 1360 quicquid
1520 1290 1605 1361 pia
1633 1299 1775 1345 terra
1804 1289 2057 1356 virescit,

717 1382 785 1438 Et
808 1381 1028 1454 pulchre
1056 1384 1263 1439 redolet
1283 1401 1475 1441 munus
1493 1385 1806 1441 medicabile
1831 1384 2023 1441 Crete.

719 1475 863 1532 Fons
888 1476 999 1532 illic
1020 1477 1238 1549 placidis
1263 1478 1364 1535 levi
1391 1478 1507 1533 ﬂuit
1534 1480 1747 1549 agmine
1769 1480 2009 1550 campis;

717 1569 980 1639 Quattuor
1001 1571 1123 1627 inde
1145 1571 1319 1643 rigant
1348 1573 1571 1643 partitas
1592 1573 1809 1628 ﬂumina
1848 1582 2043 1628 terras.

720 1661 826 1718 Ver
846 1670 973 1733 puto
998 1678 1212 1735 semper
1237 1663 1346 1736 agit
1370 1664 1593 1721 vestitus
1623 1664 1843 1721 ﬂoribus
1866 1664 2077 1729 hortus,

719 1754 836 1811 Non
868 1754 1037 1829 frigus
1062 1756 1234 1813 variat
1260 1756 1471 1813 hiberni
1502 1757 1694 1814 sideris
1719 1772 1939 1824 auram,

722 1849 791 1904 Et
820 1848 993 1906 reficit
1013 1848 1196 1907 fretam
1227 1850 1441 1909 meliori
1467 1853 1688 1911 ﬂamine
1715 1866 1931 1912 terram.

717 1944 836 2001 Nox
866 1944 938 2002 ibi
976 1946 1143 2013 nulla,
1167 1962 1292 2003 suas
1314 1946 1610 2003 defendunt
1628 1957 1769 2005 astra
1798 1949 2080 2016 tenebras;

719 2035 926 2109 Iraeque
943 2037 1260 2110 insidizeque
1287 2040 1504 2109 absunt,
1532 2048 1589 2096 et
1613 2040 1733 2096 dira
1749 2042 1966 2113 cupido,

720 2129 1091 2203 Exclususque
1112 2141 1310 2199 metus,
1337 2133 1505 2204 pulsat
1532 2133 1599 2189 de
1626 2133 1809 2189 limine
1832 2149 1996 2190 curae.

720 2221 820 2279 llic
840 2223 1010 2280 malus
1036 2225 1292 2292 extorris,
1322 2224 1511 2297 dignas
1540 2225 1701 2281 exivit
1727 2226 1779 2281 in
1810 2242 1953 2282 oras.

720 2316 832 2376 Nec
858 2318 1051 2374 vetitos
1080 2333 1312 2390 unquam
1341 2317 1498 2374 datur
1528 2319 1653 2374 huic
1679 2320 1990 2391 contingere
2011 2318 2182 2387 lucos,

720 2408 833 2465 lllic
858 2409 1028 2481 prisca
1059 2412 1191 2468 fides
1220 2413 1389 2469 electa
1413 2412 1465 2468 in
1492 2412 1622 2469 sede
1643 2413 1892 2483 quiescit,

721 2502 1185 2574 lnsistitgaudens
1207 2514 1412 2561 :eterno
1436 2506 1491 2560 in
1530 2505 1731 2561 fmdere
1772 2506 1901 2570 vita,

721 2597 791 2652 Et
812 2612 1001 2654 secura
1029 2597 1175 2653 salus
1200 2598 1424 2668 placidis
1454 2598 1665 2653 lzetatur
1687 2598 1742 2653 in
1769 2597 1931 2663 arvis,

721 2691 948 2764 Semper
977 2692 1204 2759 victura,
1245 2707 1566 2764 semperque
1592 2691 1644 2747 in
1676 2692 1795 2749 luce
1825 2693 2021 2747 futura.

721 2783 818 2839 llic
837 2784 1159 2855 quicumque
1186 2786 1327 2856 pius,
1355 2784 1601 2855 aequique
1625 2783 1858 2855 bonique
1881 2784 2128 2849 colonus,

722 2873 929 2945 Quique
951 2874 1118 2931 Deum
1146 2874 1340 2932 metuit
1360 2875 1568 2930 sincera
1593 2883 1778 2929 mente
1807 2883 2103 2941 tonantem,

724 2967 899 3036 Atque
925 2981 1052 3023 suos
1075 2967 1242 3024 coluit
1268 2983 1421 3025 sacra
1451 2969 1653 3038 pietate
1676 2977 1945 3037 parentes,

725 3059 795 3115 Et
822 3058 967 3131 degit
991 3059 1248 3130 reliquam
1272 3076 1486 3131 semper
1504 3061 1626 3116 sine
1651 3059 1879 3116 crimine
1899 3060 2083 3124 vitam,

724 3154 832 3208 Aut
856 3151 1068 3224 inpem
1098 3152 1218 3208 fidis
1238 3153 1430 3223 opibus
1451 3152 1660 3207 solatus
1689 3152 1920 3208 amicum
1948 3161 2060 3218 est,

730 3245 908 3315 Atque
933 3244 1197 3301 laboranti
1223 3244 1446 3300 nimium
1475 3242 1725 3301 subvenit
1745 3259 1939 3315 egeno,

728 3337 986 3409 Pauperis
1012 3338 1244 3409 adjutor,
1272 3339 1701 3410 pupillorumque
1729 3346 2005 3409 patronus,

733 3434 887 3489 Eruit
910 3436 1189 3502 innocuos,
1214 3435 1464 3491 subvenit
1486 3433 1713 3491 crimine
1742 3433 1966 3505 pressis,

733 3525 1047 3597 llOSpitibus
1075 3527 1236 3599 larga:
1264 3525 1446 3583 tribuit
1471 3542 1566 3583 sua
1590 3528 1811 3598 pignora
1844 3541 2069 3594 mensa),

736 3618 925 3675 Omnia
952 3619 1130 3676 divine
1166 3621 1357 3690 gessit,
1390 3620 1476 3689 pia
1506 3634 1729 3674 munera
1755 3619 1933 3687 jussit,

737 3710 857 3767 Non
883 3711 1043 3767 alicui
1073 3711 1275 3775 nocuit,
1305 3725 1412 3765 non
1440 3726 1671 3780 unquam
1695 3709 1871 3766 aliena
1893 3709 2113 3780 cupivit,

737 3803 819 3860 llli
845 3802 1151 3859 exultantes
1181 3801 1379 3857 divinis
1412 3801 1656 3857 laudibus
1674 3816 1888 3869 omnes,

738 3896 1136 3967 Hortantesque
1160 3895 1319 3951 simul
1347 3894 1590 3951 referunt
1618 3894 1685 3949 ad
1715 3893 1895 3949 sidera
1922 3907 2103 3962 voces,

740 3990 1043 4047 l’sallentcs
1066 3989 1292 4045 Domino
1315 3988 1590 4045 celebrant
1615 4005 1711 4061 per
1737 3988 1925 4060 gaudia
1953 4000 2152 4060 grates,

745 4082 1145 4155 lnnocuamque
1173 4082 1311 4139 viam
1355 4083 1554 4138 nuntiis
1582 4082 1961 4140 comitantibus
1984 4082 2156 4138 ibunt.

1377 4175 1605 4233 CAPUT
1635 4176 1728 4232 IX.

823 4273 949 4330 Haec
976 4284 1254 4345 postquam
1279 4269 1534 4328 Dominus
1563 4270 1733 4327 felicia
1755 4270 1895 4327 dona
1920 4269 2148 4343 peregit,

755 4368 824 4424 Et
846 4368 1237 4441 pariterjuslos
1267 4376 1470 4424 zeterna
1501 4366 1553 4421 in
1584 4381 1745 4438 regna
1775 4365 2014 4431 remisit;

752 4462 887 4518 Tum
918 4460 1218 4518 miseranda
1240 4462 1406 4530 venit,
1436 4460 1624 4533 lugens
1645 4474 1739 4515 sua
1765 4459 1987 4516 crimina
2021 4458 2200 4528 turba,

756 4555 995 4613 Eﬂ‘undit
1022 4556 1253 4626 gemitus
1281 4555 1535 4627 lacrymis
1560 4555 1834 4611 arentibus
1863 4569 2072 4623 omnes,

756 4649 826 4706 Et
848 4663 945 4705 sua
974 4657 1197 4705 testatur
1220 4648 1425 4705 crebris
1451 4648 1740 4704 ululatibus
1762 4657 1903 4718 acta,

757 4744 1026 4800 Flammas
1052 4757 1150 4816 pro
1171 4743 1398 4809 meritis,
1420 4740 1714 4814 stagnantia
1745 4742 1847 4798 tela
1870 4741 2203 4797 tremiscunt-

758 4837 997 4909 Corripit
1015 4837 1287 4910 angelicus
1311 4843 1507 4905 cretus,
1528 4834 1883 4907 prohibetque
1912 4836 2142 4906 precari,

762 4932 829 4988 Et
856 4931 1105 5003 prohibet
1127 4947 1276 4989 seras
1295 4929 1578 4986 clamando
1602 4928 1825 4986 fundere
1850 4944 2046 4997 voces;

762 5025 979 5082 Sublata
1002 5024 1176 5090 venia,
1209 5023 1429 5080 fundum
1451 5023 1723 5094 jaciuntur
1753 5024 1804 5078 in
1836 5023 2023 5079 imum.

766 5120 811 5177 Ο
837 5120 1042 5185 miseri,
1074 5119 1283 5191 quoties
1305 5118 1558 5190 majestas
1588 5117 1801 5189 cognita
1831 5117 1982 5173 vobis
2007 5118 2021 5169 ε

767 5216 1009 5274 Audistis
1035 5215 1265 5281 sonitus,
1294 5212 1505 5269 vidistis
1530 5212 1736 5283 fulgura
1767 5211 1926 5278 coeli,

769 5308 1027 5366 Assiduas
1053 5306 1281 5378 pluvias,
1312 5315 1593 5362 ventorum
1623 5315 1677 5361 et
1702 5302 1978 5377 grandinis
2004 5302 2108 5357 iras

770 5402 1028 5474 Experti!
1054 5400 1265 5472 quoties
1288 5408 1579 5469 noctesque
1603 5397 1823 5469 diesque
1862 5395 2039 5452 sereni

772 5496 1043 5567 Tempora
1070 5493 1380 5550 fmcuudant
1408 5492 1605 5563 pulcris
1633 5491 1726 5547 Dei
1756 5506 1977 5546 munera
1999 5487 2177 5555 donis,

776 5592 1187 5660 Vernabantque
1208 5602 1368 5655 rosae,
1400 5586 1613 5657 frugum
1644 5600 1743 5641 nec
1772 5585 1938 5641 defuit
1962 5593 2142 5660 aestas,

779 5684 1083 5743 Autumnus
1105 5659 1255 5739 varie
1284 5680 1539 5739 fundebat
1568 5678 1749 5736 mollia
1777 5695 1955 5753 poma,
2136 5659 2157 5675 ’

2336 462 2389 523 Α
2416 464 2617 533 Aspera
2653 463 2839 535 livcms
2864 464 3106 535 quamvis
3128 465 3384 534 glaciales
3407 465 3563 537 fregit
3587 467 3791 533 olivas;

2411 553 2613 611 Cuncta
2640 556 2780 612 Deus
2812 556 3011 622 tribuit,
3049 558 3258 613 bonitas
3290 575 3388 614 nec
3410 561 3578 615 defuit
3607 561 3747 631 ejus,

2412 646 2579 703 Terra
2610 649 2779 705 Deum
2813 649 3049 715 tremuit,
3081 659 3275 719 pontus
3303 654 3369 706 de
3394 666 3522 708 voce
3551 652 3829 724 pependit,

2412 740 2479 796 Et
2509 742 2704 797 ﬂuvius
2734 742 2908 799 siccas
2940 743 3181 814 trepidus
3207 743 3403 815 refugit
3430 760 3659 812 arenas;

2412 832 2480 889 Et
2504 836 2746 905 genitura
2774 835 2940 892 Deum
2965 838 3166 907 quaevis
3193 854 3287 908 per
3304 848 3491 892 cuncta
3521 837 3755 904 fatetur;

2412 930 2523 985 Vos
2551 926 2754 997 iuiseri,
2786 932 3068 987 Dominum
3098 933 3222 987 caeli
3252 942 3511 1004 terraeque
3533 934 3797 1004 negastis,

2412 1021 2803 1095 Przcconesque
2832 1025 2921 1081 Dei
2946 1025 3323 1099 (horrendum)
3346 1042 3487 1098 smpe
3513 1028 3761 1099 fugastis,

2413 1114 2484 1170 Et
2511 1115 2689 1186 justos
2713 1118 2890 1188 petius
2915 1118 3121 1175 crudeli
3148 1119 3296 1175 e:ede
3322 1120 3577 1189 nccastis,

2413 1208 2482 1265 Et
2503 1209 2647 1266 fraus
2669 1212 2722 1267 in
2752 1212 2905 1268 vobis
2930 1225 3051 1283 post
3076 1214 3281 1270 crimen
3312 1230 3527 1286 semper
3556 1215 3795 1272 inhaesit.

2421 1300 2566 1376 Ergo
2590 1303 2845 1361 sementis
2868 1305 3096 1364 fructum
3122 1308 3348 1378 capietis
3373 1308 3568 1381 iniquae
3597 1328 3611 1363 :

2421 1396 2654 1453 Nescitis
2673 1413 2813 1463 esse,
2847 1399 3121 1471 Deumque
3145 1412 3319 1457 tamen
3346 1402 3524 1459 ridere
3555 1402 3775 1469 soletis;

2416 1491 2563 1547 Ibitis
2591 1493 2643 1548 in
2672 1494 2920 1550 tenebras
2949 1495 3085 1566 ignis
3113 1506 3167 1551 et
3192 1498 3466 1567 sulphuris
3497 1498 3654 1565 altas,

2415 1588 2629 1644 Passuri
2661 1590 2915 1646 ardentes
2936 1591 3108 1661 justas
3138 1592 3214 1663 (l)
3241 1592 3565 1647 cruciatibus
3596 1593 3729 1660 iras,

2415 1682 2659 1739 Etcruze
2688 1685 2827 1741 Deus
2854 1699 2976 1741 ossa
3003 1685 3157 1754 jubet
3194 1685 3522 1742 descendere
3553 1702 3751 1757 pusum,

2416 1775 2499 1831 lre
2521 1779 2621 1831 sub
2650 1777 2898 1833 ardorem
2923 1776 3123 1832 rabida:
3148 1778 3266 1834 sine
3298 1778 3404 1834 line
3426 1778 3704 1849 gehennm,

2342 1858 2391 1919 Β
2423 1870 2607 1943 Urgeri
2630 1872 2824 1927 molem
2856 1886 2951 1941 per
2975 1880 3161 1943 stagna
3182 1873 3409 1927 rotantia
3439 1872 3690 1940 ﬂammae,

2417 1964 2476 2020 In
2500 1965 2878 2035 flammamque
2905 1964 3056 2034 jubet
3080 1966 3319 2020 converti
3350 1965 3622 2023 elementa
3654 1967 4001 2035 minantem,

2416 2058 2592 2131 Atque
2620 2075 2833 2116 onmem
2857 2064 2977 2121 εαξη
3009 2063 3342 2120 descendere
3363 2060 3595 2119 nubibus
3622 2061 3824 2133 ignem.

3048 2180 3275 2240 CAPUT
3316 2179 3386 2236 X.

2490 2298 2641 2355 Tunc
2666 2300 2851 2356 avidus
2877 2299 3063 2371 rapido
3089 2308 3174 2356 est
3202 2298 3439 2355 inclusus
3467 2305 3697 2353 tartarus
3726 2297 3883 2368 igne,

2418 2394 2595 2467 Atque
2629 2395 2940 2465 procellosis
2964 2394 3179 2449 ﬂamma
3205 2395 3349 2449 intus
3380 2392 3599 2448 fluctuat
3626 2392 3808 2457 undis,

2420 2493 2667 2560 Totaque
2697 2499 2968 2545 vertentes
2992 2487 3282 2545 confundit
3300 2497 3441 2543 terra
3469 2486 3698 2543 favillas.

2420 2586 2707 2642 Fammcus
2732 2593 2817 2641 est
2848 2585 3051 2651 sulcus,
3078 2584 3267 2639 dentes
3293 2591 3574 2638 vertuntur
3601 2580 3767 2649 acuti,

2420 2678 2680 2734 Omnibus
2710 2685 2766 2731 et
2801 2684 3013 2731 torrens
3038 2675 3338 2730 armabitur
3363 2673 3553 2744 igneus
3576 2674 3754 2727 annis.

2420 2770 2629 2842 lmpetu
2658 2770 2737 2845 (2)
2769 2780 3003 2827 tartareo
3030 2767 3281 2823 freudent
3304 2766 3549 2823 incendia
3577 2765 3804 2832 mundo,

2421 2865 2534 2921 Illic
2566 2864 2830 2936 prmcipiti
2859 2878 3021 2920 cursu
3047 2870 3322 2917 torrentur
3350 2860 3405 2915 in
3432 2868 3588 2926 testu,

2423 2963 2560 3018 Hinc
2591 2960 2816 3032 fugiunt,
2850 2960 2995 3014 illine
3032 2972 3194 3012 cursu
3224 2955 3529 3011 referuntur
3555 2961 3745 3019 acuto;

2424 3058 2590 3113 Obvia
2622 3055 2682 3109 lit
2701 3070 2857 3109 θωνα)
2884 3053 3114 3108 ﬂamma:
3143 3049 3467 3121 fugientibus
3493 3048 3592 3115 ira,

2424 3150 2841 3220 Agnoscuutque
2865 3160 3016 3201 suam
3035 3144 3145 3213 jam
3180 3153 3289 3196 tum
3328 3140 3396 3197 de
3420 3140 3645 3195 crimine
3673 3152 3945 3208 penam.

2347 3246 2394 3309 C
2426 3241 2652 3311 Jamque
2687 3254 2816 3309 Vaga
2846 3253 2876 3293 a
2905 3236 3057 3291 nullo
3088 3235 3245 3290 tellus
3279 3246 3528 3304 possessa
3558 3230 3781 3295 colono,

2428 3330 2686 3402 Equoris
2707 3339 2951 3384 extremo
2978 3340 3161 3397 pressa
3194 3334 3248 3379 et
3276 3323 3379 3377 sub
3403 3322 3509 3377 line
3536 3319 3841 3391 profundo,

2430 3425 2545 3495 Qua
2571 3424 2653 3480 sol
2680 3435 2902 3479 emenso
2930 3419 3080 3475 radio
3106 3415 3449 3473 disterminat
3468 3413 3679 3477 orbem,

2430 3519 2505 3575 Et
2526 3532 2627 3589 qua
2657 3523 2925 3571 transacto
2950 3510 3257 3569 conduntur
3286 3508 3466 3564 sidera
3490 3505 3735 3571 mundo;

2432 3612 2626 3670 (Ether
2645 3610 2840 3682 gliscit,
2866 3608 2996 3664 atris
3022 3606 3275 3661 obstrusa
3302 3602 3421 3657 luce
3450 3599 3710 3666 tenebris,

2435 3706 2635 3763 Ultima
2669 3702 2891 3759 secretis
2929 3708 3183 3770 stagnant
3209 3693 3541 3751 ﬂammantia
3566 3691 3720 3747 rivis.

2437 3798 2508 3855 Et
2528 3806 2717 3853 natura
2748 3794 2853 3852 loci
2876 3794 3100 3865 signatis
3138 3790 3293 3861 ignea
3327 3787 3521 3858 pmuis,

2437 3889 2773 3961 infernisque
2799 3887 2951 3959 palus
2977 3883 3217 3941 candens
3238 3880 3522 3937 ardoribus
3547 3887 3726 3933 atrox.

2441 3984 2654 4041 Intonat
2677 3979 2944 4038 horrificis
2977 3978 3188 4035 facinus
3210 3974 3422 4048 pmnale
3450 3972 3703 4039 caminis,

2443 4080 2680 4143 IEstuat,
2703 4087 2757 4133 et
2782 4078 2990 4148 rapitur
3018 4074 3125 4129 lato
3145 4073 3214 4129 de
3244 4070 3449 4127 vertice
3473 4066 3733 4133 ﬂammas,

2443 4176 2503 4232 ln
2532 4181 2797 4230 tormenta
2825 4185 3014 4236 ruens,
3040 4168 3313 4237 ﬂuctuque
3334 4174 3389 4221 et
3411 4161 3619 4235 gurgite
3641 4173 3826 4227 saevo,

2445 4266 2681 4323 Turbida
2710 4277 2932 4321 ccenoso
2957 4261 3123 4317 fundo
3150 4261 3407 4315 miscetur
3425 4269 3613 4310 arena.

2453 4359 2567 4416 lluc
2592 4356 2804 4429 captiva
2831 4368 3053 4427 gemens
3084 4352 3328 4407 mittetur
3358 4346 3511 4404 turba
3535 4344 3843 4408 malorum,

2450 4456 2825 4522 Arsurumque
2844 4449 3015 4513 nefas,
3043 4444 3297 4503 scelerati
3327 4440 3573 4512 corporis
3595 4452 3829 4508 agmen,

2450 4547 2672 4619 Magnus
2697 4546 2923 4616 plangor
2950 4542 3043 4607 ibi,
3074 4529 3247 4595 ltictus
3270 4536 3506 4594 sociante
3535 4531 3723 4595 boatu,

2372 4644 2429 4707 ι)
2456 4640 2523 4696 Et
2545 4637 2742 4694 stridor
2770 4634 3013 4700 rabidus,
3040 4633 3271 4689 ululatus
3297 4637 3351 4685 et
3377 4625 3501 4683 inde
3527 4623 3851 4681 dolentum.

2453 4733 2731 4803 Exurgcnt
2757 4728 3091 4799 ﬂammaeque
3120 4723 3325 4796 procul,
3357 4732 3611 4791 artusque
3638 4718 3875 4786 sonori,

2452 4827 2594 4899 Ignis
2616 4824 2922 4881 inardescet
2946 4820 3278 4894 gemitusque
3304 4817 3508 4873 feretur
3534 4813 3601 4869 ad
3621 4826 3818 4867 auras.

2454 4919 2604 4975 Tunc
2628 4917 2861 4973 humana
2888 4914 3011 4971 mali
3041 4913 3234 4985 pendet
3262 4909 3545 4967 commissa
3568 4919 3849 4977 propago,

2456 5012 2783 5085 lncipietque
2810 5024 2935 5065 suas
2961 5008 3028 5064 ad
3055 5007 3250 5064 malum
3272 5003 3493 5061 tendere
3521 5000 3753 5073 palmas,

2458 5110 2527 5166 Et
2556 5106 2838 5164 Dominum
2871 5114 2996 5161 tunc
3019 5118 3177 5159 nosse
3202 5101 3367 5166 volet,
3397 5111 3555 5170 quem
3580 5107 3749 5150 nosse
3776 5094 4031 5153 volebat

2458 5206 2631 5264 Antea
2664 5218 2793 5270 non,
2820 5216 2944 5267 cum
2971 5214 3133 5256 nosse
3154 5197 3255 5254 illis
3288 5196 3428 5250 foret
3455 5191 3581 5247 utile
3602 5197 3835 5262 tempus
3861 5207 3881 5259 ;

2459 5297 2567 5353 lllic
2589 5298 2814 5368 quisque
2841 5309 2952 5350 sum
2982 5289 3320 5363 proﬁtcbitur
3345 5285 3511 5343 effera
3541 5283 3691 5351 vitae,

2458 5388 2795 5460 lnjustasque
2823 5401 3038 5455 manus,
3067 5392 3123 5442 et
3144 5396 3303 5440 saevae
3328 5376 3554 5436 erimina
3577 5375 3814 5442 mentis,

2464 5485 2857 5554 llorrescetque
2886 5495 2999 5538 suze
3020 5494 3140 5550 qua:
3166 5474 3393 5534 moverit
3418 5472 3578 5545 impia
3604 5470 3753 5524 vitaz.

2467 5580 2582 5637 Jam
2608 5580 2835 5651 primum
2860 5576 3188 5650 quicumque
3214 5572 3382 5627 Deum
3411 5567 3553 5624 male
3576 5564 3828 5622 senserit
3865 5579 4031 5636 ante,

2468 5674 2539 5731 Et
2556 5687 2687 5743 vaga
2708 5669 2928 5725 mentito
2956 5665 3215 5725 coluisset
3243 5660 3460 5720 numine
3481 5669 3629 5723 saxa,

2008 5795 2387 5858 LECTIONES
2422 5788 2831 5859 VARIANTES.

859 5920 932 5985 (l)
956 5916 983 5970 Ι
990 5917 1112 5971 ustis
1134 5916 1335 5984 fortasse
1354 5912 1541 5969 melius.

2562 5912 2630 5977 (2)
2651 5912 2823 5962 Annon
2846 5903 3003 5974 potius
3027 5904 3231 5967 impete.
