2101 3248
79 204 151 233 1097
766 205 908 235 APPEND]

892 207 939 235 ΗΧ
953 207 1058 236 PRIMA
1065 229 1071 235 .
1652 210 1721 240 1098

78 262 166 298 Atque
180 261 350 290 cruentiferis
364 261 447 298 signis
461 261 608 290 sacraverit
619 268 692 297 aras,
890 265 916 295 Λ
928 263 975 293 lllc
988 265 1045 293 dies
1058 264 1153 298 donec,
1169 264 1302 301 completo
1319 269 1451 302 tempore,
1465 273 1578 303 magnus

77 309 113 336 Et
128 310 273 344 picturatas
284 309 372 337 timuit
382 309 440 337 sine
455 316 522 337 voce
536 308 645 344 ﬁguras,
927 311 1068 339 Adveniat.
1080 310 1173 339 Cuncti
1196 311 1336 340 Dominum
1348 312 1403 348 jam
1415 314 1551 349 agnoscite
1565 321 1656 343 verum
1667 315 1718 352 (a),

77 356 120 385 Ac
133 357 191 384 falsi
208 361 301 385 tenues
309 361 449 385 veneratus
464 355 581 384 numinis
597 355 716 388 umbras,
927 356 976 391 Qui
991 357 1064 385 solus
1078 356 1141 385 facit
1152 357 1219 384 hanc
1231 357 1347 386 animam
1361 365 1408 387 sua
1421 366 1534 388 cernere
1549 359 1620 388 luce.

78 402 115 430 Et
127 409 310 438 quoscumque
319 402 404 430 malus
415 401 524 430 seduxit
539 402 659 437 protinus
674 408 761 430 error.
928 403 1110 439 Eamdemque
1122 407 1210 439 potest
1228 403 1254 431 in
1271 408 1371 432 tartara
1384 404 1500 433 subdere
1515 408 1611 440 pmnls,

76 448 105 478 Si
116 450 177 485 quis
189 449 295 477 adulter
305 454 374 483 erat,
389 449 411 477 si
423 453 500 477 ttatos
514 456 580 478 ense
594 454 713 483 necarat,
927 448 962 477 Et
974 451 1015 478 eui
1026 454 1118 478 cuncta
1131 453 1206 485 patet
1218 449 1280 477 vita:
1295 450 1441 486 mortisque
1455 454 1583 486 potestas,

77 496 108 524 Si
122 501 214 531 raptor
223 502 361 532 grassatus
371 501 440 530 erat,
454 497 476 524 si
488 495 583 524 fraude
593 496 706 524 clientes
927 497 1010 526 Posse
1025 498 1119 531 Deum,
1133 505 1195 525 nam
1208 497 1277 525 velle
1288 501 1330 525 sat
1339 501 1382 525 est
1392 517 1400 530 ,
1415 496 1568 533 factumque
1586 497 1721 533 loquendo

76 544 234 577 Distulerat,
248 544 271 572 si
284 548 376 572 mente
391 551 484 579 parum
498 548 622 571 versatus
638 543 740 575 amica;
928 543 1032 580 Implet,
1047 549 1074 571 et
1087 538 1218 572 obstando
1231 543 1310 579 plane
1324 542 1390 571 nihil
1403 543 1514 579 impedit
1528 543 1613 571 illum.

76 590 141 619 Sive
157 598 221 619 suas
233 590 372 618 hominum
383 589 531 618 macularat
544 589 673 625 sanguine
688 589 801 624 palmas.
927 590 974 619 llle
987 598 1063 618 meus
1075 590 1158 623 solus,
1174 591 1216 618 cui
1232 591 1313 618 credo
1327 590 1451 618 sensibus
1462 590 1533 618 imis.

76 638 255 666 Miscueratve
267 637 401 666 latebrosa
411 637 434 665 si
447 641 533 665 morte
546 644 697 669 venenum;
927 639 962 666 At
976 638 1101 674 quoniam
1115 638 1168 666 leto
1179 645 1273 665 cursus
1287 636 1454 665 concluditur
1466 637 1563 670 omnis,

77 685 165 713 Διιῑεί
181 685 295 713 vestitus
306 685 438 713 scelerato
453 690 562 720 pectora
574 684 645 717 fuco,
927 683 1093 719 Quicumque
1106 687 1148 711 cst
1163 682 1252 716 hodie,
1268 689 1358 710 secum
1370 686 1444 717 putet
1456 683 1546 710 omnia
1562 687 1667 716 mente,

75 732 140 761 Sive
151 731 222 760 male
234 731 356 766 alterius,
372 731 448 759 lucro
458 736 485 759 ct
499 731 633 767 gaudebat
648 730 738 765 iniquo
751 738 758 763 ;
928 730 1015 765 Atque
1029 729 1089 757 ideo
1103 728 1167 756 dum
1179 728 1231 755 vita
1244 733 1344 760 manet,
1360 728 1423 755 dum
1438 734 1550 766 cernere
1569 727 1667 761 lucem,

76 778 194 806 Admisit
207 778 370 814 quicumque
380 777 457 805 nefas
470 777 657 813 quodcumque
671 775 820 809 malorum;
928 777 995 805 Dum
1009 776 1089 803 vitam
1100 780 1204 803 mutare
1212 774 1284 808 licet;
1294 782 1372 810 quam
1390 773 1519 802 terminus
1532 774 1581 802 :evi

75 825 180 861 lugens
194 824 276 853 ardor
289 832 361 857 eum,
377 830 458 860 atque
468 823 537 859 ignis
552 822 686 859 torquebit
698 828 817 850 amarus.
927 823 1028 852 Obruat
1041 823 1172 855 incautos,
1185 827 1212 850 et
1226 821 1315 850 nescia
1329 820 1429 849 ltuuina
1445 820 1533 848 solvat

76 873 299 908 Suppliciumque
310 871 413 900 dabunt
426 872 573 908 peracerbo
588 872 681 900 funere
694 871 795 899 cuncti.
929 869 1043 899 Ultimus
1057 870 1101 897 ille
1114 869 1183 901 dies,
1200 867 1294 896 mortis
1305 868 1366 903 quia
1380 868 1441 903 lege
1452 872 1574 901 tenetur;

75 919 195 948 Plurima
209 919 248 948 sic
261 918 399 947 hominum
413 924 577 948 maerentum
590 919 666 947 turba
679 918 790 955 jacebit.
927 915 1004 950 Quod
1017 915 1130 951 pretium
1142 918 1276 950 superest,
1290 921 1360 942 cara:
1374 913 1508 949 invigilate
1522 913 1613 947 saluti,

379 965 493 995 CAPUT
517 966 563 996 XI.
889 959 914 992 Β
928 962 963 991 Et
977 962 1068 991 faciles
1082 961 1202 997 certique
1217 960 1316 988 bonum
1330 959 1463 988 decurrite
1475 966 1595 987 cursum.

112 1013 170 1041 lloc
180 1014 283 1049 quoties
293 1013 358 1042 olim
373 1014 458 1042 sancti
472 1014 596 1042 cecinere
611 1013 762 1050 Pr0phette,
925 1009 1084 1044 Abstergcte
1098 1007 1148 1043 piis
1163 1006 1306 1035 commissa
1321 1005 1424 1041 piacula
1437 1004 1532 1039 sacris,

76 1060 153 1088 Flatu
167 1065 193 1088 et
208 1060 285 1096 Saspc
301 1060 347 1089 Dei
360 1060 454 1088 moniti
470 1060 562 1088 dixere
576 1059 664 1088 futura
677 1068 685 1093 ;
925 1057 1013 1091 Atque
1027 1062 1108 1090 vagas
1127 1055 1238 1082 nimium
1251 1052 1342 1081 mundi
1355 1053 1435 1081 vitate
1450 1051 1594 1088 procellas;

74 1106 162 1135 Nemo
172 1114 234 1135 suas
247 1106 398 1142 (miserum)
418 1113 508 1139 nemo,
521 1107 589 1134 eheu
605 1107 612 1133 !
628 1105 741 1142 przebuit
753 1112 841 1134 aures.

733 1110 841 1134 taures.
925 1102 993 1130 Tum
1009 1105 1095 1129 rectas
1109 1105 1136 1128 et
1147 1100 1218 1128 adite
1231 1100 1298 1133 vias,
1315 1103 1343 1127 et
1358 1102 1448 1127 sancta
1463 1103 1562 1126 tenete.

72 1153 127 1182 Sed
141 1155 210 1182 Deus
223 1154 393 1189 omnipotens
405 1154 488 1182 voluit
502 1161 550 1180 sua
565 1152 673 1188 prmmia
690 1152 774 1186 nosci,
925 1147 992 1175 llinc
1008 1147 1076 1174 laetis
1090 1146 1187 1174 animis
1202 1152 1312 1181 pravum
1327 1144 1454 1180 depellite
1467 1144 1569 1172 crimen
1579 1152 1597 1177 ;,

72 1201 164 1237 Atque
175 1201 260 1228 minas
272 1200 365 1236 posin
378 1208 424 1235 per
436 1200 549 1236 plurima
563 1200 623 1227 talia
638 1200 714 1235 legis.

712 1220 714 1227 .
924 1194 962 1226 Et
974 1198 1100 1222 concreta
1113 1193 1158 1221 diu
1173 1192 1313 1229 proluatur
1327 1196 1436 1227 pectore
1451 1190 1541 1225 culpa.

72 1235 205 1276 Mitteudo
218 1235 310 1276 statuit
322 1248 422 1284 plures,
436 1252 461 1274 ct
474 1247 554 1275 verba
568 1251 694 1275 sonantes
924 1243 1141 1277 Commissasque
1153 1239 1216 1268 mali
1229 1239 1304 1267 labes
1317 1237 1423 1265 abolete
1437 1235 1578 1284 nefandas,

73 1294 189 1329 Divina;
201 1295 358 1332 excitosque
371 1295 447 1331 jubet
462 1294 569 1330 prodire
583 1294 713 1329 sepulcris
924 1290 1097 1325 Eternisque
1108 1288 1191 1315 Deum
1206 1285 1329 1332 precibus
1344 1284 1445 1319 placate
1457 1280 1640 1332 tremendum.

71 1341 183 1376 Secum,
199 1349 259 1370 cum
275 1327 360 1370 fracto
373 1346 526 1370 surrexerat
542 1341 598 1376 ipsc
613 1342 747 1377 sepulcro.
924 1338 1044 1368 Pessima
1059 1339 1153 1364 cuncta
1167 1333 1245 1361 bonis
1258 1331 1355 1360 cedant
1369 1329 1491 1377 mortalia
1504 1327 1586 1377 vivis,

72 1374 244 1424 Obstupuere
257 1388 365 1424 quidem
378 1389 469 1424 plures
488 1374 606 1423 patuisse
621 1374 754 1422 sepulcra,
925 1386 960 1414 Et
978 1388 1085 1412 servate
1096 1389 1191 1410 novam
1201 1379 1311 1415 jamjam
1324 1377 1381 1405 sine
1395 1375 1508 1404 crimine
1519 1374 1611 1407 vitam,

71 1430 109 1458 Et
120 1432 193 1459 cerni
205 1431 231 1458 in
244 1432 316 1459 clara
332 1436 490 1466 prtemortua
504 1438 616 1466 corpora
632 1430 708 1463 luce;
926 1431 1105 1468 Incipiantque
1117 1428 1194 1457 bonis
1206 1426 1328 1461 verisque
1338 1429 1494 1451 assuescere
1507 1425 1621 1453 mentes,

72 1476 217 1512 Miratique
230 1477 287 1512 pios
299 1484 449 1508 sermones,
465 1477 553 1505 dulcia
569 1477 649 1511 dicta,

925 1479 1061 1509 Laudibus
1076 1481 1103 1505 et
1118 1474 1209 1503 faciles
1223 1472 1320 1501 divinis
1335 1469 1439 1498 reddite
1451 1475 1541 1496 voces.

72 1523 135 1560 19⁵³
148 1531 214 1552 Voce
229 1531 292 1552 ³11³⁵
307 1523 421 1552 lenam“
435 1523 467 1551 ad
481 1523 568 1551 Sidera
584 1524 696 1558 palmas,
925 1527 970 1554 Sic
983 1524 1093 1552 meliora
1108 1521 1158 1557 piis
1172 1518 1321 1554 ﬂagrabunt
1335 1516 1423 1544 omnia
1439 1514 1525 1546 vobis,

72 1570 273 1606 Gratanturque
290 1571 345 1598 Deo
355 1590 363 1602 ,
376 1574 403 1598 et
417 1569 511 1598 victori
525 1569 587 1597 talia
601 1569 718 1602 Christo,
925 1572 970 1600 Sic
983 1577 1089 1606 quoque
1105 1565 1223 1596 caelestis
1236 1563 1350 1600 capietis
1365 1568 1476 1590 munera
1490 1560 1560 1593 vitm,

71 1615 139 1644 Illos
151 1623 203 1644 non
217 1616 333 1644 tumulos
348 1621 451 1643 certum
466 1620 508 1643 est
521 1616 651 1651 repetisse
661 1616 785 1649 silentes,
926 1617 1047 1651 cumque
1061 1615 1115 1642 Deo
1130 1613 1237 1646 longum
1253 1615 1362 1643 semper
1373 1606 1467 1634 vivetis
1484 1606 1510 1633 in
1524 1611 1620 1638 mvum,

71 1662 199 1698 Amplius
213 1667 258 1690 aut
274 1667 353 1690 terrae
367 1662 475 1690 retineri
492 1662 597 1690 viscere
610 1662 736 1694 clausos;
885 1655 908 1687 C
926 1666 1012 1693 Aurea
1026 1660 1124 1690 siderei
1137 1660 1279 1687 cernentes
1289 1653 1385 1691 gaudia
1398 1652 1486 1689 regni.

71 1710 196 1746 Relliqua
211 1710 258 1738 sed
271 1710 381 1738 recubat
396 1717 468 1737 nunc
481 1709 557 1737 turba
569 1709 702 1738 cubilibus
715 1709 777 1738 imis
790 1718 798 1744 ;

732 1765 982 1797 COMMENTARIU
988 1765 1017 1794 S.

109 1824 187 1854 CAP.
199 1824 246 1853 XI.
259 1840 294 1844 —
308 1824 346 1860 (a)
359 1823 449 1852 Cuncti
462 1823 600 1851 Dominum
617 1823 674 1858 jam
688 1823 816 1860 agnoscite
828 1833 872 1851 ve-
961 1822 1075 1850 Ultimus
1088 1819 1132 1860 ille
1147 1817 1222 1860 dies;
1235 1814 1319 1860 tibi
1326 1807 1718 1860 fﬂﬂufi‘fi‘fifu’}__fgﬁfft

73 1845 874 1896 mi}?'L."Easzigiézn'EEoTéﬁi'Ruﬁ}:"ESSE;:
926 1845 1117 1896 mus-amomis
1126 1845 1190 1896 quia
1202 1852 1264 1892 lege
1278 1853 1393 1881 tenetur,
1408 1856 1455 1883 pro
1471 1845 1548 1882 :qui.
1565 1845 1720 1880 Incipiente;

70 1888 149 1924 suam
160 1904 271 1924 cernere
282 1888 379 1923 lucem.
392 1895 642 1931 Entoresuoaccipit
653 1895 748 1922 Auctor
759 1888 872 1931 squam,
926 1901 1016 1931 nouam
1032 1891 1160 1931 periodum
1174 1888 1216 1914 ibi.
1371 1926 1439 1931 um
1462 1917 1598 1931 bulum“
1616 1916 1694 1931 ML“:

551 1916 641 1930 mur"
653 1916 741 1922 mm"
759 1916 766 1923 ’
782 1916 872 1931 Tum"
926 1916 1037 1961 “aliud
1051 1916 1174 1959 pretium
1200 1925 1442 1969 superest-incarie'

926 1954 1070 2001 qurnzqumn
1095 1968 1142 1986 vox
1159 1968 1167 1985 :
1183 1954 1307 1993 pretium,
1323 1958 1442 1990 corrupta
1455 1954 1497 1987 sit,
1513 1954 1563 1980 nisi
1578 1954 1717 1988 accipiatur

139 2003 360 2038 Obruat‘incautos,
370 2011 396 2033 et
409 2003 687 2034 nescia'lumina-solvat.
929 2010 973 2036 111³0
988 2008 995 2026 -'
1012 2003 1130 2034 lil'ecum'

314 2098 670 2153 ΙΝΟΕΒΤΙ
700 2091 1092 2153 AUCTORIS
1133 2099 1143 2142 t

650 2099 670 2153 ῐ
700 2091 1092 2153 AUCTORIS
1133 2082 1479 2144 GENESIS.

881 2201 908 2231 D
922 2198 1100 2233 Pontifcrique
1111 2193 1192 2223 simul
1203 2194 1363 2229 procurvant
1372 2186 1479 2233 brachia
1496 2185 1573 2233 rami.

86 2045 1717 2067 Ηί-

107 2203 245 2240 Principio
256 2203 384 2232 Dominus
399 2204 497 2233 coelum
505 2209 656 2239 terramque
670 2203 771 2231 ereavit
784 2203 824 2237 (l)

69 2250 194 2287 Namque
202 2231 265 2279 lerat
278 2249 411 2283 informis,
424 2231 726 2286 ﬂuctuqueabscondim
743 2231 833 2281 tellus,
922 2247 1022 2281 Quarta
1033 2231 1091 2271 dies
1100 2243 1211 2277 generat
1223 2237 1289 2287 solis
1298 2243 1358 2287 cum
1373 2232 1497 2287 lampade
1507 2231 1610 2287 lunam,

70 2280 277 2333 Itnmensusque
293 2297 363 2325 Deus
376 2280 458 2332 super
471 2280 578 2333 :equora
591 2301 665 2324 vasta
681 2295 799 2328 meabat,
825 2280 829 2281 7
923 2280 958 2322 Et
968 2291 1059 2321 stellas
1074 2287 1189 2317 tremulo
1201 2285 1336 2333 radiantes
1349 2281 1454 2333 lumine.
1464 2280 1549 2314 ίῙηΒίῑι

70 2343 142 2372 Dum
156 2324 242 2371 chao;
251 2347 279 2371 et
292 2343 375 2379 nigrae
389 2324 528 2371 fuscabant
544 2347 639 2371 cuncta
654 2324 797 2370 tenebras.
922 2339 986 2368 llaec
998 2337 1132 2366 elementa
1143 2333 1216 2362 dedit
1226 2331 1348 2379 subjecto
1359 2327 1474 2379 insignia
1485 2324 1620 2379 uiuude

70 2392 129 2420 llas
142 2390 206 2419 dum
216 2372 409 2426 dijungijiussit
418 2389 453 2418 de
465 2388 584 2426 cardine,
600 2389 670 2416 fatur
683 2397 690 2416 :
922 2386 1055 2419 Tempora
1068 2389 1128 2417 qua:
1140 2380 1254 2427 doceat}!
1264 2376 1353 2427 νίπῖξδδ
1364 2372 1653 2427 ξηυιτξηᾳίξξδξξῗηυε·

69 2439 132 2468 Lux
145 2438 202 2472 liat,
215 2420 382 2473 clarovct'ﬁ)
396 2420 532 2464 nituerunt
546 2420 635 2463 omnia
649 2434 760 2462 mundo.
923 2432 959 2463 At
972 2430 1063 2467 quinta
1075 2426 1210 2463 accipiunt
1221 2421 1348 2473 liquentia
1358 2420 1586 2473 lluminla'pisces‘,

70 2484 141 2513 Cum
157 2463 285 2511 Dominus
297 2463 380 2519 primi,
389 2482 551 2518 complesset
566 2481 633 2509 facta
648 2481 712 2514 diei,
923 2479 959 2507 Et
967 2463 1090 2505 volucres
1100 2474 1187 2502 varias
1197 2468 1367 2519 suspendunt
1381 2473 1443 2519 aere
1458 2463 1499 2502 (4)
1514 2471 1626 2500 pennas-

70 2530 200 2559 Condidit
208 2514 342 2557 albentem
356 2514 461 2557 nebulis
477 2527 648 2556 nascentibus
660 2534 750 2558 axem.
922 2526 1003 2555 Sexta
1016 2520 1174 2559 prtegelidos
1187 2519 1215 2547 in
1227 2517 1313 2553 spiras
1323 2514 1438 2564 lubricat
1446 2518 1558 2564 angues,

70 2558 180 2612 Accipit
191 2576 338 2604 immensus
350 2575 481 2603 verrentia
495 2573 534 2611 (5)
549 2574 637 2601 littora
654 2577 762 2609 pontus,
924 2558 1185 2607 Quadrupcdumque
1198 2570 1292 2612 greges
1306 2566 1376 2612 totos
1388 2558 1512 2612 diffundit
1523 2558 1660 2612 ina-giras;

72 2606 235 2658 Multiplices
254 2622 361 2657 rapiens
372 2621 467 2649 validis
553 2606 680 2647 tractibus
693 2624 796 2646 amnes.
924 2606 1082 2651 Cunctaque
1090 2611 1229 2648 multiplici
1244 2606 1380 2638 mandavit
1391 2609 1515 2634 crescere

71 2654 164 2698 Tertia
178 2669 222 2697 lux
236 2654 331 2696 faciem
348 2672 479 2696 terrarum
495 2666 565 2694 fulva
576 2665 684 2698 retexit,
924 2664 1063 2696 Germine,
1075 2666 1102 2689 et
1112 2658 1250 2688 immensis
1262 2662 1354 2686 errare
1367 2658 1395 2683 et
1406 2658 1517 2689 pascere
1529 2654 1618 2678 terris.

71 2715 158 2745 Arida
170 2722 232 2743 mox
245 2714 332 2750 posito
344 2718 467 2742 narratur
481 2713 589 2741 nomine
604 2716 694 2744 terrae,
925 2711 988 2740 Haec
1003 2710 1047 2738 ubi
1059 2706 1198 2737 constituit
1211 2704 1301 2733 divina
1307 2700 1431 2750 _potentia_
1443 2699 1534 2750 iussu:

70 2763 170 2791 Florea
185 2743 304 2790 ventosis
316 2764 479 2797 consurgunt
489 2759 610 2795 germina
625 2758 737 2794 campis,
923 2758 1065 2787 Rectorem
1076 2753 1221 2790 inspiciens
1233 2748 1374 2779 mundanis
1384 2745 1476 2776 defore
1489 2743 1581 2776 rebus,

662 2815 852 2846 LECTIONES
869 2813 1077 2846 VARIANTES.

71 2883 78 2898 '
108 2878 586 2920 (!)’:9m“_v.°°9-Vi9.‘°"i"“5t...
612 2913 645 2920 ..
722 2912 750 2920 η.
784 2913 790 2919 .
813 2912 838 2920 ..

615 2913 645 2920 ..
722 2912 750 2920 η.
957 2867 1444 2920 φὶςπαηείωέξξὶιξξξξηωέηηξξεί·

108 2883 134 2920 (1
166 2881 279 2914 ιοωυὶι,
293 2878 355 2908 cod.
365 2878 527 2920 Victorinus.
612 2913 619 2920 .
784 2913 790 2919 _
957 2876 1002 2947 (ὅζ
1010 2876 1140 2905 Errantia,
1155 2876 1247 2900 Baluz.
1258 2877 1293 2898 ex
1300 2876 1358 2909 eoo.
1379 2876 1429 2895 vici

107 2882 151 2954 (2;
165 2916 309 2954 Clar_0;_Sic
320 2915 455 2943 Pamehus
467 2919 527 2951 post
541 2912 704 2943 Fabricium.
719 2912 790 2942 Clara
813 2912 870 2942 Mo—
962 2913 990 2949 (ι
1018 2910 1139 2946 Corpore,
1150 2906 1243 2936 Morel.
1253 2905 1314 2934 cod.
1327 2902 1429 2931 Victor.

68 2951 121 2984 rei.
138 2951 167 2982 et
178 2952 229 2980 cod
242 2951 345 2979 Victor.

195 2999 414 3030 Tentuutaut
437 2997 476 3028 ll.
1275 2980 1518 3025 (Tremo-0‘qu
