4202 6496
727 394 865 449 1090
2146 384 2386 445 TERTUJ

2393 384 2610 443 LLlANl
3889 389 4052 448 I100

728 509 853 565 "me
867 503 2320 578 memoratzNostrishominemlacinmusad(l)unguem
2347 507 2400 569 Α
2428 502 2520 560 Illa
2547 513 2721 576 negat,
2751 505 3051 578 vetitosque
3082 505 3234 563 timet
3257 506 3567 587 contingere
3595 520 3816 573 ramos;

730 603 979 659 Vultibus
1005 601 1330 670 adsimilem,
1359 611 1473 658 toto
1501 602 1590 672 qui
1618 609 1806 672 regnet
1827 600 1880 656 in
1907 599 2059 657 orbe.
2426 598 2532 654 Sed
2566 608 2744 656 tamen
2767 599 2979 656 infirmo
3007 601 3290 658 vincuntur
3319 610 3534 673 pectora
3563 615 3744 658 sensu.

729 695 798 750 Et
827 694 950 750 licet
971 695 1111 750 hunc
1137 710 1246 751 uno
1273 703 1457 765 posset
1480 708 1811 765 componere
1833 699 2017 757 verbo,
2426 689 2595 747 lllicet
2623 701 2679 746 ut
2700 691 2857 749 niveo
2878 692 2989 763 jam
3013 692 3160 749 mitia
3185 693 3348 752 dente
3374 694 3682 763 momordit,

727 787 849 858 Ipse
880 797 1058 843 tamen
1083 796 1267 843 sancta
1296 786 1546 858 dignatus
1572 785 1773 842 ducere
1797 785 2004 851 dextra,
2426 784 2660 842 Adfulsit
2689 786 2830 842 nulla
2854 787 3174 842 maculatum
3197 788 3338 844 nube
3359 802 3634 844 serenum.

731 877 964 949 lnspirat
990 878 1206 935 brutum
1231 877 1414 934 divino
1435 893 1464 933 a
1491 887 1709 950 pectore
1737 886 1945 948 pectus.
2424 875 2564 931 Tum
2591 891 2753 949 sapor
2783 877 3087 935 illeocbram
3116 878 3331 936 mellitis
3355 879 3602 936 faucibus
3639 876 3852 944 indcns,

802 971 974 1039 Quem
998 981 1276 1042 postquam
1305 969 1482 1041 efﬁgie
1503 973 1812 1037 lormatum,
1841 986 1938 1027 ceu
1962 985 2055 1026 sua
2077 968 2156 1042 (Ξ)
2174 967 2319 1034 vidit,
2425 967 2698 1039 Compulit
2726 969 2940 1026 insueto
2963 985 3158 1026 munus
3181 969 3396 1028 deferre
3419 972 3635 1028 marito.
3811 961 3824 976 ’

730 1064 950 1120 Metitur
979 1063 1059 1135 (3)
1083 1063 1255 1119 solum
1288 1062 1565 1119 mordaces
1599 1063 1809 1119 solvere
1835 1077 2009 1118 curas.
2427 1062 2580 1132 Quod
2607 1062 2768 1120 simul
2796 1079 2860 1119 ac
2887 1065 3134 1135 sumpsit,
3157 1065 3370 1123 detersa
3398 1074 3574 1132 nocte,
3609 1065 3845 1122 nitentes

731 1154 882 1212 Ilicet
911 1157 1109 1225 irriguo
1137 1153 1412 1227 persuadit
1437 1154 1639 1210 lumina
1666 1169 1876 1219 somno,
2426 1157 2709 1213 limicucrc
2737 1157 2897 1226 oculi,
2931 1158 3131 1215 mundo
3157 1159 3494 1230 splendente,
3528 1160 3725 1214 sereni.

730 1249 943 1306 Mollius
970 1251 1187 1321 utlvulsa
1218 1248 1477 1305 formetur
1507 1246 1722 1304 ftetnina
1763 1258 1930 1314 costa,
2427 1249 2570 1321 Ergo
2591 1250 2678 1305 ubi
2705 1250 2960 1306 nudatum
2993 1253 3270 1323 prospexit
3292 1267 3489 1324 corpus
3516 1261 3761 1323 uterque,

729 1347 907 1415 Atque
929 1355 1078 1400 artus
1108 1346 1273 1399 mixtu
1303 1343 1515 1414 gemino
1545 1343 1841 1398 substantia
1874 1343 2065 1398 firmet.
2426 1340 2668 1413 Cumque
2691 1343 2936 1412 pudenda
2961 1343 3165 1409 vident,
3208 1343 3417 1399 ficulnis
3443 1343 3720 1400 frondibus
3744 1342 4048 1400 umbraut.

728 1439 936 1496 luditur
963 1450 1017 1495 et
1041 1454 1236 1496 nomen
1263 1439 1407 1507 vitae,
1439 1437 1579 1508 quod
1605 1438 1796 1494 dicitur
1820 1437 1950 1492 Eva.
2429 1432 2590 1490 Forte
2611 1435 2710 1490 sub
2736 1434 2956 1490 occiduo
2987 1436 3197 1492 Domini
3223 1435 3336 1507 jam
3367 1436 3568 1493 lumine
3595 1438 3725 1493 solis

733 1530 1067 1604 Quapropter
1097 1533 1205 1586 nati
1233 1531 1482 1602 linquunt
1507 1531 1572 1586 de
1603 1540 1776 1585 morte
1804 1537 2072 1600 parentes.
2428 1525 2738 1596 Agnoscunt
2775 1530 3029 1595 sonitum,
3053 1529 3354 1600 trepidique
3378 1529 3444 1585 ad
3465 1530 3618 1586 devia
3658 1531 3927 1586 tendunt.

729 1626 1165 1698 Conjugibusque
1192 1626 1302 1682 suis
1343 1625 1528 1695 positis
1558 1640 1677 1680 cum
1711 1624 1926 1678 sedibus
1950 1622 2154 1676 luerent
2184 1637 2196 1673 :
2429 1617 2564 1673 Tum
2595 1619 2847 1676 Dominus
2871 1621 2992 1677 caeli
3020 1629 3273 1678 maestum
3301 1622 3587 1693 compellat
3605 1623 3878 1678 Adamum
3911 1640 3928 1676 :

733 1718 968 1789 Septima
1000 1718 1212 1788 quando
1245 1718 1381 1772 Deus
1409 1716 1688 1777 factorum,
1715 1716 1818 1769 line
1846 1716 2067 1784 quievit,
2430 1709 2524 1765 Dic
2547 1713 2632 1766 ubi
2657 1728 2799 1768 nunc
2820 1713 3020 1785 degas?
3049 1713 3345 1785 Respondit
3373 1715 3498 1771 talia
3524 1717 3750 1788 supplex
3775 1735 3788 1771 :

732 1809 949 1866 Sacrata
973 1819 1211 1864 statuens
1237 1811 1442 1864 venturi
1471 1809 1656 1876 gaudia
1680 1807 1765 1880 (4)
1795 1809 1970 1869 saecli;
2427 1805 2472 1860 0
2503 1807 2743 1871 Domine,
2780 1808 2989 1863 adfatus
3026 1809 3216 1878 pavido
3243 1809 3343 1864 sub
3373 1810 3534 1864 corde
3562 1811 3841 1878 tremisco,

732 1901 880 1958 ilicet
906 1901 1174 1956 cxhibitus
1201 1901 1527 1956 animantum
1559 1915 1622 1954 ex
1647 1900 1833 1954 ordine
1858 1901 2046 1961 turbis,
2351 1913 2399 1972 Β
2429 1898 2633 1970 Magne,
2667 1911 2817 1965 tuos;
2849 1901 3130 1973 nudusque
3159 1912 3298 1957 metu
3323 1901 3551 1973 frigente
3583 1902 3797 1973 fatigor.

732 1993 941 2049 Viritim
971 1991 1051 2065 (ὅ)
1077 1993 1283 2048 cunctis
1316 2008 1508 2047 nomen
1535 1991 1672 2061 quod
1699 2001 1974 2059 permanet
2003 1989 2150 2055 indit,
2428 1992 2562 2046 Tum
2592 1994 2846 2048 Dominus
2871 2011 2884 2056 ;
2914 1994 3042 2062 Quis
3073 2009 3226 2063 poma
3249 1993 3396 2049 dedit
3423 1994 3630 2048 noxalia
3660 1994 3860 2049 vobis?

733 2087 922 2143 Adatni
955 2102 983 2139 a
1009 2086 1232 2141 Domino
1257 2085 1450 2140 donata
1480 2084 1697 2138 St-ientia
1731 2081 1809 2154 (6)
1838 2082 2023 2138 soleis.
2430 2085 2671 2140 Tradidit
2700 2088 2815 2141 haec
2843 2087 3057 2147 mulier,
3091 2086 3215 2141 dum
3249 2087 3379 2141 dicit
3401 2087 3601 2142 lumina
3626 2091 3937 2160 promptim

733 2180 901 2246 Quem
927 2179 1065 2232 Ileus
1088 2177 1338 2248 alloquio,
1370 2177 1608 2246 juncmtn
1631 2176 1878 2244 dignatur
1905 2186 1959 2227 et
1979 2175 2054 2228 Ἐκ
2069 2190 2153 2229 am
2190 2192 2201 2227 :
2429 2179 2687 2234 Catuleuti
2719 2185 2929 2246 perfusa
2954 2181 3062 2244 die,
3094 2180 3462 2252 liquidumque
3486 2195 3737 2236 serenum

734 2272 974 2327 Crescite
1002 2270 1315 2325 multimodo
1341 2279 1559 2325 ventura
1591 2269 1640 2322 iu
1668 2279 1905 2336 tempora
1939 2276 2110 2335 partu.
2431 2273 2728 2329 Adrulsissc
2754 2277 2853 2330 sibi
2905 2277 3180 2345 δηιοιηιμιο
3210 2283 3265 2331 οι
3293 2275 3474 2329 sidera
3504 2276 3648 2330 celi.

735 2363 808 2418 Ut
837 2364 989 2432 polus
1017 2371 1072 2417 et
1093 2367 1263 2430 plcute
1289 2370 1472 2416 vestro
1496 2362 1605 2415 sint
1640 2359 1882 2430 germine
1905 2368 2086 2424 terrae,
2434 2365 2684 2418 l’rotinus
2709 2368 2783 2419 ira
2821 2365 2913 2420 Dei
2943 2367 3206 2421 turbatam
3237 2367 3446 2421 territat
3473 2365 3660 2431 Evam,

735 2453 1094 2524 [heredesque
1127 2455 1256 2522 mei,
1285 2454 1460 2508 varios
1486 2453 1754 2521 decet-pile
1781 2451 2002 2508 fructus.
2433 2459 2721 2512 Auctor-oni
2756 2457 2899 2513 vetiti
2927 2457 3051 2514 dum
3079 2459 3270 2529 quaerit
3298 2458 3564 2514 maximus
3591 2459 3717 2516 acti.

738 2549 885 2617 Quos
911 2562 1129 2604 nemora
1154 2558 1210 2604 et
1236 2548 1416 2618 pingui
1443 2546 1671 2603 reddunt
1695 2546 1778 2616 (7)
1810 2546 1878 2601 de
1904 2546 2105 2616 cespite
2130 2544 2324 2616 campi.
2433 2548 2524 2603 [tta
2557 2551 2654 2603 sub
2682 2550 2795 2604 huic
2833 2550 3049 2620 pandit:
3078 2549 3358 2620 Serpentis
3388 2564 3546 2606 suasa
3576 2549 3855 2622 loquentis

735 2639 864 2696 llaec
885 2639 971 2694 ubi
1002 2638 1272 2704 disseruit,
1305 2639 1421 2693 laeta
1451 2636 1728 2708 paradisus
1758 2637 1809 2691 in
1837 2637 1956 2690 aula
2435 2645 2651 2712 Accepi,
2684 2643 2899 2699 fallente
2929 2642 3075 2707 dolo,
3107 2643 3410 2713 blandoque
3433 2650 3653 2710 rogatu;

736 2731 1034 2797 luStruitur,
1069 2731 1333 2802 primique
1352 2740 1592 2798 asliecmt
1619 2729 1816 2784 lumina
1846 2730 1992 2784 solis.
2433 2733 2568 2789 Nam
2596 2750 2691 2790 sua
2721 2735 2951 2806 vipereis
2973 2735 3222 2790 intexens
3245 2734 3403 2790 verba
3436 2737 3679 2800 venenis,

736 2821 984 2895 Gignitur
1009 2822 1124 2878 bmc
1151 2823 1308 2888 inter,
1341 2822 1510 2892 pomis
1541 2821 1785 2876 letalibus
1808 2821 1988 2882 arbor,
2435 2827 2564 2884 llmc
2589 2827 2718 2882 mihi
2746 2843 2854 2897 pra:
2879 2829 3086 2883 cunctis
3117 2831 3355 2882 narravit
3383 2826 3556 2882 dulcia
3589 2829 3788 2898 pomis.

738 2916 1088 2986 Conjunctum
1119 2930 1386 2986 generatis
1417 2914 1539 2968 vim!
1564 2915 1856 2982 mortisque
1890 2925 2157 2981 saporem.
2437 2921 2584 2976 [licet
2602 2924 2938 2991 omnipotens
2967 2919 3291 2976 comlcmnal
3315 2929 3462 2989 gesta
3491 2920 3767 2986 draconis,

740 3007 970 3066 Edibus
998 3009 1050 3064 in
1073 3009 1263 3064 mediis
1288 3023 1422 3079 puro
1445 3006 1559 3062 ﬂuit
1581 3007 1792 3076 agmine
1819 3004 2040 3070 ﬁumen.
2437 3012 2766 3084 Prmcipiens
2791 3015 3000 3070 cunctis
3029 3015 3259 3070 invisum
3291 3017 3464 3070 visere
3492 3023 3820 3079 monstrum,

739 3101 892 3170 Quod
921 3103 1056 3173 rigat
1084 3101 1318 3172 insignes
1344 3101 1553 3170 liquidis
1575 3100 1642 3156 de
1663 3099 1910 3154 fluctibus
1941 3111 2114 3162 ortus,
2438 3109 2661 3165 Pectore
2682 3125 2806 3165 mox
2828 3110 2945 3165 fuso
2969 3124 3280 3180 prorcpcre,
3312 3118 3422 3163 tum
3450 3108 3568 3163 sola
3595 3122 3784 3163 morsu

739 3192 1183 3264 Quadrifidesque
1212 3201 1359 3248 SEN".
1386 3191 1617 3246 undante
1642 3207 1706 3245 (‘X
1739 3191 1879 3244 [οιιιρ
1901 3198 2130 3246 meatus.
2437 3201 2713 3268 Maudcre’
2746 3217 3004 3258 ιηθηευιιο
3030 3217 3362 3273 qumcunque
3399 3202 3451 3256 in
3480 3211 3725 3270 tempora
3761 3200 3949 3267 bello,

738 3286 938 3343 Phison
969 3286 1215 3341 auriferis
1240 3285 1503 3354 praedives
1530 3284 1748 3340 ﬂuctuat
1781 3283 1954 3349 undis,
2360 3304 2397 3367 ρ

2360 3304 2405 3367 C
2442 3293 2712 3349 llumanus
2737 3295 2877 3349 inter
2897 3309 3109 3362 sensus,
3133 3294 3412 3366 ipsumque
3439 3293 3707 3349 labantem
3731 3310 3747 3358 ;

739 3379 1170 3449 Consliieuasque
1200 3380 1322 3433 terit
1348 3391 1508 3432 rauco
1532 3376 1600 3431 de
1637 3375 1843 3445 gurgite
1873 3388 2146 3442 gemmas;

2133 3391 2146 3438 ς
2439 3385 2654 3441 Vertico
2682 3395 2738 3441 ut
2757 3386 2969 3456 abjecto
2992 3401 3190 3457 pronus
3213 3395 3333 3456 post
3362 3400 3518 3442 crura
3547 3387 3790 3440 virorum

741 3471 996 3528 Prasinus
1023 3470 1144 3525 huic
1172 3485 1389 3535 nomen,
1418 3469 1490 3524 illi
1519 3477 1603 3522 est
1629 3467 1987 3522 carbunculus
2018 3464 2232 3531 ardens,
2439 3482 2711 3552 serperet,
2741 3490 2799 3536 υι
2822 3482 2991 3537 calcet
3023 3483 3151 3536 dum
3181 3481 3368 3537 labens
3397 3481 3644 3537 ροιηίηυε
3667 3481 3869 3535 instat.

746 3566 1176 3638 Perspicuusque
1200 3564 1347 3619 vadis
1376 3571 1569 3618 tet-ram
1598 3561 1894 3631 prmlainbit
1927 3559 2119 3614 Evilat.
2438 3575 2677 3632 ῖωηιίηε,
2701 3575 3015 3647 fraudigeris
3045 3577 3241 3632 misere
3272 3575 3492 3646 decepta
3516 3575 3768 3647 loquens,

742 3660 872 3717 Post
898 3659 1039 3714 lutuc
1061 3656 1344 3728 [EtitiOpas
1372 3655 1538 3712 Gaeon
1567 3654 1818 3724 adlapsus
1842 3654 2060 3723 epimat.

2442 3667 2755 3736 I’rmcipitur
2781 3667 2915 3722 duro
2941 3667 3252 3723 discriminc
3280 3683 3482 3736 ponere
3515 3677 3750 3739 partum,

739 3751 956 3808 Tertius
981 3761 1067 3807 est.
1094 3749 1288 3821 Tigris,
1316 3748 1578 3819 Euphrati
1610 3749 1891 3817 adjunctus
1919 3761 2132 3803 unumne
2153 3788 2166 3810 ,

1976 3761 2132 3803 "03"“
2153 3788 2166 3810 ν
2441 3761 2838 3829 Servitiumquc
2861 3761 2945 3815 sui
2971 3761 3150 3816 studio
3177 3762 3412 3831 perferre
3440 3762 3635 3817 mariti.

742 3844 1018 3916 Assyriam
1046 3842 1205 3897 celeri
1234 3841 1505 3897 discretim
1534 3840 1751 3895 flumine
1779 3839 2010 3894 sulcans.

1880 3853 2010 3890 3-19-5-
2440 3852 2522 3907 Tu
2551 3868 2680 3908 vcro
2704 3854 2788 3906 cui
2818 3853 2929 3908 visa
2956 3851 3060 3909 fuit
3083 3853 3347 3909 sententia
3377 3869 3539 3909 verax

863 3935 1066 4008 ροείιυε
1091 3944 1273 3991 ςυειος
1299 3933 1535 3990 Adamus
1558 3948 1679 3988 cum
1706 3933 1931 4002 COIIjllgC
1957 3931 2082 3997 fida,
2442 3943 2716 4013 Conjugis,
2753 3944 2946 3998 immiti
2970 3944 3134 4001 cessi],
3159 3961 3279 4016 qua:
3302 3948 3441 4000 victa
3469 3945 3716 4012 draconi,

745 4030 924 4101 Atque
953 4029 1153 4099 ouifex,
1187 4029 1277 4084 tali
1307 4028 1563 4083 formatur
1584 4042 1713 4084 voce
1741 4026 2000 4082 Tonantis
2033 4043 2045 4079 :

2445 4039 2678 4096 Dellcbis
2702 4039 2959 4095 miserum
2993 4055 3090 4111 per
3121 4051 3360 4111 tempora
3390 4041 3548 4113 longa
3575 4040 3854 4110 laborem,

748 4122 829 4180 Ne
854 4123 1116 4193 trepidate
1145 4120 1306 4177 simul
1338 4120 1510 4176 licitos
1536 4135 1870 4190 prmccrpcrc
1899 4118 2123 4185 fructus,

2119 4163 2123 4181 .
2443 4129 2576 4185 Nam
2608 4132 2700 4187 tibi
2731 4131 2953 4186 triticea:
2976 4143 3157 4203 surget
3179 4148 3278 4203 pro
3303 4135 3548 4204 germine
3575 4134 3778 4189 messis

746 4212 894 4282 Quos
916 4228 1104 4270 nemus
1134 4214 1404 4268 intonsum
1432 4226 1584 4267 ramo
1609 4209 1889 4266 frondente
1909 4210 2139 4267 creavit:

2098 4219 2139 4267 ιί
2442 4222 2703 4286 Carduus,
2736 4235 2790 4277 ct
2827 4224 2994 4294 spinis
3016 4226 3242 4281 multum
3273 4227 3512 4297 paliurus
3535 4227 3708 4280 acutis
3743 4245 3757 4281 :

745 4308 969 4366 Solliciti
992 4323 1057 4363 ne
1089 4305 1229 4362 forte
1257 4305 1456 4362 malum
1491 4303 1681 4359 noxale
1706 4304 1910 4373 legatis,

2442 4313 2514 4370 Ut
2541 4333 2660 4371 cum
2691 4317 2984 4374 visceribus
3009 4319 3165 4375 lassis
3202 4331 3256 4375 et
3293 4331 3511 4390 pectore
3533 4329 3758 4386 incesto,

750 4401 902 4468 Quod
927 4401 1062 4455 viret.
1086 4414 1151 4455 ex
1178 4399 1393 4470 gemino
1419 4396 1650 4453 discreto
1674 4396 1742 4451 ad
1768 4397 1947 4452 munia
1975 4410 2157 4451 succo.

2098 4410 2157 4450 10-
2446 4408 2678 4464 l'luriuta
2707 4410 2965 4466 sollicitos
2994 4421 3248 4482 praestent
3274 4412 3501 4484 suspiria
3528 4413 3706 4470 victus
3743 4431 3757 4467 :

750 4492 860 4550 Nec
888 4494 1064 4548 minus
1095 4493 1295 4548 inlcrca
1322 4504 1495 4547 θεοῦὸ
1521 4506 1624 4545 ηυι
1645 4491 1749 4544 alla
1780 4492 2012 4554 lenebal.
2446 4502 2624 4558 Donec
2653 4503 2705 4557 iu
2735 4502 2958 4559 occiduo
2986 4503 3247 4561 venientis
3274 4515 3514 4576 tempore
3539 4506 3766 4570 mortis,

753 4588 832 4644 Ac
856 4584 1016 4642 modo
1045 4583 1299 4639 formatos
1327 4597 1428 4639 uec
1454 4583 1618 4638 vestis
1647 4591 1857 4637 texerat
1882 4590 2052 4636 artus.
2447 4593 2597 4649 lYndo
2635 4594 2775 4664 geris
2800 4611 2993 4664 corpus
3020 4606 3176 4653 terra:
3209 4598 3435 4655 reddare
3457 4598 3676 4670 jacenti.

824 4680 932 4735 llas
958 4677 1097 4733 inter
1118 4676 1295 4740 sedes.
1327 4684 1382 4731 cl
1408 4676 1586 4731 ltaCCiS
1617 4675 1836 4731 milibus
1864 4682 2032 4738 01108.
2361 4701 2416 4761 D
2447 4684 2537 4740 llis
2567 4687 2730 4753 actis,
2764 4685 3019 4742 Dominus
3046 4688 3270 4761 trepidis
3294 4689 3380 4745 dat
3414 4691 3569 4746 tmdia
3589 4691 3760 4759 vita},

750 4775 1017 4847 Spumeus
1048 4779 1224 4826 astuto
1251 4771 1470 4824 vincens
1497 4768 1745 4823 animalia
1777 4783 1937 4823 sensu
1963 4810 1978 4834 ,
2447 4776 2793 4847 Dejectosquc
2822 4780 3004 4850 procul
3035 4781 3256 4837 sacratis
3280 4780 3519 4838 dimove;
3545 4782 3755 4850 bonis.

751 4866 1014 4938 Serpcbat
1040 4867 1196 4921 tacite
1224 4863 1385 4932 spiris
1410 4861 1726 4932 frigentibus
1750 4861 1936 4931 anguis
1960 4876 1974 4925 ;
2444 4869 2812 4941 Obversosque
2843 4872 3012 4940 locat,
3039 4873 3321 4945 medioque
3346 4874 3586 4932 eliminat
3611 4877 3758 4948 igni,

752 4958 936 5016 Livida
969 4956 1202 5012 mordaci
1226 4954 1450 5008 volvens
1474 4953 1750 5008 mendacia
1773 4967 1954 5015 sensu,
2444 4961 2498 5016 In
2531 4977 2637 5033 quo
2661 4962 2918 5033 perceleri
2960 4962 3231 5022 Cherubin
3259 4966 3523 5023 evolvitur
3548 4979 3681 5025 testu
3702 5012 3718 5037 ,

755 5048 1033 5108 Foeminen
1063 5053 1232 5102 tentat
1249 5046 1348 5100 sub
1378 5054 1594 5114 pectore
1622 5044 1804 5098 mollia
1829 5043 2011 5098 corda.
2447 5053 2581 5108 Dum
2611 5054 2815 5111 candus
2840 5055 3085 5114 δείπνει
3109 5075 3242 5129 apex
3261 5102 3274 5126 ν
3308 5059 3653 5132 ﬂammasque
3689 5065 3946 5125 νοιυαη.

751 5144 848 5199 Dic
876 5141 1007 5197 mihi
1032 5155 1131 5196 cur
1161 5150 1367 5234 metuas
1397 5137 1568 5192 felicia
1595 5135 1831 5234 germina
1854 5137 2019 5190 mali?
2094 5227 2104 5234 .
2151 5228 2172 5234 Α
2443 5146 2604 5213 Qutis
2634 5146 2919 5214 Dominus,
2974 5150 3126 5221 pigro
3163 5165 3231 5207 ne
3261 5150 3457 5222 frigore
3502 5154 3750 5210 membra
3784 5159 4069 5234 rigerent,

752 5231 1016 5304 Numquid
1047 5244 1201 5302 poma
1228 5229 1368 5284 Deus
1398 5245 1501 5283 nou
1541 5228 1719 5284 omnia
1749 5237 1873 5283 uota
1902 5227 2174 5284 sacravit?
2443 5238 2664 5295 Censuit
2687 5241 2902 5297 evulsas
2930 5243 3194 5312 pecudum
3223 5243 3290 5300 de
3314 5246 3522 5301 viscere
3547 5245 3756 5317 pelles,

754 5329 797 5384 Ε
830 5328 980 5397 queis
1003 5327 1045 5381 si
1077 5325 1290 5380 studeas
1313 5322 1541 5378 mellitos
1565 5337 1786 5393 carpere
1809 5323 1997 5387 vietus,
2444 5331 2703 5402 operiens
2728 5334 2898 5389 nudus
2921 5336 3109 5391 calidis
3135 5336 3204 5392 de
3232 5336 3471 5394 vestibus
3496 5351 3661 5395 ιιι-ωε,

754 5423 966 5478 Aureus
993 5419 1252 5488 astrigero
1278 5415 1536 5472 rcmeabit
1562 5415 1778 5472 cardine
1806 5416 2057 5472 mundus.
2519 5423 2661 5494 Ergo
2687 5425 2774 5480 ubi
2797 5427 3045 5498 coniugio
3069 5442 3188 5486 sese
3213 5429 3318 5500 iam
3348 5429 3485 5487 fidus
3515 5431 3764 5493 Adamn:

1904 5531 2285 5594 LECTIONES
2321 5536 2727 5597 VARIANTES.

822 5655 900 5729 (ι)
926 5654 1013 5720 In,
1041 5651 1228 5710 Morel.
1257 5652 1376 5708 cod.
1409 5651 1611 5709 Victor.
2543 5657 2574 5711 5
2623 5657 2908 5714 Distinctim
2929 5662 3057 5718 edit.
3073 5663 3247 5719 Oxon.

825 5728 902 5798 (ἓ)
926 5728 1151 5798 Artiﬁcis
1174 5727 1447 5797 [annulum
1476 5726 1528 5779 in
1552 5724 1790 5795 imagine,
1807 5722 1978 5781 editor
1993 5721 2332 5793 Oxoniensis,
2516 5654 2597 5800 E6;
2633 5729 2913 5786 Prudentia
2951 5733 3136 5790 Morel.
3184 5735 3247 5791 Pa

825 5721 902 5798 (ἓ)
926 5728 1151 5798 Artiﬁcis
1174 5727 1447 5797 [annulum
1476 5726 1528 5779 in
1552 5724 1790 5795 imagine,
1807 5722 1978 5781 editor
1993 5721 2332 5793 Oxoniensis,
2516 5721 2594 5800 (6)
2633 5729 2913 5786 Prudentia
2951 5733 3136 5790 Morel.
3184 5733 3388 5794 Palnel.
3435 5737 3667 5793 Adamus
3717 5741 3942 5802 donata
3981 5749 4072 5804 sisi

747 5800 932 5857 Baluz.
973 5868 981 5869 ί
1409 5867 1437 5869 η
1523 5866 1542 5869 _
1599 5867 1605 5869 _
1686 5867 1692 5869 Α
2440 5802 2729 5869 prudentia,
2759 5804 2880 5858 cod.
2912 5804 3050 5860 Vict.

901 5818 932 5853 ι.
2440 5818 2560 5866 prata

2440 5818 2729 5866 prudentia,
2759 5818 2880 5858 eoa.
2916 5818 2947 5860 ν
2960 5818 3049 5859 tct.

822 5871 901 5946 (ἦ)
935 5868 1052 5946 {Yon
1087 5869 1274 5936 pnlilttr
1300 5867 1494 5946 conjic.
1520 5866 1792 5946 Ba_lnzitts._
1843 5935 1902 5946 ﬂ
2082 5937 2113 5946 ﬂ
2154 5938 2166 5946 _
2441 5866 2448 5869 ⁷
2514 5870 2590 5945 (7)
2623 5871 2855 5930 Reddent
2911 5875 3048 5936 Vict.

832 5935 907 6015 μ’)
939 5935 1206 5998 Sacratam
1229 5957 1274 5995 δ.
1296 5954 1343 5998 υ.
1366 5939 1433 5995 ad
1462 5938 1668 6011 gaudia,
1696 5937 1817 5994 Cod.
1843 5935 2046 5994 Victor.
2078 5937 2188 5994 Bal.
