4202 6496
136 418 250 475 “Ol
1477 421 1821 483 APPENDIX
1859 426 2089 488 PRIMA.
3255 448 3396 505 “02

132 534 252 588 Esse
275 532 438 588 virum
469 535 660 602 sensit,
697 548 890 592 nomen
921 536 1194 608 genitricis
1219 547 1409 596 amatae
1723 547 1778 605 A
1808 545 1999 604 Desine
2029 550 2264 609 mordaci
2297 551 2514 611 fratrem
2540 555 2850 627 disperdere
2877 574 3037 618 sensu
3063 578 3078 628 ;

130 625 339 723 [Exhibet
365 628 538 723 uxori.
570 628 702 684 Bino
723 629 812 700 qui
839 632 1078 701 germine
1109 633 1280 688 lactus
1305 633 1385 706 (ι)
1796 645 1898 711 Qui
1932 647 2023 700 tibi
2054 662 2150 702 ceu
2183 648 2406 704 Domino
2430 625 2702 723 subjectus
2729 653 2864 709 colla
2892 625 3132 713 daturus.

128 717 366 775 Continuo
391 722 629 792 genitor,
660 723 883 779 diversis
912 735 1179 799 nuncupat
1199 727 1335 784 orsis
1366 747 1378 781 :
1795 738 1905 795 Nec
1931 749 2109 797 tamen
2135 741 2217 797 his
2246 742 2472 810 fractus,
2503 746 2720 804 fratrem
2748 748 2961 805 deducit
2987 751 3054 807 ad
3080 768 3228 820 arva,

127 815 286 886 Atque
308 815 429 869 Cain
461 815 543 870 hic
572 833 764 873 nomen
798 818 986 884 habet,
1019 821 1106 875 cui
1130 821 1348 891 junctus
1375 821 1593 878 Abelus.
1797 832 1971 901 Atque
2002 835 2092 889 ubi
2115 835 2504 907 deprehensum
2532 839 2748 897 deserto
2771 840 2824 896 in
2852 843 3090 912 gramine
3120 815 3282 913 vidit,

127 904 368 960 Innocuas
398 906 554 978 hujus
583 911 827 964 servabat
854 925 979 966 cura
1010 911 1248 967 bidentes
1266 954 1280 978 ,
1797 925 1960 981 Ειίιηι
1985 904 2209 998 ςριηίηίέ
2235 931 2480 1000 frangens
2507 931 2583 1004 (2)
2619 934 2699 1005 pia
2725 945 2939 1006 suum,
2962 938 3173 1009 palmis.

126 999 219 1100 ἔξει
250 999 376 1054 anus
403 1015 565 1054 θυτνυ
589 1011 782 1056 ιθιτιιιη
810 1004 1049 1060 νθτιοικιι
1075 1017 1276 1061 θταιτοο
1795 1018 1950 1084 Quod
1980 1022 2172 1078 factum
2197 1024 2452 1081 Dominus
2474 1028 2615 1083 coslo
2644 999 3051 1098 speculatus-ab
3072 1033 3211 1100 alto;

210 1105 319 1192 clm].
348 1101 604 1192 Ρθξβθιυο
629 1092 829 1149 [ρι’Γοοῑ
858 1112 961 1192 ευξλ-
982 1097 1120 1151 dona
1151 1098 1375 1192 T9mnli
1395 1139 1410 1163 ν
1796 1114 2080 1186 Disquirit,
2109 1133 2338 1188 quonam
2369 1127 2628 1174 terrarqu
2656 1087 2812 1192 degat
2838 1123 3080 1180 Abelus?

127 1179 399 1278 Dissimiles
425 1184 627 1241 fructus
647 1203 807 1242 sensu
833 1187 1090 1244 suadente
1115 1190 1334 1246 dedere.
1799 1203 1892 1262 Ille
1909 1179 2073 1277 negat
2102 1179 2329 1278 positum
2358 1211 2634 1267 custodem
2671 1179 2753 1268 sev
2771 1213 2884 1270 fore
2909 1215 3107 1274 fratris.

124 1271 423 1384 Ξςπιμβΐίυτ
451 1278 702 1384 uberibus.
729 1281 941 1384 ξυοτῧηι
969 1299 1087 1353 (illa?
1113 1294 1321 1354 ρτοεδιδ
1351 1284 1545 1355 glebis:
1798 1299 1896 1354 Cui
1936 1301 2080 1357 Deus
2110 1301 2300 1358 ell‘atur
2332 1321 2345 1358 :
2389 1303 2649 1362 Numnam
2679 1305 2757 1380 (3)
2798 1323 2901 1364 vox
2921 1309 3194 1382 sanguinis
3219 1312 3336 1384 ejus

124 1363 337 1472 Obtulit;
366 1379 448 1424 ast
476 1371 608 1472 alius
635 1373 748 1428 miti
775 1389 833 1430 se
861 1376 1090 1432 devovet
1121 1393 1286 1448 agno,
1336 1471 1340 1472 ν
1418 1471 1423 1472 7
1800 1393 1880 1449 Ad
1927 1411 2013 1451 me
2047 1395 2206 1451 missa
2249 1406 2437 1467 sonat,
2477 1400 2790 1472 celsumque
2838 1363 3080 1461 ascendit
3107 1404 3173 1462 ad
3199 1363 3393 1464 axem?

124 1463 256 1562 Exta
273 1477 425 1518 manu
452 1465 657 1522 sincera
685 1483 883 1540 gerens
903 1513 916 1534 ,
948 1470 1264 1542 adipemque
1293 1471 1519 1528 nivalem
1545 1490 1559 1540 ;
1799 1485 1970 1542 Nosse
1994 1487 2155 1558 igitur
2179 1504 2429 1546 mansura
2455 1490 2548 1546 tibi
2576 1507 2672 1562 pro
2700 1493 2925 1550 crimine
2957 1505 3140 1552 tanto:

122 1552 504 1661 Eonfeslimque
537 1559 710 1661 placet
739 1561 966 1619 Domino
994 1565 1078 1633 pia
1101 1573 1227 1661 vom
1257 1564 1443 1621 luenli-
1801 1579 1932 1634 Nam
1961 1580 2122 1637 modo
2145 1597 2268 1654 quae
2296 1582 2497 1638 maduit
2523 1585 2761 1655 germani
2784 1587 3041 1656 sanguine
3072 1599 3210 1646 terra
3233 1633 3251 1661 ,

121 1645 263 1713 Quod
289 1660 499 1719 propter
522 1652 694 1718 gelida
721 1655 850 1711 Cain
885 1655 1156 1712 incanduit
1184 1657 1282 1711 ira.

1378 1748 1389 1753 Α
1804 1673 1980 1731 Inviso
2009 1676 2291 1732 maledicta
2324 1677 2420 1732 tibi
2444 1679 2732 1735 commissa
2759 1681 2972 1753 negabit

120 1737 444 1848 QPemme.
465 1743 714 1817 adIOQUiO
737 1746 1018 1848 ξῘῖῧηθῑυεν
1073 1749 1266 1848 “fumis
1289 1748 1416 1806 ίηδίι
1448 1767 1461 1804 τ
1805 1766 2041 1835 Semina,
2069 1778 2127 1824 et
2162 1768 2459 1840 adsumptis
2485 1768 2715 1826 fructum
2739 1737 2858 1828 nor:
2872 1773 3109 1844 proferet
3139 1775 3320 1836 herbis
3341 1819 3356 1848 ,

117 1831 210 1933 Pic
233 1833 376 1900 mihi.
402 1837 449 1893 Si
473 1848 674 1895 rectum
699 1840 847 1897 ViVaS
865 1882 880 1908 9
913 1851 966 1898 ει
995 1841 1150 1898 ηοιία
1174 1858 1366 1900 cernas
1388 1885 1404 1911 ν
1804 1860 2070 1933 Torpidus
2098 1869 2158 1917 ut
2183 1860 2352 1916 multo
2390 1861 2648 1918 collidens
2674 1868 2914 1920 membra
2945 1875 3200 1926 tremore.

116 1923 315 1996 Degere
342 1944 446 1984 non
470 1932 642 2002 possis
668 1943 943 1992 contracto
969 1949 996 1990 a
1024 1935 1247 1992 crimine
1276 1939 1485 2008 purus?
1731 1943 1780 2005 B

1313 2050 1695 2120 LECTIONES
1731 2065 1819 2124 VA
1830 2065 2138 2124 BIANTES.

210 2139 236 2222 ’I
292 2139 446 2197 Bina:
501 2183 515 2198 .
543 2164 594 2217 g.
647 2156 805 2214 actos,
833 2148 953 2205 cod.
992 2147 1124 2205 Vict.
1881 2159 1958 2232 (5)
1992 2160 2177 2215 Nonne
2202 2158 2387 2217 Morel.

185 2138 264 2283 (2)
291 2162 580 2282 Ργαυᾰῗιηι,
609 2151 795 2273 {IoreL

207 2211 260 2282 2)
291 2211 580 2282 Ργαυᾶαηῐ,
609 2211 795 2273 Morel.

112 2346 3404 2374 Ἥ

498 2433 1171 2546 ΙΝΟΕΒΤΙ
1263 2436 2074 2550 ΑΠὈΤΟΒΙδ
2149 2433 2868 2547 SODOMA.

623 2665 852 2724 CAPUT
915 2667 1199 2726 PRIMUM.
1807 2668 2110 2726 Succedunt
2134 2668 2414 2735 Sodomis;
2447 2669 2550 2724 illic
2574 2669 2643 2723 dc
2667 2673 2834 2741 stirpe
2857 2672 3062 2742 piorum

179 2752 293 2811 Jam
323 2753 463 2812 Deus
491 2756 826 2826 omnipmens
856 2761 1092 2830 primaevi
1123 2772 1359 2832 tempora
1392 2763 1568 2830 saecli,
1805 2761 2109 2818 Transvena
2140 2760 2274 2816 Loth
2305 2760 2519 2825 aderat,
2561 2762 2774 2831 sapiens
2795 2805 2810 2829 ,
2839 2764 3072 2835 justique
3097 2764 3318 2823 colonus
3344 2806 3360 2834 ,

110 2845 335 2905 Vindice
360 2849 559 2907 diluvio
578 2893 594 2921 ,
624 2852 833 2908 cunctis
857 2853 1163 2910 aboleverat
1186 2854 1376 2919 undis,
1804 2853 1952 2911 Unus
1981 2864 2125 2918 erat,
2159 2855 2467 2910 meminisse
2497 2853 2664 2909 Deum
2690 2872 2704 2920 ;
2735 2855 2872 2911 solet
2891 2859 3040 2914 utilis
3063 2861 3222 2917 arbor

105 2940 253 3006 Quas
278 2942 469 2998 caelum
496 2944 693 3013 sparsit
718 2955 896 3007 terrae,
927 2945 1089 3000 maris
1117 2949 1327 3017 exspuit
1370 2961 1588 3018 mquor;
1803 2947 1858 3000 lu
1899 2949 2060 3020 sylvis
2087 2948 2295 3004 latitare
2328 2948 2455 3004 feris
2487 2947 2567 3020 (6)
2595 2949 2742 3005 velut
2769 2949 2976 3021 hospita
3001 2952 3199 3010 fructu.

102 3034 411 3097 Hactenus,
444 3035 585 3090 haud
615 3036 816 3107 liquido
839 3053 1024 3107 poenas
1045 3037 1334 3094 decernere
1361 3047 1548 3110 pactus
1803 3037 1853 3092 Is
1883 3049 2006 3094 tunc
2036 3055 2132 3109 pro
2163 3050 2315 3110 porta
2343 3039 2584 3095 residens
2614 3039 2721 3111 (vix
2751 3043 3011 3099 moerenia
3038 3045 3258 3103 adibant

103 3125 365 3193 Excidio,
407 3128 616 3198 quoties
638 3128 858 3199 Ityemes
900 3130 1178 3184 induceret
1206 3146 1336 3194 aer;
1799 3130 2091 3201 Coelicolas)
2118 3146 2422 3202 quanquam
2445 3130 2654 3186 divinos
2681 3134 2924 3204 nescius,
2950 3135 3094 3191 ultro

104 3219 420 3274 Frtenandis
442 3220 643 3274 varium
667 3220 827 3290 pluvii
859 3221 1206 3277 mandaverat
1225 3236 1406 3275 arcum
1426 3261 1441 3287 ,
1798 3222 2036 3278 Advocat
2052 3264 2067 3288 ,
2096 3223 2364 3293 appellat,
2394 3223 2569 3294 patrio
2596 3234 2882 3281 veneratur
2903 3225 3107 3286 honore
3128 3271 3145 3297 ,

105 3314 387 3385 Purpureo
409 3322 464 3369 et
482 3312 636 3371 viridi
657 3313 953 3385 signantem
977 3315 1154 3370 nubila
1185 3315 1370 3372 limbo.
1735 3387 1766 3393 _
1797 3315 2149 3389 Hospitioque
2177 3327 2363 3382 vocat,
2395 3317 2552 3388 longe
2581 3319 2852 3377 stabulare
2878 3331 3160 3393 parantes;

741 3408 967 3465 CAPUT
1007 3409 1069 3463 ll.
1723 3387 1769 3450 Ο
1804 3387 1997 3465 Euisus
2025 3387 2198 3481 longis
2225 3387 2503 3482 precibus,
2530 3411 2614 3481 pia
2641 3412 2858 3483 pignora
2878 3387 3074 3472 mensa

177 3499 285 3556 Sed
309 3501 540 3558 recidiva
565 3499 839 3556 hominum
863 3501 1061 3571 pariter
1100 3515 1222 3557 cum
1263 3507 1422 3572 gente
1465 3497 1697 3556 secunda
1799 3501 2109 3574 Oiliciisquc
2135 3502 2315 3573 probis
2343 3503 2520 3558 studio
2541 3503 2813 3574 dispungit
2841 3509 3064 3565 amicos.

99 3594 387 3664 Impietas,
433 3597 730 3666 iterumque
756 3594 884 3649 mali
914 3609 1048 3649 nova
1074 3595 1292 3664 pullulat
1321 3602 1479 3661 tetas,
1799 3587 1918 3642 Nox
1946 3589 2184 3658 requiem
2211 3587 2457 3652 dederat,
2490 3588 2580 3642 lux
2607 3590 2840 3645 solverat
2863 3593 3028 3648 altera
3062 3605 3300 3662 noctem,

100 3687 330 3742 Excidio
354 3688 464 3757 jam
493 3703 601 3744 non
627 3687 827 3744 imbres
851 3688 1036 3743 sortita
1054 3728 1068 3752 ,
1101 3686 1195 3741 sed
1222 3686 1393 3756 ignes.
1801 3681 1867 3736 Et
1881 3679 2180 3734 Sodomain
2199 3679 2401 3734 foribus
2412 3680 2960 3751 strepitatconquesta
2975 3685 3274 3742 radendum
3292 3687 3394 3761 (7).

98 3777 194 3835 Sic
220 3779 516 3837 Sodomum
545 3780 737 3838 meruit
769 3780 927 3837 tellus
953 3778 1264 3835 ardentibus
1289 3777 1370 3833 uri
1800 3774 1938 3829 Loth
1965 3783 2149 3830 contra
2176 3773 2401 3844 supplex
2431 3789 2445 3826 :
2474 3771 2552 3828 Ne
2577 3786 2672 3828 vos
2698 3789 2840 3830 nunc
2869 3786 3019 3845 pacta
3051 3777 3130 3853 (8)
3160 3780 3328 3839 libido

100 3871 342 3928 Roribus
368 3872 444 3943 (4)
471 3882 526 3930 et
555 3873 675 3929 linis
701 3873 1024 3945 portendere
1051 3873 1200 3943 signa
1226 3869 1411 3926 futuri.
1801 3866 2054 3922 Incendat
2074 3907 2089 3932 ,
2117 3866 2375 3937 juvenes,
2409 3865 2580 3936 ipsam
2607 3863 2806 3923 [sedare
2827 3867 3104 3937 juventam
3129 3888 3146 3938 ;

99 3962 286 4019 Eﬂ‘era
318 3964 556 4022 luxuries
574 3966 680 4021 illic
702 4008 719 4035 ,
745 3966 958 4022 inimica
983 3965 1204 4038 pudoris
1222 4008 1237 4031 ,
1801 3959 1920 4027 Quo
1949 3961 2108 4016 luxus
2134 3960 2378 4030 genitura
2405 3958 2602 4018 vocat?
2629 3973 2736 4029 quo
2763 3959 2968 4015 semina
3006 3961 3240 4019 frustra?

99 4059 284 4112 lnstar
308 4059 440 4129 legis
468 4068 583 4115 erat
603 4101 618 4125 ,
649 4058 856 4129 fugeret
878 4074 1034 4129 quam
1069 4056 1324 4128 praescius
1355 4055 1550 4126 hospes
1575 4069 1590 4118 ;
1801 4053 1919 4121 Quo
1944 4052 2104 4108 nulla:
2131 4061 2352 4121 nuptant
2378 4049 2606 4115 animae;
2638 4065 2746 4106 non
2776 4051 2942 4107 lustra
2969 4053 3251 4123 colentes;

99 4152 252 4208 Ante
276 4151 360 4207 vel
390 4151 456 4207 ad
485 4152 792 4224 Scythicas,
824 4153 908 4208 vel
939 4151 1076 4223 apud
1109 4150 1370 4206 Busiridis
1397 4164 1516 4204 aras
1802 4145 1919 4200 Non
1948 4144 2170 4199 stabulis
2194 4143 2416 4198 reduces
2438 4183 2454 4208 ,
2487 4158 2593 4197 non
2621 4144 2775 4198 undis
2801 4146 2988 4201 subter
3017 4145 3260 4216 hiantes;

99 4243 385 4314 Exoptans
413 4258 507 4314 per
535 4259 685 4300 sacra
715 4260 899 4300 necem
918 4286 935 4312 ,
965 4259 1241 4315 eassusque
1262 4257 1474 4297 crucem
1802 4239 1911 4295 Nec
1936 4253 2053 4310 qua:
2083 4252 2375 4306 pennarum
2407 4236 2636 4291 modulis
2663 4253 2829 4310 prope
2856 4240 3036 4295 nubila
3067 4243 3338 4314 pendent,

96 4337 360 4394 Fundere
386 4338 700 4412 Bebrycium
722 4380 737 4405 ,
767 4350 820 4394 et
845 4338 1070 4409 Libycas
1088 4339 1282 4393 satiare
1311 4335 1586 4406 palaestras
1603 4375 1618 4403 ,
1803 4334 1913 4391 Nec
1937 4351 2054 4406 qua:
2094 4348 2187 4402 per
2216 4341 2412 4386 terram
2442 4339 2715 4402 protracto
2737 4347 2961 4404 corpore
2986 4346 3223 4391 manant.

95 4430 360 4500 Anteque
389 4430 471 4485 vel
494 4429 697 4487 Circaea
725 4445 896 4485 novas
926 4445 1020 4500 per
1051 4429 1242 4497 pocula
1267 4427 1468 4482 formas
1802 4429 1973 4484 Omne
2000 4441 2197 4497 genus,
2235 4425 2389 4480 luxus
2413 4438 2582 4494 genus
2609 4433 2731 4491 est;
2774 4427 2876 4480 nisi
2907 4426 3126 4485 lamina
3162 4432 3362 4503 conqu

95 4524 342 4581 Sumere
360 4566 375 4591 ,
403 4541 559 4596 quam
591 4525 774 4580 laesum
802 4523 1049 4581 Sodomis
1077 4525 1322 4578 amittere
1348 4535 1558 4576 sexum.
1803 4520 2085 4586 Omnibus,
2112 4528 2166 4573 et
2193 4531 2463 4587 nunquam
2492 4517 2738 4587 cuiquam
2763 4517 2866 4573 nisi
2895 4517 3113 4576 [Gemina
3141 4533 3332 4581 mater.

94 4617 406 4675 Pulsabant
447 4621 642 4674 caelum
693 4618 920 4686 invidia,
970 4617 1232 4672 connubia
1288 4615 1452 4670 mixta
1804 4614 1955 4669 Nunc
1981 4613 2026 4668 si
2049 4611 2128 4667 fas
2149 4611 2399 4682 juvenilis
2420 4609 2582 4664 habet
2606 4621 2815 4667 vastare
2836 4611 3130 4684 pudorem,

93 4711 323 4766 Incesta
364 4711 548 4782 parili,
581 4711 791 4782 generis
821 4718 1006 4764 natura
1034 4709 1270 4764 rebellis.
1732 4781 1741 4782 ί
1804 4707 1940 4762 Sunt
1967 4707 2106 4760 intus
2134 4715 2271 4760 nata:
2299 4703 2505 4773 bijuges
2534 4702 2662 4756 mihi
2685 4746 2700 4768 ,
2732 4704 2924 4760 nubilis
2952 4716 3083 4763 tetas
3103 4751 3120 4777 ,

91 4805 158 4860 In
193 4781 675 4875 sese,ltesumque
703 4803 804 4859 viri
832 4818 953 4858 cum
979 4816 1205 4872 corpore
1232 4813 1449 4854 nomen.
1727 4781 1780 4841 D
1806 4797 2092 4868 Virginitas
2113 4797 2163 4850 in
2194 4795 2324 4850 ﬂore
2348 4802 2542 4861 tumet,
2568 4794 2677 4860 jam
2702 4793 2879 4850 dedita
2908 4798 3106 4864 messi,

92 4899 380 4969 Tempore
403 4898 493 4953 sed
520 4905 668 4954 certo
689 4896 830 4952 Deus
854 4895 1030 4951 omnia
1056 4892 1486 4966 perspeculatus,
1805 4892 1970 4962 Digna
1995 4890 2187 4961 cupido
2211 4889 2370 4957 viris,
2399 4887 2580 4943 tulerit
2605 4903 2762 4959 quam
2787 4899 2963 4945 vestra
2994 4894 3237 4964 voluptas
3263 4915 3277 4965 ;

89 4992 327 5049 Judicat
350 4990 578 5062 injustas
604 4990 813 5061 patiens
831 5031 846 5055 ,
880 4989 965 5044 ubi
995 4987 1233 5042 criminis
1258 4994 1390 5039 tetas
1804 4985 1948 5040 Cedo
1977 4995 2126 5055 pater
2152 4998 2354 5055 proque
2382 4983 2678 5052 bospitibus
2704 4984 2941 5054 pensabo
2963 4985 3224 5045 dolorem.

88 5084 368 5143 Cessandi
396 5085 628 5155 spatium
657 5085 737 5138 vis
765 5083 906 5136 nulla
937 5080 1176 5151 coegerit
1202 5080 1315 5133 irae.
1808 5078 2008 5149 Vulgus
2035 5077 2103 5132 ad
2133 5077 2246 5132 haec
2271 5076 2493 5132 demens
2520 5091 2532 5128 :
2563 5075 2694 5142 Quis
2736 5091 2858 5131 nam
2902 5085 2990 5147 tu,
3035 5090 3295 5152 quantus,
3342 5093 3399 5142 ct

85 5179 340 5248 Jamque
366 5177 483 5234 dies
509 5177 668 5234 ultrix
697 5177 916 5244 aderat,
950 5175 1058 5230 duo
1081 5173 1149 5229 de
1170 5187 1333 5244 grege
1359 5164 1510 5225 missi
3097 5172 3319 5247 [under

85 5270 371 5342 Angelico
399 5269 475 5345 (5)
507 5270 672 5326 forma
691 5271 916 5341 juvenes
934 5308 949 5335 ,
977 5268 1067 5338 qui
1091 5267 1309 5337 spiritus
1337 5260 1495 5320 ambo
1810 5262 1908 5329 Qui
1935 5259 2091 5318 nobis
2118 5259 2427 5324 domineris,
2457 5259 2551 5324 ait,
2580 5258 2832 5332 legesque
2855 5265 3145 5337 recondas,

87 5365 240 5422 Diva
273 5363 573 5421 ministerio
600 5363 808 5420 Domini
837 5363 1086 5419 mandata
1120 5361 1392 5425 ferebant,
1809 5357 2119 5413 Transveua
2135 5362 2407 5412 corrector
2423 5353 2898 5426 (9)Sodomorum?
2914 5359 3396 5437 duplicat(l0)iras;

1329 5474 1714 5533 LECTIONES
1750 5470 2164 5530 VARIANTES.

168 5599 338 5658 CAP.
365 5598 434 5655 II.
464 5629 536 5639 —
563 5595 643 5667 (4)
675 5593 938 5667 Flmnmis
960 5593 1196 5667 Fabric.
1231 5592 1431 5667 Pamel.
1467 5593 1709 5667 fascibus
1817 5585 2388 5667 legeﬁrttdcndamﬂi’t‘tl.
2418 5593 2652 5658 congesta
2679 5587 2948 5645 rudentum
2971 5589 3143 5650 Oxon.

85 5656 411 5734 Cauchius,
465 5656 685 5742 fontibus
732 5667 854 5723 cod.
895 5665 1033 5722 Vict.
1077 5665 1271 5738 facibus
1317 5656 1498 5720 Morel'
1547 5673 1601 5719 at
1627 5679 1712 5717 ro-
1863 5656 1962 5803 ’(8)
1999 5659 2157 5713 Parta
2182 5657 2269 5712 ed.
2297 5656 2471 5712 Oxon.
2519 5656 2527 5658 ἡ
3038 5735 3048 5747 ι

85 5747 247 5801 ribus
280 5744 468 5799 Baluz.
496 5758 560 5798 ex
592 5741 714 5796 cod.
745 5739 901 5794 Colb.
1912 5736 1962 5802 ιι)
1999 5729 2137 5784 Nunt
2166 5739 2327 5783 rector
2355 5728 2810 5786 Baluz.conrector
2835 5733 2956 5790 cod.
2988 5734 3048 5792 Vr

81 5728 247 5801 ribus
280 5728 477 5799 Baluz:
496 5758 560 5798 ex
592 5741 714 5796 cod.
745 5739 901 5794 Colb.
1077 5728 1089 5738 ’
1888 5728 1962 5802 (ιι)
1999 5729 2137 5784 Nunt
2166 5739 2327 5783 rector
2355 5728 2810 5786 Baluz.conrector
2835 5733 2956 5790 eod.
2988 5734 3126 5793 Vict.
3150 5752 3252 5794 non
3279 5756 3393 5798 rec.

201 5816 260 5886 5)
299 5814 676 5886 {ingelicnuduo
702 5824 835 5866 mss.
865 5809 1100 5866 codices.
1818 5802 2160 5886 lortflntflifﬂg
2310 5871 2384 5886 ,ἢ
2420 5871 2433 5886 ε
2721 5871 2735 5886 _
2777 5871 2839 5886 ψ

201 5817 237 5871 5
299 5815 540 5885 Angetica
567 5815 676 5867 duo
702 5824 835 5866 mss.
865 5815 1100 5866 codices.
1818 5815 1894 5856 tor
1921 5815 2160 5883 uolneri.
2827 5874 2839 5886 .

200 5887 236 5938 6
300 5883 461 5938 Feras
486 5883 595 5938 alii.
1891 5873 2000 5944 (10)
2036 5871 2102 5927 Ut
2128 5880 2320 5942 ingerat
2345 5871 2525 5929 Baluz.
2557 5887 2624 5931 cx
2639 5871 2913 5932 cod.Vtct.
2948 5887 3001 5935 et
3029 5878 3214 5953 Morel,
3237 5891 3393 5958 atque

171 5815 263 6028 iri
298 5954 430 6012 Cum
459 5955 565 6026 lege
616 5953 856 6027 pudenda
904 5952 1086 6010 Baluz.
1118 5967 1183 6010 cx
1210 5944 1330 6004 cod.
1389 5948 1541 6007 Colb.
1600 5963 1716 6003 cum
1819 5945 1998 6018 ingerit
2025 5943 2109 5999 ed.
2141 5943 2314 5999 Oxon.

201 5943 263 6027 ’7)
298 5954 430 6012 Cum
459 5955 565 6026 lege
616 5953 856 6027 pudenda
904 5952 1086 6010 Baluz.
1118 5967 1183 6010 cx
1210 5944 1330 6004 cod.
1389 5948 1541 6007 Colb.
1600 5963 1716 6003 cum
1819 5943 1998 6018 ingerit
2025 5943 2109 5999 ed.
2141 5943 2314 5999 Oxon.
