4202 6496
745 405 886 462 1105

745 517 894 571 Nunc
924 513 1081 586 igitur
1112 520 1222 568 tute
1249 510 1360 583 ipsc
1392 509 1536 574 lues,
1569 505 1707 579 quod
1736 514 1916 563 nostra
1941 505 2134 574 cupido
2158 516 2240 560 est

748 608 855 663 Pro
885 607 1043 670 natis,
1074 620 1282 676 quoque
1313 600 1641 671 hospitibus;
1673 599 1800 654 satis
1821 613 1958 653 unus
1988 595 2039 652 itt
2071 611 2277 652 omnes.

751 697 896 754 Dicta
925 707 978 754 et
1007 697 1142 754 facta
1163 696 1343 762 simul,
1374 694 1516 765 vulgi
1542 708 1689 750 mora
1716 692 1855 748 nulla
1882 691 2127 750 furculis.

748 792 1016 852 Turbidus
1041 792 1267 849 hiberno
1295 800 1348 844 ut
1378 789 1502 845 dttm
1535 789 1764 844 volvitur
1796 787 1990 858 impete
2020 797 2226 841 torrens
2245 827 2261 847 .

748 885 1002 941 llivorum
1033 884 1085 940 in
1113 879 1454 954 numeros(l)
1472 896 1576 935 uno
1590 879 1722 949 pede
1750 878 1914 934 fertur
1945 878 1996 932 in
2023 891 2210 933 omnes
2231 874 2332 948 (Ξ),

745 977 801 1034 Si
831 992 932 1048 qua
963 975 1072 1032 illic
1091 975 1252 1030 arbor
1273 972 1470 1044 rapidis
1492 971 1776 1027 offenditur
1800 971 1976 1037 undis,

749 1069 901 1126 Haud
928 1083 1178 1124 mansura
1208 1065 1325 1132 ditt;
1362 1073 1615 1137 quantum
1640 1064 1817 1120 radice
1840 1063 2016 1120 licebit

746 1163 978 1219 (It-initas
1005 1162 1200 1218 durare
1226 1175 1404 1216 moras
1421 1202 1436 1227 ,
1466 1158 1555 1215 ubi
1584 1158 1768 1221 subter
1790 1158 2005 1214 adesam

743 1254 927 1310 Perdit
957 1254 1176 1310 humum
1200 1251 1548 1309 circumfosso
1573 1266 1694 1306 cum
1724 1250 1944 1307 caudice
1976 1248 2212 1321 pendens
2237 1291 2252 1318 ,

744 1345 858 1405 lluc
889 1347 1014 1403 illu'c
1038 1356 1240 1402 certam
1274 1344 1450 1400 differt
1474 1344 1674 1400 incerta
1703 1344 1908 1399 ruinam
1942 1365 1953 1399 :

745 1441 896 1497 liaud
921 1440 1075 1496 aliter
1097 1438 1234 1494 L0th
1261 1439 1313 1494 in
1346 1437 1518 1493 media
1546 1437 1802 1509 vertigine
1837 1437 2012 1507 vulgi,

743 1533 975 1590 Nutabat
1013 1533 1149 1588 vinei
1177 1546 1342 1602 prope
1369 1531 1511 1599 jam;
1550 1530 1643 1586 sed
1666 1531 1786 1585 diva
1814 1539 2051 1600 potestas

743 1624 1036 1688 Subvenit;
1078 1624 1300 1693 angelici
1319 1621 1544 1692 juvenes
1568 1621 1632 1677 de
1658 1620 1838 1676 limine
1865 1629 2073 1690 raptum

744 1714 1052 1770 Restituunt
1083 1715 1267 1779 tectis,
1305 1713 1526 1768 demens
1570 1711 1663 1768 sed
1707 1712 1891 1782 vulgus
1931 1710 2129 1767 ibidem

745 1808 1028 1866 Puruarum
1063 1805 1313 1878 auspiciis
1334 1806 1588 1862 multatur
1618 1804 1817 1862 lumine
1837 1804 1953 1860 diro
1977 1803 2079 1876 (5).

1368 1899 1598 1957 CAPUT
1638 1899 1725 1955 111.

814 1994 963 2051 Tunc
980 1993 1189 2050 decreta
1209 1992 1289 2065 (ti)
1309 1992 1402 2047 Dei
1429 1991 1908 2063 reserant,dignam
1927 1990 2110 2046 adfore
2126 2004 2336 2061 pmnam

745 2089 818 2144 Pe
846 2087 983 2145 caelo
1013 2085 1286 2152 Sodomis,
1319 2084 1492 2156 ipsum
1522 2087 1785 2141 meruisse
1808 2086 2034 2142 salutem

738 2181 968 2238 .lustitiae
996 2179 1168 2235 titulo.
1217 2178 1355 2246 Quin
1383 2193 1508 2250 ergo
1534 2178 1831 2249 accingeris
1859 2177 2054 2233 isthiuc

739 2273 1020 2331 l-‘estiuare
1046 2272 1245 2344 fugam,
1278 2271 1583 2343 pariterque
1615 2271 1844 2327 educere
1872 2272 1916 2326 si
1939 2271 2066 2340 quid

739 2365 927 2424 Gentis
958 2366 1170 2422 habes?
1200 2380 1298 2420 nos
1323 2365 1549 2422 exitium
1572 2363 1681 2433 jam
1711 2362 2012 2418 inducimus
2042 2358 2181 2416 urbi.

739 2459 875 2518 Loth
925 2473 1153 2531 generos
1194 2460 1330 2515 citus
1355 2455 1687 2528 adloquitur,
1733 2455 1828 2512 sed
1875 2454 2008 2511 dura
2055 2454 2335 2510 hominum

2031 2547 2054 2621 [-
2080 2563 2230 2605 mens
2248 2590 2263 2614 .

740 2642 972 2700 Credere
995 2642 1242 2714 despexit
1268 2641 1552 2709 monitum,
1581 2640 1804 2713 risitque
1831 2642 2098 2696 timorem.

744 2733 1011 2808 Tempore
1039 2752 1161 2792 mox
1191 2751 1297 2806 quo
1323 2735 1410 2792 lux
1445 2736 1692 2793 tenebras
1719 2733 2082 2790 conscendere
2110 2742 2300 2801 tentat,

743 2830 810 2884 Et
834 2826 1036 2884 bicolor
1058 2829 1180 2885 cmli
1208 2826 1370 2883 facies
1395 2826 1462 2883 de
1489 2836 1644 2882 nocte
1665 2826 1854 2896 dieque
1875 2835 1978 2891 est,

744 2922 1026 2977 lnstabant
1048 2922 1269 2991 juvenes
1295 2919 1598 2973 Cltaldzeam
1624 2918 1854 2974 educere
1881 2927 2094 2988 gentem

740 3013 820 3068 Ex
846 3011 1124 3076 Sodomis,
1148 3012 1454 3082 jttstamquc
1481 3009 1699 3065 domum
1727 3008 1929 3064 donare
1952 3008 2110 3064 saluti
2144 3028 2157 3063 :

751 3104 871 3169 Eia,
902 3121 1018 3176 age,
1039 3103 1199 3169 Loth,
1220 3117 1448 3173 exsurge
1469 3110 1717 3171 tuamque
1737 3100 1956 3155 adsume
1975 3100 2229 3170 jugalem,

745 3199 814 3252 Et
841 3207 989 3252 natas
1015 3196 1277 3265 duplices,
1307 3202 1464 3262 atque
1489 3193 1615 3248 hinc
1643 3193 1973 3248 exterminus
2003 3195 2098 3248 ito.

2191 391 2654 453 TERTULUANI

2356 509 2406 568 Λ
2435 505 2698 576 Sulpltura
2728 518 2849 561 cum
2881 503 3112 561 flammis
3134 501 3480 574 flagrantibus
3506 510 3694 560 aestuat
3723 503 3921 571 aether,

3907 391 4046 450 1104

2443 597 2676 652 Evustus
2701 597 2928 667 crepitat
2955 595 3170 667 liquidis
3199 596 3481 650 amoribus
3507 597 3680 651 aether

2441 689 2580 747 Hinc
2611 690 2772 746 habet
2813 691 2863 744 in
2895 689 3028 746 falso
3053 689 3120 745 de
3151 703 3280 745 vero
3307 689 3481 744 fabula
3513 688 3707 742 famam

2439 784 2580 841 Solis
2611 786 2918 856 progeniem
2947 798 3137 838 currus
3162 792 3375 851 optasse
3398 791 3671 853 paternos,

2437 877 2548 935 Nec
2571 877 2806 934 valuisse
2830 877 3004 932 levem
3034 890 3259 947 puerum
3287 875 3496 930 frenare
3525 872 3791 946 superbos

2441 969 2581 1042 lgnis
2609 985 2798 1042 equos,
2829 969 3030 1025 arsisse
3057 968 3242 1025 orbem
3267 984 3281 1033 ;
3313 977 3438 1023 tunc
3467 967 3686 1023 fulmine
3717 974 3936 1036 raptum

2439 1064 2729 1136 Aurigam;
2775 1063 3014 1118 illicitum
3045 1062 3314 1132 planctum
3342 1069 3577 1116 mutasse
3605 1073 3845 1116 sorores.

2443 1155 2644 1213 Viderit
2665 1155 2952 1222 Eridanus,
2979 1155 3024 1210 si
3045 1169 3147 1224 qua
3171 1153 3278 1208 illic
3305 1153 3532 1223 populus
3556 1151 3738 1218 albet,

2440 1248 2546 1302 Aut
2569 1247 2613 1302 si
2639 1247 2757 1317 quis
2783 1246 2988 1316 plumat
3009 1243 3163 1302 senio
3189 1243 3507 1299 modulatior
3529 1242 3664 1298 ales.

2455 1339 2553 1395 llic
2577 1340 2733 1395 aliter
2758 1353 2925 1396 versa:
2953 1348 3183 1395 mearent
3208 1337 3464 1393 miracula
3492 1335 3701 1392 formm.

2440 1433 2680 1506 Namque
2721 1447 2904 1490 comes
2949 1433 3182 1505 conjux,
3232 1431 3340 1489 heu
3383 1446 3488 1500 me,
3523 1431 3661 1488 male
3692 1442 3806 1488 tum
3829 1445 4047 1503 quoque

3805 1523 3828 1598 [
3844 1525 3975 1597 legis

2441 1619 2682 1675 meina
2711 1634 2814 1676 non
2845 1619 3073 1692 patiens,
3101 1619 3282 1676 divina
3309 1619 3376 1675 ad
3407 1633 3687 1675 murmura
3709 1618 3835 1674 cmli

2440 1713 2686 1769 Audaces
2715 1712 2897 1769 oculos
2919 1714 3274 1786 nequicquam
3300 1714 3414 1769 sola
3438 1715 3678 1780 retorsit,

2439 1804 2549 1862 Nec
2573 1805 2818 1861 habitura
2847 1807 2989 1876 loqui
3015 1807 3154 1877 quod
3187 1805 3407 1874 viderit;
3436 1815 3490 1863 et
3519 1808 3682 1863 simul
3713 1805 3826 1862 illic

2365 1905 2414 1965 Β
2443 1897 2500 1952 in
2535 1897 2775 1967 fragilem
2810 1906 3012 1954 mutata
3037 1898 3205 1955 salem
3228 1903 3378 1955 stetit
3405 1899 3517 1970 ipsa
3544 1901 3880 1970 sepulcrum,

2441 1989 2668 2064 Ipsaque
2695 1993 2869 2065 imago
2893 1994 2992 2049 sibi
3023 1993 3245 2050 formam
3269 1994 3387 2050 sine
3415 2009 3640 2066 corpore
3673 2009 3902 2050 servans
3936 1993 4037 2065 (7).

2442 2087 2604 2140 Durat
2643 2087 2819 2142 adhuc
2839 2089 3036 2142 etenim
3065 2089 3203 2143 nuda
3231 2088 3461 2144 statione
3488 2088 3589 2143 sub
3626 2087 3854 2142 mtitram
3886 2129 3906 2156 ,

2439 2177 2548 2235 Nec
2573 2179 2766 2249 pluviis
2785 2178 2987 2250 dilapsa
3023 2180 3128 2235 sittt
3150 2222 3164 2245 ,
3211 2195 3314 2236 nec
3349 2179 3524 2236 diruta
3557 2183 3752 2236 ventis.

2441 2270 2579 2336 Quin
2604 2269 2765 2325 etiam
2793 2271 2837 2325 si
2863 2271 2984 2341 quis
3010 2271 3335 2326 mutilaverit
3355 2271 3561 2327 advena
3591 2269 3822 2324 fortnam
3840 2311 3856 2336 ,

2441 2361 2692 2418 Protinus
2711 2377 2778 2419 ex
2801 2377 2921 2419 sese
2949 2373 3203 2435 suggestu
3226 2364 3446 2420 vulnera
3479 2362 3736 2432 complet.

2441 2455 2643 2511 Dicitur
2659 2465 2712 2512 et
2745 2455 2930 2512 vivens
2956 2455 3061 2510 alio
3083 2455 3193 2525 jam
3223 2470 3471 2526 corpore,
3501 2469 3662 2511 sexus

2439 2549 2715 2606 Μυηὶῐὶροε
2755 2550 2915 2606 solito
2940 2550 3266 2621 dispungere
3292 2550 3550 2620 sanguine
3595 2561 3837 2605 menses.

2510 2642 2780 2712 Nusquam
2821 2650 2946 2698 sunt
2987 2642 3241 2711 Sodonti,
3292 2657 3554 2714 nusquam
3615 2641 3834 2696 illorum
3881 2639 4042 2711 impia

3765 2733 3976 2800 [lucent

2441 2824 2664 2892 hiantia;
2694 2841 2817 2883 cum
2838 2826 3074 2883 dominis
3092 2826 3285 2884 domus
3299 2826 3474 2883 omnis
3493 2826 3648 2896 inops
3673 2825 3742 2879 ita
3774 2839 4041 2897 nusquam

2444 2920 2578 2976 Tota
2606 2935 2768 2991 rogus
2797 2922 2946 2992 regio
2966 2931 3066 2982 est.
3098 2920 3220 2977 hinc
3243 2932 3360 2976 atro
3387 2920 3610 2976 horrore
3633 2919 3831 2975 favillae
3852 2959 3872 2986 ,

2442 3012 2682 3082 llincque
2710 3014 2813 3068 sittt
2842 3027 2980 3069 cano
3009 3013 3217 3069 cineres
3244 2998 3485 3069 incendia
3505 3014 3744 3083 signant,

2442 3103 2647 3160 Occidit
2676 3103 2764 3160 illa
2797 3105 2945 3174 prior
2974 3104 3158 3160 feritas
3185 3104 3264 3176 (8)
3298 3120 3457 3176 quam
3510 3102 3848 3174 prospiciens
3879 3100 4041 3168 Loth,

2442 3198 2632 3254 Nullus
2658 3207 2779 3254 arat
2801 3197 2994 3253 frustra
3022 3198 3202 3268 piceas
3220 3197 3424 3268 fulgine
3455 3196 3664 3267 glebas.

743 3289 1085 3348 l’rzveniens
1111 3287 1403 3344 Sodomttm
1431 3301 1616 3352 poenas
1638 3285 1908 3356 (manibus
1925 3299 2134 3355 quoque
2153 3284 2341 3341 amicis
2367 3297 2413 3359 ρ
2445 3293 2867 3361 Scmijterempla
2898 3290 3058 3347 etiam
3094 3292 3138 3345 si
3177 3306 3280 3362 qua
3310 3290 3418 3346 illic
3442 3289 3632 3360 jugera
3660 3289 3815 3344 laetas

739 3383 1044 3438 Producttut
1073 3377 1327 3450 trepidos)
1355 3390 1514 3448 atque
1543 3376 1658 3431 hmc
1685 3377 1778 3432 tibi
1806 3385 1996 3432 extera
2025 3376 2257 3443 mando;

741 3479 908 3531 Serva
938 3473 1073 3531 Loth
1103 3473 1359 3537 animam,
1391 3486 1456 3526 tte
1486 3472 1656 3525 visum
1687 3470 1738 3525 in
1772 3480 1913 3541 terga
1939 3481 2234 3527 retrorsum

739 3567 964 3622 Vertere
988 3566 1128 3620 forte
1156 3562 1308 3627 velis,
1331 3570 1567 3627 emptum
1595 3560 1675 3616 vel
1706 3561 1899 3617 sistere
1925 3576 2197 3632 gressum,

741 3655 799 3712 lu
829 3667 1063 3711 montem
1085 3669 1330 3724 propera.
1364 3651 1570 3708 Timuit
1591 3650 1728 3707 Loth
1755 3652 1920 3708 ardua
1953 3653 2105 3709 tardo

743 3749 1004 3821 Ereptarc
1027 3747 1216 3819 gradu,
1248 3746 1500 3802 caelestes
1529 3761 1596 3802 ne
1621 3746 1768 3816 prius
1792 3748 1886 3801 ira:

743 3843 1140 3913 Opprinterent,
1173 3840 1307 3895 alios
1340 3839 1499 3909 igitur
1525 3838 1816 3909 deposcere
1843 3848 2027 3907 portus

742 3933 1095 4005 Adgreditur,
1127 3946 1342 4001 parvam
1388 3946 1549 4000 quam
1601 3939 1786 3984 contra
1813 3939 2098 3999 aspexerat
2122 3935 2329 3988 urbetn.

744 4028 881 4093 lluc,
911 4027 1101 4098 inquit,
1127 4022 1395 4081 contendo
1423 4023 1606 4093 fugas,
1633 4024 1722 4078 vix
1750 4024 2015 4080 moenibus
2061 4022 2140 4096 (5)
2162 4034 2334 4082 exstat

740 4118 852 4175 Nec
881 4117 1060 4189 longe,
1088 4131 1187 4173 nec
1217 4130 1427 4187 magna.
1457 4114 1538 4170 illi
1565 4116 1741 4172 favere
1775 4117 1972 4185 petenti
2006 4116 2126 4189 (6),

746 4210 906 4267 Urbis
931 4219 982 4265 et
1008 4207 1176 4278 ipsius
1200 4208 1400 4279 pariter
1422 4221 1642 4278 gessere
1667 4207 1914 4264 salutem.

744 4301 874 4357 lude
901 4300 1068 4372 Segor
1092 4299 1208 4358 vico
1235 4317 1250 4359 :
1279 4314 1473 4357 nomen
1501 4315 1601 4356 vox
1630 4299 1853 4356 barbara
1882 4301 2048 4357 novit.

745 4393 898 4450 Tunc
924 4394 1059 4449 Loth
1092 4392 1385 4464 ingreditur
1414 4393 1617 4464 Segor;
1660 4392 1816 4448 simul
1843 4393 2080 4449 exoritur
2102 4394 2207 4461 sol,

745 4485 976 4542 Ultimus
997 4485 1086 4540 ille
1108 4482 1342 4554 quidem,
1359 4483 1410 4538 itt
1429 4482 1824 4553 Sodomamque
1852 4483 2094 4540 incendia
2118 4485 2332 4543 fervens

747 4579 949 4646 lufcrt;
982 4593 1102 4632 nam
1137 4585 1276 4633 totos
1299 4576 1479 4631 radios
1501 4585 1801 4631 armaverat
1826 4575 1953 4647 igni,

746 4671 959 4731 xEmula
987 4670 1332 4742 subsequitur
1357 4669 1527 4742 caligo
1554 4668 1824 4726 includere
1855 4672 2026 4725 lucem

745 4764 1020 4833 Cmptans,
1048 4772 1206 4833 atque
1232 4761 1421 4831 globos
1449 4760 1672 4817 confuso
1699 4763 1933 4818 intexere
1961 4762 2126 4828 coelo;

748 4856 1036 4912 Fumantes
1064 4863 1260 4910 coeunt
1283 4852 1472 4921 nubes,
1506 4866 1675 4910 novus
1705 4855 1856 4909 il‘l‘llil
1883 4855 2072 4922 imber,

2437 3383 2691 3441 Autumni
2721 3392 2983 3438 conantur
3009 3397 3160 3451 opes,
3200 3381 3358 3439 facile
3385 3382 3584 3452 Optima
3619 3395 3745 3434 sese

2439 3477 2763 3533 Promittuut
2791 3477 2980 3540 oculis,
3013 3474 3148 3545 pira,
3180 3475 3407 3545 persica,
3433 3485 3488 3530 et
3511 3473 3688 3529 omnia
3716 3469 3888 3536 mala,

2446 3571 2626 3627 Donec
2669 3579 2988 3641 carpuntur;
3021 3584 3143 3624 nam
3173 3570 3410 3637 protinus
3430 3566 3605 3622 indice
3630 3573 3828 3619 tactum

2438 3661 2674 3718 Solvitur
2704 3663 2754 3716 iu
2784 3661 3051 3725 cinerem,
3085 3660 3144 3714 fit
3174 3675 3304 3715 vana
3349 3659 3631 3729 favillaque
3672 3669 3898 3727 pomum
3948 3653 4040 3727 (9).

2438 3755 2530 3810 Sic
2559 3754 2715 3824 igitur
2743 3752 2882 3809 cmlo
2908 3752 3102 3822 pariter
3132 3760 3376 3823 terraque
3406 3751 3656 3822 sepultis,

2438 3844 2546 3901 Nec
2571 3861 2716 3901 mare
2746 3845 2870 3900 vivit
2899 3845 3001 3910 ibi,
3033 3859 3180 3899 mors
3207 3855 3292 3900 est
3325 3845 3494 3901 maris
3521 3845 3605 3900 illa
3634 3845 3824 3915 quieti,

2439 3939 2595 4010 Quod
2611 3939 2786 3996 nullus
2812 3938 3009 3993 animal
3038 3937 3151 4009 (lO)
3185 3953 3278 4006 per
3305 3937 3497 3994 anhela
3527 3941 3797 3999 volumina
3825 3946 4040 4014 fluctus;

2437 4032 2734 4104 Quodquod
2758 4033 2919 4088 etiam
2951 4030 3122 4101 patrio
3148 4045 3419 4101 nunquam
3465 4036 3696 4106 suspirat
3723 4037 3797 4093 ab
3820 4053 4037 4109 austro,

2437 4124 2694 4195 Quodque
2719 4124 2903 4194 nequit
2932 4123 3172 4193 proferre
3205 4123 3438 4194 aliquam
3469 4125 3538 4182 de
3564 4128 3778 4199 gurgite
3816 4142 4036 4202 gentem

2436 4216 2835 4286 Squamigeram
2853 4257 2868 4281 ,
2901 4214 3087 4271 lmvive
3111 4215 3217 4272 cuti
3244 4217 3328 4272 vel
3352 4218 3551 4273 cortice
3575 4228 3810 4288 septatn,

2440 4307 2536 4363 Vel
2560 4308 2787 4377 crispum
2805 4306 3085 4372 concham,
3105 4315 3195 4362 aut
3209 4307 3404 4378 duplici
3426 4310 3743 4380 compagine
3773 4313 4034 4373 clausam.

2434 4398 2617 4456 Solum
2647 4400 2754 4456 illic
2779 4400 2993 4470 proprio
3021 4400 3276 4456 mentitur
3297 4398 3447 4472 fruge
3472 4401 3737 4470 bitumen,

2437 4493 2623 4549 Exusti
2655 4493 2815 4564 fuligo
2844 4495 3039 4559 maris;
3071 4494 3214 4564 quod
3243 4495 3452 4552 vividus
3476 4495 3638 4553 ardor

2436 4586 2633 4642 Subter
2660 4596 2852 4657 stagna
2884 4600 3140 4658 eoquens,
3171 4587 3238 4643 de
3267 4587 3535 4659 sulphuris
3561 4597 3616 4644 et
3634 4589 3767 4646 salis
3794 4602 3938 4651 :rstu

2358 4686 2410 4747 ι)
2435 4679 2720 4749 Temperat
2746 4679 2904 4748 inque
2933 4679 3103 4749 picem
3131 4677 3222 4734 dat
3252 4687 3408 4735 terra:
3435 4679 3642 4736 ltzerere
3669 4682 3964 4740 marinam.

2441 4772 2713 4828 luveltitur
2735 4772 2950 4843 proprio
2975 4786 3095 4827 cum
3122 4781 3361 4842 tempore
3385 4771 3578 4843 pingue
3601 4785 3866 4831 crematae

2445 4868 2606 4924 Virus
2630 4883 2803 4939 aquae,
2835 4869 3144 4939 spumisque
3171 4869 3308 4925 cutis
3344 4883 3506 4940 super
3531 4884 3748 4941 mquara
3775 4873 3935 4946 nigra

1997 4975 2377 5040 LECTIONES
2417 4984 2828 5041 VARIANTES.

847 5087 898 5150 t)
921 5085 986 5142 In
1015 5103 1267 5150 numeros,
1284 5087 1358 5142 sic
1379 5087 1555 5142 llaluz.
1573 5103 1638 5143 ex
1656 5087 1774 5143 cod.
1793 5088 1944 5145 Colb.
1964 5107 2198 5145 numeros
2212 5093 2323 5147 alii.

843 5159 899 5230 2)
931 5160 1134 5234 Attinas,
1167 5160 1245 5213 sic
1272 5159 1450 5234 Daluz.
1483 5175 1561 5234 ex_
1578 5160 1698 5234 cod.
1726 5159 1862 5215 Vict.
1896 5177 2064 5216 omnes
2090 5163 2200 5229 alii,
2229 5181 2326 5234 pro

748 5230 1153 5301 fertur,_uehitur
1197 5230 1318 5301 cod.
1345 5229 1481 5283 Vict.
1523 5229 1674 5301 Colb.

821 5301 899 5369 (3)
925 5299 1190 5353 Interdum
1218 5300 1407 5353 lumine
1428 5300 1661 5353 multant.
1703 5299 1885 5356 Morel.
1914 5313 1964 5356 et
1986 5303 2090 5356 duo
2115 5303 2328 5361 codices

749 5387 882 5426 mss.
915 5371 1014 5424 nisi
1053 5371 1192 5438 quod
1225 5369 1527 5425 Victorinus
1560 5371 1715 5428 habet
1743 5373 1954 5426 Iuntina.
1985 5373 2220 5430 Interdiu
2253 5378 2328 5432 le-

748 5441 979 5511 gendum
1008 5441 1215 5511 videtur
1231 5440 1482 5511 Baluzio.

815 5512 970 5566 CAP.
1005 5510 1093 5564 III.
1121 5539 1190 5552 -—
1219 5509 1297 5581 (4)
1326 5512 1532 5566 Secreta
1552 5513 1784 5572 Culbert.

929 5581 1098 5656 riga,
1124 5582 1168 5634 si
1188 5592 1317 5656 certe
1345 5584 1572 5637 manibus
1598 5585 1745 5639 Colit.

819 5651 899 5730 (6)
954 5652 1227 5730 Miltiest:
1256 5653 1421 5730 [avere
1471 5659 1694 5721 premnti
1735 5657 1889 5712 Coll).
1935 5658 2074 5714 Vict.
2123 5657 2323 5730 Morel,

745 5722 847 5781 nisi
873 5723 1020 5794 quod
1049 5725 1148 5777 iste
1176 5722 1320 5792 legit,
1349 5725 1525 5794 favete.

740 5870 768 5941 Γ
812 5791 1106 5921 (ἐξῄρητο
1151 5791 1409 5850 reservans
1453 5796 1572 5852 cod.
1619 5797 1770 5854 Colb.
1801 5799 1965 5872 [arma
2010 5799 2195 5868 Morel,
2230 5814 2327 5873 pro

764 5885 838 5922 on
962 5905 976 5919 .

764 5882 976 5922 armant.

2500 5099 2806 5174 (8)(1ιτὶάὶι
2833 5101 2922 5155 ille
2950 5103 3091 5174 prior
3115 5102 3311 5173 feritas.
3354 5101 3624 5159 Obscurus
3693 5118 3913 5170 versus,
3956 5106 4040 5161 ubi

2431 5171 2474 5224 si
2506 5172 2687 5239 faritas
2742 5186 2838 5241 pro
2892 5171 3124 5242 fo'rtitate'
3163 5174 3457 5243 accipiatur
3499 5175 3713 5230 ratione
3749 5179 4036 5238 caminis.

2431 5243 2699 5314 constabit
2726 5257 2938 5311 sensus,
2967 5245 3042 5297 uti
3075 5247 3253 5314 feritas
3276 5261 3305 5298 a
3340 5245 3548 5309 ferendo
3571 5245 3804 5302 dicatur.
3824 5247 3948 5302 Vox
3977 5265 4038 5305 eo

2433 5312 2732 5382 significatu
2781 5329 2923 5368 nunc
2969 5312 3234 5368 obsbleta.
3298 5315 3431 5370 Pan.

2506 5384 2842 5461 CorruptumA
2875 5385 3070 5461 locum_
3101 5383 3178 5440 sic
3229 5387 3504 5442 emendari
3531 5397 3584 5443 ct
3611 5385 3825 5458 expleri
3885 5406 4036 5461 posse

2436 5462 2586 5525 putat
2607 5454 2778 5510 editor
2804 5453 3134 5511 Oxoneusis:

2554 5564 2753 5638 Qccidit
2770 5564 2857 5616 illa
2878 5565 3238 5638 pfiprspecies,
3266 5581 3412 5638 quam
3432 5567 3732 5638 prospiciens
3756 5569 3888 5625 ulla

2552 5629 2831 5681 Deseruisse
2851 5629 2921 5693 pii
2943 5629 3098 5694 fertur
3121 5629 3412 5683 commercia
3433 5629 3618 5697 fratris.

3387 5715 3568 5768 ΒΑιῠῑ.

2504 5796 2604 5871 (9)
2633 5798 2801 5871 vacui
2819 5799 3094 5871 faciliaque
3138 5800 3274 5871 pomi
3305 5799 3573 5871 duoicod.
3602 5815 3739 5856 mss.

2506 5869 2617 5942 (i0)
2655 5869 3392 5937 Quod'nullos’animatColb.
3423 5870 3610 5930 Morel.
3633 5871 3810 5945 quue
3841 5875 4006 5931 cuius
