4202 6496
175 421 319 479 1103

172 536 432 602 Texitur;
465 535 738 606 appellunt
763 533 914 606 queis
943 542 1025 591 est
1047 547 1108 590 ea
1134 533 1308 603 captio
1332 531 1545 589 mercis.

176 629 461 686 Adclinant
489 631 631 685 leves
662 629 885 684 laterum
915 626 1190 682 libramine
1215 625 1440 690 lembos,

170 720 246 777 Ut
275 722 440 777 semel
471 721 772 789 impositam
801 720 1030 775 doceant
1057 717 1418 774 conscendere
1447 730 1658 772 venam.

172 815 310 871 Nam
338 831 398 871 se
426 823 620 885 sponte
651 813 834 868 levans
861 811 1081 867 aduabit
1109 811 1302 867 mercis
1326 809 1392 865 ad
1422 824 1517 864 ora

169 905 401 978 Navigii,
437 907 771 976 pretiumque
798 904 945 959 dabit
967 918 1062 974 pro
1089 917 1312 958 munere
1345 903 1513 972 largo,

165 997 236 1055 Ni
269 998 416 1069 plaga
445 997 742 1068 contigerit,
765 1011 922 1067 quam
950 995 1148 1052 mensi;
1175 994 1388 1051 flemina
1420 994 1592 1050 vestit.

170 1090 318 1148 Ecce
336 1091 477 1146 aliud
505 1099 799 1146 monstrum
832 1089 1003 1162 pelagi
1027 1089 1093 1144 de
1115 1088 1268 1145 clade
1296 1097 1541 1154 natatur;

167 1183 372 1242 Cuncta
404 1184 514 1240 illic
543 1183 778 1240 immissa
810 1181 890 1254 (l)
917 1191 1130 1248 natant;
1162 1190 1348 1238 natura
1374 1181 1598 1236 recessit

1505 413 1851 474 APPENDIX
1889 414 2118 472 PRIMA.

1789 533 1840 593 Α
1869 528 2167 602 Mcrgcndis
2187 528 2309 586 data
2338 526 2685 600 corporibus;
2713 526 2758 584 si
2783 523 3015 597 denique
3041 532 3181 583 teste

1867 621 2166 680 Luciferam
2193 635 2378 677 narem
2405 619 2685 687 insistens,
2716 631 2821 689 qua
2850 616 3068 686 spiritus
3093 617 3200 688 igni
3225 625 3336 682 est,

3329 409 3468 468 1106

1879 710 2167 768 Veliﬁcavit
2187 727 2344 782 apex,
2371 710 2601 766 “ammte
2631 710 2675 764 si
2702 707 2916 764 ﬂamma
2943 717 3214 779 perempta
3245 717 3352 776 est,

1875 801 1975 858 Ibit
1997 803 2178 858 subter
2201 816 2368 873 aquas
2395 799 2687 858 destructio
2707 798 2960 870 naufraga
2986 799 3140 857 lucis.

1873 897 1967 954 Ilze
2012 895 2301 952 Sodomum
2331 903 2386 949 et
2408 893 2701 950 Comorum
2728 891 2946 964 signata:
2971 891 3023 946 in
3054 892 3246 947 sarcula
3272 906 3465 962 pmnaa.

1877 987 2134 1046 Gentibus
2160 987 2386 1057 injustis,
2413 986 2564 1058 queis
2586 993 2801 1058 pectora
2825 984 2957 1039 dura
2994 983 3072 1058 (*2)
3102 985 3349 1042 timorem

1880 1084 2174 1139 Deseruere
2196 1082 2322 1146 Dei;
2364 1081 2433 1137 de
2480 1081 2620 1137 emlo
2658 1081 2778 1153 jura
2819 1080 2976 1147 tueri,

1878 1175 2043 1247 Inque
2070 1191 2235 1232 unum
2262 1189 2438 1232 rerum
2461 1174 2746 1232 Dominum
2767 1182 3010 1244 spectare
3033 1170 3320 1228 docebunt.

1329 1288 1713 1349 LECTIONES
1754 1285 2170 1346 VARIAN'I‘ES.

171 1412 369 1468 mullus
395 1410 606 1468 Fabric.
639 1419 692 1467 et
714 1409 844 1466 edit.
880 1407 1054 1465 Oxon.

244 1483 326 1558 (t)
357 1483 524 1538 Invita
548 1483 656 1539 duo
682 1482 803 1538 cod.
831 1497 963 1538 mss.

1943 1401 2026 1475 (2)
2051 1400 2219 1475 Corda
2259 1401 2464 1475 obdura
2490 1400 2681 1475 _Baluz.
2721 1397 3028 1475 eod.AColb.
3058 1413 3275 1475 carpere
3323 1397 3455 1451 dura

1795 1467 1843 1528 B
1870 1467 2053 1531 Morel.
2093 1472 2211 1529 cod.
2257 1474 2452 1528 Victor.
2490 1472 2652 1529 Paulo
2677 1481 2805 1542 post,
2828 1471 2952 1543 jura
2978 1467 3315 1524 vereriColb.

183 1601 3467 1635 _______________.___—————

1051 1709 1616 1779 ARGUMENTUM
1659 1706 1873 1772 LIBRI
1915 1708 2024 1770 AD
2067 1704 2555 1769 SENATOREM
2580 1751 2596 1774 .

169 1859 263 1905 ΒΧ
307 1858 695 1906 (ιιιιιιετιΑΜ
739 1856 1084 1904 REUGIONE
1128 1857 1214 1901 AD
1258 1853 1588 1900 IDOLORUM
1633 1849 2040 1899 SERVITUTBH
2092 1846 2520 1905 CONVERSUM;
2575 1846 2697 1892 PER
2749 1846 3038 1892 ιΔοοιιυΜ
3110 1844 3464 1891 ΡΑυειιωι.

167 1964 472 2022 Senatorem
501 1965 719 2036 graviter
743 1964 992 2033 increpat,
1023 1961 1158 2033 quod
1185 1972 1336 2017 antea
1378 1959 1697 2016 Christianus
1723 1967 1771 2013 et

244 2058 456 2125 Consul,
490 2056 648 2114 Isidis
673 2073 762 2112 seu
791 2056 975 2112 Matris
1007 2057 1163 2111 Deum
1186 2055 1420 2111 sacerdos
1448 2053 1560 2122 ﬁeri
1584 2069 1682 2105 non
1709 2051 1772 2106 sit

244 2152 450 2216 veritus;
473 2150 706 2204 hortatur
731 2151 900 2220 itaque
938 2161 990 2203 ut
1019 2148 1196 2202 saltem
1221 2149 1274 2201 i'u
1307 2155 1559 2201 senectute
1583 2143 1768 2214 resipi-

242 2254 370 2300 scat.
406 2242 567 2298 Porro
588 2259 700 2297 eum
721 2244 872 2296 etiant
897 2243 978 2296 hic
1001 2241 1232 2311 quadam
1259 2241 1361 2294 sint
1383 2237 1768 2302 Tertullianiea,

243 2352 338 2408 ego
365 2336 444 2390 illi
471 2335 941 2390 adscribere'malui
968 2350 1119 2405 quam
1147 2330 1212 2387 Β.
1241 2330 1520 2404 Cypriane.

643 2451 749 2512 AD
794 2448 1281 2512 SENATOREM

168 2553 285 2614 Ea:
330 2549 690 2615 Christiana
740 2551 1042 2630 religione
1084 2550 1166 2612 ad
1204 2549 1523 2612 idolorum
1561 2543 1770 2608 servi-

654 2659 846 2712 tatem
902 2669 1288 2713 conversum.

695 2753 924 2811 CAPUT
955 2752 1240 2811 PRIMUM.

167 2849 309 2907 Cum
341 2859 394 2909 te
424 2848 648 2905 diversis
674 2850 864 2905 iterum
893 2849 1151 2919 vanisque
1179 2846 1414 2903 viderem

168 2946 441 3003 lnservire
472 2947 657 3008 sacris,
695 2947 977 3016 priscoque
1002 2959 1186 3002 errore
1213 2943 1382 3000 teneri
1406 2959 1420 3008 ;

1873 1955 1976 2013 Sed
2006 1965 2093 2010 tua
2123 1954 2312 2025 religio
2339 1954 2568 2021 calvum,
2599 1952 2678 2025 (ά)
2703 1953 2980 2024 caligaque
3004 1961 3210 2008 remota

1873 2046 2096 2110 Gallica,
2123 2046 2193 2102 sit
2219 2044 2441 2115 pedibus
2470 2044 2616 2100 molli
2641 2043 2882 2099 redimita
2911 2059 3135 2116 papyro.

1878 2139 1984 2196 Res
2011 2137 2250 2195 miranda
2283 2139 2414 2193 satis
2441 2135 2753 2208 deiectaque
2777 2137 3011 2192 culmine
3036 2151 3268 2191 summo.

1871 2229 1928 2286 Si
1958 2231 2078 2300 quis
2105 2230 2173 2284 ab
2201 2227 2368 2283 lsiaco
2391 2227 2589 2286 Consul
2616 2227 2868 2299 procedat
2897 2227 2948 2282 in
2977 2228 3182 2292 urbem,

1875 2323 2036 2380 Risus
2056 2324 2166 2378 oris
2189 2324 2323 2377 erit:
2358 2321 2478 2392 quis
2507 2330 2558 2376 te
2583 2335 2688 2376 non
2715 2320 2888 2376 rideat
2912 2329 3112 2386 autem,

1872 2419 1974 2489 Qui
2001 2417 2165 2474 fueris
2191 2417 2410 2480 Consul,
2446 2432 2586 2472 nunc
2608 2414 2764 2471 Isidis
2788 2429 2910 2471 esse
2937 2415 3274 2470 ministrum?

1873 2512 2132 2583 Quodque
2162 2509 2327 2582 pudet
2354 2511 2546 2580 primu,
2579 2520 2631 2563 te
2657 2522 2763 2564 non
2791 2507 2953 2578 pudet
2976 2521 3098 2563 esse
3123 2507 3394 2562 secundo:

1873 2603 2262 2676 Ingeniumque
2292 2612 2438 2659 tuum
2469 2613 2651 2672 turpes
2677 2601 2935 2656 damnare
2961 2614 3057 2671 per
3082 2598 3310 2671 hymnos

1873 2695 2251 2768 Respondente
2277 2695 2368 2750 tibi
2400 2695 2556 2765 vulgo
2582 2704 2636 2749 et
2666 2692 2937 2749 lacerante
2963 2691 3186 2748 Senatu.

1872 2790 2055 2863 Teque
2080 2790 2238 2845 domo
2265 2791 2478 2862 propria
2506 2789 2703 2859 pictum
2727 2802 2848 2844 cum
2876 2784 3108 2843 fascibus
3136 2795 3285 2845 ante.

1873 2881 2027 2941 Nunc
2049 2898 2260 2955 quoque
2285 2897 2403 2938 cum
2433 2883 2595 2936 sistro
2632 2880 2821 2936 faciem
2850 2888 3066 2951 portare
3086 2877 3352 2933 caninam.

1876 2978 2000 3034 Haec
2030 2993 2133 3034 non
2168 2976 2455 3042 humilitas,
2483 2975 2574 3033 sed
2603 2975 2917 3031 humilitatis
2949 2975 3124 3044 imago
3151 2980 3256 3028 est.

165 3038 414 3141 imm?“
450 3039 528 3110 (η)
560 3037 829 3141 ω⁰¹ξί¹¹¹⁸³
873 3037 992 3107 quia
1033 3035 1267 3141 ﬁrmi"?
1314 3047 1528 3102 semper
1556 3031 1768 3101 πιθών
1796 3059 1840 3124 C
2123 3031 2343 3126 illavtuis
2364 3031 2580 3141 semper
2609 3077 2952 3124 monumenta
2980 3031 3288 3120 manebunt.

167 3129 424 3188 Carmine
451 3131 802 3202 respondens,
831 3128 1110 3201 preperavi
1139 3128 1377 3184 scribere
1403 3141 1623 3190 versus;

164 3222 245 3284 Ut
273 3234 325 3281 te
349 3224 698 3295 corripercm,
726 3222 974 3280 tenebras
1006 3236 1318 3292 praeponere
1349 3220 1474 3276 luci.

165 3319 304 3388 Quis
328 3318 555 3391 patiatur
582 3319 747 3385 enim,
783 3326 834 3375 te
866 3316 1086 3374 Matrem
1113 3316 1334 3372 credere
1365 3328 1610 3385 magnam

168 3415 343 3472 Posse
375 3413 536 3468 Deam
563 3412 689 3479 dici,
722 3426 1014 3482 rursusque
1045 3419 1228 3481 putare
1255 3408 1558 3473 colendam,

165 3507 338 3578 Cujus
357 3507 587 3564 cultores
613 3505 824 3561 infamia
857 3505 1025 3575 turpis
1058 3504 1256 3562 inurit?

180 3599 264 3672 (ὸ)
288 3598 528 3670 Namque
555 3597 858 3655 sacerdotes
881 3597 1076 3653 tunicis
1107 3595 1414 3651 inulieribus
1440 3593 1601 3650 iidem

171 3693 412 3754 Interius
436 3693 596 3750 ritum
622 3692 768 3749 cultu
797 3691 1052 3749 interiore
1082 3689 1348 3757 fatentur;

169 3784 340 3857 quue
369 3784 533 3842 licere
559 3792 768 3854 putant,
799 3782 942 3855 quod
971 3797 1075 3839 non
1113 3783 1265 3847 licet;
1299 3780 1440 3838 unde
1469 3794 1562 3852 per
1587 3778 1771 3837 orbem

176 3877 395 3935 Leviter
416 3878 688 3944 incedunt,
722 3878 920 3933 mollita
950 3891 1082 3934 voce
1118 3877 1421 3948 loquentes,

173 3970 544 4042 Lapsatosque
574 3977 756 4027 tenent
783 3979 1008 4026 extenso
1038 3969 1226 4041 pollice
1259 3967 1488 4032 lumbos,

172 4063 242 4120 Et
271 4063 541 4134 proprium
572 4071 778 4118 mutant
803 4062 1014 4132 vulgato
1043 4061 1266 4117 crimine
1292 4075 1498 4117 sexum.

173 4153 418 4227 Cumque
445 4169 574 4212 suos
601 4154 874 4213 celebrant
899 4157 1054 4222 ritus,
1085 4155 1165 4224 (c)
1193 4154 1276 4210 bis
1300 4169 1422 4211 esse
1449 4151 1638 4210 diebus

190 4246 264 4304 Se
289 4256 469 4304 castos
494 4255 812 4312 memorant;
843 4255 898 4301 at
924 4248 967 4301 si
997 4246 1362 4302 tantummodo
1392 4255 1516 4301 tunc
1559 4251 1702 4307 sunt,

174 4338 248 4396 Ut
278 4337 580 4412 perhibent,
609 4341 773 4404 casti;
802 4337 1009 4409 reliquo
1030 4336 1142 4408 jam
1172 4345 1413 4408 tempore
1457 4333 1582 4406 quid
1611 4329 1779 4390 sunt?

182 4430 293 4488 Sed
321 4431 443 4501 quia
476 4438 738 4501 coguntur
766 4431 954 4486 saltem
986 4430 1152 4486 semel
1179 4442 1300 4485 esse
1330 4427 1531 4499 pudici,

179 4522 361 4580 ﬂente
382 4521 634 4590 fremunt,
658 4522 892 4579 lacerant
908 4537 1121 4592 corpus,
1146 4520 1472 4592 funduntque
1504 4532 1775 4576 cruorem.

179 4616 351 4687 Quale
378 4631 590 4675 sacrum
619 4624 703 4673 est
729 4631 877 4685 vero,
909 4616 1052 4689 quod
1081 4619 1244 4673 fertur
1270 4616 1488 4672 nomine
1521 4613 1774 4686 sanguis?

818 4729 1047 4789 CAPUT
1075 4730 1141 4787 II.

171 4843 329 4903 Nunc
353 4847 514 4904 etiam
544 4845 700 4917 dicis,
733 4845 876 4918 quod
907 4856 957 4903 te
987 4861 1092 4904 non
1124 4845 1308 4905 fecerit
1332 4855 1486 4905 atas.

1874 3165 2078 3221 Rumor
2100 3173 2155 3218 et
2180 3163 2244 3218 ad
2275 3173 2483 3219 nostras
2513 3161 2758 3232 pervenit
2788 3160 3034 3232 publicus
3062 3170 3238 3224 aures,

1872 3257 1948 3313 Te
1973 3256 2205 3312 dixisse:
2238 3256 2364 3321 Dea,
2395 3255 2589 3319 erravi,
2623 3254 2859 3324 ignosce.
2885 3250 3072 3308 redivi.

1873 3348 1969 3405 Dic
1997 3347 2126 3401 mihi
2155 3346 2200 3402 si
2229 3345 2428 3411 valeas,
2457 3360 2576 3401 cum
2610 3344 2734 3399 talia
2762 3358 2905 3414 srcpe
2931 3353 3170 3411 rogares,

1875 3439 1939 3494 Et
1969 3439 2174 3494 veniam
2203 3448 2446 3508 peteres;
2478 3451 2597 3506 qua:
2629 3447 2803 3492 tecum
2836 3435 2996 3489 verba
3023 3432 3199 3488 locuta
3223 3429 3340 3486 est?

1873 3532 2013 3589 Vere
2041 3539 2217 3587 mente
2243 3546 2415 3595 cares,
2445 3531 2685 3599 sequeris
2715 3529 2802 3599 qui
2835 3538 3012 3584 mente
3037 3532 3305 3583 carentes.

1878 3626 2002 3682 llzee
2031 3627 2220 3682 iterum
2250 3624 2465 3697 repetis,
2501 3639 2600 3679 nec
2632 3632 2684 3678 te
2710 3622 3023 3692 delinquere
3051 3617 3240 3676 sentis.

1874 3722 2011 3792 Quid
2041 3735 2283 3777 mereare
2311 3719 2464 3784 vide;
2495 3720 2672 3774 minus
2698 3731 2847 3773 esses
2874 3716 3011 3773 forte
3037 3712 3324 3779 notandus,

1873 3813 1930 3871 Si
1961 3823 2162 3869 tantum
2196 3811 2297 3868 hoc
2322 3811 2509 3876 scires,
2541 3817 2596 3866 et
2626 3809 2677 3863 in
2719 3807 2820 3864 hoc
2845 3821 3032 3864 errore
3058 3818 3342 3869 maneres;

1877 3907 1945 3963 At
1982 3921 2102 3962 cum
2131 3903 2380 3960 vericolze
2411 3900 2777 3975 penetraveris
2805 3899 2941 3956 ostia
2969 3897 3122 3969 legis,

1878 3998 1946 4054 Et
1973 3999 2064 4054 tibi
2093 4013 2251 4054 nosse
2280 3998 2442 4054 Deum
2470 3995 2652 4066 paucis
2679 3991 2965 4048 accesserit
2992 3987 3186 4055 annis;

1875 4092 1985 4150 Cur
2009 4091 2316 4163 linquenda,
2351 4099 2500 4146 tenes
2525 4097 2620 4144 aut
2644 4101 2740 4142 cur
2765 4083 3039 4141 retinenda
3065 4080 3360 4152 relinquis?

1878 4186 2068 4255 Nilque
2092 4185 2248 4252 colis,
2274 4183 2400 4240 dum
2430 4191 2619 4239 cuncta
2647 4179 2779 4236 colis
2798 4220 2812 4242 ,
2843 4192 2943 4233 nec
2970 4175 3134 4232 corde
3161 4182 3420 4230 retractas

1881 4277 2016 4334 Vera
2042 4277 2166 4349 quid
2195 4293 2222 4330 a
2253 4275 2422 4341 falsis,
2451 4274 2576 4345 quid
2603 4272 2670 4328 ab
2699 4270 2903 4327 umbris
2928 4268 3127 4324 lumina
3153 4265 3374 4321 distent.

1878 4370 2260 4440 Philosophum
2295 4370 2474 4439 lingis,
2506 4381 2628 4423 cum
2655 4375 2708 4421 te
2735 4361 3000 4419 sententia
3033 4366 3237 4423 mutet;

1801 4477 1854 4540 ι)
1878 4464 2012 4521 Nam
2045 4463 2134 4519 tibi
2168 4462 2213 4516 si
2243 4460 2576 4517 stomachum
2606 4456 2882 4528 popularis
2909 4453 3142 4509 moverit
3163 4463 3327 4514 aura;

1877 4559 1944 4614 Et
1969 4556 2184 4614 Judzeus
2209 4556 2340 4620 eris,
2367 4563 2615 4624 totusque
2644 4551 2881 4606 incertus
2912 4547 3148 4604 baberis.

1876 4650 2094 4722 Indulge
2117 4647 2296 4715 dictis,
2325 4645 2589 4718 sapientia
2616 4657 2720 4700 non
2752 4642 2930 4713 placet
2954 4640 3095 4705 alta;

1874 4745 2045 4803 Omne
2081 4741 2221 4816 quod
2251 4749 2334 4799 est
2375 4739 2599 4798 nimium
2629 4779 2646 4806 ,
2694 4745 2882 4794 contra
2923 4733 3098 4802 cadit,
3133 4746 3298 4789 unum
3340 4745 3475 4800 ope-

3265 4824 3475 4898 [rantur

1555 4952 2132 5018 COMMENTARIUS.

246 5050 400 5130 CAP.
456 5055 498 5115 1.
530 5085 602 5100 --
640 5054 717 5130 (a)
753 5055 994 5130 Obstipui
1060 5057 1315 5130 monitus,
1358 5065 1478 5130 etc.
1512 5055 1618 5130 Est
1668 5055 1776 5109 luee

172 5127 380 5196 phrasis
420 5145 520 5183 non
553 5127 705 5183 modo
733 5127 1069 5199 Cyprianiea,
1116 5144 1216 5198 qua
1245 5129 1365 5183 alibi
1413 5128 1578 5199 dixit:
1625 5140 1775 5182 mens

173 5199 454 5269 obstipuit,
485 5200 574 5253 sed
616 5214 662 5253 et
701 5198 1085 5267 Tertullianira,
1126 5201 1272 5254 sicuti
1311 5217 1470 5269 supra
1499 5198 1664 5254 videre
1703 5207 1776 5253 est

174 5268 267 5325 lib.
298 5269 362 5325 de
386 5269 556 5327 ludic.
587 5270 812 5338 Domini,
841 5287 955 5341 cap.
987 5271 1048 5336 II,
1082 5272 1163 5326 ubi
1194 5268 1407 5341 legitur:

305 5381 584 5446 Obtipuere
603 5382 800 5447 quidem
822 5384 1006 5447 plures,
1027 5383 1243 5447 patuisse
1262 5381 1541 5448 sepulchra.

177 5487 547 5561 Castigapimus
571 5499 738 5545 autem
765 5491 1019 5557 monitus,
1049 5507 1142 5561 pro
1186 5501 1382 5547 motus.

253 5560 336 5634 (ιι)
355 5560 601 5634 Namque
637 5563 965 5634 sacerdotes,
1015 5560 1120 5634 etc.
1167 5562 1558 5617 Emendavimus
1613 5561 1773 5634 iidem

179 5630 276 5703 pro
317 5630 478 5698 idem,
515 5630 569 5686 et
606 5633 762 5702 paulo
789 5643 942 5704 post;
990 5633 1193 5704 reliquo
1220 5636 1327 5704 jam
1372 5643 1610 5704 tempore
1649 5630 1777 5702 quid

179 5711 329 5766 sunt,
360 5719 454 5774 pro
496 5717 744 5774 corpore.
793 5703 944 5768 Atqui
969 5704 1032 5759 de
1056 5703 1571 5760 sacerdotibuslsidis
1597 5715 1642 5760 et
1667 5705 1780 5772 ipsa

179 5775 345 5842 Iside,
370 5791 526 5845 supra
560 5791 660 5830 non
689 5775 841 5832 semel
864 5777 987 5829 satis
1011 5777 1201 5830 dictum
1225 5786 1318 5832 est.
1360 5775 1460 5831 Hie
1485 5778 1587 5832 illis
1612 5775 1782 5829 tribuit

182 5847 392 5904 tunicas
453 5845 764 5913 muliebres,
824 5855 1089 5902 mutatum
1137 5863 1354 5907 sexum.
1405 5848 1781 5906 lacerationem

221 5917 460 5990 orporis,
499 5933 561 5972 ae
601 5916 863 5974 fusionem
905 5920 1130 5986 cruoris,
1179 5920 1468 5988 calvitiem,
1516 5930 1570 5975 et
1622 5919 1785 5989 pedes

1879 5049 2146 5108 Gallicana
2171 5059 2371 5119 papyro
2387 5041 2686 5110 redimitos,
2739 5041 2953 5111 denique
2965 5052 3087 5096 eum
3103 5036 3265 5093 sistro
3286 5031 3475 5090 faciem

2176 5185 2622 5273 essediebus‘se
2650 5192 2830 5273 castos
2875 5186 3200 5273 ingruerant,
3240 5183 3357 5273 etc‘.’
3383 5173 3471 5273 lli:

1879 5244 2238 5321 Castisilsidis
2266 5258 2445 5323 sacris,
2470 5257 2580 5311 vide
2603 5255 2753 5326 infra!
2772 5250 3144 5326 Tertullianum
3165 5244 3289 5326 tam.
3313 5245 3357 5301 γ
3379 5244 3468 5298 lib.

1879 5319 1942 5389 de
1959 5332 2171 5404 jejunt't's
2209 5330 2326 5384 adv.
2378 5319 2674 5404 Psycliieos.
2706 5323 2799 5381 Est
2821 5333 2940 5378 ante
2978 5321 3130 5378 etiam
3169 5319 3254 5374 ille
3304 5330 3475 5372 versus

1879 5400 2141 5470 obscurus,
2171 5411 2217 5456 et
2247 5407 2377 5472 [orte
2407 5400 2708 5454 mendosus:

2006 5494 2162 5556 Quale
2185 5505 2374 5544 sacrum
2395 5499 2471 5542 est
2491 5502 2630 5550 vero,
2653 5487 2782 5553 quod
2802 5486 2960 5536 fertur
2978 5482 3175 5536 nomine
3193 5477 3434 5541 sanguis?

1949 5595 2102 5681 CAP.
2143 5595 2206 5678 ll.
2237 5625 2308 5638 —-
2349 5593 2735 5717 (d)Caligaque
2760 5598 2988 5672 remeta,
3018 5596 3124 5641 etc.
3174 5581 3250 5638 De
3289 5581 3476 5636 militia

1949 5671 2124 5717 lmata-
2157 5666 2270 5717 unde
2310 5682 2466 5717 sunra
2496 5676 2617 5717 tant.
2676 5663 2717 5717 1.
2760 5664 2847 5716 lib.
2881 5660 2944 5714 de
2985 5655 3178 5712 Idolol.
3224 5669 3341 5717 cap.
3385 5651 3474 5711 19.

1879 5651 2270 5742 ωιῖέᾶὶρέυῑψ
2310 5651 2466 5737 supra
2496 5651 2617 5742 tam.
2650 5651 2717 5730 II,
2760 5664 2847 5742 lib.
2881 5651 3362 5742 deidei-tilica?"
3385 5651 3474 5742 lli,

1884 5728 2026 5797 tiuni'.
2061 5728 2185 5796 M7.
2215 5728 2384 5808 Atqut'
2407 5735 2679 5807 corripitur
2705 5728 2861 5789 etiam
2891 5748 2922 5784 a
2952 5730 3003 5783 iu
3029 5728 3244 5782 ablativo
3281 5739 3365 5792 qut
3394 5736 3477 5776 se-

1885 5813 2058 5886 quitur
2081 5827 2100 5867 :

2017 5925 2214 5987 Gallica,
2239 5927 2301 5977 sit
2319 5923 2529 5989 pedibtts
2546 5918 2680 5975 molli
2703 5918 2928 5970 redimita
2960 5924 3141 5979 papyro
