4202 6496
170 409 312 474 1109

169 528 400 586 Parcere
426 525 712 598 subjectis,
743 534 797 581 ct
822 524 1001 583 debito
1029 523 1222 583 cedere
1251 537 1423 596 preme
1451 522 1525 596 (al

170 621 550 692 Supplicibus;
582 619 900 690 facilemque
926 620 1050 674 boni
1071 659 1086 684 ,
1114 619 1361 675 cessabat
1387 617 1534 672 abire
1556 613 1652 687 (b),

171 713 254 772 Ne
281 729 473 769 vanum
499 723 716 769 caneret
745 753 760 780 ,
789 726 1004 769 cessura
1031 726 1159 782 pace
1188 710 1473 765 minarum.

174 807 296 864 Mox
325 806 442 875 fuga
470 805 754 861 consilium
779 845 792 869 ,
826 805 870 859 si
901 819 1004 874 qua
1030 813 1111 859 est
1141 813 1318 859 tamen
1345 803 1445 858 ista
1474 801 1695 858 facultas
1721 844 1738 866 ,

177 899 402 957 Evitare
430 898 592 954 Deum
615 938 629 964 ,
664 897 981 966 Dominique
1009 895 1234 951 evadere
1255 895 1494 950 dextram
1519 937 1534 960 ,

179 993 302 1061 Quo
330 991 512 1046 subter
539 989 609 1060 (c)
632 997 773 1044 totus
801 989 1071 1059 trepidans
1093 989 1450 1057 compescitur
1477 987 1623 1042 orbis

178 1087 253 1142 At
281 1095 426 1138 ratus
449 1093 532 1140 est
552 1083 628 1156 (ά)
656 1083 798 1155 quod
827 1083 934 1152 agit
960 1091 1145 1137 sancto
1173 1081 1240 1135 de
1269 1081 1432 1136 corde
1458 1080 1765 1151 prophetes.

254 1177 472 1232 Littoris
492 1176 544 1230 in
577 1176 715 1231 labio
746 1173 816 1248 (θ)
847 1183 998 1244 portu
1037 1173 1382 1229 celeberrima
1408 1173 1514 1226 fido

183 1271 322 1328 Urbs
346 1285 437 1325 ora
465 1279 546 1325 est
575 1269 793 1324 Cilicum
820 1309 834 1334 ,
868 1278 1050 1324 contra
1093 1267 1312 1322 libratur
1337 1266 1563 1337 Joppen.

177 1363 307 1420 Inde
327 1365 482 1434 igitur
503 1360 735 1416 Tharsos
761 1359 824 1430 (θ
858 1373 1116 1431 properus
1145 1369 1255 1414 rate
1281 1359 1486 1414 scandit
1512 1359 1695 1414 .Iouas.

179 1453 436 1523 Ejusdem
461 1453 563 1507 fert
586 1462 699 1508 acta
732 1453 869 1507 Deus
890 1493 904 1517 ,
935 1466 1032 1506 uec
1059 1450 1289 1520 denique
1317 1450 1542 1516 mirum,

177 1547 239 1606 Si
268 1549 550 1604 Dominum
581 1549 633 1603 in
663 1549 817 1604 terris
841 1549 1044 1617 fugiens
1065 1591 1078 1610 ,
1113 1551 1308 1603 invenit
1333 1551 1382 1602 in
1413 1550 1587 1603 mulis.

179 1642 410 1697 Parvula
434 1656 555 1696 nam
582 1641 759 1696 subito
792 1643 1146 1696 maculaverat
1175 1658 1295 1696 aera
1320 1643 1519 1708 nubes,

177 1730 360 1789 Feller
381 1731 616 1788 sulfurea
637 1732 704 1788 de
730 1734 936 1788 semine
961 1735 1167 1788 concita
1197 1734 1336 1788 venti
1368 1733 1466 1806 ω),

175 1825 548 1897 Paulatimque
584 1826 773 1897 globus
804 1828 998 1898 pariter
1019 1841 1138 1883 cum
1169 1829 1282 1884 sole
1305 1829 1556 1896 coha:sit,

177 1919 581 1993 Deceptumque
607 1919 746 1976 diem
769 1920 844 1992 (Ii)
871 1920 1112 1994 caliginis
1134 1923 1348 1994 agmine
1381 1923 1560 1980 clusit.

1504 404 1846 468 APPENDIX
1874 406 2107 468 PRIMA.

1785 521 1841 585 Α
1865 521 1953 578 Fit
1980 522 2254 594 speculum
2277 523 2396 581 coeli
2423 523 2663 597 pelagus,
2691 523 2844 598 niger
2866 522 3096 582 ambitus
3120 524 3290 582 undas

3317 405 3458 468 1110

1865 619 2036 675 Inﬁcit
2052 662 2065 684 ,
2098 621 2150 676 in
2174 622 2417 678 tenebras
2441 623 2546 677 ruit
2565 620 2732 678 aether
2751 663 2768 690 ,
2789 630 2844 678 et
2869 636 3019 678 mare
3046 621 3234 694 surgit.

1867 714 2232 786 Nequidquam
2273 717 2480 772 medios
2507 715 2698 772 ﬂuctus
2727 716 2853 771 dum
2882 715 3059 772 nubila
3090 723 3345 788 tangunt,

1868 807 2049 866 Gloria
2077 819 2355 866 ventorum
2383 825 2522 881 quos
2547 823 2734 865 onmes
2764 807 2974 864 turbine
2998 809 3205 864 miscet.

1871 901 2122 957 Diversus
2146 901 2290 957 furor
2316 903 2368 957 iu
2402 900 2679 973 profugum
2706 900 2978 956 frendebat
3003 900 3216 956 Jouam.

1875 991 1985 1048 Una
2015 994 2144 1046 rutis
2169 1001 2440 1047 certamen
2470 1001 2587 1047 crat
2613 993 2854 1062 caeloque
2881 991 3120 1060 fretoque
3139 1033 3152 1055 ,

1869 1083 2132 1140 Tuuditur
2159 1083 2280 1140 hinc
2302 1084 2477 1149 illinc,
2507 1085 2687 1139 tremit
2714 1086 2888 1139 oumis
2909 1085 3056 1154 sylva
3082 1084 3181 1139 sub
3209 1084 3316 1140 ictu

1874 1173 2197 1246 Fluctil‘rago
2225 1175 2284 1245 (ἡ)
2320 1176 2502 1229 subter
2529 1189 2786 1229 concussa
2816 1185 2897 1229 est
2926 1174 3069 1244 Spira
3107 1176 3324 1229 carinae.

1874 1269 2097 1339 Palpitat
2128 1279 2373 1323 antemna
2407 1268 2635 1324 stridens
2667 1268 2753 1340 (j),
2775 1268 2922 1323 labor
2951 1270 3132 1322 horret
3155 1267 3222 1322 ab
3252 1265 3461 1338 alto(k),

1875 1362 1990 1431 Ipsa
2019 1364 2175 1416 etiam
2204 1360 2414 1430 infringi
2445 1361 2693 1416 dubitans
2725 1362 3004 1415 inflectitur
3031 1362 3210 1415 arb0r.

1875 1456 2123 1511 Nauticus
2152 1456 2351 1509 interea
2373 1457 2615 1526 geminus
2643 1455 2843 1508 clamor
2872 1453 2932 1525 (l)
2964 1455 3139 1508 omnia
3172 1463 3340 1508 tentat
3359 1495 3375 1518 ,

1876 1551 1980 1605 l‘ro
2007 1560 2117 1604 rate
2142 1564 2342 1619 proque
2366 1549 2540 1603 atiima
2558 1590 2572 1613 ,
2601 1547 2878 1619 Spiras(m)
2910 1547 3173 1603 mundare
3193 1556 3463 1601 morantes

1875 1642 2204 1712 Oblaqueare
2232 1641 2476 1696 ntithram
2508 1639 2607 1711 (η),
2637 1641 2904 1695 clavorttm
2937 1642 3195 1709 stringere
3223 1641 3388 1702 nisus,

1877 1734 1972 1790 Vel
2002 1735 2322 1790 reluctantes
2353 1733 2628 1803 impellere
2659 1744 2873 1802 pectore
2901 1747 3058 1802 gyros
3083 1731 3158 1805 (ο)
3193 1751 3205 1787 :

1877 1830 2008 1886 Pars
2032 1829 2195 1885 maris
2222 1828 2416 1882 interni
2455 1837 2666 1897 puteum
2699 1826 3007 1897 gravcolere
3035 1825 3110 1899 (ρ)
3146 1826 3397 1881 vicissim.

1807 1919 1853 1978 B
1881 1921 2132 1994 Egregius
2158 1920 2369 1992 rapiunt
2399 1919 2471 1991 (ιι)
2503 1929 2627 1975 tunc
2654 1934 2859 1976 merces
2889 1929 3048 1990 atque
3076 1932 3210 1975 onus
3249 1931 3437 1975 Omnes

1550 2036 2104 2096 COMMENTARIUS.

252 2152 331 2228 (ει)
350 2152 529 2210 Debita
548 2153 720 2228 cedere
744 2168 920 2228 parum.
945 2151 1020 2208 Ita
1042 2150 1322 2208 emendavi
1337 2166 1500 2228 ,‘cum
1523 2167 1677 2228 corru
1687 2163 1772 2223 pte

173 2223 326 2309 esset
356 2228 408 2281 in
428 2242 479 2282 v.
509 2238 559 2282 c.
586 2226 803 2279 debitum
829 2223 1002 2279 cedere
1028 2240 1225 2294 paruam
1244 2267 1258 2291 ,
1283 2225 1454 2279 cedere
1482 2227 1656 2294 posuit
1675 2240 1774 2297 pro

175 2309 607 2440 re'iiiiwf'igssabat
647 2368 804 2440 obire.
836 2365 897 2440 Id
916 2378 1020 2432 est,
1053 2367 1332 2440 recusabat
1361 2366 1524 2440 Jonas
1553 2367 1774 2436 implere

174 2437 415 2496 officium
458 2439 800 2494 admouendi.
845 2439 1007 2493 Plane
1035 2438 1223 2493 eodem
1251 2439 1428 2492 colore
1452 2437 1771 2493 Prudentius

173 2523 410 2639 (elxcus'abt
433 2510 621 2566 Jouatn
644 2553 658 2578 ,
693 2511 891 2584 hymno
918 2509 948 2562 7
989 2510 1240 2575 ϐαιΙιευι.,
1270 2509 1359 2564 ubi
1400 2509 1512 2564 haec
1549 2509 1771 2565 historia

215 2596 354 2640 escri
401 2592 552 2638 Itur:

304 2698 480 2747 Jonam
503 2697 786 2760 prephetam
813 2696 941 2745 mitis
964 2695 1090 2744 ultor
1116 2697 1298 2743 excitat

304 2761 472 2811 Paene!
491 2761 783 2809 imminentis
808 2762 898 2806 iret
920 2767 968 2808 ut
993 2761 1317 2820 praeuuncius,

303 2824 396 2873 Sed
422 2831 586 2872 nosset
607 2821 690 2871 ille
713 2836 822 2871 cum
858 2824 1094 2870 minacem
1117 2821 1336 2869 Judicem

302 2885 518 2935 Servare
543 2885 686 2933 malle
710 2898 852 2946 quam
879 2886 1026 2932 terire
1052 2896 1105 2929 ac
1132 2883 1371 2946 plecti-re,

303 2949 508 3000 Tectum
539 2944 755 2998 latenter
777 2948 924 2996 vertit
947 2948 996 2994 in
1018 2946 1228 2995 Tharsos
1253 2944 1471 3006 figuram.

179 3053 379 3111 Verum
402 3054 489 3107 alii
520 3054 806 3122 scriptores
835 3052 980 3104 aiunt
1025 3051 1214 3104 Jouam
1261 3057 1565 3122 contemptu
1603 3049 1653 3104 id
1691 3049 1770 3104 fe-

171 3127 337 3183 cisse.
376 3125 435 3180 D.
477 3119 830 3195 Hieronymus
871 3134 1131 3195 comment.
1169 3123 1221 3173 in
1248 3120 1482 3195 Jonam;
1527 3119 1770 3195 Conscius

170 3206 288 3253 erat
315 3201 451 3266 fuga
478 3207 522 3248 et
539 3191 842 3266 peccatique
867 3193 1065 3247 Domini
1090 3202 1338 3266 prafcepta
1367 3191 1764 3266 neglexerat._AD.

175 3263 470 3338 Gregorius
496 3263 588 3322 lib.
624 3267 688 3322 VI
716 3269 766 3321 in
791 3265 908 3320 Job.
944 3281 992 3320 c.
1028 3265 1094 3318 I3
1125 3281 1136 3316 :
1170 3263 1288 3338 Illic
1335 3274 1557 3338 gestante
1602 3263 1768 3338 bellan

173 3334 402 3410 peruenit
429 3356 526 3409 quo
552 3341 623 3394 ire
651 3348 829 3405 sponte
851 3340 1160 3410 contempsit.
1195 3334 1322 3388 Ecce
1369 3336 1631 3410 fugitivum
1679 3334 1769 3410 Dei

174 3406 450 3477 tempestas
473 3411 679 3474 invenit,
711 3427 817 3463 sors
846 3409 1027 3479 litigat,
1054 3424 1198 3479 putare
1224 3408 1465 3472 suscipit,
1495 3406 1661 3479 bellua
1685 3407 1766 3459 in-

174 3482 372 3541 cludit,
421 3489 468 3533 et
514 3482 634 3550 quia
671 3481 864 3534 auctori
892 3478 983 3532 suo
1014 3478 1212 3531 obedire
1258 3480 1465 3543 nititur,
1502 3478 1568 3550 ad
1606 3478 1768 3550 locum

173 3569 278 3622 quo
306 3552 483 3606 missus
512 3547 708 3622 fuerat,
739 3567 831 3606 suo
867 3567 980 3603 reus
1022 3564 1223 3622 carcere
1241 3559 1503 3622 _porttttur.
1537 3547 1770 3622 Isidorus

176 3618 272 3679 liii.
303 3622 364 3676 de
390 3618 564 3677 vitaet
593 3637 750 3676 morte
785 3631 1029 3684 sanctam
1060 3635 1160 3688 cap
1202 3620 1268 3673 45
1291 3635 1308 3672 .·
1338 3620 1500 3672 Jonas
1536 3619 1604 3671 ml
1646 3636 1768 3685 gen-

178 3695 308 3749 tium
333 3693 586 3764 prteconia
616 3695 846 3758 mittitur,
877 3694 1061 3746 missus
1094 3691 1400 3758 contemnit,
1445 3701 1772 3744 contemnens

176 3767 336 3838 fugit,
354 3768 550 3836 fugiens
576 3766 783 3838 dormit,
811 3774 914 3820 etc.

280 3839 450 3904 omne
474 3837 658 3891 subter.
695 3837 822 3890 Erat
849 3837 976 3890 inv.
1008 3851 1056 3889 c.
1081 3851 1251 3904 super.

280 3841 450 3904 θωνα
474 3841 658 3891 subter.
695 3841 822 3890 Erat
849 3841 976 3890 inv.
1008 3851 1056 3889 c.
1081 3851 1251 3904 super.

255 3841 426 3980 idlAt
452 3917 592 3961 ratus
622 3920 710 3961 est.
753 3909 1012 3980 Corrupte
1055 3922 1239 3960 rursus
1269 3906 1318 3959 in
1349 3903 1671 3973 exemplari,
1705 3921 1772 3958 an

179 3978 300 4035 rati.
319 3978 519 4032 Statim
551 3980 761 4048 reposui
790 3979 851 4031 de
879 3978 1057 4043 corde,
1087 3992 1183 4046 pro
1212 3993 1314 4042 quo
1341 3993 1394 4029 ν.
1426 3992 1474 4030 c.
1505 3981 1566 4027 de
1592 3992 1774 4044 corpo-

181 4069 259 4108 re.
294 4050 551 4107 Retuovet
579 4060 764 4106 auctor
805 4065 832 4104 a
875 4051 1128 4120 propheta
1175 4048 1416 4118 culpam,
1465 4055 1521 4099 ut
1553 4056 1773 4102 excuset

183 4125 404 4180 factum.

257 4193 334 4276 (c)
366 4193 570 4276 Litteris
591 4195 642 4276 in
671 4191 1062 4276 labionsmtilis
1097 4191 1308 4276 plu-usis
1356 4188 1595 4276 Sisennae
1635 4189 1772 4270 apud

183 4261 414 4322 Nonium
442 4266 652 4321 Marcel.
685 4281 697 4314 :
728 4264 953 4330 sistitque
989 4265 1042 4314 in
1091 4261 1233 4314 labro
1282 4276 1474 4314 suian
1524 4261 1768 4328 ﬂuminis.

184 4339 252 4394 Et
283 4337 352 4391 bl.
378 4337 580 4391 Tullius
611 4352 665 4391 os
694 4344 868 4404 portus
907 4333 1153 4388 similiter
1195 4332 1368 4404 dixit;
1425 4345 1545 4384 nam
1592 4333 1668 4384 sic
1713 4334 1774 4385 de

183 4409 449 4478 suppliciis
476 4409 528 4463 in
562 4402 766 4461 Verrem
790 4423 807 4460 :
832 4404 966 4459 Nam
985 4405 1037 4457 in
1063 4403 1171 4474 ipso
1198 4402 1341 4455 aditu
1366 4412 1513 4470 atque
1542 4418 1626 4457 ore
1655 4419 1774 4472 pur-

184 4493 289 4535 tus.

287 4550 327 4622 f)
354 4549 594 4622 Tharsos.
627 4549 694 4604 V.
737 4565 800 4622 c:
818 4548 1038 4603 Tharros
1061 4561 1303 4622 properus
1331 4553 1442 4622 rate
1465 4545 1771 4598 conscendit.

258 4553 327 4690 ξι)
354 4553 594 4606 Tharsos.
627 4553 694 4604 ν.
737 4565 786 4604 c.
818 4553 1038 4603 Tharros
1061 4561 1303 4616 praperus
1331 4553 1437 4598 rate
1465 4553 1771 4598 conscendit.

284 4624 336 4694 g)
363 4621 573 4677 Concita
597 4622 747 4677 renti.
777 4620 930 4686 Puto,
981 4635 1105 4675 vere
1137 4619 1206 4674 ita
1237 4618 1482 4682 correxi,
1527 4631 1624 4687 pro
1671 4631 1776 4687 quo

184 4712 238 4750 ν.
264 4711 311 4750 c.
340 4695 538 4748 conotia
566 4695 712 4747 venti.

290 4765 342 4836 h)
368 4763 741 4836 Deceptumque
769 4763 920 4836 diem.
955 4761 1058 4816 Pro
1080 4769 1302 4836 ereptum
1329 4759 1524 4828 posuit.

287 4834 331 4909 i)'
355 4835 690 4905 Fluctifrago.
723 4835 885 4909 Alias
906 4850 962 4909 _v.
990 4834 1356 4909 c._/_luct_itvago.

283 4903 325 4980 j)
355 4903 877 4961 Antemnaistritlens.
906 4905 1019 4960 Non
1048 4904 1132 4959 hic
1171 4905 1342 4980 dicam
1389 4903 1629 4980 produci
1648 4903 1773 4958 ulti-

183 4973 364 5045 mam,
398 4980 450 5033 iu
487 4989 759 5041 antemna,
795 4986 1008 5046 propter
1039 4973 1494 5044 petilentimerim,
1538 4974 1632 5029 scd
1678 4990 1772 5044 po-

184 5055 295 5108 tius
323 5049 711 5105 observandam
744 5050 973 5102 monebo
1017 5057 1255 5101 veterum
1299 5047 1772 5111 consuetudinem,

183 5125 278 5196 qui
307 5123 544 5176 vocalem
573 5125 781 5196 longam
809 5119 1071 5174 faciebant
1112 5134 1231 5172 cum
1273 5128 1633 5196 sequerentur
1658 5119 1777 5196 dua:

181 5188 565 5251 consonantes.
590 5188 758 5261 Quem
785 5206 987 5246 morem
1011 5199 1188 5245 tamen
1219 5188 1474 5261 neoterici
1505 5203 1600 5243 nec
1625 5189 1778 5261 intel-

185 5267 434 5322 lexerunt
465 5280 562 5319 nec
593 5259 839 5317 viderunt
865 5305 880 5328 ,
909 5262 999 5333 qui
1027 5277 1170 5331 stupe
1200 5261 1344 5313 locos
1383 5259 1433 5312 iu
1473 5260 1776 5333 auctoribus

182 5345 545 5405 corruperunt
570 5343 752 5389 contra
777 5332 939 5388 fidem
962 5343 1017 5387 et
1043 5345 1364 5405 consensum
1381 5332 1621 5405 ninnium
1639 5347 1700 5405 _v.
1725 5346 1774 5384 c.

183 5408 243 5464 Id
270 5400 370 5477 ego
398 5407 619 5476 prolatis
645 5415 699 5461 et
727 5406 987 5477 restitutis
1017 5403 1335 5477 testimoniis
1362 5400 1516 5477 docui
1544 5401 1609 5455 ad
1638 5401 1776 5456 Pau-

183 5471 354 5535 linunt
381 5471 733 5544 fScdulium,
775 5476 997 5531 Marium
1043 5475 1348 5539 Victorem,
1393 5471 1687 5528 Juveucutn
1725 5483 1780 5528 et

180 5561 435 5606 caeteros.
468 5550 671 5604 Addam
705 5557 906 5603 tantum
939 5546 1098 5601 verba
1125 5544 1469 5616 vetustissimi
1507 5560 1777 5616 gramma-

181 5623 275 5679 tici
303 5621 610 5680 Terentiam
636 5619 802 5677 Mauri
821 5659 836 5683 ,
868 5631 984 5688 cap.
1016 5617 1082 5673 de
1101 5615 1341 5674 carmine
1361 5615 1617 5673 beroit:o:

307 5734 603 5798 Spoudteum
627 5737 837 5798 gemina:
861 5737 1065 5798 possunt
1089 5729 1281 5798 firmare
1302 5743 1510 5798 sonorae,

309 5793 564 5861 Exemplis
580 5793 811 5861 an'prava
830 5793 1030 5861 sequar,
1045 5793 1135 5861 _vel
1163 5801 1312 5861 recta,
1339 5795 1573 5854 probabo.

311 5857 532 5924 Quisque
556 5857 682 5924 scire
704 5859 852 5920 cupit,
874 5857 953 5924 vel
974 5858 1184 5920 quisque
1208 5857 1426 5907 scribere
1440 5865 1603 5924 curat.

310 5919 581 5974 luteitare
603 5923 755 5973 decet
770 5919 886 5970 cum
908 5919 1036 5980 dico,
1065 5928 1115 5967 et
1148 5931 1325 5979 separo
1349 5919 1570 5972 verbum.

312 5987 445 6042 Ante
464 5984 795 6040 Stesichorum
815 5990 976 6040 vatem
999 5990 1174 6036 natura
1192 5983 1390 6036 creavit.

1948 2149 2224 2226 (k)_Labor
2251 2149 2420 2226 (torret
2445 2150 2507 2226 ab
2534 2148 2748 2226 alto.__P.
2803 2147 3040 2226 Pithoeus
3087 2146 3297 2226 subolet
3330 2163 3470 2226 ‘voco

1878 2220 2077 2277 laboris
2107 2223 2190 2275 hic
2220 2220 2508 2288 signiﬁcari
2541 2221 2716 2275 vexilli
2748 2235 2840 2273 seu
2872 2220 2975 2274 veli
3020 2221 3277 2288 speciem.
3328 2222 3468 2273 Sane

1875 2294 2165 2364 Gregorius
2190 2291 2573 2364 Naziattgcnus,
2609 2291 2928 2364 Orationem
2950 2289 3175 2364 Julian.,
3206 2293 3281 2364 ait
3305 2292 3470 2345 vexil-

1876 2361 2134 2420 lum'esse
2162 2363 2302 2433 quod
2332 2380 2360 2416 a
2391 2362 2591 2417 Latinis
2616 2361 2825 2416 dicatur
2854 2361 3016 2433 labor,
3059 2362 3180 2433 quia
3199 2362 3328 2433 _vitu
3370 2363 3467 2433 ba-

1877 2436 1997 2492 beat
2026 2430 2398 2491 solt'cndmunu
2446 2434 2705 2487 laborum.
2734 2435 2918 2489 Exstat
2949 2432 3000 2486 in
3027 2432 3148 2486 cod.
3197 2430 3465 2488 Theodos.

1875 2507 1936 2562 L.
1977 2507 2064 2573 Vl,
2095 2509 2176 2560 tit.
2206 2505 2370 2560 ‘25.de
2393 2506 2688 2574 pra-pastus
2713 2503 3088 2574 laborum,ubi
3111 2503 3183 2555 sic
3212 2504 3472 2573 prarpositi

1877 2579 2103 2631 laborant
2136 2587 2306 2630 nostro
2333 2587 2378 2630 et
2396 2573 2772 2646 stipendiorum
2798 2573 3064 2646 sudoribus
3093 2585 3468 2642 promoventur.

1873 2649 1978 2704 Sed
2008 2658 2062 2702 ct
2088 2651 2138 2702 in
2166 2648 2286 2702 cod.
2314 2645 2557 2702 Justinia.
2583 2648 2656 2701 lib
2684 2646 2793 2707 Xll.
2824 2647 2903 2700 tit.
2936 2645 3468 2711 l8,constantissiiua

1876 2721 1980 2775 title
2029 2721 2079 2772 iu
2134 2720 2381 2774 omnibus
2432 2718 2579 2773 libris
2632 2717 3005 2787 manuscriptis
3060 2716 3340 2771 inscribit:
3395 2716 3470 2770 De

1875 2808 2038 2862 prwp.
2067 2789 2316 2843 laborant.
2345 2792 2471 2862 Quae
2496 2801 2672 2844 tamen
2696 2790 2956 2862 scriptura
2980 2787 3295 2862 quibusdam
3325 2788 3471 2842 inso-

1874 2857 1994 2919 lens
2009 2867 2119 2916 visa
2149 2862 2240 2915 fuit
2266 2903 2278 2922 ,
2311 2861 2445 2914 adeo
2477 2869 2532 2915 ut
2561 2859 2846 2914 Accursius
2867 2868 3014 2912 notet
3040 2857 3202 2913 luisse
3228 2874 3320 2911 sua
3345 2871 3471 2912 ana-

1875 2943 1925 2989 te
1966 2934 2054 3003 qui
2109 2947 2202 3003 pro
2247 2933 2504 2996 laborum,
2559 2942 2876 3000 reponerent
2926 2930 3174 3003 lnbiorum
3225 2928 3466 3003 ridicule.

1874 3000 2026 3060 Nunc
2049 3000 2132 3058 alii
2161 3013 2340 3072 putant
2369 3003 2647 3073 legentium
2673 3004 2846 3071 potius
2873 3002 3159 3073 laborarunt
3179 3043 3191 3065 ,
3222 3000 3468 3069 exemplo

1873 3094 1976 3146 quo
2007 3070 2385 3130 Coitstantiuus
2415 3070 2702 3142 imperator
2729 3072 2981 3146 vexillum
3009 3070 3139 3146 illud
3171 3072 3345 3126 nobile
3367 3087 3471 3140 quo

1872 3142 2117 3202 utebatur
2144 3150 2194 3199 in
2225 3147 2365 3199 bello
2389 3188 2402 3212 ,
2430 3144 2992 3213 labarumappellavit.
3019 3142 3131 3213 Ego
3163 3158 3266 3194 non
3300 3153 3469 3197 teme-

1874 3236 1932 3344 ὗς
1979 3218 2361 3273 discedendqu
2413 3219 2644 3270 arbitror
2692 3231 2722 3268 a
2772 3217 3034 3284 scriptura
3093 3223 3333 3269 veterum
3373 3230 3469 3268 co-

1913 3307 2073 3344 lCIltIl.

1913 3307 2073 3345 ICIIIII.

1944 3361 2006 3433 (Ι)
2040 3359 2278 3433 Geminus
2323 3359 2532 3433 clamor.
2582 3358 2812 3433 Primam
2840 3356 2911 3433 _in
2965 3355 3158 3433 clqnior
3191 3356 3469 3433 contraxit

1872 3425 2262 3494 Tertullianus,
2297 3448 2400 3485 non
2432 3431 2578 3484 solus
2610 3431 2745 3483 inter
2775 3428 2999 3497 priscos.
3025 3426 3157 3482 Nam
3191 3425 3473 3497 Paulinus,

1871 3505 2023 3560 libris
2052 3502 2115 3556 de
2144 3505 2244 3556 t'ita
2276 3502 2521 3567 Martini,
2556 3516 2618 3555 ea
2652 3496 2861 3554 licentia
2895 3514 3021 3552 usus
3045 3541 3059 3562 ,
3269 3496 3474 3551 Clamor

1871 3575 2134 3702 inscium;
2178 3584 2495 3644 tempestate
2532 3573 2738 3627 marina
2787 3571 2960 3626 locum
3006 3569 3206 3626 habent
3249 3567 3468 3625 Ovidius

1897 3666 1908 3701 ι
1954 3687 1965 3699 .
2037 3685 2050 3700 .
2143 3654 2294 3699 ctam.

1897 3649 1965 3701 ib.
1985 3649 2050 3700 ll.
2083 3649 2294 3699 Metam.

1997 3771 2191 3835 Onippe
2206 3775 2380 3835 sonant
2403 3765 2622 3834 clamore
2639 3762 2745 3817 viri,
2756 3757 2979 3835 stridore
3000 3756 3255 3820 rudentes,

2000 3787 2088 3830 υιιι
2129 3787 2191 3835 pe
2206 3787 2380 3818 sonant
2403 3787 2615 3814 Clanium:
2642 3787 2745 3817 un,
2768 3787 2811 3809 at

2000 3787 2245 3888 Untiitruzu
2272 3833 2465 3880 incursu
2491 3826 2653 3888 gravis
2673 3822 2817 3874 unda.

1872 3938 1976 3996 Sed
1996 3952 2050 3996 et
2074 3942 2188 4009 ipse
2213 3934 2574 3992 Tertullianus
2597 3929 2754 4002 paulo
2777 3936 2899 3998 post
2922 3925 3101 3983 subdit
3129 3941 3146 3981 :

1999 4051 2123 4101 Sunt
2146 4053 2338 4098 miserae
2361 4058 2510 4097 voces
2532 4044 2592 4094 ad
2615 4041 2806 4106 singula
2836 4040 3074 4102 fragmina
3095 4038 3256 4089 Ponti.

1949 4155 2459 4231 (tu)uAnima__spir_as.
2476 4150 2604 4205 Erat
2618 4153 2684 4231 _in
2713 4164 2763 4230 ις.
2783 4165 2833 4202 c.
2863 4149 3062 4231 artiums
3087 4146 3273 4216 spiras.
3295 4143 3468 4228 Isido-

1875 4219 1968 4286 rus
1997 4219 2192 4301 (Etym.
2227 4228 2317 4280 lib.
2344 4224 2434 4284 IX.
2454 4239 2585 4301 _cap.
2618 4219 2672 4292 5)
2695 4220 2769 4274 ait
2798 4221 2963 4301 spiras
2993 4219 3146 4301 folles
3185 4233 3322 4301 esse.
3353 4219 3471 4286 qui-

1876 4302 1975 4357 bus
2004 4289 2179 4355 itatita:
2207 4307 2425 4352 utuntur
2453 4295 2504 4348 in
2534 4289 2972 4361 icuipestatibus,
2999 4305 3028 4344 a
3055 4289 3248 4361 Sparto
3272 4289 3464 4361 dictas.

1977 4372 2055 4453 (ιι)
2076 4370 2420 4453 ..οθέαθυςατε
2445 4358 3108 4453 fimbriis-.Fﬂ‘ciislﬂ‘!
3144 4358 3475 4453 k“j':3..':’f‘

1876 4429 2144 4499 restitutio
2170 4429 2393 4496 debetur
2433 4447 2487 4490 et
2530 4434 2761 4488 acumini
2807 4443 2862 4487 et
2902 4431 3105 4500 judicio
3144 4429 3205 4484 P.
3230 4429 3471 4500 iPithati.

1877 4515 2320 4585 Depravategcrat
2345 4509 2399 4563 in
2429 4523 2480 4561 v.
2513 4499 3178 4585 c._ablaquearemyibram.
3227 4499 3467 4585 Isidorus

1877 4571 1973 4640 ub.“
1995 4584 2139 4649 XIX,
2172 4582 2370 4653 Etym..
2404 4595 2523 4653 cap.
2552 4577 2617 4640 4,
2646 4571 2831 4653 Scribit
2858 4572 3107 4627 tnithram
3133 4587 3253 4653 esse
3293 4571 3473 4627 funem

1799 4649 1852 4710 D
1877 4673 1983 4727 quo
2009 4647 2158 4710 navis
2186 4647 2357 4708 media
2387 4647 2639 4705 vincitur.
2664 4647 2796 4715 Qua:
2825 4661 2926 4700 vox
2951 4658 3072 4699 rara
3101 4652 3258 4701 estet
3287 4658 3318 4699 a
3343 4657 3475 4713 pau-

1874 4731 1950 4784 cis
1975 4728 2102 4782 alibi
2130 4727 2319 4780 electa.

1951 4800 2026 4872 (ο)
2065 4798 2270 4872 Pectore
2311 4811 2481 4872 gyros.
2515 4790 2783 4872 corrupte
2803 4795 2918 4872 erat
2940 4787 3065 4872 inv.
3097 4798 3148 4840 c.
3179 4784 3478 4872 u’ig‘grosmt

1876 4854 2116 4926 for‘ta’ssis
2147 4854 2517 4922 totuni'verius
2558 4864 2634 4918 sic
2664 4854 2854 4917 melius
2881 4860 3088 4930 legetur
3118 4872 3134 4922 ;
3185 4854 3292 4912 Veli
3334 4857 3474 4910 eluc-

1877 4952 2037 4997 tantes
2063 4939 2324 5009 impellere
2352 4947 2547 5009 pectore
2572 4950 2742 5009 gyros.

1952 5013 2029 5087 (ρ)
2062 4996 2282 5066 Piiteum
2309 4996 2627 5079 giaveoterE:
2659 5003 2905 5087 Arbitror
2945 5007 3219 5087 auctorem
3255 4996 3478 5087 verbum

1879 5068 1989 5141 hoc.
2008 5068 2178 5138 active
2206 5068 2491 5148 usuipasse
2514 5118 2529 5140 ,
2553 5087 2608 5132 et
2628 5074 2913 5148 graveolere
2937 5081 3143 5148 puteum
3171 5068 3477 5148 idemsale-

1879 5138 1941 5214 re
1966 5138 2028 5212 ac
2059 5154 2236 5209 facere
2263 5160 2319 5205 ut
2337 5138 2542 5219 'puteus
2563 5138 2777 5219 gravem
2805 5138 3027 5219 odorem
3049 5139 3281 5196 exhalet.
3317 5138 3479 5195 Intel-

1879 5230 1987 5298 ligo
2015 5229 2170 5297 igitur
2187 5224 2327 5278 hunc
2353 5216 2527 5298 locum
2548 5216 2615 5272 de
2642 5217 2848 5271 sentina
2880 5216 3028 5297 navis
3047 5253 3061 5275 .
3087 5226 3206 5298 qua:
3229 5221 3336 5265 tum
3357 5225 3476 5298 gra-

1883 5284 1997 5354 vius
2016 5284 2128 5353 Jlet
2155 5311 2277 5351 eum
2306 5293 2664 5348 sedimentum
2703 5303 2854 5358 aqua:
2881 5284 3209 5358 quiescentis
3234 5289 3477 5339 movetur

1879 5380 1936 5428 et
1963 5369 2292 5427 exhauritur.
2325 5363 2580 5420 Paulinus
2612 5364 2662 5417 in
2689 5354 2856 5414 carm.
2896 5354 2962 5412 ad
2992 5354 3286 5428 Cytlterium
3313 5369 3332 5407 :

2006 5464 2114 5523 Quo
2135 5462 2300 5524 cymba
2321 5458 2523 5524 multam
2539 5456 2753 5524 duiterat
2778 5454 2912 5503 rimis

2005 5516 2194 5588 Aquarii
2210 5521 2377 5573 olente
2398 5519 2608 5570 sentina:
2627 5516 2754 5567 lacu.

1881 5611 2237 5680 Quintilianus
2283 5605 2396 5680 (lib.
2426 5601 2564 5675 Vlll)
2614 5604 2868 5680 observat
2913 5596 3244 5680 [Cicerone
3282 5599 3476 5680 dictam

1884 5669 2187 5752 Reipublicae
2233 5669 2553 5752 sentinam;
2581 5675 2915 5745 significante
2959 5669 3251 5752 laeditatem
3298 5671 3476 5726 homi-

1883 5741 2040 5817 num;
2068 5749 2424 5806 Tertullianus
2445 5762 2573 5802 vero
2610 5741 2816 5816 parum
2859 5743 3018 5799 maris
3061 5741 3254 5797 interni
3281 5753 3474 5810 vOcat,

1883 5823 2256 5897 quiaseutiua;
2295 5835 2429 5890 aqua
2445 5833 2486 5897 ,ο
2517 5819 2648 5897 mari
2680 5827 2782 5897 est.

1956 5895 2036 5968 ((1)
2066 5893 2315 5968 Egregius
2340 5883 2566 5964 rapiunt.
2594 5888 2724 5947 Erat
2749 5889 2804 5946 in
2831 5901 2881 5943 v.
2911 5901 2960 5944 c.
2993 5883 3225 5958 Egregia
3251 5893 3370 5943 tunc
3394 5903 3472 5942 ra-

1887 5970 2050 6042 piunt.
