4202 6496
133 409 266 469 11ιό
1454 395 1792 456 APPENDIX

1763 396 1801 454 Κ
1831 395 2060 455 PRIMA.
3281 394 3422 454 1114

131 521 346 591 Navigio
376 519 698 589 [luctumque
725 524 873 572 secat
902 513 1000 571 sub
1029 512 1283 570 ﬂuctibus
1314 512 1434 569 imis
1455 556 1469 575 ,
1748 524 1799 583 Λ
1827 510 1971 568 Inter
1996 523 2237 571 semcsas
2255 509 2459 567 classes
2480 510 2823 581 resolutaque
2849 520 3077 583 corpora
3105 514 3244 583 putri

131 616 304 672 Sisara
325 612 628 678 veliﬁcans,
658 610 833 667 anima
864 609 1118 681 inspirata
1151 609 1314 663 ferina
1342 648 1358 673 ,
1823 606 2033 677 Digesta
2055 648 2069 674 ,
2101 620 2193 661 sua
2213 604 2325 675 jam
2356 605 2439 661 vel
2466 619 2596 661 va...
2628 604 2697 677 (c)
2730 606 2914 662 funera
2940 604 3177 662 discens.

130 708 453 776 Conclusus,
484 720 658 779 neque
686 705 883 762 tinctus
909 702 1062 776 aquis
1112 702 1212 776 (α),
1271 701 1434 758 maris
1502 701 1722 759 intimus
1823 699 1881 754 ln
1909 700 2117 770 signum
2149 699 2243 755 sed
2276 698 2419 755 enim
2439 698 2649 754 Domini
2680 697 3000 771 quandoque
3026 698 3234 756 futurus
3258 740 3273 766 ,

1421 792 1617 868 [exter
1646 793 1719 867 (b)
1825 792 1944 850 Non
1973 802 2088 849 erat
2112 791 2307 859 exitio,
2336 790 2430 849 scd
2462 792 2585 849 οωιί
2616 792 2786 864 gloria
2817 794 3008 850 factus.

1510 932 2071 993 COMMENTARIUS.

199 1074 274 1147 (a)
300 1072 479 1143 Neque
504 1073 687 1147 tinctus
711 1067 1195 1147 aquis._Videbatu-r
1215 1081 1373 1139 posse
1393 1066 1721 1147 legitagus,
1834 1068 2061 1147 habebat
2135 1070 2365 1147 classesg
2419 1067 2573 1147 Sed“
2608 1067 2881 1147 superiora
2933 1076 3013 1147 _ut
3060 1070 3266 1147 _r_ep_on_i
3315 1069 3425 1147 _de-

126 1136 267 1217 quod
295 1136 476 1217 minus
496 1136 771 1217 est._Nam_
793 1152 847 1197 et
874 1141 1129 1196 Paulinus
1156 1136 1406 1195 in'carm.
1451 1136 1517 1195 ad
1564 1136 1728 1211 Cyte-
1837 1140 2005 1217 beant_
2024 1156 2127 1194 non
2151 1139 2493 1217 satisliquet.
2515 1136 2698 1195 Placet
2724 1139 3039 1217 doctissimo
3060 1136 3200 1195 Phil.
3230 1140 3427 1217 Robor-

127 1209 263 1274 riutn
290 1217 359 1272 de
380 1215 569 1271 eodem
599 1214 732 1270 Jona
760 1213 984 1283 loquens
1016 1229 1027 1263 :
1611 1209 1619 1211 ⁷
1832 1219 1884 1265 ιο
1911 1221 1965 1264 ut
1991 1211 2237 1283 legatur:
2269 1209 2432 1264 Maris
2453 1211 2585 1283 inter
2604 1220 2834 1283 etgexter.
2869 1209 3078 1267 Semesa
3097 1252 3112 1276 ,
3141 1219 3272 1283 et_c.,
3304 1212 3427 1275 nisi.

251 1309 450 1358 “eum,
473 1319 670 1371 more
694 1281 903 1356 ίηωείυε
924 1303 1068 1354 undis
1090 1302 1305 1353 ῃυεωτη,
1830 1291 2034 1371 mutato
2058 1282 2279 1371 ordine,
2312 1283 2465 1371 malis
2488 1299 2503 1335 :
2530 1281 2896 1371 Meris‘exler,
2924 1292 2970 1336 et
2996 1282 3128 1371 inter
3145 1281 3426 1371 “Sentntia,

170 1394 218 1445 ie
242 1350 901 1445 §.1;.;;{..;;;;';.;i;;;.'2"
1275 1350 1303 1352 ’ί
1828 1352 2622 1445 P.‘__YE'S_‘?§_.§‘”‘.9915‘}???
2642 1350 2786 1445 ﬁl“.
2810 1353 3284 1445 ‘19?E'.‘1.?:“’.'i'.',‘3§
3330 1368 3429 1411 ει·

127 1392 218 1450 διε
242 1393 494 1453 δεαυιιυε
518 1392 585 1447 de
611 1392 802 1447 eodem
835 1407 847 1442 =
1829 1392 2622 1489 ῖέι-άιῑι·ῑιῑςτίξῖλξιῑξςδῑςῖέιῖ
2641 1392 2789 1479 ags.
2810 1392 3285 1495 gesseras}:

258 1522 270 1533 .
312 1522 325 1533 .
364 1521 376 1533 .
416 1522 427 1533 .
470 1522 481 1533 .
523 1521 535 1533 .
569 1489 683 1533 ceto
703 1483 940 1532 sorbente
966 1487 1166 1531 voratus
1958 1516 2071 1533 ιη-»
2102 1516 2226 1533 ..ιη
2252 1530 2309 1533 4,-
2326 1516 2393 1533 λς,
2564 1530 2693 1533 ψη,
2730 1522 2871 1533 η.--

255 1522 325 1599 in'
356 1521 535 1609 l'm‘la’go'
1958 1516 2078 1567 Nam
2102 1516 2228 1567 liber
2252 1516 2396 1567 undis
2418 1518 2543 1566 intra
2564 1530 2700 1567 mare
2723 1522 2872 1567 exter
2894 1518 3059 1568 maris.

126 1628 234 1687 Sed
261 1638 457 1702 tamen
468 1627 622 1702 illud,
656 1630 839 1702 tinctus
886 1626 1080 1702 retinui
1125 1623 1269 1702 quia
1293 1622 1408 1679 scio
1450 1620 1721 1678 familiare
1890 1618 1972 1702 fel
1998 1618 2195 1702 Vel‘ua.
2226 1619 2496 1678 Bobertus
2521 1619 2650 1693 legit
2672 1620 2750 1675 vel
2777 1622 2925 1678 uatis.
2957 1620 3096 1692 Quid
3129 1622 3177 1680 si
3216 1623 3431 1694 potius:

126 1716 251 1757 esse
273 1691 617 1756 Tertulliano'
637 1699 715 1753 uti
746 1713 810 1754 eo
840 1696 1024 1765 verbo,
1053 1706 1107 1753 et
1126 1691 1436 1752 tinctionem
1453 1708 1716 1765 usurpare
1824 1691 2114 1765 saluium?

128 1770 535 1843 probaptismis
563 1772 737 1843 aquis.
912 1841 921 1843 _
1011 1762 1019 1765 ⁷
1341 1837 1351 1843 _
1549 1762 1602 1843 __'
1901 1763 1965 1817 Et
2017 1762 2229 1843 quidem
2281 1777 2404 1843 quae
2444 1762 2510 1819 ad
2547 1762 2978 1843 emendationem
3043 1766 3434 1840 corruptissimi

205 1839 285 1914 (ll)
318 1834 483 1896 Maris
507 1834 716 1896 intimus
742 1851 881 1896 exter
904 1841 1037 1896 inter
1060 1854 1278 1895 semesas
1303 1837 1510 1893 classes.
1549 1835 1615 1892 V.
1670 1850 1719 1893 c.
1832 1834 2156 1906 exemplaris
2180 1834 2421 1907 proferre
2447 1834 2617 1907 potui.

130 2015 3437 2041 —-————————*__———

1041 2152 1284 2268 DE
1352 2147 1797 2266 LIGN
1801 2147 1915 2265 0
1975 2148 2535 2266 VITE.

273 2375 369 2432 Est
392 2375 540 2431 locus
566 2389 632 2429 ex
658 2374 805 2430 omni
826 2370 1052 2439 medius,
1080 2385 1240 2441 quem
1261 2367 1554 2435 cernimus,
1582 2365 1733 2434 orbe,
1765 2367 1814 2430 B
1911 2365 2255 2433 Gaudebant,
2287 2368 2526 2423 madidos
2550 2368 2752 2425 ct'elesti
2778 2378 2993 2427 nectare
3021 2369 3256 2428 fruetus:

212 2471 478 2541 Golgotha
505 2468 671 2524 Judaei
705 2468 876 2538 patrio
903 2465 1219 2537 cognomine
1247 2461 1462 2517 dicunt:
1913 2461 2022 2517 Nec
2061 2463 2206 2529 prius
2236 2462 2334 2518 hos
2361 2474 2608 2533 poterant
2634 2464 2841 2534 cupidis
2872 2464 3165 2536 decerpere
3196 2467 3384 2538 palmis
3405 2509 3419 2535 ,

215 2564 319 2619 llic
346 2578 445 2634 ego
472 2561 542 2618 de
570 2561 737 2618 sterili
769 2560 1034 2615 succisum
1064 2558 1260 2614 robore
1288 2556 1490 2626 lignum
1916 2553 2085 2620 Quam
2118 2554 2376 2611 lutulenta
2410 2558 2507 2611 via:
2541 2557 2765 2629 vestigia
2798 2556 2939 2613 fmda
2966 2560 3159 2629 prioris

218 2655 522 2710 Plantatum
541 2695 556 2721 ,
587 2652 807 2707 memini
836 2652 1039 2708 fruetus
1066 2649 1315 2721 genuisse
1344 2645 1606 2701 salubres.
1919 2649 2241 2705 Detererent
2262 2692 2277 2717 ,
2305 2666 2606 2722 corpusque
2633 2652 2721 2721 pio
2747 2651 2813 2708 de
2840 2651 2986 2709 fonte
3015 2653 3272 2710 lavarent.

217 2748 341 2804 Non
372 2758 547 2803 tamen
579 2748 676 2803 hos
702 2745 835 2812 illis,
866 2745 955 2815 qui
983 2758 1042 2799 se
1072 2754 1297 2812 posuere
1317 2781 1333 2806 ,
1365 2736 1572 2794 colonis
1918 2741 2061 2813 Ergo
2086 2742 2177 2798 diu
2203 2743 2405 2799 circum
2436 2744 2731 2814 spatiantes
2757 2745 2998 2815 gramine
3024 2746 3205 2815 molli,

216 2844 485 2901 Prmbuit:
517 2842 722 2898 externi
751 2838 955 2905 fructus
985 2838 1221 2893 habuere
1251 2836 1459 2890 beatos.
1920 2833 2232 2904 Suscipiunt
2258 2836 2361 2890 alta
2394 2835 2689 2906 pendentes
2715 2834 2905 2891 arbore
2933 2834 3157 2894 fructus.

220 2940 445 2998 Arboris
475 2937 591 2992 haec
619 2934 825 3005 species
855 2947 961 2988 uno
989 2932 1057 2987 de
1085 2930 1265 3001 stipite
1293 2927 1495 2997 surgit.
1918 2926 2055 2983 Tum
2082 2926 2126 2983 si
2154 2928 2275 2999 quis
2300 2944 2367 2984 ex
2396 2928 2501 2984 illis
2527 2928 2742 3000 delapsa
2773 2930 3039 3000 putamina
3069 2931 3262 2998 ramis,

222 3030 297 3086 Et
324 3044 447 3084 mox
481 3028 531 3082 in
563 3026 805 3099 geminos
833 3022 1071 3081 extendit
1099 3020 1315 3076 brachia
1346 3030 1559 3073 ramos:
1919 3018 1986 3073 Et
2012 3018 2228 3088 dulces,
2260 3021 2429 3075 multo
2454 3031 2699 3078 rorantes
2726 3031 2973 3091 nectare,
3008 3023 3226 3081 frondes

231 3122 390 3179 Sicut
418 3121 571 3192 plena
600 3133 789 3191 graves
816 3126 1059 3173 antennae
1087 3112 1309 3169 carbasa
1341 3108 1597 3174 tendunt,
1920 3111 2249 3178 Vescuntur,
2282 3127 2438 3168 veros
2464 3122 2720 3184 exoptant
2745 3128 2959 3173 sumere
2984 3114 3206 3173 fruetus.

216 3214 326 3271 Vel
355 3229 476 3271 cum
509 3199 789 3283 disiunctis
812 3210 937 3282 juga
968 3216 1112 3263 stant
1140 3205 1205 3261 ad
1233 3213 1407 3259 aratra
1431 3192 1725 3269 iuvencis,
1990 3205 2130 3277 Ergo
2159 3202 2247 3260 ubi
2278 3207 2550 3263 caelestem
2581 3217 2841 3279 ceperunt
2866 3224 2960 3265 ora
2984 3224 3230 3280 saporem
3249 3251 3266 3278 ,

218 3308 394 3377 Quem
426 3308 544 3363 lulll
571 3306 673 3359 hoc
704 3305 875 3374 primo
905 3311 1113 3357 maturo
1144 3298 1349 3356 semine
1379 3295 1585 3365 lapsum
1921 3300 2236 3357 Permutant
2264 3304 2501 3368 animos,
2531 3312 2586 3357 et
2614 3311 2819 3358 mentes
2854 3302 3079 3374 perdere
3103 3318 3290 3360 avaras

208 3401 476 3471 Concepit
506 3400 692 3456 tellus:
725 3413 848 3452 mox
881 3396 1003 3451 hinc
1033 3391 1309 3466 (mirabile
1336 3386 1518 3458 dtclu)
1920 3395 2183 3465 Incipiunt
2202 3437 2217 3463 ,
2247 3395 2498 3466 dulcique
2528 3395 2802 3451 hominem
2830 3410 3159 3466 cognoscere
3183 3412 3364 3464 sensu,

208 3493 395 3549 Tertia
426 3491 511 3545 Ιιιι
544 3491 768 3554 iterum,
804 3488 960 3542 terris
990 3484 1305 3555 superisque
1335 3477 1669 3535 tremendum
1916 3488 2193 3544 Insolilum
2223 3488 2403 3543 multis
2427 3487 2761 3543 stomachum
2792 3488 3025 3545 movisse
3050 3502 3298 3558 saporem

212 3584 492 3641 Extttlcrat
521 3596 761 3645 ramum,
792 3577 935 3633 vitali
966 3576 1115 3647 fruge
1146 3576 1381 3630 beatum.
1922 3580 2169 3636 Vidimus
2192 3623 2207 3648 ,
2237 3591 2292 3636 et
2317 3581 2455 3637 fellis
2483 3592 2809 3637 commotum
2839 3581 2999 3640 melle
3026 3596 3288 3639 venenum

210 3678 325 3736 Sed
357 3677 438 3733 bis
468 3675 669 3731 vicenis
698 3673 940 3729 ﬁrmatus
965 3681 1018 3729 et
1050 3671 1139 3726 ille
1168 3670 1358 3727 diebus
1771 3654 1817 3718 (Σ
1923 3675 2193 3746 Rejecisse
2219 3676 2391 3732 bonos
2417 3676 2626 3731 turbata
2652 3684 2835 3733 mente
2860 3691 3120 3748 sapores:

206 3771 399 3827 Crevit
427 3770 479 3824 in
508 3769 861 3830 immensum,
893 3766 1198 3836 ccelumque
1226 3763 1505 3821 cacumine
1534 3766 1746 3822 summo
1921 3771 2029 3827 Aut
2056 3771 2215 3827 avide
2242 3781 2512 3841 sumptum
2543 3786 2647 3826 non
2677 3770 2963 3838 dilexisse,
2994 3772 3190 3843 diuque

208 3862 491 3931 Contigit,
522 3870 577 3916 et
604 3858 814 3914 tandem
846 3867 1088 3915 sanctum
1118 3866 1279 3928 caput
1304 3856 1509 3913 abdidit
1535 3856 1669 3913 alto.
1929 3862 1995 3917 Et
2025 3862 2163 3916 male
2189 3872 2427 3932 potatum
2459 3861 2674 3917 tandem
2702 3862 3006 3918 evomuisse
3031 3877 3302 3934 saporem.

205 3958 354 4011 Dum
384 3962 563 4009 tamen
596 3950 795 4019 ingenti
824 3948 1071 4005 bissenos
1100 3948 1339 4018 pondere
1368 3962 1547 4004 ramos
1920 3952 2078 4023 Saepe
2104 3951 2320 4023 quidem
2351 3952 2536 4020 multi,
2566 3953 2839 4010 renovatis
2867 3952 3167 4021 mentibus,
3198 3968 3372 4026 aegros

204 4050 398 4107 Edidit
416 4092 430 4117 ,
458 4059 514 4106 et
539 4059 708 4106 totum
735 4063 993 4120 spargens
1025 4048 1257 4118 porrexit
1289 4047 1341 4103 in
1368 4047 1592 4103 orbem:
1921 4046 2224 4103 Restituere
2253 4046 2497 4103 animos:
2526 4054 2583 4102 et
2611 4061 2730 4118 quas
2756 4061 2816 4103 se
2845 4061 3003 4118 posse
3033 4046 3299 4118 negabant
3321 4088 3337 4115 ,

200 4143 476 4201 Gentibus
505 4152 565 4198 ut
586 4141 793 4197 cunctis
820 4142 1020 4197 victum
1051 4142 1324 4211 vitamque
1354 4154 1644 4211 perennem
1921 4140 2260 4197 Pertluerant
2279 4180 2296 4207 ,
2328 4138 2668 4212 fructumque
2698 4141 2777 4197 sui
2809 4156 3013 4212 cepere
3032 4141 3253 4200 laboris.

207 4239 561 4303 Praeberent,
594 4246 934 4307 mortemque
962 4236 1096 4291 tnori
1128 4235 1217 4306 qui
1249 4249 1406 4305 posse
1435 4234 1715 4293 docerent.
1924 4234 2073 4290 Multi
2100 4232 2264 4289 etiam
2291 4242 2506 4289 sanctos
2533 4234 2650 4289 ausi
2678 4236 2992 4306 contingere
3017 4234 3193 4291 fontes
3213 4276 3229 4301 ,

205 4332 463 4403 Expletis
491 4330 653 4386 etiam
684 4344 807 4384 mox
836 4327 1217 4400 quinquaginta
1244 4326 1468 4391 diebus,
1923 4328 2236 4384 Discussere
2263 4326 2457 4383 iterum
2485 4327 2683 4393 subito,
2712 4337 2964 4398 retroque
2991 4329 3223 4398 relapsi,

218 4424 440 4482 Vertice
467 4422 534 4478 de
561 4436 771 4477 summo
798 4421 962 4476 divini
993 4420 1225 4476 nectaris
1255 4418 1505 4475 haustum
1917 4420 2179 4477 Sordibus
2203 4429 2258 4475 et
2281 4434 2438 4475 emno
2462 4420 2604 4475 misti
2633 4419 2920 4476 volvuntur
2944 4421 3155 4479 eodem.

1920 4515 2064 4571 Multi
2091 4529 2220 4570 vero
2248 4514 2391 4570 bono
2416 4522 2692 4586 portantes
2719 4522 2957 4585 pectore,
2988 4515 3115 4570 totis

1917 4607 2199 4678 Accipiunt
2224 4608 2418 4665 animis
2437 4649 2453 4674 ,
2485 4608 2803 4680 penitusque
2828 4609 2881 4663 in
2910 4608 3116 4665 viscera
3142 4607 3400 4665 condunt.

1925 4701 2069 4772 Ergo
2096 4701 2186 4773 qui
2214 4716 2399 4758 sacros
2428 4711 2652 4772 possunt
2678 4701 2945 4759 adcedere
2972 4703 3177 4771 fontes,

209 4516 426 4575 Detulit
450 4515 501 4570 in
532 4527 713 4570 ramos
731 4554 746 4580 ,
776 4514 1010 4569 caelestis
1035 4513 1255 4582 spiritus
1279 4527 1455 4567 aurte:

204 4608 372 4667 Dulci
401 4621 523 4664 rore
548 4620 737 4679 graves
767 4603 1051 4660 manabant
1080 4602 1312 4674 undique
1337 4602 1554 4659 frondes
1583 4601 1637 4673 (l

282 4702 425 4757 Ecce
453 4701 553 4755 sub
582 4699 783 4771 ingenti
815 4704 1085 4753 ramorum
1116 4696 1363 4767 tegminis
1388 4695 1573 4752 umbra

201 4793 364 4851 Fons
390 4802 537 4850 erat:
568 4791 685 4856 hic,
717 4791 864 4847 nullo
890 4803 1019 4845 casu
1050 4789 1328 4855 turbante,
1361 4802 1617 4855 serenus,

194 4888 522 4958 Perspicuis
552 4887 732 4942 illimis
760 4886 944 4957 aquis.
976 4894 1030 4940 et
1057 4884 1296 4953 gramina
1325 4882 1528 4939 circum

200 4979 540 5040 Fundebant
570 4979 719 5034 laetos
746 4979 896 5033 vario
921 4977 990 5033 de
1019 4977 1151 5033 ﬂore
1175 4975 1407 5032 colores.

1914 4795 2151 4865 Septima
2178 4796 2266 4851 lux
2294 4795 2412 4851 illos
2434 4803 2643 4865 optatas
2668 4795 2750 4867 (2)
2781 4795 2921 4852 sistit
2942 4795 3010 4852 ad
3035 4796 3202 4851 undas
3219 4837 3236 4865 ,

1928 4888 2110 4959 Tingit
2133 4897 2188 4944 et
2217 4889 2270 4943 in
2297 4887 2515 4959 liquidis
2539 4886 2754 4959 jejunus
2781 4886 3015 4944 fontibus
3038 4898 3208 4944 artus.

1922 4979 2013 5037 Sic
2040 4980 2257 5037 demum
2287 4980 2521 5037 illuviem
2550 4980 2774 5048 mentis,
2801 4981 3029 5052 vitasque
3056 4980 3247 5049 prioris

189 5075 368 5132 Hunc
395 5074 597 5130 circum
626 5072 919 5128 innumera:
943 5080 1149 5141 gentes,
1186 5069 1478 5141 populique
1504 5066 1743 5127 coibant.
1771 5051 1828 5115 Ῑ)
1925 5076 2213 5145 Deponunt
2241 5074 2449 5141 labem;
2485 5087 2751 5147 purasque
2775 5088 2804 5127 a
2832 5051 3008 5131 morte
3034 5073 3299 5130 reducunt

181 5171 388 5238 Quam
417 5167 547 5222 varii
577 5168 823 5238 generis,
852 5181 1043 5232 sexus,
1076 5166 1281 5234 aetatis,
1311 5164 1565 5232 honoris,

190 5263 462 5332 lnnuptte
481 5268 809 5332 ,.nupt:eque
832 5260 1024 5327 simul,
1056 5259 1366 5331 viduaeque,
1394 5273 1698 5330 nurusque,

182 5354 451 5416 Infantes
471 5395 486 5422 ,
520 5352 803 5424 puerique,
836 5353 971 5418 viri,
1000 5352 1368 5423 iuvenesque,
1396 5364 1660 5423 senesque
1686 5350 1700 5407 ε

172 5448 310 5509 llic
339 5446 431 5501 ubi
458 5444 760 5517 multigenis
782 5441 953 5501 ﬂexos
984 5444 1293 5501 incumbere
1319 5443 1495 5514 pomis

172 5537 518 5602 Cernebant
546 5550 729 5596 ramos
747 5576 765 5607 ,
795 5537 1071 5614 avidisque
1094 5536 1367 5610 adtingere
1395 5533 1599 5593 dextris

1922 5168 2166 5226 lllustres
2192 5169 2428 5235 animas,
2460 5169 2693 5241 caelique
2717 5166 2784 5223 ad
2813 5166 2977 5224 limen
3008 5167 3196 5223 ituras.

1919 5261 2053 5318 Hinc
2079 5263 2181 5317 iter
2204 5261 2271 5318 ad
2298 5275 2507 5326 ramos,
2534 5269 2590 5316 et
2615 5258 2790 5315 dulcia
2820 5272 2976 5329 poma
3002 5257 3217 5315 salutis:

1917 5353 2047 5410 Inde
2073 5355 2174 5411 iter
2198 5354 2263 5409 ad
2289 5354 2481 5410 coelum
2510 5368 2606 5427 per
2628 5366 2808 5409 ramos
2832 5352 3040 5410 arboris
3066 5351 3209 5411 alltc.

1922 5446 2035 5505 Hoc
2064 5447 2267 5521 lignum
2298 5448 2421 5506 vita:
2446 5456 2529 5507 est
2552 5447 2762 5507 cunctis
2786 5445 3151 5508 credentibus.
3182 5446 3378 5503 Amen.

1355 5652 1731 5714 LECTIONES
1765 5651 1856 5713 VA
1864 5651 2176 5712 RIANTES.

145 5788 177 5852 (
192 5781 269 5849 1)
294 5778 510 5833 Frontes
548 5776 746 5833 Oberth.

1904 5768 1977 5834 (Ξ)
2004 5766 2184 5833 Optata
2208 5763 2407 5821 Oberlin.
