4202 6496
758 401 895 461 IIII

760 517 1105 590 Praecipitant
1123 557 1141 584 ,
1169 521 1482 585 certantque
1509 510 1744 584 pericula
1770 510 1987 570 vincere
2010 510 2223 568 damnis

755 613 896 671 Sunt
924 612 1134 669 tttisertc
1152 623 1314 667 voces
1342 610 1409 664 ad
1434 607 1640 679 singula
1671 607 1927 679 fragmina
1956 608 2135 679 ponti,

756 705 1186 779 Expenduntque
1209 716 1399 759 manus
1421 701 1687 758 nullorum
1716 701 1789 773 (a)
1821 702 1886 756 ad
1918 702 2115 757 lumina
2142 701 2343 769 divum,

753 798 904 868 Quos
925 797 1090 855 maris
1118 805 1175 853 et
1217 795 1338 853 coeli
1366 794 1449 851 vis
1496 807 1603 851 non
1630 793 1811 860 timet,
1880 792 2020 850 haud
2062 795 2236 849 minus
2279 793 2346 849 il-

2114 884 2135 958 Ῐ
2166 885 2243 942 los
2274 882 2347 958 (ὁ)

753 980 1028 1055 Puppibus
1054 979 1302 1037 obtrusos
1330 980 1467 1037 irato
1496 978 1709 1036 turbine
1738 993 2008 1051 mergens.
2114 885 2135 958 Ῐ
2166 885 2243 942 los
2274 885 2297 958 (

750 1074 975 1133 Nescius
999 1073 1114 1130 haec
1135 1087 1257 1129 reus
1279 1072 1397 1144 ipse
1422 1086 1555 1129 cavo
1579 1072 1679 1128 sub
1705 1073 1905 1128 fornice
1931 1072 2122 1143 puppis

751 1167 1092 1226 Sternentem
1121 1164 1193 1239 (ρ)
1222 1164 1399 1220 inﬂata
1428 1166 1713 1220 resonabat
1742 1179 1868 1221 nare
1902 1179 2187 1235 soporem,

749 1260 868 1317 Jatn
897 1269 1023 1316 tunc
1049 1259 1101 1314 in
1133 1271 1323 1312 somno
1356 1244 1562 1312 Domini
1594 1256 1872 1313 formando
1893 1256 1971 1328 (ά)
2001 1256 2222 1327 ﬁguram
2254 1296 2267 1311 .

749 1353 906 1410 Ilunc
926 1351 1086 1407 simul
1116 1349 1382 1407 undieesaa
1407 1350 1495 1421 qui
1524 1347 1667 1421 cogit
1696 1350 1876 1404 munia
1902 1364 2075 1420 prora:
2100 1348 2170 1420 (e)
2196 1390 2210 1413 ,

750 1445 891 1501 Pace
916 1453 1222 1513 soporatum
1249 1442 1453 1512 placida
1473 1482 1488 1507 ,
1518 1441 1756 1513 requiete
1777 1440 2062 1511 superbum
2092 1438 2163 1512 (γ’)

749 1535 947 1591 Institit
971 1535 1300 1604 impulsans:
1332 1533 1490 1601 Quid,
1517 1534 1589 1588 ait
1615 1532 1691 1605 (g)
1712 1573 1728 1600 ,
1750 1533 2056 1589 discrimine
2083 1533 2135 1587 in
2158 1533 2259 1588 isto

750 1628 970 1688 Somnia
999 1642 1059 1685 re
1078 1628 1221 1698 capit
1248 1627 1348 1698 (It),
1381 1636 1631 1697 tantoque
1657 1628 1709 1683 in
1737 1622 1945 1683 turbine
1972 1636 2183 1699 portum

754 1721 915 1780 Solus
944 1719 1150 1776 habes?
1181 1733 1286 1775 non
1334 1718 1470 1775 unda
1500 1718 1563 1791 (i)
1588 1720 1787 1792 operit,
1814 1734 1939 1791 spes
1971 1720 2125 1776 unica
2167 1718 2348 1775 divum

2196 1813 2217 1887 [
2242 1822 2343 1869 est.

2232 392 2694 454 TERTULLIANI

2388 508 2442 571 A
2469 508 2711 580 Namque
2740 506 2909 579 magis
2934 505 3207 579 multoque
3221 505 3390 577 magis
3425 502 3554 562 l‘reta
3579 516 3721 559 saeva
3751 499 4067 559 tumcbant.

3920 378 4074 441 Illi.

2454 600 2531 657 Ea
2556 616 2656 672 ego
2686 609 2976 671 tempestas
2994 642 3008 665 ,
3037 613 3139 670 ego
3162 606 3268 653 tota
3294 596 3504 654 insania
3526 594 3707 675 mundi
3732 637 3747 661 ,

2453 693 2510 749 ln
2534 708 2620 751 me
2640 736 2654 761 ,
2683 693 2881 765 inquit,
2910 692 3064 748 vobis
3090 691 3258 747 aether
3283 690 3389 746 ruit
3408 731 3423 757 ,
3454 698 3509 746 et
3537 684 3686 744 mare
3706 688 3877 759 surgit
3902 703 3926 741 :

2451 784 2509 843 In
2536 800 2623 843 me
2650 794 2790 842 terra
2820 783 3036 856 procul,
3068 797 3215 839 mors
3241 782 3480 854 proxima
3498 822 3513 846 ,
3543 778 3691 837 nulla
3722 778 3817 836 Dei
3839 790 3997 847 Spes.

2450 881 2589 948 Quin
2610 879 2734 936 date
2760 879 3084 951 prteeipitem
3104 892 3371 942 caussam,
3392 888 3690 946 navemque
3702 870 4055 941 levantes(n).

2452 972 2628 1030 Unum
2655 986 2791 1028 onus
2823 970 2923 1027 ltoe
2954 985 3205 1042 magnum
3237 968 3424 1040 pelago
3444 966 3647 1037 jactate
3676 964 3979 1019 volentem.

2454 1067 2550 1125 Ast
2574 1066 2659 1121 isti
2690 1064 2884 1121 frustm
2914 1065 3155 1119 nituntur
3177 1070 3387 1117 vertere
3416 1073 3632 1114 cursum

2452 1157 2507 1213 In
2530 1158 2790 1221 reditum,
2822 1170 2921 1210 nec
2946 1156 3127 1210 clavus
3152 1152 3295 1209 enim
3344 1162 3593 1220 torquere
3620 1146 3862 1211 sinebat,

2454 1250 2593 1305 Dura
2618 1264 2716 1305 nec
2742 1257 3009 1304 antemnae
3039 1246 3234 1302 mutari
3264 1245 3395 1300 libra
3420 1241 3654 1297 volebat.

2452 1344 2730 1399 Postremo
2753 1342 2819 1397 ad
2849 1341 3131 1396 Dominum
3159 1356 3173 1394 :
3198 1336 3279 1393 Ne
3304 1352 3400 1391 nos
3424 1336 3477 1391 in
3507 1333 3698 1389 mortis
3720 1332 3955 1391 hiatum,

2453 1435 2621 1492 Unam
2642 1434 2874 1488 animam
2903 1440 3141 1502 propter,
3172 1427 3384 1485 dederis
3403 1469 3417 1491 ,
3448 1441 3515 1481 ne
3544 1424 3802 1494 sanguine
3826 1420 3967 1492 justi
3989 1420 4063 1489 (ο)

2451 1526 2796 1597 Respersissc
2819 1524 2953 1579 velis
2971 1566 2985 1589 ,
3018 1523 3062 1577 si
3084 1524 3163 1577 sic
3188 1530 3275 1576 tua
3302 1520 3520 1575 dextera
3544 1518 3711 1572 ducit.

2520 1619 2744 1688 Jamque
2772 1617 2880 1672 illic
2910 1617 3016 1671 imo
3042 1615 3291 1671 exoriens
3319 1612 3388 1667 de
3412 1611 3622 1682 gurgite
3648 1618 3804 1665 cetus

2451 1711 2805 1782 Squantosum
2833 1725 2863 1766 e
2891 1707 3112 1765 conchis
3137 1705 3391 1763 evolvere
3421 1703 3663 1773 corporis
3691 1716 3884 1772 agmen
3907 1742 3923 1761 ,

2451 1804 2683 1876 Urgebal
2714 1803 2956 1874 proprios
2983 1814 3248 1856 concusso
3276 1811 3544 1853 marmore
3575 1796 3768 1850 ﬂuetus

751 1904 835 1962 'I‘u
859 1919 1089 1977 quoque,
1114 1904 1354 1976 quisquis
1374 1905 1466 1962 tibi
1496 1906 1637 1960 Deus
1659 1915 1759 1970 est,
1779 1900 1865 1960 dic
1891 1915 2013 1963 vota
2030 1886 2345 1977 precesque.
2376 1907 2424 1968 Β
2452 1901 2655 1971 Sponte
2679 1913 2773 1954 sua
2798 1897 2877 1969 (p)
2902 1896 3135 1967 praidam
3161 1894 3375 1964 rapiens
3393 1935 3406 1957 ,
3439 1906 3597 1962 quam
3628 1888 3820 1960 puppis
3848 1886 3920 1942 ab
3941 1898 4069 1941 arce

751 1998 907 2056 Exim
928 1999 1049 2070 quis
1073 1995 1140 2069 (j)
1163 1997 1332 2067 culpa:
1354 1997 1583 2067 propriae
1604 2039 1617 2061 ,
1663 1998 1781 2068 quis
1802 2012 1996 2053 caussa
2022 1999 2270 2069 procellae

750 2090 969 2148 Discere
995 2098 1143 2145 sorte
1165 2088 1375 2160 placet,
1407 2104 1503 2144 nec
1530 2104 1647 2144 sors
1674 2090 1929 2145 mentitur
1953 2090 2161 2146 Ionam.

751 2180 902 2238 Tunc
922 2179 1193 2252 cogitant:
1217 2180 1335 2252 quis
1355 2221 1369 2247 ,
1396 2189 1451 2237 et
1472 2180 1609 2237 unde
1634 2181 1904 2237 hominum
1925 2224 1940 2249 ,
1970 2183 2088 2253 quis
2118 2183 2348 2254 denique

2092 2275 2111 2347 [
2141 2292 2344 2343 rerum,

749 2365 869 2436 Quo
890 2364 1118 2437 populo,
1143 2378 1243 2436 qua
1276 2364 1403 2421 sede
1426 2365 1562 2422 cluis
1586 2365 1698 2438 (k)?
1725 2364 1980 2422 famulum
2036 2367 2124 2423 ille
2158 2369 2349 2423 fatetur

747 2457 1114 2516 Practimidum
1137 2457 1407 2529 Ildumque
1436 2458 1565 2523 Dei,
1594 2458 1685 2529 qui
1711 2458 1920 2514 sustulit
1946 2460 2111 2514 altum
2137 2460 2226 2533 (ι),

748 2550 854 2620 Qui
884 2562 1081 2608 terram
1110 2552 1288 2622 posuit
1317 2593 1334 2619 ,
1364 2551 1455 2623 qui
1489 2560 1650 2606 totam
1679 2565 1906 2622 corpore
1937 2552 2068 2608 ludit
2096 2571 2109 2608 :

744 2642 920 2715 Ipsius
960 2657 1079 2700 sese
1109 2642 1386 2714 profugum
1407 2685 1422 2711 ,
1451 2657 1779 2715 caussasque
1804 2644 2027 2703 revelat.

750 2740 1031 2810 Diriguere
1059 2748 1230 2794 metu.
1262 2737 1397 2806 Quid
1424 2752 1523 2794 nos
1551 2737 1647 2811 (ut)
1676 2740 1835 2810 igitur
1859 2738 1954 2794 tibi
1995 2738 2194 2810 culpat.

749 2832 891 2906 Quid
915 2830 1029 2890 fore
1054 2846 1228 2901 nunc,
1255 2846 1487 2905 quonam
1516 2832 1847 2904 placabimus
1872 2847 2086 2904 tequora
2114 2830 2293 2889 iacto?

2448 1992 2853 2049 Provolutatam
2901 1986 3108 2042 limosis
3135 1984 3379 2040 faucibus
3419 1983 3624 2046 hausit,

2451 2086 2838 2154 Viventemque
2863 2081 3056 2151 dapem
3091 2080 3303 2148 longam
3333 2077 3569 2148 percepit
3598 2077 3650 2131 in
3674 2075 3854 2129 alvum
3873 2115 3888 2134 ,

2450 2176 2692 2245 Cumque
2718 2175 2833 2229 viro
2857 2173 2977 2230 ωειί
3009 2172 3209 2228 rabiem
3235 2169 3512 2240 pelagique
3538 2168 3768 2223 voravit.

2450 2269 2716 2326 Sternitur
2742 2266 2975 2336 tequoris
3006 2264 3144 2319 unda
3163 2304 3177 2329 ,
3210 2261 3499 2317 resolvitur
3526 2257 3741 2314 tetheris
3771 2256 3991 2312 umbra.

2455 2358 2587 2416 lluic
2615 2357 2839 2423 ﬂuctus,
2867 2356 3013 2411 illinc
3042 2354 3201 2409 llatus
3226 2350 3530 2408 redduntur
3554 2349 3744 2416 amici,

2452 2455 2817 2521 Securamque
2840 2451 2979 2504 viam
3008 2445 3215 2517 placida
3242 2446 3489 2517 signante
3518 2444 3701 2499 carina
3720 2485 3734 2509 ,

2453 2545 2688 2604 Candida
2718 2542 2950 2599 caeruleo
2978 2540 3172 2596 ﬂorent
3196 2538 3417 2609 vestigia
3438 2537 3622 2603 sulco,

2454 2638 2637 2694 Nauta:
2665 2646 2773 2690 tum
2803 2633 3024 2688 Domino
3050 2630 3153 2686 laeti
3183 2628 3487 2685 venerando
3514 2628 3762 2683 timorem

2454 2728 2773 2788 Sacriﬁcant
2798 2736 2978 2798 grates
3007 2730 3023 2748 '
3048 2728 3065 2748 ‘
3094 2727 3111 2747 ⁶
3144 2728 3160 2747 ⁸
3187 2725 3208 2747 ³
3237 2726 3254 2746 ⁶
3280 2727 3296 2745 ⁶

2454 2827 2677 2897 Navigat
2701 2834 2756 2878 et
2782 2830 2929 2876 vates
2959 2818 3064 2873 alio
3090 2825 3369 2887 susceptus
3392 2812 3557 2870 Jonas

2128 2940 2686 3005 COMMENTARIUS.

834 3070 910 3145 (a)
956 3069 1254 3125 Nullorum.
1288 3065 1344 3121 In
1375 3080 1509 3145 vae.
1547 3064 1613 3119 ad
1644 3064 1785 3120 hanc
1830 3078 2016 3145 vocem
2057 3066 2355 3145 recentiore

750 3136 979 3218 quadam
1009 3155 1168 3221 manu
1196 3136 1597 3221 superadditum
1627 3145 1775 3221 erat,
1807 3139 2102 3221 multorum.
2135 3137 2240 3193 Sed
2272 3138 2356 3221 lie:

750 3208 822 3275 ne
848 3222 1001 3270 vocat
1030 3210 1197 3265 nullos
1226 3208 1411 3275 divos,
1446 3209 1567 3275 quia
1610 3208 1844 3277 gentium
1876 3208 1945 3261 dii
1993 3223 2178 3263 revera
2224 3208 2353 3262 nulli
2382 3214 2426 3277 ί]

753 3296 911 3352 sunt,
940 3282 1164 3353 vel‘qttia
1192 3280 1389 3335 nullius
1426 3293 1581 3353 Opus
1594 3289 1652 3353 et
1688 3278 1893 3353 attxilii_.
1939 3277 2092 3353 [line
2118 3279 2206 3333 illa
2250 3294 2355 3335 vox

752 3348 909 3432 apud
925 3348 1131 3412 veteres
1157 3353 1391 3409 comicos
1424 3368 1438 3404 :
1465 3348 1664 3405 Nullus
1690 3365 1820 3403 sum.
1854 3348 1920 3404 Et
1950 3349 2198 3405 Paulinus
2225 3368 2239 3404 :

871 3471 1046 3525 Nullus
1064 3483 1221 3529 eram,
1241 3476 1292 3519 et
1313 3467 1526 3518 faciente

874 3536 985 3588 Deo
1004 3546 1111 3584 sunt
1129 3541 1272 3583 natus
1296 3540 1351 3582 ut
1374 3542 1555 3581 essem.

829 3643 906 3718 (b)
939 3640 1109 3718 Haud
1121 3642 1290 3718 minus
1318 3640 1453 3718 illos.
1496 3638 1568 3718 Ita
1608 3636 1873 3718 emendo,
1917 3651 2046 3718 pro“
2067 3650 2173 3718 quo
2197 3652 2247 3690 v.
2298 3650 2349 3691 c.

753 3706 849 3795 (ιειὶ
867 3706 1047 3795 munus
1070 3713 1189 3795 illos
1209 3711 1461 3795 puppibus
1487 3712 1716 3795 abstruso
1763 3706 2210 3795 Siratos.‘Quibtts
2236 3722 2355 3789 ver-

755 3788 837 3844 bis
863 3801 966 3841 non
996 3785 1182 3839 dubito
1207 3779 1334 3851 quin
1365 3780 1564 3836 alludat
1589 3781 1654 3834 ad
1686 3794 1889 3835 morem
1920 3779 2276 3851 veterum'qui
2300 3779 2351 3834 itt

755 3858 981 3916 navibus
1005 3854 1136 3914 deos
1164 3849 1448 3925 portabant
1470 3893 1484 3919 ,
1516 3862 1763 3920 tanquam
1791 3850 2063 3905 tutelares.
2090 3849 2153 3907 Vi
2187 3849 2277 3915 eil.

1096 3945 1525 4008 Ingentesga‘pupe
1548 3940 1700 4008 Deos.

1093 4001 1302 4059 Laurato
1325 4001 1548 4067 fulgebat
1566 4001 1795 4067 Apolline
1816 4003 2005 4065 puppis.

1377 4062 1484 4131 (Id.
1511 4062 1545 4117 ι.
1565 4062 1628 4116 XI
1648 4065 1793 4128 ιεη.)

876 4158 1044 4209 Monte
1066 4169 1162 4207 nec
1181 4154 1378 4206 inferior
1400 4163 1555 4216 prorae
1575 4151 1824 4260 Impinge
1846 4161 2067 4199 recurvas

877 4220 1053 4260 ῐηαίιίι-
1080 4225 1129 4260 el
1164 4221 1320 4260 nlctos
1341 4215 1575 4260 verberat
1597 4226 1662 4260 un
1700 4226 1726 4259 a
1795 4224 1896 4260 eos.

1795 4226 1896 4260 808.

877 4220 1055 4281 Insilit,
1080 4225 1130 4269 et
1164 4221 1330 4283 pictos
1341 4215 1575 4283 verberat
1586 4226 1662 4283 _ut_t

1318 4275 1555 4341 (Ovidius,
1579 4273 1617 4326 ι.
1635 4274 1655 4324 1
1686 4272 1960 4336 Tristitun.)

754 4363 1017 4426 Auctores
1037 4364 1307 4435 appellant
1332 4360 1523 4419 tutelas
1549 4358 1699 4431 quasi
1730 4357 1946 4430 proprio
1970 4357 2184 4415 nomine
2200 4399 2216 4427 ,
2244 4355 2352 4413 Sil-

754 4441 874 4498 vius
903 4439 1115 4495 Italicus
1144 4454 1157 4490 :
1216 4496 1221 4503 α

876 4530 1168 4594 Tutelreque
1191 4528 1340 4581 deum
1374 4527 1587 4578 fluitant.

2461 3074 2628 3132 prone
2656 3055 2798 3132 :rnisi
2841 3053 3029 3132 malis,
3072 3049 3348 3132 undisicag,
3401 3045 3571 3132 facilis
3601 3030 4071 3132 'autem.m‘utatt°

2461 3113 2655 3187 Imdisis
2684 3131 2753 3183 ita
2778 3170 2791 3193 ,
2823 3113 3055 3179 undisica
3084 3138 3178 3192 pro
3206 3121 3479 3193 undicesgr.
3512 3115 3700 3193 Sedet
3725 3120 3912 3193 potest
3936 3113 4069 3166 reti’

2461 3186 2572 3258 neri
2607 3200 2734 3256 illud
2760 3186 3003 3265 ,mazniu.
3035 3186 3167 3249 Nam
3195 3192 3389 3265 Festus
3417 3188 3705 3258 Pompeius
3730 3186 3958 3239 adnotat
3978 3194 4071 3237 ve'

2461 3284 2601 3331 teres
2628 3263 2833 3325 dixisse
2862 3267 3046 3321 moenia
3077 3280 3170 3334 pro
3207 3263 3414 3332 ofﬁciis.

2531 3323 2593 3415 (Ῐ)
2624 3323 3173 3415 Ιίξίμιῑειελωιρεςιὺἁηι.
3214 3323 3491 3415 Sosipater
3529 3326 3810 3415 Charisius
3843 3325 3946 3415 libr.
4052 3342 4066 3377 :

2464 3399 2641 3484 Quies,
2664 3399 2755 3475 ait,
2779 3412 2900 3484 facit
2922 3399 3390 3484 q'nictent,_requie_s_
3429 3401 3764 3484 accusativo“
3781 3413 3892 3453 non
3918 3399 4064 3478 (acii,

2456 3469 2849 3558 tréqttieietu's'ed
2878 3469 3135 3558 requiem}
3167 3469 3297 3558 licet
3331 3475 3523 3558 Cicero
3572 3469 3771 3558 digerit
3791 3470 4068 3558 "quia?"

2455 3542 2852 3614 ad'lIostilium.
2883 3542 3024 3609 Idem
3061 3548 3334 3605 Charisius
3361 3547 3466 3600 alio
3489 3545 3609 3599 loco
3635 3542 3685 3596 id
3717 3545 3918 3610 repetit
3941 3558 3956 3595 :
3982 3544 4066 3600 Ci.

2456 3647 2571 3685 ccro
2591 3672 2604 3692 ,
2634 3628 2742 3693 ait,
2788 3626 2935 3679 aliter
2979 3622 3246 3677 declinauit
3273 3628 3471 3673 secutus
3513 3629 3789 3693 numer-unt
3806 3654 3822 3673 ,
3853 3618 4067 3693 requiek

2458 3684 2564 3756 tem
2592 3684 2742 3754 zenim'
2757 3698 2921 3759 dixit;
2949 3694 3238 3761 superbum
3264 3699 3441 3743 autem
3470 3693 3623 3761 vocat
3652 3684 3987 3761 pertinacem
4012 3688 4063 3741 in

2456 3786 2668 3835 somno,
2688 3769 2779 3840 qui
2808 3756 3367 3840 quasidedigttaretnr
3396 3757 3598 3813 moveri
3639 3756 3886 3811 clamore
3930 3773 4065 3812 nau-

2459 3852 2631 3899 tarum
2656 3833 3071 3909 periclitantium
3092 3877 3105 3899 ,
3137 3833 3359 3909 nimium
3385 3842 3625 3887 securus.

2530 3912 2607 3999 (ε)
2637 3899 2771 3996 Quid
2795 3910 2887 3999 ait.
2919 3908 3178 3978 Corrupte
3204 3913 3320 3961 erat
3348 3904 3401 3958 in
3444 3917 3494 3956 v.
3524 3916 3575 3957 c.
3599 3899 3723 3971 quid
3765 3900 3913 3954 aiunt
3960 3901 4064 3954 dis-

2456 3984 2683 4040 criminis
2722 3984 2774 4037 in
2802 3984 2917 4037 ista.

2532 4057 2609 4129 (lt)
2644 4054 2916 4129 Sonmiarc
2939 4049 3299 4129 σφι-[δοῦρε
3323 4046 3411 4102 hic
3431 4045 3604 4100 varias
3628 4042 3827 4126 recipit
3849 4043 4062 4129 conjec-

2458 4114 2634 4183 lttr‘as':
2659 4135 2783 4181 sunt
2800 4124 2955 4179 verba
2979 4114 3069 4177 Fr.
3096 4120 3285 4181 Jureti;
3311 4133 3408 4172 nos
3427 4133 3554 4172 vero
3570 4116 3849 4183 sequimur
3872 4114 4061 4171 lectio-

2458 4213 2580 4255 nent
2598 4212 2765 4271 quant
2794 4195 3017 4250 exhibet
3039 4191 3283 4271 collectio
3302 4187 3693 4271 Pisaurice'ttsis
3737 4201 3805 4243 ac
3842 4185 4062 4242 Londo-

2457 4256 2642 4327 nensis
2661 4311 2674 4329 .
2702 4264 3203 4338 poetarttmﬂscilieet
3228 4261 3533 4338 latinorum.
3562 4256 3698 4317 Eon.

2531 4341 2589 4414 (i)
2622 4327 2733 4414 Nos
2772 4337 2930 4393 unda.
2964 4336 3164 4392 Vocem
3192 4349 3286 4388 nos
3312 4330 3526 4395 addidi,
3555 4344 3676 4399 qua:
3705 4327 3926 4384 videtur
3962 4328 4056 4383 de-

2457 4412 2705 4469 siderari.

2532 4483 2595 4559 (j)
2624 4483 2770 4559 lia-int
2810 4482 2939 4553 quis.
2974 4475 3420 4550 Depravatissime
3444 4480 3556 4531 erat
3585 4474 3636 4528 in
3665 4487 3714 4526 v.
3769 4485 3824 4527 c.
3871 4470 4061 4526 Indicit

2458 4571 2573 4611 exm
2596 4572 2726 4624 quis.

749 4618 956 4699 Seneca
982 4615 1128 4686 ερεει·
1162 4611 1253 4697 76:
1300 4628 1366 4699 εί)
1392 4610 1578 4699 studi}
1596 4609 1793 4699 W318.
1806 4606 2029 4699 1N???"
2047 4608 2348 4699 29"343'5"
2374 4616 2429 4677 D
2461 4606 2620 4699 ’δόθ’
2641 4606 2755 4694 oua
2780 4624 2897 4699 sede
2923 4623 3071 4699 etut}.-
3098 4619 3268 4699 .Valde
3300 4617 3428 4673 mihi
3459 4617 3631 4699 Nam
3657 4614 3777 4671 haec
3806 4613 4063 4697 ειῐιθηάε-

750 4702 854 4753 tur,
886 4679 1021 4753 etc.,'
1044 4701 1133 4739 nec
1160 4685 1307 4755 cujus
1340 4682 1497 4755 tutela
1523 4680 1878 4755 coore__cwlata
1907 4690 1998 4732 cst.
2047 4679 2120 4733 Ea
2172 4680 2347 4755 imita-

749 4750 899 4816 tione
927 4750 1112 4812 dicunt
1139 4750 1431 4810 etiamnum
1466 4752 1624 4809 hodie
1654 4751 1890 4807 Venetos
1920 4760 2161 4806 sanctum
2206 4750 2349 4804 Mar-

747 4845 873 4959 ἧμαι
926 4828 1174 4885 attollere
1222 4826 1275 4882 in
1322 4823 1539 4896 puppi,
1592 4839 1705 4879 sua:
1764 4822 1995 4878 civitatis
2066 4821 2348 4878 tutelarem

789 4915 954 4959 tvum.

789 4915 954 4959 lVllm.

821 4971 894 5045 (e)
923 4972 1266 5045 Sternantent.
1322 4966 1504 5045 Placet
1530 4963 1745 5045 Philip._
1763 4964 1998 5045 Iloberto
2024 4963 2075 5020 J.
2217 4974 2348 5045 step

748 5033 951 5100 tentent.
984 5041 1050 5096 Et
1077 5039 1292 5108 quidem
1317 5036 1467 5094 Jonas
1495 5052 1613 5109 cap.
1647 5033 1781 5093 l'ubi
1812 5036 2037 5109 Vulgata
2064 5033 2227 5090 editio
2255 5035 2348 5089 ha-

745 5115 840 5171 bet
867 5132 880 5167 :
912 5122 959 5167 et
988 5110 1267 5181 dormiebat
1308 5125 1495 5181 sopore?
1534 5108 1711 5180 gravi,
1764 5109 1824 5162 D.
1878 5108 2241 5181 Hieronymus
2281 5121 2346 5161 ex

747 5183 1104 5257 Septuaginta
1139 5180 1299 5257 vertit
1331 5177 1827 5257 g'et.do_rmie_ltqt__ct
1874 5179 2153 5257 stertebat.-
2187 5177 2348 5257 Divus

747 5248 1303 5327 quoque'Ambrosius
1328 5252 1383 5305 in
1412 5248 1613 5327 Psalm.
1645 5248 1803 5304 XLIII
1832 5270 1848 5327 :_
1878 5251 1940 5305 de
1968 5250 2107 5327 1l_on_a
2136 5249 2348 5327 legimus

746 5320 837 5398 (iui
864 5320 1140 5398 dormiebat
1164 5324 1217 5377 in
1243 5332 1413 5378 uentre
1436 5322 1582 5398 novis
1605 5330 1653 5375 et
1680 5322 1934 5398 stertebat.
1968 5321 2036 5398 Et
2066 5320 2197 5389 ipse
2222 5320 2347 5398 Hie-

747 5389 1009 5470 ronymus
1036 5395 1087 5450 in
1105 5393 1518 5470 commentumin
1546 5389 1736 5446 Ionam
1768 5409 1782 5445 :
1822 5391 1981 5457 Quasi
1999 5407 2224 5470 securus,
2247 5393 2343 5458 ait,

750 5462 993 5523 dormiret
1015 5508 1031 5536 ,
1062 5474 1111 5521 et
1139 5465 1596 5537 profundissimam
1622 5480 1853 5519 somnum
1895 5462 2213 5518 roncltouare
2256 5479 2344 5518 so-

748 5550 916 5595 natet.

822 5630 903 5706 (d)
936 5629 1141 5687 Domini
1166 5628 1457 5712 formando.
1485 5628 1615 5684 Erat
1642 5628 1696 5686 in
1716 5642 1778 5712 _v.
1809 5642 1859 5684 c.
1888 5630 1941 5683 in
1971 5643 2025 5683 se
2049 5626 2343 5755 (armanda;

822 5718 925 5755 mm
976 5710 1154 5755 autem
1202 5700 1450 5755 tntellttttt
1498 5699 1730 5755 Matthmt
1783 5714 1902 5755 can.
1953 5698 2041 5755 Vll
2076 5740 2091 5755 .
2144 5700 2231 5755 ubt
2274 5700 2343 5755 de

745 5698 925 5762 locum
976 5698 1450 5771 autem'intelligit
1498 5699 1730 5755 Matthmi
1783 5714 1902 5769 cap.
1953 5698 2091 5766 Vlll,
2144 5698 2231 5755 ubi
2274 5700 2344 5757 de

746 5775 963 5832 Christo
987 5771 1286 5831 dormiente
1306 5770 1359 5825 in
1382 5770 1510 5825 navi
1536 5781 1589 5827 et
1613 5786 1642 5827 a
1665 5770 1777 5827 suis
1804 5771 2056 5827 excitato.

2454 4686 2715 4770 tio‘q'ua'm
2742 4696 2879 4752 eruit
2897 4695 2984 4770 _I’.
3010 4692 3253 4770 Pithceus
3290 4705 3355 4746 ex
3387 4686 3631 4770 vestigiis
3656 4701 3707 4742 v.
3742 4701 3819 4770 9.,
3863 4686 3920 4740 in
3959 4702 4061 4757 quo

2454 4787 2555 4838 qua
2573 4757 2699 4823 'sede
2724 4769 2865 4822 civis.
2897 4766 3012 4822 Vox
3042 4766 3153 4819 clue
3171 4776 3339 4838 ,dnon
3387 4757 3561 4829 ignota
3612 4757 3758 4838 apud
3808 4768 4015 4813 veteres
4040 4799 4056 4820 ,

2453 4830 2610 4911 quam
2629 4839 2836 4895 restitui
2862 4838 2980 4893 aliis
3001 4834 3307 4892 auctoribus
3328 4842 3528 4890 temere
3548 4830 3704 4900 vulgo
3720 4839 4054 4901 corruptam.

2451 4910 2634 4982 Itaque
2673 4926 2777 4966 non
2810 4918 3070 4979 repetam.

2454 5052 2468 5066 .
2528 4982 2588 5056 (ι)
2624 4981 2725 5066 Qu
2752 4982 2958 5066 οαεςυβει
2998 4970 4055 5066 οιιυπιοβεάιξηὲἒψὲἓίέῗῖΐὲ.ίέξέκῗξν

2453 5052 2506 5108 ἰιι
2533 5040 2729 5124 ὴὶιυτίιει
2753 5053 3007 5124 scriptum
3035 5052 3238 5121 reperi:
3260 5050 3360 5118 Qui
3388 5047 3568 5124 celum
3592 5043 3801 5124 sustulit
3819 5044 3949 5097 auo.
3973 5040 4054 5094 Vi-

2452 5113 2678 5180 debatur
2698 5113 2909 5196 quidem
2937 5113 3243 5196 corruptum
3265 5113 3716 5196 carmenglosaa
3745 5113 3915 5167 altum
3959 5128 4053 5168 au-

2452 5204 2559 5252 tem
2588 5211 2685 5268 pro
2709 5187 2835 5251 caelo
2866 5194 2986 5266 poni
3018 5187 3216 5249 selinus
3235 5232 3250 5260 ,
3282 5199 3341 5248 ut
3367 5188 3508 5260 apud
3530 5187 3820 5258 Virgilium
3852 5202 3869 5240 :

2702 5306 2766 5359 Et
2784 5306 2908 5358 Maia
2930 5308 3153 5371 genitum
3176 5303 3302 5357 ocelo
3322 5303 3539 5354 demittit
3558 5301 3622 5351 ab
3640 5298 3761 5349 alto.

2448 5414 2758 5473 Lactantius
2787 5413 2885 5489 (lib
2909 5412 2974 5483 ll,
3002 5428 3051 5470 c.
3082 5411 3137 5483 I)
3163 5430 3177 5467 :
3208 5410 3397 5467 Oculos
3438 5424 3557 5465 suos
3576 5407 3827 5477 deficiunt
3847 5406 4056 5476 soloque

2448 5490 2634 5561 ﬁgunL

2457 5701 2467 5706 _
2519 5557 2699 5706 83)ιὲ

2544 5628 2608 5704 η)’
2627 5630 2921 5701 Navemque
2947 5628 3166 5684 levantes
3188 5643 3367 5682 unum.

2448 5701 2666 5759 levantes
2692 5719 2843 5757 unus.

2448 5844 2493 5847 η
2519 5772 2595 5847 (ο)
2626 5773 2709 5828 Ne
2727 5774 2974 5847 sanguine
2990 5769 3394 5847 justi.S_ic‘l_ego,
3426 5780 3526 5840 pro
3552 5780 3659 5838 quo
3684 5780 3737 5821 v.
3760 5780 3812 5823 c.
3823 5765 4050 5838 justam,

2702 5558 2791 5614 uid
2819 5574 2929 5613 nos.
2958 5555 3023 5610 V.
3051 5569 3101 5613 c.
3130 5570 3255 5625 quos
3278 5553 3362 5611 vel
3386 5550 3549 5625 quod,

3462 5622 3547 5683 ale
3587 5621 3645 5680 in
3670 5637 3726 5678 v.
3757 5634 3811 5678 c.
3860 5634 4053 5678 narem

819 5845 893 5919 (e)
924 5842 1191 5919 Undiccstz
1227 5843 1314 5912 qui
1349 5841 1482 5919 cogit
1522 5845 1703 5919 munia_
1728 5858 1913 5919 prona.
1959 5842 2015 5898 Si
2054 5841 2192 5919 quid
2224 5842 2340 5899 veri
2444 5841 2602 5919 idque
2626 5841 3143 5919 conﬁrmatur_textu
3172 5842 3446 5919 Biblico.“
3500 5866 3509 5877 ο

743 5912 1001 6002 auguror,
1054 5915 1128 5971 ita
1179 5928 1287 6002 non
1325 5912 1476 6002 male
1514 5912 1791 6002 emendavi
1846 5912 2339 5997 deprava'tissimam

2516 5909 2593 5999 (ρ)
2625 5916 2822 5999 Sponte
2844 5932 2957 5973 sua.
2979 5916 3045 5976 Ut
3063 5919 3369 5984 expleretur
3397 5912 3571 5969 hiatus
3591 5926 3639 5968 v.
3668 5925 3719 5968 c.
3742 5909 3923 5967 addidi
3951 5926 4051 5967 sua

737 5983 1056 6062 scripturam
1081 6001 1137 6045 v.
1168 5998 1219 6045 c.
1252 5984 1499 6045 habentis
1531 6003 1545 6043 :
1581 5983 1745 6042 Undis
1769 5985 1841 6041 ita
1884 5985 1971 6056 qui
1997 5996 2130 6058 cogit
2156 5989 2342 6044 moenia
2443 5983 2727 6049 nisi'ntal'is
2755 5999 2934 6059 sponte
2960 5983 3161 6044 novant-
