4202 6496
129 415 187 471 Η
203 411 262 469 is
1452 397 1798 456 APPENDIX
1829 396 2057 455 PRIMA.
3280 395 3421 454 me

1747 526 1797 584 Λ
1825 512 1968 569 lnter
1994 525 2234 572 semesas
2254 510 2457 568 classes
2479 511 2821 582 resolutaque
2848 526 3075 583 corpora
3105 515 3243 584 putri

1821 608 2030 678 Digesta
2053 650 2066 674 ,
2099 621 2191 662 sua
2212 605 2322 676 jam
2355 606 2437 661 vel
2464 621 2594 661 va...
2628 606 2696 677 (c)
2729 607 2912 662 funera
2940 605 3176 662 discens.

127 710 450 778 Conclusus,
483 722 657 780 neque
685 707 882 763 tinctus
908 704 1060 776 aquis
1111 704 1209 776 (α),
1269 703 1432 759 maris
1501 703 1720 760 intimus
1821 700 1878 756 ln
1907 702 2114 771 signum
2147 700 2241 756 sed
2274 699 2417 756 enim
2438 699 2648 754 Domini
2678 699 2998 770 quandoque
3026 699 3232 756 futurus
3257 741 3271 766 ,

1420 794 1615 868 [exter
1644 795 1717 867 (ὁ)
1823 794 1941 851 Νοη
1971 803 2086 851 erat
2110 792 2305 860 exitio,
2335 791 2428 850 sed
2461 793 2583 850 caeli
2615 793 2784 864 gloria
2816 795 3006 850 tactus.

1508 934 2069 994 COMMENTARIUS.

127 524 344 594 Navigio
375 521 697 590 [luctumque
725 525 872 573 secat
901 515 998 571 sub
1028 514 1281 570 ﬂuctibus
1313 514 1431 569 imis
1453 557 1466 576 ,

127 619 303 674 Sisara
324 614 626 679 veliﬁcans,
657 612 831 668 anima
863 611 1116 681 inspirata
1149 611 1312 664 ferina
1341 650 1355 674 ,

197 1076 272 1147 (ε)
300 1074 476 1144 Neque
502 1075 684 1147 tinctus
710 1069 1193 1147 aquis._Vid_ebatu_r
1214 1083 1370 1140 posse
1391 1067 1684 1147 legitaetus
1703 1110 1719 1136 ,

125 1137 265 1219 quod
295 1137 474 1219 minus
494 1137 769 1219 esttNam:
791 1154 844 1198 et
872 1142 1127 1197 Paulinus
1156 1137 1404 1196 in'carm.
1450 1137 1515 1196 ad
1563 1137 1726 1211 Cyte-

125 1215 261 1275 rium
291 1218 356 1272 de
379 1217 567 1272 eodem
597 1216 730 1270 Jona
758 1215 982 1284 loquens
1014 1231 1025 1264 :

250 1310 448 1359 hlensus
471 1321 667 1371 aequore
694 1309 902 1356 intactus
923 1305 1066 1355 uudis
1089 1303 1303 1354 ﬂuctuat.

127 1394 215 1451 Sic
241 1394 492 1453 Sedulius
517 1393 583 1448 de
610 1391 799 1448 eodem
833 1409 844 1443 :

257 1524 269 1534 .
311 1523 322 1534 .
362 1523 374 1534 .
414 1523 425 1534 .
469 1523 479 1535 .
523 1523 533 1534 .
568 1491 681 1534 ceto
703 1484 938 1533 sorbentc
965 1489 1164 1532 voratus

253 1548 312 1600 In
354 1548 530 1610 pelago
569 1558 665 1596 non
710 1547 870 1596 sensit
906 1558 1074 1607 aquas.

127 1630 232 1687 Sed
260 1640 436 1685 tamen
471 1629 621 1695 illud,
656 1632 838 1682 tinctus
886 1628 1078 1681 retinui
1124 1625 1248 1696 quia
1293 1623 1406 1680 scio
1449 1622 1719 1678 familiare

128 1717 249 1758 esse
272 1701 609 1757 Tertulliano
637 1700 713 1754 uti
745 1715 809 1755 eo
840 1698 1022 1765 verbo,
1052 1709 1106 1754 et
1125 1697 1434 1753 tinctionem
1452 1709 1714 1766 usurpare

129 1789 228 1844 pro
254 1772 533 1844 baptismis
562 1773 735 1844 aquis.

204 1842 283 1916 (li)
317 1836 481 1898 Maris
507 1836 715 1897 intimus
741 1853 879 1897 exter
903 1842 1036 1896 inter
1059 1855 1276 1896 semesas
1302 1838 1508 1894 classes.
1548 1836 1613 1893 ν.
1669 1851 1718 1894 c.

1832 1069 2058 1125 habebat
2133 1072 2362 1124 classesu
2418 1067 2524 1126 Sed
2607 1068 2880 1139 superiora
2953 1077 3011 1125 ut
3076 1070 3263 1139 reponi
3328 1070 3424 1125 de-

1836 1141 1991 1195 beant
2023 1157 2125 1194 non
2150 1143 2279 1195 satis
2306 1141 2490 1211 liquet.
2513 1139 2696 1196 Placet
2723 1140 3037 1211 doctissimo
3060 1140 3198 1195 Phil.
3230 1141 3426 1196 Βοιωτ-

1831 1221 1882 1266 ιο
1911 1222 1964 1265 ιιι
1991 1212 2196 1282 legatur
2221 1228 2235 1266 :
2268 1210 2430 1265 Maris
2452 1213 2583 1265 inter
2603 1221 2649 1264 et
2676 1222 2833 1265 exter.
2868 1210 3076 1267 Semesa
3096 1253 3110 1276 ,
3139 1221 3270 1282 etc.,
3303 1213 3425 1275 nisi,

1829 1292 2032 1337 mutato
2056 1281 2245 1338 Ordine
2264 1325 2276 1344 ,
2310 1284 2462 1337 malis
2487 1301 2500 1335 :
2529 1282 2692 1336 Maris
2722 1294 2860 1337 exter
2880 1325 2894 1346 ,
2924 1293 2968 1337 et
2995 1283 3126 1336 inter
3169 1281 3424 1348 Semesus,

1829 1364 1886 1408 ut
1927 1370 2114 1409 versus
2166 1353 2264 1408 sibi
2295 1354 2620 1407 cohaereant.
2677 1352 2765 1408 Sic
2809 1363 2984 1408 autem
3030 1354 3282 1409 Paulinus
3329 1370 3428 1411 cx-

1828 1434 1998 1480 terum
2029 1425 2191 1480 maris
2211 1468 2224 1489 ,
2254 1423 2444 1479 Jonam
2472 1425 2608 1479 intra
2641 1439 2788 1479 mare
2812 1424 3089 1495 eleganter
3115 1425 3282 1481 dixit:

1957 1517 2077 1567 Nam
2101 1517 2226 1567 liber
2251 1517 2394 1567 undis
2417 1519 2540 1567 intra
2563 1531 2698 1567 mare
2723 1524 2871 1567 exter
2893 1519 3058 1568 maris.

1823 1619 2192 1747 νείῗέυζξιφυα.
2225 1621 2495 1678 Robertus
2521 1621 2649 1694 legit
2671 1621 2749 1676 vel
2776 1623 2923 1678 vatis.
2956 1621 3094 1692 Quid
3129 1623 3175 1680 si
3215 1624 3430 1695 potius:

1900 1765 1963 1818 Et
2016 1763 2228 1839 quidem
2280 1779 2402 1839 qua:
2443 1763 2508 1820 ad
2547 1763 2977 1839 emendationem
3042 1767 3432 1839 corruptissimi

1831 1835 2154 1906 exemplaris
2180 1835 2420 1908 proferre
2446 1836 2615 1908 potui.

1040 2154 1281 2269 DE
1351 2148 1795 2266 LIGN
1800 2148 1913 2265 0
1974 2150 2533 2266 VITE.

273 2377 367 2432 Est
392 2377 539 2432 locus
565 2391 630 2431 ex
657 2375 802 2431 omni
825 2372 1050 2440 medius,
1079 2386 1238 2442 quem
1260 2368 1552 2435 cernimus,
1581 2367 1731 2434 orbe,
1764 2369 1812 2430 B
1910 2367 2253 2434 Gaudebant,
2286 2369 2524 2424 madidos
2549 2369 2751 2425 caelesti
2777 2380 2991 2428 nectare
3019 2370 3254 2430 fruetus:

213 2473 476 2542 Golgotlia
505 2469 670 2524 Judaei
705 2470 874 2539 patrio
902 2467 1217 2537 cognomine
1246 2462 1460 2518 dicunt:
1913 2463 2021 2517 Nec
2061 2465 2205 2530 prius
2236 2463 2332 2518 hos
2361 2474 2606 2533 poterant
2633 2465 2840 2535 cupidis
2871 2465 3164 2536 decerpere
3195 2468 3382 2538 palmis
3403 2511 3417 2536 ,

217 2565 318 2620 llic
345 2580 444 2634 ego
472 2562 540 2618 de
570 2563 735 2618 sterili
768 2561 1032 2616 succisum
1064 2559 1258 2614 robore
1287 2557 1488 2626 lignum
1915 2555 2084 2620 Quam
2117 2556 2375 2611 lutulenta
2409 2559 2506 2611 vim
2540 2558 2763 2629 vestigia
2797 2557 2937 2613 foeda
2965 2561 3158 2630 prioris

219 2656 521 2710 Plantatum
541 2696 555 2720 ,
588 2653 804 2708 memini
835 2653 1037 2708 fruetus
1066 2650 1313 2721 genuisse
1343 2647 1604 2701 salubres.
1918 2650 2239 2706 Detererent
2261 2693 2276 2717 ,
2305 2667 2605 2722 corpusque
2632 2654 2719 2721 pio
2746 2653 2812 2708 de
2840 2651 2985 2710 fonte
3015 2654 3270 2710 lavarent.

219 2750 338 2805 Non
371 2759 547 2803 tamen
579 2749 674 2802 hos
703 2746 834 2812 illis,
865 2746 953 2816 qui
981 2759 1041 2799 se
1072 2756 1296 2813 posuere
1316 2782 1331 2807 ,
1365 2737 1570 2795 colonis
1917 2742 2060 2813 Ergo
2086 2743 2175 2798 diu
2202 2744 2404 2799 circum
2436 2746 2729 2814 spatiantes
2756 2747 2997 2815 gramine
3024 2747 3203 2814 molli,

217 2844 485 2901 Praebuit:
517 2842 721 2898 externi
751 2839 954 2905 fructus
985 2839 1220 2894 habuere
1251 2837 1457 2891 beatos.
1919 2834 2231 2904 Suscipiunt
2257 2837 2360 2890 alta
2393 2836 2688 2906 pendentes
2714 2835 2904 2892 arbore
2932 2835 3156 2894 fructus.

221 2941 444 2998 Arboris
475 2937 590 2992 litec
618 2935 824 3005 species
855 2949 959 2988 uno
988 2933 1055 2988 de
1085 2932 1264 3001 stipite
1292 2928 1493 2998 surgit.
1917 2927 2054 2983 Tum
2082 2927 2124 2982 si
2154 2929 2274 2998 quis
2300 2945 2365 2984 ex
2396 2929 2500 2984 illis
2527 2929 2741 3000 delapsa
2772 2931 3038 3000 putamina
3069 2932 3260 2999 ramis,

223 3031 294 3086 Et
323 3045 446 3084 mox
481 3029 531 3083 in
563 3027 805 3100 geminos
833 3024 1070 3081 extendit
1099 3021 1313 3077 brachia
1345 3031 1557 3073 ramos:
1919 3019 1985 3073 Et
2011 3019 2227 3088 dulces,
2259 3022 2428 3075 multo
2453 3031 2698 3078 rorantes
2726 3032 2972 3090 nectare,
3008 3023 3224 3080 frondes

232 3124 388 3179 Sicut
417 3122 570 3192 plena
600 3135 788 3191 graves
816 3127 1058 3173 antennae
1087 3113 1308 3170 carbasa
1341 3110 1595 3174 tendunt,
1920 3112 2248 3178 Vescuntur,
2282 3128 2438 3168 veros
2464 3123 2719 3184 exoptant
2745 3129 2957 3172 sumere
2983 3115 3204 3172 fructus.

219 3216 323 3272 Vel
354 3231 475 3271 cum
509 3213 789 3283 disiunctis
812 3211 936 3282 juga
967 3217 1110 3264 stant
1139 3207 1204 3261 ad
1233 3214 1404 3260 aratra
1430 3202 1705 3269 iuvencis,
1989 3206 2129 3277 Ergo
2158 3203 2246 3260 ubi
2277 3208 2549 3263 caelestem
2581 3219 2840 3279 ceperunt
2865 3224 2958 3264 ora
2984 3225 3228 3280 saporem
3249 3251 3264 3277 ,

220 3309 392 3378 Quem
425 3310 543 3363 tulit
572 3307 672 3360 hoc
703 3306 874 3375 primo
905 3313 1112 3358 maturo
1143 3299 1348 3357 semine
1379 3296 1584 3365 lapsum
1920 3301 2234 3358 Permutant
2263 3305 2500 3368 animos,
2531 3313 2585 3357 et
2614 3312 2817 3358 mentes
2853 3302 3078 3373 perdere
3103 3319 3288 3360 avaras

211 3403 474 3472 Concepit
507 3400 692 3456 tellus:
725 3414 848 3452 mox
881 3397 1001 3451 hinc
1033 3393 1307 3466 (mirabile
1336 3387 1516 3458 dtclll)
1921 3396 2181 3466 Incipiunt
2201 3438 2215 3463 ,
2246 3396 2497 3466 dulcique
2529 3396 2800 3451 hominem
2828 3410 3158 3465 cognoscere
3183 3412 3362 3463 sensu,

210 3494 394 3550 Tertia
425 3492 510 3546 lux
545 3492 767 3554 iterum,
804 3489 959 3542 terris
991 3485 1304 3556 superisque
1335 3478 1668 3536 tremendum
1915 3489 2037 3544 [nso

1915 3489 2191 3544 lnsolitum
2223 3490 2402 3543 multis
2427 3487 2760 3543 stomachum
2792 3489 3023 3544 movisse
3049 3501 3297 3557 saporem

213 3585 491 3642 Extulerat
521 3596 760 3645 ramum,
793 3578 935 3633 vitali
967 3577 1114 3646 fruge
1145 3577 1379 3631 beatum-
1922 3581 2168 3637 Vidimus
2191 3625 2205 3648 ,
2237 3593 2291 3637 et
2317 3582 2454 3637 fellis
2483 3592 2807 3637 commotum
2838 3582 2997 3640 melle
3025 3597 3287 3639 venenum

213 3679 323 3736 Sed
357 3679 436 3735 bis
467 3676 668 3732 νίοθηίε
698 3674 940 3729 ﬁrmatus
965 3682 1018 3729 et
1050 3672 1139 3727 ille
1168 3672 1358 3727 diebus
1771 3656 1816 3719 C
1923 3677 2191 3747 [{cjccisse
2219 3677 2390 3732 b01105
2418 3677 2624 3731 turbata
2652 3685 2834 3732 meme
2859 3691 3078 3747 sapores
3103 3695 3118 3733 ε

210 3772 398 3828 Crevit
427 3771 476 3825 in
507 3771 824 3825 inunensum
847 3806 861 3830 ,
893 3766 1197 3836 ccelumque
1226 3765 1504 3822 cacumine
1534 3768 1745 3823 summo
1920 3773 2027 3828 Aut
2056 3773 2213 3829 avide
2242 3782 2510 3842 sumptum
2542 3787 2646 3826 non
2676 3771 2961 3838 dilexisse,
2993 3771 3188 3842 diuque

212 3864 450 3932 Contigit
475 3903 489 3927 ,
522 3870 576 3916 et
603 3860 814 3915 tandem
846 3869 1088 3916 sanctum
1119 3868 1278 3928 caput
1304 3859 1508 3914 abdidit
1535 3858 1668 3914 alto.
1930 3864 1993 3917 Et
2025 3863 2162 3917 male
2189 3873 2426 3932 potatum
2459 3862 2672 3917 tandem
2701 3862 3005 3917 evomuisse
3031 3877 3300 3933 saporem.

210 3959 353 4013 Dum
383 3964 562 4010 tamen
596 3951 794 4021 ingenti
826 3950 1071 4005 bissenos
1102 3949 1338 4018 pondere
1368 3965 1546 4005 ramos
1920 3954 2077 4024 Szepe
2103 3953 2319 4024 quidem
2351 3953 2534 4020 multi,
2565 3954 2838 4010 renovatis
2866 3953 3165 4020 mentibus,
3197 3968 3370 4025 aegros

209 4052 430 4119 Edidit,
458 4061 513 4108 et
539 4061 707 4108 totum
735 4064 993 4122 spargens
1025 4049 1256 4119 porrexit
1290 4049 1340 4103 in
1369 4047 1552 4103 orbem
1577 4065 1591 4102 :
1921 4048 2223 4103 Restituere
2253 4047 2495 4102 animos:
2525 4054 2580 4101 et
2609 4061 2728 4117 quae
2755 4061 2814 4101 se
2845 4061 3002 4117 posse
3033 4047 3335 4118 negabant,

206 4146 475 4204 Gentibus
505 4155 562 4201 ut
586 4144 791 4200 cunctis
820 4144 1019 4199 victum
1052 4143 1323 4212 vitamque
1354 4155 1644 4210 perennem
1921 4141 2258 4197 Pertluerant
2279 4181 2294 4206 ,
2327 4138 2666 4211 fructumque
2697 4141 2775 4197 sui
2809 4156 3011 4211 cepere!
3032 4141 3251 4199 laboris.

213 4243 559 4306 Prmbercnt,
593 4249 933 4309 mortemque
963 4237 1096 4293 mori
1129 4237 1216 4306 qtti
1250 4250 1406 4305 posse
1435 4235 1714 4292 docerent.
1924 4234 2072 4289 Multi
2099 4232 2262 4288 etiam
2291 4242 2504 4288 sanctos
2532 4233 2647 4288 ausi
2677 4236 2991 4304 contingere
3017 4234 3191 4290 fontes
3212 4276 3228 4300 ,

212 4335 462 4405 Expletis
491 4333 652 4389 etiam
684 4347 805 4386 mox
835 4328 1217 4402 quinquaginta
1245 4327 1467 4391 diebus,
1923 4329 2235 4384 Discussere
2262 4327 2456 4383 iterum
2484 4327 2680 4393 subito,
2712 4336 2962 4398 retroque
2991 4328 3222 4397 relapsi,

224 4427 439 4484 Vertice
467 4425 533 4480 de
561 4439 770 4480 summo
798 4425 960 4478 divini
993 4421 1224 4477 nectaris
1255 4419 1503 4474 haustum
1917 4421 2178 4478 Sordibus
2202 4430 2256 4476 et
2281 4436 2436 4476 coeno
2461 4421 2602 4475 misti
2632 4420 2919 4477 volvuntur
2943 4421 3154 4478 eodem.

217 4518 425 4575 Detulit
452 4518 501 4572 in
532 4531 711 4572 ramos
730 4557 744 4582 ,
775 4516 1008 4572 cmtestis
1035 4515 1253 4584 Spiritus
1279 4527 1454 4567 aura}:
1919 4516 2062 4572 Multi
2091 4531 2219 4571 vero
2249 4516 2390 4572 bono
2416 4523 2690 4586 portantes
2717 4525 2955 4586 pectore,
2987 4516 3112 4570 totis

214 4611 372 4668 Dulci
403 4624 523 4665 rore
548 4623 735 4680 graves
766 4606 1049 4662 manabant
1079 4605 1310 4675 undique
1337 4603 1554 4659 frondes
1583 4602 1637 4674 (1
1917 4609 2198 4680 Accipiunt
2224 4610 2417 4666 animis
2436 4651 2451 4675 ,
2485 4610 2801 4682 penitusque
2827 4611 2878 4664 in
2909 4610 3114 4665 viscera
3141 4608 3398 4666 condunt.

285 4703 425 4759 Ecce
454 4703 552 4756 sub
583 4701 782 4772 lugenti
813 4707 1084 4754 ramorum
1114 4698 1362 4768 tegminis
1388 4697 1573 4753 umbra
1924 4703 2068 4773 Ergo
2096 4703 2184 4774 qui
2213 4719 2397 4758 sacros
2427 4713 2651 4773 possunt
2678 4703 2942 4759 adeedere
2971 4705 3176 4772 fontes,

211 4795 364 4852 Fons
390 4804 537 4851 erat:
567 4793 684 4857 hic,
719 4793 863 4848 nullo
891 4806 1018 4846 casu
1049 4792 1327 4858 turbante,
1361 4805 1616 4857 serenus,

209 4890 522 4958 Perspicuis
553 4889 732 4944 illimis
761 4888 943 4958 aquis,
976 4897 1029 4942 ct
1057 4887 1295 4954 gramina
1325 4885 1527 4942 circum

213 4981 540 5040 Fundebaut
570 4981 718 5035 Iretos
747 4980 896 5034 vario
921 4979 990 5034 de
1019 4978 1150 5034 ﬂore
1175 4978 1406 5034 colores.

1913 4797 2150 4866 Septima
2178 4797 2264 4852 lux
2293 4797 2410 4852 illos
2433 4805 2641 4866 optatas
2668 4796 2748 4867 (2)
2780 4797 2919 4852 sistit
2941 4796 3007 4851 ad
3034 4797 3200 4851 undas
3219 4838 3234 4864 ,

1928 4889 2108 4959 Tingit
2133 4899 2186 4944 et
2217 4890 2269 4943 in
2297 4888 2512 4959 liquidis
2538 4888 2752 4959 jejunos
2781 4887 3013 4944 fontibus
3037 4899 3207 4943 artus.

1922 4980 2012 5036 Sic
2041 4981 2255 5036 demum
2286 4980 2520 5036 illuviem
2549 4981 2772 5048 mentis,
2800 4981 3027 5052 vitaeque
3055 4981 3246 5050 prioris

206 5078 368 5132 llunc
395 5075 598 5131 circum
626 5074 919 5129 innumera:
943 5082 1148 5142 gentes,
1187 5071 1477 5142 populique
1505 5068 1741 5127 coibant.
1768 5052 1826 5115 D
1924 5077 2212 5145 Deponunt
2240 5075 2446 5140 labem;
2484 5088 2749 5147 purasque
2774 5088 2803 5127 a
2832 5083 3005 5132 morte
3033 5074 3297 5132 reducunt

200 5172 387 5240 Quam
418 5169 546 5224 varii
578 5170 824 5240 generis,
853 5183 1043 5232 sexus,
1077 5167 1280 5234 :etatis,
1312 5166 1563 5232 honoris,

209 5265 462 5333 lnnuptae
481 5271 808 5333 ,.nupta:que
833 5262 1024 5328 simul,
1056 5260 1366 5331 viduaeque,
1395 5273 1697 5329 nurusque,

203 5357 486 5423 Infantes,
521 5354 804 5425 puerique,
837 5354 970 5418 viri,
1001 5353 1367 5423 iuvenesque,
1397 5365 1658 5423 senesque
1685 5351 1698 5406 !

196 5451 308 5508 llic
337 5447 429 5502 ubi
458 5445 760 5518 multigenis
785 5443 953 5501 ﬂexos
984 5444 1294 5501 incumbere
1320 5445 1493 5515 pomis

195 5540 519 5601 Cernebant
547 5553 729 5596 ramos
748 5577 765 5607 ,
796 5538 1070 5612 avidisque
1094 5537 1367 5610 adtingere
1396 5534 1598 5593 dextris

1923 5169 2165 5226 lllustres
2191 5171 2425 5235 animas,
2459 5170 2691 5242 cmlique
2717 5167 2782 5224 ad
2812 5167 2975 5225 limen
3007 5169 3195 5224 ituras.

1919 5263 2052 5318 Hinc
2078 5264 2179 5318 iter
2204 5263 2269 5318 ad
2297 5277 2506 5327 ramos,
2534 5271 2590 5318 et
2615 5261 2788 5317 dulcia
2819 5274 2974 5332 poma
3002 5259 3216 5315 salutis:

1917 5355 2045 5411 inde
2073 5357 2173 5412 iter
2197 5355 2262 5410 ad
2288 5356 2479 5411 caelum
2510 5370 2604 5428 per
2628 5369 2807 5411 ramos
2832 5354 3038 5412 arboris
3065 5353 3208 5412 alite.

1922 5447 2033 5506 Hoc
2063 5449 2265 5521 lignum
2297 5450 2418 5507 vita:
2445 5457 2528 5507 est
2551 5449 2760 5507 cunctis
2786 5447 3149 5509 credentibus.
3181 5447 3375 5504 Amen.

1357 5653 1730 5714 LECTIONES
1765 5652 1854 5712 VA
1864 5651 2175 5712 RIANTES.

177 5782 266 5848 (ι)
293 5779 509 5833 Frontes
548 5776 745 5832 Oberth.

1903 5767 1976 5832 (Ξ)
2004 5767 2184 5832 Optata
2208 5765 2406 5822 Obertli.
