4202 6496
712 390 854 455 1115

2110 365 2577 430 TERTULLIANI

3874 350 4027 411 1116

718 480 4015 542 _____________________.

1708 580 2374 768 ammentis
2434 584 3032 724 secanto.

2052 817 2406 838 ﬁ“

2416 801 2514 841 ΞΩ

2537 819 2838 834 ﬂ

1530 890 2354 1027 CANDIDO
2405 883 3181 1006 LECTORI

1399 1061 1742 1126 JOSEPIIUS
1782 1054 1996 1113 lllAltlA
2041 1042 2425 1106 summes
2464 1042 2961 1099 Al‘lﬂNlONENSIS
2991 1040 3333 1099 SALUTEM.

801 1187 1037 1249 Candide
1064 1187 1277 1246 Lector.
1302 1184 1456 1241 Patet
1490 1178 1619 1237 mihi
1677 1173 1847 1231 facilis
1909 1165 2084 1221 aditus
2127 1161 2193 1215 ad
2236 1159 2316 1213 bi.
2346 1160 2399 1220 Λ
2426 1156 2753 1226 Apologcn'co
2782 1171 2801 1221 ;
2850 1157 3118 1210 diversum
3153 1155 3361 1225 penitus
3389 1152 3565 1224 reperi
3593 1149 3813 1219 stylum,
3844 1158 4034 1203 tamen

732 1283 1055 1341 bliothecam
1110 1278 1418 1333 Vaticanam
1442 1315 1459 1343 ,
1500 1268 1828 1340 benignitate
1864 1254 2151 1315 cardinalis
2189 1253 2322 1307 Ant-

735 1374 960 1448 plissimi
1006 1370 1277 1428 Francisci
1322 1364 1603 1426 Barberini
1675 1349 2067 1415 bibliothecarii
2100 1390 2113 1412 ,
2164 1354 2325 1410 atque

737 1467 1035 1526 Macen-aiis
1081 1465 1221 1531 mei,
1249 1463 1340 1533 qui
1380 1474 1508 1516 vere
1549 1451 1871 1512 bibliotheca
1914 1445 2100 1499 vivens
2147 1436 2328 1491 vacari

740 1571 960 1636 posset;
989 1568 1044 1617 et
1085 1529 1457 1613 benevolentia
1492 1547 1687 1606 Felicis
1743 1537 2033 1598 Contelorii
2066 1529 2324 1595 custodis,

741 1660 843 1717 viri
872 1656 1109 1715 scientiis
1132 1652 1379 1710 omnibus
1408 1644 1673 1705 instructi.
1705 1640 1820 1696 Illic
1842 1650 1940 1708 ego
1969 1632 2093 1687 dum
2125 1624 2333 1696 singula

746 1754 917 1811 lustro
940 1792 954 1817 ,
981 1748 1138 1806 incidi
1185 1750 1582 1819 peropportune
1622 1737 1675 1793 in
1704 1737 2066 1807 pervetustum
2093 1718 2334 1776 codicem

748 1861 780 1904 e
803 1844 1134 1906 membrana,
1162 1808 1517 1910 perscriptum
1566 1831 1738 1886 literis
1796 1813 2219 1893 longnbardicis,
2247 1808 2335 1880 qui

750 1939 971 2014 prtefert
1021 1944 1236 1991 :etatem
1293 1936 1671 1987 sescentorum
1727 1926 1819 1974 aut
1880 1910 2338 1982 septingentorum

753 2045 1061 2097 annorum;
1106 2038 1336 2097 cumque
1380 2019 1541 2077 Beda:
1577 2011 1924 2074 Cbronicon,
1966 2016 2020 2061 et
2065 2001 2169 2059 alia
2222 2009 2340 2067 quae

755 2126 1087 2191 continebat,
1116 2117 1504 2193 pereurrissem
1530 2154 1544 2177 ,
1578 2112 1632 2167 in
1659 2106 1806 2165 calce
1850 2099 2032 2158 inveni
2070 2096 2341 2165 fragmen-

759 2231 871 2279 tum
935 2187 1191 2274 Iibrortim
1245 2206 1560 2268 Tertulliani
1609 2202 1678 2260 de
1730 2193 2047 2257 execrandis
2107 2187 2344 2261 gentium

759 2314 925 2377 Divis,
953 2309 1106 2380 cujus
1163 2305 1334 2362 ultimi
1380 2313 1570 2359 versus
1614 2295 1827 2351 fuerant
1853 2288 2013 2349 erasi,
2042 2291 2099 2341 et
2123 2279 2263 2353 quod
2294 2278 2347 2332 in

761 2408 908 2466 Jovis
946 2400 1202 2460 elevanda
1256 2396 1531 2453 divinitate
1572 2390 1746 2446 solum
1816 2383 2121 2439 insumitur.
2167 2372 2221 2429 Id
2250 2383 2349 2440 ego

762 2515 883 2558 cum
915 2496 1105 2560 semel,
1128 2495 1436 2561 iterumque
1451 2482 1823 2558 perlegissent,
1853 2492 1914 2529 ac
1939 2469 2131 2529 deinde
2159 2475 2350 2521 contu-

763 2593 945 2650 lissem
978 2577 1361 2658 ,'assentimus
1409 2593 1531 2636 cum
1570 2575 1654 2632 liis
1699 2587 1815 2644 quae
1864 2568 1931 2624 de
1979 2565 2111 2621 Jove
2166 2556 2354 2615 scribit

767 2685 911 2745 idem
952 2680 1311 2741 Tertullianus
1338 2676 1392 2735 in
1433 2674 1584 2732 libris
1618 2667 1861 2724 adversus
1907 2659 2160 2716 Nationes
2200 2661 2255 2707 et
2302 2650 2354 2702 in

2385 2624 2431 2687 B

2430 1265 2615 1321 purum
2646 1260 2825 1319 putnzn
2852 1249 3282 1304 Tertullianteutn
3314 1257 3367 1303 et
3389 1264 3487 1319 ego
3512 1244 3727 1316 agnovi,
3754 1252 3811 1298 ct
3840 1242 4034 1308 amici,

2431 1342 2621 1413 quibus
2666 1342 2911 1409 ostendi,
2967 1357 3153 1397 omnes
3206 1350 3614 1395 consenserunt.
3667 1337 3776 1393 lloc
3829 1336 4040 1405 igitur,

2434 1436 2678 1508 quamvis
2715 1437 3090 1508 fragmentum,
3117 1434 3319 1490 diutius
3347 1434 3512 1489 latere
3540 1430 3705 1493 nolui,
3724 1438 3781 1486 et
3808 1445 3961 1483 nunc
3989 1429 4044 1482 in

2436 1547 2716 1589 commune
2760 1542 2813 1587 et
2858 1533 2909 1587 itt
2957 1531 3225 1601 publicum
3288 1529 3478 1584 emitto
3519 1526 3773 1595 auspiciis
3825 1524 4045 1581 Urbani

2439 1625 2621 1681 Octavi
2653 1625 2808 1680 Pont.
2836 1639 2985 1679 max.
3015 1639 3121 1694 quo
3151 1622 3203 1677 in
3228 1619 3498 1677 Cathedra
3525 1617 3671 1674 Petri
3710 1616 4037 1672 felicissime

2440 1719 2678 1783 sedente,
2706 1732 2809 1771 non
2840 1715 3004 1772 Musae
3047 1726 3276 1780 tantum,
3305 1714 3686 1785 politiorcsque
3736 1710 3943 1773 literae,
3973 1724 4039 1763 ac

2443 1809 2757 1879 disciplime,
2784 1809 2954 1879 poetis
3000 1817 3054 1862 et
3104 1805 3372 1861 historicis
3410 1804 3607 1874 passim
3639 1798 4052 1857 exundantibus

2444 1916 2498 1963 ct
2524 1902 2905 1960 cxsudautibus
2934 1902 3085 1974 quasi
3117 1899 3626 1969 redditajnventute
3664 1896 4055 1957 revirescunt;

2448 2014 2631 2055 verum
2684 1997 2847 2052 etiam
2891 2004 3197 2049 sanctorum
3240 1992 3457 2048 Patrum
3508 1987 3758 2061 operibus
3808 1984 4060 2055 undique

2447 2089 2836 2164 prodeuntibus
2884 2088 2935 2143 in
2979 2086 3153 2142 lucem
3184 2127 3199 2151 ,
3247 2082 3545 2140 orthodoxa
3596 2079 3806 2148 Religio
3856 2077 4064 2147 ubique

2452 2194 2715 2240 terrarum
2746 2189 2906 2249 caput
2953 2179 3163 2233 adtollit
3198 2187 3252 2232 et
3294 2174 3612 2231 redurescit.
3647 2172 3814 2227 Deum
3858 2182 4063 2238 precor

2453 2289 2509 2331 ut
2538 2279 2710 2350 ipsum
2741 2316 2755 2341 ,
2784 2283 2839 2329 et
2876 2271 3292 2326 illustrissimum
3334 2266 3660 2323 cardinaletn
3695 2261 4058 2316 Franciseum

2455 2371 2802 2427 Barbarinum
2836 2367 3059 2422 Atlantis
3086 2364 3217 2419 tanti
3250 2361 3531 2418 Herculem
3558 2358 3625 2413 ad
3663 2356 3929 2413 Ecclesiae
3955 2370 4069 2411 suae

2456 2465 2617 2520 decus
2643 2461 2939 2517 diutissime
2957 2458 3209 2528 sospitent
3233 2470 3353 2510 esse
3375 2453 3520 2509 velit.
3550 2450 3653 2517 Tu,
3698 2449 3926 2513 Lector,
3976 2464 4071 2515 ap-

2459 2571 2696 2629 precare,
2729 2564 2781 2611 et
2811 2554 2912 2610 hoc
2934 2568 3054 2609 meo
3083 2547 3402 2607 munusculo
3426 2554 3609 2619 gratus
3635 2553 3787 2600 utere
3805 2584 3819 2609 ,
3846 2541 4068 2597 fruere.

1745 2774 1891 2846 EX
1945 2758 2302 2842 LIBRIS
2361 2742 3115 2826 TEBTULLIANI

1171 2896 1392 3011 DE
1465 2864 2522 3002 EXECRANDIS
2570 2855 3340 2971 GENTIUM
3382 2854 3714 2966 DIIS

904 3075 1466 3171 FRAGMEN
1479 3067 1741 3156 TUM
1798 3050 2311 3145 ERUTUM
2480 3032 3901 3171 'VATICANA
3930 3085 3957 3124 ν

1542 3152 1609 3253 Α*
1636 3178 1985 3249 JOSEPHO
2018 3170 2281 3237 MAlllA
2324 3158 2713 3228 SUARESIO
2760 3152 3323 3216 AYENIONENSI.

855 3308 1083 3365 Tantum
1131 3298 1385 3359 eatcitatis
1431 3292 1626 3350 invasit
1690 3300 1859 3359 genus
1934 3282 2264 3336 humanum,
2327 3276 2384 3320 ut

786 3404 1061 3462 inimicum
1089 3411 1243 3455 suum
1273 3391 1555 3449 Dominum
1590 3392 1816 3448 vocent,
1863 3386 1916 3432 et
1956 3374 2249 3428 ablatoretn
2292 3364 2383 3416 bo-

789 3510 979 3555 norum
1034 3492 1170 3549 adeo
1195 3488 1437 3545 datorem
1474 3480 1571 3537 sibi
1601 3491 1721 3532 esse
1758 3470 2067 3544 praedicent.
2114 3471 2270 3530 atque
2313 3455 2383 3509 illi

791 3590 989 3666 gratias
1018 3592 1215 3658 agant;
1246 3585 1441 3636 vocant
1468 3588 1597 3644 ergo
1629 3571 1749 3624 illos
1781 3561 2087 3620 nominibus
2114 3552 2381 3614 humanis,

794 3643 902 3743 :10“
946 3677 1213 3752 propriis,
1260 3671 1504 3727 nesciunt
1546 3664 1688 3720 enim
1732 3671 1918 3715 eorum
1965 3648 2217 3709 nomina,
2267 3643 2387 3711 quia

798 3779 907 3834 sint
934 3747 1206 3829 dazmones
1234 3763 1568 3834 intelligunt;
1613 3754 1707 3813 sed
1749 3747 2000 3806 historias
2032 3752 2267 3796 veterum
2300 3750 2388 3789 re-

798 3885 923 3941 gttut
956 3865 1155 3935 legunt,
1187 3871 1412 3930 quorum
1441 3861 1616 3907 actum
1643 3861 1763 3904 cum
1806 3840 2021 3896 videant
2054 3834 2216 3890 fuisse
2250 3840 2390 3882 mor-

804 3965 985 4025 talem.
1018 3956 1211 4016 deiﬁco
1237 3947 1597 4007 bonoriflcant
1622 3956 1716 3996 eos
1736 3936 1967 3994 nomine.
1996 3930 2206 3989 Jovem,
2236 3934 2392 3992 quem

2488 3262 2759 3333 regalique
2788 3257 3011 3327 imperio
3042 3255 3309 3325 oppressit
3341 3252 3565 3323 populos
3591 3253 3708 3309 sine
3738 3251 3863 3322 lege
3890 3269 3906 3306 :
3954 3252 4094 3307 hunc

2490 3366 2660 3427 pater,
2688 3366 2846 3424 quem
2876 3348 3135 3405 initialem
3165 3347 3323 3404 deum
3364 3346 3530 3402 fuisse
3568 3347 3863 3417 opinantur
3906 3362 4097 3401 erran-

2491 3459 2605 3513 tes,
2643 3444 2807 3501 celari
2839 3442 3093 3499 ininsula
3120 3441 3277 3497 Creta
3322 3440 3614 3511 ignoravit;
3664 3438 3804 3494 ﬁlius
3846 3453 4095 3510 quoque,

2491 3557 2649 3613 quem
2692 3538 3046 3609 potentiorem
3077 3535 3237 3590 deum
3269 3533 3533 3599 credunt,
3564 3533 3801 3604 fugatum
3834 3546 3872 3585 a
3905 3546 3975 3587 sc
4012 3546 4099 3601 pe-

2494 3647 2628 3691 trem
2660 3636 2823 3688 latere
2854 3634 2904 3685 in
2938 3629 3083 3684 Italia
3112 3628 3300 3682 nescit:
3330 3626 3376 3682 si
3406 3634 3524 3681 erat
3553 3626 3605 3679 in
3660 3624 3821 3688 coelo,
3860 3640 3971 3681 cur
4000 3640 4100 3681 nea

2492 3726 2709 3783 videbat
2731 3724 2855 3795 quid
2886 3723 2938 3777 in
2960 3722 3112 3779 Italia
3138 3723 3453 3792 gereretur?
3482 3718 3597 3774 Non
3627 3719 3770 3775 enim
3802 3718 3867 3774 in
3902 3719 4101 3790 anguli.

2498 3834 2580 3880 est
2619 3832 2757 3877 terra
2805 3820 2977 3875 Italia.
3018 3818 3352 3887 Quamquam
3393 3814 3439 3870 si
3480 3813 3667 3871 fuisset
3702 3812 3843 3868 deus
3873 3855 3893 3881 ,
3942 3814 4103 3868 latere

2498 3934 2622 3972 eum
2665 3914 2796 3970 nihil
2834 3910 3103 3968 debebat:
3146 3909 3366 3966 latuisse
3402 3917 3583 3963 autem
3625 3905 3735 3970 ibi,
3776 3920 3957 3973 quem
3998 3905 4101 3960 Ital.

805 3992 985 4025 tutum,
1018 3992 1211 4016 υυιιιυυ
1238 3992 1595 4007 ιιυ..ν.....,----
1628 3992 1711 3996 ---
1740 3992 1765 3994 η

804 4063 1031 4119 vocant,
1077 4058 1343 4121 quemque
1390 4045 1577 4113 putant
1623 4046 1890 4090 sumntum
1934 4025 2143 4084 Deum,
2183 4013 2397 4087 quando
2423 3992 2467 4055 C
2502 4015 2791 4067 Saturnum
2848 4007 3258 4071 vocitaverunt,
3292 4001 3493 4074 liquido
3530 3997 3902 4070 adprobatum
3936 4009 4053 4063 est,
4080 4016 4105 4049 a

2052 4116 2061 4121 .
2212 4111 2224 4121 .
2261 4119 2267 4121 .
2580 4104 2589 4115 ι
2637 4118 2653 4121 Α
2700 4102 2711 4121 ι
2736 4099 2996 4121 ,.:.-.:...-..
3039 4097 3211 4121 I:-..-....
3244 4094 3488 4121 1.,ιρηΛ-εη
3524 4093 3681 4121 lanna
3714 4093 4008 4121 ειη-ηἰηηεα
4040 4102 4105 4121 ,ηρ

807 4159 963 4206 natus
989 4111 1114 4208 est:
1144 4154 1173 4195 a
1199 4111 1584 4196 constitutione
1612 4124 1792 4184 mundi
1820 4129 1973 4179 erant
1999 4116 2066 4172 ad
2100 4111 2227 4168 illud
2258 4119 2388 4163 tem-

810 4258 909 4315 pus
937 4240 1060 4294 anni
1088 4233 1257 4291 ferme
1285 4230 1387 4285 tria
1414 4225 1605 4282 millia.
1636 4220 1733 4278 llic
1756 4219 1808 4272 in
1834 4211 2040 4272 Graecia
2072 4205 2307 4263 nascitur
2332 4199 2399 4254 de

810 4289 1042 4391 lSaturno
1070 4337 1124 4385 et
1150 4326 1286 4395 Ope.
1330 4322 1390 4378 Et
1420 4334 1487 4375 ne
1515 4332 1545 4371 a
1576 4324 1723 4386 patre
1763 4305 2175 4365 interﬁceretur,
2222 4302 2313 4349 aut
2356 4289 2402 4345 si

814 4425 893 4481 fas
914 4392 1219 4485 estdicere,
1244 4414 1420 4471 denuo
1452 4413 1746 4480 pareretur,
1770 4399 1985 4456 Cretam
2013 4392 2241 4451 delatus.
2272 4399 2405 4440 con-

816 4517 938 4574 silio
968 4513 1155 4570 matris
1196 4512 1249 4565 in
1287 4517 1442 4564 antro
1484 4502 1625 4557 Idaeo
1664 4496 1924 4556 nutritur,
1964 4505 1993 4543 a
2034 4483 2283 4543 Creiibus
2328 4477 2404 4549 (ιι)

818 4607 1125 4666 hominibus
1154 4601 1292 4658 natis
1321 4612 1468 4654 arma
1501 4588 1860 4665 quatienttbus
1885 4582 2203 4640 occultatur,
2233 4584 2411 4640 caprae

820 4704 981 4762 ubera
1008 4700 1178 4771 sugit,
1207 4695 1358 4765 cujus
1386 4688 1668 4747 excoriata:
1697 4682 1833 4755 pelle
1864 4675 2090 4733 amictus
2119 4668 2412 4726 utitur-am-

823 4794 969 4853 tricis
998 4806 1109 4847 sute
1138 4788 1343 4846 scilicet
1369 4799 1398 4839 a
1428 4798 1486 4837 se
1514 4776 1842 4835 interfectae:
1874 4768 1967 4826 sed
2001 4778 2109 4821 tres
2136 4762 2413 4818 cincinnos

823 4900 1017 4943 aureos
1055 4882 1105 4937 ei
1144 4879 1340 4945 assuit,
1379 4881 1667 4933 centenum
1710 4867 1867 4921 boum
1906 4857 2144 4929 singulos
2185 4850 2415 4923 pretium

824 4979 1090 5042 valentes,
1120 4972 1258 5027 sicut
1284 4967 1524 5025 meminit
1552 4970 1737 5018 auctor
1764 4969 1950 5012 eorum
1980 4951 2242 5006 Homerus
2260 4986 2274 5010 ,
2302 4955 2416 4997 erc-

828 5074 958 5130 dere
986 5070 1029 5126 si
1058 5080 1266 5139 acquum
1295 5070 1395 5117 est.
1430 5059 1527 5115 llic
1551 5054 1729 5111 adulta
1757 5056 1913 5105 tetatc
1939 5058 2059 5101 cum
2088 5048 2236 5111 patre
2265 5034 2420 5091 anuis

834 5127 1200 5236 compluribus
1230 5156 1424 5212 bellum
1458 5150 1641 5222 gessit,
1670 5140 1976 5216 superavit,
2008 5131 2292 5208 parricidio
2322 5127 2416 5182 do-

832 5272 982 5318 mum
1026 5251 1258 5318 invasit,
1307 5258 1524 5303 sorores
1568 5238 1804 5311 virgincs
1852 5229 2156 5303 stupravit,
2200 5234 2424 5294 quarum

837 5367 998 5411 unam
1028 5350 1080 5404 in
1107 5342 1376 5404 connubio
1400 5337 1592 5408 elegit,
1628 5342 1828 5404 patrem
1856 5325 2021 5382 armis
2048 5318 2250 5392 fugavit
2275 5332 2289 5369 :
2317 5327 2426 5368 cae-

2503 4104 2659 4172 cujus
2700 4099 2999 4156 latitationc
3038 4097 3214 4167 lingua
3244 4094 3489 4166 hesperia
3522 4093 3683 4147 latina
3714 4093 4013 4145 nominata
4039 4102 4107 4145 est

2506 4211 2674 4267 usque
2713 4193 2767 4248 in
2807 4191 3121 4246 hodiernum
3146 4207 3158 4243 :
3187 4191 3327 4245 sicut
3354 4187 3517 4242 etiam
3547 4194 3734 4239 auctor
3761 4197 3976 4238 eorum
4007 4182 4110 4236 \‘ir-

2504 4290 2661 4363 gilius
2700 4285 2942 4342 meminit
2982 4283 3099 4354 (li):
3140 4295 3268 4351 ergo
3308 4280 3361 4333 in
3402 4289 3543 4333 terra
3568 4284 3866 4346 generatus
3898 4276 4109 4337 dicitur,

2509 4384 2636 4441 dum
2680 4390 2735 4438 et
2762 4395 2830 4434 ne
2860 4378 2926 4433 ab
2954 4391 3021 4432 co
3054 4390 3219 4446 regno
3246 4373 3472 4445 pellatur
3500 4371 3686 4439 timet,
3741 4380 3795 4425 et
3836 4378 4111 4440 tamquam

2512 4476 2762 4534 :emulom
2792 4472 2984 4544 quaerit
3012 4483 3207 4526 necare
3226 4508 3243 4534 ,
3271 4476 3325 4522 et
3352 4466 3663 4534 subreptum
3696 4463 3884 4517 nescit
3920 4462 4112 4517 latere.

2516 4580 2570 4625 et
2597 4579 2781 4641 postea
2808 4566 2941 4621 deus
2971 4563 3113 4618 ﬁlius
3141 4568 3346 4631 patrem
3387 4555 3727 4625 prosequitur
3745 4593 3761 4619 ,
3807 4552 4117 4609 interﬁcere

2517 4663 2708 4736 quan-it
2732 4658 3046 4715 immortalis
3067 4651 3422 4709 immortalem
3447 4647 3613 4719 (credi
3635 4644 3941 4719 potest),et
3962 4646 4112 4701 inter-

2518 4756 2657 4811 vallo
2696 4754 2865 4825 pelagi
2906 4751 3126 4814 fallitur,
3162 4755 3218 4803 et
3254 4744 3453 4814 fugisse
3490 4743 3717 4813 ignorat,
3749 4747 3809 4794 et
3854 4753 3991 4793 cum
4024 4738 4116 4791 lue

2519 4859 2804 4922 agerentur
2834 4848 2971 4901 inter
2999 4843 3135 4900 duos
3161 4842 3292 4897 deos
3323 4841 3374 4892 in
3405 4836 3582 4901 terris,
3616 4832 3815 4889 cmlutn
3848 4830 4117 4888 desertum

2521 4954 2621 5003 est.
2656 4944 2822 4999 Nemo
2847 4935 3253 4994 administrabat
3279 4931 3485 5004 pluvias
3504 4970 3521 4990 .
3552 4940 3711 4983 nemo
3737 4924 3987 4979 tonabat
4005 4966 4021 4990 ,
4049 4941 4121 4976 ne-

2527 5055 2615 5095 nto
2644 5034 2977 5110 gubernabat
3008 5040 3209 5085 tantam
3241 5027 3437 5083 tuolem
3464 5023 3635 5078 orbis.
3673 5018 3785 5074 Nec
3830 5020 3993 5074 enim
4024 5032 4123 5088 p05-

2526 5142 2646 5192 sunt
2688 5131 2870 5186 dicere
2910 5136 3086 5183 actum
3128 5124 3341 5179 illorunt
3380 5128 3436 5176 et
3472 5116 3613 5173 bella
3642 5115 3694 5170 in
3724 5112 3883 5169 caelo
3916 5128 4042 5169 esse
4068 5113 4123 5162 Ea-

2529 5236 2643 5281 cta:
2675 5226 2792 5279 iure
2820 5223 2962 5277 enim
2994 5221 3046 5274 in
3079 5225 3259 5274 monte
3284 5215 3514 5288 Olympo
3540 5208 3767 5271 ﬁebant,
3805 5206 3875 5261 in
3908 5205 4121 5263 Graia:

2538 5320 2631 5376 sed
2674 5334 2773 5373 nec
2799 5317 2995 5373 crelom
3032 5314 3319 5387 Olympum
3349 5308 3421 5381 (ο)
3453 5312 3706 5368 vocatur,
3738 5299 3965 5355 caelum
4008 5298 4125 5353 enisi

840 5456 952 5503 tera
979 5450 1158 5498 autem
1204 5448 1353 5493 actus
1402 5434 1545 5489 illius
1592 5428 1788 5496 scripta
1831 5431 1977 5477 sunt.
2029 5417 2105 5472 Ex
2148 5404 2431 5468 connllblls
2540 5413 2738 5468 coelum
2778 5418 2881 5466 est.
2916 5408 2990 5464 De
3028 5406 3219 5477 quibus
3260 5415 3390 5473 ergo
3428 5396 3632 5455 actibus
3667 5407 3873 5449 eorum
3922 5393 4126 5464 prirnum

842 5538 1030 5595 alienis
1055 5577 1071 5605 ,
1112 5540 1202 5588 aut
1244 5528 1537 5599 virginibus
1563 5519 1776 5576 violatis
1803 5558 1819 5585 ,
1867 5514 2007 5569 ﬁlios
2032 5508 2130 5565 sibi
2161 5501 2434 5557 adulteros
2538 5504 2914 5568 tractabimus,
2943 5501 3012 5557 de
3043 5498 3345 5561 nativitate,
3376 5490 3446 5547 de
3484 5485 3782 5546 latitatione
3810 5525 3831 5546 .
3882 5484 3958 5540 de
3997 5484 4125 5553 igno-

2034 5602 2043 5605 _
2355 5593 2363 5601 .
2666 5598 2675 5605 ,
2783 5595 2797 5605 .
2992 5594 3002 5603 .
3044 5594 3053 5603 .
3080 5592 3109 5605 ι.
3223 5588 3234 5605 ι
3254 5604 3265 5605 γ
3305 5602 3321 5605 _
3351 5584 3441 5605 LJ.
3463 5580 3575 5605 _._::-
3633 5577 3698 5605 ,ΙΑ
3728 5576 4006 5605 ιιὶιοιιΑ-ιῖρ
4034 5572 4125 5605 ...μίῗ⁴

844 5572 1071 5605 ιιιιυιηδ,
1112 5572 1202 5588 uu-
1254 5572 1535 5599 Vlla-luuw‘u—w
1577 5572 1669 5576 .--κ
1718 5572 1723 5573 γ
1803 5572 1817 5585 ι

844 5628 1150 5705 generavit,
1199 5636 1394 5697 pueros
1432 5620 1691 5690 ingenuos
1736 5602 2072 5665 attaminavit
2095 5642 2108 5667 ,
2157 5593 2437 5667 tyrannico
2542 5598 2733 5663 rautia,
2767 5595 2833 5651 de
2866 5592 3173 5667 parricidio,
3205 5588 3274 5646 de
3301 5580 3600 5647 adulteriis,
3630 5577 3698 5634 de
3727 5576 4010 5634 obscenis
4034 5572 4131 5629 Mr-

2209 5687 2296 5747 CO
2308 5685 2659 5747 .\l.\ll£N'l‘.llil
2672 5692 2773 5749 US.

2758 5786 2952 5847 Maluit,
2979 5779 3314 5847 ltis.qu_oniam
3338 5773 3565 5847 latuisset
3588 5772 3742 5847 luitis1
3749 5767 3803 5847 ilrt
3830 5768 3962 5847 oris;

3112 5829 3327 5899 “itinera.
3358 5838 3395 5892 t.
3430 5834 3561 5902 vni,
3594 5850 3643 5886 υ.
3671 5829 3785 5885 322
3814 5842 3871 5887 ει
3900 5830 4027 5890 39.3.

2640 5928 2717 6002 (ρ)
2760 5923 3059 5996 Olympum.
3091 5917 3253 5974 Forte
3282 5910 3552 5981 Olympus.
3577 5902 3749 5961 Suan.

928 5864 1005 5936 (a)
1045 5858 1291 5922 Crelibus.
1319 5854 1480 5914 Forte
1509 5848 1794 5911 Curetibus.
1827 5843 1993 5901 Sun.

932 5976 1007 6040 (b)

1409 6011 1419 6022 .
1460 6008 1470 6019 .
1512 6004 1523 6017 .
1564 6002 1574 6016 .
1609 5964 1802 6016 Latium
1822 5972 1921 6023 quo
1943 5958 2105 6010 vocari
