4202 6496
115 410 254 470 1121

189 598 442 654 Τιιηιτινὶι
489 543 774 670 animi};
817 608 870 656 et
913 599 1172 658 Domitia-

1462 419 1550 476 AP
1562 419 1814 478 PENDIX
1850 419 2155 491 QUARTA.

1531 552 1972 596 CHRISTDPHOSONI
1991 580 2003 592 .

1302 603 1624 664 Tentaverat
1650 623 1702 664 et
1731 611 2085 676 Domitianus,

3283 433 3421 492 “22

2777 543 2975 602 ιλκοή.

2110 609 2287 680 portio
2367 680 2409 691 η
2439 608 2760 691 Tentaverat
2782 617 3214 691 ctDomitianus,
3245 623 3423 691 portio

113 670 680 764 ﬂl‘lsASillllillghqi‘iqgitij,
714 671 1172 764 po‘rttioLIieroni‘s,
1227 673 1478 764 Hermus,
1510 681 1578 764 de
1605 681 1940 738 crudelitate.
1969 670 2083 738 Sed
2099 670 2202 764 qua
2232 692 2287 737 et
2367 680 2612 764 Herculis,
2642 670 3423 764 de_crudelitatei,~eaﬁdemiqu'ze

114 741 1176 834 (ξςβςξῖιξμυιέἰξξιιςζδερ-(ἕηςῘίξιοξξξςείξᾳ
1231 747 1413 834 homo,
1443 741 1600 834 facile
1628 763 1872 834 emptum.
1897 741 2174 823 repressit,
2197 767 2286 811 re-
2361 754 2458 834 μιᾳ
2479 741 2676 810 facere.
2695 741 2847 834 Sed,
2876 741 3424 834 iii‘b'piiiaﬁ'h'ﬁtiﬁ

113 811 346 896 destitit,
393 814 458 894 ita
509 811 767 896 utetiam
813 828 1080 886 eos-quos
1120 817 1175 872 in
1229 820 1433 878 stitutis
1450 823 1612 878 etiam
1639 811 1774 895 quos
1797 811 2156 896 relegaverat.

114 883 341 940 exilium
373 885 614 953 miserat,
647 896 944 942 revocaret.

2361 823 2567 902 habens
2607 828 2831 902 rationis
2867 838 2924 886 et
2951 823 3266 902 prudentiae,
3300 823 3424 889 {na-

2361 903 2481 953 ture
2525 895 2774 965 destitit,
2823 895 3093 959 revocatis
3140 895 3303 963 etiam
3355 907 3423 964 iis

2358 981 2496 1039 quos
2516 967 2571 1026 in
2591 969 2838 1028 exsilium
2859 983 3063 1045 egerat.

1064 1067 1243 1128 LIBRI
1281 1073 1371 1142 DE
1423 1075 1890 1140 SPECTACULIS
1928 1079 2160 1140 GRECI
2195 1079 2489 1150 ClTATIO,

1111 1212 1200 1258 ex
1242 1211 1369 1258 un.
1421 1214 1506 1258 ne
1532 1211 1782 1260 conon
1850 1213 2090 1260 muris
2133 1197 2156 1279 (
2189 1217 2327 1282 cap.
2373 1200 2480 1284 6).

186 1315 282 1372 Sic
313 1315 524 1416 itaque”
541 1325 597 1416 et
637 1317 779 1375 circa
802 1318 1134 1416 uoluptates
1172 1319 1600 1416 Spectaculorum
1626 1321 1722 1416 inf
1747 1331 1802 1392 Α
1827 1321 2049 1380 scientia
2075 1331 2253 1380 autem
2271 1323 2548 1383 deficiunt.
2572 1328 2679 1387 Sed
2703 1340 2757 1388 et
2781 1331 2905 1391 huic
2926 1339 3188 1408 materiae,
3211 1351 3428 1416 prepter

111 1408 332 1464 famata-
367 1409 606 1466 conditio
635 1419 719 1466 est
765 1411 834 1467 ab
863 1411 944 1468 eis
983 1412 1074 1484 qui
1107 1421 1294 1468 natura
1335 1413 1588 1484 quidem,
1626 1413 1720 1470 Dei

109 1502 300 1557 omnia
347 1503 603 1568 sentiunt,
649 1518 715 1559 ex
756 1502 950 1574 quibus
1014 1506 1318 1575 spectacula
1365 1507 1720 1572 instruuntur,

186 1615 516 1687 Antplissime
561 1616 789 1674 eamdem
837 1617 1101 1673 materiam
1147 1630 1416 1674 tractatam
1463 1620 1616 1676 habes
1658 1621 1721 1674 ab

124 1689 244 1756 ipso
269 1698 476 1761 auctore
505 1688 633 1744 libro
658 1689 813 1744 latine
835 1691 1120 1761 conscripto
1149 1691 1218 1746 de
1246 1691 1597 1761 Spectaculis.
1654 1691 1723 1747 Et

113 1776 239 1815 vero
257 1760 392 1831 loqui
423 1761 507 1815 hic
525 1769 780 1816 auctorem
807 1761 871 1816 de
891 1761 1017 1816 dict.
1036 1760 1140 1816 lib.
1171 1761 1238 1818 de
1264 1762 1598 1834 Spectaculis
1622 1780 1725 1819 non

1826 1417 2155 1475 suaviludios
2175 1429 2413 1490 nostros,
2441 1437 2616 1494 graeco
2640 1439 2857 1497 quoque
2874 1430 3016 1502 style
3036 1431 3424 1494 satisfecimus.

1827 1624 2017 1752 saga.)
2042 1625 2112 1682 de
2139 1627 2348 1687 Corona
2374 1631 2584 1703 militis,
2615 1634 2768 1692 etiam
2795 1647 2912 1696 ante
2930 1657 3010 1698 me
3037 1641 3316 1704 Rhenanus
3333 1649 3402 1704 ad

922 1876 1052 1937 LIB.
1086 1878 1176 1937 DE
1219 1875 1614 1938 VIRGINIBUS
1651 1879 1996 1940 VELANDIS
2033 1881 2286 1957 GRECI,
2328 1886 2651 1958 NOTULxE,

1093 2010 1180 2056 ex
1206 2011 1496 2058 nauseant
1539 2011 1760 2058 TITULI
1804 2013 1995 2060 uano
2023 1997 2042 2078 (
2073 2015 2210 2079 cap.
2259 2001 2291 2063 1
2338 2001 2385 2082 ).

189 2111 474 2185 Proprium
497 2113 608 2186 jam
636 2113 907 2186 negotium
936 2127 1125 2185 passus
1152 2130 1288 2172 meae
1317 2116 1611 2188 Opinionis,
1636 2116 1714 2174 la-

111 2207 234 2263 tine
261 2221 476 2278 quoque
519 2206 798 2263 ostendam
834 2206 1077 2278 Virgines
1107 2217 1318 2264 nostras
1345 2207 1512 2264 velari
1555 2223 1716 2281 opor-

158 2396 169 2406 .
193 2319 279 2406 ξε
304 2323 668 2407 εολιιρᾴ-ᾴξεὶι
693 2332 873 2378 auctor
899 2322 1062 2407 latine
1087 2337 1323 2394 quoque,
1349 2332 1482 2407 recte
1509 2339 1620 2407 meo
1636 2325 1725 2407 ju-

109 2395 254 2450 dicio
300 2394 492 2466 colligit
521 2394 823 2461 Rhenanus,
873 2405 1027 2450 antea
1067 2411 1233 2467 grwcc
1278 2396 1527 2466 scriptum
1571 2394 1730 2467 fuisse

1817 2126 1954 2186 tere,
1982 2135 2046 2175 ex
2071 2135 2176 2191 quo
2202 2123 2484 2180 transitum
2513 2128 2688 2185 astatis
2726 2145 2837 2188 sua:
2864 2131 3125 2204 fecerint;
3158 2136 3262 2194 hoc
3300 2139 3423 2194 exi.

1817 2226 1946 2283 gere
1977 2214 2273 2278 veritatem.
2305 2217 2391 2271 eui
2419 2232 2579 2275 nemo
2607 2224 2958 2290 praescribere
2982 2238 3180 2298 potest.

1829 2325 2015 2380 librum
2041 2327 2268 2398 ejusdem
2295 2329 2452 2400 tituli,
2480 2331 2550 2389 de
2573 2332 2882 2408 Virginibus
2904 2340 3168 2399 velandis.

1271 2486 1358 2540 DE
1400 2485 1742 2542 BAI’TISMO
1780 2483 1964 2540 LIBRI
1992 2481 2272 2553 MENTIO,

1128 2597 1213 2640 ει
1255 2595 1542 2640 EJUSDEM
1586 2596 1802 2641 TITULI
1834 2580 2069 2660 LIBRO(
2101 2597 2239 2662 cap.
2273 2579 2351 2642 15
2395 2580 2439 2662 ).

189 2702 299 2760 Sed
323 2703 464 2760 circa
512 2701 796 2760 haereticos
834 2717 964 2760 sane
1010 2703 1141 2775 quid
1181 2702 1594 2759 custodiendqu
1628 2703 1717 2770 sit,
1754 2713 1799 2772 Β
1830 2701 1956 2768 illis,
1986 2717 2086 2758 nec
2116 2719 2252 2759 unus
2277 2702 2547 2771 Christus,
2578 2705 2628 2758 id
2657 2714 2740 2760 est
2765 2705 2928 2762 idem.
2957 2706 3190 2780 Ideoque
3216 2727 3315 2769 nee
3339 2714 3433 2769 ba-

115 2797 285 2870 digne
309 2799 428 2869 quis
454 2807 712 2854 retractet
739 2817 752 2853 :
783 2796 850 2853 ad
879 2811 978 2853 nos
997 2797 1140 2852 enim
1167 2797 1371 2852 editum
1403 2809 1504 2852 est.
1538 2795 1723 2852 Haere-

119 2893 215 2949 tici
263 2906 442 2948 autem
491 2894 696 2948 nullum
743 2892 942 2948 habent
967 2895 1295 2948 consurtimn
1331 2905 1526 2948 nostrae
1564 2893 1724 2948 disci-

119 2987 308 3057 plinas,
337 2999 474 3055 quos
512 2995 800 3040 extraneos
831 2984 1014 3054 utique
1041 2993 1267 3041 testatur
1300 2986 1411 3051 ipsa
1451 2984 1723 3054 ademptio

117 3077 648 3134 communicationis.
675 3075 794 3132 Non
819 3076 992 3132 debeo
1023 3077 1073 3130 iu
1104 3075 1210 3131 illis
1233 3090 1559 3146 cognoscere
1581 3074 1723 3145 quod

118 3169 260 3226 mihi
289 3177 615 3239 praeceptum
643 3177 748 3236 est,
777 3168 900 3238 quia
923 3183 1029 3223 non
1058 3167 1197 3223 idem
1225 3168 1364 3223 Deus
1384 3176 1470 3223 est
1498 3167 1652 3222 nobis
1670 3177 1727 3223 et

201 3286 294 3342 His
321 3287 499 3343 verbis
525 3286 686 3341 etiam
710 3285 932 3356 materia
955 3284 1221 3356 prmeipua
1269 3294 1730 3356 commemoratur

118 3358 288 3431 graeci
317 3357 382 3413 dc
412 3357 703 3431 Baptismo.
729 3355 1174 3431 Quandoquidem
1198 3371 1330 3431 vero
1358 3371 1456 3431 nos
1483 3355 1570 3410 hic
1600 3367 1732 3431 trac-

124 3426 343 3485 iaturos
369 3429 591 3497 polliciti
622 3442 832 3490 sumus,
864 3442 982 3496 qum
1010 3427 1080 3480 sit
1107 3426 1426 3481 Tertulliani
1457 3427 1728 3480 sententia

123 3503 196 3554 de.
216 3501 566 3554 liazreticoruut
596 3499 864 3568 baptisma,
897 3507 1045 3568 certe
1064 3513 1259 3566 negare
1292 3512 1398 3568 non
1447 3511 1733 3568 possumus

123 3573 362 3640 idipsum
390 3569 623 3625 sensisse
645 3568 788 3638 quod
809 3567 864 3621 Β.
889 3566 1210 3640 Cyprianus;
1236 3579 1288 3623 et
1311 3566 1556 3640 fortassis
1576 3582 1735 3640 prop-

133 3637 287 3696 terea
313 3637 858 3711 suppressutu’possit
884 3637 1005 3709 quis
1045 3639 1224 3693 dicere
1270 3640 1411 3693 hunc
1456 3637 1735 3711 libellum,

135 3727 260 3766 eum
294 3709 393 3780 per
412 3709 671 3766 Nicenum
699 3711 983 3765 concilium
1011 3718 1298 3764 retractata
1321 3718 1404 3764 est
1433 3709 1735 3780 caAfrica-

126 3779 323 3839 nurum
351 3782 704 3852 quorumdam
727 3783 1100 3852 episc0porum
1144 3784 1430 3836 sententia.
1474 3779 1581 3835 Nec
1602 3795 1732 3836 vero

127 3851 433 3908 mirandum
459 3854 502 3908 si
525 3851 650 3906 illud
682 3851 986 3920 paradoxon
1022 3851 1300 3920 amplexus
1344 3852 1413 3905 sit
1451 3852 1733 3906 Tertullia-

127 3941 238 3979 nus
260 3939 382 3978 cum
410 3923 601 3978 eodem
634 3921 746 3977 fere
776 3933 1018 3992 tempore
1064 3923 1393 3978 celebratum
1444 3921 1631 3992 fuisse,
1653 3922 1734 3975 vi-

127 3996 327 4049 deatur
353 3993 636 4049 concilium
669 3991 795 4046 illud
841 3991 941 4046 sub
971 3994 1262 4062 Agrippino
1305 3992 1556 4062 episcopo
1595 3991 1731 4047 Car-

131 4064 482 4136 tliagiuieusi,
510 4065 660 4134 cujus
678 4063 920 4119 meminit
971 4061 1037 4120 B.
1086 4065 1248 4135 Cypr.
1307 4061 1499 4134 Epist.
1541 4063 1630 4123 7i.
1664 4061 1732 4118 ad

1153 4254 1835 4531 appensa;

1826 2798 2051 2866 ptismus
2098 2811 2258 2861 unus,
2289 2797 2412 2866 quia
2462 2814 2566 2852 non
2599 2799 2758 2854 idem.
2797 2800 2974 2869 Quem
3006 2819 3126 2859 cum
3175 2807 3279 2862 rite
3320 2824 3427 2865 non

1827 2886 2077 2953 habeant,
2108 2888 2226 2943 sine
2252 2887 2414 2944 dubio
2443 2904 2551 2944 non
2597 2889 2826 2959 habent;
2860 2909 2958 2948 nec
2989 2895 3131 2966 capit
3159 2901 3431 2957 numerari

1825 2978 1968 3048 quod
2019 2993 2126 3034 non
2175 2979 2438 3045 habetur;
2473 2982 2543 3036 ita
2576 2997 2675 3039 nec
2720 2996 2944 3054 possunt
2991 2990 3260 3059 accipere,
3309 2991 3433 3061 quia

1829 3085 1937 3124 non
1966 3068 2192 3130 habent.
2217 3070 2323 3128 Sed
2351 3072 2420 3129 de
2462 3088 2569 3144 quo
2600 3073 2813 3145 plenius
2833 3076 2945 3147 jam
2987 3079 3142 3136 nobis
3175 3081 3228 3135 in
3267 3099 3436 3153 θηεεο

1829 3163 2097 3236 digestum
2124 3173 2228 3220 est.

1835 3281 2110 3364 Quintum;
2144 3283 2285 3364 quod
2309 3282 2481 3353 ipsum
2501 3295 2796 3364 quoqueet
2820 3296 3126 3364 coaetaneos
3151 3291 3437 3364 episcopos

1835 3354 2115 3428 Africanos
2143 3354 2194 3405 iu
2217 3369 2337 3428 eam
2364 3354 2981 3428 pertraxit‘opinionem.
3011 3361 3135 3416 Haec
3165 3354 3308 3420 enim
3340 3354 3438 3421 'sa-

1837 3425 1904 3501 tis
1928 3423 2162 3501 indicare
2179 3423 2718 3501 videturilleEpist'.
2749 3430 2847 3501 70.
2874 3431 2940 3484 ad
2991 3430 3213 3489 Januar.
3241 3475 3256 3501 ,
3313 3451 3436 3492 cum

1837 3495 2310 3550 dicitsentcntiaui
2345 3497 2489 3570 illam
2503 3495 2614 3568 jam
2643 3499 2850 3570 pridem
2888 3504 2957 3555 ab
3006 3495 3439 3563 antecessoribus

1840 3575 2116 3640 sututam,
2142 3578 2196 3621 et
2222 3567 2459 3640 apertius
2480 3567 2657 3638 Epist.
2685 3570 3217 3640 75,ad1uhaiauum,
3241 3577 3440 3634 multos

1839 3637 2034 3719 dicens
2054 3652 2226 3719 annos
2237 3637 2617 3719 intercessisse
2644 3655 2708 3694 ex
2729 3657 2841 3719 quo
2858 3644 2958 3719 sub
2978 3637 3272 3716 Agrippino
3293 3648 3438 3719 epis-

1841 3709 1960 3795 εοιτξ
1987 3708 2200 3795 plurimi
2236 3710 2338 3795 hoc
2363 3719 2684 3795 statuerunt.
2715 3708 2877 3795 Atqui
2901 3708 3052 3795 inter"
3078 3708 3288 3795 tempus
3327 3708 3438 3795 quo

1836 3777 2202 3858 Tertullianps
2221 3789 2351 3858 ante
2381 3795 2594 3858 otnuem
2626 3777 2875 3858 hreresim
2905 3777 3202 3858 libruiade'
3227 3777 3440 3858 Βαρὶἱε-

1836 3866 1918 3922 mo
1937 3850 2295 3922 conscripsit,_
2308 3861 2366 3922 et
2389 3849 2696 3906 Africanum
2723 3855 2950 3922 primum
2974 3855 3043 3910 de
3073 3849 3441 3914 Hmreticorum

1835 3917 2102 3994 Baptisiiio
2118 3917 2829 3994 concilium”episcoporum
2867 3925 2936 3979 72
2957 3928 3095 3994 quod
3111 3923 3440 3987 celebratum

1836 3991 1932 4070 fuit
1953 4005 2094 4070 anno
2115 3991 2326 4070 Domini
2343 3991 2470 4070 25:5,
2490 3991 2660 4048 anuus
2683 3991 3054 4070 intercessisse
3080 3998 3302 4056 circiter
3330 4001 3402 4058 50
3424 4042 3441 4070 ,

1836 4061 1972 4116 laius
1993 4060 2046 4116 in
2080 4062 2184 4116 vita
2213 4061 2450 4118 auctoris
2489 4064 2892 4134 comprobatur.

1954 4277 2459 4438 quarta.

879 4610 1383 4698 OPEBUM
1449 4611 1564 4720 Q.
1648 4609 1734 4693 s.
1803 4609 1901 4693 F.
1955 4607 2746 4693 TERTULLIANI

241 4774 479 4868 QUE
523 4767 1423 4858 DESIDERANTUB,
1463 4763 2177 4857 FRAGMENTA,
2227 4764 2660 4842 MENTIO
2706 4765 2850 4840 ET
2899 4765 3393 4845 NOTULJE.

649 4910 693 4968 I.
734 4908 827 4967 AD
868 4905 1130 4966 ΛΜΗ]οΜ
1168 4900 1653 4962 PHILOSOPHUM
1695 4901 1781 4956 DE
1817 4898 2224 4957 NUPTIABUM
2263 4895 2628 4959 ANGUSTIIS
2665 4899 2870 4969 LIBRI,

1372 5038 1640 5083 NOTULB
1686 5035 1771 5081 ει
1811 5034 1874 5081 Β.
1921 5033 2188 5080 BIERON.

221 5178 290 5235 Et
333 5175 388 5230 in
431 5171 693 5244 principio
734 5169 898 5228 libelli
947 5166 1198 5241 praefatus
1234 5179 1355 5222 sum
1393 5178 1480 5219 me
1527 5163 1590 5218 de
1640 5161 1747 5216 An-
1772 5159 1816 5222 C
1920 5159 2034 5215 Non
2065 5169 2146 5217 est
2169 5158 2327 5230 hujus
2355 5158 2458 5215 loci
2489 5157 2808 5231 Nuptiarum
2835 5161 3095 5231 angustias
3121 5159 3449 5228 describere,

143 5271 329 5349 gustiis
357 5264 672 5337 Nuptiarum
697 5275 790 5320 aut
815 5262 946 5319 nihil
990 5262 1210 5318 omnino
1239 5268 1331 5316 aut
1364 5271 1549 5328 parum
1575 5253 1748 5311 dictu-

144 5386 289 5435 rum,
315 5377 372 5424 et
399 5381 543 5422 nunc
566 5362 752 5420 eadem
783 5357 1080 5419 admoneo;
1113 5364 1171 5409 ut
1199 5353 1245 5410 si
1286 5351 1377 5406 tibi
1406 5351 1580 5421 placet
1607 5350 1748 5406 scire

144 5472 281 5532 quot
312 5457 575 5516 molestiis
626 5454 778 5524 virgo
828 5451 1016 5515 libera,
1047 5455 1179 5520 quot
1206 5459 1340 5501 uxor
1363 5443 1611 5500 adstricta
1656 5443 1746 5508 sit,

144 5548 697 5623 Iegas'l‘ertullianum
714 5543 1012 5599 adAmicum
1029 5539 1389 5610 philosophum
1401 5536 1745 5602 scribentem,

142 5657 202 5702 ct
227 5645 294 5699 de
328 5641 630 5714 Virginitate
673 5638 809 5693 alios
845 5634 1053 5691 libellos
1075 5674 1090 5700 ,
1137 5639 1194 5687 et
1229 5630 1292 5686 Β.
1318 5627 1569 5702 Cypriani
1595 5628 1748 5684 volu-

145 5752 276 5793 men
305 5733 609 5805 egregium;
639 5740 694 5786 et
736 5729 896 5800 Papa:
926 5723 1138 5782 Damasi
1179 5736 1342 5794 super
1367 5720 1469 5777 hac
1498 5736 1558 5777 re
1588 5735 1748 5779 versu

147 5845 217 5885 ac
247 5839 406 5899 prosa
439 5823 732 5896 composita
757 5863 774 5890 ,
810 5830 868 5878 et
913 5817 1182 5876 Ambrosii
1211 5816 1380 5872 nostri
1413 5831 1532 5886 qua:
1581 5829 1750 5886 nuper

145 5921 372 5993 scripsit
398 5919 466 5977 ad
495 5933 734 5976 sororem
757 5914 1009 5990 opuscula
1026 5913 1218 5986 (Epist.
1237 5911 1330 5970 28.
1359 5909 1427 5967 ad
1453 5906 1746 5979 Eustocn.).

1849 5260 1906 5308 et
1949 5253 2103 5324 quasi
2149 5253 2202 5308 in
2255 5253 2629 5310 communibus
2672 5253 2806 5310 locis
2864 5253 3132 5309 rhetorico
3180 5255 3453 5310 exsultare

1850 5358 2132 5412 sermone;
2167 5345 2374 5415 plenius
2421 5361 2582 5417 super
2632 5346 2734 5401 hac
2781 5360 2843 5402 re
2885 5355 3073 5401 contra
3107 5345 3406 5402 Helvidium
3431 5387 3449 5415 ,

1852 5448 1905 5493 et
1935 5438 1986 5492 in
2014 5454 2079 5494 eo
2103 5438 2238 5496 libro
2263 5455 2422 5510 quem
2459 5439 2526 5495 ad
2565 5439 2914 5496 Eustochium
2946 5439 3134 5511 scripsi
3162 5481 3178 5507 ,
3219 5439 3454 5496 arbitror

1852 5531 2179 5587 absolutum.
2247 5529 2409 5589 Certe
2466 5531 2865 5601 Tertullianus,
2911 5547 3034 5588 cum
3089 5531 3266 5589 adhuc
3309 5541 3455 5590 esset

1852 5624 2166 5681 adolescens
2187 5669 2200 5692 ,
2233 5625 2360 5682 lusit
2387 5626 2440 5683 in
2469 5627 2568 5683 hac
2596 5627 2848 5693 materia,
2878 5635 2934 5682 et
2959 5634 3256 5697 prteceptor
3298 5639 3452 5682 meus

1853 5717 2142 5791 Gregorius
2212 5717 2577 5778 Nazianzenus
2604 5762 2621 5788 ,
2681 5719 3033 5793 Virginitatem
3103 5729 3151 5774 et
3226 5717 3454 5790 Nuptias

1855 5811 2127 5897 disserens
2154 5813 2343 5885 graecis
2367 5814 2610 5872 versibus
2626 5811 2911 5884 explicavit
2929 5807 3083 5885 (Adv.
3103 5806 3302 5878 desim,
3325 5809 3367 5865 l.
3385 5805 3451 5882 I).
