4202 6496
774 396 914 454 1123

845 515 1110 568 llactenus
1149 510 1208 566 Β.
1240 509 1628 584 Hieronymus,
1657 509 1810 580 cujus
1846 510 2078 584 integras
2111 508 2362 578 periodos

769 585 1086 641 adduximus
1116 585 1171 638 in
1202 581 1469 648 medium,
1499 596 1609 639 tum
1649 600 1713 640 ne
1750 583 1875 654 quid
1915 581 2163 654 mutilum
2197 591 2358 646 esset,

773 666 884 713 tum
913 666 974 711 ut
1011 655 1274 724 intelligat
1313 657 1482 711 lector
1521 655 1610 726 qui
1645 651 1882 711 veterum
1918 651 1984 706 de
2026 652 2362 726 Virginitate,

772 727 932 784 hodie
981 736 1260 797 tantopere
1299 724 1641 783 controversa
1669 768 1684 793 ,
1727 726 2069 795 scripserint;
2099 724 2363 797 quocirca

771 813 1094 870 magnovere
1134 795 1363 870 optarim
1414 808 1625 853 exstare
1675 800 1776 853 huc
1815 797 2049 870 auctoris
2098 795 2361 870 libellum,

772 866 885 925 sive
907 886 1062 940 prosa
1090 866 1473 939 conscriptum,
1497 870 1609 925 sive
1638 871 1836 941 potius,
1865 866 2004 937 quod
2030 881 2122 941 per
2144 866 2362 941 verbum

773 941 891 994 lusit
907 936 1138 996 indicari
1162 936 1401 1007 videtur,
1428 936 1686 996 carmine.
1710 940 1826 1008 Qun
1859 936 1914 994 lit
1942 940 2127 1006 magis,
2158 946 2213 990 nt
2237 936 2363 1008 mihi

773 1028 879 1068 non
938 1014 1190 1081 probetur
1239 1012 1514 1083 cujusdam
1570 1013 1668 1066 viri
1724 1007 1918 1065 eruditi
1970 1023 2239 1083 censura,
2272 1007 2364 1083 qui

772 1079 1114 1138 existimabat
1146 1084 1287 1138 hunc
1305 1079 1567 1139 'eumdem
1599 1098 1719 1139 esse
1749 1084 1970 1145 librum,
2007 1095 2126 1133 cum
2161 1079 2250 1132 illo
2277 1079 2366 1148 qui

775 1155 1082 1210 inscribitur
1128 1155 1482 1211 Exnonrnto
1512 1171 1580 1210 AD
1619 1168 1969 1210 CASTITATEM.
2008 1152 2365 1211 I’ruzterqnam

774 1227 918 1281 enim
944 1225 1085 1296 quod
1115 1225 1264 1280 illum
1287 1227 1579 1281 adolescens
1600 1227 1864 1294 scripsisse
1899 1223 2124 1284 dicitur,
2151 1231 2204 1276 ct
2226 1223 2366 1296 hunc

773 1297 875 1350 sub
905 1293 1064 1352 ﬁnem
1090 1299 1211 1352 vitae
1240 1301 1493 1367 scriptum
1525 1293 1767 1360 constet;
1813 1297 1970 1350 etiam
1999 1310 2061 1367 es
2094 1293 2369 1362 proposito

775 1367 994 1422 minime
1042 1377 1236 1423 tractat
1282 1364 1620 1424 de'molestiis
1660 1369 1971 1438 nuptiarum.
2014 1364 2370 1438 Neque‘rvero

775 1438 936 1495 etiam
958 1438 1170 1497 illorum
1197 1440 1373 1513 placet
1396 1439 1660 1498 sententia
1682 1434 1773 1511 qui
1793 1438 1927 1494 duos
1947 1434 2187 1492 diverSos
2205 1434 2369 1489 libros

2234 393 2274 448 Τ
2281 391 2693 452 EIITULLIALVI

3917 382 4042 452 Hii

2391 537 2440 594 Α
2467 509 2780 594 Tertulliani
2820 510 2991 594 dictis
3009 511 3141 594 lo_c_i_s
3170 510 3348 594 videri.
3377 511 3594 594 volunt,
3627 525 3745 594 cum
3772 518 4041 594 utrumque

2468 582 2681 655 disertis
2727 584 2901 638 verbis
2953 584 3014 638 Β.
3059 584 3280 640 Hieron.
3337 586 3648 653 inscriptum
3698 587 4044 655 signiticetde

2469 654 2713 728 molestiis
2735 655 3053 728 nuptiarum.
3075 658 3230 726 Atqui
3257 672 3324 710 an
3347 657 3407 711 Β.
3426 654 3779 728 Hieronymus
3797 654 4047 728 adscribet

2469 724 2796 797 Tertulliani)
2823 726 2986 780 etiam
3013 724 3174 791 alios,
3201 742 3428 797 quorum
3463 724 3704 782 meminit
3730 727 3797 781 de
3838 725 4048 795 Virgini-

2471 805 2570 848 tate
2594 795 2818 863 libellos,
2855 806 3061 866 poterat
3100 795 3340 853 fortassis
3376 799 3645 856 dubitari.
3679 800 3819 852 'uxta
3861 809 4049 866 priores

2471 867 2611 919 illius
2641 868 2940 922 editiones.
2975 871 3018 922 si
3072 869 3336 922 legeretur
3382 888 3396 922 :
3449 870 3586 922 leaas
3641 815 3944 922 TJeflltlllalti
3990 866 4046 916 ad

2471 867 2611 919 illius
2641 868 2940 927 editiones.
2975 871 3018 922 si
3072 869 3336 939 legeretur
3382 888 3396 924 :
3449 870 3586 938 legas
3641 866 3944 923 Tertulliani
3973 866 4046 939 (ad

2472 939 2688 1010 amicum
2735 941 3092 1008 pltilosOphunt
3127 937 3144 939 ἡ
3167 949 3210 993 et
3251 942 3314 994 de
3358 937 3656 1010 Virginitate
3692 940 3820 992 alios
3848 937 4046 1010 libellos.

2470 1009 2630 1082 Certe
2662 1010 3066 1082 ejusdcurpcne
3105 1023 3229 1066 sunt
3254 1009 3551 1082 argumenti
3589 1011 3655 1063 ad
3695 1010 3917 1066 Uxorem
3948 1009 4048 1082 libri

2471 1079 2606 1140 duo,
2636 1077 2702 1134 ac
2725 1083 2862 1136 dicta
2902 1080 3210 1136 Exhortatio
3247 1077 3662 1148 ad'castitatent,
3692 1092 3746 1137 et
3785 1099 3890 1137 non
3923 1077 4047 1132 aliud

2471 1153 2828 1225 tractatliber
2853 1152 2915 1205 de
2953 1151 3194 1208 Velandis
3235 1153 3552 1225 Virginibus;
3592 1154 3724 1209 alios
3763 1153 3977 1220 insuper
4001 1149 4049 1201 de

2484 1221 2815 1291 Virginitate,
2861 1225 3192 1279 continentia
3239 1233 3296 1280 et
3323 1221 3573 1280 castitate
3616 1225 3874 1280 servanda
3925 1226 4050 1275 locos

2473 1295 2776 1421 compliqu
2811 1295 2952 1364 apud
2977 1295 3398 1362 Tertulliauum,
3430 1312 3497 1354 ex
3535 1295 3708 1353 iudice
3749 1303 3937 1352 nostro
3978 1292 4050 1347 in-

2477 1376 2657 1420 veniet
2715 1375 2884 1421 eclor.

2477 1376 2657 1420 veniet
2696 1375 2884 1422 lCClOl‘.

2118 1547 2180 1604 ll.
2226 1547 2312 1603 DE
2343 1545 2526 1604 FATO
2564 1545 2746 1602 LIBRI

1267 1691 1514 1738 MENTIO
1554 1691 1635 1735 ετ
1678 1684 2123 1734 FRAGMENTL’M
2167 1682 2254 1726 ex
2297 1681 2583 1726 usususus
2627 1681 2750 1725 un.
2798 1681 2882 1725 ne
2925 1681 3128 1726 ANIMA
3176 1663 3354 1746 (cap.
3398 1663 3519 1745 20)

1674 1815 1736 1876 et
1763 1807 2102 1890 Fulgentio
2131 1803 2452 1882 Placiade,
2499 1803 2571 1864 de
2616 1802 2886 1866 Vocibus
2914 1805 3233 1887 Antiquis.

849 1962 1146 2018 Potestates
1217 1961 1491 2015 enimvero
1567 1964 1822 2028 praasunt.
1898 1952 2198 2011 Secundum
2272 1965 2370 2007 nos
2398 1957 2446 2018 B
2475 1961 2527 2006 et
2559 1949 2774 2017 Fatum,
2803 1960 2856 2006 et
2896 1951 3219 2018 necessitas,
3250 1960 3306 2008 et
3335 1949 3563 2017 fortuna,
3595 1959 3650 2007 et
3678 1951 3880 2008 arbitrii
3910 1951 4053 2008 liber-

781 2053 1026 2126 quidem,
1053 2051 1309 2108 Dominus
1342 2052 1510 2117 Deus,
1541 2057 1594 2106 et
1620 2048 1864 2104 diabolus
1892 2047 2144 2108 aemulus;
2179 2060 2370 2100 secun-

775 2147 905 2204 dum
946 2160 1284 2202 communem
1321 2152 1500 2200 autem
1544 2142 1852 2213 opinionem
1878 2182 1892 2206 ,
1919 2150 1973 2195 et
1999 2138 2360 2203 Providentia,

851 2263 1116 2316 Hactenus
1147 2268 1362 2324 auctor,
1405 2256 1557 2319 cuius
1604 2271 1724 2309 cum
1771 2255 1969 2308 nullum
2007 2261 2180 2307 exstet
2201 2268 2365 2324 opus,

779 2333 865 2386 ubi
892 2332 961 2387 de
1004 2342 1232 2400 quatuor
1269 2323 1372 2382 illis
1427 2336 1679 2400 tractet,
1711 2326 1836 2400 mihi
1894 2338 2111 2394 prorsus
2162 2323 2370 2400 videtur

779 2393 1100 2458 alludere'ad
1129 2401 1320 2456 librum
1346 2413 1445 2454 suo
1471 2398 1622 2452 titulo
1649 2399 1711 2449 de
1742 2393 2098 2463 b'ato,’ntpote
2121 2409 2277 2461 quem
2303 2393 2369 2446 ab

774 2490 841 2528 eo
861 2474 1220 2540 conscriptum
1250 2479 1423 2540 pateat
1443 2484 1506 2540 ex
1536 2465 2365 2540 citatione(Fulget.tiiPlaciadis,

770 2546 884 2615 jam
914 2546 1040 2598 olim
1067 2537 1262 2615 excusi
1292 2556 1412 2595 cum
1455 2539 2025 2615 ﬂygin_i__Mytholug_iis
2073 2552 2165 2605 per
2207 2537 2370 2615 verba

778 2607 1057 2685 sequentia
1089 2633 1103 2669 :
1145 2634 1164 2665 (ς
1199 2613 1348 2685 Nam,
1373 2622 1428 2667 et
1457 2607 1834 2685 Tertulliatius
1861 2612 1912 2685 in
1933 2607 2078 2685 libro
2117 2623 2274 2677 quem
2304 2607 2370 2685 de

776 2679 909 2741 Faio
933 2687 1177 2756 scripsit,
1206 2685 1278 2739 ita
1306 2684 1380 2738 ait
1407 2700 1421 2737 :
1455 2681 1637 2756 fiedde
1666 2682 1779 2756 huic
1810 2683 1903 2751 fati
1930 2679 2371 2756 primunt_prob_le-

776 2758 926 2813 matis
953 2747 1330 2829 mancipatum,
1357 2755 1412 2810 in
1438 2753 1565 2810 dict.
1598 2747 1868 2823 problenta
1888 2792 1902 2813 ,
1931 2751 2023 2803 lib.
2057 2749 2121 2802 de
2157 2747 2370 2802 Vocibus

2477 2054 2578 2099 tas.
2612 2043 2745 2098 Nam
2778 2044 2892 2098 haec
2920 2053 2973 2098 et
3021 2043 3325 2115 philosophi
3362 2043 3724 2115 distinguunt,
3759 2052 3813 2099 et
3857 2059 3951 2099 nos
3977 2059 4050 2098 se-

2474 2137 2704 2192 cundum
2734 2137 2889 2193 ﬁdem
2913 2137 3244 2199 di:-sercnda,
3267 2152 3364 2192 suo
3384 2136 3494 2205 jam
3521 2137 3764 2191 novimus
3785 2137 3957 2190 titulo.

2473 2253 2730 2320 Antiquis.
2770 2271 2786 2304 ι
2850 2251 2926 2306 De
2969 2250 3097 2304 Fato
3143 2263 3402 2316 praeterea
3454 2251 3552 2304 sub
3607 2253 3819 2306 nomine
3865 2250 4050 2305 Minntii

2474 2322 2666 2376 Felicis
2694 2323 3090 2387 olim,extitisse
3121 2322 3344 2375 libellum
3372 2322 3528 2376 tradit
3563 2321 3620 2376 Β.
3649 2322 4048 2386 IlicrOlt.,Ca:‘al.

2474 2395 2671 2462 scripsit
2711 2392 2929 2454 Ecclus,
2956 2395 3066 2446 sive
3093 2404 3271 2464 contra
3301 2392 3718 2456 Mathematicus;
3746 2396 3836 2464 qui
3869 2404 4049 2456 ωηιξη.

2473 2480 2592 2518 Cltlll
2621 2480 2672 2519 et
2696 2465 2812 2531 ipse
2839 2464 3023 2518 diserti
3051 2465 3116 2517 sit
3143 2463 3390 2529 hmninis,
3418 2480 3522 2536 non
3551 2463 3900 2520 videtur’cum
3929 2467 4049 2536 style

2474 2536 2675 2590 Uctavii
2707 2536 2908 2605 Dialngi
2941 2537 3060 2602 ejus
3087 2536 3392 2590 convenire.
3426 2535 3691 2591 Fortassis
3722 2538 3766 2589 is
3795 2537 3912 2604 ipse
3937 2535 4052 2590 liber

2475 2617 2556 2660 est
2586 2623 2747 2686 quem
2784 2605 3120 2686 Tel-tulliano
3165 2606 3666 2686 hic‘adscribimus,
3700 2616 3884 2676 utpote
3910 2622 4049 2686 quem

2478 2693 2582 2731 nou
2629 2678 2786 2732 modo
2837 2677 3129 2743 disertum,
3175 2677 3271 2733 sed
3328 2677 3823 2747 eloquentissimum
3873 2677 4050 2735 alicubi

2479 2759 2770 2818 nuneupat.

1453 2865 1543 2924 Ill.
1574 2867 1666 2923 DE
1705 2864 1957 2923 MUNDIS
1981 2865 2068 2920 ET
2110 2861 2438 2920 IMMUNDIS
2466 2862 2885 2920 ANIMALIBUS
2924 2861 3392 2933 QUESTIONULI

1496 3002 1755 3048 CITATIO
1799 3003 1885 3046 ex
1930 3003 1987 3044 Β.
2035 2998 2398 3044 HIERONYMI
2442 2998 2644 3042 EPIST.
2695 2980 2836 3055 125,
2881 3001 2966 3042 sn
3012 2998 3345 3043 mussans.

849 3113 1052 3184 Quaerit
1138 3111 1400 3168 Damasus
1483 3110 1624 3164 inter
1709 3115 1931 3163 caeteras
2002 3106 2324 3176 qumstiones
2355 3147 2370 3174 ,

779 3217 958 3278 quast.
983 3204 1050 3261 Ill
1077 3221 1091 3258 :
1123 3224 1141 3257 ε
1160 3204 1216 3260 Si
1248 3201 1424 3258 omnia
1449 3200 1590 3256 Deus
1615 3199 1740 3255 fecit
1767 3200 1903 3254 bona
1927 3199 2080 3253 valde
2104 3196 2278 3270 (Gen.,
2304 3195 2369 3265 Ι),

779 3313 945 3368 quare
975 3295 1091 3352 Noe
1119 3297 1183 3350 de
1208 3294 1411 3349 mundis
1440 3304 1488 3348 et
1525 3293 1802 3347 immundis
1833 3290 2139 3345 animalibus
2169 3303 2374 3358 prince-

2478 3103 2538 3159 Β.
2569 3103 2787 3158 Hieron.
2826 3118 2885 3159 se
2925 3104 3140 3170 scribit,
3167 3103 3376 3160 duabus
3421 3110 3624 3159 tantum
3665 3102 4052 3175 qumstiuncnlis

2478 3196 2855 3266 praetermissis
2894 3197 3111 3267 (nempe
3158 3197 3256 3250 hac
3298 3205 3352 3250 et
3390 3211 3451 3250 ea
3486 3195 3554 3251 de
3582 3211 3685 3266 qua
3725 3197 3783 3251 in
3827 3195 4051 3266 sequenti

2477 3287 2797 3361 fragmento)
2835 3306 2848 3342 :
2883 3309 2901 3342 ι
2937 3288 3085 3355 Non,
3111 3289 3310 3360 inquit,
3343 3304 3449 3360 quo
3495 3305 3601 3344 non
3632 3290 3896 3359 potuerim
3924 3301 3975 3346 et
3999 3291 4053 3344 ad

783 3392 858 3463 pit
889 3389 1063 3462 (Gem,
1093 3387 1231 3458 VIII)
1263 3431 1279 3455 ,
1308 3402 1428 3443 cum
1469 3386 1801 3441 immundum
1842 3382 1974 3437 nihil
2017 3384 2213 3438 bonum
2253 3395 2373 3435 esse
2399 3420 2443 3484 ρ
2479 3385 2599 3440 illas
2625 3385 2824 3455 aliquid
2854 3384 3201 3455 respondere,
3230 3383 3323 3439 sed
3351 3384 3492 3455 quod
3528 3383 3596 3438 ab
3623 3385 4053 3455 eloquentissimis

782 3481 970 3551 possit.
1025 3481 1090 3535 Et
1138 3480 1190 3534 in
1228 3478 1377 3534 Novo
1405 3476 1750 3533 Testamento
1786 3484 1907 3546 post
1952 3475 2211 3528 visionem
2254 3487 2372 3543 qua:

780 3573 941 3631 Petro
968 3571 1144 3628 fuerat
1167 3581 1382 3627 ostensa
1408 3612 1424 3638 ,
1450 3568 1650 3625 dicenti
1675 3586 1696 3622 .:
1726 3566 1867 3623 Absit
1891 3608 1904 3632 ,
1934 3565 2148 3620 Domine
2171 3608 2184 3632 ,
2211 3582 2243 3618 a
2274 3581 2371 3630 me,

779 3669 1018 3738 quoniam
1048 3682 1312 3720 commune
1339 3675 1387 3718 et
1418 3664 1738 3718 immundum
1775 3677 2048 3731 numquam
2077 3661 2297 3714 introivit
2321 3661 2374 3713 in

781 3776 838 3815 os
863 3775 1027 3815 meum
1039 3774 1058 3824 ;
1104 3773 1212 3813 vox
1245 3756 1314 3812 de
1349 3757 1488 3812 caelo
1527 3753 1800 3825 respondit
1828 3770 1840 3805 :
1877 3752 2027 3819 Quod
2057 3750 2193 3806 Deus
2225 3768 2375 3807 mun-

781 3854 948 3920 davit,
978 3864 1033 3908 tu
1061 3867 1124 3906 ne
1153 3864 1414 3907 commune
1440 3848 1630 3904 dixeris
1658 3845 1822 3919 (Act.,
1855 3844 1951 3916 Χ).
1975 3863 1993 3896 ι
2029 3843 2376 3914 Βθειιοηόθτθ

855 3973 938 4026 An
970 3968 1112 4024 istud
1147 3966 1410 4022 referatur
1446 3963 1514 4019 ad
1555 3962 1877 4034 peculiarem
1914 3959 2146 4030 aliquem
2182 3959 2375 4034 librum

782 4042 898 4113 ejus
929 4041 1100 4106 tituli,
1138 4037 1279 4113 quod
1307 4037 1476 4105 magis
1526 4031 1703 4113 tamen
1734 4033 1986 4113 probatur
2013 4046 2132 4113 ,_an
2153 4046 2284 4113 verti
2307 4031 2375 4112 ad

785 4100 1172 4168 li-actatum'ea
1218 4108 1289 4165 de
1334 4100 1528 4176 re'per
1579 4100 2000 4176 aliquotdlineas
2038 4100 2373 4176 Tertulliani,

786 4184 819 4238 Ι.
857 4184 918 4250 ll,
947 4185 1063 4237 adv.
1097 4179 1263 4235 Marc.
1292 4221 1306 4245 ,
1334 4194 1382 4233 c.
1413 4173 1483 4233 {8
1509 4173 1745 4250 ,‘lectori
1773 4173 1995 4250 liberum
2026 4173 2378 4250 relinquimus

778 4244 1060 4324 judicium.
1085 4252 1182 4324 Hic
1203 4244 1792 4324 dumtaxatadfercmus
1812 4246 1986 4324 ipsam
2015 4244 2377 4324 responsionis

783 4313 1045 4380 summam
1070 4324 1122 4378 in
1147 4323 1263 4377 hinc
1286 4321 1447 4377 verba
1474 4336 1486 4372 :
1516 4317 1583 4371 Et
1604 4320 1646 4372 si
1669 4320 1749 4371 lea:
1770 4313 1967 4384 aliquid
1988 4313 2109 4367 cibis
2135 4313 2375 4380 detrahit,

781 4408 830 4452 et
855 4395 1117 4452 immunda
1151 4394 1446 4465 pronuntiat
1476 4390 1750 4456 animalia,
1783 4402 1898 4459 qum
1922 4385 2196 4455 aliquando
2228 4386 2376 4438 bene-

2476 3480 2627 3546 viris,
2658 3479 2986 3534 Tertulliauo
3013 3488 3199 3535 nostro
3223 3489 3277 3534 et
3301 3477 3596 3533 Novatiano
3633 3477 3801 3534 latino
3824 3491 4053 3534 sermone

2476 3580 2601 3626 sunt
2631 3572 2816 3638 editce;
2857 3583 2908 3628 et
2946 3571 2994 3627 si
3033 3586 3170 3626 nova
3195 3571 3523 3628 voluerimus
3551 3570 3795 3638 adferre,
3825 3571 3897 3626 sit
3921 3573 4054 3626 latius

2478 3664 2879 3734 diSputandum,
2913 3673 3018 3719 etc.
3070 3662 3204 3718 Nam
3252 3672 3307 3718 et
3353 3662 3607 3733 Origenes
3646 3663 3715 3718 de
3761 3664 3972 3720 mundis
4011 3673 4054 3718 ct

2479 3755 2768 3810 immundis
2793 3754 3113 3811 animalibus
3141 3757 3196 3810 in
3222 3754 3460 3811 Levitico
3487 3755 3638 3826 plura
3661 3753 3936 3812 disseruit.
3972 3773 3990 3806 ι

2485 3959 2620 4013 dicta
2644 3967 2799 4024 sunt,
2833 3958 3101 4013 consilium
3147 3958 3439 4013 exercenda:
3473 3958 3795 4012 continentia
3827 3957 4048 4028 intelligc,

2485 4041 2528 4084 et
2573 4033 2741 4101 frenos
2779 4032 3040 4096 impositos
3061 4073 3074 4093 ,
3104 4039 3209 4085 etc.
3261 4030 3415 4098 Quod
3447 4031 3616 4097 ipsum
3646 4045 3768 4084 cum
3799 4030 4048 4092 all'eratur.

2481 4100 2581 4155 sed
2603 4103 2757 4172 longe
2787 4102 2906 4156 aliis
2938 4102 3112 4155 verbis
3141 4103 3274 4156 libro
3303 4103 3366 4154 de
3387 4100 3520 4154 Cibis
3548 4100 3777 4172 judaicis
3800 4142 3814 4166 ,
3838 4104 3920 4156 vel
3952 4101 4050 4152 inde

2481 4171 2710 4237 constat,
2735 4172 2886 4227 sicuti
2913 4181 2967 4227 et
2985 4189 3048 4226 ex
3078 4172 3283 4242 reliquo
3307 4173 3468 4225 totius
3491 4173 3606 4226 libri
3638 4171 3801 4242 stylo,
3825 4187 3931 4225 non
3953 4185 4050 4225 esse

2482 4242 2794 4298 Tertulliani
2825 4284 2839 4309 ,
2882 4244 2975 4298 sed
3008 4245 3183 4313 potius
3218 4242 3494 4298 Novatiani
3518 4284 3532 4306 ,
3565 4251 3749 4313 utpote
3798 4243 3864 4297 ad
3915 4256 4049 4312 quem

2476 4314 2588 4385 jam
2635 4315 2794 4369 dictis
2843 4312 3022 4368 verbis
3049 4314 3303 4371 adludere
3343 4313 3553 4370 videtur
3596 4313 3660 4369 Β.
3691 4312 4046 4385 Hieronymus.

2486 4384 2582 4440 Ubi
2609 4386 2674 4440 de
2705 4385 2803 4440 hac
2826 4386 3047 4440 materia
3075 4385 3250 4441 latius.

1779 4501 1867 4557 IV.
1912 4500 2000 4556 DE
2039 4497 2563 4555 CIRCUMCISIONE
2594 4498 3064 4568 QUZESTIONUM

1861 4631 2140 4689 CITATIO,
2187 4631 2408 4676 EODEM
2438 4632 2498 4675 Β.
2531 4631 2800 4676 HIERON.
2848 4631 3030 4676 LOCO.

856 4761 937 4818 Ad
966 4755 1318 4830 quaestionem
1347 4748 1562 4808 Damasi
1582 4743 1932 4820 penultimam
1967 4759 1979 4796 :
2015 4759 2034 4792 ι
2066 4739 2176 4795 Cur
2203 4737 2373 4795 Abra-
2396 4740 2450 4802 D
2476 4735 2617 4808 quod
2647 4753 2677 4792 a
2703 4736 3035 4795 Tertulliano
3087 4744 3274 4793 nostro
3321 4745 3376 4792 et
3427 4736 3728 4794 Novatiauo
3771 4735 3937 4794 latino
3960 4749 4051 4830 serf

785 4857 909 4912 bam
961 4851 1084 4908 ﬁdei
1133 4863 1245 4904 sua:
1298 4846 1507 4915 signum
1577 4841 1632 4896 in
1685 4833 2092 4895 circumcisione
2141 4830 2378 4900 suscepit

787 4949 938 5023 (Gen.
971 4988 987 5015 ,
1041 4942 1246 5014 XVII),
1303 4936 1590 5010 respondet
1639 4933 1700 4989 Β.
1755 4931 1973 4987 Hieron.
2039 4927 2217 5023 verbis
2263 4926 2373 4996 jam

783 5019 960 5098 citatis
1009 5038 1175 5092 altera
1227 5029 1553 5105 praecedenti
1611 5041 1670 5083 se
1734 5025 1878 5079 illam
1941 5019 2371 5092 praetermittere,

854 5156 939 5211 An
981 5149 1319 5224 peculiariter
1365 5142 1641 5215 scripserit
1664 5138 2022 5224 Tertullianqs
2282 5133 2374 5224 (Ade

783 5205 1192 5286 crastini-ilic,
1223 5234 1330 5275 non
1377 5205 1490 5272 tani
1525 5221 1736 5288 constat
1759 5221 1918 5288 atque
1963 5208 2031 5288 de
2056 5205 2371 5288 Novatiano,

782 5278 1234 5354 eui—nominatim
1278 5290 1412 5344 liber
1462 5287 1524 5340 de
1550 5278 1948 5358 Ψνσῖιηισίὲἶοηθ.
1984 5278 2291 5358 inscribit?“
2327 5290 2375 5358 ,³

783 5349 1098 5425 Ῑὶῖιίἰέτοη.
1130 5360 1298 5417 Gatal.
1332 5359 1526 5430 Script.
1558 5355 1769 5430 Eccles.‘
1790 5352 1951 5423 Atqui
1979 5352 2143 5404 etiam
2173 5349 2373 5430 latissi-

784 5417 1248 5496 mum-tractatum
1275 5417 1464 5487 videre
1501 5438 1586 5485 est
1633 5425 1771 5496 apud
1816 5417 2122 5496 auctorem,
2167 5417 2367 5496 tom.__l,

783 5489 1175 5571 li'ad‘vjludx
1205 5520 1256 5560 c.
1286 5505 1336 5559 '5.
1375 5501 1560 5557 Exstat
1585 5489 1958 5571 quidemhtom.
2116 5505 2254 5548 nunc
2276 5489 2368 5544 IX.

780 5566 1017 5657 Dperum
1044 5581 1107 5636 B.
1137 5566 1356 5635 Hieron.
1385 5574 1520 5631 liber
1542 5566 1745 5626 de‘vera
1770 5566 2178 5631 Circumcisione,
2211 5576 2370 5634 quem

2476 4847 2636 4888 mone
2683 4832 2791 4886 sint
2833 4830 3011 4888 editae.
3065 4830 3282 4888 Addens
3309 4831 3471 4888 etiam
3497 4831 3786 4904 Origenem
3814 4833 3870 4888 in
3902 4831 3964 4888 IV
3997 4829 4050 4883 ad

2481 4926 2637 4981 Rom.
2663 4931 2918 4994 ἐξηγήσεων
2937 4929 3079 4996 Tangi
3099 4925 3162 4981 de
3180 4924 3569 4982 Circumcisione
3587 4926 3873 4998 magniﬁce
3893 4926 4050 4996 dispu-

2483 5026 2644 5076 lilSSC.

2479 5134 2736 5190 Erasmus
2783 5134 3000 5205 conjicit
3027 5149 3148 5194 esse
3177 5134 3526 5198 Tertulliani;
3558 5132 3674 5200 sed,
3706 5140 4045 5205 praeterquam

2477 5206 2617 5278 quod
2643 5207 2814 5277 stylus
2842 5202 2947 5278 non
2979 5207 3396 5278 correspondeat
3425 5248 3439 5270 ,
3472 5202 3803 5278 contrarium
3848 5202 4048 5278 convin-

2475 5277 2612 5331 citur
2634 5276 2742 5331 tuin
2768 5293 2832 5332 es
2855 5277 3145 5345 Scripturis
3167 5276 3364 5333 ibidem
3394 5276 3572 5332 citatis
3591 5277 3742 5346 juxta
3767 5276 4048 5329 versionem

2478 5347 2537 5402 Β.
2590 5347 2850 5411 [lien-011.,
2904 5357 3014 5403 tum
3064 5350 3207 5418 quod
3273 5349 3684 5403 Maniclneorum
3742 5349 4047 5418 mentionem

2475 5419 2664 5483 faciat;
2695 5434 2802 5488 quo
2827 5419 2886 5475 ﬁt
2937 5430 2994 5473 ut
3045 5416 3218 5490 neque
3267 5421 3562 5475 Novatiano
3605 5418 3840 5473 adscribi
3883 5416 4047 5490 pOSSil,

2480 5491 2574 5562 sed
2607 5483 2783 5562 potius
2812 5489 2976 5562 (quod
3011 5490 3090 5562 vir
3116 5483 3331 5560 quidam
3375 5489 3776 5548 eruditissimus
3844 5483 4048 5551 censuit)

2475 5559 2697 5616 Paulino
2718 5559 3102 5617 adscribendus
3127 5559 3214 5618 Sit.

1940 5680 2004 5736 V.
2049 5679 2137 5736 DE
2177 5675 2509 5735 VESTIBUS
2535 5675 2770 5733 AARON
2811 5674 2997 5733 LIBRI

1145 5821 1388 5872 MENTIO
1429 5820 1516 5865 Ex
1556 5819 1617 5864 Β.
1666 5817 1843 5861 Πιιῖιι.
1873 5811 2071 5857 EPIST.
2121 5791 2258 5866 128,
2305 5809 2369 5853 At

2468 5806 2744 5852 ABIOLAﬂ
2777 5833 2794 5866 ,
2843 5809 2927 5852 DE
2973 5807 3174 5855 VESTE
3206 5805 3665 5854 SACERDOTALI.

863 5933 1051 5996 Fertur
1066 5931 1120 5995 in
1141 5930 1316 5991 indice
1333 5925 1578 6004 Septimii
1596 5917 1910 5982 Tertulliani
1929 5916 2064 5976 liber
2085 5914 2146 5972 de
2162 5913 2374 5971 vestibus

2477 5913 2668 5980 Aaron,
2703 5911 2791 5983 qui
2816 5911 3033 5972 interim
3056 5926 3228 5987 usque
3258 5912 3326 5971 ad
3352 5911 3491 5971 hanc
3515 5909 3660 5969 diem
3688 5922 3724 5968 a
3749 5922 3838 5970 me
3865 5923 3969 5969 non
3988 5911 4052 5965 est
