  <div class='ocr_page' id='page_1' title='image "/cluster/home/n/w/nwhite01/storage/ocr_20150623/2/hvd.32044015466741/618.png"; bbox 0 0 4202 6496; ppageno 0'>
   <div class='ocr_carea' id='block_1_1' title="bbox 127 411 266 468">
    <p class='ocr_par' dir='ltr' id='par_1_1' title="bbox 127 411 266 468">
     <span class='ocr_line' id='line_1_1' title="bbox 127 411 266 468; baseline 0.014 -2"><span class='ocrx_word' id='word_1_1' title='bbox 127 411 266 468; x_wconf 69' lang='lat'><strong>“25</strong></span> 
     </span>
    </p>
   </div>
   <div class='ocr_carea' id='block_1_2' title="bbox 1400 419 2062 492">
    <p class='ocr_par' dir='ltr' id='par_1_2' title="bbox 1400 419 2062 492">
     <span class='ocr_line' id='line_1_2' title="bbox 1400 419 2062 492; baseline 0.009 -17"><span class='ocrx_word' id='word_1_2' title='bbox 1400 419 1738 479; x_wconf 75' lang='lat' dir='ltr'><strong>APPENDIX</strong></span> <span class='ocrx_word' id='word_1_3' title='bbox 1760 422 2062 492; x_wconf 79' lang='lat' dir='ltr'><strong>QUARTA.</strong></span> 
     </span>
    </p>
   </div>
   <div class='ocr_carea' id='block_1_3' title="bbox 3287 443 3418 501">
    <p class='ocr_par' dir='ltr' id='par_1_3' title="bbox 3287 443 3418 501">
     <span class='ocr_line' id='line_1_3' title="bbox 3287 443 3418 501; baseline 0.015 -2"><span class='ocrx_word' id='word_1_4' title='bbox 3287 443 3418 501; x_wconf 69' lang='lat' dir='ltr'><strong>i196</strong></span> 
     </span>
    </p>
   </div>
   <div class='ocr_carea' id='block_1_4' title="bbox 124 526 3420 627">
    <p class='ocr_par' dir='ltr' id='par_1_4' title="bbox 124 526 3420 627">
     <span class='ocr_line' id='line_1_4' title="bbox 124 526 3420 627; baseline 0.01 -47"><span class='ocrx_word' id='word_1_5' title='bbox 124 535 391 597; x_wconf 83' lang='lat' dir='ltr'><strong>repertus.</strong></span> <span class='ocrx_word' id='word_1_6' title='bbox 419 526 474 584; x_wconf 90' lang='lat' dir='ltr'><strong>Si</strong></span> <span class='ocrx_word' id='word_1_7' title='bbox 498 539 528 583; x_wconf 90' lang='lat' dir='ltr'><strong>a</strong></span> <span class='ocrx_word' id='word_1_8' title='bbox 551 527 703 584; x_wconf 82' lang='lat' dir='ltr'><strong>vobis</strong></span> <span class='ocrx_word' id='word_1_9' title='bbox 729 534 948 601; x_wconf 78' lang='lat' dir='ltr'><strong>propter</strong></span> <span class='ocrx_word' id='word_1_10' title='bbox 969 529 1338 588; x_wconf 89' lang='lat' dir='ltr'><strong>celebritatem</strong></span> <span class='ocrx_word' id='word_1_11' title='bbox 1370 532 1530 590; x_wconf 80' lang='lat' dir='ltr'><strong>Urbis</strong></span> <span class='ocrx_word' id='word_1_12' title='bbox 1561 536 1721 594; x_wconf 82' lang='lat' dir='ltr'><strong>fuerit</strong></span> <span class='ocrx_word' id='word_1_13' title='bbox 1747 546 1800 604; x_wconf 77' lang='grc' dir='ltr'><strong>Α</strong></span> <span class='ocrx_word' id='word_1_14' title='bbox 1827 541 2042 610; x_wconf 87' lang='lat' dir='ltr'><strong>paretis.</strong></span> <span class='ocrx_word' id='word_1_15' title='bbox 2090 539 2206 596; x_wconf 86' lang='lat' dir='ltr'><strong>Non</strong></span> <span class='ocrx_word' id='word_1_16' title='bbox 2241 542 2383 598; x_wconf 89' lang='lat' dir='ltr'><strong>enim</strong></span> <span class='ocrx_word' id='word_1_17' title='bbox 2413 556 2724 618; x_wconf 84' lang='lat' dir='ltr'><strong>magnorum</strong></span> <span class='ocrx_word' id='word_1_18' title='bbox 2755 547 2995 608; x_wconf 89' lang='lat' dir='ltr'><strong>virorum</strong></span> <span class='ocrx_word' id='word_1_19' title='bbox 3025 551 3254 627; x_wconf 73' lang='lat' dir='ltr'><strong>ingeniis</strong></span> <span class='ocrx_word' id='word_1_20' title='bbox 3280 598 3295 623; x_wconf 94' lang='lat'><strong>,</strong></span> <span class='ocrx_word' id='word_1_21' title='bbox 3326 559 3420 614; x_wconf 86' lang='lat' dir='ltr'><strong>sed</strong></span> 
     </span>
    </p>
   </div>
   <div class='ocr_carea' id='block_1_5' title="bbox 128 619 1718 691">
    <p class='ocr_par' dir='ltr' id='par_1_5' title="bbox 128 619 1718 691">
     <span class='ocr_line' id='line_1_5' title="bbox 128 619 1718 691; baseline 0.008 -19"><span class='ocrx_word' id='word_1_22' title='bbox 128 619 399 686; x_wconf 81' lang='lat' dir='ltr'><strong>inventus,</strong></span> <span class='ocrx_word' id='word_1_23' title='bbox 424 633 607 691; x_wconf 66' lang='lat' dir='ltr'><strong>qumso</strong></span> <span class='ocrx_word' id='word_1_24' title='bbox 636 637 704 678; x_wconf 92' lang='lat' dir='ltr'><strong>ne</strong></span> <span class='ocrx_word' id='word_1_25' title='bbox 725 637 898 680; x_wconf 87' lang='lat' dir='ltr'><strong>meam</strong></span> <span class='ocrx_word' id='word_1_26' title='bbox 927 623 1122 680; x_wconf 79' lang='lat' dir='ltr'><strong>stillam</strong></span> <span class='ocrx_word' id='word_1_27' title='bbox 1148 625 1289 682; x_wconf 89' lang='lat' dir='ltr'><strong>illius</strong></span> <span class='ocrx_word' id='word_1_28' title='bbox 1316 625 1548 684; x_wconf 92' lang='lat' dir='ltr'><strong>ﬂuminis</strong></span> <span class='ocrx_word' id='word_1_29' title='bbox 1573 645 1718 685; x_wconf 88' lang='lat' dir='ltr'><strong>com-</strong></span> 
     </span>
    </p>
   </div>
   <div class='ocr_carea' id='block_1_6' title="bbox 205 737 1723 812">
    <p class='ocr_par' dir='ltr' id='par_1_6' title="bbox 205 737 1723 812">
     <span class='ocr_line' id='line_1_6' title="bbox 205 737 1723 812; baseline 0.008 -23"><span class='ocrx_word' id='word_1_30' title='bbox 205 737 381 795; x_wconf 83' lang='lat' dir='ltr'><strong>Vestes</strong></span> <span class='ocrx_word' id='word_1_31' title='bbox 418 739 635 812; x_wconf 79' lang='lat' dir='ltr'><strong>Aaronis</strong></span> <span class='ocrx_word' id='word_1_32' title='bbox 663 751 776 796; x_wconf 85' lang='lat' dir='ltr'><strong>octo</strong></span> <span class='ocrx_word' id='word_1_33' title='bbox 802 756 867 797; x_wconf 83' lang='lat' dir='ltr'><strong>ex</strong></span> <span class='ocrx_word' id='word_1_34' title='bbox 895 757 1014 812; x_wconf 85' lang='lat' dir='ltr'><strong>cap.</strong></span> <span class='ocrx_word' id='word_1_35' title='bbox 1048 741 1260 798; x_wconf 84' lang='lat' dir='ltr'><strong>XXVIII</strong></span> <span class='ocrx_word' id='word_1_36' title='bbox 1291 743 1462 800; x_wconf 82' lang='lat' dir='ltr'><strong>Exod.</strong></span> <span class='ocrx_word' id='word_1_37' title='bbox 1492 746 1723 802; x_wconf 90' lang='lat' dir='ltr'><strong>recitan-</strong></span> 
     </span>
    </p>
   </div>
   <div class='ocr_carea' id='block_1_7' title="bbox 125 811 1722 887">
    <p class='ocr_par' dir='ltr' id='par_1_7' title="bbox 125 811 1722 887">
     <span class='ocr_line' id='line_1_7' title="bbox 125 811 1722 887; baseline 0.004 -23"><span class='ocrx_word' id='word_1_38' title='bbox 125 821 232 887; x_wconf 84' lang='lat' dir='ltr'><strong>tur,</strong></span> <span class='ocrx_word' id='word_1_39' title='bbox 247 822 316 887; x_wconf 79' lang='lat' dir='ltr'><strong>_et</strong></span> <span class='ocrx_word' id='word_1_40' title='bbox 341 811 676 887; x_wconf 71' lang='lat' dir='ltr'><strong>explicantur</strong></span> <span class='ocrx_word' id='word_1_41' title='bbox 706 811 969 870; x_wconf 86' lang='lat' dir='ltr'><strong>latissime</strong></span> <span class='ocrx_word' id='word_1_42' title='bbox 989 829 1018 868; x_wconf 92' lang='lat' dir='ltr'><strong>a</strong></span> <span class='ocrx_word' id='word_1_43' title='bbox 1050 815 1108 869; x_wconf 89' lang='grc' dir='ltr'><strong>Β.</strong></span> <span class='ocrx_word' id='word_1_44' title='bbox 1134 814 1358 871; x_wconf 82' lang='lat' dir='ltr'><strong>Hieron.</strong></span> <span class='ocrx_word' id='word_1_45' title='bbox 1381 818 1523 872; x_wconf 89' lang='lat' dir='ltr'><strong>dicta</strong></span> <span class='ocrx_word' id='word_1_46' title='bbox 1552 819 1722 887; x_wconf 81' lang='lat' dir='ltr'><strong>Epist.</strong></span> 
     </span>
    </p>
   </div>
   <div class='ocr_carea' id='block_1_8' title="bbox 122 880 1722 969">
    <p class='ocr_par' dir='ltr' id='par_1_8' title="bbox 122 880 1722 969">
     <span class='ocr_line' id='line_1_8' title="bbox 122 880 1722 969; baseline 0.006 -35"><span class='ocrx_word' id='word_1_47' title='bbox 122 883 186 935; x_wconf 88' lang='lat' dir='ltr'><strong>de</strong></span> <span class='ocrx_word' id='word_1_48' title='bbox 247 880 794 969; x_wconf 52' lang='lat' dir='ltr'><strong>Vestesacerdomli;</strong></span> <span class='ocrx_word' id='word_1_49' title='bbox 839 901 1064 969; x_wconf 75' lang='lat' dir='ltr'><strong>quarum</strong></span> <span class='ocrx_word' id='word_1_50' title='bbox 1138 897 1423 969; x_wconf 45' lang='lat' dir='ltr'><strong>quatitur,-</strong></span> <span class='ocrx_word' id='word_1_51' title='bbox 1455 880 1722 950; x_wconf 81' lang='lat' dir='ltr'><strong>feminalia</strong></span> 
     </span>
    </p>
   </div>
   <div class='ocr_carea' id='block_1_9' title="bbox 122 952 1720 1027">
    <p class='ocr_par' dir='ltr' id='par_1_9' title="bbox 122 952 1720 1027">
     <span class='ocr_line' id='line_1_9' title="bbox 122 952 1720 1027; baseline 0.005 -19"><span class='ocrx_word' id='word_1_52' title='bbox 122 968 342 1024; x_wconf 88' lang='lat' dir='ltr'><strong>nempe,</strong></span> <span class='ocrx_word' id='word_1_53' title='bbox 372 952 509 1011; x_wconf 87' lang='lat' dir='ltr'><strong>linea</strong></span> <span class='ocrx_word' id='word_1_54' title='bbox 538 956 715 1013; x_wconf 86' lang='lat' dir='ltr'><strong>tunica</strong></span> <span class='ocrx_word' id='word_1_55' title='bbox 736 998 752 1027; x_wconf 90' lang='lat'><strong>,</strong></span> <span class='ocrx_word' id='word_1_56' title='bbox 781 956 1026 1015; x_wconf 85' lang='lat' dir='ltr'><strong>baltheus</strong></span> <span class='ocrx_word' id='word_1_57' title='bbox 1049 967 1103 1015; x_wconf 92' lang='lat' dir='ltr'><strong>ct</strong></span> <span class='ocrx_word' id='word_1_58' title='bbox 1126 952 1324 1016; x_wconf 83' lang='lat' dir='ltr'><strong>cidaris</strong></span> <span class='ocrx_word' id='word_1_59' title='bbox 1352 952 1511 1017; x_wconf 87' lang='lat' dir='ltr'><strong>etiam</strong></span> <span class='ocrx_word' id='word_1_60' title='bbox 1538 975 1720 1016; x_wconf 83' lang='lat' dir='ltr'><strong>sacer-</strong></span> 
     </span>
    </p>
   </div>
   <div class='ocr_carea' id='block_1_10' title="bbox 1832 634 2741 698">
    <p class='ocr_par' dir='ltr' id='par_1_10' title="bbox 1832 634 2741 698">
     <span class='ocr_line' id='line_1_10' title="bbox 1832 634 2741 698; baseline 0.014 -12"><span class='ocrx_word' id='word_1_61' title='bbox 1832 634 1966 688; x_wconf 89' lang='lat' dir='ltr'><strong>meis</strong></span> <span class='ocrx_word' id='word_1_62' title='bbox 1996 649 2112 688; x_wconf 91' lang='lat' dir='ltr'><strong>sum</strong></span> <span class='ocrx_word' id='word_1_63' title='bbox 2143 635 2345 692; x_wconf 86' lang='lat' dir='ltr'><strong>viribus</strong></span> <span class='ocrx_word' id='word_1_64' title='bbox 2375 641 2741 698; x_wconf 70' lang='lat' dir='ltr'><strong>mstimandus.</strong></span> 
     </span>
    </p>
   </div>
   <div class='ocr_carea' id='block_1_11' title="bbox 1831 748 3421 836">
    <p class='ocr_par' dir='ltr' id='par_1_11' title="bbox 1831 748 3421 836">
     <span class='ocr_line' id='line_1_11' title="bbox 1831 748 3421 836; baseline 0.014 -35"><span class='ocrx_word' id='word_1_65' title='bbox 1831 748 2042 836; x_wconf 56' lang='lat' dir='ltr'><strong>dotibus</strong></span> <span class='ocrx_word' id='word_1_66' title='bbox 2067 761 2220 806; x_wconf 84' lang='lat' dir='ltr'><strong>erant</strong></span> <span class='ocrx_word' id='word_1_67' title='bbox 2252 766 2564 836; x_wconf 78' lang='lat' dir='ltr'><strong>communes</strong></span> <span class='ocrx_word' id='word_1_68' title='bbox 2587 758 2849 836; x_wconf 22' lang='lat' dir='ltr'><strong>{reliqua}</strong></span> <span class='ocrx_word' id='word_1_69' title='bbox 2873 776 3000 836; x_wconf 85' lang='lat' dir='ltr'><strong>vero</strong></span> <span class='ocrx_word' id='word_1_70' title='bbox 3027 764 3257 836; x_wconf 70' lang='lat' dir='ltr'><strong>proprim</strong></span> <span class='ocrx_word' id='word_1_71' title='bbox 3285 765 3421 824; x_wconf 84' lang='lat' dir='ltr'><strong>Pon-</strong></span> 
     </span>
    </p>
   </div>
   <div class='ocr_carea' id='block_1_12' title="bbox 1831 820 3422 895">
    <p class='ocr_par' dir='ltr' id='par_1_12' title="bbox 1831 820 3422 895">
     <span class='ocr_line' id='line_1_12' title="bbox 1831 820 3422 895; baseline 0.014 -22"><span class='ocrx_word' id='word_1_72' title='bbox 1831 820 2029 895; x_wconf 83' lang='lat' dir='ltr'><strong>tiﬁcum</strong></span> <span class='ocrx_word' id='word_1_73' title='bbox 2051 834 2313 895; x_wconf 78' lang='lat' dir='ltr'><strong>,_utpote,</strong></span> <span class='ocrx_word' id='word_1_74' title='bbox 2353 829 2525 882; x_wconf 89' lang='lat' dir='ltr'><strong>tunica</strong></span> <span class='ocrx_word' id='word_1_75' title='bbox 2559 820 2760 885; x_wconf 55' lang='lat' dir='ltr'><strong>talaris&#39;</strong></span> <span class='ocrx_word' id='word_1_76' title='bbox 2785 820 3422 895; x_wconf 20' lang='lat' dir='ltr'><strong>hiacinthinarcumltin-</strong></span> 
     </span>
    </p>
   </div>
   <div class='ocr_carea' id='block_1_13' title="bbox 1833 893 3425 979">
    <p class='ocr_par' dir='ltr' id='par_1_13' title="bbox 1833 893 3425 979">
     <span class='ocr_line' id='line_1_13' title="bbox 1833 893 3425 979; baseline -0.018 16"><span class='ocrx_word' id='word_1_77' title='bbox 1833 893 2121 979; x_wconf 39' lang='lat' dir='ltr'><strong>sumamus</strong></span> <span class='ocrx_word' id='word_1_78' title='bbox 2148 935 2163 960; x_wconf 84' lang='grc'><strong><em>’</em></strong></span> <span class='ocrx_word' id='word_1_79' title='bbox 2190 897 2633 979; x_wconf 64' lang='grc' dir='ltr'><strong>δυυὲτ¹¹υίη9¹³³ἓε</strong></span> <span class='ocrx_word' id='word_1_80' title='bbox 2661 903 2773 959; x_wconf 82' lang='lat' dir='ltr'><strong>sive</strong></span> <span class='ocrx_word' id='word_1_81' title='bbox 2823 905 2996 979; x_wconf 81' lang='lat' dir='ltr'><strong>ephod</strong></span> <span class='ocrx_word' id='word_1_82' title='bbox 3015 948 3030 972; x_wconf 72' lang='grc' dir='ltr'><strong>ν</strong></span> <span class='ocrx_word' id='word_1_83' title='bbox 3062 893 3425 979; x_wconf 44' lang='grc' dir='ltr'><strong>ηιίυιιθιεξέι</strong></span> 
     </span>
    </p>
   </div>
   <div class='ocr_carea' id='block_1_14' title="bbox 1831 963 3205 1037">
    <p class='ocr_par' dir='ltr' id='par_1_14' title="bbox 1831 963 3205 1037">
     <span class='ocr_line' id='line_1_14' title="bbox 1831 963 3205 1037; baseline 0.013 -21"><span class='ocrx_word' id='word_1_84' title='bbox 1831 963 2028 1019; x_wconf 83' lang='lat' dir='ltr'><strong>lamina</strong></span> <span class='ocrx_word' id='word_1_85' title='bbox 2057 979 2240 1022; x_wconf 90' lang='lat' dir='ltr'><strong>aurea.</strong></span> <span class='ocrx_word' id='word_1_86' title='bbox 2262 963 2398 1037; x_wconf 27' lang='lat' dir='ltr'><strong>’Quo</strong></span> <span class='ocrx_word' id='word_1_87' title='bbox 2427 970 2562 1028; x_wconf 87' lang='lat' dir='ltr'><strong>adeo</strong></span> <span class='ocrx_word' id='word_1_88' title='bbox 2582 971 2836 1031; x_wconf 88' lang='lat' dir='ltr'><strong>lectorem</strong></span> <span class='ocrx_word' id='word_1_89' title='bbox 2860 963 3205 1036; x_wconf 71' lang='lat' dir='ltr'><strong>remittimus.</strong></span> 
     </span>
    </p>
   </div>
   <div class='ocr_carea' id='block_1_15' title="bbox 1421 1093 2274 1158">
    <p class='ocr_par' dir='ltr' id='par_1_15' title="bbox 1421 1093 2274 1158">
     <span class='ocr_line' id='line_1_15' title="bbox 1421 1093 2274 1158; baseline 0.008 -9"><span class='ocrx_word' id='word_1_90' title='bbox 1421 1093 1507 1151; x_wconf 83' lang='lat' dir='ltr'><strong>VI.</strong></span> <span class='ocrx_word' id='word_1_91' title='bbox 1559 1094 1646 1150; x_wconf 86' lang='lat' dir='ltr'><strong>DE</strong></span> <span class='ocrx_word' id='word_1_92' title='bbox 1687 1093 2055 1156; x_wconf 82' lang='lat' dir='ltr'><strong>TRINITATE</strong></span> <span class='ocrx_word' id='word_1_93' title='bbox 2092 1097 2274 1158; x_wconf 81' lang='lat' dir='ltr'><strong>LIBRI</strong></span> 
     </span>
    </p>
   </div>
   <div class='ocr_carea' id='block_1_16' title="bbox 1627 1250 1899 1298">
    <p class='ocr_par' dir='ltr' id='par_1_16' title="bbox 1627 1250 1899 1298">
     <span class='ocr_line' id='line_1_16' title="bbox 1627 1250 1899 1298; baseline 0.018 -4"><span class='ocrx_word' id='word_1_94' title='bbox 1627 1250 1875 1298; x_wconf 79' lang='lat' dir='ltr'><strong>NOTULA</strong></span> <span class='ocrx_word' id='word_1_95' title='bbox 1886 1283 1899 1298; x_wconf 87' lang='lat'><strong>.</strong></span> 
     </span>
    </p>
   </div>
   <div class='ocr_carea' id='block_1_17' title="bbox 201 1375 1724 1450">
    <p class='ocr_par' dir='ltr' id='par_1_17' title="bbox 201 1375 1724 1450">
     <span class='ocr_line' id='line_1_17' title="bbox 201 1375 1724 1450; baseline -0.001 -18"><span class='ocrx_word' id='word_1_96' title='bbox 201 1377 652 1449; x_wconf 86' lang='lat' dir='ltr'><strong>Scripsit,inquit</strong></span> <span class='ocrx_word' id='word_1_97' title='bbox 685 1377 748 1433; x_wconf 84' lang='grc' dir='ltr'><strong>Β.</strong></span> <span class='ocrx_word' id='word_1_98' title='bbox 795 1376 1009 1433; x_wconf 81' lang='lat' dir='ltr'><strong>Hieron.</strong></span> <span class='ocrx_word' id='word_1_99' title='bbox 1037 1377 1205 1434; x_wconf 85' lang='lat' dir='ltr'><strong>Catal.</strong></span> <span class='ocrx_word' id='word_1_100' title='bbox 1255 1377 1447 1450; x_wconf 86' lang='lat' dir='ltr'><strong>Script.</strong></span> <span class='ocrx_word' id='word_1_101' title='bbox 1501 1375 1724 1445; x_wconf 54' lang='lat' dir='ltr'><strong>Eccum,</strong></span> 
     </span>
    </p>
   </div>
   <div class='ocr_carea' id='block_1_18' title="bbox 129 1469 1731 1544">
    <p class='ocr_par' dir='ltr' id='par_1_18' title="bbox 129 1469 1731 1544">
     <span class='ocr_line' id='line_1_18' title="bbox 129 1469 1731 1544; baseline 0.003 -18"><span class='ocrx_word' id='word_1_102' title='bbox 129 1470 461 1529; x_wconf 81' lang='lat' dir='ltr'><strong>Novatianus</strong></span> <span class='ocrx_word' id='word_1_103' title='bbox 478 1472 540 1527; x_wconf 86' lang='lat' dir='ltr'><strong>de</strong></span> <span class='ocrx_word' id='word_1_104' title='bbox 556 1469 807 1527; x_wconf 86' lang='lat' dir='ltr'><strong>Trinitate</strong></span> <span class='ocrx_word' id='word_1_105' title='bbox 820 1472 1022 1544; x_wconf 79' lang='lat' dir='ltr'><strong>grande</strong></span> <span class='ocrx_word' id='word_1_106' title='bbox 1044 1471 1315 1539; x_wconf 83' lang='lat' dir='ltr'><strong>volumen,</strong></span> <span class='ocrx_word' id='word_1_107' title='bbox 1331 1474 1480 1544; x_wconf 91' lang='lat' dir='ltr'><strong>quasi</strong></span> <span class='ocrx_word' id='word_1_108' title='bbox 1497 1480 1731 1544; x_wconf 61' lang='grc' dir='ltr'><strong>ἐπιτομαξν</strong></span> 
     </span>
    </p>
   </div>
   <div class='ocr_carea' id='block_1_19' title="bbox 207 1585 1729 1655">
    <p class='ocr_par' dir='ltr' id='par_1_19' title="bbox 207 1585 1729 1655">
     <span class='ocr_line' id='line_1_19' title="bbox 207 1585 1729 1655; baseline 0.001 -13"><span class='ocrx_word' id='word_1_109' title='bbox 207 1590 289 1643; x_wconf 79' lang='lat' dir='ltr'><strong>An</strong></span> <span class='ocrx_word' id='word_1_110' title='bbox 326 1585 685 1645; x_wconf 78' lang='lat' dir='ltr'><strong>Tertullianus</strong></span> <span class='ocrx_word' id='word_1_111' title='bbox 732 1595 926 1655; x_wconf 60' lang='lat' dir='ltr'><strong>praster</strong></span> <span class='ocrx_word' id='word_1_112' title='bbox 961 1585 1154 1641; x_wconf 87' lang='lat' dir='ltr'><strong>librum</strong></span> <span class='ocrx_word' id='word_1_113' title='bbox 1203 1586 1441 1642; x_wconf 83' lang='lat' dir='ltr'><strong>adversus</strong></span> <span class='ocrx_word' id='word_1_114' title='bbox 1475 1585 1729 1655; x_wconf 77' lang='lat' dir='ltr'><strong>Praxean,</strong></span> 
     </span>
    </p>
   </div>
   <div class='ocr_carea' id='block_1_20' title="bbox 131 1657 1733 1724">
    <p class='ocr_par' dir='ltr' id='par_1_20' title="bbox 131 1657 1733 1724">
     <span class='ocr_line' id='line_1_20' title="bbox 131 1657 1733 1724; baseline 0.002 -13"><span class='ocrx_word' id='word_1_115' title='bbox 131 1658 301 1713; x_wconf 88' lang='lat' dir='ltr'><strong>alium</strong></span> <span class='ocrx_word' id='word_1_116' title='bbox 327 1660 389 1714; x_wconf 86' lang='lat' dir='ltr'><strong>de</strong></span> <span class='ocrx_word' id='word_1_117' title='bbox 417 1658 667 1713; x_wconf 87' lang='lat' dir='ltr'><strong>Trinitate</strong></span> <span class='ocrx_word' id='word_1_118' title='bbox 694 1659 987 1724; x_wconf 89' lang='lat' dir='ltr'><strong>scripserit,</strong></span> <span class='ocrx_word' id='word_1_119' title='bbox 1018 1658 1210 1712; x_wconf 87' lang='lat' dir='ltr'><strong>merito</strong></span> <span class='ocrx_word' id='word_1_120' title='bbox 1238 1657 1623 1714; x_wconf 68' lang='lat' dir='ltr'><strong>dubitationem</strong></span> <span class='ocrx_word' id='word_1_121' title='bbox 1649 1662 1733 1714; x_wconf 83' lang='lat' dir='ltr'><strong>in-</strong></span> 
     </span>
    </p>
   </div>
   <div class='ocr_carea' id='block_1_21' title="bbox 129 1727 1734 1799">
    <p class='ocr_par' dir='ltr' id='par_1_21' title="bbox 129 1727 1734 1799">
     <span class='ocr_line' id='line_1_21' title="bbox 129 1727 1734 1799; baseline 0.001 -18"><span class='ocrx_word' id='word_1_122' title='bbox 129 1729 325 1797; x_wconf 88' lang='lat' dir='ltr'><strong>jiciunt</strong></span> <span class='ocrx_word' id='word_1_123' title='bbox 351 1731 463 1785; x_wconf 62' lang='lat' dir='ltr'><strong>hac</strong></span> <span class='ocrx_word' id='word_1_124' title='bbox 489 1731 550 1785; x_wconf 83' lang='grc' dir='ltr'><strong>Β.</strong></span> <span class='ocrx_word' id='word_1_125' title='bbox 583 1728 892 1799; x_wconf 74' lang='lat' dir='ltr'><strong>liicroiiymi</strong></span> <span class='ocrx_word' id='word_1_126' title='bbox 942 1727 1104 1781; x_wconf 86' lang='lat' dir='ltr'><strong>verba</strong></span> <span class='ocrx_word' id='word_1_127' title='bbox 1135 1744 1148 1780; x_wconf 90' lang='lat'><strong>:</strong></span> <span class='ocrx_word' id='word_1_128' title='bbox 1179 1745 1298 1782; x_wconf 91' lang='lat' dir='ltr'><strong>cum</strong></span> <span class='ocrx_word' id='word_1_129' title='bbox 1332 1730 1470 1783; x_wconf 89' lang='lat' dir='ltr'><strong>enim</strong></span> <span class='ocrx_word' id='word_1_130' title='bbox 1525 1737 1734 1798; x_wconf 66' lang='grc' dir='ltr'><strong>ἐπιτομὴ</strong></span> 
     </span>
    </p>
   </div>
   <div class='ocr_carea' id='block_1_22' title="bbox 132 1799 1734 1886">
    <p class='ocr_par' dir='ltr' id='par_1_22' title="bbox 132 1799 1734 1886">
     <span class='ocr_line' id='line_1_22' title="bbox 132 1799 1734 1886; baseline 0.004 -35"><span class='ocrx_word' id='word_1_131' title='bbox 132 1802 555 1886; x_wconf 48' lang='grc' dir='ltr'><strong>εηηςῆοτίξηεὶι</strong></span> <span class='ocrx_word' id='word_1_132' title='bbox 603 1801 783 1868; x_wconf 83' lang='lat' dir='ltr'><strong>operis</strong></span> <span class='ocrx_word' id='word_1_133' title='bbox 830 1799 1204 1886; x_wconf 71' lang='lat' dir='ltr'><strong>compendium</strong></span> <span class='ocrx_word' id='word_1_134' title='bbox 1231 1841 1243 1862; x_wconf 88' lang='lat'><strong>,</strong></span> <span class='ocrx_word' id='word_1_135' title='bbox 1277 1810 1330 1854; x_wconf 90' lang='lat' dir='ltr'><strong>et</strong></span> <span class='ocrx_word' id='word_1_136' title='bbox 1361 1801 1636 1886; x_wconf 50' lang='lat' dir='ltr'><strong>t‘iovatiani</strong></span> <span class='ocrx_word' id='word_1_137' title='bbox 1663 1805 1734 1886; x_wconf 75' lang='lat' dir='ltr'><strong>tle</strong></span> 
     </span>
    </p>
   </div>
   <div class='ocr_carea' id='block_1_23' title="bbox 149 1870 1730 1942">
    <p class='ocr_par' dir='ltr' id='par_1_23' title="bbox 149 1870 1730 1942">
     <span class='ocr_line' id='line_1_23' title="bbox 149 1870 1730 1942; baseline 0.002 -17"><span class='ocrx_word' id='word_1_138' title='bbox 149 1873 184 1925; x_wconf 88' lang='grc' dir='ltr'><strong>Γ</strong></span> <span class='ocrx_word' id='word_1_139' title='bbox 192 1873 400 1927; x_wconf 87' lang='lat' dir='ltr'><strong>rinitate</strong></span> <span class='ocrx_word' id='word_1_140' title='bbox 421 1872 570 1932; x_wconf 90' lang='lat' dir='ltr'><strong>liber.</strong></span> <span class='ocrx_word' id='word_1_141' title='bbox 596 1881 776 1940; x_wconf 91' lang='lat' dir='ltr'><strong>utpote</strong></span> <span class='ocrx_word' id='word_1_142' title='bbox 798 1871 1000 1940; x_wconf 86' lang='lat' dir='ltr'><strong>grande</strong></span> <span class='ocrx_word' id='word_1_143' title='bbox 1026 1870 1296 1942; x_wconf 72' lang='lat' dir='ltr'><strong>volumen,</strong></span> <span class='ocrx_word' id='word_1_144' title='bbox 1325 1873 1407 1926; x_wconf 88' lang='lat' dir='ltr'><strong>vel</strong></span> <span class='ocrx_word' id='word_1_145' title='bbox 1432 1875 1548 1942; x_wconf 91' lang='lat' dir='ltr'><strong>ipso</strong></span> <span class='ocrx_word' id='word_1_146' title='bbox 1573 1883 1730 1940; x_wconf 77' lang='lat' dir='ltr'><strong>teste,</strong></span> 
     </span>
    </p>
   </div>
   <div class='ocr_carea' id='block_1_24' title="bbox 141 1940 1732 2011">
    <p class='ocr_par' dir='ltr' id='par_1_24' title="bbox 141 1940 1732 2011">
     <span class='ocr_line' id='line_1_24' title="bbox 141 1940 1732 2011; baseline 0.005 -20"><span class='ocrx_word' id='word_1_147' title='bbox 141 1944 403 2011; x_wconf 77' lang='lat' dir='ltr'><strong>prolixius</strong></span> <span class='ocrx_word' id='word_1_148' title='bbox 441 1943 604 1997; x_wconf 86' lang='lat' dir='ltr'><strong>multo</strong></span> <span class='ocrx_word' id='word_1_149' title='bbox 653 1943 722 1997; x_wconf 85' lang='lat' dir='ltr'><strong>sit</strong></span> <span class='ocrx_word' id='word_1_150' title='bbox 769 1942 861 1996; x_wconf 92' lang='lat' dir='ltr'><strong>lib.</strong></span> <span class='ocrx_word' id='word_1_151' title='bbox 897 1942 1018 1996; x_wconf 80' lang='lat' dir='ltr'><strong>adv.</strong></span> <span class='ocrx_word' id='word_1_152' title='bbox 1050 1940 1324 2006; x_wconf 74' lang='lat' dir='ltr'><strong>Praxean;</strong></span> <span class='ocrx_word' id='word_1_153' title='bbox 1350 1940 1617 2000; x_wconf 75' lang='lat' dir='ltr'><strong>Oportebit</strong></span> <span class='ocrx_word' id='word_1_154' title='bbox 1643 1988 1657 2011; x_wconf 94' lang='lat'><strong>,</strong></span> <span class='ocrx_word' id='word_1_155' title='bbox 1689 1949 1732 1999; x_wconf 90' lang='lat' dir='ltr'><strong>si</strong></span> 
     </span>
    </p>
   </div>
   <div class='ocr_carea' id='block_1_25' title="bbox 137 2012 1734 2078">
    <p class='ocr_par' dir='ltr' id='par_1_25' title="bbox 137 2012 1734 2078">
     <span class='ocr_line' id='line_1_25' title="bbox 137 2012 1734 2078; baseline 0.005 -15"><span class='ocrx_word' id='word_1_156' title='bbox 137 2014 383 2068; x_wconf 80' lang='lat' dir='ltr'><strong>mendosi</strong></span> <span class='ocrx_word' id='word_1_157' title='bbox 410 2029 513 2066; x_wconf 89' lang='lat' dir='ltr'><strong>non</strong></span> <span class='ocrx_word' id='word_1_158' title='bbox 537 2015 643 2068; x_wconf 90' lang='lat' dir='ltr'><strong>sint</strong></span> <span class='ocrx_word' id='word_1_159' title='bbox 668 2014 725 2067; x_wconf 89' lang='grc' dir='ltr'><strong>Β.</strong></span> <span class='ocrx_word' id='word_1_160' title='bbox 754 2013 900 2068; x_wconf 88' lang='lat' dir='ltr'><strong>Hier.</strong></span> <span class='ocrx_word' id='word_1_161' title='bbox 935 2012 1168 2078; x_wconf 89' lang='lat' dir='ltr'><strong>codices,</strong></span> <span class='ocrx_word' id='word_1_162' title='bbox 1193 2014 1352 2066; x_wconf 89' lang='lat' dir='ltr'><strong>alium</strong></span> <span class='ocrx_word' id='word_1_163' title='bbox 1381 2015 1446 2068; x_wconf 91' lang='lat' dir='ltr'><strong>de</strong></span> <span class='ocrx_word' id='word_1_164' title='bbox 1471 2015 1734 2071; x_wconf 89' lang='lat' dir='ltr'><strong>Trinitate</strong></span> 
     </span>
    </p>
   </div>
   <div class='ocr_carea' id='block_1_26' title="bbox 137 2083 1736 2154">
    <p class='ocr_par' dir='ltr' id='par_1_26' title="bbox 137 2083 1736 2154">
     <span class='ocr_line' id='line_1_26' title="bbox 137 2083 1736 2154; baseline 0.004 -18"><span class='ocrx_word' id='word_1_165' title='bbox 137 2083 339 2137; x_wconf 90' lang='lat' dir='ltr'><strong>librum</strong></span> <span class='ocrx_word' id='word_1_166' title='bbox 365 2099 393 2137; x_wconf 93' lang='lat' dir='ltr'><strong>a</strong></span> <span class='ocrx_word' id='word_1_167' title='bbox 424 2085 749 2138; x_wconf 88' lang='lat' dir='ltr'><strong>Tertulliano</strong></span> <span class='ocrx_word' id='word_1_168' title='bbox 779 2085 1143 2154; x_wconf 85' lang='lat' dir='ltr'><strong>conscriptum</strong></span> <span class='ocrx_word' id='word_1_169' title='bbox 1171 2083 1435 2141; x_wconf 84' lang='lat' dir='ltr'><strong>conﬁteri.</strong></span> <span class='ocrx_word' id='word_1_170' title='bbox 1480 2086 1572 2140; x_wconf 91' lang='lat' dir='ltr'><strong>Sin</strong></span> <span class='ocrx_word' id='word_1_171' title='bbox 1603 2103 1736 2142; x_wconf 89' lang='lat' dir='ltr'><strong>vero</strong></span> 
     </span>
    </p>
   </div>
   <div class='ocr_carea' id='block_1_27' title="bbox 138 2154 1730 2229">
    <p class='ocr_par' dir='ltr' id='par_1_27' title="bbox 138 2154 1730 2229">
     <span class='ocr_line' id='line_1_27' title="bbox 138 2154 1730 2229; baseline 0.004 -22"><span class='ocrx_word' id='word_1_172' title='bbox 138 2155 380 2229; x_wconf 78' lang='lat' dir='ltr'><strong>legamus</strong></span> <span class='ocrx_word' id='word_1_173' title='bbox 429 2154 588 2229; x_wconf 82' lang='lat' dir='ltr'><strong>(quod</strong></span> <span class='ocrx_word' id='word_1_174' title='bbox 639 2156 830 2229; x_wconf 80' lang='lat' dir='ltr'><strong>lectum</strong></span> <span class='ocrx_word' id='word_1_175' title='bbox 887 2157 1030 2229; x_wconf 80' lang='lat' dir='ltr'><strong>forte</strong></span> <span class='ocrx_word' id='word_1_176' title='bbox 1061 2156 1146 2229; x_wconf 11' lang='lat' dir='ltr'><strong>fab,</strong></span> <span class='ocrx_word' id='word_1_177' title='bbox 1194 2157 1285 2210; x_wconf 84' lang='lat' dir='ltr'><strong>illo</strong></span> <span class='ocrx_word' id='word_1_178' title='bbox 1323 2154 1442 2229; x_wconf 83' lang='lat' dir='ltr'><strong>fuit)</strong></span> <span class='ocrx_word' id='word_1_179' title='bbox 1493 2163 1730 2225; x_wconf 74' lang='grc' dir='ltr'><strong>ἐπίτασιν,</strong></span> 
     </span>
    </p>
   </div>
   <div class='ocr_carea' id='block_1_28' title="bbox 135 2225 1736 2297">
    <p class='ocr_par' dir='ltr' id='par_1_28' title="bbox 135 2225 1736 2297">
     <span class='ocr_line' id='line_1_28' title="bbox 135 2225 1736 2297; baseline 0.004 -19"><span class='ocrx_word' id='word_1_180' title='bbox 135 2225 447 2280; x_wconf 85' lang='lat' dir='ltr'><strong>censebitur</strong></span> <span class='ocrx_word' id='word_1_181' title='bbox 492 2227 767 2281; x_wconf 78' lang='lat' dir='ltr'><strong>Novatiani</strong></span> <span class='ocrx_word' id='word_1_182' title='bbox 797 2227 931 2281; x_wconf 91' lang='lat' dir='ltr'><strong>liber</strong></span> <span class='ocrx_word' id='word_1_183' title='bbox 956 2268 968 2288; x_wconf 90' lang='lat'><strong>,</strong></span> <span class='ocrx_word' id='word_1_184' title='bbox 1000 2225 1187 2282; x_wconf 88' lang='lat' dir='ltr'><strong>dilatio</strong></span> <span class='ocrx_word' id='word_1_185' title='bbox 1217 2225 1516 2297; x_wconf 81' lang='lat' dir='ltr'><strong>argumenti</strong></span> <span class='ocrx_word' id='word_1_186' title='bbox 1547 2245 1574 2281; x_wconf 88' lang='lat' dir='ltr'><strong>a</strong></span> <span class='ocrx_word' id='word_1_187' title='bbox 1606 2231 1736 2284; x_wconf 72' lang='grc' dir='ltr'><strong>Τοῖ’·</strong></span> 
     </span>
    </p>
   </div>
   <div class='ocr_carea' id='block_1_29' title="bbox 138 2297 1734 2366">
    <p class='ocr_par' dir='ltr' id='par_1_29' title="bbox 138 2297 1734 2366">
     <span class='ocr_line' id='line_1_29' title="bbox 138 2297 1734 2366; baseline 0.004 -18"><span class='ocrx_word' id='word_1_188' title='bbox 138 2298 364 2350; x_wconf 83' lang='lat' dir='ltr'><strong>tulliano</strong></span> <span class='ocrx_word' id='word_1_189' title='bbox 395 2300 598 2351; x_wconf 88' lang='lat' dir='ltr'><strong>tractati</strong></span> <span class='ocrx_word' id='word_1_190' title='bbox 631 2298 720 2352; x_wconf 89' lang='lat' dir='ltr'><strong>lib.</strong></span> <span class='ocrx_word' id='word_1_191' title='bbox 750 2299 867 2352; x_wconf 86' lang='lat' dir='ltr'><strong>adv.</strong></span> <span class='ocrx_word' id='word_1_192' title='bbox 901 2297 1164 2352; x_wconf 74' lang='lat' dir='ltr'><strong>Praxeon.</strong></span> <span class='ocrx_word' id='word_1_193' title='bbox 1223 2299 1450 2366; x_wconf 84' lang='lat' dir='ltr'><strong>ldipsutn</strong></span> <span class='ocrx_word' id='word_1_194' title='bbox 1504 2315 1734 2355; x_wconf 84' lang='lat' dir='ltr'><strong>censen-</strong></span> 
     </span>
    </p>
   </div>
   <div class='ocr_carea' id='block_1_30' title="bbox 136 2367 1732 2439">
    <p class='ocr_par' dir='ltr' id='par_1_30' title="bbox 136 2367 1732 2439">
     <span class='ocr_line' id='line_1_30' title="bbox 136 2367 1732 2439; baseline 0.005 -20"><span class='ocrx_word' id='word_1_195' title='bbox 136 2367 270 2439; x_wconf 55' lang='lat' dir='ltr'><strong>Llum</strong></span> <span class='ocrx_word' id='word_1_196' title='bbox 299 2368 416 2439; x_wconf 84' lang='lat' dir='ltr'><strong>erit,</strong></span> <span class='ocrx_word' id='word_1_197' title='bbox 446 2369 489 2421; x_wconf 87' lang='lat' dir='ltr'><strong>si</strong></span> <span class='ocrx_word' id='word_1_198' title='bbox 521 2368 756 2437; x_wconf 77' lang='lat' dir='ltr'><strong>legamus</strong></span> <span class='ocrx_word' id='word_1_199' title='bbox 780 2380 993 2438; x_wconf 72' lang='grc' dir='ltr'><strong>μίμησιν.</strong></span> <span class='ocrx_word' id='word_1_200' title='bbox 1027 2369 1077 2424; x_wconf 89' lang='lat' dir='ltr'><strong>id</strong></span> <span class='ocrx_word' id='word_1_201' title='bbox 1109 2379 1193 2424; x_wconf 91' lang='lat' dir='ltr'><strong>est</strong></span> <span class='ocrx_word' id='word_1_202' title='bbox 1219 2372 1588 2439; x_wconf 83' lang='lat' dir='ltr'><strong>imitationem,</strong></span> <span class='ocrx_word' id='word_1_203' title='bbox 1612 2388 1732 2428; x_wconf 86' lang='lat' dir='ltr'><strong>cum</strong></span> 
     </span>
    </p>
   </div>
   <div class='ocr_carea' id='block_1_31' title="bbox 138 2437 1734 2512">
    <p class='ocr_par' dir='ltr' id='par_1_31' title="bbox 138 2437 1734 2512">
     <span class='ocr_line' id='line_1_31' title="bbox 138 2437 1734 2512; baseline 0.004 -21"><span class='ocrx_word' id='word_1_204' title='bbox 138 2437 529 2512; x_wconf 81' lang='lat' dir='ltr'><strong>Tertullianum</strong></span> <span class='ocrx_word' id='word_1_205' title='bbox 567 2439 856 2512; x_wconf 77' lang='lat' dir='ltr'><strong>aliquoties</strong></span> <span class='ocrx_word' id='word_1_206' title='bbox 907 2442 1162 2496; x_wconf 87' lang='lat' dir='ltr'><strong>imitetur.</strong></span> <span class='ocrx_word' id='word_1_207' title='bbox 1221 2441 1327 2495; x_wconf 82' lang='lat' dir='ltr'><strong>Nos</strong></span> <span class='ocrx_word' id='word_1_208' title='bbox 1374 2437 1581 2512; x_wconf 82' lang='lat' dir='ltr'><strong>itaque,</strong></span> <span class='ocrx_word' id='word_1_209' title='bbox 1611 2445 1734 2512; x_wconf 84' lang='lat' dir='ltr'><strong>quia</strong></span> 
     </span>
    </p>
   </div>
   <div class='ocr_carea' id='block_1_32' title="bbox 136 2509 1735 2582">
    <p class='ocr_par' dir='ltr' id='par_1_32' title="bbox 136 2509 1735 2582">
     <span class='ocr_line' id='line_1_32' title="bbox 136 2509 1735 2582; baseline 0.004 -19"><span class='ocrx_word' id='word_1_210' title='bbox 136 2524 252 2565; x_wconf 81' lang='lat' dir='ltr'><strong>non</strong></span> <span class='ocrx_word' id='word_1_211' title='bbox 279 2509 507 2566; x_wconf 84' lang='lat' dir='ltr'><strong>libenter</strong></span> <span class='ocrx_word' id='word_1_212' title='bbox 531 2509 733 2582; x_wconf 78' lang='lat' dir='ltr'><strong>absque</strong></span> <span class='ocrx_word' id='word_1_213' title='bbox 754 2510 861 2570; x_wconf 75' lang='lat' dir='ltr'><strong>MS.</strong></span> <span class='ocrx_word' id='word_1_214' title='bbox 890 2511 1164 2568; x_wconf 83' lang='lat' dir='ltr'><strong>codicibus</strong></span> <span class='ocrx_word' id='word_1_215' title='bbox 1185 2509 1480 2570; x_wconf 76' lang='lat' dir='ltr'><strong>lectionem</strong></span> <span class='ocrx_word' id='word_1_216' title='bbox 1494 2509 1735 2572; x_wconf 81' lang='lat' dir='ltr'><strong>veterum</strong></span> 
     </span>
    </p>
   </div>
   <div class='ocr_carea' id='block_1_33' title="bbox 1833 1382 3429 1476">
    <p class='ocr_par' dir='ltr' id='par_1_33' title="bbox 1833 1382 3429 1476">
     <span class='ocr_line' id='line_1_33' title="bbox 1833 1382 3429 1476; baseline 0.016 -39"><span class='ocrx_word' id='word_1_217' title='bbox 1833 1382 2012 1452; x_wconf 90' lang='lat' dir='ltr'><strong>operis</strong></span> <span class='ocrx_word' id='word_1_218' title='bbox 2039 1384 2382 1458; x_wconf 81' lang='lat' dir='ltr'><strong>Tertulliani,</strong></span> <span class='ocrx_word' id='word_1_219' title='bbox 2411 1389 2554 1463; x_wconf 89' lang='lat' dir='ltr'><strong>quod</strong></span> <span class='ocrx_word' id='word_1_220' title='bbox 2587 1391 2826 1467; x_wconf 83' lang='lat' dir='ltr'><strong>plerique</strong></span> <span class='ocrx_word' id='word_1_221' title='bbox 2853 1397 3158 1458; x_wconf 86' lang='lat' dir='ltr'><strong>nescientes</strong></span> <span class='ocrx_word' id='word_1_222' title='bbox 3175 1399 3429 1476; x_wconf 87' lang='lat' dir='ltr'><strong>Cypriani</strong></span> 
     </span>
    </p>
   </div>
   <div class='ocr_carea' id='block_1_34' title="bbox 1836 1476 2161 1534">
    <p class='ocr_par' dir='ltr' id='par_1_34' title="bbox 1836 1476 2161 1534">
     <span class='ocr_line' id='line_1_34' title="bbox 1836 1476 2161 1534; baseline 0.006 -4"><span class='ocrx_word' id='word_1_223' title='bbox 1836 1476 2161 1534; x_wconf 82' lang='lat' dir='ltr'><strong>existimant.</strong></span> 
     </span>
    </p>
   </div>
   <div class='ocr_carea' id='block_1_35' title="bbox 1838 1586 3432 1669">
    <p class='ocr_par' dir='ltr' id='par_1_35' title="bbox 1838 1586 3432 1669">
     <span class='ocr_line' id='line_1_35' title="bbox 1838 1586 3432 1669; baseline 0.017 -28"><span class='ocrx_word' id='word_1_224' title='bbox 1838 1586 2184 1669; x_wconf 82' lang='lat' dir='ltr'><strong>immutamus</strong></span> <span class='ocrx_word' id='word_1_225' title='bbox 2217 1631 2245 1669; x_wconf 89' lang='lat'><strong>,_</strong></span> <span class='ocrx_word' id='word_1_226' title='bbox 2283 1593 2567 1669; x_wconf 80' lang='lat' dir='ltr'><strong>maluimus</strong></span> <span class='ocrx_word' id='word_1_227' title='bbox 2613 1598 2778 1669; x_wconf 74' lang='lat' dir='ltr'><strong>etiam</strong></span> <span class='ocrx_word' id='word_1_228' title='bbox 2830 1600 3024 1659; x_wconf 89' lang='lat' dir='ltr'><strong>librum</strong></span> <span class='ocrx_word' id='word_1_229' title='bbox 3071 1604 3138 1662; x_wconf 84' lang='lat' dir='ltr'><strong>de</strong></span> <span class='ocrx_word' id='word_1_230' title='bbox 3179 1606 3432 1669; x_wconf 85' lang='lat' dir='ltr'><strong>Trinitate</strong></span> 
     </span>
    </p>
   </div>
   <div class='ocr_carea' id='block_1_36' title="bbox 1838 1659 3428 1746">
    <p class='ocr_par' dir='ltr' id='par_1_36' title="bbox 1838 1659 3428 1746">
     <span class='ocr_line' id='line_1_36' title="bbox 1838 1659 3428 1746; baseline 0.013 -32"><span class='ocrx_word' id='word_1_231' title='bbox 1838 1659 1976 1742; x_wconf 75' lang='lat' dir='ltr'><strong>inter</strong></span> <span class='ocrx_word' id='word_1_232' title='bbox 1996 1677 2056 1716; x_wconf 90' lang='lat' dir='ltr'><strong>ea</strong></span> <span class='ocrx_word' id='word_1_233' title='bbox 2075 1678 2193 1732; x_wconf 68' lang='lat' dir='ltr'><strong>qua:</strong></span> <span class='ocrx_word' id='word_1_234' title='bbox 2214 1663 2589 1746; x_wconf 75' lang='lat' dir='ltr'><strong>desiderantur</strong></span> <span class='ocrx_word' id='word_1_235' title='bbox 2609 1668 2923 1729; x_wconf 86' lang='lat' dir='ltr'><strong>Tertulliani</strong></span> <span class='ocrx_word' id='word_1_236' title='bbox 2945 1659 3428 1746; x_wconf 31' lang='lat' dir='ltr'><strong>opera&#39;collocare&#39;:</strong></span> 
     </span>
    </p>
   </div>
   <div class='ocr_carea' id='block_1_37' title="bbox 1836 1733 3436 1813">
    <p class='ocr_par' dir='ltr' id='par_1_37' title="bbox 1836 1733 3436 1813">
     <span class='ocr_line' id='line_1_37' title="bbox 1836 1733 3436 1813; baseline 0.018 -31"><span class='ocrx_word' id='word_1_237' title='bbox 1836 1733 2068 1813; x_wconf 63' lang='lat' dir='ltr'><strong>maxime</strong></span> <span class='ocrx_word' id='word_1_238' title='bbox 2090 1775 2104 1798; x_wconf 94' lang='lat'><strong>,</strong></span> <span class='ocrx_word' id='word_1_239' title='bbox 2138 1750 2259 1813; x_wconf 83' lang='lat' dir='ltr'><strong>cum</strong></span> <span class='ocrx_word' id='word_1_240' title='bbox 2282 1739 2430 1813; x_wconf 78' lang='lat' dir='ltr'><strong>,_etsi</strong></span> <span class='ocrx_word' id='word_1_241' title='bbox 2463 1740 2599 1813; x_wconf 74' lang='lat' dir='ltr'><strong>idem</strong></span> <span class='ocrx_word' id='word_1_242' title='bbox 2642 1733 3015 1813; x_wconf 71' lang='lat' dir='ltr'><strong>argumentum</strong></span> <span class='ocrx_word' id='word_1_243' title='bbox 3061 1733 3223 1807; x_wconf 77' lang='lat' dir='ltr'><strong>latius</strong></span> <span class='ocrx_word' id='word_1_244' title='bbox 3238 1733 3436 1811; x_wconf 58' lang='lat' dir='ltr'><strong>iiiéiei</strong></span> 
     </span>
    </p>
   </div>
   <div class='ocr_carea' id='block_1_38' title="bbox 1837 1802 3430 1881">
    <p class='ocr_par' dir='ltr' id='par_1_38' title="bbox 1837 1802 3430 1881">
     <span class='ocr_line' id='line_1_38' title="bbox 1837 1802 3430 1881; baseline 0.015 -24"><span class='ocrx_word' id='word_1_245' title='bbox 1837 1802 2160 1881; x_wconf 59' lang='lat' dir='ltr'><strong>Novatianus</strong></span> <span class='ocrx_word' id='word_1_246' title='bbox 2183 1807 2245 1860; x_wconf 87' lang='lat' dir='ltr'><strong>de</strong></span> <span class='ocrx_word' id='word_1_247' title='bbox 2272 1805 2431 1881; x_wconf 63' lang='lat' dir='ltr'><strong>Patre</strong></span> <span class='ocrx_word' id='word_1_248' title='bbox 2463 1810 2568 1864; x_wconf 83' lang='lat' dir='ltr'><strong>Deo</strong></span> <span class='ocrx_word' id='word_1_249' title='bbox 2590 1823 2635 1867; x_wconf 87' lang='lat' dir='ltr'><strong>et</strong></span> <span class='ocrx_word' id='word_1_250' title='bbox 2660 1802 2766 1868; x_wconf 61' lang='grc' dir='ltr'><strong>υὲο</strong></span> <span class='ocrx_word' id='word_1_251' title='bbox 2799 1802 2972 1880; x_wconf 65' lang='grc' dir='ltr'><strong>Εἱιίοέ</strong></span> 
     </span>
    </p>
   </div>
   <div class='ocr_carea' id='block_1_39' title="bbox 1838 1875 3434 1950">
    <p class='ocr_par' dir='ltr' id='par_1_39' title="bbox 1838 1875 3434 1950">
     <span class='ocr_line' id='line_1_39' title="bbox 1838 1875 3434 1950; baseline 0.015 -23"><span class='ocrx_word' id='word_1_252' title='bbox 1838 1875 1994 1950; x_wconf 79' lang='lat' dir='ltr'><strong>latius</strong></span> <span class='ocrx_word' id='word_1_253' title='bbox 2026 1886 2281 1950; x_wconf 77' lang='lat' dir='ltr'><strong>tracteI_ur</strong></span> <span class='ocrx_word' id='word_1_254' title='bbox 2307 1893 2336 1933; x_wconf 88' lang='lat' dir='ltr'><strong>a</strong></span> <span class='ocrx_word' id='word_1_255' title='bbox 2364 1879 2697 1939; x_wconf 88' lang='lat' dir='ltr'><strong>Tertulliano</strong></span> <span class='ocrx_word' id='word_1_256' title='bbox 2722 1885 2838 1940; x_wconf 80' lang='lat' dir='ltr'><strong>adv.</strong></span> <span class='ocrx_word' id='word_1_257' title='bbox 2871 1875 3125 1946; x_wconf 73' lang='lat' dir='ltr'><strong>Praxeart</strong></span> <span class='ocrx_word' id='word_1_258' title='bbox 3143 1875 3192 1948; x_wconf 81' lang='lat' dir='ltr'><strong>et</strong></span> <span class='ocrx_word' id='word_1_259' title='bbox 3218 1875 3434 1950; x_wconf 57' lang='lat' dir='ltr'><strong>abiis;</strong></span> 
     </span>
    </p>
   </div>
   <div class='ocr_carea' id='block_1_40' title="bbox 1840 1947 3431 2028">
    <p class='ocr_par' dir='ltr' id='par_1_40' title="bbox 1840 1947 3431 2028">
     <span class='ocr_line' id='line_1_40' title="bbox 1840 1947 3431 2028; baseline 0.016 -30"><span class='ocrx_word' id='word_1_260' title='bbox 1840 1947 2066 2028; x_wconf 61' lang='lat' dir='ltr'><strong>eicianos,</strong></span> <span class='ocrx_word' id='word_1_261' title='bbox 2096 1948 2166 2028; x_wconf 79' lang='lat' dir='ltr'><strong>de</strong></span> <span class='ocrx_word' id='word_1_262' title='bbox 2192 1947 2325 2028; x_wconf 84' lang='lat' dir='ltr'><strong>Filio</strong></span> <span class='ocrx_word' id='word_1_263' title='bbox 2351 1952 2457 2006; x_wconf 90' lang='lat' dir='ltr'><strong>alio</strong></span> <span class='ocrx_word' id='word_1_264' title='bbox 2483 1969 2512 2007; x_wconf 88' lang='lat' dir='ltr'><strong>a</strong></span> <span class='ocrx_word' id='word_1_265' title='bbox 2541 1952 2699 2028; x_wconf 71' lang='lat' dir='ltr'><strong>Putre</strong></span> <span class='ocrx_word' id='word_1_266' title='bbox 2729 1997 2745 2022; x_wconf 90' lang='lat'><strong>,</strong></span> <span class='ocrx_word' id='word_1_267' title='bbox 2773 1974 2930 2028; x_wconf 90' lang='lat' dir='ltr'><strong>quem</strong></span> <span class='ocrx_word' id='word_1_268' title='bbox 2955 1961 3029 2016; x_wconf 92' lang='lat' dir='ltr'><strong>illi</strong></span> <span class='ocrx_word' id='word_1_269' title='bbox 3060 1947 3431 2022; x_wconf 28' lang='lat' dir='ltr'><strong>eumdemnl‘a-</strong></span> 
     </span>
    </p>
   </div>
   <div class='ocr_carea' id='block_1_41' title="bbox 1765 2018 3437 2111">
    <p class='ocr_par' dir='ltr' id='par_1_41' title="bbox 1765 2018 3437 2111">
     <span class='ocr_line' id='line_1_41' title="bbox 1765 2018 3437 2111; baseline 0.016 -43"><span class='ocrx_word' id='word_1_270' title='bbox 1765 2051 1812 2111; x_wconf 75' lang='grc' dir='ltr'><strong><em>Β</em></strong></span> <span class='ocrx_word' id='word_1_271' title='bbox 1841 2018 2086 2111; x_wconf 51' lang='lat' dir='ltr'><strong>ciebalut;</strong></span> <span class='ocrx_word' id='word_1_272' title='bbox 2125 2021 2290 2111; x_wconf 34' lang='lat' dir='ltr'><strong>sicuti!</strong></span> <span class='ocrx_word' id='word_1_273' title='bbox 2310 2033 2490 2111; x_wconf 76' lang='lat' dir='ltr'><strong>postea</strong></span> <span class='ocrx_word' id='word_1_274' title='bbox 2521 2037 2573 2079; x_wconf 91' lang='lat' dir='ltr'><strong>et</strong></span> <span class='ocrx_word' id='word_1_275' title='bbox 2599 2018 3102 2111; x_wconf 31' lang='lat' dir='ltr'><strong>sabe&#39;lli:us,_contra</strong></span> <span class='ocrx_word' id='word_1_276' title='bbox 3119 2018 3437 2111; x_wconf 25' lang='lat' dir='ltr'><strong>queinﬂpau-</strong></span> 
     </span>
    </p>
   </div>
   <div class='ocr_carea' id='block_1_42' title="bbox 1841 2089 3437 2166">
    <p class='ocr_par' dir='ltr' id='par_1_42' title="bbox 1841 2089 3437 2166">
     <span class='ocr_line' id='line_1_42' title="bbox 1841 2089 3437 2166; baseline 0.014 -24"><span class='ocrx_word' id='word_1_277' title='bbox 1841 2089 2074 2166; x_wconf 83' lang='lat' dir='ltr'><strong>ci0tibus</strong></span> <span class='ocrx_word' id='word_1_278' title='bbox 2109 2089 2591 2166; x_wconf 19' lang='lat' dir='ltr'><strong>agit‘Ntivatiauus.</strong></span> <span class='ocrx_word' id='word_1_279' title='bbox 2636 2098 2838 2154; x_wconf 88' lang='lat' dir='ltr'><strong>Deinde</strong></span> <span class='ocrx_word' id='word_1_280' title='bbox 2867 2089 3034 2159; x_wconf 47' lang='lat' dir='ltr'><strong>&#39;latius</strong></span> <span class='ocrx_word' id='word_1_281' title='bbox 3070 2089 3437 2166; x_wconf 47' lang='lat' dir='ltr'><strong>ibi.</strong></span> 
     </span>
    </p>
   </div>
   <div class='ocr_carea' id='block_1_43' title="bbox 1842 2162 3436 2245">
    <p class='ocr_par' dir='ltr' id='par_1_43' title="bbox 1842 2162 3436 2245">
     <span class='ocr_line' id='line_1_43' title="bbox 1842 2162 3436 2245; baseline 0.014 -32"><span class='ocrx_word' id='word_1_282' title='bbox 1842 2168 1896 2213; x_wconf 91' lang='lat' dir='ltr'><strong>et</strong></span> <span class='ocrx_word' id='word_1_283' title='bbox 1916 2163 2094 2240; x_wconf 78' lang='lat' dir='ltr'><strong>verius</strong></span> <span class='ocrx_word' id='word_1_284' title='bbox 2116 2162 2184 2215; x_wconf 88' lang='lat' dir='ltr'><strong>de</strong></span> <span class='ocrx_word' id='word_1_285' title='bbox 2211 2163 2411 2245; x_wconf 72' lang='lat' dir='ltr'><strong>Spiritu</strong></span> <span class='ocrx_word' id='word_1_286' title='bbox 2437 2179 2645 2245; x_wconf 71' lang='lat' dir='ltr'><strong>sancto,</strong></span> <span class='ocrx_word' id='word_1_287' title='bbox 2676 2173 2955 2245; x_wconf 7' lang='lat' dir='ltr'><strong>utpotegde</strong></span> <span class='ocrx_word' id='word_1_288' title='bbox 2981 2191 3086 2245; x_wconf 90' lang='lat' dir='ltr'><strong>quo</strong></span> <span class='ocrx_word' id='word_1_289' title='bbox 3108 2162 3436 2235; x_wconf 76' lang='lat' dir='ltr'><strong>Novatianus</strong></span> 
     </span>
    </p>
   </div>
   <div class='ocr_carea' id='block_1_44' title="bbox 1843 2233 3437 2322">
    <p class='ocr_par' dir='ltr' id='par_1_44' title="bbox 1843 2233 3437 2322">
     <span class='ocr_line' id='line_1_44' title="bbox 1843 2233 3437 2322; baseline 0.016 -41"><span class='ocrx_word' id='word_1_290' title='bbox 1843 2233 2054 2322; x_wconf 62' lang='lat' dir='ltr'><strong>unicum</strong></span> <span class='ocrx_word' id='word_1_291' title='bbox 2106 2243 2266 2301; x_wconf 83' lang='lat' dir='ltr'><strong>caput</strong></span> <span class='ocrx_word' id='word_1_292' title='bbox 2311 2235 2522 2322; x_wconf 73' lang='lat' dir='ltr'><strong>habeat.</strong></span> <span class='ocrx_word' id='word_1_293' title='bbox 2581 2233 2780 2322; x_wconf 72' lang='lat' dir='ltr'><strong>Usqaé_</strong></span> <span class='ocrx_word' id='word_1_294' title='bbox 2810 2243 2943 2300; x_wconf 86' lang='lat' dir='ltr'><strong>adeo</strong></span> <span class='ocrx_word' id='word_1_295' title='bbox 2991 2233 3078 2322; x_wconf 69' lang='lat' dir='ltr'><strong>ut,</strong></span> <span class='ocrx_word' id='word_1_296' title='bbox 3127 2249 3170 2303; x_wconf 86' lang='lat' dir='ltr'><strong>si</strong></span> 
     </span>
    </p>
   </div>
   <div class='ocr_carea' id='block_1_45' title="bbox 1842 2300 3435 2393">
    <p class='ocr_par' dir='ltr' id='par_1_45' title="bbox 1842 2300 3435 2393">
     <span class='ocr_line' id='line_1_45' title="bbox 1842 2300 3435 2393; baseline 0.015 -38"><span class='ocrx_word' id='word_1_297' title='bbox 1842 2300 2124 2393; x_wconf 74' lang='lat' dir='ltr'><strong>loquantur</strong></span> <span class='ocrx_word' id='word_1_298' title='bbox 2148 2300 2374 2386; x_wconf 13' lang='lat' dir='ltr'><strong>,ineque</strong></span> <span class='ocrx_word' id='word_1_299' title='bbox 2413 2300 2815 2393; x_wconf 34' lang='lat' dir='ltr'><strong>Irr‘trottnh&#39;quitl</strong></span> <span class='ocrx_word' id='word_1_300' title='bbox 2865 2300 3435 2393; x_wconf 36' lang='lat' dir='ltr'><strong>grantlius&#39;esI—opu&#39;s,</strong></span> 
     </span>
    </p>
   </div>
   <div class='ocr_carea' id='block_1_46' title="bbox 1841 2379 3438 2456">
    <p class='ocr_par' dir='ltr' id='par_1_46' title="bbox 1841 2379 3438 2456">
     <span class='ocr_line' id='line_1_46' title="bbox 1841 2379 3438 2456; baseline 0.014 -29"><span class='ocrx_word' id='word_1_301' title='bbox 1841 2388 1941 2428; x_wconf 90' lang='lat' dir='ltr'><strong>nec</strong></span> <span class='ocrx_word' id='word_1_302' title='bbox 1990 2381 2230 2456; x_wconf 54' lang='grc' dir='ltr'><strong>ἐπίτασμς,</strong></span> <span class='ocrx_word' id='word_1_303' title='bbox 2287 2379 2407 2447; x_wconf 86' lang='lat' dir='ltr'><strong>quia</strong></span> <span class='ocrx_word' id='word_1_304' title='bbox 2462 2381 2515 2435; x_wconf 92' lang='lat' dir='ltr'><strong>in</strong></span> <span class='ocrx_word' id='word_1_305' title='bbox 2566 2379 2892 2456; x_wconf 64' lang='lat' dir='ltr'><strong>quibusdam&#39;</strong></span> <span class='ocrx_word' id='word_1_306' title='bbox 2934 2389 3285 2456; x_wconf 83' lang='lat' dir='ltr'><strong>succinctius;</strong></span> <span class='ocrx_word' id='word_1_307' title='bbox 3317 2379 3438 2449; x_wconf 63' lang='lat' dir='ltr'><strong>&#39;uec</strong></span> 
     </span>
    </p>
   </div>
   <div class='ocr_carea' id='block_1_47' title="bbox 1839 2451 3435 2535">
    <p class='ocr_par' dir='ltr' id='par_1_47' title="bbox 1839 2451 3435 2535">
     <span class='ocr_line' id='line_1_47' title="bbox 1839 2451 3435 2535; baseline 0.016 -38"><span class='ocrx_word' id='word_1_308' title='bbox 1839 2455 2062 2535; x_wconf 36' lang='lat' dir='ltr'><strong>citi/uiam...</strong></span> <span class='ocrx_word' id='word_1_309' title='bbox 2082 2451 2217 2535; x_wconf 35' lang='lat' dir='ltr'><strong>quia.</strong></span> <span class='ocrx_word' id='word_1_310' title='bbox 2228 2463 2333 2535; x_wconf 72' lang='lat' dir='ltr'><strong>non</strong></span> <span class='ocrx_word' id='word_1_311' title='bbox 2348 2464 2452 2535; x_wconf 66' lang='lat' dir='ltr'><strong>per</strong></span> <span class='ocrx_word' id='word_1_312' title='bbox 2466 2455 2646 2534; x_wconf 79' lang='lat' dir='ltr'><strong>omnia</strong></span> <span class='ocrx_word' id='word_1_313' title='bbox 2666 2454 2922 2526; x_wconf 81' lang='lat' dir='ltr'><strong>imitatur,</strong></span> <span class='ocrx_word' id='word_1_314' title='bbox 2942 2458 3047 2516; x_wconf 92' lang='lat' dir='ltr'><strong>dici</strong></span> <span class='ocrx_word' id='word_1_315' title='bbox 3067 2464 3236 2532; x_wconf 82' lang='lat' dir='ltr'><strong>possit</strong></span> <span class='ocrx_word' id='word_1_316' title='bbox 3256 2451 3435 2535; x_wconf 84' lang='lat' dir='ltr'><strong>operis</strong></span> 
     </span>
    </p>
   </div>
   <div class='ocr_carea' id='block_1_48' title="bbox 1845 2516 2650 2580">
    <p class='ocr_par' dir='ltr' id='par_1_48' title="bbox 1845 2516 2650 2580">
     <span class='ocr_line' id='line_1_48' title="bbox 1845 2516 2650 2580; baseline 0.009 -9"><span class='ocrx_word' id='word_1_317' title='bbox 1845 2516 2158 2573; x_wconf 85' lang='lat' dir='ltr'><strong>Tertulliani</strong></span> <span class='ocrx_word' id='word_1_318' title='bbox 2185 2519 2320 2576; x_wconf 87' lang='lat' dir='ltr'><strong>liber</strong></span> <span class='ocrx_word' id='word_1_319' title='bbox 2347 2520 2650 2580; x_wconf 83' lang='lat' dir='ltr'><strong>Novatiani.</strong></span> 
     </span>
    </p>
   </div>
   <div class='ocr_carea' id='block_1_49' title="bbox 1453 2669 2209 2735">
    <p class='ocr_par' dir='ltr' id='par_1_49' title="bbox 1453 2669 2209 2735">
     <span class='ocr_line' id='line_1_49' title="bbox 1453 2669 2209 2735; baseline 0.016 -14"><span class='ocrx_word' id='word_1_320' title='bbox 1453 2669 1562 2725; x_wconf 85' lang='lat' dir='ltr'>VII.</span> <span class='ocrx_word' id='word_1_321' title='bbox 1611 2672 1699 2728; x_wconf 87' lang='lat' dir='ltr'><strong>DE</strong></span> <span class='ocrx_word' id='word_1_322' title='bbox 1729 2672 1948 2732; x_wconf 77' lang='lat' dir='ltr'><strong>CENSU</strong></span> <span class='ocrx_word' id='word_1_323' title='bbox 1970 2676 2209 2735; x_wconf 67' lang='grc' dir='ltr'><strong>ΑΝΙΜᾹ]</strong></span> 
     </span>
    </p>
   </div>
   <div class='ocr_carea' id='block_1_50' title="bbox 754 2799 2847 2873">
    <p class='ocr_par' dir='ltr' id='par_1_50' title="bbox 754 2799 2847 2873">
     <span class='ocr_line' id='line_1_50' title="bbox 754 2799 2847 2873; baseline 0.01 -27"><span class='ocrx_word' id='word_1_324' title='bbox 754 2799 925 2847; x_wconf 71' lang='lat' dir='ltr'>LIBRI</span> <span class='ocrx_word' id='word_1_325' title='bbox 966 2800 1289 2848; x_wconf 73' lang='grc' dir='ltr'><strong>Αῡνειιευε</strong></span> <span class='ocrx_word' id='word_1_326' title='bbox 1326 2802 1770 2850; x_wconf 76' lang='lat' dir='ltr'><strong>BEBMOGENEM</strong></span> <span class='ocrx_word' id='word_1_327' title='bbox 1816 2809 2263 2856; x_wconf 72' lang='lat' dir='ltr'><strong>ARGUMENTUM</strong></span> <span class='ocrx_word' id='word_1_328' title='bbox 2305 2813 2388 2858; x_wconf 80' lang='grc' dir='ltr'>ΕΤ</span> <span class='ocrx_word' id='word_1_329' title='bbox 2431 2815 2847 2873; x_wconf 70' lang='lat' dir='ltr'><strong>FRAGMENTA,</strong></span> 
     </span>
    </p>
   </div>
   <div class='ocr_carea' id='block_1_51' title="bbox 1146 2932 2498 3021">
    <p class='ocr_par' dir='ltr' id='par_1_51' title="bbox 1146 2932 2498 3021">
     <span class='ocr_line' id='line_1_51' title="bbox 1146 2932 2498 3021; baseline 0.012 -28"><span class='ocrx_word' id='word_1_330' title='bbox 1146 2949 1230 2993; x_wconf 82' lang='lat' dir='ltr'><strong>ex</strong></span> <span class='ocrx_word' id='word_1_331' title='bbox 1254 2932 1421 2996; x_wconf 91' lang='lat' dir='ltr'><strong>libro</strong></span> <span class='ocrx_word' id='word_1_332' title='bbox 1447 2934 1522 2998; x_wconf 88' lang='lat' dir='ltr'><strong>de</strong></span> <span class='ocrx_word' id='word_1_333' title='bbox 1549 2936 1808 3016; x_wconf 85' lang='lat' dir='ltr'><strong>Anima,</strong></span> <span class='ocrx_word' id='word_1_334' title='bbox 1837 2957 1978 3021; x_wconf 85' lang='lat' dir='ltr'><strong>cap.</strong></span> <span class='ocrx_word' id='word_1_335' title='bbox 2013 2942 2074 3020; x_wconf 89' lang='grc'><strong>1,</strong></span> <span class='ocrx_word' id='word_1_336' title='bbox 2105 2941 2170 3020; x_wconf 89' lang='grc'><strong>3,</strong></span> <span class='ocrx_word' id='word_1_337' title='bbox 2197 2942 2281 3004; x_wconf 77' lang='lat'><strong>22</strong></span> <span class='ocrx_word' id='word_1_338' title='bbox 2309 2949 2371 3009; x_wconf 89' lang='lat' dir='ltr'><strong>et</strong></span> <span class='ocrx_word' id='word_1_339' title='bbox 2396 2945 2498 3009; x_wconf 67' lang='lat' dir='ltr'><strong>2h.</strong></span> 
     </span>
    </p>
   </div>
   <div class='ocr_carea' id='block_1_52' title="bbox 219 3075 1737 3148">
    <p class='ocr_par' dir='ltr' id='par_1_52' title="bbox 219 3075 1737 3148">
     <span class='ocr_line' id='line_1_52' title="bbox 219 3075 1737 3148; baseline 0.001 -14"><span class='ocrx_word' id='word_1_340' title='bbox 219 3079 295 3136; x_wconf 91' lang='lat' dir='ltr'><strong>De</strong></span> <span class='ocrx_word' id='word_1_341' title='bbox 307 3076 421 3134; x_wconf 89' lang='lat' dir='ltr'><strong>solo</strong></span> <span class='ocrx_word' id='word_1_342' title='bbox 439 3075 603 3134; x_wconf 85' lang='lat' dir='ltr'><strong>Censu</strong></span> <span class='ocrx_word' id='word_1_343' title='bbox 623 3077 825 3144; x_wconf 69' lang='lat' dir='ltr'><strong>animm,</strong></span> <span class='ocrx_word' id='word_1_344' title='bbox 845 3077 1009 3148; x_wconf 82' lang='lat' dir='ltr'><strong>inquit</strong></span> <span class='ocrx_word' id='word_1_345' title='bbox 1029 3075 1392 3142; x_wconf 80' lang='lat' dir='ltr'><strong>Tertullianus,</strong></span> <span class='ocrx_word' id='word_1_346' title='bbox 1416 3092 1737 3148; x_wconf 88' lang='lat' dir='ltr'><strong>congressus</strong></span> 
     </span>
    </p>
   </div>
   <div class='ocr_carea' id='block_1_53' title="bbox 143 3170 1739 3244">
    <p class='ocr_par' dir='ltr' id='par_1_53' title="bbox 143 3170 1739 3244">
     <span class='ocr_line' id='line_1_53' title="bbox 143 3170 1739 3244; baseline -0.001 -14"><span class='ocrx_word' id='word_1_347' title='bbox 143 3171 465 3244; x_wconf 81' lang='lat' dir='ltr'><strong>Hermogeni</strong></span> <span class='ocrx_word' id='word_1_348' title='bbox 495 3214 509 3238; x_wconf 90' lang='lat'><strong>,</strong></span> <span class='ocrx_word' id='word_1_349' title='bbox 541 3181 802 3243; x_wconf 85' lang='lat' dir='ltr'><strong>quatenus</strong></span> <span class='ocrx_word' id='word_1_350' title='bbox 847 3179 901 3227; x_wconf 91' lang='lat' dir='ltr'><strong>et</strong></span> <span class='ocrx_word' id='word_1_351' title='bbox 950 3170 1109 3227; x_wconf 91' lang='lat' dir='ltr'><strong>istum</strong></span> <span class='ocrx_word' id='word_1_352' title='bbox 1158 3186 1225 3226; x_wconf 82' lang='lat' dir='ltr'><strong>ex</strong></span> <span class='ocrx_word' id='word_1_353' title='bbox 1283 3172 1519 3228; x_wconf 73' lang='lat' dir='ltr'><strong>materia:</strong></span> <span class='ocrx_word' id='word_1_354' title='bbox 1564 3174 1739 3241; x_wconf 88' lang='lat' dir='ltr'><strong>potius</strong></span> 
     </span>
    </p>
   </div>
   <div class='ocr_carea' id='block_1_54' title="bbox 142 3263 1736 3339">
    <p class='ocr_par' dir='ltr' id='par_1_54' title="bbox 142 3263 1736 3339">
     <span class='ocr_line' id='line_1_54' title="bbox 142 3263 1736 3339; baseline -0.001 -18"><span class='ocrx_word' id='word_1_355' title='bbox 142 3276 418 3339; x_wconf 87' lang='lat' dir='ltr'><strong>suggestu,</strong></span> <span class='ocrx_word' id='word_1_356' title='bbox 443 3280 602 3337; x_wconf 87' lang='lat' dir='ltr'><strong>quam</strong></span> <span class='ocrx_word' id='word_1_357' title='bbox 629 3281 698 3321; x_wconf 84' lang='lat' dir='ltr'><strong>cx</strong></span> <span class='ocrx_word' id='word_1_358' title='bbox 723 3265 814 3321; x_wconf 86' lang='lat' dir='ltr'><strong>Dei</strong></span> <span class='ocrx_word' id='word_1_359' title='bbox 845 3263 974 3320; x_wconf 90' lang='lat' dir='ltr'><strong>ﬂatu</strong></span> <span class='ocrx_word' id='word_1_360' title='bbox 1021 3265 1327 3321; x_wconf 89' lang='lat' dir='ltr'><strong>constitisse</strong></span> <span class='ocrx_word' id='word_1_361' title='bbox 1355 3267 1736 3336; x_wconf 65' lang='lat' dir='ltr'><strong>praesumpsit;</strong></span> 
     </span>
    </p>
   </div>
   <div class='ocr_carea' id='block_1_55' title="bbox 143 3357 1738 3432">
    <p class='ocr_par' dir='ltr' id='par_1_55' title="bbox 143 3357 1738 3432">
     <span class='ocr_line' id='line_1_55' title="bbox 143 3357 1738 3432; baseline 0.001 -18"><span class='ocrx_word' id='word_1_362' title='bbox 143 3375 289 3415; x_wconf 85' lang='lat' dir='ltr'><strong>nunc</strong></span> <span class='ocrx_word' id='word_1_363' title='bbox 335 3357 401 3414; x_wconf 91' lang='lat' dir='ltr'><strong>ad</strong></span> <span class='ocrx_word' id='word_1_364' title='bbox 451 3357 687 3430; x_wconf 84' lang='lat' dir='ltr'><strong>reliquas</strong></span> <span class='ocrx_word' id='word_1_365' title='bbox 733 3373 1029 3416; x_wconf 86' lang='lat' dir='ltr'><strong>conversus</strong></span> <span class='ocrx_word' id='word_1_366' title='bbox 1055 3360 1380 3430; x_wconf 67' lang='lat' dir='ltr'><strong>quaestiones</strong></span> <span class='ocrx_word' id='word_1_367' title='bbox 1404 3401 1419 3426; x_wconf 94' lang='lat'><strong>,</strong></span> <span class='ocrx_word' id='word_1_368' title='bbox 1449 3361 1738 3432; x_wconf 80' lang='lat' dir='ltr'><strong>plurimum</strong></span> 
     </span>
    </p>
   </div>
   <div class='ocr_carea' id='block_1_56' title="bbox 143 3449 1274 3522">
    <p class='ocr_par' dir='ltr' id='par_1_56' title="bbox 143 3449 1274 3522">
     <span class='ocr_line' id='line_1_56' title="bbox 143 3449 1274 3522; baseline 0.002 -17"><span class='ocrx_word' id='word_1_369' title='bbox 143 3451 370 3507; x_wconf 84' lang='lat' dir='ltr'><strong>videbor</strong></span> <span class='ocrx_word' id='word_1_370' title='bbox 391 3465 515 3507; x_wconf 88' lang='lat' dir='ltr'><strong>cum</strong></span> <span class='ocrx_word' id='word_1_371' title='bbox 545 3449 879 3522; x_wconf 82' lang='lat' dir='ltr'><strong>philosophis</strong></span> <span class='ocrx_word' id='word_1_372' title='bbox 902 3450 1274 3508; x_wconf 84' lang='lat' dir='ltr'><strong>dimicaturus.</strong></span> 
     </span>
    </p>
   </div>
   <div class='ocr_carea' id='block_1_57' title="bbox 218 3543 1738 3619">
    <p class='ocr_par' dir='ltr' id='par_1_57' title="bbox 218 3543 1738 3619">
     <span class='ocr_line' id='line_1_57' title="bbox 218 3543 1738 3619; baseline 0.001 -19"><span class='ocrx_word' id='word_1_373' title='bbox 218 3544 332 3600; x_wconf 87' lang='lat' dir='ltr'><strong>Una</strong></span> <span class='ocrx_word' id='word_1_374' title='bbox 349 3545 460 3615; x_wconf 86' lang='lat' dir='ltr'><strong>jam</strong></span> <span class='ocrx_word' id='word_1_375' title='bbox 481 3544 862 3614; x_wconf 77' lang='lat' dir='ltr'><strong>congressione</strong></span> <span class='ocrx_word' id='word_1_376' title='bbox 883 3543 1062 3600; x_wconf 90' lang='lat' dir='ltr'><strong>decisa</strong></span> <span class='ocrx_word' id='word_1_377' title='bbox 1086 3546 1326 3600; x_wconf 79' lang='lat' dir='ltr'><strong>adversus</strong></span> <span class='ocrx_word' id='word_1_378' title='bbox 1349 3545 1738 3619; x_wconf 83' lang='lat' dir='ltr'><strong>Hermogenem,</strong></span> 
     </span>
    </p>
   </div>
   <div class='ocr_carea' id='block_1_58' title="bbox 156 3636 1739 3709">
    <p class='ocr_par' dir='ltr' id='par_1_58' title="bbox 156 3636 1739 3709">
     <span class='ocr_line' id='line_1_58' title="bbox 156 3636 1739 3709; baseline 0.001 -16"><span class='ocrx_word' id='word_1_379' title='bbox 156 3647 215 3693; x_wconf 92' lang='lat' dir='ltr'><strong>ut</strong></span> <span class='ocrx_word' id='word_1_380' title='bbox 238 3638 440 3709; x_wconf 80' lang='lat' dir='ltr'><strong>praefati</strong></span> <span class='ocrx_word' id='word_1_381' title='bbox 473 3651 658 3693; x_wconf 90' lang='lat' dir='ltr'><strong>sumus</strong></span> <span class='ocrx_word' id='word_1_382' title='bbox 679 3677 694 3703; x_wconf 92' lang='lat'><strong>,</strong></span> <span class='ocrx_word' id='word_1_383' title='bbox 725 3636 849 3707; x_wconf 85' lang='lat' dir='ltr'><strong>quia</strong></span> <span class='ocrx_word' id='word_1_384' title='bbox 877 3638 1108 3692; x_wconf 89' lang='lat' dir='ltr'><strong>animam</strong></span> <span class='ocrx_word' id='word_1_385' title='bbox 1131 3654 1198 3692; x_wconf 81' lang='lat' dir='ltr'><strong>ex</strong></span> <span class='ocrx_word' id='word_1_386' title='bbox 1242 3637 1337 3693; x_wconf 86' lang='lat' dir='ltr'><strong>Dei</strong></span> <span class='ocrx_word' id='word_1_387' title='bbox 1362 3638 1509 3703; x_wconf 87' lang='lat' dir='ltr'><strong>ﬂatu,</strong></span> <span class='ocrx_word' id='word_1_388' title='bbox 1541 3655 1644 3694; x_wconf 91' lang='lat' dir='ltr'><strong>non</strong></span> <span class='ocrx_word' id='word_1_389' title='bbox 1672 3656 1739 3695; x_wconf 78' lang='lat' dir='ltr'><strong>ex</strong></span> 
     </span>
    </p>
   </div>
   <div class='ocr_carea' id='block_1_59' title="bbox 150 3729 1741 3795">
    <p class='ocr_par' dir='ltr' id='par_1_59' title="bbox 150 3729 1741 3795">
     <span class='ocr_line' id='line_1_59' title="bbox 150 3729 1741 3795; baseline -0.001 -8"><span class='ocrx_word' id='word_1_390' title='bbox 150 3732 370 3787; x_wconf 83' lang='lat' dir='ltr'><strong>materia</strong></span> <span class='ocrx_word' id='word_1_391' title='bbox 396 3730 766 3795; x_wconf 80' lang='lat' dir='ltr'><strong>vindicamus;</strong></span> <span class='ocrx_word' id='word_1_392' title='bbox 813 3729 1000 3784; x_wconf 90' lang='lat' dir='ltr'><strong>muniti</strong></span> <span class='ocrx_word' id='word_1_393' title='bbox 1046 3737 1100 3784; x_wconf 90' lang='lat' dir='ltr'><strong>et</strong></span> <span class='ocrx_word' id='word_1_394' title='bbox 1129 3729 1235 3784; x_wconf 88' lang='lat' dir='ltr'><strong>illic</strong></span> <span class='ocrx_word' id='word_1_395' title='bbox 1258 3729 1458 3786; x_wconf 82' lang='lat' dir='ltr'><strong>divinae</strong></span> <span class='ocrx_word' id='word_1_396' title='bbox 1484 3729 1741 3786; x_wconf 84' lang='lat' dir='ltr'><strong>determi-</strong></span> 
     </span>
    </p>
   </div>
   <div class='ocr_carea' id='block_1_60' title="bbox 149 3820 1744 3894">
    <p class='ocr_par' dir='ltr' id='par_1_60' title="bbox 149 3820 1744 3894">
     <span class='ocr_line' id='line_1_60' title="bbox 149 3820 1744 3894; baseline -0.003 -13"><span class='ocrx_word' id='word_1_397' title='bbox 149 3825 382 3881; x_wconf 88' lang='lat' dir='ltr'><strong>nationis</strong></span> <span class='ocrx_word' id='word_1_398' title='bbox 407 3821 787 3880; x_wconf 85' lang='lat' dir='ltr'><strong>inobscurabili</strong></span> <span class='ocrx_word' id='word_1_399' title='bbox 818 3822 999 3894; x_wconf 85' lang='lat' dir='ltr'><strong>regula</strong></span> <span class='ocrx_word' id='word_1_400' title='bbox 1045 3837 1059 3877; x_wconf 90' lang='lat'><strong>:</strong></span> <span class='ocrx_word' id='word_1_401' title='bbox 1092 3821 1157 3876; x_wconf 87' lang='lat' dir='ltr'><strong>Et</strong></span> <span class='ocrx_word' id='word_1_402' title='bbox 1183 3823 1345 3892; x_wconf 82' lang='lat' dir='ltr'><strong>ﬂavit,</strong></span> <span class='ocrx_word' id='word_1_403' title='bbox 1377 3823 1569 3894; x_wconf 89' lang='lat' dir='ltr'><strong>inquit,</strong></span> <span class='ocrx_word' id='word_1_404' title='bbox 1601 3820 1744 3877; x_wconf 85' lang='lat' dir='ltr'><strong>Deus</strong></span> 
     </span>
    </p>
   </div>
   <div class='ocr_carea' id='block_1_61' title="bbox 152 3915 1743 3989">
    <p class='ocr_par' dir='ltr' id='par_1_61' title="bbox 152 3915 1743 3989">
     <span class='ocr_line' id='line_1_61' title="bbox 152 3915 1743 3989; baseline -0.003 -16"><span class='ocrx_word' id='word_1_405' title='bbox 152 3920 330 3989; x_wconf 77' lang='lat' dir='ltr'><strong>ﬂatum</strong></span> <span class='ocrx_word' id='word_1_406' title='bbox 358 3918 473 3972; x_wconf 75' lang='lat' dir='ltr'><strong>uitta</strong></span> <span class='ocrx_word' id='word_1_407' title='bbox 494 3917 547 3971; x_wconf 84' lang='lat' dir='ltr'><strong>in</strong></span> <span class='ocrx_word' id='word_1_408' title='bbox 575 3917 758 3988; x_wconf 77' lang='lat' dir='ltr'><strong>faciens</strong></span> <span class='ocrx_word' id='word_1_409' title='bbox 782 3916 1021 3980; x_wconf 79' lang='lat' dir='ltr'><strong>hominis,</strong></span> <span class='ocrx_word' id='word_1_410' title='bbox 1064 3924 1118 3968; x_wconf 86' lang='lat' dir='ltr'><strong>et</strong></span> <span class='ocrx_word' id='word_1_411' title='bbox 1165 3915 1331 3982; x_wconf 76' lang='lat' dir='ltr'><strong>factus</strong></span> <span class='ocrx_word' id='word_1_412' title='bbox 1376 3925 1449 3969; x_wconf 87' lang='lat' dir='ltr'><strong>est</strong></span> <span class='ocrx_word' id='word_1_413' title='bbox 1495 3917 1645 3970; x_wconf 79' lang='lat' dir='ltr'><strong>homo</strong></span> <span class='ocrx_word' id='word_1_414' title='bbox 1690 3917 1743 3969; x_wconf 86' lang='lat' dir='ltr'><strong>in</strong></span> 
     </span>
    </p>
   </div>
   <div class='ocr_carea' id='block_1_62' title="bbox 150 4004 1742 4080">
    <p class='ocr_par' dir='ltr' id='par_1_62' title="bbox 150 4004 1742 4080">
     <span class='ocr_line' id='line_1_62' title="bbox 150 4004 1742 4080; baseline -0.001 -15"><span class='ocrx_word' id='word_1_415' title='bbox 150 4012 375 4066; x_wconf 84' lang='lat' dir='ltr'><strong>animam</strong></span> <span class='ocrx_word' id='word_1_416' title='bbox 403 4008 564 4063; x_wconf 75' lang='lat' dir='ltr'><strong>vivam</strong></span> <span class='ocrx_word' id='word_1_417' title='bbox 595 4007 768 4080; x_wconf 67' lang='lat' dir='ltr'><strong>(Gem,</strong></span> <span class='ocrx_word' id='word_1_418' title='bbox 791 4007 868 4073; x_wconf 86' lang='lat' dir='ltr'><strong>ll;</strong></span> <span class='ocrx_word' id='word_1_419' title='bbox 896 4005 918 4061; x_wconf 86' lang='lat' dir='ltr'><strong>l</strong></span> <span class='ocrx_word' id='word_1_420' title='bbox 947 4005 1090 4073; x_wconf 87' lang='lat' dir='ltr'><strong>Cor.,</strong></span> <span class='ocrx_word' id='word_1_421' title='bbox 1119 4004 1239 4076; x_wconf 78' lang='lat' dir='ltr'><strong>XV)</strong></span> <span class='ocrx_word' id='word_1_422' title='bbox 1260 4049 1275 4071; x_wconf 96' lang='lat'><strong>,</strong></span> <span class='ocrx_word' id='word_1_423' title='bbox 1319 4007 1503 4076; x_wconf 88' lang='lat' dir='ltr'><strong>utique</strong></span> <span class='ocrx_word' id='word_1_424' title='bbox 1553 4009 1602 4062; x_wconf 90' lang='lat' dir='ltr'><strong>ei</strong></span> <span class='ocrx_word' id='word_1_425' title='bbox 1648 4007 1742 4063; x_wconf 87' lang='lat' dir='ltr'><strong>Dei</strong></span> 
     </span>
    </p>
   </div>
   <div class='ocr_carea' id='block_1_63' title="bbox 155 4098 1742 4172">
    <p class='ocr_par' dir='ltr' id='par_1_63' title="bbox 155 4098 1742 4172">
     <span class='ocr_line' id='line_1_63' title="bbox 155 4098 1742 4172; baseline -0.003 -12"><span class='ocrx_word' id='word_1_426' title='bbox 155 4105 301 4160; x_wconf 87' lang='lat' dir='ltr'><strong>ﬂatu.</strong></span> <span class='ocrx_word' id='word_1_427' title='bbox 331 4103 408 4160; x_wconf 89' lang='lat' dir='ltr'><strong>De</strong></span> <span class='ocrx_word' id='word_1_428' title='bbox 432 4102 535 4158; x_wconf 93' lang='lat' dir='ltr'><strong>isto</strong></span> <span class='ocrx_word' id='word_1_429' title='bbox 556 4101 685 4157; x_wconf 89' lang='lat' dir='ltr'><strong>nihil</strong></span> <span class='ocrx_word' id='word_1_430' title='bbox 711 4101 940 4172; x_wconf 89' lang='lat' dir='ltr'><strong>amplius</strong></span> <span class='ocrx_word' id='word_1_431' title='bbox 960 4098 1376 4165; x_wconf 89' lang='lat' dir='ltr'><strong>revolvendum;</strong></span> <span class='ocrx_word' id='word_1_432' title='bbox 1404 4099 1565 4157; x_wconf 86' lang='lat' dir='ltr'><strong>habet</strong></span> <span class='ocrx_word' id='word_1_433' title='bbox 1587 4115 1742 4156; x_wconf 91' lang='lat' dir='ltr'><strong>suum</strong></span> 
     </span>
    </p>
   </div>
   <div class='ocr_carea' id='block_1_64' title="bbox 151 4191 983 4251">
    <p class='ocr_par' dir='ltr' id='par_1_64' title="bbox 151 4191 983 4251">
     <span class='ocr_line' id='line_1_64' title="bbox 151 4191 983 4251; baseline -0.007 0"><span class='ocrx_word' id='word_1_434' title='bbox 151 4195 358 4251; x_wconf 92' lang='lat' dir='ltr'><strong>titulum</strong></span> <span class='ocrx_word' id='word_1_435' title='bbox 387 4202 444 4251; x_wconf 88' lang='lat' dir='ltr'><strong>et</strong></span> <span class='ocrx_word' id='word_1_436' title='bbox 465 4208 620 4250; x_wconf 86' lang='lat' dir='ltr'><strong>suum</strong></span> <span class='ocrx_word' id='word_1_437' title='bbox 653 4191 983 4248; x_wconf 69' lang='lat' dir='ltr'><strong>ltmreticum.</strong></span> 
     </span>
    </p>
   </div>
   <div class='ocr_carea' id='block_1_65' title="bbox 224 4283 1746 4359">
    <p class='ocr_par' dir='ltr' id='par_1_65' title="bbox 224 4283 1746 4359">
     <span class='ocr_line' id='line_1_65' title="bbox 224 4283 1746 4359; baseline -0.001 -16"><span class='ocrx_word' id='word_1_438' title='bbox 224 4286 489 4344; x_wconf 81' lang='lat' dir='ltr'><strong>Caeterum</strong></span> <span class='ocrx_word' id='word_1_439' title='bbox 534 4286 774 4340; x_wconf 80' lang='lat' dir='ltr'><strong>adversus</strong></span> <span class='ocrx_word' id='word_1_440' title='bbox 814 4283 1189 4355; x_wconf 80' lang='lat' dir='ltr'><strong>Hermogenem</strong></span> <span class='ocrx_word' id='word_1_441' title='bbox 1215 4325 1230 4350; x_wconf 93' lang='lat'><strong>,</strong></span> <span class='ocrx_word' id='word_1_442' title='bbox 1258 4285 1348 4355; x_wconf 91' lang='lat' dir='ltr'><strong>qui</strong></span> <span class='ocrx_word' id='word_1_443' title='bbox 1380 4299 1500 4341; x_wconf 90' lang='lat' dir='ltr'><strong>eam</strong></span> <span class='ocrx_word' id='word_1_444' title='bbox 1531 4284 1746 4359; x_wconf 88' lang='lat' dir='ltr'><strong>(nempe</strong></span> 
     </span>
    </p>
   </div>
   <div class='ocr_carea' id='block_1_66' title="bbox 154 4375 1746 4448">
    <p class='ocr_par' dir='ltr' id='par_1_66' title="bbox 154 4375 1746 4448">
     <span class='ocr_line' id='line_1_66' title="bbox 154 4375 1746 4448; baseline 0.001 -15"><span class='ocrx_word' id='word_1_445' title='bbox 154 4379 427 4446; x_wconf 89' lang='lat' dir='ltr'><strong>animam)</strong></span> <span class='ocrx_word' id='word_1_446' title='bbox 475 4393 544 4434; x_wconf 82' lang='lat' dir='ltr'><strong>ex</strong></span> <span class='ocrx_word' id='word_1_447' title='bbox 586 4378 832 4443; x_wconf 86' lang='lat' dir='ltr'><strong>materia,</strong></span> <span class='ocrx_word' id='word_1_448' title='bbox 863 4391 970 4432; x_wconf 90' lang='lat' dir='ltr'><strong>nou</strong></span> <span class='ocrx_word' id='word_1_449' title='bbox 1015 4391 1082 4432; x_wconf 78' lang='lat' dir='ltr'><strong>ex</strong></span> <span class='ocrx_word' id='word_1_450' title='bbox 1132 4375 1227 4431; x_wconf 89' lang='lat' dir='ltr'><strong>Dei</strong></span> <span class='ocrx_word' id='word_1_451' title='bbox 1281 4375 1746 4448; x_wconf 90' lang='lat' dir='ltr'><strong>ﬂatu,contendit,</strong></span> 
     </span>
    </p>
   </div>
   <div class='ocr_carea' id='block_1_67' title="bbox 155 4471 1750 4545">
    <p class='ocr_par' dir='ltr' id='par_1_67' title="bbox 155 4471 1750 4545">
     <span class='ocr_line' id='line_1_67' title="bbox 155 4471 1750 4545; baseline 0.001 -16"><span class='ocrx_word' id='word_1_452' title='bbox 155 4474 338 4530; x_wconf 90' lang='lat' dir='ltr'><strong>ﬂatum</strong></span> <span class='ocrx_word' id='word_1_453' title='bbox 369 4474 586 4545; x_wconf 85' lang='lat' dir='ltr'><strong>proprie</strong></span> <span class='ocrx_word' id='word_1_454' title='bbox 642 4481 872 4529; x_wconf 89' lang='lat' dir='ltr'><strong>tuemur.</strong></span> <span class='ocrx_word' id='word_1_455' title='bbox 928 4471 1025 4528; x_wconf 88' lang='lat' dir='ltr'><strong>llle</strong></span> <span class='ocrx_word' id='word_1_456' title='bbox 1061 4472 1204 4527; x_wconf 88' lang='lat' dir='ltr'><strong>enim</strong></span> <span class='ocrx_word' id='word_1_457' title='bbox 1229 4514 1243 4540; x_wconf 95' lang='lat'><strong>,</strong></span> <span class='ocrx_word' id='word_1_458' title='bbox 1285 4472 1544 4529; x_wconf 89' lang='lat' dir='ltr'><strong>adversus</strong></span> <span class='ocrx_word' id='word_1_459' title='bbox 1585 4475 1750 4545; x_wconf 88' lang='lat' dir='ltr'><strong>ipsius</strong></span> 
     </span>
    </p>
   </div>
   <div class='ocr_carea' id='block_1_68' title="bbox 155 4564 1750 4640">
    <p class='ocr_par' dir='ltr' id='par_1_68' title="bbox 155 4564 1750 4640">
     <span class='ocr_line' id='line_1_68' title="bbox 155 4564 1750 4640; baseline -0.001 -14"><span class='ocrx_word' id='word_1_460' title='bbox 155 4569 444 4640; x_wconf 75' lang='lat' dir='ltr'><strong>Scriptura:</strong></span> <span class='ocrx_word' id='word_1_461' title='bbox 484 4566 645 4624; x_wconf 84' lang='lat' dir='ltr'><strong>ﬁdem</strong></span> <span class='ocrx_word' id='word_1_462' title='bbox 683 4564 866 4623; x_wconf 83' lang='lat' dir='ltr'><strong>ﬂatum</strong></span> <span class='ocrx_word' id='word_1_463' title='bbox 918 4566 970 4621; x_wconf 92' lang='lat' dir='ltr'><strong>in</strong></span> <span class='ocrx_word' id='word_1_464' title='bbox 1008 4565 1264 4636; x_wconf 89' lang='lat' dir='ltr'><strong>Spiritum</strong></span> <span class='ocrx_word' id='word_1_465' title='bbox 1311 4567 1504 4633; x_wconf 82' lang='lat' dir='ltr'><strong>vertit;</strong></span> <span class='ocrx_word' id='word_1_466' title='bbox 1539 4577 1594 4622; x_wconf 91' lang='lat' dir='ltr'><strong>ut</strong></span> <span class='ocrx_word' id='word_1_467' title='bbox 1622 4568 1750 4624; x_wconf 87' lang='lat' dir='ltr'><strong>dum</strong></span> 
     </span>
    </p>
   </div>
   <div class='ocr_carea' id='block_1_69' title="bbox 154 4660 1749 4734">
    <p class='ocr_par' dir='ltr' id='par_1_69' title="bbox 154 4660 1749 4734">
     <span class='ocr_line' id='line_1_69' title="bbox 154 4660 1749 4734; baseline -0.002 -14"><span class='ocrx_word' id='word_1_468' title='bbox 154 4664 466 4721; x_wconf 87' lang='lat' dir='ltr'><strong>incredibile</strong></span> <span class='ocrx_word' id='word_1_469' title='bbox 488 4672 573 4719; x_wconf 88' lang='lat' dir='ltr'><strong>est</strong></span> <span class='ocrx_word' id='word_1_470' title='bbox 595 4661 850 4734; x_wconf 89' lang='lat' dir='ltr'><strong>Spiritum</strong></span> <span class='ocrx_word' id='word_1_471' title='bbox 877 4661 974 4717; x_wconf 89' lang='lat' dir='ltr'><strong>Dei</strong></span> <span class='ocrx_word' id='word_1_472' title='bbox 997 4660 1049 4717; x_wconf 92' lang='lat' dir='ltr'><strong>in</strong></span> <span class='ocrx_word' id='word_1_473' title='bbox 1072 4661 1410 4728; x_wconf 89' lang='lat' dir='ltr'><strong>delictum,et</strong></span> <span class='ocrx_word' id='word_1_474' title='bbox 1438 4677 1563 4717; x_wconf 82' lang='lat' dir='ltr'><strong>mox</strong></span> <span class='ocrx_word' id='word_1_475' title='bbox 1587 4661 1639 4717; x_wconf 91' lang='lat' dir='ltr'><strong>in</strong></span> <span class='ocrx_word' id='word_1_476' title='bbox 1659 4661 1749 4732; x_wconf 79' lang='lat' dir='ltr'><strong>ju-</strong></span> 
     </span>
    </p>
   </div>
   <div class='ocr_carea' id='block_1_70' title="bbox 154 4753 1747 4824">
    <p class='ocr_par' dir='ltr' id='par_1_70' title="bbox 154 4753 1747 4824">
     <span class='ocr_line' id='line_1_70' title="bbox 154 4753 1747 4824; baseline -0.001 -12"><span class='ocrx_word' id='word_1_477' title='bbox 154 4757 352 4813; x_wconf 91' lang='lat' dir='ltr'><strong>dicium</strong></span> <span class='ocrx_word' id='word_1_478' title='bbox 374 4754 629 4812; x_wconf 82' lang='lat' dir='ltr'><strong>devenire</strong></span> <span class='ocrx_word' id='word_1_479' title='bbox 656 4795 673 4823; x_wconf 90' lang='lat'><strong>,</strong></span> <span class='ocrx_word' id='word_1_480' title='bbox 701 4769 771 4811; x_wconf 82' lang='lat' dir='ltr'><strong>ex</strong></span> <span class='ocrx_word' id='word_1_481' title='bbox 801 4753 1022 4810; x_wconf 88' lang='lat' dir='ltr'><strong>materia</strong></span> <span class='ocrx_word' id='word_1_482' title='bbox 1052 4755 1232 4824; x_wconf 89' lang='lat' dir='ltr'><strong>potius</strong></span> <span class='ocrx_word' id='word_1_483' title='bbox 1277 4754 1452 4810; x_wconf 85' lang='lat' dir='ltr'><strong>anima</strong></span> <span class='ocrx_word' id='word_1_484' title='bbox 1479 4754 1747 4824; x_wconf 89' lang='lat' dir='ltr'><strong>credatur,</strong></span> 
     </span>
    </p>
   </div>
   <div class='ocr_carea' id='block_1_71' title="bbox 1842 3088 3441 3160">
    <p class='ocr_par' dir='ltr' id='par_1_71' title="bbox 1842 3088 3441 3160">
     <span class='ocr_line' id='line_1_71' title="bbox 1842 3088 3441 3160; baseline 0.015 -23"><span class='ocrx_word' id='word_1_485' title='bbox 1842 3099 2000 3154; x_wconf 84' lang='lat' dir='ltr'><strong>quam</strong></span> <span class='ocrx_word' id='word_1_486' title='bbox 2029 3101 2094 3142; x_wconf 83' lang='lat' dir='ltr'><strong>ex</strong></span> <span class='ocrx_word' id='word_1_487' title='bbox 2125 3088 2217 3145; x_wconf 86' lang='lat' dir='ltr'><strong>Dei</strong></span> <span class='ocrx_word' id='word_1_488' title='bbox 2244 3089 2465 3160; x_wconf 88' lang='lat' dir='ltr'><strong>Spiritu.</strong></span> <span class='ocrx_word' id='word_1_489' title='bbox 2494 3091 2699 3150; x_wconf 89' lang='lat' dir='ltr'><strong>Idcirco</strong></span> <span class='ocrx_word' id='word_1_490' title='bbox 2743 3109 2842 3152; x_wconf 85' lang='lat' dir='ltr'><strong>nos</strong></span> <span class='ocrx_word' id='word_1_491' title='bbox 2881 3103 2936 3153; x_wconf 88' lang='lat' dir='ltr'><strong>et</strong></span> <span class='ocrx_word' id='word_1_492' title='bbox 2974 3096 3084 3155; x_wconf 90' lang='lat' dir='ltr'><strong>illic</strong></span> <span class='ocrx_word' id='word_1_493' title='bbox 3113 3098 3294 3159; x_wconf 90' lang='lat' dir='ltr'><strong>ﬂatum</strong></span> <span class='ocrx_word' id='word_1_494' title='bbox 3321 3116 3441 3160; x_wconf 88' lang='lat' dir='ltr'><strong>eam</strong></span> 
     </span>
    </p>
   </div>
   <div class='ocr_carea' id='block_1_72' title="bbox 1843 3176 3445 3265">
    <p class='ocr_par' dir='ltr' id='par_1_72' title="bbox 1843 3176 3445 3265">
     <span class='ocr_line' id='line_1_72' title="bbox 1843 3176 3445 3265; baseline 0.014 -34"><span class='ocrx_word' id='word_1_495' title='bbox 1843 3176 2181 3235; x_wconf 81' lang='lat' dir='ltr'><strong>defendimus</strong></span> <span class='ocrx_word' id='word_1_496' title='bbox 2200 3223 2215 3247; x_wconf 98' lang='lat'><strong>,</strong></span> <span class='ocrx_word' id='word_1_497' title='bbox 2241 3199 2345 3238; x_wconf 89' lang='lat' dir='ltr'><strong>non</strong></span> <span class='ocrx_word' id='word_1_498' title='bbox 2371 3185 2619 3254; x_wconf 88' lang='lat' dir='ltr'><strong>spiritum</strong></span> <span class='ocrx_word' id='word_1_499' title='bbox 2645 3228 2660 3253; x_wconf 92' lang='lat'><strong>,</strong></span> <span class='ocrx_word' id='word_1_500' title='bbox 2692 3190 2986 3246; x_wconf 88' lang='lat' dir='ltr'><strong>secundum</strong></span> <span class='ocrx_word' id='word_1_501' title='bbox 3032 3192 3362 3265; x_wconf 89' lang='lat' dir='ltr'><strong>Scripturam</strong></span> <span class='ocrx_word' id='word_1_502' title='bbox 3388 3206 3445 3254; x_wconf 90' lang='lat' dir='ltr'><strong>et</strong></span> 
     </span>
    </p>
   </div>
   <div class='ocr_carea' id='block_1_73' title="bbox 1844 3271 3445 3356">
    <p class='ocr_par' dir='ltr' id='par_1_73' title="bbox 1844 3271 3445 3356">
     <span class='ocr_line' id='line_1_73' title="bbox 1844 3271 3445 3356; baseline 0.016 -36"><span class='ocrx_word' id='word_1_503' title='bbox 1844 3271 2138 3326; x_wconf 80' lang='lat' dir='ltr'><strong>secundum</strong></span> <span class='ocrx_word' id='word_1_504' title='bbox 2179 3274 2401 3344; x_wconf 89' lang='lat' dir='ltr'><strong>spiritus</strong></span> <span class='ocrx_word' id='word_1_505' title='bbox 2429 3276 2863 3347; x_wconf 87' lang='lat' dir='ltr'><strong>distinctionem;</strong></span> <span class='ocrx_word' id='word_1_506' title='bbox 2893 3292 2948 3338; x_wconf 90' lang='lat' dir='ltr'><strong>et</strong></span> <span class='ocrx_word' id='word_1_507' title='bbox 2977 3283 3062 3339; x_wconf 88' lang='lat' dir='ltr'><strong>hic</strong></span> <span class='ocrx_word' id='word_1_508' title='bbox 3091 3286 3334 3356; x_wconf 87' lang='lat' dir='ltr'><strong>spiritum</strong></span> <span class='ocrx_word' id='word_1_509' title='bbox 3363 3289 3445 3346; x_wconf 81' lang='lat' dir='ltr'><strong>iu-</strong></span> 
     </span>
    </p>
   </div>
   <div class='ocr_carea' id='block_1_74' title="bbox 1844 3360 3445 3446">
    <p class='ocr_par' dir='ltr' id='par_1_74' title="bbox 1844 3360 3445 3446">
     <span class='ocr_line' id='line_1_74' title="bbox 1844 3360 3445 3446; baseline 0.016 -35"><span class='ocrx_word' id='word_1_510' title='bbox 1844 3360 2010 3430; x_wconf 82' lang='lat' dir='ltr'><strong>gratis</strong></span> <span class='ocrx_word' id='word_1_511' title='bbox 2059 3364 2505 3435; x_wconf 83' lang='lat' dir='ltr'><strong>prOnuntiamus,</strong></span> <span class='ocrx_word' id='word_1_512' title='bbox 2547 3372 2846 3428; x_wconf 89' lang='lat' dir='ltr'><strong>secundum</strong></span> <span class='ocrx_word' id='word_1_513' title='bbox 2896 3375 3135 3446; x_wconf 89' lang='lat' dir='ltr'><strong>spirandi</strong></span> <span class='ocrx_word' id='word_1_514' title='bbox 3183 3387 3236 3433; x_wconf 91' lang='lat' dir='ltr'><strong>et</strong></span> <span class='ocrx_word' id='word_1_515' title='bbox 3279 3377 3445 3436; x_wconf 89' lang='lat' dir='ltr'><strong>ﬂandi</strong></span> 
     </span>
    </p>
   </div>
   <div class='ocr_carea' id='block_1_75' title="bbox 1844 3452 3444 3541">
    <p class='ocr_par' dir='ltr' id='par_1_75' title="bbox 1844 3452 3444 3541">
     <span class='ocr_line' id='line_1_75' title="bbox 1844 3452 3444 3541; baseline 0.015 -37"><span class='ocrx_word' id='word_1_516' title='bbox 1844 3452 2244 3522; x_wconf 87' lang='lat' dir='ltr'><strong>conditionem;</strong></span> <span class='ocrx_word' id='word_1_517' title='bbox 2279 3457 2387 3513; x_wconf 89' lang='lat' dir='ltr'><strong>illic</strong></span> <span class='ocrx_word' id='word_1_518' title='bbox 2414 3457 2483 3514; x_wconf 90' lang='lat' dir='ltr'><strong>de</strong></span> <span class='ocrx_word' id='word_1_519' title='bbox 2517 3461 2816 3520; x_wconf 87' lang='lat' dir='ltr'><strong>substantia</strong></span> <span class='ocrx_word' id='word_1_520' title='bbox 2841 3467 3066 3535; x_wconf 66' lang='lat' dir='ltr'><strong>quaestio</strong></span> <span class='ocrx_word' id='word_1_521' title='bbox 3086 3477 3171 3524; x_wconf 89' lang='lat' dir='ltr'><strong>est</strong></span> <span class='ocrx_word' id='word_1_522' title='bbox 3191 3507 3210 3538; x_wconf 94' lang='lat'><strong>,</strong></span> <span class='ocrx_word' id='word_1_523' title='bbox 3238 3470 3444 3541; x_wconf 87' lang='lat' dir='ltr'><strong>spirare</strong></span> 
     </span>
    </p>
   </div>
   <div class='ocr_carea' id='block_1_76' title="bbox 1845 3548 2633 3610">
    <p class='ocr_par' dir='ltr' id='par_1_76' title="bbox 1845 3548 2633 3610">
     <span class='ocr_line' id='line_1_76' title="bbox 1845 3548 2633 3610; baseline 0.008 -8"><span class='ocrx_word' id='word_1_524' title='bbox 1845 3548 1991 3602; x_wconf 89' lang='lat' dir='ltr'><strong>enim</strong></span> <span class='ocrx_word' id='word_1_525' title='bbox 2018 3549 2333 3606; x_wconf 67' lang='lat' dir='ltr'><strong>substantia:</strong></span> <span class='ocrx_word' id='word_1_526' title='bbox 2353 3563 2503 3609; x_wconf 91' lang='lat' dir='ltr'><strong>actus</strong></span> <span class='ocrx_word' id='word_1_527' title='bbox 2527 3565 2633 3610; x_wconf 86' lang='lat' dir='ltr'><strong>est.</strong></span> 
     </span>
    </p>
   </div>
   <div class='ocr_carea' id='block_1_77' title="bbox 1917 3639 3445 3719">
    <p class='ocr_par' dir='ltr' id='par_1_77' title="bbox 1917 3639 3445 3719">
     <span class='ocr_line' id='line_1_77' title="bbox 1917 3639 3445 3719; baseline 0.013 -24"><span class='ocrx_word' id='word_1_528' title='bbox 1917 3639 2123 3697; x_wconf 71' lang='lat' dir='ltr'><strong>Caetera</strong></span> <span class='ocrx_word' id='word_1_529' title='bbox 2148 3643 2341 3699; x_wconf 75' lang='lat' dir='ltr'><strong>animm</strong></span> <span class='ocrx_word' id='word_1_530' title='bbox 2363 3647 2621 3702; x_wconf 86' lang='lat' dir='ltr'><strong>naturalia</strong></span> <span class='ocrx_word' id='word_1_531' title='bbox 2646 3647 2756 3719; x_wconf 88' lang='lat' dir='ltr'><strong>jam</strong></span> <span class='ocrx_word' id='word_1_532' title='bbox 2789 3665 2819 3706; x_wconf 91' lang='lat' dir='ltr'><strong>a</strong></span> <span class='ocrx_word' id='word_1_533' title='bbox 2842 3649 2997 3707; x_wconf 91' lang='lat' dir='ltr'><strong>nobis</strong></span> <span class='ocrx_word' id='word_1_534' title='bbox 3023 3650 3193 3708; x_wconf 88' lang='lat' dir='ltr'><strong>audiit</strong></span> <span class='ocrx_word' id='word_1_535' title='bbox 3221 3651 3445 3714; x_wconf 84' lang='lat' dir='ltr'><strong>Hermo-</strong></span> 
     </span>
    </p>
   </div>
   <div class='ocr_carea' id='block_1_78' title="bbox 1845 3735 3445 3819">
    <p class='ocr_par' dir='ltr' id='par_1_78' title="bbox 1845 3735 3445 3819">
     <span class='ocr_line' id='line_1_78' title="bbox 1845 3735 3445 3819; baseline 0.013 -33"><span class='ocrx_word' id='word_1_536' title='bbox 1845 3743 2013 3800; x_wconf 81' lang='lat' dir='ltr'><strong>genes</strong></span> <span class='ocrx_word' id='word_1_537' title='bbox 2035 3773 2050 3798; x_wconf 94' lang='lat'><strong>,</strong></span> <span class='ocrx_word' id='word_1_538' title='bbox 2079 3748 2202 3789; x_wconf 91' lang='lat' dir='ltr'><strong>cum</strong></span> <span class='ocrx_word' id='word_1_539' title='bbox 2232 3735 2467 3805; x_wconf 81' lang='lat' dir='ltr'><strong>ipsorum</strong></span> <span class='ocrx_word' id='word_1_540' title='bbox 2514 3739 2827 3798; x_wconf 80' lang='lat' dir='ltr'><strong>defensione</strong></span> <span class='ocrx_word' id='word_1_541' title='bbox 2869 3751 2924 3798; x_wconf 90' lang='lat' dir='ltr'><strong>et</strong></span> <span class='ocrx_word' id='word_1_542' title='bbox 2970 3743 3319 3816; x_wconf 88' lang='lat' dir='ltr'><strong>probatione,</strong></span> <span class='ocrx_word' id='word_1_543' title='bbox 3351 3762 3445 3819; x_wconf 87' lang='lat' dir='ltr'><strong>per</strong></span> 
     </span>
    </p>
   </div>
   <div class='ocr_carea' id='block_1_79' title="bbox 1848 3823 3444 3912">
    <p class='ocr_par' dir='ltr' id='par_1_79' title="bbox 1848 3823 3444 3912">
     <span class='ocr_line' id='line_1_79' title="bbox 1848 3823 3444 3912; baseline 0.014 -36"><span class='ocrx_word' id='word_1_544' title='bbox 1848 3836 1968 3892; x_wconf 65' lang='lat' dir='ltr'><strong>qua:</strong></span> <span class='ocrx_word' id='word_1_545' title='bbox 2019 3823 2113 3880; x_wconf 91' lang='lat' dir='ltr'><strong>Dei</strong></span> <span class='ocrx_word' id='word_1_546' title='bbox 2161 3827 2340 3897; x_wconf 87' lang='lat' dir='ltr'><strong>potius</strong></span> <span class='ocrx_word' id='word_1_547' title='bbox 2391 3846 2552 3902; x_wconf 90' lang='lat' dir='ltr'><strong>quam</strong></span> <span class='ocrx_word' id='word_1_548' title='bbox 2601 3837 2839 3891; x_wconf 76' lang='lat' dir='ltr'><strong>materiae</strong></span> <span class='ocrx_word' id='word_1_549' title='bbox 2889 3836 3184 3909; x_wconf 90' lang='lat' dir='ltr'><strong>propinqua</strong></span> <span class='ocrx_word' id='word_1_550' title='bbox 3242 3853 3444 3912; x_wconf 83' lang='lat' dir='ltr'><strong>cogno-</strong></span> 
     </span>
    </p>
   </div>
   <div class='ocr_carea' id='block_1_80' title="bbox 1850 3916 2039 3973">
    <p class='ocr_par' dir='ltr' id='par_1_80' title="bbox 1850 3916 2039 3973">
     <span class='ocr_line' id='line_1_80' title="bbox 1850 3916 2039 3973; baseline 0.026 -5"><span class='ocrx_word' id='word_1_551' title='bbox 1850 3916 2039 3973; x_wconf 89' lang='lat' dir='ltr'><strong>scitur.</strong></span> 
     </span>
    </p>
   </div>
   <div class='ocr_carea' id='block_1_81' title="bbox 1922 4008 3444 4098">
    <p class='ocr_par' dir='ltr' id='par_1_81' title="bbox 1922 4008 3444 4098">
     <span class='ocr_line' id='line_1_81' title="bbox 1922 4008 3444 4098; baseline 0.015 -35"><span class='ocrx_word' id='word_1_552' title='bbox 1922 4008 2030 4064; x_wconf 84' lang='lat' dir='ltr'><strong>Nos</strong></span> <span class='ocrx_word' id='word_1_553' title='bbox 2052 4019 2254 4079; x_wconf 93' lang='lat' dir='ltr'><strong>autem,</strong></span> <span class='ocrx_word' id='word_1_554' title='bbox 2278 4013 2367 4084; x_wconf 88' lang='lat' dir='ltr'><strong>qui</strong></span> <span class='ocrx_word' id='word_1_555' title='bbox 2394 4013 2523 4071; x_wconf 89' lang='lat' dir='ltr'><strong>nihil</strong></span> <span class='ocrx_word' id='word_1_556' title='bbox 2545 4017 2919 4089; x_wconf 89' lang='lat' dir='ltr'><strong>adpendimus,</strong></span> <span class='ocrx_word' id='word_1_557' title='bbox 2950 4020 3053 4081; x_wconf 90' lang='lat' dir='ltr'><strong>hoc</strong></span> <span class='ocrx_word' id='word_1_558' title='bbox 3077 4025 3192 4098; x_wconf 91' lang='lat' dir='ltr'><strong>ipso</strong></span> <span class='ocrx_word' id='word_1_559' title='bbox 3209 4028 3444 4084; x_wconf 84' lang='lat' dir='ltr'><strong>animam</strong></span> 
     </span>
    </p>
   </div>
   <div class='ocr_carea' id='block_1_82' title="bbox 1852 4101 3442 4188">
    <p class='ocr_par' dir='ltr' id='par_1_82' title="bbox 1852 4101 3442 4188">
     <span class='ocr_line' id='line_1_82' title="bbox 1852 4101 3442 4188; baseline 0.016 -33"><span class='ocrx_word' id='word_1_560' title='bbox 1852 4101 2009 4173; x_wconf 89' lang='lat' dir='ltr'><strong>longe</strong></span> <span class='ocrx_word' id='word_1_561' title='bbox 2058 4102 2195 4160; x_wconf 78' lang='lat' dir='ltr'><strong>intra</strong></span> <span class='ocrx_word' id='word_1_562' title='bbox 2248 4105 2417 4163; x_wconf 89' lang='lat' dir='ltr'><strong>Deum</strong></span> <span class='ocrx_word' id='word_1_563' title='bbox 2464 4110 2811 4180; x_wconf 87' lang='lat' dir='ltr'><strong>rependimus</strong></span> <span class='ocrx_word' id='word_1_564' title='bbox 2839 4156 2856 4182; x_wconf 96' lang='lat'><strong>,</strong></span> <span class='ocrx_word' id='word_1_565' title='bbox 2902 4117 3043 4188; x_wconf 90' lang='lat' dir='ltr'><strong>quod</strong></span> <span class='ocrx_word' id='word_1_566' title='bbox 3093 4132 3274 4177; x_wconf 84' lang='lat' dir='ltr'><strong>natam</strong></span> <span class='ocrx_word' id='word_1_567' title='bbox 3325 4136 3442 4179; x_wconf 89' lang='lat' dir='ltr'><strong>eam</strong></span> 
     </span>
    </p>
   </div>
   <div class='ocr_carea' id='block_1_83' title="bbox 1850 4200 3448 4284">
    <p class='ocr_par' dir='ltr' id='par_1_83' title="bbox 1850 4200 3448 4284">
     <span class='ocr_line' id='line_1_83' title="bbox 1850 4200 3448 4284; baseline 0.013 -32"><span class='ocrx_word' id='word_1_568' title='bbox 1850 4200 2221 4269; x_wconf 77' lang='lat' dir='ltr'><strong>agnoscimus;</strong></span> <span class='ocrx_word' id='word_1_569' title='bbox 2252 4215 2314 4258; x_wconf 92' lang='lat' dir='ltr'><strong>ac</strong></span> <span class='ocrx_word' id='word_1_570' title='bbox 2337 4218 2430 4273; x_wconf 91' lang='lat' dir='ltr'><strong>per</strong></span> <span class='ocrx_word' id='word_1_571' title='bbox 2452 4202 2554 4262; x_wconf 87' lang='lat' dir='ltr'><strong>hoc</strong></span> <span class='ocrx_word' id='word_1_572' title='bbox 2573 4205 2842 4265; x_wconf 86' lang='lat' dir='ltr'><strong>dilutioris</strong></span> <span class='ocrx_word' id='word_1_573' title='bbox 2866 4209 3184 4284; x_wconf 84' lang='lat' dir='ltr'><strong>divinitatis,</strong></span> <span class='ocrx_word' id='word_1_574' title='bbox 3207 4216 3448 4273; x_wconf 80' lang='lat' dir='ltr'><strong>exilioris</strong></span> 
     </span>
    </p>
   </div>
   <div class='ocr_carea' id='block_1_84' title="bbox 1853 4288 3448 4374">
    <p class='ocr_par' dir='ltr' id='par_1_84' title="bbox 1853 4288 3448 4374">
     <span class='ocr_line' id='line_1_84' title="bbox 1853 4288 3448 4374; baseline 0.013 -29"><span class='ocrx_word' id='word_1_575' title='bbox 1853 4288 2160 4359; x_wconf 81' lang='lat' dir='ltr'><strong>felicitatis;</strong></span> <span class='ocrx_word' id='word_1_576' title='bbox 2193 4303 2251 4348; x_wconf 90' lang='lat' dir='ltr'><strong>ut</strong></span> <span class='ocrx_word' id='word_1_577' title='bbox 2297 4293 2479 4352; x_wconf 85' lang='lat' dir='ltr'><strong>ﬂatum</strong></span> <span class='ocrx_word' id='word_1_578' title='bbox 2506 4339 2521 4364; x_wconf 93' lang='lat'><strong>,</strong></span> <span class='ocrx_word' id='word_1_579' title='bbox 2549 4313 2655 4353; x_wconf 88' lang='lat' dir='ltr'><strong>non</strong></span> <span class='ocrx_word' id='word_1_580' title='bbox 2695 4309 2755 4356; x_wconf 92' lang='lat' dir='ltr'><strong>ut</strong></span> <span class='ocrx_word' id='word_1_581' title='bbox 2794 4302 3076 4374; x_wconf 84' lang='lat' dir='ltr'><strong>spiritum;</strong></span> <span class='ocrx_word' id='word_1_582' title='bbox 3101 4307 3203 4362; x_wconf 89' lang='lat' dir='ltr'><strong>etsi</strong></span> <span class='ocrx_word' id='word_1_583' title='bbox 3228 4309 3448 4365; x_wconf 87' lang='lat' dir='ltr'><strong>immor-</strong></span> 
     </span>
    </p>
   </div>
   <div class='ocr_carea' id='block_1_85' title="bbox 1857 4385 3448 4471">
    <p class='ocr_par' dir='ltr' id='par_1_85' title="bbox 1857 4385 3448 4471">
     <span class='ocr_line' id='line_1_85' title="bbox 1857 4385 3448 4471; baseline 0.014 -32"><span class='ocrx_word' id='word_1_584' title='bbox 1857 4385 2036 4451; x_wconf 90' lang='lat' dir='ltr'><strong>talem,</strong></span> <span class='ocrx_word' id='word_1_585' title='bbox 2065 4396 2121 4441; x_wconf 90' lang='lat' dir='ltr'><strong>ut</strong></span> <span class='ocrx_word' id='word_1_586' title='bbox 2143 4387 2244 4444; x_wconf 87' lang='lat' dir='ltr'><strong>hoc</strong></span> <span class='ocrx_word' id='word_1_587' title='bbox 2264 4391 2335 4444; x_wconf 88' lang='lat' dir='ltr'><strong>sit</strong></span> <span class='ocrx_word' id='word_1_588' title='bbox 2359 4389 2683 4458; x_wconf 87' lang='lat' dir='ltr'><strong>divinitatis;</strong></span> <span class='ocrx_word' id='word_1_589' title='bbox 2712 4405 2888 4452; x_wconf 88' lang='lat' dir='ltr'><strong>tamen</strong></span> <span class='ocrx_word' id='word_1_590' title='bbox 2917 4400 3243 4471; x_wconf 86' lang='lat' dir='ltr'><strong>passibilem,</strong></span> <span class='ocrx_word' id='word_1_591' title='bbox 3269 4413 3326 4459; x_wconf 89' lang='lat' dir='ltr'><strong>ut</strong></span> <span class='ocrx_word' id='word_1_592' title='bbox 3346 4403 3448 4460; x_wconf 90' lang='lat' dir='ltr'><strong>hoc</strong></span> 
     </span>
    </p>
   </div>
   <div class='ocr_carea' id='block_1_86' title="bbox 1854 4479 3448 4558">
    <p class='ocr_par' dir='ltr' id='par_1_86' title="bbox 1854 4479 3448 4558">
     <span class='ocr_line' id='line_1_86' title="bbox 1854 4479 3448 4558; baseline 0.013 -25"><span class='ocrx_word' id='word_1_593' title='bbox 1854 4479 1923 4533; x_wconf 90' lang='lat' dir='ltr'><strong>sit</strong></span> <span class='ocrx_word' id='word_1_594' title='bbox 1947 4480 2266 4550; x_wconf 87' lang='lat' dir='ltr'><strong>nativitatis;</strong></span> <span class='ocrx_word' id='word_1_595' title='bbox 2315 4483 2544 4555; x_wconf 85' lang='lat' dir='ltr'><strong>ideoque</strong></span> <span class='ocrx_word' id='word_1_596' title='bbox 2578 4495 2632 4542; x_wconf 90' lang='lat' dir='ltr'><strong>et</strong></span> <span class='ocrx_word' id='word_1_597' title='bbox 2655 4501 2686 4542; x_wconf 91' lang='lat' dir='ltr'><strong>a</strong></span> <span class='ocrx_word' id='word_1_598' title='bbox 2717 4488 3012 4558; x_wconf 90' lang='lat' dir='ltr'><strong>primordio</strong></span> <span class='ocrx_word' id='word_1_599' title='bbox 3039 4495 3448 4554; x_wconf 77' lang='lat' dir='ltr'><strong>exorbitationis</strong></span> 
     </span>
    </p>
   </div>
   <div class='ocr_carea' id='block_1_87' title="bbox 1854 4572 3448 4646">
    <p class='ocr_par' dir='ltr' id='par_1_87' title="bbox 1854 4572 3448 4646">
     <span class='ocr_line' id='line_1_87' title="bbox 1854 4572 3448 4646; baseline 0.012 -19"><span class='ocrx_word' id='word_1_600' title='bbox 1854 4584 2126 4643; x_wconf 86' lang='lat' dir='ltr'><strong>capacem,</strong></span> <span class='ocrx_word' id='word_1_601' title='bbox 2152 4583 2207 4628; x_wconf 91' lang='lat' dir='ltr'><strong>et</strong></span> <span class='ocrx_word' id='word_1_602' title='bbox 2241 4572 2365 4628; x_wconf 88' lang='lat' dir='ltr'><strong>inde</strong></span> <span class='ocrx_word' id='word_1_603' title='bbox 2401 4575 2564 4631; x_wconf 89' lang='lat' dir='ltr'><strong>etiam</strong></span> <span class='ocrx_word' id='word_1_604' title='bbox 2595 4578 2879 4638; x_wconf 79' lang='lat' dir='ltr'><strong>oblivionis</strong></span> <span class='ocrx_word' id='word_1_605' title='bbox 2908 4581 3163 4643; x_wconf 79' lang='lat' dir='ltr'><strong>adﬁnem.</strong></span> <span class='ocrx_word' id='word_1_606' title='bbox 3209 4587 3351 4644; x_wconf 89' lang='lat' dir='ltr'><strong>Satis</strong></span> <span class='ocrx_word' id='word_1_607' title='bbox 3379 4587 3448 4646; x_wconf 88' lang='lat' dir='ltr'><strong>de</strong></span> 
     </span>
    </p>
   </div>
   <div class='ocr_carea' id='block_1_88' title="bbox 1855 4664 2499 4738">
    <p class='ocr_par' dir='ltr' id='par_1_88' title="bbox 1855 4664 2499 4738">
     <span class='ocr_line' id='line_1_88' title="bbox 1855 4664 2499 4738; baseline 0.008 -19"><span class='ocrx_word' id='word_1_608' title='bbox 1855 4664 1962 4720; x_wconf 91' lang='lat' dir='ltr'><strong>isto</strong></span> <span class='ocrx_word' id='word_1_609' title='bbox 1990 4679 2111 4722; x_wconf 86' lang='lat' dir='ltr'><strong>cum</strong></span> <span class='ocrx_word' id='word_1_610' title='bbox 2140 4664 2499 4738; x_wconf 72' lang='lat' dir='ltr'><strong>Hermogene.</strong></span> 
     </span>
    </p>
   </div>
   <div class='ocr_carea' id='block_1_89' title="bbox 228 4887 3443 4975">
    <p class='ocr_par' dir='ltr' id='par_1_89' title="bbox 228 4887 3443 4975">
     <span class='ocr_line' id='line_1_89' title="bbox 228 4887 3443 4975; baseline 0.004 -26"><span class='ocrx_word' id='word_1_611' title='bbox 228 4891 324 4949; x_wconf 79' lang='lat' dir='ltr'><strong>His</strong></span> <span class='ocrx_word' id='word_1_612' title='bbox 345 4891 580 4975; x_wconf 81' lang='lat' dir='ltr'><strong>quinque</strong></span> <span class='ocrx_word' id='word_1_613' title='bbox 604 4890 738 4975; x_wconf 74' lang='lat' dir='ltr'><strong>locis</strong></span> <span class='ocrx_word' id='word_1_614' title='bbox 766 4897 952 4975; x_wconf 64' lang='lat' dir='ltr'><strong>auctor</strong></span> <span class='ocrx_word' id='word_1_615' title='bbox 981 4887 1031 4942; x_wconf 92' lang='lat' dir='ltr'><strong>in</strong></span> <span class='ocrx_word' id='word_1_616' title='bbox 1061 4889 1562 4975; x_wconf 51' lang='lat' dir='ltr'><strong>primis‘titulumncl</strong></span> <span class='ocrx_word' id='word_1_617' title='bbox 1589 4905 1749 4961; x_wconf 85' lang='lat' dir='ltr'><strong>argu-</strong></span> <span class='ocrx_word' id='word_1_618' title='bbox 1774 4893 1828 4954; x_wconf 93' lang='lat' dir='ltr'><strong>D</strong></span> <span class='ocrx_word' id='word_1_619' title='bbox 1853 4890 2259 4975; x_wconf 75' lang='lat' dir='ltr'><strong>inspirationem,</strong></span> <span class='ocrx_word' id='word_1_620' title='bbox 2291 4899 2386 4975; x_wconf 67' lang='lat' dir='ltr'><strong>aut</strong></span> <span class='ocrx_word' id='word_1_621' title='bbox 2427 4891 2848 4975; x_wconf 67' lang='lat' dir='ltr'><strong>adspirationem,</strong></span> <span class='ocrx_word' id='word_1_622' title='bbox 2869 4909 2962 4975; x_wconf 76' lang='lat' dir='ltr'><strong>aut</strong></span> <span class='ocrx_word' id='word_1_623' title='bbox 2988 4901 3235 4968; x_wconf 86' lang='lat' dir='ltr'><strong>animam,</strong></span> <span class='ocrx_word' id='word_1_624' title='bbox 3284 4917 3443 4975; x_wconf 89' lang='lat' dir='ltr'><strong>quam</strong></span> 
     </span>
    </p>
   </div>
   <div class='ocr_carea' id='block_1_90' title="bbox 157 4958 1747 5033">
    <p class='ocr_par' dir='ltr' id='par_1_90' title="bbox 157 4958 1747 5033">
     <span class='ocr_line' id='line_1_90' title="bbox 157 4958 1747 5033; baseline -0.003 -13"><span class='ocrx_word' id='word_1_625' title='bbox 157 4958 396 5021; x_wconf 80' lang='lat' dir='ltr'><strong>mentum</strong></span> <span class='ocrx_word' id='word_1_626' title='bbox 428 4958 624 5018; x_wconf 82' lang='lat' dir='ltr'><strong>indicat</strong></span> <span class='ocrx_word' id='word_1_627' title='bbox 656 4979 670 5016; x_wconf 88' lang='lat'>:</span> <span class='ocrx_word' id='word_1_628' title='bbox 697 4961 762 5015; x_wconf 83' lang='lat' dir='ltr'><strong>de</strong></span> <span class='ocrx_word' id='word_1_629' title='bbox 798 4958 965 5033; x_wconf 75' lang='lat' dir='ltr'><strong>censu</strong></span> <span class='ocrx_word' id='word_1_630' title='bbox 989 4960 1173 5033; x_wconf 77' lang='lat' dir='ltr'><strong>anima:</strong></span> <span class='ocrx_word' id='word_1_631' title='bbox 1196 4960 1435 5014; x_wconf 76' lang='lat' dir='ltr'><strong>adversus</strong></span> <span class='ocrx_word' id='word_1_632' title='bbox 1466 4958 1747 5033; x_wconf 48' lang='lat' dir='ltr'><strong>Hermoge-</strong></span> 
     </span>
    </p>
   </div>
   <div class='ocr_carea' id='block_1_91' title="bbox 158 5032 1746 5102">
    <p class='ocr_par' dir='ltr' id='par_1_91' title="bbox 158 5032 1746 5102">
     <span class='ocr_line' id='line_1_91' title="bbox 158 5032 1746 5102; baseline -0.002 -12"><span class='ocrx_word' id='word_1_633' title='bbox 158 5054 294 5102; x_wconf 88' lang='lat' dir='ltr'><strong>nem,</strong></span> <span class='ocrx_word' id='word_1_634' title='bbox 319 5035 408 5089; x_wconf 91' lang='lat' dir='ltr'><strong>ubi</strong></span> <span class='ocrx_word' id='word_1_635' title='bbox 438 5050 642 5088; x_wconf 83' lang='lat' dir='ltr'><strong>censum</strong></span> <span class='ocrx_word' id='word_1_636' title='bbox 663 5032 830 5102; x_wconf 86' lang='lat' dir='ltr'><strong>accipi</strong></span> <span class='ocrx_word' id='word_1_637' title='bbox 858 5046 955 5101; x_wconf 85' lang='lat' dir='ltr'><strong>pro</strong></span> <span class='ocrx_word' id='word_1_638' title='bbox 975 5032 1198 5099; x_wconf 76' lang='lat' dir='ltr'><strong>origine,</strong></span> <span class='ocrx_word' id='word_1_639' title='bbox 1227 5042 1580 5102; x_wconf 62' lang='lat' dir='ltr'><strong>praiterquam</strong></span> <span class='ocrx_word' id='word_1_640' title='bbox 1606 5032 1746 5102; x_wconf 80' lang='lat' dir='ltr'><strong>quod</strong></span> 
     </span>
    </p>
   </div>
   <div class='ocr_carea' id='block_1_92' title="bbox 159 5048 1755 5178">
    <p class='ocr_par' dir='ltr' id='par_1_92' title="bbox 159 5048 1755 5178">
     <span class='ocr_line' id='line_1_92' title="bbox 159 5048 1746 5102; baseline -0.002 -12"><span class='ocrx_word' id='word_1_641' title='bbox 159 5054 294 5102; x_wconf 90' lang='lat' dir='ltr'><strong>nem,</strong></span> <span class='ocrx_word' id='word_1_642' title='bbox 319 5048 408 5089; x_wconf 85' lang='lat' dir='ltr'><strong>unt</strong></span> <span class='ocrx_word' id='word_1_643' title='bbox 438 5050 642 5088; x_wconf 82' lang='lat' dir='ltr'><strong>censum</strong></span> <span class='ocrx_word' id='word_1_644' title='bbox 663 5048 773 5087; x_wconf 85' lang='lat' dir='ltr'><strong>aect</strong></span> <span class='ocrx_word' id='word_1_645' title='bbox 818 5049 830 5085; x_wconf 93' lang='lat' dir='ltr'><strong>l</strong></span> <span class='ocrx_word' id='word_1_646' title='bbox 858 5048 955 5101; x_wconf 86' lang='lat' dir='ltr'><strong>pro</strong></span> <span class='ocrx_word' id='word_1_647' title='bbox 975 5048 1198 5099; x_wconf 78' lang='lat' dir='ltr'><strong>origine,</strong></span> <span class='ocrx_word' id='word_1_648' title='bbox 1227 5048 1580 5099; x_wconf 52' lang='lat' dir='ltr'><strong>praeterquam</strong></span> <span class='ocrx_word' id='word_1_649' title='bbox 1606 5048 1746 5102; x_wconf 81' lang='lat' dir='ltr'><strong>quoa</strong></span> 
     </span>
     <span class='ocr_line' id='line_1_93' title="bbox 159 5048 1755 5178; baseline -0.004 -17"><span class='ocrx_word' id='word_1_650' title='bbox 159 5107 499 5178; x_wconf 29' lang='lat' dir='ltr'><strong>prioriﬂloco,</strong></span> <span class='ocrx_word' id='word_1_651' title='bbox 531 5105 691 5178; x_wconf 85' lang='lat' dir='ltr'><strong>etiam</strong></span> <span class='ocrx_word' id='word_1_652' title='bbox 712 5048 945 5158; x_wconf 64' lang='lat' dir='ltr'><strong>veriude</strong></span> <span class='ocrx_word' id='word_1_653' title='bbox 973 5102 1326 5178; x_wconf 55' lang='lat' dir='ltr'><strong>patet_,_t;uod</strong></span> <span class='ocrx_word' id='word_1_654' title='bbox 1354 5101 1612 5178; x_wconf 80' lang='lat' dir='ltr'><strong>refutetur</strong></span> <span class='ocrx_word' id='word_1_655' title='bbox 1641 5105 1755 5178; x_wconf 75' lang='lat' dir='ltr'><strong>ha:-</strong></span> 
     </span>
    </p>
   </div>
   <div class='ocr_carea' id='block_1_93' title="bbox 159 5172 1746 5256">
    <p class='ocr_par' dir='ltr' id='par_1_93' title="bbox 159 5172 1746 5256">
     <span class='ocr_line' id='line_1_94' title="bbox 159 5172 1746 5256; baseline -0.002 -23"><span class='ocrx_word' id='word_1_656' title='bbox 159 5172 298 5234; x_wconf 77' lang='lat' dir='ltr'><strong>resis</strong></span> <span class='ocrx_word' id='word_1_657' title='bbox 320 5177 690 5249; x_wconf 71' lang='lat' dir='ltr'><strong>Hermogenis,</strong></span> <span class='ocrx_word' id='word_1_658' title='bbox 711 5189 814 5246; x_wconf 88' lang='lat' dir='ltr'><strong>qua</strong></span> <span class='ocrx_word' id='word_1_659' title='bbox 829 5189 942 5256; x_wconf 71' lang='lat' dir='ltr'><strong>non</strong></span> <span class='ocrx_word' id='word_1_660' title='bbox 959 5188 1024 5228; x_wconf 80' lang='lat' dir='ltr'><strong>ex</strong></span> <span class='ocrx_word' id='word_1_661' title='bbox 1044 5172 1137 5256; x_wconf 85' lang='lat' dir='ltr'><strong>Dei</strong></span> <span class='ocrx_word' id='word_1_662' title='bbox 1159 5173 1308 5256; x_wconf 70' lang='lat' dir='ltr'><strong>ﬂatu,</strong></span> <span class='ocrx_word' id='word_1_663' title='bbox 1322 5174 1500 5256; x_wconf 50' lang='lat' dir='ltr'><strong>sed-ex</strong></span> <span class='ocrx_word' id='word_1_664' title='bbox 1528 5176 1746 5256; x_wconf 75' lang='lat' dir='ltr'><strong>materia</strong></span> 
     </span>
    </p>
   </div>
   <div class='ocr_carea' id='block_1_94' title="bbox 158 5243 1752 5319">
    <p class='ocr_par' dir='ltr' id='par_1_94' title="bbox 158 5243 1752 5319">
     <span class='ocr_line' id='line_1_95' title="bbox 158 5243 1752 5319; baseline -0.001 -17"><span class='ocrx_word' id='word_1_665' title='bbox 158 5250 354 5303; x_wconf 66' lang='lat' dir='ltr'><strong>animae</strong></span> <span class='ocrx_word' id='word_1_666' title='bbox 381 5243 643 5319; x_wconf 74' lang='lat' dir='ltr'><strong>originem</strong></span> <span class='ocrx_word' id='word_1_667' title='bbox 671 5243 976 5319; x_wconf 74' lang='lat' dir='ltr'><strong>constitisse</strong></span> <span class='ocrx_word' id='word_1_668' title='bbox 1000 5244 1378 5319; x_wconf 87' lang='lat' dir='ltr'><strong>contendebat.</strong></span> <span class='ocrx_word' id='word_1_669' title='bbox 1410 5243 1561 5319; x_wconf 82' lang='lat' dir='ltr'><strong>Haud</strong></span> <span class='ocrx_word' id='word_1_670' title='bbox 1592 5246 1752 5319; x_wconf 87' lang='lat' dir='ltr'><strong>aliter</strong></span> 
     </span>
    </p>
   </div>
   <div class='ocr_carea' id='block_1_95' title="bbox 157 5316 1745 5391">
    <p class='ocr_par' dir='ltr' id='par_1_95' title="bbox 157 5316 1745 5391">
     <span class='ocr_line' id='line_1_96' title="bbox 157 5316 1745 5391; baseline 0 -18"><span class='ocrx_word' id='word_1_671' title='bbox 157 5330 323 5391; x_wconf 84' lang='lat' dir='ltr'><strong>atque</strong></span> <span class='ocrx_word' id='word_1_672' title='bbox 367 5316 625 5391; x_wconf 83' lang='lat' dir='ltr'><strong>mundum</strong></span> <span class='ocrx_word' id='word_1_673' title='bbox 666 5317 863 5373; x_wconf 80' lang='lat' dir='ltr'><strong>factum</strong></span> <span class='ocrx_word' id='word_1_674' title='bbox 909 5316 1121 5391; x_wconf 78' lang='lat' dir='ltr'><strong>dicebat</strong></span> <span class='ocrx_word' id='word_1_675' title='bbox 1161 5332 1264 5371; x_wconf 91' lang='lat' dir='ltr'><strong>non</strong></span> <span class='ocrx_word' id='word_1_676' title='bbox 1302 5334 1367 5373; x_wconf 80' lang='lat' dir='ltr'><strong>ex</strong></span> <span class='ocrx_word' id='word_1_677' title='bbox 1413 5317 1618 5391; x_wconf 79' lang='lat' dir='ltr'><strong>nihilo,</strong></span> <span class='ocrx_word' id='word_1_678' title='bbox 1651 5318 1745 5372; x_wconf 77' lang='lat' dir='ltr'><strong>sed</strong></span> 
     </span>
    </p>
   </div>
   <div class='ocr_carea' id='block_1_96' title="bbox 156 5386 1748 5458">
    <p class='ocr_par' dir='ltr' id='par_1_96' title="bbox 156 5386 1748 5458">
     <span class='ocr_line' id='line_1_97' title="bbox 156 5386 1748 5458; baseline -0.003 -11"><span class='ocrx_word' id='word_1_679' title='bbox 156 5386 475 5447; x_wconf 63' lang='lat' dir='ltr'><strong>ex&#39;materia</strong></span> <span class='ocrx_word' id='word_1_680' title='bbox 505 5390 613 5445; x_wconf 87' lang='lat' dir='ltr'><strong>Deo</strong></span> <span class='ocrx_word' id='word_1_681' title='bbox 641 5397 909 5446; x_wconf 65' lang='lat' dir='ltr'><strong>coaeterna</strong></span> <span class='ocrx_word' id='word_1_682' title='bbox 937 5428 953 5451; x_wconf 95' lang='lat'><strong>,</strong></span> <span class='ocrx_word' id='word_1_683' title='bbox 992 5386 1250 5443; x_wconf 87' lang='lat' dir='ltr'><strong>adversus</strong></span> <span class='ocrx_word' id='word_1_684' title='bbox 1294 5402 1480 5458; x_wconf 17' lang='lat' dir='ltr'><strong>quam,</strong></span> <span class='ocrx_word' id='word_1_685' title='bbox 1503 5389 1748 5443; x_wconf 64' lang='lat' dir='ltr'><strong>haeresim</strong></span> 
     </span>
    </p>
   </div>
   <div class='ocr_carea' id='block_1_97' title="bbox 154 5457 1750 5542">
    <p class='ocr_par' dir='ltr' id='par_1_97' title="bbox 154 5457 1750 5542">
     <span class='ocr_line' id='line_1_98' title="bbox 154 5457 1750 5542; baseline -0.003 -26"><span class='ocrx_word' id='word_1_686' title='bbox 154 5477 325 5532; x_wconf 87' lang='lat' dir='ltr'><strong>supra</strong></span> <span class='ocrx_word' id='word_1_687' title='bbox 371 5462 604 5542; x_wconf 74' lang='lat' dir='ltr'><strong>disputat</strong></span> <span class='ocrx_word' id='word_1_688' title='bbox 649 5469 876 5542; x_wconf 73' lang='lat' dir='ltr'><strong>auctor,</strong></span> <span class='ocrx_word' id='word_1_689' title='bbox 917 5458 1125 5542; x_wconf 69' lang='lat' dir='ltr'><strong>l._ado.</strong></span> <span class='ocrx_word' id='word_1_690' title='bbox 1170 5457 1572 5542; x_wconf 36' lang='lat' dir='ltr'><strong>liermog...la1n</strong></span> <span class='ocrx_word' id='word_1_691' title='bbox 1624 5475 1750 5542; x_wconf 55' lang='lat' dir='ltr'><strong>vero</strong></span> 
     </span>
    </p>
   </div>
   <div class='ocr_carea' id='block_1_98' title="bbox 153 5529 1750 5610">
    <p class='ocr_par' dir='ltr' id='par_1_98' title="bbox 153 5529 1750 5610">
     <span class='ocr_line' id='line_1_99' title="bbox 153 5529 1750 5610; baseline -0.001 -23"><span class='ocrx_word' id='word_1_692' title='bbox 153 5529 324 5587; x_wconf 72' lang='lat' dir='ltr'><strong>etiam</strong></span> <span class='ocrx_word' id='word_1_693' title='bbox 369 5529 506 5588; x_wconf 86' lang='lat' dir='ltr'><strong>duas</strong></span> <span class='ocrx_word' id='word_1_694' title='bbox 559 5529 1105 5610; x_wconf 37' lang='lat' dir='ltr'><strong>scripturas-“affert:</strong></span> <span class='ocrx_word' id='word_1_695' title='bbox 1135 5529 1326 5610; x_wconf 73' lang='lat' dir='ltr'><strong>quibus</strong></span> <span class='ocrx_word' id='word_1_696' title='bbox 1370 5531 1600 5610; x_wconf 72' lang='lat' dir='ltr'><strong>animum</strong></span> <span class='ocrx_word' id='word_1_697' title='bbox 1632 5531 1750 5610; x_wconf 70' lang='lat' dir='ltr'><strong>_l)_ei</strong></span> 
     </span>
    </p>
   </div>
   <div class='ocr_carea' id='block_1_99' title="bbox 153 5601 1746 5672">
    <p class='ocr_par' dir='ltr' id='par_1_99' title="bbox 153 5601 1746 5672">
     <span class='ocr_line' id='line_1_100' title="bbox 153 5601 1746 5672; baseline -0.002 -12"><span class='ocrx_word' id='word_1_698' title='bbox 153 5604 348 5660; x_wconf 86' lang='lat' dir='ltr'><strong>ﬂatum</strong></span> <span class='ocrx_word' id='word_1_699' title='bbox 376 5604 628 5672; x_wconf 89' lang='lat' dir='ltr'><strong>probasse</strong></span> <span class='ocrx_word' id='word_1_700' title='bbox 653 5619 714 5658; x_wconf 90' lang='lat' dir='ltr'><strong>se</strong></span> <span class='ocrx_word' id='word_1_701' title='bbox 741 5601 1033 5671; x_wconf 82' lang='lat' dir='ltr'><strong>signiﬂeat,</strong></span> <span class='ocrx_word' id='word_1_702' title='bbox 1063 5601 1197 5656; x_wconf 87' lang='lat' dir='ltr'><strong>Gen.</strong></span> <span class='ocrx_word' id='word_1_703' title='bbox 1254 5601 1294 5655; x_wconf 94' lang='lat' dir='ltr'><strong>ll</strong></span> <span class='ocrx_word' id='word_1_704' title='bbox 1328 5613 1380 5657; x_wconf 89' lang='lat' dir='ltr'><strong>et</strong></span> <span class='ocrx_word' id='word_1_705' title='bbox 1407 5602 1426 5656; x_wconf 97' lang='lat' dir='ltr'><strong>I</strong></span> <span class='ocrx_word' id='word_1_706' title='bbox 1455 5602 1604 5664; x_wconf 68' lang='lat' dir='ltr'><strong>Con.</strong></span> <span class='ocrx_word' id='word_1_707' title='bbox 1632 5601 1746 5668; x_wconf 72' lang='lat' dir='ltr'><strong>XV,</strong></span> 
     </span>
    </p>
   </div>
   <div class='ocr_carea' id='block_1_100' title="bbox 153 5672 1747 5746">
    <p class='ocr_par' dir='ltr' id='par_1_100' title="bbox 153 5672 1747 5746">
     <span class='ocr_line' id='line_1_101' title="bbox 153 5672 1747 5746; baseline -0.001 -16"><span class='ocrx_word' id='word_1_708' title='bbox 153 5677 212 5730; x_wconf 85' lang='lat' dir='ltr'><strong>in</strong></span> <span class='ocrx_word' id='word_1_709' title='bbox 245 5675 444 5746; x_wconf 89' lang='lat' dir='ltr'><strong>quibus</strong></span> <span class='ocrx_word' id='word_1_710' title='bbox 474 5690 594 5730; x_wconf 91' lang='lat' dir='ltr'><strong>cum</strong></span> <span class='ocrx_word' id='word_1_711' title='bbox 625 5674 712 5728; x_wconf 90' lang='lat' dir='ltr'><strong>ille</strong></span> <span class='ocrx_word' id='word_1_712' title='bbox 737 5715 752 5737; x_wconf 91' lang='lat'><strong>,</strong></span> <span class='ocrx_word' id='word_1_713' title='bbox 782 5676 856 5727; x_wconf 89' lang='lat' dir='ltr'><strong>uti</strong></span> <span class='ocrx_word' id='word_1_714' title='bbox 888 5688 1001 5726; x_wconf 73' lang='lat' dir='ltr'><strong>sua:</strong></span> <span class='ocrx_word' id='word_1_715' title='bbox 1033 5673 1218 5726; x_wconf 65' lang='lat' dir='ltr'><strong>haeresi</strong></span> <span class='ocrx_word' id='word_1_716' title='bbox 1249 5673 1518 5746; x_wconf 79' lang='lat' dir='ltr'><strong>videretur</strong></span> <span class='ocrx_word' id='word_1_717' title='bbox 1547 5672 1747 5739; x_wconf 75' lang='lat' dir='ltr'><strong>favere,</strong></span> 
     </span>
    </p>
   </div>
   <div class='ocr_carea' id='block_1_101' title="bbox 153 5744 1751 5814">
    <p class='ocr_par' dir='ltr' id='par_1_101' title="bbox 153 5744 1751 5814">
     <span class='ocr_line' id='line_1_102' title="bbox 153 5744 1751 5814; baseline -0.002 -15"><span class='ocrx_word' id='word_1_718' title='bbox 153 5744 422 5801; x_wconf 79' lang='lat' dir='ltr'><strong>vertisset</strong></span> <span class='ocrx_word' id='word_1_719' title='bbox 479 5747 715 5814; x_wconf 82' lang='lat' dir='ltr'><strong>spiritum</strong></span> <span class='ocrx_word' id='word_1_720' title='bbox 764 5746 899 5808; x_wconf 71' lang='lat' dir='ltr'><strong>vitro,</strong></span> <span class='ocrx_word' id='word_1_721' title='bbox 957 5759 1053 5811; x_wconf 93' lang='lat' dir='ltr'><strong>pro</strong></span> <span class='ocrx_word' id='word_1_722' title='bbox 1096 5759 1162 5798; x_wconf 92' lang='lat' dir='ltr'><strong>eo</strong></span> <span class='ocrx_word' id='word_1_723' title='bbox 1197 5744 1339 5813; x_wconf 91' lang='lat' dir='ltr'><strong>quod</strong></span> <span class='ocrx_word' id='word_1_724' title='bbox 1384 5744 1471 5797; x_wconf 89' lang='lat' dir='ltr'><strong>alii</strong></span> <span class='ocrx_word' id='word_1_725' title='bbox 1522 5745 1751 5813; x_wconf 82' lang='lat' dir='ltr'><strong>ﬂatum,-</strong></span> 
     </span>
    </p>
   </div>
   <div class='ocr_carea' id='block_1_102' title="bbox 149 5814 1750 5886">
    <p class='ocr_par' dir='ltr' id='par_1_102' title="bbox 149 5814 1750 5886">
     <span class='ocr_line' id='line_1_103' title="bbox 149 5814 1750 5886; baseline -0.001 -14"><span class='ocrx_word' id='word_1_726' title='bbox 149 5827 353 5872; x_wconf 75' lang='lat' dir='ltr'><strong>contra</strong></span> <span class='ocrx_word' id='word_1_727' title='bbox 407 5817 693 5886; x_wconf 76' lang='lat' dir='ltr'><strong>Scriptura:</strong></span> <span class='ocrx_word' id='word_1_728' title='bbox 726 5814 903 5877; x_wconf 88' lang='lat' dir='ltr'><strong>Iidem,</strong></span> <span class='ocrx_word' id='word_1_729' title='bbox 934 5823 1129 5886; x_wconf 77' lang='lat' dir='ltr'><strong>utpote</strong></span> <span class='ocrx_word' id='word_1_730' title='bbox 1158 5829 1497 5886; x_wconf 20' lang='lat' dir='ltr'><strong>eumigra-ce</strong></span> <span class='ocrx_word' id='word_1_731' title='bbox 1548 5818 1750 5884; x_wconf 75' lang='lat' dir='ltr'><strong>legatur</strong></span> 
     </span>
    </p>
   </div>
   <div class='ocr_carea' id='block_1_103' title="bbox 149 5884 1747 5957">
    <p class='ocr_par' dir='ltr' id='par_1_103' title="bbox 149 5884 1747 5957">
     <span class='ocr_line' id='line_1_104' title="bbox 149 5884 1747 5957; baseline -0.002 -13"><span class='ocrx_word' id='word_1_732' title='bbox 149 5904 348 5950; x_wconf 58' lang='grc' dir='ltr'><strong>πνοὴν,</strong></span> <span class='ocrx_word' id='word_1_733' title='bbox 394 5884 540 5957; x_wconf 76' lang='lat' dir='ltr'><strong>quod</strong></span> <span class='ocrx_word' id='word_1_734' title='bbox 579 5887 816 5957; x_wconf 75' lang='lat' dir='ltr'><strong>plerique</strong></span> <span class='ocrx_word' id='word_1_735' title='bbox 865 5884 1230 5957; x_wconf 54' lang='lat' dir='ltr'><strong>utaluntiml</strong></span> <span class='ocrx_word' id='word_1_736' title='bbox 1287 5885 1344 5939; x_wconf 87' lang='grc' dir='ltr'><strong>Β.</strong></span> <span class='ocrx_word' id='word_1_737' title='bbox 1399 5889 1530 5955; x_wconf 75' lang='lat' dir='ltr'><strong>Aug.</strong></span> <span class='ocrx_word' id='word_1_738' title='bbox 1592 5896 1747 5949; x_wconf 87' lang='lat' dir='ltr'><strong>tcslc,</strong></span> 
     </span>
    </p>
   </div>
   <div class='ocr_carea' id='block_1_104' title="bbox 150 5956 1750 6028">
    <p class='ocr_par' dir='ltr' id='par_1_104' title="bbox 150 5956 1750 6028">
     <span class='ocr_line' id='line_1_105' title="bbox 150 5956 1750 6028; baseline -0.006 -9"><span class='ocrx_word' id='word_1_739' title='bbox 150 5962 256 6019; x_wconf 85' lang='lat' dir='ltr'><strong>lib.</strong></span> <span class='ocrx_word' id='word_1_740' title='bbox 296 5956 451 6028; x_wconf 47' lang='grc' dir='ltr'><strong>λιιιί,</strong></span> <span class='ocrx_word' id='word_1_741' title='bbox 481 5959 543 6016; x_wconf 85' lang='lat' dir='ltr'><strong>de</strong></span> <span class='ocrx_word' id='word_1_742' title='bbox 587 5959 732 6016; x_wconf 67' lang='lat' dir='ltr'><strong>Livii.</strong></span> <span class='ocrx_word' id='word_1_743' title='bbox 762 5956 894 6024; x_wconf 81' lang='lat' dir='ltr'><strong>Dei,</strong></span> <span class='ocrx_word' id='word_1_744' title='bbox 942 5972 991 6014; x_wconf 88' lang='lat' dir='ltr'><strong>c.</strong></span> <span class='ocrx_word' id='word_1_745' title='bbox 1019 5956 1112 6028; x_wconf 66' lang='lat'><strong>24)</strong></span> <span class='ocrx_word' id='word_1_746' title='bbox 1160 5958 1495 6026; x_wconf 81' lang='lat' dir='ltr'><strong>interpretari</strong></span> <span class='ocrx_word' id='word_1_747' title='bbox 1545 5957 1750 6028; x_wconf 77' lang='lat' dir='ltr'><strong>ﬂatum,</strong></span> 
     </span>
    </p>
   </div>
   <div class='ocr_carea' id='block_1_105' title="bbox 1854 4962 3446 5033">
    <p class='ocr_par' dir='ltr' id='par_1_105' title="bbox 1854 4962 3446 5033">
     <span class='ocr_line' id='line_1_106' title="bbox 1854 4962 3446 5033; baseline 0.011 -18"><span class='ocrx_word' id='word_1_748' title='bbox 1854 4963 2088 5031; x_wconf 83' lang='lat' dir='ltr'><strong>spiritum</strong></span> <span class='ocrx_word' id='word_1_749' title='bbox 2119 4979 2137 5027; x_wconf 85' lang='lat'><strong>;</strong></span> <span class='ocrx_word' id='word_1_750' title='bbox 2167 4962 2430 5033; x_wconf 83' lang='lat' dir='ltr'><strong>signiﬁcat</strong></span> <span class='ocrx_word' id='word_1_751' title='bbox 2460 4962 2619 5019; x_wconf 86' lang='lat' dir='ltr'><strong>tertio</strong></span> <span class='ocrx_word' id='word_1_752' title='bbox 2663 4967 2783 5023; x_wconf 91' lang='lat' dir='ltr'><strong>loco</strong></span> <span class='ocrx_word' id='word_1_753' title='bbox 2829 4969 2916 5024; x_wconf 85' lang='lat' dir='ltr'><strong>hic</strong></span> <span class='ocrx_word' id='word_1_754' title='bbox 2959 4975 3123 5028; x_wconf 88' lang='lat' dir='ltr'><strong>citato</strong></span> <span class='ocrx_word' id='word_1_755' title='bbox 3160 4962 3347 5030; x_wconf 71' lang='lat' dir='ltr'><strong>auctor</strong></span> <span class='ocrx_word' id='word_1_756' title='bbox 3387 4991 3446 5033; x_wconf 90' lang='lat' dir='ltr'><strong>sc</strong></span> 
     </span>
    </p>
   </div>
   <div class='ocr_carea' id='block_1_106' title="bbox 1856 5032 3444 5165">
    <p class='ocr_par' dir='ltr' id='par_1_106' title="bbox 1856 5032 3444 5165">
     <span class='ocr_line' id='line_1_107' title="bbox 1856 5032 3444 5165; baseline 0.009 -78"><span class='ocrx_word' id='word_1_757' title='bbox 1856 5033 1956 5088; x_wconf 91' lang='lat' dir='ltr'><strong>hoc</strong></span> <span class='ocrx_word' id='word_1_758' title='bbox 1982 5033 2155 5101; x_wconf 75' lang='lat' dir='ltr'><strong>egisse</strong></span> <span class='ocrx_word' id='word_1_759' title='bbox 2181 5032 2322 5088; x_wconf 91' lang='lat' dir='ltr'><strong>dicto</strong></span> <span class='ocrx_word' id='word_1_760' title='bbox 2349 5035 2505 5098; x_wconf 90' lang='lat' dir='ltr'><strong>libro,</strong></span> <span class='ocrx_word' id='word_1_761' title='bbox 2530 5047 2584 5088; x_wconf 91' lang='lat' dir='ltr'><strong>ut</strong></span> <span class='ocrx_word' id='word_1_762' title='bbox 2604 5037 2788 5107; x_wconf 80' lang='lat' dir='ltr'><strong>ﬂatum</strong></span> <span class='ocrx_word' id='word_1_763' title='bbox 2821 5042 2994 5165; x_wconf 60' lang='lat' dir='ltr'><strong>potius</strong></span> <span class='ocrx_word' id='word_1_764' title='bbox 3026 5055 3262 5101; x_wconf 87' lang='lat' dir='ltr'><strong>tueretur</strong></span> <span class='ocrx_word' id='word_1_765' title='bbox 3287 5032 3444 5116; x_wconf 85' lang='lat' dir='ltr'><strong>quam</strong></span> 
     </span>
     <span class='ocr_line' id='line_1_108' title="bbox 1856 5106 3444 5165; baseline 0.004 -6"><span class='ocrx_word' id='word_1_766' title='bbox 1856 5106 2109 5165; x_wconf 81' lang='lat' dir='ltr'><strong>spiritum.</strong></span> <span class='ocrx_word' id='word_1_767' title='bbox 2167 5107 2496 5165; x_wconf 76' lang='lat' dir='ltr'><strong>Quamquam</strong></span> <span class='ocrx_word' id='word_1_768' title='bbox 2534 5107 2744 5163; x_wconf 85' lang='lat' dir='ltr'><strong>interim</strong></span> <span class='ocrx_word' id='word_1_769' title='bbox 2789 5127 2816 5164; x_wconf 89' lang='lat' dir='ltr'><strong>a</strong></span> <span class='ocrx_word' id='word_1_770' title='bbox 2845 5112 2894 5164; x_wconf 88' lang='lat' dir='ltr'><strong>io</strong></span> <span class='ocrx_word' id='word_1_771' title='bbox 2918 5127 3078 5165; x_wconf 87' lang='lat' dir='ltr'><strong>sensu</strong></span> <span class='ocrx_word' id='word_1_772' title='bbox 3107 5119 3266 5165; x_wconf 75' lang='lat' dir='ltr'><strong>etiam</strong></span> <span class='ocrx_word' id='word_1_773' title='bbox 3292 5120 3444 5165; x_wconf 78' lang='lat' dir='ltr'><strong>sniri-</strong></span> 
     </span>
    </p>
   </div>
   <div class='ocr_carea' id='block_1_107' title="bbox 1853 5106 3447 5187">
    <p class='ocr_par' dir='ltr' id='par_1_107' title="bbox 1853 5106 3447 5187">
     <span class='ocr_line' id='line_1_109' title="bbox 1853 5106 3447 5187; baseline 0.009 -28"><span class='ocrx_word' id='word_1_774' title='bbox 1853 5106 2109 5176; x_wconf 83' lang='lat' dir='ltr'><strong>spiritum.</strong></span> <span class='ocrx_word' id='word_1_775' title='bbox 2167 5107 2496 5187; x_wconf 76' lang='lat' dir='ltr'><strong>Quamquam</strong></span> <span class='ocrx_word' id='word_1_776' title='bbox 2534 5106 2757 5187; x_wconf 78' lang='lat' dir='ltr'><strong>interim</strong></span> <span class='ocrx_word' id='word_1_777' title='bbox 2789 5106 2896 5187; x_wconf 87' lang='lat' dir='ltr'><strong>alio_</strong></span> <span class='ocrx_word' id='word_1_778' title='bbox 2918 5127 3078 5187; x_wconf 82' lang='lat' dir='ltr'><strong>sensu</strong></span> <span class='ocrx_word' id='word_1_779' title='bbox 3107 5119 3266 5171; x_wconf 89' lang='lat' dir='ltr'><strong>etiam</strong></span> <span class='ocrx_word' id='word_1_780' title='bbox 3292 5106 3447 5187; x_wconf 61' lang='lat' dir='ltr'><strong>s&#39;piri-</strong></span> 
     </span>
    </p>
   </div>
   <div class='ocr_carea' id='block_1_108' title="bbox 1855 5178 3441 5250">
    <p class='ocr_par' dir='ltr' id='par_1_108' title="bbox 1855 5178 3441 5250">
     <span class='ocr_line' id='line_1_110' title="bbox 1855 5178 3441 5250; baseline 0.008 -20"><span class='ocrx_word' id='word_1_781' title='bbox 1855 5185 1965 5230; x_wconf 89' lang='lat' dir='ltr'><strong>tum</strong></span> <span class='ocrx_word' id='word_1_782' title='bbox 1995 5190 2291 5246; x_wconf 85' lang='lat' dir='ltr'><strong>agnoscens</strong></span> <span class='ocrx_word' id='word_1_783' title='bbox 2315 5178 2548 5250; x_wconf 85' lang='lat' dir='ltr'><strong>animam</strong></span> <span class='ocrx_word' id='word_1_784' title='bbox 2573 5220 2588 5245; x_wconf 88' lang='lat'><strong>,</strong></span> <span class='ocrx_word' id='word_1_785' title='bbox 2616 5193 2646 5234; x_wconf 83' lang='lat' dir='ltr'><strong>a</strong></span> <span class='ocrx_word' id='word_1_786' title='bbox 2677 5181 2934 5249; x_wconf 86' lang='lat' dir='ltr'><strong>spirando</strong></span> <span class='ocrx_word' id='word_1_787' title='bbox 2960 5226 2976 5247; x_wconf 90' lang='lat'><strong>,</strong></span> <span class='ocrx_word' id='word_1_788' title='bbox 3000 5184 3088 5240; x_wconf 88' lang='lat' dir='ltr'><strong>lib.</strong></span> <span class='ocrx_word' id='word_1_789' title='bbox 3135 5188 3196 5240; x_wconf 82' lang='lat' dir='ltr'><strong>de</strong></span> <span class='ocrx_word' id='word_1_790' title='bbox 3237 5178 3441 5250; x_wconf 80' lang='lat' dir='ltr'><strong>Anima.</strong></span> 
     </span>
    </p>
   </div>
   <div class='ocr_carea' id='block_1_109' title="bbox 1854 5249 3446 5316">
    <p class='ocr_par' dir='ltr' id='par_1_109' title="bbox 1854 5249 3446 5316">
     <span class='ocr_line' id='line_1_111' title="bbox 1854 5249 3446 5316; baseline 0.009 -17"><span class='ocrx_word' id='word_1_791' title='bbox 1854 5263 1961 5300; x_wconf 89' lang='lat' dir='ltr'><strong>non</strong></span> <span class='ocrx_word' id='word_1_792' title='bbox 1985 5263 2078 5316; x_wconf 88' lang='lat' dir='ltr'><strong>per</strong></span> <span class='ocrx_word' id='word_1_793' title='bbox 2097 5250 2275 5301; x_wconf 91' lang='lat' dir='ltr'><strong>omnia</strong></span> <span class='ocrx_word' id='word_1_794' title='bbox 2297 5249 2595 5304; x_wconf 89' lang='lat' dir='ltr'><strong>consentiat</strong></span> <span class='ocrx_word' id='word_1_795' title='bbox 2613 5265 2734 5306; x_wconf 93' lang='lat' dir='ltr'><strong>cum</strong></span> <span class='ocrx_word' id='word_1_796' title='bbox 2758 5252 3155 5310; x_wconf 79' lang='lat' dir='ltr'><strong>Catltolicorum</strong></span> <span class='ocrx_word' id='word_1_797' title='bbox 3176 5249 3446 5315; x_wconf 74' lang='lat' dir='ltr'><strong>sententia</strong></span> 
     </span>
    </p>
   </div>
   <div class='ocr_carea' id='block_1_110' title="bbox 1854 5317 3442 5397">
    <p class='ocr_par' dir='ltr' id='par_1_110' title="bbox 1854 5317 3442 5397">
     <span class='ocr_line' id='line_1_112' title="bbox 1854 5317 3442 5397; baseline 0.008 -25"><span class='ocrx_word' id='word_1_798' title='bbox 1854 5317 2376 5397; x_wconf 66' lang='lat' dir='ltr'><strong>Tertulliauus,_q_ui</strong></span> <span class='ocrx_word' id='word_1_799' title='bbox 2407 5321 2651 5391; x_wconf 88' lang='lat' dir='ltr'><strong>spiritum</strong></span> <span class='ocrx_word' id='word_1_800' title='bbox 2701 5327 2914 5393; x_wconf 89' lang='lat' dir='ltr'><strong>proprie</strong></span> <span class='ocrx_word' id='word_1_801' title='bbox 2957 5326 3187 5381; x_wconf 90' lang='lat' dir='ltr'><strong>animam</strong></span> <span class='ocrx_word' id='word_1_802' title='bbox 3237 5329 3442 5397; x_wconf 87' lang='lat' dir='ltr'><strong>dicunt,</strong></span> 
     </span>
    </p>
   </div>
   <div class='ocr_carea' id='block_1_111' title="bbox 1855 5389 3446 5477">
    <p class='ocr_par' dir='ltr' id='par_1_111' title="bbox 1855 5389 3446 5477">
     <span class='ocr_line' id='line_1_113' title="bbox 1855 5389 3446 5477; baseline 0.01 -35"><span class='ocrx_word' id='word_1_803' title='bbox 1855 5405 1959 5477; x_wconf 71' lang='lat' dir='ltr'><strong>non</strong></span> <span class='ocrx_word' id='word_1_804' title='bbox 1985 5400 2164 5477; x_wconf 59' lang='lat' dir='ltr'><strong>tamen</strong></span> <span class='ocrx_word' id='word_1_805' title='bbox 2187 5389 2463 5477; x_wconf 51' lang='lat' dir='ltr'><strong>Spiritum&quot;</strong></span> <span class='ocrx_word' id='word_1_806' title='bbox 2477 5389 2719 5472; x_wconf 79' lang='lat' dir='ltr'><strong>sanctum</strong></span> <span class='ocrx_word' id='word_1_807' title='bbox 2741 5411 2756 5459; x_wconf 88' lang='lat'><strong>;</strong></span> <span class='ocrx_word' id='word_1_808' title='bbox 2781 5389 2940 5477; x_wconf 62' lang='lat' dir='ltr'><strong>atque</strong></span> <span class='ocrx_word' id='word_1_809' title='bbox 2961 5397 3096 5477; x_wconf 75' lang='lat' dir='ltr'><strong>adeo</strong></span> <span class='ocrx_word' id='word_1_810' title='bbox 3118 5399 3278 5455; x_wconf 84' lang='lat' dir='ltr'><strong>etiam</strong></span> <span class='ocrx_word' id='word_1_811' title='bbox 3300 5389 3446 5458; x_wconf 71' lang='lat' dir='ltr'><strong>dicto</strong></span> 
     </span>
    </p>
   </div>
   <div class='ocr_carea' id='block_1_112' title="bbox 1856 5460 3444 5539">
    <p class='ocr_par' dir='ltr' id='par_1_112' title="bbox 1856 5460 3444 5539">
     <span class='ocr_line' id='line_1_114' title="bbox 1856 5460 3444 5539; baseline 0.009 -26"><span class='ocrx_word' id='word_1_812' title='bbox 1856 5461 1974 5539; x_wconf 72' lang='lat' dir='ltr'><strong>loco</strong></span> <span class='ocrx_word' id='word_1_813' title='bbox 1996 5460 2268 5539; x_wconf 58' lang='lat' dir='ltr'><strong>Genu-sees</strong></span> <span class='ocrx_word' id='word_1_814' title='bbox 2297 5461 2524 5539; x_wconf 28' lang='lat' dir='ltr'><strong>etnalibi,</strong></span> <span class='ocrx_word' id='word_1_815' title='bbox 2548 5476 2697 5539; x_wconf 58' lang='lat' dir='ltr'><strong>ne»</strong></span> <span class='ocrx_word' id='word_1_816' title='bbox 2733 5460 2968 5539; x_wconf 78' lang='lat' dir='ltr'><strong>spiritum</strong></span> <span class='ocrx_word' id='word_1_817' title='bbox 3001 5469 3444 5539; x_wconf 87' lang='lat' dir='ltr'><strong>interpretantur.</strong></span> 
     </span>
    </p>
   </div>
   <div class='ocr_carea' id='block_1_113' title="bbox 1855 5530 3446 5602">
    <p class='ocr_par' dir='ltr' id='par_1_113' title="bbox 1855 5530 3446 5602">
     <span class='ocr_line' id='line_1_115' title="bbox 1855 5530 3446 5602; baseline 0.008 -17"><span class='ocrx_word' id='word_1_818' title='bbox 1855 5530 2052 5586; x_wconf 85' lang='lat' dir='ltr'><strong>Verum</strong></span> <span class='ocrx_word' id='word_1_819' title='bbox 2083 5531 2149 5602; x_wconf 74' lang='lat' dir='ltr'><strong>de</strong></span> <span class='ocrx_word' id='word_1_820' title='bbox 2174 5531 2274 5585; x_wconf 85' lang='lat' dir='ltr'><strong>hoc</strong></span> <span class='ocrx_word' id='word_1_821' title='bbox 2300 5531 2442 5586; x_wconf 90' lang='lat' dir='ltr'><strong>illius</strong></span> <span class='ocrx_word' id='word_1_822' title='bbox 2467 5536 2738 5602; x_wconf 82' lang='lat' dir='ltr'><strong>paradoxo</strong></span> <span class='ocrx_word' id='word_1_823' title='bbox 2761 5530 3018 5593; x_wconf 88' lang='lat' dir='ltr'><strong>lectorem</strong></span> <span class='ocrx_word' id='word_1_824' title='bbox 3047 5530 3350 5596; x_wconf 78' lang='lat' dir='ltr'><strong>remisimus</strong></span> <span class='ocrx_word' id='word_1_825' title='bbox 3375 5542 3446 5599; x_wconf 88' lang='lat' dir='ltr'><strong>ad</strong></span> 
     </span>
    </p>
   </div>
   <div class='ocr_carea' id='block_1_114' title="bbox 1854 5601 3446 5672">
    <p class='ocr_par' dir='ltr' id='par_1_114' title="bbox 1854 5601 3446 5672">
     <span class='ocr_line' id='line_1_116' title="bbox 1854 5601 3446 5672; baseline 0.008 -15"><span class='ocrx_word' id='word_1_826' title='bbox 1854 5613 2031 5657; x_wconf 85' lang='lat' dir='ltr'><strong>nostra</strong></span> <span class='ocrx_word' id='word_1_827' title='bbox 2090 5601 2544 5672; x_wconf 85' lang='lat' dir='ltr'><strong>Prolegomena...</strong></span> <span class='ocrx_word' id='word_1_828' title='bbox 2599 5607 2801 5662; x_wconf 90' lang='lat' dir='ltr'><strong>Deinde</strong></span> <span class='ocrx_word' id='word_1_829' title='bbox 2853 5623 2976 5664; x_wconf 84' lang='lat' dir='ltr'><strong>sese</strong></span> <span class='ocrx_word' id='word_1_830' title='bbox 3023 5611 3090 5664; x_wconf 88' lang='lat' dir='ltr'><strong>ad</strong></span> <span class='ocrx_word' id='word_1_831' title='bbox 3144 5612 3446 5671; x_wconf 89' lang='lat' dir='ltr'><strong>institutum</strong></span> 
     </span>
    </p>
   </div>
   <div class='ocr_carea' id='block_1_115' title="bbox 1853 5675 3447 5748">
    <p class='ocr_par' dir='ltr' id='par_1_115' title="bbox 1853 5675 3447 5748">
     <span class='ocr_line' id='line_1_117' title="bbox 1853 5675 3447 5748; baseline 0.011 -25"><span class='ocrx_word' id='word_1_832' title='bbox 1853 5675 2070 5748; x_wconf 66' lang='lat' dir='ltr'><strong>promus</strong></span> <span class='ocrx_word' id='word_1_833' title='bbox 2095 5683 2288 5727; x_wconf 79' lang='lat' dir='ltr'><strong>caetera</strong></span> <span class='ocrx_word' id='word_1_834' title='bbox 2317 5675 2575 5748; x_wconf 84' lang='lat' dir='ltr'><strong>naturalia</strong></span> <span class='ocrx_word' id='word_1_835' title='bbox 2602 5679 2794 5732; x_wconf 73' lang='lat' dir='ltr'><strong>animae</strong></span> <span class='ocrx_word' id='word_1_836' title='bbox 2818 5692 3181 5748; x_wconf 83' lang='lat' dir='ltr'><strong>pertractasse</strong></span> <span class='ocrx_word' id='word_1_837' title='bbox 3214 5685 3447 5740; x_wconf 90' lang='lat' dir='ltr'><strong>insinuat</strong></span> 
     </span>
    </p>
   </div>
   <div class='ocr_carea' id='block_1_116' title="bbox 1852 5744 3445 5826">
    <p class='ocr_par' dir='ltr' id='par_1_116' title="bbox 1852 5744 3445 5826">
     <span class='ocr_line' id='line_1_118' title="bbox 1852 5744 3445 5826; baseline 0.009 -29"><span class='ocrx_word' id='word_1_838' title='bbox 1852 5744 1968 5798; x_wconf 79' lang='lat' dir='ltr'><strong>adv.</strong></span> <span class='ocrx_word' id='word_1_839' title='bbox 2004 5744 2273 5826; x_wconf 74' lang='lat' dir='ltr'><strong>Hermog..</strong></span> <span class='ocrx_word' id='word_1_840' title='bbox 2308 5754 2362 5826; x_wconf 80' lang='lat' dir='ltr'><strong>ut</strong></span> <span class='ocrx_word' id='word_1_841' title='bbox 2407 5746 2495 5800; x_wconf 84' lang='lat' dir='ltr'><strong>Dei</strong></span> <span class='ocrx_word' id='word_1_842' title='bbox 2529 5744 2902 5826; x_wconf 60' lang='lat' dir='ltr'><strong>potiusquam</strong></span> <span class='ocrx_word' id='word_1_843' title='bbox 2953 5753 3193 5826; x_wconf 68' lang='lat' dir='ltr'><strong>materia:</strong></span> <span class='ocrx_word' id='word_1_844' title='bbox 3221 5759 3445 5826; x_wconf 77' lang='lat' dir='ltr'><strong>prepin-</strong></span> 
     </span>
    </p>
   </div>
   <div class='ocr_carea' id='block_1_117' title="bbox 1854 5818 3447 5896">
    <p class='ocr_par' dir='ltr' id='par_1_117' title="bbox 1854 5818 3447 5896">
     <span class='ocr_line' id='line_1_119' title="bbox 1854 5818 3447 5896; baseline 0.011 -31"><span class='ocrx_word' id='word_1_845' title='bbox 1854 5832 1954 5896; x_wconf 80' lang='lat' dir='ltr'><strong>qua</strong></span> <span class='ocrx_word' id='word_1_846' title='bbox 1997 5818 2170 5896; x_wconf 76' lang='lat' dir='ltr'><strong>anima</strong></span> <span class='ocrx_word' id='word_1_847' title='bbox 2217 5818 2551 5896; x_wconf 56' lang='lat' dir='ltr'><strong>probaretur.</strong></span> <span class='ocrx_word' id='word_1_848' title='bbox 2601 5820 2834 5890; x_wconf 86' lang='lat' dir='ltr'><strong>Denique</strong></span> <span class='ocrx_word' id='word_1_849' title='bbox 2878 5821 3136 5896; x_wconf 76' lang='lat' dir='ltr'><strong>fortassis</strong></span> <span class='ocrx_word' id='word_1_850' title='bbox 3165 5818 3447 5896; x_wconf 74' lang='lat' dir='ltr'><strong>propterea</strong></span> 
     </span>
    </p>
   </div>
   <div class='ocr_carea' id='block_1_118' title="bbox 1857 5888 3448 5966">
    <p class='ocr_par' dir='ltr' id='par_1_118' title="bbox 1857 5888 3448 5966">
     <span class='ocr_line' id='line_1_120' title="bbox 1857 5888 3448 5966; baseline 0.009 -28"><span class='ocrx_word' id='word_1_851' title='bbox 1857 5889 1977 5966; x_wconf 74' lang='lat' dir='ltr'><strong>quis</strong></span> <span class='ocrx_word' id='word_1_852' title='bbox 2001 5888 2388 5966; x_wconf 43' lang='lat' dir='ltr'><strong>animamncum</strong></span> <span class='ocrx_word' id='word_1_853' title='bbox 2435 5889 2543 5942; x_wconf 85' lang='lat' dir='ltr'><strong>Deo</strong></span> <span class='ocrx_word' id='word_1_854' title='bbox 2558 5888 2928 5966; x_wconf 45' lang='lat' dir='ltr'><strong>coiupa&#39;raret,</strong></span> <span class='ocrx_word' id='word_1_855' title='bbox 2960 5907 3078 5947; x_wconf 89' lang='lat' dir='ltr'><strong>eam</strong></span> <span class='ocrx_word' id='word_1_856' title='bbox 3123 5888 3281 5966; x_wconf 75' lang='lat' dir='ltr'><strong>longe</strong></span> <span class='ocrx_word' id='word_1_857' title='bbox 3312 5897 3448 5954; x_wconf 79' lang='lat' dir='ltr'><strong>inira</strong></span> 
     </span>
    </p>
   </div>
   <div class='ocr_carea' id='block_1_119' title="bbox 1859 5957 3442 6037">
    <p class='ocr_par' dir='ltr' id='par_1_119' title="bbox 1859 5957 3442 6037">
     <span class='ocr_line' id='line_1_121' title="bbox 1859 5957 3442 6037; baseline 0.009 -24"><span class='ocrx_word' id='word_1_858' title='bbox 1859 5957 2028 6015; x_wconf 85' lang='lat' dir='ltr'><strong>Deum</strong></span> <span class='ocrx_word' id='word_1_859' title='bbox 2054 5957 2359 6015; x_wconf 79' lang='lat' dir='ltr'><strong>defendisse</strong></span> <span class='ocrx_word' id='word_1_860' title='bbox 2388 5974 2447 6014; x_wconf 77' lang='lat' dir='ltr'><strong>se</strong></span> <span class='ocrx_word' id='word_1_861' title='bbox 2467 5960 2653 6017; x_wconf 86' lang='lat' dir='ltr'><strong>scribit</strong></span> <span class='ocrx_word' id='word_1_862' title='bbox 2678 5960 2822 6016; x_wconf 89' lang='lat' dir='ltr'><strong>dicto</strong></span> <span class='ocrx_word' id='word_1_863' title='bbox 2846 5957 3005 6032; x_wconf 80' lang='lat' dir='ltr'><strong>libro,</strong></span> <span class='ocrx_word' id='word_1_864' title='bbox 3028 5965 3174 6035; x_wconf 90' lang='lat' dir='ltr'><strong>quod</strong></span> <span class='ocrx_word' id='word_1_865' title='bbox 3200 5957 3325 6025; x_wconf 67' lang='lat' dir='ltr'><strong>nata</strong></span> <span class='ocrx_word' id='word_1_866' title='bbox 3352 5970 3442 6037; x_wconf 79' lang='lat' dir='ltr'><strong>sit,</strong></span> 
     </span>
    </p>
   </div>
  </div>
