4202 6496
758 382 900 441 1127

2207 389 2671 461 TEItTULLIANI

753 496 897 571 quod
924 496 1189 571 passibilis
1210 539 1233 571 7,
1261 497 1402 571 quod
1428 497 1838 555 exorbitationis
1884 514 2048 571 capax
2075 543 2088 567 ,
2124 513 2177 558 et
2226 506 2352 561 inde

3924 402 4065 462 H28

2458 508 2585 593 ipsis
2642 507 2829 565 iisdem
2880 508 3056 567 verbis
3110 511 3333 583 repetita
3382 513 3469 573 hic
3538 516 3721 577 videre
3775 520 3849 577 sit
3922 519 4064 593 apud

753 568 1251 642 etiamioblivionis
1281 568 1484 626 ‘adliuis
1521 571 1607 626 sit.
1671 571 1848 642 lisque
1894 568 2030 629 adeo
2085 584 2143 629 ut
2190 578 2352 633 totius
2378 568 2429 594 η
2455 568 2754 637 auctorem.

756 653 898 709 pene
923 638 1042 698 libri
1068 650 1444 715 argumentum
1468 682 1485 713 ,
1518 650 1572 699 et
1600 638 2075 716 quasi'fraguienta
2103 646 2350 718 quredam

1732 754 1869 811 VIII.
1901 755 2262 815 ADVERSUS
2298 757 2821 817 APELLETIANOS
2860 758 3042 816 LIBRI

1553 888 1831 948 ClTATlO,
1879 890 1964 934 ex
2006 890 2194 936 Ltnno
2236 892 2319 936 ms
2354 893 2563 937 canae
2606 894 2855 939 cuntsrt
2902 878 2922 957 (
2967 895 3104 958 cap.
3149 876 3190 940 8
3232 878 3277 955 ).

825 990 932 1052 Sed
958 994 1209 1067 quoniam
1239 1002 1296 1053 et
1323 994 1411 1053 isti
1438 993 1743 1068 Apelletiaui
1784 996 1961 1051 carnis
1994 996 2338 1068 ignominiam

757 1088 1099 1159 prattendunt
1141 1087 1415 1157 maxime,
1447 1102 1610 1160 quam
1666 1090 1882 1157 volunt,
1936 1088 2004 1144 ab
2051 1092 2206 1159 igneo
2252 1089 2343 1146 illo

752 1180 983 1253 prteside
1025 1181 1195 1249 mali,
1225 1180 1525 1237 sollicitatis
1568 1180 1850 1237 animabus
1891 1180 2219 1238 adstructam
2246 1222 2262 1251 ,
2291 1193 2346 1239 et

753 1273 957 1330 idcirco
988 1272 1257 1345 indignam
1284 1270 1498 1329 Christo
1522 1314 1536 1339 ,
1562 1283 1617 1330 et
1646 1273 1845 1329 ideirco
1890 1272 1958 1329 de
1983 1273 2247 1331 sideribus
2271 1276 2343 1331 illi

749 1368 1105 1426 substantiam
1131 1368 1455 1439 competisse
1483 1407 1501 1435 ,
1530 1366 1699 1425 debeo
1727 1367 1846 1424 illos
1872 1367 1939 1423 de
1968 1382 2064 1423 sua
2097 1378 2343 1439 paratura

752 1470 1124 1532 repercutere.
1150 1461 1414 1534 Angelum
1442 1461 1728 1532 quemdam
1760 1461 2014 1533 inclytum
2043 1463 2344 1530 nominant,

751 1552 843 1624 qui
865 1552 1124 1609 mundum
1163 1551 1309 1609 hunc
1353 1552 1690 1619 instituerit,
1719 1562 1772 1608 et
1800 1552 2044 1608 instituto
2069 1568 2136 1610 eo
2168 1556 2342 1625 pugni-

747 1646 970 1705 tentiam
999 1646 1297 1705 admiserit.
1322 1646 1389 1702 Et
1417 1645 1519 1703 hoc
1539 1660 1638 1703 suo
1664 1645 1782 1703 loco
1812 1649 2179 1705 tractavimus.
2208 1648 2339 1704 Nam

742 1750 828 1798 est
853 1738 1009 1798 nobis
1038 1739 1281 1796 adversus
1323 1738 1441 1795 illo:
1471 1738 1706 1807 libellus,
1746 1754 1814 1795 an
1842 1740 1932 1811 qui
1985 1740 2228 1811 spiritum
2288 1750 2343 1797 et

741 1834 1071 1892 voluntatem
1111 1842 1167 1890 et
1191 1834 1446 1889 virtutem
1473 1831 1674 1890 Christi
1703 1831 1951 1888 habuerit
1977 1833 2042 1888 ad
2068 1847 2130 1889 ea
2151 1848 2334 1904 opera,

741 1927 962 1999 dignum
982 1926 1183 1998 aliquid
1203 1926 1516 1997 paenitentia
1537 1925 1745 1993 fecerit,
1767 1940 1888 1982 eum
1910 1926 2153 1998 angelum
2175 1928 2335 1983 etiam

2444 997 2621 1056 locum
2648 1012 2753 1054 non
2782 998 2943 1055 liabet
2969 999 3069 1055 nisi
3111 1001 3164 1056 in
3195 999 3414 1058 delicto.
3446 998 3503 1058 Si
3530 1003 3760 1061 mundus
3788 1004 4054 1066 delictum

2445 1104 2531 1151 est
2553 1135 2567 1161 ,
2593 1094 2715 1165 quia
2747 1107 2974 1165 corpus,
3008 1103 3062 1151 et
3089 1095 3331 1151 membra
3369 1095 3623 1153 delictum
3647 1141 3664 1166 ,
3692 1102 3793 1156 erit
3824 1103 4062 1172 proinde

2445 1197 2500 1244 et
2542 1188 2734 1244 cmlum
2760 1230 2774 1254 ,
2808 1198 2861 1243 et
2888 1188 3130 1244 emlcstia
3184 1203 3308 1245 cum
3352 1191 3511 1247 caelo.
3557 1192 3613 1248 Si
3661 1195 3905 1252 caelestia
3941 1239 3957 1262 ,
4007 1209 4061 1254 et

2446 1281 2705 1353 quidquid
2756 1282 2883 1339 inde
2934 1293 3255 1355 conceptum
3307 1286 3677 1359 prolatumque
3730 1299 3855 1357 est,
3912 1295 4059 1348 mala

2448 1374 2611 1430 arbor
2658 1375 2829 1431 malos
2877 1374 3083 1432 fruetus
3127 1377 3253 1432 edat
3295 1393 3519 1435 necesse
3563 1389 3665 1436 est.
3709 1381 3847 1437 Caro
3889 1385 4061 1455 igitur

2445 1467 2645 1523 Christi
2689 1467 2758 1525 de
2795 1468 3105 1525 coelestibus
3152 1478 3353 1526 structa
3386 1513 3401 1539 ,
3448 1470 3516 1527 de
3562 1475 3760 1542 peccati
3802 1478 4060 1531 constitit

2445 1559 2729 1616 elementis
2746 1599 2764 1627 ,
2810 1561 3076 1631 peccatrix
3102 1560 3171 1616 de
3198 1564 3502 1633 peeeatorio
3526 1580 3710 1633 censu,
3744 1578 3798 1623 et
3822 1585 3929 1638 par
3952 1572 4059 1625 erit

2445 1652 2612 1723 ipsius
2638 1651 2952 1709 substantiae
2976 1695 2991 1721 ,
3026 1652 3078 1708 id
3103 1663 3207 1721 est,
3240 1663 3438 1711 nostra:
3463 1698 3478 1722 ,
3504 1672 3663 1728 quam
3686 1668 3743 1713 ut
3772 1662 4022 1729 pceeatri
4039 1690 4057 1702 -

2442 1760 2559 1801 cem
2599 1743 2841 1800 Christus
2888 1743 3208 1816 dedignatur
3251 1746 3493 1804 induere.
3541 1746 3615 1804 Ita
3641 1791 3655 1814 ,
3695 1752 3739 1804 si
3786 1751 3933 1807 nihil
3986 1753 4058 1810 de

2441 1838 2729 1911 ignominia
2757 1838 3001 1905 interest,
3033 1846 3125 1894 aut
3146 1839 3304 1894 aliam
3337 1839 3568 1910 purioris
3592 1850 3730 1897 noun
3760 1845 4052 1901 materiam

2437 1934 2741 2003 excogiteut
2805 1929 3020 1987 Christo
3052 1971 3066 1997 ,
3122 1931 3315 2002 quibus
3363 1931 3610 2004 displicet
3663 1946 3845 1991 nostra
3883 1980 3899 2003 ,
3956 1946 4054 1993 aut

745 2017 818 2076 de
839 2020 1005 2092 ﬁgura
1034 2018 1278 2076 erratica
1321 2018 1437 2076 ovis
1482 2018 1923 2090 interpretentur.
1969 2018 2131 2075 Teste
2177 2020 2337 2091 igitur
2364 2028 2412 2090 Β
2439 2042 2559 2088 eam
2586 2036 2949 2099 cognoscant,
2975 2040 3077 2098 qua
3105 2028 3267 2083 etiam
3286 2027 3526 2086 caelestis
3553 2030 3741 2087 melior
3778 2046 3911 2088 esse
3939 2048 4049 2089 non

743 2112 1060 2184 paenitentia
1102 2114 1428 2170 institutoris
1484 2112 1612 2180 sui,
1641 2111 1893 2169 delictum
1938 2113 2042 2169 erit
2081 2113 2333 2181 mundus,

737 2206 1007 2279 siquidem
1027 2207 1203 2264 omnis
1231 2207 1546 2279 pmnitentia
1572 2206 1841 2263 confessio
1864 2216 1945 2263 est
1976 2208 2177 2276 delicti,
2209 2209 2334 2281 quia

808 2322 892 2381 An
925 2322 1063 2395 liber
1086 2323 1187 2379 iste
1206 2365 1222 2390 ,
1253 2324 1495 2395 adversus
1519 2324 1779 2395 Apellem,
1817 2339 1882 2378 an
1906 2322 2145 2395 adversus
2176 2324 2327 2395 4pc!-

736 2395 949 2450 letianos
973 2394 1190 2450 inscribi
1220 2394 1433 2460 debeat,
1450 2392 1777 2465 aliquamdiu
1803 2410 1889 2448 me
1915 2394 2159 2448 dubitare
2183 2392 2326 2459 fecit,

736 2465 877 2534 quod
899 2466 1040 2523 inter
1065 2475 1293 2522 eteteros
1322 2465 1629 2524 hzeretieos.
1657 2466 1918 2520 adversus
1944 2480 2083 2534 quos
2115 2466 2330 2534 scripsit

735 2535 1096 2593 Tcrtulliauus
1117 2578 1133 2604 ,
1164 2546 1442 2593 enumeret
1470 2536 1712 2593 Vinceut.
1743 2536 2011 2591 Lirinens.
2058 2536 2324 2605 Apellem,

735 2623 800 2663 ex
830 2622 937 2679 quo
964 2606 1521 2679 etiamghmsitavimus
1549 2623 1675 2662 num
1707 2607 1887 2678 plures
1931 2617 2112 2679 essent
2161 2608 2326 2663 libelli

734 2679 803 2734 ab
827 2677 1046 2750 auctore
1089 2677 1349 2737 adversus
1395 2681 1567 2750 ipsum
1608 2689 1664 2750 et
1707 2677 1995 2747 discipulos
2040 2677 2155 2747 ejus
2197 2694 2324 2734 con-

738 2751 945 2821 scripti.
988 2749 1189 2807 Verum
1218 2793 1233 2815 ,
1262 2766 1384 2806 cum
1417 2749 1588 2807 toties
1630 2749 1767 2806 facta
1813 2750 2014 2820 Apellis
2053 2754 2327 2806 mentione

735 2830 895 2890 atque
921 2821 1118 2878 nullius
1141 2821 1362 2878 alterius
1384 2862 1400 2888 ,
1429 2823 1630 2876 nullam
1662 2832 1839 2875 tamen
1871 2822 1989 2875 libri
2027 2821 2325 2890 cujuspiam

735 2892 994 2948 adversus
1012 2891 1261 2949 eumdem
1302 2893 1628 2949 mentionem
1671 2900 2024 2960 prieterquam
2078 2892 2176 2945 hoc
2208 2891 2327 2947 loco

735 2960 917 3029 faciat,
949 2963 1009 3018 Iit
1033 2964 1163 3017 mihi
1186 2962 1444 3019 credibile
1471 3004 1484 3026 ,
1507 2972 1562 3016 et
1591 2962 1806 3017 unicum
1847 2976 1966 3017 esse
1996 2962 2063 3017 ah
2090 2977 2156 3015 co
2193 2977 2325 3017 eou-

734 3033 1017 3103 scriptum,
1039 3042 1095 3089 et
1113 3034 1350 3089 adversus
1370 3033 1711 3102 Apelletianos
1732 3034 2066 3102 inscriptum.
2099 3032 2329 3090 Maxime

734 3115 857 3176 eum
894 3105 1052 3176 etiam
1090 3104 1431 3176 Apelletianos
1454 3104 1513 3176 B_.
1541 3103 1794 3176 Cypriau.
1830 3115 2101 3174 nuncupet
2130 3105 2330 3173 Apellis

734 3173 1047 3245 discipulos,
1066 3173 1233 3246 Epist.
1260 3176 1352 3240 75,
1381 3176 1449 3230 ad
1474 3173 1802 3230 Jubéianum.
1837 3177 1993 3245 Atqui
2012 3173 2327 3230 iobscuriura

734 3246 950 3317 quidem
978 3255 1102 3302 sunt
1121 3247 1285 3303 verba
1303 3246 1619 3303 Tertulliani
1643 3248 1751 3317 jam
1775 3247 1955 3310 citata,
1981 3248 2075 3301 sed
2102 3247 2201 3299 hoc
2224 3249 2328 3302 sibi

2439 2125 2630 2196 potuit.

2434 2323 2583 2378 Hier.
2604 2323 2694 2388 ‘23,
2722 2321 2783 2377 B.
2812 2320 3026 2385 Isidor.,
3051 2320 3146 2377 lib.
3174 2322 3293 2377 adv.
3325 2321 3517 2387 Mam,
3542 2320 3792 2379 Rabanus
3820 2336 4044 2389 noster,

2433 2394 2494 2449 Β.
2531 2393 2797 2448 llonorius
2837 2404 2891 2447 ct
2932 2393 3218 2449 Gratianus
3264 2396 3315 2449 in
3368 2393 3637 2463 Calalogis
3678 2395 3870 2450 hznret.
3932 2397 4045 2453 lloe

2434 2466 2703 2535 peculiare
2742 2464 2988 2529 auctori,
3031 2466 3171 2535 quod
3203 2464 3271 2519 de
3321 2466 3628 2534 paenitentia
3666 2468 3843 2535 angeli
3873 2468 4047 2523 Crea-

2433 2538 2564 2591 toris
2581 2536 2692 2607 jam
2728 2535 2927 2608 dictum
2967 2545 3049 2591 est
3075 2536 3281 2608 ;__si_c_uti
3306 2545 3359 2591 ct
3408 2537 3534 2591 illud
3572 2580 3585 2599 ,
3618 2535 3756 2607 quod
3802 2539 4043 2608 ﬁguram

2429 2605 2674 2663 erraticas
2713 2608 2829 2661 ovis
2873 2605 3040 2677 (Luc,
3087 2605 3208 2677 XV)
3253 2606 3321 2661 de
3366 2608 3457 2662 illo
3501 2605 4039 2675 interpretati'sint;

2429 2678 2577 2803 quasi
2606 2678 2856 2748 gaudium
2882 2676 3044 2731 fuerit
3085 2677 3138 2731 in
3184 2677 3325 2731 cmlo
3378 2677 3517 2746 apud
3563 2679 3777 2748 angelos
3829 2680 3929 2733 Dei
3974 2683 4043 2736 de

2430 2750 2523 2803 ilo
2552 2764 2658 2803 uno
2700 2757 2984 2803 peccatore
3024 2747 3090 2801 ad
3139 2747 3506 2803 paenitentiam
3535 2764 3812 2803 converso.
3861 2751 4043 2803 Onam

2430 2747 2523 2803 illo
2552 2747 2658 2803 uno
2700 2757 2984 2817 peccatore
3024 2747 3090 2801 ad
3139 2747 3506 2815 paenitentiam
3535 2764 3812 2804 conversi».
3861 2751 4043 2818 Quam

2428 2830 2614 2874 contra
2652 2819 2843 2891 maluit
2893 2828 3090 2891 auctor
3124 2819 3463 2891 interpretari
3514 2818 3583 2891 dc
3630 2819 3853 2875 homine
3888 2822 4043 2891 lapso

2429 2899 2485 2945 et
2512 2905 2607 2960 per
2635 2890 2903 2946 Christum
2945 2890 3203 3015 reguisito
3232 2931 3245 2955 ,
3272 2886 3429 2944 Sicuti
3461 2888 3619 2945 etiam
3675 2892 3762 2944 alii
3816 2886 4042 2948 veteres

2429 2976 2635 3015 omnes.
2688 2961 2957 3015 Ilactenus
3038 2976 3068 3015 e
3112 2961 3177 3015 iis
3223 2975 3343 3015 uua:
3390 2961 3457 3015 ad
3489 2961 3822 3015 intellectum
3873 2962 4041 3015 huius

2428 2976 2635 3034 outnes.
2688 2961 2957 3034 Ilactenus
3000 2961 3068 3015 de
3112 2961 3177 3016 iis
3223 2975 3343 3031 qua:
3390 2961 3457 3015 ad
3489 2961 3822 3018 intellectum
3873 2962 4041 3034 hujus

2432 3032 2713 3088 fraumcuti
2740 3031 2958 3086 faciunt.

2556 3106 2636 3158 uia
2670 3119 2797 3158 vero
2818 3103 3160 3171 promisimus
3202 3101 3461 3173 integram
3509 3119 3606 3158 nos
3632 3102 3925 3159 historiam
3953 3106 4042 3161 hic

2432 3174 2671 3229 edituros
2699 3175 2767 3229 de
2807 3175 2993 3242 Apelle
3037 3182 3091 3227 et
3128 3173 3243 3240 ejus
3288 3174 3582 3229 haeresibus
3607 3216 3621 3235 ,
3665 3175 3938 3230 faciemus
3990 3179 4041 3231 id

2431 3260 2589 3315 quam
2632 3244 2963 3316 paucissimis
2997 3243 3203 3316 licebit.
3249 3244 3471 3316 Apelles
3504 3246 3679 3314 itaque
3729 3247 4042 3316 discipulus

734 3314 846 3398 uult
872 3332 888 3372 :
916 3319 1302 3410 Argumentum
1342 3318 1466 3410 libri
1486 3314 1745 3410 adsessos.
1772 3318 2138 3410 Apelletiapos
2163 3320 2327 3386 potis-
2353 3347 2397 3410 Ο
2431 3316 2733 3410 Marci'qnis,
2763 3314 2834 3369 uti
2859 3315 3040 3410 geritis
3068 3325 3258 3410 angor
3289 3325 3411 3410 utar
3442 3314 3569 3397 dicti
3602 3316 3705 3410 rlib.
3729 3318 3794 3397 de
3831 3314 4039 3410 masc.

732 3387 929 3458 simum
981 3387 1144 3443 fuisse
1174 3406 1188 3442 :
1218 3404 1287 3443 an
1315 3388 1536 3458 angelus
1556 3431 1571 3455 ,
1616 3389 1711 3458 ille
1735 3390 1917 3458 igneus
1949 3388 2073 3443 ntali
2102 3404 2322 3457 pra-ses,

735 3457 826 3529 qui
854 3466 908 3513 et
937 3459 1191 3515 mundum
1220 3458 1363 3515 hunc
1388 3457 1555 3529 (juxta
1583 3457 1724 3529 illos)
1748 3457 2068 3524 instituerat,
2100 3469 2154 3513 et
2179 3459 2325 3515 solli-

736 3528 913 3583 citatis
939 3528 1222 3587 animabus
1247 3528 1464 3586 Carnem
1488 3528 1849 3593 adstruxerat,
1879 3529 1944 3585 ad
1972 3530 2111 3600 quod
2146 3538 2321 3587 tamen

733 3600 979 3681 spiritum
1007 3609 1069 3681 e_t_
1086 3602 1417 3681 voluntatem
1442 3610 1497 3657 et
1511 3603 1774 3681 _vir_tutet_n
1812 3600 2011 3681 Christi
2040 3600 2320 3681 habuerit;

733 3670 965 3743 dignum
1002 3673 1201 3742 aliquid
1246 3672 1561 3742 poenitentia
1592 3671 1792 3743 fecerit.
1847 3670 2041 3741 Utpote
2065 3672 2155 3743 qui
2178 3672 2324 3731 dice-

732 3740 855 3795 rent
881 3740 1110 3825 ,“sict-tti—
1128 3740 1319 3825 legith
1342 3783 1359 3811 ,
1508 3744 1571 3797 de
1612 3740 1927 3825 Prasscript."
1956 3740 2098 3825 qdv:'
2118 3744 2317 3825 lueret?

734 3825 856 3882 cap.
882 3812 975 3878 51,
1009 3812 1212 3870 Ilteres.
1247 3812 1314 3869 I9
1357 3812 1548 3869 :lllum
1598 3815 1795 3869 mundo
1837 3812 2078 3868 inferiori
2124 3815 2322 3882 permi-

733 3882 939 3955 scuisse
968 3884 1332 3954 paenitentiam
1364 3924 1379 3950 ,
1410 3885 1533 3955 quia
1579 3900 1683 3939 non
1736 3885 1883 3939 illum
1934 3894 2039 3938 tam
2084 3883 2321 3955 perfecte

732 3950 948 4038 fecisset
968 3950 987 4021 ξ
1021 3970 1178 4038 quam
1202 3950 1458 4038 superior
1474 4027 1485 4038 ε
1503 3955 1738 4038 mundus
1768 3955 2063 4038 institutus
2086 3950 2315 4038 :fuisset.

733 4022 885 4095 Quod
917 4022 1090 4095 ipsum
1142 4022 1352 4082 interim
1400 4025 1621 4095 pulchre
1659 4034 1843 4081 contra
1877 4025 1997 4080 illos
2022 4034 2316 4095 retorquet,

731 4093 843 4166 illic
890 4093 980 4150 ubi
1036 4096 1270 4165 loquitur
1319 4115 1333 4151 :
1386 4093 1453 4151 de
1493 4110 1587 4151 sua
1640 4105 1887 4166 paratura
1929 4093 2315 4165 repetenti—ens.

732 4162 931 4239 Verum
959 4162 1460 4239 quod’vocat‘hunc
1486 4162 1731 4239 angelum
1761 4168 1883 4221 mali
1914 4162 2213 4237 praesidem,
2240 4168 2319 4223 sic

729 4236 1222 4362 exglieatEpiph.,
1275 4237 1417 4294 liter.
1470 4236 1579 4306 de,
1634 4254 1701 4294 cx
1751 4236 2026 4320 sententia
2067 4239 2313 4309 Apellis:

735 4325 755 4357 ιι
840 4318 974 4362 vasrt
1014 4320 1193 4362 autem
1243 4325 1347 4362 non
1379 4309 1589 4362 bonus.
1635 4316 1691 4362 et
1726 4324 1847 4362 aute
1898 4309 1966 4362 ab
2013 4324 2129 4362 tnso
2178 4307 2313 4362 facto

735 4325 755 4357 ιι
789 4307 974 4363 Evasit
1014 4307 1193 4365 autem
1243 4325 1347 4366 non
1379 4309 1589 4375 bonus,
1635 4316 1691 4370 et
1726 4324 1847 4379 qua:
1898 4309 1966 4365 ab
2013 4307 2131 4379 ipso
2178 4307 2317 4365 facto

727 4386 875 4445 sunt,
898 4394 1005 4435 nou
1028 4379 1322 4437 benefacta
1338 4389 1481 4447 sunt,
1500 4379 1596 4437 sed
1618 4381 1911 4436 secundum
1936 4381 2127 4436 malam
2153 4379 2318 4449 ipsius

729 4459 965 4522 mentem
1004 4450 1072 4505 ab
1089 4452 1217 4522 ipso
1253 4463 1429 4509 creata
1457 4461 1600 4522 sunt.
1634 4472 1653 4502 ι
1698 4452 1772 4508 De
1799 4452 2098 4507 sollicitatis
2136 4461 2313 4507 autem

726 4518 1009 4593 animabus
1052 4518 1136 4577 ab'
1164 4523 1435 4593 igneoillo
1484 4521 1587 4577 deo
1637 4522 1828 4592 angelo
1870 4524 2018 4591 juxta
2047 4521 2309 4593 Apellcm,

729 4590 851 4662 side
874 4606 1033 4662 supra
1055 4632 1069 4656 ,
1107 4590 1238 4649 tom.
1268 4592 1338 4648 III
1358 4636 1371 4657 ,
1406 4594 1498 4648 lib.
1525 4593 1589 4647 de
1616 4590 1818 4659 Anima,
1848 4590 1898 4648 c.
1926 4594 1997 4649 25
2021 4603 2067 4647 et
2102 4592 2193 4656 56,
2224 4593 2312 4648 tibi

726 4660 873 4716 addit
915 4660 983 4717 ex
1020 4666 1364 4736 consequenti
1412 4672 1597 4719 auctor
1629 4664 1977 4736 constituisse
2026 4679 2158 4736 eum
2188 4674 2313 4736 ante

2430 3387 2547 3440 adv.
2582 3386 2745 3449 llam,
2778 3400 2825 3440 c.
2858 3384 2911 3450 6,
2953 3385 3023 3439 50
3054 3400 3115 3439 ae
3141 3385 3202 3439 51
3233 3427 3247 3449 ,
3294 3387 3475 3455 lapsus
3505 3387 3554 3440 in
3600 3387 3908 3453 fmmiuam,
3941 3392 4041 3444 de-

2429 3470 2601 3530 sertor
2623 3458 2969 3530 continentia:
2996 3457 3384 3530 marcioneusis
3403 3456 3582 3528 (quam
3608 3458 3695 3530 ille
3710 3458 4039 3530 simulabat)

2426 3528 2494 3582 ab
2541 3529 2707 3585 oculis
2762 3529 2999 3597 magistri
3046 3526 3719 3584 Alexandriam’secessit.
3788 3529 3935 3586 lude
3988 3526 4038 3586 iu

2424 3601 2646 3656 alterum
2703 3599 2975 3655 feminam
3023 3599 3289 3670 impegit,
3340 3597 3482 3670 illam
3533 3599 3787 3670 virginem
3850 3602 4039 3656 Philu-

2424 3686 2640 3735 meneu,
2666 3680 2997 3741 posteavero
3020 3669 3254 3741 immane
3276 3669 3656 3741 prostibulam’;
3680 3670 3845 3741 cujus
3868 3674 4039 3741 signis

2424 3751 2478 3811 et
2500 3737 2753 3811 prodigiis
2776 3739 3041 3804 inductus,
3070 3739 3259 3793 librum
3283 3737 3469 3805 edidit,
3494 3755 3649 3809 quem
3679 3737 4039 3797 ΡΙίηηρτᾱεεὶε

2426 3810 2772 3882 Philumenas
2792 3811 3063 3882 inscripsit
3086 3852 3100 3871 ,
3136 3824 3293 3882 quam
3319 3811 3470 3879 quasi
3499 3812 3905 3882 prOphetissam
3954 3830 4038 3870 se-

2423 3885 2707 3952 quebatur.
2766 3881 2951 3951 Neque
2996 3890 3127 3936 vero
3187 3880 3432 3952 desertor
3484 3880 3787 3947 dumtaxat,
3841 3884 3945 3940 sed
3984 3896 4039 3940 et

2421 3949 2737 4011 emendator
2760 3949 3064 4017 Marcionis,
3094 3966 3159 4006 ac
3196 3949 3490 4023 discipulus
3510 3967 3668 4019 supra
3701 3957 4037 4023 magistrum

2420 4026 2718 4095 appellatur
2747 4025 2815 4078 ab
2856 4032 3097 4095 auctore,
3124 4023 3223 4095 lib.
3253 4020 3349 4086 IV,
3387 4023 3504 4095 adv.
3553 4023 3720 4095 Marc.
3745 4020 3856 4095 ,e.
3898 4027 3963 4080 l7
4016 4043 4030 4079 :

2424 4092 2597 4166 neque
2638 4110 2769 4151 vero
2808 4096 2861 4149 in
2910 4094 3013 4148 hoc
3058 4093 3229 4166 solum
3275 4092 3445 4161 quod,
3494 4096 3568 4166 uti
3611 4094 4035 4166 illic_dixiu:us,

2422 4162 2585 4221 unum
2636 4167 2800 4221 Deum
2832 4165 3164 4235 superiorem
3205 4162 3404 4219 faceret
3426 4205 3441 4229 ,
3472 4165 3699 4220 alterum
3726 4164 4033 4221 Dominum

2419 4237 2580 4304 dicat,
2612 4237 2707 4293 sed
2734 4233 2977 4305 angelum
3006 4233 3196 4306 faciat,
3222 4249 3411 4290 verum
3440 4247 3495 4289 et
3520 4238 3572 4289 in
3600 4237 3833 4306 reliquis
3866 4240 4031 4306 paulo

2420 4310 2568 4379 prius
2589 4304 3203 4379 recensitishzcresibus,
3227 4320 3359 4379 quas
3375 4306 3620 4379 seductus
3642 4322 3672 4360 a
3694 4304 4033 4365 Philumena

2419 4374 2587 4434 novas
2609 4378 2836 4434 induxit.
2867 4378 2925 4433 In
2949 4376 3050 4432 hoc
3074 4376 3203 4430 nihil
3227 4374 3481 4431 differens
3504 4391 3535 4447 a
3561 4376 3861 4445 Marciane,
3882 4380 4030 4447 quod

2417 4460 2469 4505 et
2511 4451 2677 4507 Deum
2721 4450 2891 4518 Moysi
2936 4458 2991 4503 et
3038 4449 3216 4518 legem
3260 4462 3323 4501 ac
3362 4446 3651 4517 praphetas
3692 4446 4027 4518 repudiarit,

2416 4521 2571 4576 sicuti
2596 4522 2688 4576 lib.
2716 4522 2781 4574 de
2806 4516 3109 4588 Prwscript.
3138 4516 3389 4584 habetur,
3413 4534 3462 4573 c.
3485 4518 3576 4574 51.
3608 4518 3685 4573 De
3707 4516 4029 4576 animarum

2416 4593 2653 4647 solarum
2696 4592 2865 4646 Salute
2894 4604 2957 4645 ac
2987 4597 3173 4663 negata
3218 4589 3611 4663 resurrectione
3648 4592 3837 4663 carnis
3861 4608 4029 4663 quam

2417 4663 2552 4718 adeo
2572 4662 2848 4734 impugnat
2868 4657 3174 4715 auctor'lib.
3203 4657 3500 4734 deflerim.
3523 4676 3691 4734 curm,
3709 4661 3850 4717 item
3877 4657 4029 4733 quod

726 4728 1413 4817 corporaanimasu'viriles
1441 4750 1504 4790 ac
1534 4735 1842 4817 muliebres.
1885 4734 1964 4817 ρει
2000 4734 2200 4789 mundo
2239 4735 2311 4817 ab
2333 4740 2387 4800 D
2414 4735 2531 4817 solo
2556 4728 2817 4817 Apostulo
2838 4728 3219 4817 utereturnsed
3249 4728 4022 4817 blycionisﬂdegnoutbtq.

722 4800 1243 4876 illofinstituto,_lih.
1275 4806 1339 4861 de
1369 4805 1664 4876 Prmcript.
1709 4806 1827 4861 adv.
1875 4804 2015 4860 Hier.
2040 4846 2053 4870 ,
2097 4820 2208 4873 cap.
2238 4805 2307 4861 34
2414 4806 2490 4861 De
2518 4800 2709 4875 quibus
2747 4804 3014 4876 plerisque
3040 4801 3221 4856 videre
3236 4802 3397 4876 etiam
3427 4811 3510 4876 est
3539 4800 3765 4876 Ερὶριρ.ἓ
3803 4802 4025 4861 Theod.

722 4880 777 4928 et
803 4874 894 4940 51,
917 4873 1062 4933 liter.
1096 4873 1183 4934 19.
1227 4878 1303 4933 De
1330 4891 1491 4933 carne
1517 4873 1747 4934 hominis
1774 4876 1998 4946 proinde
2021 4876 2088 4930 ab
2117 4877 2307 4931 eodem

720 4952 989 5017 exstructa
1012 4988 1028 5014 ,
1075 4962 1126 5003 c.
1155 4949 1189 5004 8
1217 4990 1231 5014 ,
1258 4948 1353 5003 lib.
1384 4948 1447 5003 de
1470 4946 1636 5003 Carne
1664 4948 1847 5003 Christi
1873 4990 1887 5012 ,
1936 4962 2003 5003 ex
2046 4962 2151 5017 quo
2193 4946 2308 5002 haec

720 5015 883 5090 gerba
911 5016 1193 5090 desumpta
1220 5027 1384 5086 sunt,
1421 5026 1476 5075 et
1509 5018 1601 5074 lib.
1634 5020 1697 5074 de
1720 5018 1932 5073 Rexurr.
1958 5015 2092 5090 Cant
2123 5059 2137 5083 ,
2167 5032 2214 5072 c.
2249 5018 2303 5073 5.

720 5083 811 5161 De
826 5087 1022 5144 Christi
1052 5083 1283 5161 denique
1309 5083 1491 5161 carne,
1532 5106 1639 5145 non
1665 5092 1732 5145 ab
1771 5090 1864 5145 illo
1889 5089 2077 5158 angelo
2101 5099 2301 5161 creata,

716 5156 814 5229 sed
839 5173 907 5214 ex
936 5156 1246 5217 cmlestibus
1288 5160 1555 5218 sideribus
1580 5169 1781 5217 structa
1806 5202 1821 5226 ,
1852 5156 2037 5217 contra
2058 5159 2301 5229 Apellem

715 5225 826 5301 l_ate
854 5230 1088 5301 disputat
1110 5241 1300 5287 auctor
1346 5230 1475 5287 dicti
1503 5231 1593 5287 lib.
1617 5233 1679 5286 de
1698 5225 1863 5287 eam
1888 5231 2072 5286 Christi
2097 5225 2123 5298 ,“
2153 5246 2202 5284 c.
2243 5232 2298 5286 6.

712 5297 996 5375 Conseniit
1030 5303 1096 5375 in
1140 5302 1224 5359 his
1246 5302 1497 5375 omnibus
1544 5302 1903 5375 Epiphanius,
1951 5297 2301 5372 praeterquam

712 5370 855 5445 quod
884 5371 1192 5445 inferiorem
1224 5370 1681 5445 deumnuneupet
1700 5416 1713 5439 ,
1742 5389 1899 5444 quem
1926 5370 2112 5445 auctor
2140 5370 2303 5443 ange-

710 5438 829 5498 lum
888 5444 1133 5516 igneum;
1164 5438 1336 5517 quem
1388 5438 1607 5502 interim
1666 5438 1964 5516 agnoscunt
2032 5442 2092 5497 B.
2141 5438 2301 5515 Aug,

2410 4888 2464 4931 et
2495 4871 2761 4931 Damasci
2787 4874 2896 4930 Sed
2931 4871 3045 4927 hoc
3087 4871 3295 4946 auctori
3319 4871 3595 4946 peculiare
3622 4871 3853 4946 {Habet
3880 4892 4025 4946 pra:-

2412 4956 2555 5002 tcrea
2603 4946 2769 5001 libros
2806 4959 2935 5000 suos
2972 4959 3107 5013 quos
3138 4943 3407 5015 inscripsit
3447 4942 3895 5015 Syllogismorum
3918 4990 3934 5011 ,
3968 4949 4025 5002 iu

2448 5018 2601 5089 uibus
2622 5017 2851 5088 probare
2880 5017 3011 5089 vult.
3044 5014 3185 5082 quod
3209 5014 3389 5089 omnia
3411 5014 3780 5089 quaecumque
3797 5016 4025 5089 Moyses

2408 5034 2601 5143 31110118
2622 5034 2851 5088 procare
2880 5034 3011 5075 νυιι,
3044 5034 3185 5082 quoa
3209 5034 3389 5068 Olﬂllla
3411 5034 3771 5085 quaecumque
3797 5034 4025 5089 aloyses

2446 5106 2475 5145 e
2509 5088 2619 5144 Deo
2648 5088 2949 5157 scripserit,
2983 5100 3105 5157 vera
3139 5099 3245 5157 non
3273 5084 3379 5138 sint
3403 5124 3429 5157 ,_
3444 5084 3540 5140 sed
3568 5084 3703 5139 falsa
3732 5088 3873 5143 sint.
3899 5089 4027 5157 Quo

2407 5159 2468 5214 Iit
2511 5168 2569 5215 ut
2605 5157 2673 5215 de
2709 5154 2776 5213 iis
2809 5157 2950 5213 aliud
2989 5155 3120 5211 nihil
3163 5154 3525 5210 adnotandum
3568 5170 3852 5213 occurrat.
3905 5154 4025 5215 Hoc

2406 5246 2569 5285 unum
2591 5230 2837 5300 adjiciam
2864 5271 2878 5295 ,
2908 5242 3015 5283 non
3036 5228 3240 5300 mirum
3280 5240 3401 5281 esse
3429 5227 3491 5300 si
3528 5238 3723 5300 auctor
3765 5232 4024 5285 adea-su

2407 5296 2753 5369 Apelletiartos
2796 5298 3075 5369 scripserit
3103 5298 3251 5369 quod
3264 5296 3690 5369 smpedictoglib.
3715 5300 3791 5353 de
3812 5300 4020 5357 Prae.

2400 5364 2518 5444 ede.
2543 5373 2692 5437 lien,
2716 5386 2832 5441 cap.
2860 5364 2949 5437 30,
2975 5364 3164 5444 atterat
3190 5364 3365 5444 adhuc
3395 5366 3730 5439 superfuisse
3759 5373 4022 5444 proprios

2402 5443 2672 5501 discentes
2692 5451 2749 5500 et
2766 5438 3111 5498 successores
3129 5438 3352 5512 Apellis.

1710 5556 1780 5612 Χ.
1805 5555 1988 5615 LIBRI
2027 5555 2115 5613 DE
2146 5554 2487 5615 PARADISO
2514 5552 3017 5624 ARGUMENTUM,

1868 5688 1955 5733 ex
1992 5688 2117 5733 un.
2158 5690 2242 5734 ne
2280 5687 2482 5735 ANIMA
2510 5669 2532 5750 (
2558 5688 2692 5753 cap.
2716 5651 2797 5732 b5
2827 5668 2875 5752 ).

770 5798 876 5857 Sed
916 5799 970 5856 in
1019 5798 1223 5858 aethere
1250 5798 1506 5858 habitatio
1534 5805 1743 5865 nostra,
1775 5806 1881 5855 etc.
1912 5795 2043 5863 lmo,
2077 5798 2279 5870 inquis,

701 5892 755 5953 in
783 5891 1047 5967 paradiso,
1076 5892 1309 5967 quoiam
1341 5902 1465 5951 tunc
1489 5900 1543 5951 et
1568 5890 1880 5966 patriarcha:
1906 5901 1958 5947 et
1984 5892 2278 5962 preptiette,

2391 5795 2712 5867 appendices
2743 5792 3035 5851 Dominiea:
3060 5790 3492 5857 resurrectionis,
3537 5790 3607 5847 ab
3648 5789 3849 5849 inferis
3889 5794 4011 5851 mi-

2390 5888 2673 5961 graverint.
2715 5887 2781 5944 Et
2804 5883 3073 5959 quomodo
3092 5884 3283 5943 loanni
3311 5884 3364 5941 in
3393 5882 3609 5955 spiritu,
3640 5884 3881 5957 paradisi
3912 5901 4015 5945 re.
