4202 6496
758 402 894 461 HM

760 518 1140 590 Praecipitant,
1169 523 1481 586 certantque
1509 512 1743 585 pericula
1770 512 1986 570 vincere
2009 512 2223 570 damnis

755 613 895 671 Sunt
925 613 1134 669 miserm
1152 625 1313 667 voces
1341 611 1408 664 ad
1433 609 1638 680 singula
1671 609 1926 680 fragmina
1955 610 2134 680 ponti,

755 706 1185 778 Expenduntque
1209 717 1398 760 manus
1421 703 1686 759 nullorum
1716 704 1788 773 (τι)
1821 704 1885 757 ad
1918 704 2114 758 lumina
2141 703 2342 771 divum,

753 798 903 867 Quos
925 798 1088 854 maris
1118 806 1174 854 et
1216 797 1336 853 eteli
1366 796 1447 852 vis
1495 809 1601 852 non
1629 794 1809 861 timet,
1880 795 2018 852 haud
2061 797 2235 851 minus
2278 796 2345 851 il-

2113 886 2132 959 ί
2165 888 2242 944 los
2273 885 2345 960 (b)

753 982 1027 1055 Puppibus
1053 980 1301 1037 obtrusos
1330 981 1465 1037 irato
1496 980 1708 1037 turbine
1737 995 2007 1053 mergeris.

749 1075 973 1132 Nescius
997 1074 1113 1130 haec
1134 1088 1255 1129 reus
1279 1073 1395 1144 ipse
1422 1088 1554 1130 cavo
1578 1073 1677 1128 sub
1704 1075 1904 1130 fornice
1930 1073 2120 1145 puppis

751 1168 1091 1226 Sternentem
1120 1165 1192 1239 (τ)
1222 1166 1398 1220 inﬂata
1427 1167 1711 1221 resonabat
1741 1181 1867 1222 nare
1901 1182 2148 1236 soporem
2172 1206 2186 1230 ,

748 1260 866 1318 Jatn
896 1271 1022 1316 tunc
1048 1261 1099 1314 in
1132 1273 1322 1313 somno
1355 1245 1560 1312 Domini
1592 1257 1870 1314 formando
1892 1258 1969 1328 (di
2001 1258 2220 1328 ﬁguram
2252 1299 2265 1313 .

749 1353 904 1409 Ilunc
925 1352 1083 1407 simul
1115 1351 1380 1407 undicesaa
1406 1351 1493 1421 qui
1523 1352 1666 1422 cogit
1695 1352 1874 1406 munia
1902 1366 2074 1422 prora:
2099 1351 2167 1422 (e)
2195 1393 2208 1415 ,

750 1446 889 1501 Pace
915 1455 1220 1513 soporatum
1248 1443 1451 1513 placida
1472 1484 1486 1508 ,
1517 1444 1754 1514 requiete
1776 1443 2060 1512 superbum
2091 1440 2161 1514 (ί)

748 1535 945 1591 Institit
970 1535 1261 1605 impulsaus
1285 1553 1298 1588 :
1331 1534 1488 1602 Quid,
1516 1536 1586 1589 ait
1614 1533 1689 1605 (g)
1711 1575 1726 1601 ,
1749 1535 2053 1589 discrimine
2083 1536 2133 1589 in
2157 1535 2257 1590 isto

748 1629 968 1688 Somnia
998 1644 1057 1685 re
1077 1629 1218 1699 capit
1247 1628 1346 1698 (Ιι),
1380 1639 1628 1698 tantoque
1656 1630 1707 1684 in
1735 1625 1943 1685 turbine
1970 1639 2181 1701 portum

753 1721 913 1780 Solus
943 1720 1148 1776 habes?
1179 1735 1284 1775 non
1332 1720 1468 1775 unda
1498 1721 1561 1792 (i)
1587 1722 1785 1793 operit,
1813 1736 1937 1792 spes
1969 1722 2122 1777 unica
2165 1721 2346 1778 divum

2193 1815 2214 1888 [
2241 1825 2340 1871 est.

2233 395 2694 456 TERTULLIANI

2388 511 2441 572 A
2470 511 2710 582 Namque
2740 510 2908 582 magis
2934 509 3206 582 multoque
3220 509 3388 580 magis
3425 507 3552 565 freta
3579 521 3720 563 sacra
3751 504 4061 562 tumebant.

3921 383 4067 445 illi

2453 603 2530 658 Ea
2556 619 2654 674 ego
2686 613 2975 674 tempestas
2994 645 3007 666 ,
3037 617 3137 674 ego
3161 611 3267 656 tota
3294 600 3502 657 insania
3525 599 3706 677 mundi
3731 641 3745 663 ,

2453 696 2508 752 lu
2533 711 2619 752 me
2639 739 2653 763 ,
2683 697 2880 767 inquit,
2910 695 3062 750 vobis
3089 695 3256 750 aether
3283 695 3422 759 ruit,
3453 702 3508 748 et
3536 707 3683 747 mare
3704 692 3874 762 surgit
3901 707 3924 744 :

2451 787 2508 844 In
2536 803 2622 845 me
2649 797 2789 844 terra
2819 787 3035 858 procul,
3067 801 3213 842 mors
3241 787 3478 857 proxima
3498 827 3512 851 ,
3542 782 3688 840 nulla
3721 783 3815 839 Dei
3839 795 3994 850 spes.

2450 884 2588 950 Quin
2609 882 2732 938 date
2759 882 3082 954 prmeipitem
3103 895 3369 945 caussam,
3391 893 3688 949 navemque
3701 875 4036 946 levantes(n)

2451 975 2626 1032 Unum
2655 989 2789 1030 onus
2822 974 2921 1029 hoc
2953 989 3204 1044 magnum
3235 972 3423 1043 pelago
3444 970 3645 1040 jactatc
3674 968 3975 1023 volentem.

2453 1070 2548 1127 Ast
2573 1069 2657 1123 isti
2689 1067 2882 1123 frustra
2913 1069 3153 1122 nituntur
3177 1075 3385 1120 vertere
3415 1077 3630 1118 cursum

2451 1159 2505 1215 In
2528 1161 2788 1223 reditum,
2821 1173 2919 1213 nec
2945 1159 3125 1213 clavtts
3151 1157 3294 1212 enim
3343 1166 3590 1223 torquere
3618 1150 3860 1215 sinebat,

2453 1253 2591 1307 Dura
2617 1268 2714 1307 nec
2742 1261 3008 1306 antemnae
3037 1250 3231 1304 mutari
3262 1249 3393 1303 libra
3418 1246 3652 1301 volebat.

2451 1347 2728 1401 Postremo
2752 1346 2816 1400 ad
2848 1345 3128 1398 Dominum
3158 1360 3170 1396 :
3196 1340 3276 1396 Ne
3303 1356 3398 1394 nos
3423 1340 3474 1394 in
3505 1338 3694 1393 mortis
3717 1337 3949 1396 hiatum,

2451 1437 2619 1494 Unam
2642 1437 2872 1491 animam
2902 1444 3138 1505 propter,
3170 1431 3414 1495 dederis,
3447 1445 3512 1484 ne
3542 1430 3798 1498 sanguine
3826 1426 3961 1496 jusu
3986 1425 4056 1495 to)

2449 1529 2794 1599 Respersissc
2818 1527 2951 1582 velis
2969 1570 2982 1591 ,
3016 1526 3059 1580 si
3083 1529 3160 1580 sic
3187 1534 3272 1579 tua
3300 1523 3517 1578 dextera
3542 1523 3707 1576 ducit.

2519 1621 2741 1690 Jamque
2771 1621 2876 1675 illic
2908 1621 3014 1674 imo
3041 1619 3289 1674 exoriens
3318 1616 3384 1670 de
3411 1615 3618 1686 gurgite
3646 1624 3800 1668 cetus

2449 1714 2803 1785 Squamosum
2831 1728 2861 1768 e
2889 1711 3108 1767 conchis
3135 1709 3389 1766 evolvere
3419 1707 3660 1776 corporis
3689 1720 3879 1776 agmen
3903 1746 3917 1766 ,

2449 1807 2680 1878 Urgebat
2713 1806 2954 1876 proprios
2981 1818 3245 1859 concusso
3275 1816 3542 1856 marmore
3573 1800 3764 1854 ﬂuctus

750 1904 832 1961 Tu
858 1920 1087 1977 quoque,
1113 1905 1352 1976 quisquis
1373 1906 1464 1963 tibi
1495 1909 1634 1961 Deus
1657 1917 1757 1971 est,
1777 1903 1862 1961 die
1889 1919 2011 1963 vota
2029 1923 2342 1979 precesque.
2373 1910 2421 1970 B
2450 1904 2652 1973 Sponte
2677 1916 2770 1956 sua
2796 1901 2874 1971 (p)
2900 1899 3132 1970 prmdam
3159 1899 3402 1967 rapiens,
3437 1910 3595 1966 quam
3625 1893 3817 1964 puppis
3845 1891 3915 1945 ab
3936 1903 4060 1944 arce

749 1999 905 2056 Exim
927 2000 1046 2069 quis
1071 1996 1138 2068 (j)
1161 1998 1330 2068 culpae
1353 1999 1580 2068 propriae
1602 2041 1615 2062 ,
1661 2000 1778 2069 quis
1801 2013 1993 2054 caussa
2020 2001 2267 2070 procella:

749 2091 966 2147 Discere
993 2099 1140 2144 sorte
1164 2089 1337 2160 placet
1357 2132 1372 2154 ,
1405 2106 1501 2145 nec
1528 2105 1644 2145 sors
1673 2092 1926 2146 mentitur
1951 2092 2158 2147 Ionam.

749 2181 900 2238 Tunc
921 2180 1190 2252 cogitant:
1215 2181 1333 2252 quis
1353 2223 1367 2248 ,
1394 2191 1448 2237 et
1469 2182 1606 2237 unde
1631 2183 1937 2250 hominum,
1967 2185 2086 2254 quis
2116 2186 2345 2256 denique

2090 2277 2108 2348 [
2139 2295 2341 2344 rerum,

747 2366 866 2435 Quo
889 2365 1115 2436 populo,
1141 2380 1240 2436 qua
1274 2364 1399 2421 sede
1424 2366 1558 2422 cluis
1584 2367 1695 2437 (k)?
1722 2366 1978 2423 famulum
2034 2369 2120 2425 ille
2155 2372 2345 2425 fatetur

745 2458 1111 2516 Practimidum
1135 2458 1404 2529 ﬁdumque
1435 2459 1562 2524 Dei,
1591 2459 1681 2529 qui
1707 2459 1916 2515 sustulit
1943 2462 2108 2516 altum
2135 2463 2222 2534 (l),

745 2551 850 2619 Qui
882 2563 1077 2608 terram
1107 2553 1284 2622 posuit
1314 2594 1330 2618 ,
1361 2553 1452 2622 qui
1487 2561 1647 2606 totam
1676 2567 1902 2622 corpore
1934 2554 2064 2610 fudit
2093 2573 2106 2609 :

741 2643 917 2714 Ipsius
957 2658 1076 2700 sese
1107 2643 1382 2714 profugum
1404 2687 1418 2711 ,
1448 2658 1775 2715 caussasque
1802 2647 2023 2704 revelat.

747 2741 1028 2810 Diriguere
1056 2748 1226 2795 metu.
1259 2737 1394 2806 Quid
1421 2753 1519 2794 nos
1547 2738 1643 2812 (m)
1673 2741 1831 2811 igitur
1856 2740 1951 2796 tibi
1991 2741 2190 2812 culpas.

747 2832 888 2906 Quid
912 2831 1026 2890 fore
1052 2847 1224 2902 nunc,
1251 2847 1483 2905 quonam
1513 2833 1843 2905 placabimus
1869 2849 2081 2905 :equora
2110 2833 2289 2890 facto?

2447 1995 2850 2050 Provolutatam
2899 1990 3105 2045 limosis
3133 1988 3376 2042 faucibus
3417 1987 3621 2050 hausit,

2450 2088 2836 2156 Viventemque
2861 2085 3052 2154 dapem
3089 2083 3299 2151 longam
3331 2081 3566 2151 percepit
3597 2081 3646 2134 in
3671 2079 3884 2138 alvum,

2448 2179 2688 2246 Cumque
2717 2178 2829 2232 viro
2855 2177 2974 2233 (ξαειί
3007 2176 3206 2230 rabiem
3233 2173 3508 2243 pelagique
3535 2172 3764 2226 voravit.

2447 2273 2713 2328 Sternitur
2740 2269 2972 2338 aequoris
3004 2267 3140 2321 unda
3160 2308 3174 2332 ,
3207 2265 3496 2320 resolvitur
3523 2262 3738 2317 aetheris
3768 2260 3984 2316 umbra.

2452 2361 2584 2418 lluic
2613 2361 2835 2426 ﬂuctus,
2864 2359 3010 2413 illinc
3039 2357 3197 2411 ﬂatus
3225 2354 3526 2411 redduntur
3551 2354 3739 2419 amici,

2449 2457 2813 2524 Securatnquc
2837 2454 2975 2506 viam
3005 2449 3211 2520 placida
3239 2449 3485 2520 signante
3515 2449 3697 2503 carina
3717 2489 3730 2513 ,

2451 2547 2684 2606 Candida
2715 2545 2946 2602 ea'ruleo
2975 2543 3168 2599 ﬂorent
3192 2542 3413 2612 vestigia
3435 2541 3617 2606 sulco,

2452 2640 2634 2696 Nauta:
2662 2649 2770 2692 tum
2800 2636 3021 2690 Domino
3046 2634 3149 2689 hnti
3180 2632 3483 2688 venerando
3511 2633 3756 2686 timorem

2451 2732 2769 2790 Sacriﬁcant
2795 2739 2974 2800 grates
3005 2733 3018 2750 ‘
3045 2732 3060 2750 ⁶
3091 2730 3106 2749 ⁶
3141 2731 3156 2750 “
3185 2729 3203 2750 ⁶
3234 2731 3250 2748 ⁶
3276 2731 3291 2748 ⁶

2451 2829 2673 2899 Navigat
2698 2836 2752 2880 et
2779 2833 2925 2878 vates
2955 2821 3059 2876 alio
3086 2829 3364 2890 susceptus
3388 2816 3553 2873 Ionas

2124 2943 2682 3007 COMMENTARIUS.

831 3070 906 3145 (a)
953 3069 1250 3125 Nullorum.
1285 3066 1340 3121 In
1372 3080 1505 3145 v_._c.
1544 3065 1609 3120 ad
1641 3065 1780 3120 hanc
1827 3079 2011 3145 vocem
2053 3069 2350 3145 recentiore

747 3137 975 3218 quadam
1005 3156 1164 3218 manu
1193 3137 1592 3218 superadditum
1624 3147 1771 3218 erat“,
1803 3141 2098 3218 multorum.
2131 3139 2236 3194 Sed
2268 3141 2352 3193 he-

2458 3077 2624 3134 prorae
2653 3058 2794 3134 :Vnisi
2837 3056 3024 3134 malis,
3068 3053 3343 3134 undisicq,
3396 3049 3566 3134 facilis
3597 3055 3786 3134 autem
3829 3034 4064 3134 mutatio

2457 3117 2650 3188 itudisis
2680 3133 2748 3185 ita
2773 3173 2786 3193 ,
2819 3117 3050 3182 undisica
3080 3141 3174 3194 pro
3202 3125 3473 3178 undicesae.
3508 3119 3694 3194 Sedet
3721 3125 3899 3194 potest
3926 3117 4062 3170 reti‘

747 3190 1418 3275 iie'tioeat-nu—llos'divosﬁ,
1433 3190 1562 3276 quia
1607 3190 1840 3278 gentium
1873 3190 1946 3262 dii
1989 3190 2195 3264 revera
2219 3190 2348 3264 nulli
2377 3216 2421 3279 ρ
2457 3207 2568 3260 neri
2603 3203 2734 3279 illud
2755 3190 3007 3279 ,mwniu.
3032 3190 3162 3251 Nam
3192 3195 3383 3279 Festus
3413 3192 3699 3261 Pompeius
3725 3190 3946 3242 adnotat
3967 3199 4064 3240 γε·

750 3296 907 3352 sunt,
937 3283 1160 3353 vel'quia
1189 3281 1384 3335 nullius
1423 3290 1648 3353 0pt_ts_et
1684 3279 1888 3353 auxilii_.
1935 3279 2067 3353 lliuc
2115 3281 2201 3335 illa
2247 3296 2350 3337 vox

749 3349 904 3431 apud
921 3349 1127 3412 veteres
1153 3353 1386 3409 comicos
1421 3369 1433 3404 :
1461 3349 1659 3406 Nullus
1686 3367 1814 3404 sum.
1851 3350 1915 3406 Et
1947 3351 2193 3407 Paulinus
2221 3371 2234 3406 :

868 3472 1041 3524 Nullus
1061 3484 1216 3529 eram,
1237 3477 1287 3519 et
1309 3468 1520 3518 faciente

870 3536 980 3587 Deo
1000 3547 1106 3585 sum
1125 3542 1268 3583 natus
1293 3541 1347 3583 ut.
1371 3544 1550 3582 essem.

825 3643 901 3717 (b)
936 3641 1286 3717 Ilaudgntinus
1313 3641 1448 3717 illos.
1492 3639 1563 3717 Ita
1604 3638 1833 3717 emendo
1854 3681 1868 3705 ,
1913 3653 2040 3717 proh
2063 3651 2168 3717 quo
2192 3653 2242 3690 v.
2294 3652 2343 3692 c.

749 3708 844 3794 aut
863 3708 1043 3794 munus
1066 3713 1184 3794 illos
1205 3712 1456 3794 puppibus
1482 3713 1712 3794 abstruso
1759 3710 1975 3764 Siratos.
2003 3708 2204 3784 Quibus
2232 3724 2349 3790 ver-

751 3789 832 3843 bis
859 3801 961 3840 non
992 3785 1177 3839 dubito
1203 3781 1329 3851 quin
1361 3782 1559 3837 alludat
1585 3783 1648 3835 ad
1683 3796 1884 3836 morem
1916 3781 2271 3849 veterum'qui
2296 3781 2346 3835 in

751 3858 976 3915 navibus
1001 3855 1131 3913 deos
1160 3852 1443 3924 portabant
1465 3895 1479 3918 ,
1511 3863 1758 3920 tanquam
1786 3852 2056 3906 tutelares.
2086 3851 2148 3908 Vi
2182 3851 2271 3916 sil.

1091 3945 1520 4007 Ingentesagpupe
1545 3942 1694 4007 Deos.

1087 4003 1297 4059 Laurato
1321 4003 1542 4068 fulgebat
1562 4003 1790 4068 Apolline
1811 4005 2000 4066 puppis.

1372 4063 1479 4131 (Td.
1506 4063 1541 4117 l.
1560 4063 1622 4116 X."
1644 4067 1787 4129 ﬁn.)

871 4158 1039 4209 Monte
1061 4169 1157 4207 nec
1177 4155 1372 4205 inferior
1395 4164 1550 4216 prorae
1571 4153 1819 4216 puppimte
1841 4162 2060 4200 recurva:

873 4221 1050 4281 Insilit,
1075 4226 1125 4269 et
1159 4216 1719 4283 pictosverberatpnda
1744 4216 1890 4283 Deos.

1313 4276 1550 4341 (Ovidius,
1575 4274 1650 4326 LI
1682 4274 1954 4336 Tristium.)

749 4370 1012 4494 Aucttlirels
1032 4364 1301 4435 appellant
1326 4361 1518 4419 tutelas
1545 4360 1693 4431 quasi
1725 4359 1940 4430 proprio
1965 4359 2178 4416 nomine
2195 4401 2210 4428 ,
2239 4357 2346 4415 Sil-

750 4454 869 4494 vius
925 4449 971 4494 ta
999 4453 1109 4492 tcus
1138 4454 1151 4490 :

750 4449 869 4497 VIUS
897 4449 1109 4494 Italicus
1138 4454 1151 4490 ἶ

871 4531 1162 4593 Tutelzeque
1185 4529 1334 4580 deum
1369 4528 1580 4577 ﬂuitant.

745 4618 950 4676 Seneca
977 4616 1122 4685 epist.
1156 4612 1247 4674 76,
1294 4628 1360 4667 eo
1386 4611 1571 4685 alludit
1600 4610 1787 4685 dicens
1817 4625 1829 4661 :
1863 4607 2023 4662 Navis
2041 4610 2184 4685 bona
2212 4610 2342 4685 d_ici-
2369 4618 2422 4678 Ι)

745 4702 848 4752 tur,
881 4680 1015 4752 ete.,'
1039 4701 1127 4738 nec
1155 4686 1300 4754 cujus
1334 4683 1490 4737 tutela
1518 4681 1872 4754 eborecwluta
1902 4691 1992 4732 est.
2041 4680 2113 4734 Ea
2166 4681 2341 4754 inrita-

744 4751 893 4816 tione
921 4751 1106 4811 dicunt
1133 4751 1425 4809 etiamnum
1460 4753 1618 4809 hodie
1649 4752 1884 4808 Venetos
1915 4762 2155 4806 sanctum
2199 4751 2343 4805 Mar-

742 4846 867 4958 tium
921 4828 1168 4884 attollere
1216 4827 1270 4882 in
1316 4824 1533 4896 puppi,
1586 4840 1698 4879 sua:
1758 4822 1989 4878 civitatis
2061 4823 2341 4879 tutelarem

783 4915 947 4958 tvum.

783 4915 947 4958 tvum.

815 4972 887 5044 (e)
917 4971 1260 5044 Sternantem.
1316 4967 1497 5044 Placet
1524 4965 1738 5044 Philip._
1757 4965 1991 5044 Boberto
2019 4964 2068 5020 J.
2211 4975 2340 5044 ster-

742 5035 945 5099 tentem.
979 5041 1043 5095 Et
1071 5040 1285 5108 quidem
1311 5037 1461 5094 Jonas
1489 5052 1607 5109 cap.
1641 5035 1775 5094 I’ubi
1807 5037 2030 5104 Vulgata
2058 5035 2220 5090 editio
2249 5037 2341 5090 ha-

739 5115 833 5170 bet
861 5131 873 5166 :
906 5123 952 5167 et
982 5111 1261 5166 dormiebat
1303 5126 1488 5181 sapore
1528 5110 1703 5180 gravi,
1757 5110 1817 5162 Ι).
1872 5109 2233 5181 Hieronymus
2275 5123 2338 5162 ex

742 5184 1094 5255 Septuaginta
1133 5181 1292 5255 vertit
1326 5179 1821 5255 g'etAdorntiebatnct
1868 5180 2147 5255 stertebat.‘
2181 5179 2340 5255 Divus

741 5249 1296 5327 quoque—Anibrosius
1322 5253 1376 5306 in
1406 5249 1606 5327 Psalm.
1639 5249 1796 5304 XLIII
1826 5270 1841 5327 ἱ
1872 5251 1933 5304 de
1962 5251 2100 5327 dona
2130 5249 2340 5327 legimus

740 5321 830 5398 qui
858 5321 1133 5398 dormiebat
1158 5325 1211 5377 in
1237 5333 1405 5378 ventre
1430 5323 1573 5398 nauis
1598 5331 1645 5375 et
1673 5322 1926 5398 stertebat.
1962 5321 2029 5398 Iit
2060 5321 2172 5390 ipse
2217 5321 2340 5398 Hie-

740 5390 1002 5470 ronymus
1029 5395 1080 5450 in
1100 5393 1510 5470 cominentur._in
1539 5390 1728 5446 lanam
1762 5411 1775 5446 :
1815 5392 1973 5457 Quasi
1993 5408 2217 5470 securus,
2241 5393 2336 5457 ait,

743 5463 985 5523 deﬁniret
1009 5508 1024 5535 ,
1056 5474 1104 5519 et
1133 5466 1588 5536 profundissimam
1615 5481 1845 5519 somnum
1889 5463 2205 5519 roncltonare
2249 5480 2337 5518 so-

742 5549 908 5594 naret.

815 5629 895 5705 (d)
930 5629 1134 5686 Domini
1159 5629 1449 5701 formando.
1479 5629 1607 5684 Erat
1635 5628 1689 5685 in
1717 5643 1770 5683 ν.
1802 5643 1851 5684 c.
1881 5631 1934 5682 in
1964 5643 2018 5682 se
2042 5627 2335 5755 (armanda;

815 5718 918 5755 :um
970 5711 1146 5755 autem
1195 5701 1442 5755 intelligit
1491 5701 1721 5754 Matthtei
1775 5715 1893 5755 can.
1947 5699 2032 5755 VII
2069 5741 2082 5755 .
2137 5699 2224 5755 ubi
2268 5700 2335 5755 de

738 5699 918 5761 locum
970 5699 1442 5770 autem‘intelligit
1491 5701 1721 5754 Matthtei
1775 5715 1893 5768 cap.
1947 5699 2082 5766 VIII,
2137 5699 2224 5755 ubi
2268 5700 2336 5756 de

739 5775 956 5831 Christo
981 5771 1278 5827 dormiente
1300 5771 1351 5825 in
1383 5772 1501 5824 navi
1529 5782 1581 5826 et
1606 5787 1634 5826 a
1658 5771 1768 5827 suis
1797 5772 2048 5827 excitato.

813 5845 886 5917 (e)
917 5842 1183 5917 Undicesae
1221 5843 1307 5912 qui
1341 5842 1473 5917 cogit
1514 5847 1694 5917 munia
1720 5859 1904 5917 prorae.
1951 5843 2007 5898 Si
2047 5842 2182 5917 quid
2217 5843 2331 5898 veri

736 5913 994 5988 auguror,
1048 5915 1120 5970 ita
1173 5927 1278 5988 non
1318 5914 1467 5988 male
1506 5913 1782 5988 emendavi
1838 5914 2331 5988 depravatissimam

729 5984 1048 6061 scripturam
1075 6001 1129 6044 v.
1160 5999 1211 6044 c.
1246 5984 1489 6044 habentis
1522 6003 1535 6043 :
1573 5984 1736 6042 Undis
1761 5987 1832 6041 ita
1876 5987 1962 6056 qui
1989 5997 2122 6058 cogit
2148 5990 2333 6044 moenia

2457 3287 2596 3332 teres
2623 3273 2828 3328 dixisse
2859 3270 3041 3324 mwnia
3073 3283 3166 3336 pro
3203 3267 3410 3334 ofﬁciis.

2527 3328 2588 3416 (i)
2620 3328 3169 3416 Requietersupcrbum.
3210 3328 3485 3416 Sosipater
3525 3331 3800 3416 Charisius
3833 3329 3932 3416 liba.
4047 3346 4060 3381 :

2460 3402 2636 3486 Quies,
2659 3402 2750 3478 ait,
2775 3415 2895 3486 facit
2917 3402 3384 3486 q'uietent._requie_s_
3425 3405 3736 3486 accusativo.
3773 3417 3878 3455 non
3904 3402 4057 3480 facit,

2451 3474 2844 3561 nequicient's'ed
2873 3474 3130 3561 requievit;
3163 3474 3291 3561 licet
3327 3479 3517 3561 Cicero
3567 3474 4060 3561 dixeritrequieiim

2451 3546 2846 3616 ad'IIostilium.
2878 3546 3018 3610 Idem
3056 3551 3329 3608 Charisius
3356 3550 3460 3602 alio
3485 3548 3603 3601 loco
3631 3546 3679 3599 id
3712 3548 3902 3613 repetit
3928 3562 3941 3598 ;
3969 3548 4059 3602 εί.

2451 3650 2564 3686 ccro
2587 3675 2599 3694 ,
2630 3631 2701 3684 ait
2724 3670 2737 3695 ,
2783 3630 2930 3682 aliter
2975 3625 3241 3679 declinavit
3268 3632 3465 3676 secutus
3509 3633 3809 3695 numerum.
3840 3621 4059 3683 requie-

2453 3713 2558 3758 tem
2587 3688 2915 3761 ;enim'dixit;
2944 3697 3232 3763 superbum
3259 3703 3435 3746 autem
3465 3698 3618 3763 vocat
3647 3688 3974 3763 pertinacem
4005 3693 4056 3746 in

2451 3788 2662 3837 somno,
2683 3772 2773 3842 qui
2804 3760 3361 3842 quasidedignaretur
3391 3761 3592 3816 moveri
3635 3760 3871 3814 clamore
3918 3777 4057 3816 nau.

2453 3855 2625 3900 tarum
2658 3837 3064 3910 periclitantium
3086 3880 3098 3902 ,
3132 3837 3353 3910 nimiunt
3380 3847 3620 3890 securus.

2525 3915 2601 4000 (ς)
2632 3903 2766 3998 Quid
2791 3913 2882 4000 uit.
2913 3911 3172 3980 Corrupte
3199 3917 3314 3964 erat
3343 3907 3394 3961 in
3439 3921 3488 3958 v.
3519 3920 3569 3960 c.
3595 3903 3716 3975 quid
3757 3903 3900 3957 aiunt
3949 3905 4056 3957 dis-

2452 3986 2678 4042 criminis
2716 3987 2768 4039 in
2797 3986 2911 4039 isto.

2527 4059 2604 4130 (lt)
2640 4057 2909 4130 Somniare
2933 4052 3293 4130 ca_pis._Locus
3317 4049 3404 4105 hic
3426 4049 3598 4102 varias
3623 4047 3816 4130 recipit
3839 4047 4054 4130 conjec-

2453 4118 2628 4184 tur‘as':
2653 4138 2776 4182 sunt
2794 4128 2949 4181 verba
2973 4125 3062 4180 Fr.
3090 4124 3278 4184 Jureti;
3305 4137 3401 4174 nos
3421 4137 3548 4174 vero
3565 4121 3837 4187 sequimur
3862 4118 4052 4174 lectio-

2453 4216 2574 4256 nem
2603 4214 2759 4272 quam
2789 4198 3010 4253 exhibet
3034 4195 3276 4272 collectio
3297 4191 3686 4272 Pisaurice-nsis
3729 4204 3795 4245 ac
3833 4189 4052 4246 Londo-

2452 4260 2636 4328 nensis
2655 4313 2668 4330 .
2695 4278 2968 4340 poetarum
2989 4268 3196 4340 scilicet
3223 4264 3526 4340 latinorum.
3557 4260 3690 4316 Eoo.

2525 4343 2583 4416 (i)
2616 4330 2727 4416 Nro's
2767 4340 2923 4395 unda.
2958 4339 3158 4395 Vocem
3187 4352 3278 4390 nos
3306 4333 3520 4398 addidi,
3549 4349 3669 4403 qua:
3700 4330 3918 4387 videtur
3957 4333 4049 4388 dc-

2452 4415 2698 4470 siderari.

2526 4486 2588 4559 (j)
2619 4486 2764 4540 Exim
2805 4485 2933 4555 quis.
2969 4479 3413 4553 Depravatissime
3439 4486 3550 4533 erat
3579 4478 3629 4532 in
3659 4491 3708 4528 γ.
3761 4489 3814 4531 c.
3864 4474 4051 4530 Indicit

2452 4574 2566 4613 επιη
2591 4575 2719 4613 mus.

2523 4576 2748 4700 ἵίίῖμὸῖιά
2775 4626 2891 4683 sede
2919 4626 3064 4700 cluis.
3092 4623 3261 4700 Valde
3293 4621 3421 4676 mihi
3453 4621 3625 4700 placet
3652 4618 3768 4674 haec
3799 4619 4052 4700 emenda-

2448 4691 2708 4771 tio‘q'uain
2736 4699 2872 4754 eruit
2895 4698 2977 4771 77?.
3004 4695 3246 4771 Pithoeus
3283 4708 3348 4748 ex
3381 4691 3625 4771 _veStigiis
3650 4706 3701 4744 v.
3735 4705 3812 4771 _c.,
3855 4691 3911 4743 in
3953 4708 4051 4761 quo

2447 4789 2549 4839 qua
2567 4761 2692 4825 'sede
2717 4773 2858 4824 civis.
2890 4769 3005 4824 Vox
3036 4769 3179 4833 clue,
3202 4837 3210 4839 ᾗ
3230 4779 3332 4819 non
3380 4761 3556 4832 ignota
3607 4761 3749 4839 apud
3801 4772 4009 4816 veteres
4031 4803 4046 4822 ,

2447 4833 2603 4913 quam
2623 4842 2829 4897 restitui
2856 4841 2972 4895 aliis
2995 4837 3299 4894 auctoribus
3321 4845 3521 4892 temere
3542 4833 3698 4903 vulgo
3714 4843 4042 4903 corruptam.

2445 4913 2648 4984 Itaque
2666 4929 2769 4967 non
2804 4921 3062 4984 repetam.

2521 4975 2580 5057 (I)
2617 4983 2717 5050 Qui
2745 4975 2950 5057 sustulit
2991 4978 3591 5057 altum._Redundabant
3615 4975 3778 5057 verba
3810 4975 3866 5057 in_
3899 4988 4044 5057 r._c:,

2447 5055 2499 5110 in
2526 5044 2722 5125 ‘q'uo'ita
2747 5056 3000 5124 scriptum
3029 5054 3230 5123 reperi:
3252 5052 3352 5120 Qui
3381 5050 3562 5125 calum
3587 5047 3792 5125 sustulit
3811 5048 3941 5099 alto.
3965 5044 4042 5098 Vi-

2446 5117 2670 5181 debatur
2691 5117 2902 5198 quidem
2931 5117 3235 5198 corruptum
3265 5117 3708 5198 carmett_g_l_osa_;_
3737 5117 3906 5170 altum
3950 5132 4041 5171 au-

2445 5206 2551 5253 tem
2580 5214 2676 5270 pro
2702 5190 2827 5254 caelo
2859 5197 2978 5268 poni
3011 5190 3207 5251 sciinus
3227 5235 3242 5262 ,
3273 5203 3332 5250 ut
3360 5191 3501 5262 apud
3525 5190 3811 5261 Virgilium
3844 5206 3859 5242 :

2694 5309 2757 5361 Et
2776 5309 2900 5361 Maia
2922 5311 3145 5373 genitum
3169 5306 3294 5359 cado
3314 5305 3532 5356 demittit
3552 5304 3614 5354 ab
3633 5301 3752 5352 alto.

2442 5417 2749 5474 Lactantius
2779 5417 2876 5491 (lib
2901 5415 2966 5486 Il,
2995 5431 3043 5472 c.
3075 5414 3129 5486 1)
3156 5433 3168 5469 :
3200 5413 3388 5470 Oculos
3430 5427 3550 5468 suos
3571 5410 3818 5479 deficiunt
3838 5410 4043 5478 soloque

2441 5491 2626 5633 Matii;-
2647 5560 2782 5626 Quid
2812 5577 2920 5615 nos.
2951 5559 3014 5613 V.
3042 5573 3092 5615 c.
3121 5574 3245 5628 quos
3271 5556 3353 5614 vel
3416 5554 3542 5621 uod,

2450 5703 2459 5706 _
2513 5562 2591 5706 in)
2621 5631 2913 5702 Navemque
2940 5631 3157 5686 levantes
3181 5646 3358 5684 unum.
3378 5572 3539 5685 [Itale

2513 5626 2602 5706 (n)'
2621 5631 2913 5702 Navemque
2940 5626 3157 5686 levantes
3181 5646 3358 5684 unum.
3401 5626 3539 5685 Male
3582 5626 3636 5684 in
3665 5641 3717 5681 γ.
3749 5639 3803 5682 c.
3852 5639 4038 5682 navem

2441 5703 2658 5759 levantes
2686 5720 2836 5758 unus.

2512 5745 2966 5847 Signina
2983 5771 3384 5847 justi.Sjclego,
3418 5784 3518 5842 pro
3545 5784 3651 5841 quo
3677 5784 3729 5823 ν.
3753 5784 3805 5826 c.
3817 5769 4036 5840 justum,

2437 5845 2595 5915 idque
2620 5845 2965 5902 conﬁrmatur
2991 5856 3134 5901 textu
3163 5845 3387 5900 Biblieo.
3493 5871 3500 5879 -

2476 5913 2586 6000 .(p)
2618 5919 2812 6000 Sponte
2836 5935 2948 5974 sua.
2971 5918 3036 5977 Ut
3055 5921 3360 5985 expleretur
3389 5915 3563 5972 hiatus
3584 5929 3631 5970 v.
3661 5929 3711 5971 e.
3735 5913 3918 5970 addidi
3948 5930 4037 5970 sua

2436 5991 2538 6050 nisi
2563 5991 2719 6050 tnalis
2748 6001 2924 6059 sponte
2951 6005 3152 6045 novam.
