4202 6496
139 415 273 474 ill?)
1463 402 1798 461 APPENDIX

1770 403 1807 460 Χ
1839 401 2067 460 PRIMA.
3289 401 3429 460 1114

137 527 354 597 Navigio
385 526 707 595 auctumque
735 529 881 578 secat
911 520 1009 576 sub
1038 519 1291 576 [luctibus
1323 519 1441 574 imis
1463 562 1476 581 ,
1757 531 1807 590 Α
1835 517 1978 574 Inter
2004 531 2244 577 semcsas
2263 516 2466 573 classes
2489 517 2830 587 resolutaque
2857 532 3083 589 corpora
3113 521 3251 591 putri

137 622 312 677 Sisara
335 618 636 683 veliﬁcans,
668 616 842 672 anima
873 616 1126 686 inspirata
1159 616 1322 668 ferina
1350 655 1365 679 ,
1831 613 2040 684 Digesta
2063 655 2076 680 ,
2109 627 2200 667 sua
2221 611 2332 681 jam
2365 612 2446 666 vel
2474 625 2603 666 va...
2637 611 2704 682 (c)
2739 613 2922 668 funera
2949 611 3184 669 discens.

136 714 461 782 Conclusus,
493 727 667 784 neque
695 711 892 767 tinctus
919 709 1071 781 aquis
1121 708 1219 781 (α),
1279 707 1442 764 maris
1510 708 1730 764 intimus
1831 705 1888 761 ln
1917 707 2124 776 signum
2156 705 2250 761 sed
2284 705 2426 761 enim
2448 705 2656 760 Domini
2688 704 3008 776 quandoque
3035 705 3240 762 futurus
3266 749 3280 774 ,

1430 799 1624 874 [exter
1654 800 1726 872 (ὸ)
1833 799 1951 856 Non
1981 809 2095 856 erat
2120 798 2314 865 exitio,
2344 797 2437 856 sed
2470 799 2592 855 coeli
2624 799 2793 870 gloria
2825 801 3015 856 tactus.

1518 939 2079 999 COMMENTARIUS.

208 1079 282 1206 (ελ
311 1078 488 1149 Neque
513 1079 695 1132 tinctus
721 1077 882 1147 aquis.
913 1074 1204 1132 Videbatur
1224 1088 1381 1145 posse
1402 1073 1504 1144 legi
1533 1083 1694 1128 tactus
1713 1115 1728 1141 ,
1842 1075 2068 1130 habebat
2143 1077 2371 1130 ειιιεεεε.⁸
2427 1073 2533 1130 Sed
2616 1074 2889 1144 superiora
2963 1083 3020 1130 ut
3085 1075 3273 1144 reponi
3337 1075 3432 1130 de-

210 1168 239 1204 o
304 1154 479 1205 minus
505 1159 605 1204 est.
642 1149 771 1202 Nam
803 1159 855 1202 et
884 1147 1138 1201 Paulinus
1167 1146 1217 1199 in
1247 1161 1414 1201 carm.
1460 1146 1525 1201 ad
1573 1143 1735 1206 Cyte-
1845 1147 2000 1200 beant
2032 1162 2134 1199 non
2159 1147 2288 1200 satis
2316 1145 2500 1206 liquet.
2522 1144 2705 1200 Placet
2732 1145 3046 1201 doctissimo
3069 1145 3207 1200 Phil.
3239 1146 3432 1202 Rnher-

134 1143 275 1223 qnod
304 1143 485 1223 minus
505 1143 780 1223 est._i\'am_
803 1159 855 1202 et
884 1147 1138 1201 Paulinus
1167 1143 1414 1201 in'carm.
1460 1143 1525 1201 ad
1573 1143 1735 1216 Cyte-
1845 1147 2012 1223 beant_
2032 1162 2134 1199 non
2159 1145 2500 1223 satis_liqnet_.
2522 1143 2705 1200 Placet
2732 1145 3046 1223 doctissimo
3069 1143 3207 1200 Phil.
3239 1146 3434 1223 Robor-

134 1215 272 1280 rium
301 1222 367 1277 de
389 1221 577 1276 eodem
609 1220 741 1274 Jona
770 1219 992 1288 loquens
1025 1235 1036 1269 :
1619 1215 1627 1216 “
1841 1226 1891 1271 ιο
1920 1227 1973 1269 ιιι
2000 1217 2206 1286 legatur
2231 1233 2244 1270 :
2277 1215 2439 1270 Maris
2462 1218 2592 1288 inter
2613 1227 2658 1270 et
2684 1227 2842 1270 exter.
2877 1216 3084 1272 Semesa
3105 1259 3119 1282 ,
3149 1226 3280 1288 etic.,
3311 1218 3434 1280 nisi.

260 1315 458 1364 Mensas
482 1325 678 1376 aequore
705 1287 912 1360 intactus
934 1310 1077 1360 undis
1100 1308 1314 1359 ﬂuctuat.
1839 1297 2048 1376 tttutatoi
2067 1288 2286 1376 ordine,
2313 1289 2510 1376 vitalis;
2529 1287 2870 1376 erif‘faler
2889 1331 2903 1376 ε
2921 1299 2984 1376 fel?
3005 1289 3137 1376 ἱιξέετ
3153 1287 3433 1376 “satietas.

135 1398 225 1455 Sic
974 1358 998 1360 7'
1837 1369 1895 1413 ut
1937 1375 2123 1414 versus
2158 1358 2273 1440 .sibi
2304 1359 2630 1440 colttcreant.
2686 1358 2774 1413 Sic
2819 1369 2992 1413 autem
3038 1359 3290 1441 Paulinus
3337 1374 3436 1415 ex-

1837 1439 2007 1485 terum
2038 1445 2200 1484 maris
2221 1473 2233 1487 .
2264 1428 2454 1484 Jonam
2482 1439 2618 1484 Intra
2650 1445 2797 1484 mare
2821 1429 3097 1487 eleganter
3124 1429 3291 1486 lell:

267 1528 286 1572 ἱ
321 1527 333 1538 .
373 1527 385 1538 .
425 1528 440 1572 .'
479 1528 490 1540 .
533 1527 543 1538 .
579 1495 692 1538 ceto
713 1489 950 1559 sorbente
976 1493 1175 1536 voratus
1837 1445 1926 1485 te“

1837 1445 2007 1485 terum
2038 1445 2200 1484 maris
2221 1473 2233 1494 ,
2264 1445 2454 1484 Jonam
2482 1445 2618 1484 Intra
2650 1445 2797 1484 mare
2821 1445 3097 1500 eleganter
3124 1445 3290 1486 atxn:

1965 1522 2085 1572 Nam
2110 1521 2236 1572 liber
2259 1522 2404 1572 undis
2426 1524 2550 1572 intra
2572 1536 2706 1572 mare
2732 1529 2880 1572 exter
2903 1524 3066 1572 maris.

263 1527 333 1604 in'
365 1527 543 1614 I'w'la'go'
1965 1522 2085 1572 Nam
2110 1522 2236 1572 liber
2259 1522 2404 1572 undis
2426 1524 2550 1572 intra
2572 1536 2706 1572 mare
2732 1529 2880 1572 exter
2903 1524 3066 1573 maris.

135 1635 243 1692 Sed
270 1644 448 1690 tamen
483 1633 631 1700 illud,
666 1637 848 1686 tinctus
897 1632 1090 1685 retinui
1135 1629 1260 1700 quia
1303 1628 1416 1684 scio
1459 1626 1728 1683 familiare
1900 1625 1976 1700 _(c)
2005 1624 2202 1700 Velina.
2235 1625 2504 1683 Robertus
2531 1626 2658 1698 legit
2681 1627 2757 1681 vel
2785 1628 2932 1683 vatis.
2964 1626 3103 1697 Quid
3137 1629 3184 1686 si
3224 1629 3438 1700 potius:

136 1722 259 1762 esse
283 1698 624 1761 Tertulliano
646 1705 724 1759 uti
755 1719 819 1759 eo
851 1703 1033 1770 verbo,
1063 1713 1116 1758 et
1135 1698 1445 1758 tinctionem
1463 1714 1724 1771 usurpare
1832 1698 2120 1771 velutvivus?

137 1794 237 1849 pro
264 1777 544 1849 baptistnis
573 1778 746 1849 aquis.
921 1847 930 1849 _
1021 1767 1028 1770 ⁷
1351 1843 1360 1849 _
1909 1769 1972 1823 Et
2025 1768 2237 1849 quidem
2290 1783 2412 1849 qum
2452 1768 2518 1824 ad
2557 1767 2985 1849 emendationem
3051 1773 3440 1844 corruptissimi

213 1846 294 1920 (h)
327 1840 492 1902 Maris
517 1840 725 1901 intimus
751 1858 889 1902 exter
914 1847 1046 1901 inter
1071 1860 1287 1900 semesa;
1313 1843 1518 1899 classes.
1559 1841 1623 1898 V.
1678 1856 1727 1898 c.
1840 1840 2163 1911 exemplaris
2189 1840 2429 1912 proferre
2455 1840 2624 1912 potui.

1051 2159 1293 2274 DE
1363 2153 1922 2271 LIGNO
1982 2155 2544 2272 VITE.

282 2381 376 2437 Est
401 2382 550 2438 locus
575 2396 641 2435 ex
668 2380 813 2436 omni
835 2376 1062 2444 medius,
1091 2391 1249 2446 quem
1271 2373 1563 2440 cernimus,
1591 2371 1740 2439 orbe,
1774 2373 1822 2435 B
1921 2371 2261 2440 Gaudebant,
2294 2375 2533 2429 madidos
2559 2373 2759 2430 caelesti
2786 2384 3000 2432 nectare
3028 2374 3261 2434 fructus:

223 2477 486 2546 Golgotha
515 2474 680 2530 Judaei
715 2474 884 2543 patrio
912 2471 1228 2542 cognomine
1257 2467 1471 2522 dicunt:
1923 2467 2030 2522 Nec
2071 2471 2213 2535 prius
2244 2470 2340 2523 hos
2369 2479 2615 2538 poterant
2642 2469 2849 2540 cupidis
2880 2469 3172 2540 decerpere
3203 2473 3390 2542 palmis
3411 2516 3425 2540 ,

227 2570 328 2625 llic
355 2585 454 2640 ego
482 2568 550 2623 de
580 2567 745 2624 sterili
779 2565 1042 2621 succisum
1074 2563 1269 2618 robore
1299 2562 1498 2630 lignum
1925 2559 2093 2625 Quam
2127 2561 2383 2616 lutulenta
2417 2564 2514 2617 vim
2548 2563 2772 2634 vestigia
2805 2562 2945 2618 foeda
2973 2565 3166 2634 prioris

229 2661 531 2716 Plantatum
551 2701 565 2725 ,
598 2658 815 2712 memini
845 2659 1048 2713 fruetus
1077 2653 1324 2725 genuisse
1354 2651 1614 2705 salubres.
1927 2655 2248 2710 Detererent
2270 2697 2284 2722 ,
2313 2671 2613 2727 corpusque
2640 2659 2728 2727 pio
2755 2658 2820 2714 de
2847 2657 2992 2714 fonte
3022 2659 3278 2715 levarent.

229 2755 350 2810 Non
382 2765 557 2808 tamen
589 2753 685 2808 hos
713 2751 844 2817 illis,
875 2751 963 2821 qui
992 2764 1051 2803 se
1083 2760 1307 2818 posuere
1327 2786 1342 2810 ,
1375 2741 1581 2798 colonis
1927 2746 2070 2817 Ergo
2095 2747 2184 2802 diu
2211 2748 2412 2804 circmn
2444 2751 2737 2819 spatiantes
2764 2751 3005 2821 gramine
3032 2752 3211 2820 molli,

228 2850 494 2906 Praebuit:
527 2847 731 2903 externi
761 2844 964 2909 [ructus
995 2843 1230 2898 habuere
1262 2841 1468 2895 beatos.
1928 2838 2240 2908 Suscipiunt
2267 2841 2369 2895 alta
2403 2841 2696 2911 pendentes
2723 2841 2912 2897 arbore
2941 2840 3164 2900 fructus.

231 2945 454 3003 Arboris
485 2942 600 2997 hmc
629 2940 833 3009 species
865 2953 969 2993 uno
999 2938 1065 2993 de
1095 2936 1275 3005 Stipite
1303 2932 1504 3002 surgit,
1927 2931 2064 2986 Tum
2091 2932 2134 2987 si
2163 2933 2282 3003 quis
2309 2948 2374 2988 ex
2405 2934 2509 2988 illis
2535 2933 2749 3004 delapsa
2781 2936 3046 3004 putamina
3078 2937 3268 3003 ramis,

233 3035 306 3090 Et
334 3049 457 3088 mox
491 3033 541 3087 in
573 3032 814 3104 geminos
842 3029 1080 3086 extendit
1110 3025 1323 3082 brachia
1355 3035 1567 3078 ramos:
1929 3023 1995 3077 Et
2021 3023 2236 3091 dulces,
2269 3027 2436 3078 multo
2462 3035 2706 3082 rorantes
2735 3036 2980 3095 nectare,
3016 3029 3232 3085 frondes

243 3128 399 3184 Sicut
429 3126 580 3197 plena
610 3139 798 3196 graves
826 3133 1068 3179 antennm
1097 3118 1318 3175 carbasa
1351 3114 1605 3177 tendunt,
1930 3116 2257 3181 Vescuntur,
2291 3131 2446 3171 veros
2473 3127 2728 3187 exoptant
2754 3132 2966 3176 sumere
2992 3119 3212 3176 fructus.

229 3220 335 3276 Vel
366 3235 486 3276 cum
520 3206 798 3288 disiunctis
822 3217 946 3287 juga
977 3221 1121 3269 stant
1149 3212 1214 3266 ad
1243 3218 1414 3264 aratra
1440 3206 1715 3273 juvencis,
1999 3210 2138 3280 Ergo
2168 3207 2255 3263 ubi
2286 3211 2558 3266 caelestem
2589 3222 2849 3283 ceperunt
2874 3228 2966 3268 ora
2992 3228 3236 3284 saporem
3257 3255 3272 3282 ,

230 3313 404 3381 Quem
437 3314 555 3368 tuht
582 3312 682 3364 hoc
714 3311 884 3379 primo
915 3317 1121 3362 maturo
1153 3304 1358 3361 semine
1389 3301 1593 3370 lapsum
1930 3305 2244 3360 Permutant
2272 3308 2509 3371 animos,
2539 3317 2592 3360 et
2623 3315 2826 3362 mentes
2861 3306 3087 3377 perdere
3111 3323 3297 3364 avaras

221 3407 486 3476 Concepit
517 3405 702 3460 tellus:
735 3418 857 3457 mox
891 3401 1011 3456 hinc
1042 3397 1318 3470 (mirabile
1346 3391 1526 3462 dtclu)
1930 3400 2225 3469 Incipiunt,
2255 3399 2506 3470 dulcique
2536 3399 2809 3455 hominem
2837 3414 3166 3469 cognoscere
3191 3417 3370 3468 sensu,

220 3499 405 3554 Tertia
437 3497 521 3550 lnx
556 3496 777 3559 iterum,
814 3493 968 3547 terris
999 3489 1314 3560 superisque
1345 3482 1676 3540 tremendum

1645 3497 1676 3536 ll
1925 3493 2200 3548 lnsolitum
2232 3493 2411 3546 multis
2435 3491 2769 3547 stomachum
2800 3493 3032 3549 movisse
3059 3506 3304 3561 saporem

224 3590 502 3646 Extulerat
532 3601 738 3642 ramum
757 3627 771 3650 ,
803 3583 944 3638 vitali
975 3581 1123 3651 fruge
1155 3581 1389 3635 beatum.
1931 3585 2177 3640 Vidimus
2201 3628 2215 3652 ,
2246 3597 2300 3640 et
2326 3586 2463 3640 tellis
2491 3596 2817 3641 commotum
2847 3586 3006 3644 melle
3035 3601 3295 3643 venenum

222 3684 335 3740 Sed
368 3683 448 3739 bis
478 3680 678 3736 vicenis
709 3678 948 3733 firmatus
973 3685 1026 3733 et
1058 3677 1148 3730 ille
1177 3675 1368 3731 diebus
1780 3660 1826 3723 Ο
1933 3680 2200 3750 liejccisse
2229 3681 2399 3736 bonos
2427 3681 2634 3735 turbata
2661 3689 2843 3736 mente
2868 3696 3087 3751 sapores
3112 3700 3127 3738 :

220 3776 410 3832 Crevit
438 3775 488 3829 in
519 3775 834 3829 innnensum
857 3810 870 3834 ,
902 3770 1207 3840 etelumque
1236 3769 1513 3826 cacumine
1543 3772 1754 3827 summo
1930 3776 2036 3831 Ant
2065 3776 2222 3832 avide
2252 3786 2520 3845 sumptum
2552 3791 2655 3830 non
2686 3775 2970 3842 dilexisse,
3003 3776 3196 3847 diuque

221 3867 462 3936 Contigit
486 3907 501 3931 ,
533 3874 586 3920 et
613 3864 823 3918 tandem
856 3873 1096 3919 sanctum
1128 3871 1288 3932 caput
1314 3861 1517 3916 abdidit
1545 3862 1676 3918 alto.
1938 3867 2002 3921 Et
2035 3866 2171 3921 male
2198 3876 2436 3936 potatum
2469 3866 2682 3922 tandem
2711 3867 3014 3922 evomuisse
3040 3882 3309 3938 saporem.

218 3963 364 4016 Dum
394 3968 572 4013 tamen
607 3954 804 4024 ingenti
836 3954 1080 4008 bissenos
1110 3953 1348 4022 pondere
1379 3967 1555 4008 ramos
1929 3958 2086 4028 Saepe
2113 3956 2328 4028 quidem
2361 3957 2544 4024 multi,
2575 3958 2847 4014 renovatis
2875 3957 3174 4025 mentibus,
3205 3973 3378 4030 mgros

218 4055 440 4122 Edidit,
469 4065 524 4111 et
550 4064 716 4110 totum
745 4068 1002 4125 spargens
1034 4053 1267 4123 porrexit
1299 4053 1350 4108 in
1378 4052 1600 4108 orbem:
1930 4052 2233 4107 Restituere
2263 4051 2504 4107 animos:
2535 4058 2590 4105 et
2619 4065 2738 4122 quas
2764 4065 2823 4106 se
2854 4065 3011 4121 posse
3041 4051 3344 4122 negabant,

215 4149 486 4206 Gentibus
516 4158 573 4203 ut
597 4147 801 4202 cunctis
830 4147 1028 4202 victum
1062 4147 1333 4216 vitamque
1364 4159 1653 4215 perennem
1930 4145 2268 4201 Pertluerant
2288 4185 2304 4211 ,
2337 4143 2676 4216 fructumque
2707 4145 2785 4201 sni
2818 4159 3020 4215 cepere
3041 4146 3259 4203 laboris.

221 4244 570 4307 Prteberent,
605 4251 943 4311 mortemque
971 4241 1106 4296 mori
1138 4241 1227 4310 qni
1260 4255 1416 4309 posse
1445 4239 1723 4296 docerent.
1933 4238 2080 4293 Multi
2109 4237 2272 4292 etiam
2301 4246 2514 4293 sanctos
2542 4238 2657 4292 ausi
2687 4240 3000 4309 contingere
3025 4238 3199 4294 fontes
3220 4281 3235 4303 ,

220 4337 472 4406 Expletis
501 4335 663 4390 etiam
695 4349 816 4388 mox
846 4332 1227 4404 quinquaginta
1255 4331 1477 4396 diebus,
1932 4333 2244 4388 Discussere
2272 4331 2465 4388 iterum
2494 4332 2690 4397 subito,
2722 4341 2972 4402 retroque
2999 4333 3229 4402 relapsi,

230 4429 449 4486 Vertice
477 4427 544 4482 de
572 4440 781 4482 summo
808 4426 970 4480 divini
1003 4424 1234 4480 nectaris
1265 4423 1513 4479 haustum
1925 4424 2188 4481 Sordibus
2212 4434 2266 4480 et
2290 4440 2446 4480 emno
2471 4425 2612 4479 misti
2641 4424 2928 4480 volvuntur
2952 4425 3162 4482 eodem.

224 4520 435 4579 Detulit
461 4520 511 4574 in
543 4533 722 4574 ramos
741 4559 755 4584 ,
786 4518 1019 4573 cmlestis
1045 4517 1264 4586 Spiritus
1290 4531 1464 4571 θυι-ωε
1928 4519 2072 4575 Multi
2101 4535 2228 4575 vero
2259 4520 2400 4575 bono
2426 4527 2700 4589 portantes
2728 4528 2964 4590 pectore,
2996 4520 3122 4574 totis

220 4613 382 4671 Dnlci
412 4627 533 4668 rore
558 4625 746 4684 graves
777 4609 1060 4665 manabant
1090 4607 1321 4678 undique
1347 4606 1562 4662 frondes
1592 4605 1646 4677 (1
1926 4612 2207 4682 Accipiunt
2233 4613 2427 4669 animis
2446 4654 2461 4678 ,
2494 4613 2811 4685 penitusque
2837 4615 2888 4668 in
2917 4614 3123 4669 viscera
3151 4613 3406 4670 condunt.

294 4707 434 4763 Ecce
463 4706 562 4760 sub
593 4705 792 4775 ingenti
824 4710 1094 4758 ramorum
1125 4701 1372 4771 tegminis
1398 4700 1582 4756 umbra
1935 4706 2078 4776 Ergo
2106 4706 2194 4777 qui
2223 4721 2408 4762 sacros
2438 4716 2661 4776 possunt
2687 4706 2952 4763 adeedere
2979 4710 3184 4776 fontes,

219 4799 374 4856 Fons
400 4808 546 4854 erat:
578 4796 694 4861 hic,
729 4797 872 4851 nullo
901 4809 1028 4849 casn
1060 4794 1337 4860 turbante,
1371 4807 1625 4858 serenus,
1923 4800 2159 4869 Septima
2187 4800 2274 4854 lux
2303 4800 2420 4855 illos
2444 4809 2650 4870 optatas
2678 4799 2758 4871 (2)
2790 4800 2929 4856 sistit
2951 4801 3016 4856 ad
3043 4801 3243 4868 undas,

214 4894 532 4962 Perspicuis
562 4893 742 4947 illimis
771 4891 952 4961 aquis,
985 4900 1040 4944 et
1067 4889 1305 4957 gramina
1335 4887 1537 4943 circum
1937 4892 2118 4962 Tingit
2143 4902 2196 4948 et
2226 4893 2278 4946 in
2307 4892 2523 4962 liquidis
2548 4891 2763 4962 jejunos
2791 4891 3024 4948 fontibus
3047 4904 3215 4947 artus.

218 4983 549 5044 Fundebant
579 4984 728 5038 laetos
758 4983 905 5037 vario
931 4982 1000 5037 de
1029 4981 1160 5036 llore
1185 4980 1416 5036 colores.
1786 5055 1799 5056 ί
1932 4983 2022 5040 Sic
2050 4984 2265 5039 demmn
2295 4984 2530 5039 illuviem
2560 4984 2783 5051 mentis,
2810 4984 3038 5056 vitaeque
3065 4985 3254 5054 prioris

209 5081 376 5136 "nnc
404 5079 608 5134 circum
635 5077 928 5132 innumerzc
953 5085 1158 5145 gentes,
1196 5073 1487 5144 p0pulique
1515 5071 1751 5130 coibant.
1780 5055 1837 5118 Ῑ)
1934 5081 2221 5149 Deponunt
2250 5078 2456 5144 labem;
2495 5091 2760 5150 purasque
2785 5093 2813 5131 a
2843 5055 3016 5136 morte
3043 5077 3305 5134 reducunt

203 5176 396 5243 Quam
427 5172 556 5228 varii
587 5173 832 5244 generis,
863 5185 1053 5236 sexus,
1086 5169 1289 5237 astatis,
1321 5168 1574 5234 honoris,
1933 5173 2174 5229 lllnstres
2201 5173 2435 5236 animas,
2469 5173 2703 5245 coelique
2728 5172 2794 5228 ad
2823 5171 2985 5228 limen
3016 5171 3203 5226 ituras.

211 5269 471 5336 lnnnptze
490 5273 818 5337 ,.nupta:que
842 5265 1032 5331 simul,
1065 5263 1375 5334 viduaeque,
1405 5276 1707 5332 nurusque,
1928 5265 2062 5320 Hinc
2088 5266 2188 5320 iter
2213 5264 2278 5320 ad
2307 5279 2517 5330 ramos,
2545 5274 2601 5321 et
2627 5264 2798 5320 dulcia
2830 5277 2983 5334 poma
3011 5261 3224 5318 salutis:

205 5359 460 5420 Infantes
481 5401 496 5427 ,
530 5357 813 5429 puerique,
847 5358 980 5422 viri,
1010 5357 1376 5427 iuvenesque,
1406 5368 1668 5426 senesque
1694 5353 1708 5409 ε
1926 5357 2056 5413 Inde
2082 5359 2182 5414 iter
2207 5357 2271 5412 ad
2298 5359 2491 5414 etelum
2522 5373 2616 5431 per
2640 5370 2817 5412 ramos
2842 5355 3046 5412 arboris
3073 5355 3216 5413 alta).

198 5455 318 5513 llic
347 5451 440 5506 ubi
468 5449 770 5522 multigenis
793 5447 962 5505 ﬂexos
993 5447 1303 5505 incumbere
1329 5448 1503 5518 pomis
1932 5450 2043 5508 lloc
2073 5451 2275 5524 lignum
2307 5452 2431 5510 vitae
2457 5460 2539 5510 est
2563 5449 2771 5509 cunctis
2796 5448 3158 5509 credentibus.
3190 5450 3385 5506 Amen.

197 5543 528 5606 Cernebant
555 5557 738 5601 ramos
757 5583 774 5611 ,
805 5542 1079 5617 avidisque
1104 5540 1376 5613 adtingere
1405 5537 1607 5596 dextris

1366 5656 1740 5718 LECTIONES
1775 5655 1864 5716 VA
1874 5655 2185 5715 RIANTES.

178 5787 278 5853 (1)
303 5784 519 5837 Frontes
558 5780 754 5836 Oberth.
1914 5771 1986 5837 (Ξ)
2015 5770 2194 5836 Optata
2218 5768 2416 5826 Oberth.
