4202 6496
770 393 906 452 1111

771 509 1150 582 Praecipitant,
1180 516 1492 580 certantque
1520 507 1754 580 pericula
1781 508 1997 568 vincere
2021 510 2234 568 damnis

765 604 905 662 Sunt
935 605 1144 661 misera:
1163 618 1323 660 voces
1351 605 1419 659 ad
1444 603 1649 674 singula
1681 605 1936 676 fragmina
1965 609 2144 677 ponti,

765 697 1195 770 Expenduntque
1219 711 1408 754 manus
1431 697 1696 753 nullorum
1725 700 1798 768 (α)
1830 701 1895 753 ad
1928 701 2124 756 lumina
2151 701 2352 770 divum,

762 789 912 858 Quos
935 791 1098 847 maris
1127 799 1182 846 et
1226 790 1346 846 creli
1375 789 1456 846 vis
1504 804 1610 846 non
1639 790 1817 857 timet,

761 973 1036 1046 Puppibus
1062 973 1309 1030 obtrusos
1338 975 1474 1031 irato
1505 975 1716 1032 turbine
1746 991 2015 1049 mergeris.

757 1065 982 1123 Nescius
1006 1066 1120 1122 haec
1142 1081 1263 1122 reus
1287 1067 1403 1138 ipse
1429 1082 1562 1124 cavo
1586 1069 1685 1124 sub
1712 1071 1911 1126 fornice
1938 1071 2128 1142 puppis

758 1158 1098 1217 Sternentem
1127 1158 1200 1232 (τ)
1229 1159 1404 1214 inﬂata
1435 1163 1718 1216 resonabat
1748 1177 1874 1218 nare
1909 1179 2156 1233 seporem
2179 1205 2193 1227 ,

755 1250 873 1307 Jatn
903 1261 1028 1307 tunc
1055 1252 1106 1306 in
1139 1266 1328 1306 somno
1362 1240 1567 1307 Domini
1599 1253 1876 1309 formando
1899 1256 1976 1324 (ά)
2007 1256 2226 1326 figuram
2259 1298 2272 1311 .

755 1344 910 1400 lIunc
931 1344 1090 1398 simul
1122 1343 1386 1401 undicesa:
1412 1345 1500 1416 qui
1529 1343 1672 1417 cogit
1702 1349 1879 1402 munia
1909 1363 2080 1418 prora:
2105 1349 2174 1420 (c)
2201 1391 2214 1413 ,

757 1436 895 1491 Pace
921 1447 1226 1504 soporatum
1255 1436 1456 1506 placida
1478 1479 1492 1502 ,
1523 1439 1760 1508 requiete
1782 1440 2066 1508 superbum
2097 1439 2167 1512 (f)

753 1526 950 1582 lnstitit
976 1527 1266 1596 impulsaus
1291 1546 1303 1580 :
1336 1529 1492 1596 Quid,
1521 1531 1592 1584 ait
1619 1530 1694 1600 (g)
1716 1571 1731 1597 ,
1754 1531 2058 1587 discrimine
2087 1533 2138 1586 in
2162 1533 2262 1588 isto

753 1619 972 1678 Somnia
1003 1635 1061 1677 re
1083 1623 1223 1691 capit
1251 1622 1350 1692 (It),
1385 1632 1633 1693 tantoque
1661 1625 1712 1679 in
1741 1621 1947 1681 turbine
1975 1637 2186 1698 portum

757 1712 917 1770 Solus
947 1711 1152 1768 habes?
1183 1728 1288 1768 non
1336 1713 1472 1769 unda
1502 1716 1565 1787 (i)
1591 1718 1789 1788 operit,
1817 1732 1941 1788 spes
1974 1720 2126 1775 unica
2169 1719 2350 1777 divum

2198 1814 2218 1887 [
2245 1824 2344 1870 est.

2245 395 2705 456 TERTULLIANI

2399 511 2452 572 Δ
2480 511 2721 583 Namque
2751 511 2918 584 magis
2945 512 3216 585 multoque
3232 513 3399 586 magis
3436 512 3564 570 freta
3589 527 3731 568 saeva
3763 512 4057 570 tumebaut.

1889 792 2027 848 haud
2070 795 2244 849 minus
2288 795 2354 850 il-

2122 884 2141 957 i
2174 886 2251 942 '05
2282 885 2354 958 (ὁ)

3926 393 4064 453 1112

2464 603 2540 658 Ea
2567 619 2665 675 ego
2696 614 2985 676 tempestas
3004 648 3018 669 ,
3047 621 3148 676 ego
3171 614 3278 660 tota
3305 605 3513 662 insania
3536 605 3716 684 mundi
3743 649 3756 671 ,

2463 696 2518 752 lu
2543 712 2629 753 me
2649 740 2662 764 ,
2693 698 2890 769 inquit,
2920 698 3072 753 vobis
3099 698 3266 754 aether
3293 699 3432 763 ruit,
3464 709 3518 754 et
3546 713 3692 754 mare
3714 700 3930 770 surgit:

2460 787 2517 844 In
2545 804 2631 845 me
2659 799 2798 845 terra
2829 789 3044 860 procul,
3077 805 3222 846 mors
3250 791 3521 862 proxima,
3552 789 3697 846 nulla
3731 790 3826 846 Dei
3851 803 3993 858 Spes.

2459 884 2596 951 Quin
2619 883 2742 940 date
2768 884 3091 956 prrecipitem
3112 900 3378 950 caussam,
3400 883 4044 955 navemquelevantes(n),

2460 975 2635 1032 Unum
2663 991 2797 1031 onus
2830 976 2929 1031 hoc
2961 992 3211 1047 maguum
3244 977 3432 1047 pelago
3452 975 3652 1046 jactate
3682 975 3977 1030 volentem.

2461 1070 2556 1127 Ast
2580 1070 2664 1124 iSti
2697 1068 2890 1124 frustra
2921 1071 3161 1124 nituntur
3185 1079 3394 1124 vertere
3423 1083 3637 1124 cursum

2459 1159 2512 1216 In
2536 1161 2795 1224 reditum,
2829 1176 2927 1215 nec
2952 1162 3132 1216 clavus
3159 1161 3301 1215 enim
3351 1170 3596 1228 torquere
3626 1157 3872 1223 sinebat,

2460 1253 2598 1307 Dura
2624 1269 2720 1308 nec
2749 1263 3014 1308 antennae
3044 1254 3238 1307 mutari
3270 1253 3400 1307 libra
3426 1251 3658 1306 volebat.

2458 1346 2734 1402 Postremo
2759 1347 2823 1401 ad
2854 1347 3134 1402 Dominum
3164 1364 3176 1400 :
3203 1344 3282 1400 Ne
3309 1361 3404 1399 nos
3430 1345 3481 1399 in
3512 1344 3701 1399 mortis
3726 1343 3954 1404 hiatum,

2458 1437 2625 1494 Unam
2647 1438 2878 1492 animam
2908 1447 3144 1507 propter,
3175 1436 3420 1500 dederis,
3453 1451 3518 1490 ue
3549 1437 3807 1504 sanguine
3835 1434 3966 1503 justi
3989 1434 4055 1502 to)

2455 1529 2799 1599 Respersisse
2823 1529 2955 1584 velis
2974 1573 2988 1595 ,
3022 1530 3065 1583 si
3088 1532 3164 1583 sic
3192 1538 3278 1583 tua
3305 1528 3524 1583 dextera
3547 1528 3714 1582 ducit.

2524 1622 2745 1692 Jamque
2776 1623 2881 1677 illic
2913 1623 3019 1676 imo
3045 1622 3294 1676 exoriens
3323 1620 3389 1675 de
3415 1621 3624 1691 gurgite
3652 1630 3808 1675 cetus

2453 1714 2807 1785 Squamosum
2835 1730 2865 1770 c
2894 1714 3113 1770 conchis
3140 1714 3392 1770 evolvere
3423 1713 3664 1782 corporis
3694 1727 3888 1783 agmen
3909 1754 3924 1775 ,

2453 1807 2683 1878 Urgebat
2716 1808 2957 1878 proprios
2985 1821 3248 1862 concusso
3278 1821 3545 1862 marmore
3577 1807 3770 1860 ﬂuctus

753 1895 836 1952 Tu
861 1912 1089 1968 quoque,
1115 1897 1354 1969 quisquis
1377 1900 1467 1957 tibi
1498 1903 1637 1956 Deus
1661 1912 1760 1966 est,
1781 1899 1866 1958 dic
1892 1915 2014 1960 vota
2032 1922 2345 1977 precesque.
2377 1909 2424 1970 B
2453 1904 2656 1974 Sponte
2681 1917 2773 1958 sua
2799 1902 2877 1973 (p)
2904 1902 3135 1972 praedam
3162 1903 3406 1972 rapiens,
3441 1916 3598 1971 quam
3629 1901 3822 1971 puppis
3853 1899 3920 1953 ab
3940 1912 4061 1953 arce

752 1989 908 2046 Exim
930 1992 1049 2060 quis
1073 1989 1140 2061 (j)
1164 1991 1332 2060 culpae
1355 1994 1582 2062 propriae
1605 2037 1617 2057 ,
1664 1996 1781 2065 quis
1804 2010 1996 2051 caussa
2023 2000 2269 2068 procellae

751 2081 968 2138 Discere
995 2091 1142 2136 sorte
1165 2082 1374 2152 placet,
1407 2101 1502 2140 nec
1529 2100 1646 2140 Sors
1674 2088 1928 2142 mentitur
1952 2089 2160 2144 Jonam.

751 2171 901 2228 Tunc
922 2173 1154 2244 cogitant
1178 2191 1192 2229 :
1217 2175 1334 2244 quis
1354 2217 1368 2241 ,
1396 2185 1450 2231 ct
1471 2176 1608 2232 unde
1633 2178 1902 2235 hominum
1924 2223 1939 2247 ,
1969 2183 2087 2252 quis
2117 2184 2346 2254 denique

2091 2275 2109 2346 [
2140 2293 2342 2343 rerum,

747 2356 866 2425 Quo
889 2357 1116 2428 populo,
1141 2372 1241 2429 qua
1274 2358 1400 2416 sede
1425 2361 1559 2416 cluis
1584 2363 1696 2432 (lt)?
1723 2361 1978 2420 famulum
2034 2367 2121 2422 ille
2156 2369 2345 2424 fatetur

745 2449 1111 2506 Prtetimidum
1135 2450 1404 2522 fidumque
1434 2454 1562 2519 Dei,
1591 2455 1681 2524 qui
1707 2456 1916 2511 sustulit
1943 2459 2108 2512 altum
2134 2461 2222 2532 (Ι),

745 2541 850 2610 Qui
881 2553 1076 2598 terram
1107 2546 1284 2614 posuit
1313 2587 1330 2612 ,
1361 2547 1451 2616 qui
1485 2557 1646 2601 totam
1675 2563 1901 2619 corpore
1933 2551 2064 2607 fudit
2092 2571 2106 2607 :

741 2633 916 2705 Ipsius
956 2649 1075 2692 sese
1105 2635 1382 2708 profugum
1404 2680 1418 2704 ,
1447 2653 1774 2710 caussasque
1801 2643 2022 2701 revelat.

746 2731 1027 2801 Diriguere
1055 2741 1225 2786 metu.
1258 2731 1392 2800 Quid
1420 2747 1517 2788 nos
1546 2735 1642 2807 (m)
1672 2736 1829 2806 igitur
1855 2737 1949 2792 tihi
1990 2738 2188 2809 culpm.

745 2823 885 2896 Quid
911 2822 1024 2880 fore
1050 2839 1222 2894 nunc,
1250 2840 1480 2898 quonam
1511 2827 1841 2899 placabimus
1867 2846 2079 2902 :equora
2109 2831 2288 2889 facto?

2449 1995 2852 2050 Provolutatam
2901 1993 3108 2048 limosis
3137 1992 3378 2047 faucibus
3419 1992 3624 2055 hausit,

2452 2088 2837 2158 Viveutcmque
2863 2087 3055 2156 dapem
3092 2087 3300 2155 longam
3333 2087 3568 2156 percepit
3598 2087 3648 2140 in
3674 2087 3857 2140 alvum
3877 2127 3890 2146 ,

2449 2179 2690 2248 Cumque
2717 2180 2831 2234 viro
2856 2179 2976 2235 cwli
3009 2180 3207 2233 rabiem
3233 2178 3510 2248 pelagique
3537 2179 3768 2232 voravit.

2449 2272 2714 2328 Sternitur
2741 2272 2973 2341 mquoris
3005 2271 3141 2324 unda
3161 2311 3174 2335 ,
3209 2270 3497 2324 resolvitur
3525 2269 3742 2324 aitlieris
3771 2268 3986 2324 umbra.

2453 2361 2584 2418 lluic
2613 2361 2836 2427 ﬂuctus,
2865 2362 3010 2416 illinc
3040 2360 3198 2415 flatus
3227 2359 3527 2415 redduntur
3551 2361 3743 2426 amici,

2449 2457 2813 2525 Securatnque
2838 2456 2975 2508 viam
3006 2453 3211 2523 placida
3239 2454 3485 2524 signante
3515 2455 3699 2509 carina
3719 2496 3733 2519 ,

2450 2549 2683 2606 Candida
2714 2547 2946 2602 caeruleo
2975 2546 3168 2602 ﬂorent
3193 2547 3413 2616 vestigia
3435 2547 3618 2612 sulco,

2451 2640 2632 2696 Nauta:
2661 2649 2768 2693 tum
2799 2639 3020 2692 Domino
3046 2637 3148 2692 lmti
3179 2637 3482 2693 venerando
3509 2639 3758 2693 timorem

2449 2732 2767 2790 Sacriﬁcant
2793 2741 2973 2802 grates
3003 2736 3017 2754 '
3044 2736 3059 2753 ‘
3089 2734 3105 2752 ⁶
3140 2734 3155 2754 ⁸
3183 2733 3202 2754 ⁶
3232 2734 3248 2753 ⁶
3275 2735 3290 2753 ⁶

2449 2830 2670 2899 Navigat
2696 2838 2750 2881 et
2776 2835 2923 2880 vates
2954 2824 3058 2879 alio
3085 2833 3364 2894 susceptus
3387 2821 3551 2878 Jonas

2121 2944 2679 3006 COMMENTARIUS.

828 3061 902 3135 (a)
949 3061 1246 3116 Nullorum.
1281 3059 1336 3115 In
1369 3075 1501 3135 vae.
1540 3060 1605 3115 ad
1637 3061 1777 3116 hanc
1824 3076 2008 3117 vocem
2049 3067 2347 3120 recentiore

743 3132 971 3208 quadam
1002 3147 1160 3208 manu
1189 3132 1588 3208 superadditum
1620 3143 1767 3208 erat,
1800 3137 2094 3208 multorum.
2127 3137 2232 3192 Sed
2265 3139 2348 3192 bc-

743 3202 814 3265 ne
841 3203 1189 3278 vocatgnullos
1219 3202 1402 3278 divos,
1439 3205 1558 3270 quia
1602 3205 2170 3278 gentiumdiiﬂrevera
2217 3209 2344 3263 nulli
2374 3215 2417 3278 (ζ

745 3287 902 3342 sunt,
932 3275 1156 3345 vcl'quia
1185 3275 1379 3328 nullius
1419 3289 1551 3345 Opus
1590 3286 1643 3328 et
1680 3275 1881 3329 auxilii.
1931 3277 2062 3330 llinc
2111 3279 2196 3332 illa
2243 3295 2346 3336 vox

744 3349 886 3422 apud
917 3343 1122 3403 veteres
1148 3347 1382 3402 comicos
1416 3363 1428 3398 :
1457 3343 1654 3401 Nullus
1681 3363 1809 3400 sum.
1846 3347 1910 3402 Et
1941 3348 2188 3404 Paulinus
2217 3368 2229 3404 :

862 3463 1036 3515 Nullus
1055 3476 1211 3522 eram,
1232 3470 1282 3512 et
1305 3461 1515 3512 faciente

863 3527 974 3578 Deo
994 3539 1099 3576 sutu
1119 3535 1262 3576 natus
1287 3533 1341 3576 ut
1365 3538 1544 3575 essem.

818 3635 894 3708 (h)
929 3632 1084 3690 Haud
1111 3635 1279 3708 minus
1307 3634 1442 3708 illos.
1485 3633 1556 3689 Ita
1598 3634 1861 3708 emendo,
1907 3650 2027 3708 prog
2056 3650 2162 3702 quo
2186 3652 2236 3690 v.
2287 3651 2337 3691 e.

742 3705 836 3788 aut
855 3705 1036 3788 manus
1059 3707 1176 3788 illos
1198 3706 1449 3788 puppibus
1475 3708 1704 3788 abstruso
1753 3706 1968 3760 Siratas.
1996 3705 2198 3782 Quibus
2225 3723 2342 3788 ver-

743 3779 825 3834 bis
851 3793 954 3832 non
985 3777 1170 3848 dubito
1195 3776 1322 3848 quin
1354 3776 1552 3831 alludat
1578 3778 1641 3830 ad
1675 3792 1877 3832 morem
1909 3776 2263 3848 veterum'qui
2289 3780 2339 3834 iu

743 3849 968 3906 navibus
993 3847 1123 3905 deos
1153 3847 1436 3917 portabant
1458 3889 1471 3913 ,
1504 3857 1750 3916 tanquam
1779 3849 2049 3904 tutelares.
2079 3849 2140 3906 Vi
2174 3850 2264 3914 cil.

1083 3938 1512 4000 Ingentesapupe
1537 3936 1686 3986 Deos.

1079 3998 1288 4052 Laurato
1311 3998 1534 4062 fulgebat
1553 3998 1782 4062 Apolline
1803 4001 1992 4062 puppis.

1363 4058 1470 4125 (Id.
1497 4058 1531 4111 ι.
1552 4058 1612 4111 XL
1634 4063 1778 4125 Ain.)

863 4149 1030 4200 Monte
1053 4162 1147 4198 nec
1167 4148 1363 4198 inferior
1385 4159 1541 4210 prora:
1561 4148 1809 4256 [ιυρᾶιίἛο
1832 4160 2051 4197 recurvas

863 4212 1039 4256 Insilit.
1065 4218 1115 4256 et
1150 4215 1304 4256 uictos
1327 4210 1559 4256 verberat
1583 4223 1646 4256 un
1686 4224 1710 4254 ει
1780 4222 1881 4256 eos.

863 4212 1040 4273 Insilit,
1065 4218 1115 4261 et
1149 4215 1315 4279 pictos.
1327 4210 1559 4279 verberat
1571 4210 1710 4279 lurida
1734 4210 1881 4279 Deos.

1303 4270 1539 4335 (Ovidius,
1565 4268 1601 4321 ι.
1620 4271 1640 4321 I
1671 4270 1944 4333 Tristitun.)

739 4361 1001 4486 Aucttlirels
1021 4357 1290 4427 appellant
1316 4355 1507 4413 tutelas
1533 4356 1682 4426 quasi
1715 4355 1930 4426 proprio
1954 4357 2168 4414 nomine
2185 4399 2200 4426 ,
2229 4356 2336 4414 Silo

739 4445 857 4486 vius
913 4441 960 4485 ta
988 4445 1098 4485 icus
1127 4447 1140 4482 :

739 4441 857 4487 VIUS
887 4441 1098 4486 IlilllClIS
1127 4447 1140 4482 ἓ

860 4523 1150 4586 Tutelzeque
1174 4523 1323 4574 deum
1358 4523 1569 4572 ﬂuitant.

732 4608 938 4666 Seneca
965 4608 1110 4677 epist.
1145 4605 1235 4667 76,
1283 4621 1348 4660 eo
1374 4605 1560 4660 alludit
1588 4605 1773 4665 dicens
1805 4622 1817 4658 :
1852 4604 2011 4660 Navis
2042 4607 2173 4661 bona
2201 4609 2330 4662 dici-
2357 4617 2411 4678 1)

732 4692 836 4744 tur,
868 4689 997 4744 etc.,
1026 4693 1115 4730 nec
1143 4679 1288 4748 cujus
1321 4677 1478 4731 tutela
1505 4678 1860 4748 eborecwlata
1889 4689 1980 4730 est.
2030 4679 2101 4733 Ea
2155 4680 2328 4733 imita-

731 4753 880 4806 tione
909 4749 1093 4802 dicuut
1121 4747 1412 4803 etiamnum
1448 4748 1605 4804 hodie
1635 4747 1871 4804 Venetos
1902 4760 2142 4804 sanctum
2188 4750 2330 4804 hlar-

728 4837 854 4877 eum
908 4821 1155 4876 attollere
1203 4820 1256 4876 in
1303 4819 1520 4890 puppi,
1573 4835 1684 4874 sua:
1745 4820 1976 4876 civitatis
2048 4821 2328 4878 tutelarem

729 4893 934 4949 divum.

802 4963 873 5035 (c)
903 4963 1245 5035 Sternantem.
1303 4961 1483 5035 Placet
1511 4959 1978 5035 Pliilip.illo_berto
2005 4961 2054 5018 J.
2088 4962 2148 5035 (Σ.
2197 4974 2327 5018 ster-

728 5030 931 5090 tentem.
965 5033 1030 5087 Et
1058 5032 1271 5100 quidem
1297 5030 1446 5087 Jonas
1475 5047 1592 5104 cap.
1627 5030 1761 5089 t’ubi
1792 5033 2016 5101 Vulgata
2044 5033 2206 5088 editio
2234 5036 2327 5090 ba-

725 5105 859 5176 bet:
892 5114 937 5158 et
967 5104 1248 5176 dormiebat
1287 5120 1473 5176 sapore
1513 5105 1689 5174 graui,
1743 5106 1802 5158 D.
1857 5106 2212 5176 Hieronymus
2259 5122 2324 5161 ex

727 5175 1074 5246 Septuaginta
1119 5174 1276 5246 vertit
1311 5191 1323 5227 :
1358 5175 1805 5246 et_dormiebatﬂct
1853 5174 2106 5233 stertebat.
2166 5178 2326 5233 Divus

726 5243 1281 5319 quoqtie’Ambrosius
1307 5246 1360 5298 in
1391 5243 1591 5319 Psalm.
1624 5244 1780 5299 XLIII
1810 5265 1822 5298 :
1857 5248 1917 5301 de
1947 5248 2084 5300 Jona
2114 5249 2325 5319 legimus

725 5314 814 5388 qui
842 5314 1117 5388 dormiebat
1144 5317 1195 5369 in
1221 5326 1389 5370 ventre
1414 5318 1558 5388 navis
1583 5325 1629 5370 et
1657 5318 1910 5372 stertebat.
1946 5319 2014 5372 Et
2044 5314 2178 5388 ipse'
2201 5320 2324 5375 Ilie-

725 5385 986 5459 ronymus
1013 5387 1065 5441 in
1083 5397 1410 5440 commentor.
1441 5387 1494 5440 in
1523 5385 1712 5441 Ionam
1746 5407 1758 5442 :
1799 5389 1956 5454 Quasi
1977 5385 2200 5456 securus,
2225 5392 2320 5456 ait,

727 5460 1008 5527 dormiret,
1039 5467 1088 5512 et
1117 5459 1572 5528 profundissimam
1599 5476 1829 5514 somnum
1872 5461 2189 5516 rane/tonare
2233 5479 2320 5517 so-

725 5539 892 5584 natet.

797 5620 878 5696 (d)
913 5621 1116 5676 Domini
1141 5623 1432 5693 formando.
1461 5623 1589 5678 Erat
1618 5623 1671 5680 in
1700 5639 1753 5679 v.
1784 5639 1834 5681 c.
1864 5627 1916 5680 in
1947 5642 2000 5680 se
2024 5627 2318 5752 formando;

797 5709 900 5752 :um
952 5703 1128 5748 autem
1177 5693 1424 5752 intelligit
1473 5695 1704 5751 Matthtei
1759 5711 1876 5752 can.
1929 5697 2014 5752 VII
2051 5740 2064 5752 .
2119 5698 2205 5752 ubi
2250 5699 2318 5752 de

720 5693 900 5752 locum
952 5703 1131 5765 autem
1177 5693 1424 5765 intelligit
1473 5695 1704 5751 Matthazi
1759 5711 1876 5765 cap.
1929 5693 2064 5764 VIII,
2119 5698 2205 5754 ubi
2250 5693 2318 5755 de

721 5765 938 5821 Christo
962 5763 1260 5819 dormiente
1282 5763 1333 5818 in
1356 5763 1483 5817 ’navi
1510 5777 1564 5821 et
1588 5783 1616 5822 a
1640 5768 1750 5823 suis
1779 5763 2029 5823 eicitato.

793 5835 867 5909 (e)
899 5833 1165 5912 Undiceste
1202 5836 1288 5905 qui
1323 5835 1454 5912 coqit
1496 5843 1675 5912 munia
1702 5855 1886 5912 prone.
1933 5841 1988 5896 Si
2027 5841 2152 5912 quid
2198 5842 2312 5897 veri

716 5907 975 5978 auguror,
1029 5907 1102 5962 ita
1154 5921 1259 5981 non
1299 5907 1448 5981 male
1488 5907 1763 5981 emendavi
1819 5907 2312 5981 deprava'tissimam

709 5977 1029 6052 scripturam
1056 5993 1110 6035 v.
1141 5991 1192 6036 c.
1227 5977 1471 6038 habentis
1505 5998 1518 6037 :
1555 5979 1717 6037 Undis
1742 5982 1813 6038 ita
1857 5977 1943 6053 qui
1969 5996 2102 6056 cogit
2128 5989 2313 6044 moenia

2454 3077 2620 3133 prora:
2649 3079 2661 3114 :
2693 3060 2791 3114 nisi
2834 3059 3020 3133 malis,
3065 3057 3340 3133 undisicte,
3394 3054 3562 3133 facilis
3593 3061 3785 3133 autem
3832 3043 4059 3132 mutati0

2454 3125 2647 3188 imdisis
2677 3135 2744 3186 ita
2770 3175 2783 3194 ,
2816 3131 3046 3184 undisica
3076 3145 3170 3198 pro
3199 3130 3470 3182 undicesaz.
3505 3125 3608 3182 Sed
3638 3135 3691 3178 et
3719 3133 3899 3196 potest
3925 3126 4058 3178 reti'

2453 3207 2564 3260 neri
2600 3204 2725 3259 illttd
2752 3246 2766 3267 ,
2795 3203 2994 3256 moznia.
3027 3201 3157 3254 Nam
3189 3199 3380 3255 Festus
3409 3198 3696 3267 Pompeius
3722 3198 3945 3250 adnotat
3966 3207 4059 3249 ve'

2453 3287 2593 3332 teres
2619 3274 2824 3328 dixisse
2854 3273 3037 3326 maenia
3068 3287 3161 3339 pro
3199 3271 3405 3338 ofﬁciis.

2522 3344 2583 3416 (Γ)
2615 3345 2848 3414 Requiete
2876 3337 3164 3412 superbum.
3205 3337 3480 3416 Sosipater
3521 3339 3798 3416 Charisius
3833 3337 3930 3416 lih_.
3987 3337 4006 3395 I
4041 3355 4054 3390 :

2455 3412 2631 3485 Quies,
2654 3412 2744 3478 ait,
2769 3417 2889 3486 facit
2911 3414 3377 3486 quietem,requies
3419 3412 3731 3486 accusativo
3770 3426 3875 3464 non
3903 3413 4052 3486 facit,

2446 3481 2714 3560 requietem
2747 3481 2838 3542 sed
2867 3481 3124 3560 reqtticnt:
3157 3481 3286 3560 licet
3322 3484 3511 3560 Cicero
3561 3481 3756 3560 direrit
3778 3483 4055 3560 requietem

2445 3553 2523 3616 ad
2541 3561 2840 3615 Ilostiliutn.
2873 3553 3012 3613 Idem
3051 3555 3323 3611 Charisius
3350 3556 3454 3608 alio
3479 3555 3597 3608 loco
3625 3553 3672 3606 id
3708 3556 3900 3621 repetit
3926 3571 3940 3607 :
3970 3557 4054 3612 Ci-

2445 3650 2559 3687 ccro
2581 3675 2592 3695 ,
2624 3632 2694 3685 ait
2718 3672 2730 3696 ,
2777 3632 2924 3683 aliter
2968 3629 3234 3682 declinavit
3262 3638 3459 3680 secutus
3503 3641 3766 3678 numerum
3791 3665 3804 3683 ,
3837 3632 4054 3691 requie—

2447 3713 2552 3758 tem
2581 3695 2725 3756 'eniut
2746 3703 2909 3763 dixit;
2937 3701 3225 3766 superbum
3252 3708 3428 3750 autem
3458 3703 3611 3750 vocat
3640 3695 3974 3764 pertinacem
4002 3701 4052 3754 iu

2445 3788 2655 3837 somno,
2676 3774 2766 3843 qui
2797 3773 2944 3840 quasi
2977 3771 3354 3843 dedignaretur
3383 3768 3585 3821 moveri
3628 3767 3863 3821 clamore
3913 3785 4052 3824 nan.

2446 3855 2618 3900 tarum
2651 3841 3057 3911 periclitantium
3079 3884 3091 3906 ,
3125 3841 3345 3896 nimium
3373 3853 3612 3895 securus.

2517 3916 2593 4001 (Β)
2625 3910 2758 3998 Quid
2783 3915 2874 4001 ait.
2906 3915 3164 3984 Corrupto
3191 3921 3305 3968 erat
3335 3913 3386 3966 in
3431 3927 3480 3964 v.
3511 3926 3560 3966 c.
3586 3910 3709 3981 quid
3747 3911 3894 3964 aiunt
3945 3914 4052 3966 dis-

2443 3989 2669 4042 criminis
2708 3989 2760 4041 in
2789 3989 2902 4041 ista.

2518 4060 2595 4130 (b)
2631 4059 2901 4115 Somniare
2925 4056 3284 4130 caApisiLocus
3308 4054 3395 4110 hic
3417 4055 3589 4109 varias
3615 4053 3806 4130 recipit
3828 4055 4049 4130 conjec-

2444 4126 2618 4186 turas:
2645 4140 2767 4184 sunt
2785 4130 2940 4183 verba
2965 4128 3053 4182 Fr.
3081 4128 3269 4189 Jureti;
3296 4142 3392 4179 nos
3412 4142 3538 4180 vero
3555 4128 3826 4193 sequimur
3851 4126 4048 4182 lcetio-

2444 4217 2564 4256 nem
2594 4215 2750 4273 quam
2779 4200 3001 4255 exhibet
3025 4199 3266 4273 collectio
3287 4196 3676 4273 Pisauriceiisis
3719 4212 3783 4253 ac
3821 4196 4048 4254 Londo-

2443 4266 2626 4329 uensis
2646 4315 2658 4332 .
2687 4281 2958 4341 poetarum
2985 4271 3186 4325 scilicet
3212 4269 3516 4341 latinorum.
3546 4266 3680 4324 Eon.

2515 4345 2574 4416 (i)
2606 4338 2717 4398 Nos
2756 4343 2913 4398 unda.
2949 4342 3146 4398 Vocem
3175 4357 3268 4394 nos
3295 4339 3510 4404 addidi,
3538 4354 3658 4408 qute
3690 4338 3904 4394 videtur
3945 4341 4043 4396 de-

2441 4415 2688 4470 siderari.

2515 4486 2578 4560 (j)
2607 4487 2752 4541 Exim
2793 4487 2921 4558 quis.
2957 4483 3401 4556 Depravatissime
3427 4492 3538 4540 erat
3568 4484 3618 4538 in
3648 4498 3696 4536 v.
3747 4496 3800 4538 c.
3847 4482 4046 4537 Indicit

2441 4574 2555 4612 exm
2580 4575 2707 4612 mus.

2512 4576 2736 4700 '(ltlpaiia
2763 4629 2879 4684 sede
2907 4631 3050 4683 cluis.
3079 4627 3248 4682 Valde
3281 4627 3409 4681 mihi
3440 4626 3612 4700 placet
3639 4625 3754 4681 haec
3784 4627 4048 4700 emenda-

2437 4698 2695 4771 tio‘q'uant
2723 4702 2860 4755 eruit
2906 4701 2965 4755 P.
2993 4700 3232 4756 Pitbmus
3270 4715 3334 4754 ex
3373 4698 3612 4769 veStigiis
3637 4713 3688 4752 v.
3721 4713 3796 4771 e.,
3838 4698 3892 4751 in
3936 4717 4046 4769 quo

2436 4769 2679 4839 qna’sede
2705 4774 2846 4825 civis.
2879 4772 2992 4826 Vox
3024 4774 3164 4837 clue,
3216 4785 3318 4825 non
3367 4771 3541 4839 ignota
3594 4769 3734 4839 apud
3784 4781 4000 4824 veteres
4026 4813 4040 4832 ,

2435 4859 2590 4912 quam
2611 4843 2816 4898 restitui
2843 4843 2960 4898 aliis
2982 4843 3285 4898 auctoribus
3307 4852 3507 4898 temere
3529 4841 3684 4911 vulgo
3700 4851 4036 4910 corruptam.

2432 4912 2633 4984 Itaque
2655 4930 2756 4968 non
2791 4924 3049 4984 repetam.

2508 4982 2567 5056 (Ι)
2604 4983 2705 5050 Qui
2733 4982 2937 5039 sustulit
2979 4985 3160 5040 altum.
3187 4985 3575 5041 Redundabant
3600 4982 3759 5056 verba
3793 4983 3845 5056 in
3879 4997 4038 5056 v.9,

2433 5053 2485 5109 in
2512 5053 2618 5125 quo
2642 5057 2710 5111 ita
2734 5057 2986 5126 scriptum
3015 5058 3216 5125 reperi:
3238 5058 3337 5124 Qui
3366 5056 3546 5111 (telum
3571 5054 3772 5126 sustulit
3793 5055 3923 5107 alto.
3948 5053 4035 5108 Vi-

2432 5126 2657 5181 debatur
2677 5125 2887 5198 quidem
2916 5137 3221 5197 corruptum
3251 5127 3674 5198 carmenglosa;
3718 5125 3885 5178 altum
3933 5141 4034 5180 au-

2430 5205 2536 5253 tem
2566 5215 2663 5271 pro
2688 5196 2812 5254 creto
2845 5199 2964 5270 poni
2997 5196 3192 5254 sciinus
3213 5239 3227 5266 ,
3259 5207 3317 5254 ut
3344 5196 3485 5267 apud
3509 5196 3792 5266 Virgilium
3824 5214 3838 5250 :

2680 5310 2742 5363 Et
2762 5311 2884 5362 Maia
2907 5313 3129 5374 genitum
3153 5309 3278 5362 caelo
3299 5309 3516 5360 demittit
3535 5309 3598 5358 ab
3616 5307 3732 5358 alto.

2425 5417 2734 5474 Lactantius
2764 5418 2859 5492 (lib
2884 5416 2950 5488 Il,
2979 5433 3027 5474 c.
3060 5418 3113 5489 I)
3139 5437 3152 5473 :
3183 5418 3372 5475 Oculos
3413 5433 3533 5474 suos
3553 5417 3799 5486 deficiunt
3820 5418 4035 5487 soloque

2424 5492 2610 5633 ﬁam
2631 5560 2765 5626 Quid
2794 5577 2903 5616 nos.
2934 5561 2997 5614 V.
3026 5575 3077 5618 c.
3106 5577 3228 5631 quos
3253 5561 3335 5619 vel
3399 5561 3524 5628 uod,

2432 5702 2441 5706 _
2495 5562 2574 5706 in)
2604 5631 2894 5703 Navemque
2921 5633 3142 5690 levantes
3165 5651 3340 5689 anuus.
3361 5577 3521 5692 (Itale

2520 5631 2582 5704 n)'
2604 5631 2894 5703 Navemque
2921 5633 3142 5690 levantes
3165 5651 3340 5689 anuus.
3383 5631 3521 5692 Male
3564 5633 3618 5690 in
3646 5648 3699 5688 ν.
3729 5646 3783 5690 c.
3831 5647 4029 5690 navem

2423 5702 2640 5759 levantes
2668 5702 2817 5758 unus.

2423 5846 2430 5848 ν
2455 5846 2466 5848 _
2493 5774 2568 5847 (0)
2600 5775 2682 5830 Ne
2702 5777 2948 5848 sanguine
2965 5776 3207 5848 justi.Sic
3228 5777 3366 5847 lego,
3399 5790 3500 5848 pro
3526 5791 3632 5847 quo
3658 5791 3708 5830 νο
3731 5791 3784 5832 c.
3797 5777 4025 5848 justum,

2418 5846 2576 5915 idque
2601 5846 2947 5904 confirmatur
2967 5846 3118 5904 textu
3146 5846 3367 5905 Biblico.

2457 5918 2566 6000 '(p)
2598 5919 2793 6000 Sponte
2817 5937 2929 5976 sua.
2952 5921 3019 5980 Ut
3039 5925 3341 5990 expleretur
3370 5920 3543 5978 hiatus
3565 5935 3610 5976 v.
3641 5935 3691 5978 c.
3713 5919 3892 5977 addidi
3926 5938 4025 5977 sua

2417 5991 2518 6050 nisi
2543 5991 2699 6051 malis
2728 6003 2905 6061 sponte
2933 6008 3135 6049 novam.
