4202 6496
139 412 275 471 Ml?)
1465 399 1809 459 APPENDIX
1841 399 2070 457 PRIMA.
3291 397 3432 456 1114

1759 528 1808 586 Α
1837 514 1980 571 Inter
2005 527 2246 574 semcsas
2265 513 2467 569 classes
2490 514 2832 584 resolutaque
2859 528 3086 585 corpora
3115 517 3253 586 putri

1833 610 2041 680 Digesta
2065 652 2078 676 ,
2111 624 2202 664 sua
2223 608 2334 678 jam
2366 608 2448 663 vel
2476 622 2604 663 va...
2638 608 2705 680 (ε)
2739 610 2923 664 funera
2951 608 3186 665 discens.

1833 702 1890 757 ln
1918 703 2126 773 signum
2158 703 2252 758 sed
2285 702 2428 758 enim
2449 701 2658 757 Domini
2689 701 3008 773 quandoque
3037 701 3242 758 futurus
3268 745 3282 769 ,

1835 796 1953 853 Non
1983 805 2097 852 erat
2122 795 2316 862 exitio,
2346 794 2438 852 sed
2471 795 2593 852 εωιί
2625 796 2794 867 gloria
2827 797 3016 853 tactus.

138 525 356 594 Navigio
388 523 708 592 [luctumque
736 527 884 574 secat
913 517 1010 573 sub
1040 516 1293 573 ﬂuctibus
1325 516 1443 571 imis
1465 559 1478 578 ,

137 619 314 675 Sisara
337 615 638 680 veliﬁcans,
669 613 843 669 anima
875 612 1128 683 inspirata
1162 613 1324 666 ferina
1353 652 1368 676 ,

137 711 463 778 Conclusus,
494 724 669 782 neque
697 708 894 764 tinctus
920 706 1072 779 aquis
1123 706 1221 779 (a),
1281 705 1444 760 maris
1513 705 1731 761 intimus

1432 796 1451 870 [
1476 805 1626 853 exter
1656 796 1728 868 (ὁ)

1519 935 2080 996 COMMENTARIUS.

1843 1071 2070 1128 habebat
2144 1073 2373 1126 clauesu
2429 1070 2545 1142 Sed,
2618 1071 2890 1142 superiora
2964 1080 3021 1128 ut
3087 1073 3274 1142 reponi
3338 1072 3434 1127 de-

1847 1144 2002 1198 beant
2034 1159 2136 1197 non
2161 1144 2290 1197 satis
2317 1143 2502 1213 liquet.
2525 1141 2707 1197 Placet
2734 1142 3047 1198 doctissimo
3070 1141 3209 1198 Phil.
3240 1143 3436 1199 Rohcr-

1842 1224 1893 1268 to
1922 1225 1974 1266 ut
2002 1214 2208 1284 legatur
2233 1230 2246 1268 ε
2279 1212 2441 1267 Maris
2463 1215 2593 1267 inter
2614 1224 2659 1267 et
2686 1225 2843 1267 exter.
2879 1213 3087 1269 Semesa
3107 1256 3121 1279 ,
3150 1223 3281 1279 etc.,
3313 1215 3436 1278 nisi.

1841 1294 2043 1339 mutato
2069 1285 2256 1339 ordine
2275 1327 2287 1347 ,
2321 1286 2473 1338 malis
2498 1302 2511 1337 :
2540 1284 2702 1338 Maris
2732 1297 2871 1339 exter
2891 1327 2904 1349 ,
2934 1295 2978 1339 et
3006 1286 3137 1339 inter
3180 1284 3434 1351 Semesas,

1839 1366 1897 1410 ut
1938 1372 2124 1411 versus
2177 1355 2274 1410 sibi
2306 1356 2631 1410 cohmreaut.
2688 1354 2775 1409 Sic
2820 1365 2994 1410 autem
3040 1356 3292 1411 Paulinus
3339 1372 3438 1413 cx-

1839 1437 2008 1482 terum
2040 1427 2202 1482 maris
2223 1470 2235 1491 ,
2265 1425 2455 1481 Jonam
2483 1427 2619 1481 intra
2651 1442 2798 1481 mare
2823 1426 3099 1497 eleganter
3126 1427 3293 1483 dixit:

1967 1520 2087 1569 Nam
2111 1519 2237 1570 liber
2261 1519 2404 1569 undis
2428 1521 2552 1569 intra
2574 1533 2708 1569 mare
2733 1526 2881 1570 exter
2903 1521 3068 1570 maris.

1894 1621 2204 1747 ίῗξυξῐξιφυα.
2237 1623 2505 1680 Robertus
2532 1623 2659 1695 legit
2682 1623 2759 1678 vel
2786 1625 2934 1680 vatis.
2966 1623 3105 1694 Quid
3139 1625 3186 1682 si
3226 1626 3399 1697 potius
3426 1643 3440 1682 :

1835 1710 1908 1748 vet
1939 1712 2075 1749 mum
2097 1710 2122 1749 .7

1911 1766 1974 1820 Et
2027 1765 2239 1842 quidem
2291 1781 2412 1842 qua:
2453 1766 2518 1822 ad
2557 1765 2987 1842 emendationem
3053 1769 3442 1842 corruptissimi

1842 1837 2165 1908 exemplaris
2191 1837 2431 1909 proferre
2457 1837 2626 1909 potui.

210 1078 284 1149 (a)
312 1076 489 1146 Neque
515 1077 697 1149 tinctus
722 1071 1205 1149 aquis._Videbatu_r
1225 1085 1382 1142 posse
1403 1070 1695 1149 legi‘taletus
1714 1112 1730 1137 ,

136 1139 277 1220 quod
306 1139 485 1220 minus
507 1139 781 1220 estham:
804 1156 857 1200 et
885 1144 1139 1199 Paulinus
1167 1139 1416 1198 in'carm.
1461 1139 1526 1197 ad
1575 1139 1737 1213 Cytc-

137 1217 273 1277 rium
302 1220 368 1274 de
391 1219 579 1274 eodem
610 1217 742 1272 Jona
771 1217 994 1286 loquens
1027 1233 1037 1266 :

261 1312 460 1361 Mensus
483 1322 680 1373 aequore
706 1311 914 1358 intactus
936 1307 1078 1357 undis
1101 1305 1315 1356 ﬂuctuat.

137 1396 227 1453 Sic
253 1396 504 1455 Sedulius
529 1395 596 1450 de
623 1393 812 1450 eodem
846 1410 857 1445 :

269 1526 280 1536 .
323 1525 334 1536 .
374 1525 386 1536 .
427 1526 436 1536 .
480 1525 492 1538 .
535 1525 545 1536 .
580 1492 693 1536 ceto
714 1487 951 1534 sorbente
977 1491 1176 1534 voratus

265 1551 323 1602 In
366 1550 543 1612 pelago
582 1560 676 1598 non
721 1548 881 1597 sensit
918 1559 1086 1609 aquas.

138 1633 244 1689 Sed
271 1642 449 1687 tamen
483 1631 633 1697 illud,
667 1634 850 1683 tinctus
898 1629 1090 1682 retinui
1136 1627 1260 1698 quia
1304 1625 1418 1682 scio
1461 1623 1730 1680 familiare

139 1719 260 1760 csse
284 1703 621 1758 Tertulliano
648 1702 725 1756 uti
756 1717 820 1756 eo
852 1700 1034 1767 verbo,
1064 1711 1117 1755 et
1136 1699 1446 1755 tiuctionem
1464 1711 1726 1768 usurpare

141 1790 240 1846 pro
265 1774 545 1846 baptismis
574 1774 748 1846 aquis.

215 1844 296 1917 (h)
329 1838 492 1899 Maris
518 1838 726 1899 intimus
753 1854 891 1898 exter
916 1843 1048 1898 inter
1071 1857 1288 1898 semesos
1314 1841 1520 1896 classes.
1559 1838 1624 1895 V.
1680 1853 1729 1896 c.

1052 2155 1294 2270 DE
1363 2150 1806 2268 LIGN
1811 2150 1924 2267 0
1985 2152 2544 2268 VITE.

285 2379 379 2435 Est
403 2378 551 2434 locus
577 2393 643 2432 ex
669 2377 814 2432 omni
837 2374 1063 2441 medius,
1092 2388 1251 2444 quem
1272 2370 1564 2437 cernimus,
1593 2369 1742 2436 orbe,
1775 2371 1823 2432 B
1921 2368 2263 2436 Gaudebant,
2296 2371 2534 2426 madidos
2559 2371 2761 2427 cmlcsti
2787 2381 3001 2429 nectare
3030 2372 3264 2430 fruetus:

225 2474 488 2544 Golgotha
517 2471 682 2527 Judaai
717 2471 886 2540 patrio
914 2468 1229 2539 cognomine
1259 2464 1472 2519 dicunt:
1924 2464 2031 2519 Nec
2071 2466 2215 2532 prius
2247 2465 2342 2520 hos
2371 2477 2616 2535 poterant
2644 2467 2850 2537 cupidis
2882 2467 3174 2538 decerpere
3205 2470 3392 2540 palmis
3414 2513 3427 2537 ,

228 2567 329 2622 llic
357 2582 456 2637 ego
484 2564 552 2620 de
581 2564 747 2620 sterili
780 2563 1044 2618 succisum
1075 2561 1270 2616 robore
1299 2559 1500 2628 lignum
1926 2556 2094 2622 Quam
2127 2557 2385 2613 lutulenta
2419 2561 2516 2614 vim
2550 2560 2773 2631 vestigia
2807 2560 2947 2616 fmda
2976 2563 3168 2632 prioris

231 2658 533 2712 Plantatum
553 2699 567 2723 ,
600 2655 817 2710 memini
847 2655 1050 2710 fruetus
1078 2651 1325 2723 genuisse
1355 2648 1616 2703 salubres.
1929 2651 2250 2708 Detererent
2271 2695 2286 2719 ,
2315 2669 2615 2724 corpusque
2643 2655 2730 2723 pio
2757 2655 2822 2710 de
2849 2654 2995 2712 fonte
3025 2656 3281 2713 lavat-ent.

231 2752 351 2806 Non
383 2762 558 2805 tamen
590 2750 686 2805 hos
714 2748 846 2814 illis,
877 2747 965 2818 qui
994 2761 1053 2800 se
1085 2758 1308 2814 posuere
1328 2784 1344 2808 ,
1376 2739 1581 2796 colonis
1928 2744 2070 2815 Ergo
2097 2745 2186 2800 diu
2213 2746 2414 2801 circum
2446 2748 2739 2816 spatiantes
2766 2749 3007 2817 gramine
3034 2749 3213 2817 molli,

229 2847 496 2903 Priebuit:
529 2845 732 2900 externi
763 2841 966 2908 fructus
997 2841 1232 2896 babuere
1263 2839 1469 2893 beatos.
1930 2836 2241 2906 Suscipiunt
2268 2838 2370 2892 alta
2404 2838 2698 2908 pendentes
2724 2837 2914 2894 arbore
2943 2837 3166 2896 fructus.

233 2943 456 3000 Arboris
488 2939 602 2994 lucc
630 2937 836 3007 species
867 2950 971 2991 uno
1000 2935 1066 2990 de
1097 2933 1276 3003 stipite
1304 2931 1505 3000 surgit,
1929 2929 2064 2984 Tum
2092 2929 2135 2984 si
2164 2930 2283 3000 quis
2310 2947 2375 2986 ex
2406 2932 2510 2986 illis
2537 2931 2751 3001 delapsa
2783 2933 3047 3002 putamina
3079 2934 3270 3000 ramis,

235 3033 307 3088 Et
334 3047 458 3087 mox
493 3030 543 3084 in
575 3029 816 3102 geminos
845 3027 1081 3083 extendit
1111 3023 1325 3079 brachia
1357 3033 1568 3075 ramos:
1931 3021 1996 3075 Et
2022 3021 2238 3089 dulces,
2270 3024 2438 3076 multo
2463 3033 2708 3080 rorantes
2736 3034 2982 3092 nectare,
3017 3026 3234 3083 frondes

245 3126 400 3182 Sicut
429 3125 582 3195 plena
611 3136 799 3193 graves
827 3130 1070 3175 antennzc
1099 3115 1319 3172 carbasa
1352 3112 1572 3169 tendunt
1591 3152 1606 3176 ,
1931 3114 2258 3179 Vescuntur,
2293 3130 2448 3170 veros
2474 3125 2729 3186 ex0ptant
2755 3131 2968 3174 sumere
2993 3117 3214 3175 fructus.

232 3218 336 3274 Vel
366 3233 487 3273 cum
522 3203 800 3285 disiunctis
823 3213 948 3284 juga
980 3219 1123 3266 stant
1151 3209 1216 3263 ad
1244 3216 1416 3262 aratra
1442 3204 1716 3271 iuvencis,
2000 3208 2140 3278 Ergo
2169 3205 2256 3261 ubi
2287 3209 2559 3264 caelestem
2591 3221 2850 3282 ceperunt
2875 3227 2968 3267 ora
2993 3227 3238 3282 saporem
3259 3253 3274 3280 ,

232 3311 404 3380 Quem
437 3311 556 3365 tulit
583 3309 683 3362 hoc
715 3309 886 3377 primo
917 3315 1123 3360 maturo
1155 3301 1360 3359 semine
1391 3299 1594 3367 lapsum
1931 3303 2245 3359 Permutant
2273 3306 2510 3370 animos,
2541 3314 2595 3359 et
2624 3314 2827 3360 mentes
2863 3304 3088 3375 perdere
3113 3321 3298 3362 avaras

223 3404 487 3474 Concepit
518 3403 703 3458 tellus:
736 3417 859 3455 mox
893 3399 1013 3454 hinc
1045 3394 1318 3468 (mirabile
1348 3389 1528 3460 dictu)
1931 3398 2226 3467 Incipiunt,
2257 3397 2508 3468 dulcique
2539 3397 2811 3453 hominem
2839 3413 3167 3468 cognoscere
3193 3415 3372 3466 sensu,

222 3497 405 3551 Tertia
438 3494 522 3548 lux
556 3494 779 3556 iterum,
815 3491 971 3544 terris
1002 3487 1315 3557 superisque
1347 3481 1678 3538 ῑΐειιὶθιιάυιη
1926 3491 2202 3546 Insolitum
2234 3491 2412 3544 multis
2437 3490 2770 3545 stomachum
2802 3491 3033 3547 movisse
3060 3504 3306 3560 saporem

226 3587 503 3643 Extulerat
533 3599 772 3647 ramum,
804 3580 947 3634 vitali
979 3579 1126 3648 fruge
1157 3579 1390 3633 bealum-
1798 3658 1823 3662 v_
1932 3583 2178 3638 Vidimus
2202 3626 2216 3650 ,
2247 3595 2301 3638 et
2327 3584 2465 3638 tellis
2494 3595 2818 3639 commotum
2848 3584 3007 3642 melle
3035 3599 3296 3641 venenum

225 3681 336 3738 Sed
369 3681 449 3736 bis
479 3678 679 3733 \‘iCBIllS
709 3676 951 3730 ﬁrmatus
977 3683 1029 3730 et
1061 3673 1150 3728 ille
1179 3673 1369 3728 dic-bus
1932 3678 2202 3748 “(iecisse
2230 3679 2400 3734 [mnos
2428 3679 2636 3733 turbata
2662 3687 2844 3734 meme
2870 3693 3088 3749 sapores
3113 3697 3128 3736 ε

222 3773 410 3829 Crevit
439 3773 489 3826 in
519 3772 871 3831 immensum,
904 3768 1208 3837 caelumque
1237 3765 1515 3823 cacumine
1545 3770 1755 3824 summo
1931 3775 2038 3829 Aut
2066 3774 2224 3830 avide
2253 3784 2521 3843 sumptum
2553 3789 2656 3828 non
2687 3773 2971 3840 dilexisse,
3004 3774 3198 3845 diuque

224 3865 501 3934 Contigit,
534 3873 587 3918 et
614 3861 825 3916 tandem
857 3871 1099 3917 sanctum
1130 3868 1289 3929 caput
1315 3859 1519 3914 abdidit
1547 3860 1678 3915 alto.
1940 3865 2003 3918 Et
2035 3864 2172 3919 male
2200 3874 2437 3934 putatum
2469 3863 2683 3919 tandem
2712 3865 3015 3920 evomuisse
3041 3880 3310 3936 saporem.

223 3961 366 4014 Dum
395 3965 574 4011 tamen
607 3953 805 4022 ingenti
837 3952 1082 4006 bissenos
1111 3950 1350 4020 pondere
1380 3965 1556 4005 ramos
1931 3955 2087 4025 Saepe
2114 3954 2329 4026 quidem
2362 3954 2545 4021 multi,
2575 3956 2848 4012 renovatis
2877 3955 3176 4022 mentibus,
3207 3971 3380 4027 argros

220 4053 442 4119 Edidit,
470 4062 524 4109 et
551 4062 718 4109 totum
747 4067 1002 4123 spargens
1036 4050 1267 4120 porrexit
1301 4050 1352 4104 in
1379 4049 1602 4104 orbem:
1932 4049 2233 4104 Restituere
2263 4048 2506 4104 animos:
2536 4057 2591 4103 et
2620 4063 2739 4119 qua:
2765 4063 2824 4103 se
2855 4063 3012 4119 posse
3043 4048 3345 4119 negabant,

218 4147 487 4204 Gentibus
517 4156 574 4202 ut
598 4145 803 4201 cunctis
831 4146 1029 4201 victum
1062 4145 1334 4213 vitamque
1365 4157 1655 4212 perennem
1931 4143 2269 4198 Pertluerant
2289 4183 2305 4208 ,
2338 4139 2676 4212 fructumque
2708 4143 2786 4199 sui
2819 4157 3021 4212 cepere
3042 4143 3260 4200 laboris.

225 4243 571 4306 Prteberent,
606 4251 944 4310 mortemque
973 4239 1106 4295 tnori
1139 4238 1227 4308 qui
1261 4252 1417 4307 posse
1447 4236 1724 4294 docerent.
1934 4235 2081 4290 Multi
2109 4235 2273 4290 etiam
2301 4245 2515 4290 sanctos
2543 4236 2658 4290 ausi
2688 4237 3001 4306 contingere
3027 4235 3200 4292 fontes
3222 4278 3237 4301 ,

223 4335 474 4404 Expletis
503 4333 664 4388 etiam
697 4347 817 4386 II'lOX
848 4330 1227 4402 quinquaginta
1255 4329 1478 4393 diebus,
1934 4330 2245 4386 Discussere
2273 4329 2466 4385 iterum
2495 4329 2691 4394 subito.
2722 4338 2973 4398 retroque
3000 4330 3230 4399 relapsi,

235 4427 451 4484 Vertice
479 4425 545 4480 de
573 4439 782 4480 summo
810 4424 971 4478 divini
1004 4422 1235 4478 nectaris
1266 4421 1515 4476 haustum
1927 4422 2189 4479 Sordibus
2213 4432 2267 4477 et
2291 4437 2447 4477 coeno
2472 4422 2613 4476 misti
2642 4421 2929 4477 volvuntur
2953 4423 3164 4479 eodem.

227 4518 437 4577 Detulit
463 4518 512 4572 in
543 4530 723 4572 ramos
742 4557 756 4581 ,
787 4516 1020 4571 caelestis
1046 4516 1264 4584 Spiritus
1290 4529 1465 4568 aurae:
1930 4517 2073 4573 Multi
2101 4532 2230 4572 vero
2259 4517 2400 4572 bono
2427 4524 2700 4587 portantes
2729 4525 2965 4587 pectore,
2997 4517 3123 4571 totis

225 4611 385 4669 Dulci
414 4625 534 4666 rore
559 4623 748 4682 graves
778 4606 1060 4662 manabant
1090 4605 1322 4676 undique
1348 4604 1564 4660 frondes
1593 4603 1648 4675 (1
1928 4610 2208 4680 Accipiunt
2234 4611 2428 4666 animis
2447 4651 2461 4675 ,
2495 4611 2811 4682 penitusque
2837 4611 2889 4665 in
2919 4611 3124 4666 viscera
3151 4609 3408 4667 condunt.

297 4705 436 4760 Ecce
465 4704 563 4757 sub
594 4702 793 4773 ingenti
825 4708 1094 4755 ramorum
1126 4699 1373 4769 tegminis
1399 4698 1584 4754 umbra
1936 4703 2079 4773 Ergo
2107 4704 2195 4774 qui
2224 4719 2408 4759 sacros
2439 4713 2661 4774 possunt
2688 4704 2952 4760 adcedere
2981 4706 3186 4773 fontes,

221 4797 376 4854 Fons
402 4805 548 4852 erat:
578 4794 696 4858 hic,
729 4794 874 4849 nullo
902 4807 1029 4847 casu
1060 4792 1338 4857 turbante,
1372 4805 1627 4856 serenus,
1925 4798 2160 4867 Septima
2188 4799 2275 4852 lux
2303 4797 2421 4853 illos
2445 4807 2651 4867 optatas
2678 4797 2759 4868 (2)
2790 4797 2930 4853 sistit
2952 4797 3018 4853 ad
3045 4798 3210 4852 undas
3229 4839 3244 4866 ,

219 4892 533 4960 Perspicuis
563 4889 743 4945 illimis
772 4889 953 4958 aquis,
987 4897 1040 4942 et
1067 4887 1306 4955 gramina
1336 4885 1538 4941 circum
1939 4890 2119 4961 Tingit
2144 4900 2197 4946 et
2227 4891 2279 4945 in
2308 4889 2523 4961 liquidis
2549 4888 2762 4960 jejunos
2791 4888 3024 4945 fontibus
3047 4900 3217 4944 artus.

222 4982 550 5042 Fundebant
581 4982 730 5036 laetos
759 4981 907 5035 vario
932 4979 1000 5035 de
1029 4979 1161 5034 ﬂore
1186 4978 1417 5034 colores.
1934 4981 2024 5038 Sic
2052 4982 2266 5037 demum
2296 4982 2530 5037 illuviem
2560 4982 2782 5049 mentis,
2810 4982 3037 5053 vitaeque
3066 4983 3256 5050 prioris

214 5079 378 5133 Hunc
406 5077 609 5132 circum
637 5075 930 5130 innumera:
954 5082 1160 5143 gentes,
1198 5071 1488 5143 pepulique
1515 5069 1752 5128 coibant.
1782 5053 1838 5116 D
1936 5079 2222 5147 Deponunt
2251 5077 2457 5141 labem;
2494 5089 2760 5147 purasque
2785 5090 2814 5128 a
2843 5085 3016 5132 morte
3043 5075 3308 5132 reducunt

208 5173 397 5241 Quam
428 5170 557 5225 varii
588 5171 834 5242 generis,
864 5183 1054 5233 sexus,
1087 5167 1291 5234 aetatis,
1323 5166 1575 5232 honoris,
1933 5171 2175 5227 lllustres
2202 5171 2436 5234 animas,
2470 5170 2702 5242 cmlique
2727 5169 2794 5224 ad
2822 5169 2985 5226 limen
3017 5169 3205 5226 ituras.

216 5267 472 5334 lnmtptze
491 5271 818 5334 ,.nupta:que
843 5263 1034 5329 simul,
1067 5261 1377 5332 viduaeque,
1406 5274 1708 5330 nurusque.

210 5358 460 5418 Infantes
481 5399 496 5425 ,
531 5355 814 5427 puerique,
848 5356 981 5419 viri,
1011 5355 1378 5425 iuvenesque,
1408 5352 1710 5424 senesque!

203 5453 320 5510 llic
349 5449 439 5504 ubi
468 5448 771 5520 multigenis
795 5445 963 5503 ﬂexos
994 5445 1304 5503 incumbere
1331 5446 1505 5516 pomis

203 5542 528 5604 Cernebant
556 5555 739 5599 ramos
759 5580 776 5609 ,
807 5540 1080 5615 avidisque
1105 5538 1378 5611 adtingere
1407 5535 1609 5594 dextris

1930 5263 2063 5319 Hinc
2089 5265 2189 5318 iter
2214 5262 2279 5318 ad
2308 5277 2517 5328 ramos,
2545 5271 2600 5318 et
2626 5261 2798 5317 dulcia
2830 5275 2984 5332 poma
3012 5259 3226 5316 salutis:

1929 5355 2056 5412 lude
2084 5357 2183 5412 iter
2207 5356 2272 5411 ad
2299 5357 2491 5412 coelum
2521 5371 2616 5428 per
2639 5369 2817 5411 ramos
2842 5354 3048 5412 arboris
3075 5353 3218 5412 alltc.

1934 5448 2045 5507 Hoc
2075 5450 2276 5522 lignum
2308 5451 2430 5508 vita:
2456 5458 2539 5508 est
2563 5449 2771 5508 cunctis
2796 5447 3160 5509 credentibus.
3191 5448 3387 5504 Arnen.

1367 5654 1742 5716 LECTIONES
1777 5653 1866 5713 VA
1876 5653 2186 5713 RIANTES.

184 5785 279 5851 (t)
304 5782 519 5836 Frontes
559 5779 756 5835 Oberth.

1916 5768 1988 5834 (3)
2017 5767 2195 5834 Optata
2219 5765 2417 5823 Oberth.
