4202 6496
732 418 875 482 ms

2130 405 2597 467 TERTULLIANI

3894 401 4052 461 1H6

738 530 4038 568 ______________—_—

1726 619 2391 803 ﬁppmhix
2452 626 3051 763 arcuata.

1547 840 3197 1060 οωυῖῦὖ-ἶῇιῖνοιιι

1414 1095 1758 1158 JOSEPIIUS
1798 1090 2012 1147 natus
2057 1081 2440 1143 SUARESIUS
2480 1082 2976 1142 AVENIONENSIS
3006 1085 3348 1143 SALUTEM.

816 1216 1053 1276 Candide
1079 1216 1293 1275 Lector.
1318 1216 1471 1272 Patet
1504 1212 1634 1269 mihi
1692 1208 1862 1265 facilis
1923 1201 2098 1258 aditus
2142 1198 2207 1252 ad
2250 1197 2330 1251 bi-
2361 1198 2415 1259 Λ
2440 1195 2768 1267 Apologelico
2796 1213 2816 1262 ;
2864 1199 3132 1253 diversum
3167 1200 3376 1269 penitus
3405 1200 3580 1270 reperi
3608 1197 3825 1267 stylum,
3855 1208 4053 1253 tamen

747 1309 1069 1369 bliothecam
1125 1308 1433 1363 Valicanam
1456 1347 1473 1376 ,
1514 1301 1842 1373 benignitate
1879 1291 2164 1351 cardinalis
2203 1290 2335 1344 Am-

749 1403 973 1475 plissimi
1020 1401 1289 1457 Francisci
1336 1398 1616 1457 Barberini
1689 1386 2081 1448 bibliothecarii
2113 1426 2126 1449 ,
2177 1392 2338 1448 atque

750 1496 1049 1553 Maecenatis
1094 1495 1234 1562 mei,
1262 1494 1352 1564 qui
1393 1506 1521 1548 vere
1562 1485 1884 1544 bibliotheca
1928 1481 2113 1535 vivens
2159 1474 2339 1529 vocari

752 1599 972 1662 posset;
1002 1597 1057 1646 et
1098 1585 1469 1643 benevolentia
1505 1581 1699 1638 Felicis
1756 1573 2045 1633 Contelorii
2078 1567 2336 1633 custodis,

754 1687 855 1744 viri
884 1686 1121 1743 scientiis
1144 1683 1390 1740 omnibus
1420 1678 1685 1737 instructi.
1717 1674 1832 1731 Illic
1853 1686 1951 1743 ego
1981 1668 2105 1723 dum
2136 1662 2344 1733 singula

758 1781 928 1839 lustro
951 1821 965 1846 ,
992 1777 1150 1835 incidi
1197 1782 1593 1849 peropportune
1633 1771 1686 1826 in
1714 1773 2077 1840 pervetustnm
2104 1756 2345 1813 codicem

759 1888 791 1931 e
814 1873 1144 1935 membrana,
1173 1846 1528 1940 perscriptum
1577 1864 1747 1919 literis
1806 1850 2229 1928 longubardicis,
2256 1846 2345 1917 qui

761 1967 981 2041 prmfcrt
1031 1974 1245 2021 :etatem
1303 1968 1681 2017 sexcentornm
1736 1960 1829 2008 aut
1888 1946 2347 2018 septingentorum

763 2037 1071 2127 annorum;
1115 2069 1346 2127 rumque
1390 2052 1549 2109 Bedaa
1587 2045 1933 2109 Cbronicou,
1974 2052 2029 2097 et
2073 2037 2178 2095 alia
2230 2048 2349 2105 quae

764 2155 1096 2219 continebat,
1125 2148 1512 2223 percurrissem
1539 2187 1552 2208 ,
1586 2146 1640 2200 in
1668 2141 1815 2198 calce
1858 2135 2040 2193 inveni
2077 2132 2348 2202 fragmen-

767 2258 879 2306 tum
942 2247 1199 2302 librorum
1253 2238 1567 2298 Tertulliani
1617 2236 1686 2293 de
1737 2229 2055 2291 execrandis
2114 2225 2351 2297 gentium

767 2340 933 2405 Divis,
961 2337 1114 2408 cujus
1171 2336 1341 2392 ultimi
1387 2346 1576 2390 versus
1622 2329 1833 2384 fuerant
1860 2324 2020 2385 erasi,
2049 2327 2106 2377 et
2129 2318 2269 2390 quod
2300 2317 2353 2369 in

768 2435 915 2492 Jovis
953 2430 1209 2488 elevanda
1262 2428 1538 2483 divinitate
1578 2423 1751 2479 solum
1822 2418 2126 2474 insumitur.
2173 2409 2227 2465 ld
2256 2422 2355 2478 ego

768 2542 889 2585 cum
921 2524 1111 2590 semel,
1134 2524 1441 2592 iterumque
1457 2516 1828 2589 perlegisseni,
1858 2528 1919 2565 ac
1944 2505 2136 2565 deinde
2164 2512 2355 2558 conlu-

769 2619 951 2677 lissem
984 2606 1366 2687 {assentimus
1413 2625 1536 2667 cum
1576 2608 1659 2665 his
1703 2622 1820 2678 quae
1868 2603 1936 2659 de
1984 2601 2115 2657 Jove
2171 2594 2358 2652 scribit

772 2663 951 2677 um...
984 2663 1000 2687 ,
1049 2663 1364 2671 _-_-----___--_
1421 2663 1534 2667 ,πη
1614 2663 1627 2665 _
1720 2663 1738 2678 ,

772 2712 916 2772 idem
957 2709 1316 2769 Tertollianus
1342 2707 1396 2765 in
1437 2706 1588 2763 libris
1622 2700 1864 2757 adversus
1911 2695 2163 2751 Nationes
2204 2699 2259 2745 et
2306 2688 2357 2740 in
2388 2663 2435 2725 Β

2444 1305 2629 1359 purum
2660 1301 2839 1359 putum
2866 1292 3296 1349 'l‘crlullianteum
3327 1302 3380 1349 et
3403 1310 3501 1365 ego
3526 1292 3739 1363 agnovi,
3767 1301 3824 1347 et
3852 1292 4051 1358 amici,

2444 1382 2635 1452 quibus
2679 1384 2925 1451 ostendi,
2980 1401 3167 1440 omnes
3220 1396 3628 1441 consenserunt.
3682 1385 3788 1441 Iloc
3840 1385 4055 1454 igitur,

2446 1477 2690 1547 quamvis
2726 1478 3102 1550 fragmentum,
3130 1478 3332 1535 diutius
3360 1480 3526 1535 latere
3553 1478 3718 1542 nolui,
3737 1488 3792 1534 et
3819 1494 3975 1533 nunc
4003 1479 4059 1532 in

2448 1587 2728 1628 commune
2771 1582 2824 1629 et
2869 1575 2921 1629 in
2969 1574 3237 1645 publicum
3300 1575 3490 1630 emitto
3531 1575 3784 1643 auspiciis
3834 1573 4059 1629 Urbani

2450 1664 2632 1721 Octavi
2664 1666 2819 1721 Pont.
2848 1682 2996 1721 max.
3026 1683 3133 1738 quo
3162 1666 3215 1722 in
3240 1665 3509 1721 Catbedra
3538 1665 3684 1721 Petri
3722 1665 4050 1720 felicissime

2451 1759 2688 1823 sedente,
2716 1773 2819 1813 non
2851 1758 3014 1814 Musa:
3058 1770 3286 1825 tantum,
3316 1760 3697 1831 politioresque
3746 1758 3953 1823 literae,
3984 1774 4053 1813 ac

2452 1849 2766 1919 disciplitne,
2794 1851 2964 1921 poetis
3010 1860 3063 1905 et
3114 1850 3382 1906 historicis
3420 1850 3617 1921 passim
3649 1847 4065 1905 exundantibus

2452 1956 2507 2002 et
2534 1944 2914 1999 cxsodantibus
2944 1945 3095 2016 quasi
3127 1945 3335 2000 reddita
3355 1944 3635 2015 juvcntnte
3674 1945 4067 2007 revirescunt;

2456 2053 2638 2093 verum
2693 2038 2855 2093 etiam
2899 2048 3205 2092 sanctorum
3250 2036 3465 2092 Patrum
3516 2035 3767 2107 operibus
3815 2033 4073 2104 undique

2455 2130 2843 2203 prodeuntibus
2890 2130 2942 2185 in
2986 2129 3161 2185 lucem
3193 2172 3206 2196 ,
3255 2128 3553 2185 orthodoxa
3604 2127 3813 2196 Religio
3860 2126 4074 2197 ubique

2458 2233 2721 2279 terrarum
2752 2231 2913 2291 caput
2960 2222 3171 2277 adtollit
3206 2232 3259 2277 et
3302 2219 3620 2276 reﬂorescit.
3655 2219 3819 2275 Deum
3861 2232 4073 2287 precor

2459 2328 2515 2371 ut
2544 2319 2715 2389 ipsum
2747 2358 2761 2383 ,
2790 2325 2845 2370 et
2882 2315 3299 2369 illustrissimum
3341 2312 3667 2369 cardinalem
3703 2310 4067 2365 l-‘ranciscum

2460 2410 2807 2466 Barberinntn
2841 2410 3065 2464 Atlantis
3092 2408 3223 2463 tanti
3256 2406 3537 2464 Herculem
3564 2405 3631 2460 ad
3669 2405 3933 2460 Ecclesiae
3959 2420 4079 2460 suae

2461 2504 2622 2559 decus
2647 2502 2944 2558 diutissime
2961 2502 3214 2572 sospitent
3238 2516 3358 2556 esse
3380 2499 3525 2555 velit.
3555 2497 3660 2565 Tu,
3704 2496 3929 2561 Lector,
3980 2512 4079 2565 ap-

2463 2612 2699 2668 precare,
2733 2605 2785 2651 et
2815 2596 2916 2651 hoc
2938 2612 3058 2653 meo
3088 2593 3407 2651 munusculo
3429 2601 3614 2665 gratus
3640 2599 3825 2656 utere,
3850 2588 4076 2646 fruere.

1748 2808 1893 2880 EX
1948 2797 2305 2878 LIBBIS
2363 2786 3119 2865 TERTULLIANI

1174 2927 1394 3041 DE
1467 2904 2524 3035 EXECRANDIS
2572 2901 2925 3012 GEJV'
2938 2902 3110 3010 TI
3116 2900 3342 3011 UM
3382 2901 3716 3012 DIIS

906 3101 1741 3199 FRAGMENTUM
1800 3088 2312 3180 ERUTUM
2368 3086 2442 3168 E
2495 3078 3954 3199 BIBLIO'I‘HAEQAUVATICANA,

1542 3224 1594 3285 A
1637 3214 1986 3282 JOSEPHO
2018 3206 2280 3272 MARIA
2324 3199 2713 3267 SUARESIO
2758 3196 3323 3259 AYENIONENSI.

856 3336 1083 3393 Tantum
1132 3329 1384 3388 cazeitatis
1430 3324 1626 3382 invasit
1690 3335 1858 3392 genus
1933 3318 2263 3373 humanum,
2326 3314 2383 3359 nt

786 3432 1060 3489 inimicum
1088 3440 1243 3484 suum
1273 3422 1553 3478 Dominum
1590 3426 1815 3483 vocent,
1862 3421 1915 3466 et
1954 3410 2248 3463 alilalorem
2290 3400 2381 3454 bo-

788 3539 977 3582 norum
1032 3520 1168 3578 adeo
1194 3517 1436 3574 datorem
1472 3512 1569 3569 sibi
1600 3524 1719 3565 esse
1757 3504 2064 3578 praedicunt,
2112 3508 2267 3567 atque
2311 3494 2381 3547 illi

790 3617 986 3691 gratias
1016 3622 1212 3687 agant;
1244 3616 1438 3666 vocant
1466 3621 1595 3676 ergo
1626 3604 1747 3657 illos
1779 3597 2083 3654 nominibus
2112 3590 2378 3653 humanis,

792 3681 899 3768 non
944 3707 1209 3779 propriis,
1257 3701 1501 3758 nesciunt
1544 3697 1686 3752 enim
1729 3705 1915 3749 eorum
1963 3684 2213 3746 nomina,
2263 3681 2383 3749 quia

795 3806 904 3860 sint
931 3802 1202 3856 daemones
1230 3795 1564 3866 intelligunt;
1610 3787 1704 3845 sed
1746 3782 1996 3840 historias
2028 3788 2262 3832 veterum
2296 3788 2383 3826 re-

795 3912 919 3967 gunt
952 3893 1150 3963 legunt,
1182 3902 1407 3960 quorum
1436 3893 1611 3939 actum
1638 3894 1759 3936 cum
1801 3875 2016 3931 videant
2050 3871 2211 3926 fuisse
2245 3878 2386 3919 mor-

800 3966 980 4052 talem,
1013 3984 1206 4044 deifico
1232 3979 1592 4036 lionorillcant
1616 3988 1711 4029 eos
1731 3970 1961 4027 nomine.
1990 3966 2200 4026 Jovem,
2230 3972 2387 4029 quem

2487 3302 2759 3373 regalique
2786 3300 3010 3370 imperio
3040 3300 3307 3369 oppressit
3338 3298 3564 3369 populos
3591 3301 3708 3357 sine
3736 3299 3857 3371 lege
3883 3318 3899 3355 :
3950 3301 4099 3358 hunc

2488 3406 2659 3466 pater,
2686 3408 2845 3464 quem
2875 3391 3133 3447 initialem
3163 3391 3321 3447 deum
3362 3391 3528 3449 fuisse
3566 3394 3855 3465 opinantur
3897 3411 4102 3451 errau-

2489 3498 2568 3543 tes
2588 3530 2603 3554 ,
2641 3486 2805 3542 celari
2836 3487 2889 3540 in
2918 3485 3091 3540 insula
3117 3485 3274 3540 Creta
3319 3486 3612 3556 ignoravit;
3662 3486 3803 3541 filius
3838 3503 4097 3559 quoque,

2488 3597 2646 3652 quem
2689 3581 3043 3650 potentiorem
3074 3578 3233 3633 deum
3266 3579 3530 3646 credunt,
3560 3580 3798 3651 fugatum
3826 3594 3861 3633 a
3894 3594 3966 3636 se
4004 3597 4102 3651 pa-

2491 3686 2624 3731 trem
2657 3676 2819 3728 latere
2851 3675 2900 3727 in
2934 3672 3078 3726 Italia
3108 3672 3296 3727 nescit:
3327 3672 3372 3728 si
3403 3680 3520 3727 crat
3549 3673 3603 3726 in
3658 3672 3816 3737 coelo,
3849 3688 3961 3729 cur
3991 3690 4100 3730 nea

2488 3767 2704 3822 videbat
2726 3766 2851 3836 quid
2882 3765 2934 3819 in
2956 3765 3107 3822 Italia
3133 3768 3449 3836 gereretur?
3478 3764 3595 3820 Non
3623 3767 3765 3823 enim
3799 3765 3853 3821 in
3890 3770 4101 3839 angulo

2493 3874 2575 3919 est
2614 3873 2751 3918 terra
2800 3861 2971 3916 Italia.
3013 3861 3346 3932 Quamquam
3387 3860 3432 3916 si
3473 3859 3663 3918 fuisset
3699 3861 3831 3917 deus
3860 3904 3878 3929 ,
3929 3863 4103 3918 latere

2493 3973 2616 4011 etttn
2659 3954 2789 4010 nihil
2828 3953 3097 4010 debebat:
3140 3954 3359 4010 latuisse
3396 3963 3578 4009 autem
3620 3953 3689 4008 ibi
3714 3993 3729 4017 ,
3771 3968 3945 4022 quem
3988 3954 4102 4009 Itali

801 4030 980 4052 ....c...,
1014 4030 1204 4044 ...μην

800 4091 1025 4147 vocant,
1072 4089 1338 4151 quemque
1384 4076 1571 4144 putant
1617 4079 1885 4123 summum
1930 4060 2094 4114 Deum
2122 4097 2136 4121 ,
2176 4050 2390 4124 quando
2417 4030 2460 4093 C
2496 4054 2783 4107 Saturnum
2842 4048 3252 4115 vocitaverunt,
3286 4047 3487 4119 liquido
3524 4045 3886 4117 adprobant“
3921 4059 4047 4114 es"
4078 4069 4104 4101 a

801 4186 957 4233 natus
984 4148 1106 4237 est,
1138 4184 1167 4225 a
1192 4165 1576 4225 constitutione
1604 4158 1785 4216 mundi
1814 4164 1967 4213 crant
1992 4152 2059 4207 ad
2092 4148 2219 4204 illud
2252 4156 2381 4199 tem.

803 4285 903 4343 pus
931 4268 1053 4322 anni
1081 4262 1249 4320 ferme
1278 4260 1379 4316 tria
1406 4256 1597 4314 millia.
1630 4253 1725 4310 Hic
1749 4252 1801 4306 in
1826 4246 2032 4307 Graecia
2064 4241 2299 4298 nascitur
2324 4236 2391 4337 de

803 4327 1035 4417 Saturno
1063 4366 1116 4414 et
1142 4355 1278 4425 Ope.
1322 4353 1382 4408 Et
1411 4365 1478 4405 ne
1506 4364 1536 4403 a
1568 4356 1715 4419 patre
1756 4340 2166 4400 interficeretur,
2213 4339 2305 4386 aut
2348 4327 2394 4383 si

805 4451 885 4508 fas
906 4458 990 4506 est
1009 4449 1210 4514 dicere,
1235 4445 1411 4501 denuo
1443 4446 1738 4512 pareretur,
1761 4432 1975 4490 Cretam
2004 4427 2232 4489 delatus,
2263 4436 2396 4477 con-

807 4544 929 4600 silio
960 4541 1148 4598 matris
1188 4541 1239 4594 in
1277 4547 1432 4594 antro
1475 4533 1616 4589 Idaeo
1655 4530 1914 4591 nutritur,
1955 4540 1984 4578 a
2024 4520 2274 4579 Creiibus
2318 4514 2394 4587 (ll)

809 4635 1116 4693 hominibus
1146 4631 1282 4687 natis
1310 4643 1457 4685 arma
1490 4622 1850 4697 quatientibus
1875 4616 2193 4676 occultatur,
2223 4622 2400 4679 caprae

810 4730 971 4788 ubera
998 4727 1169 4799 sugit,
1198 4725 1347 4795 cujus
1374 4720 1657 4778 excoriata:
1687 4715 1823 4788 pelle
1853 4710 2079 4768 amictus
2109 4705 2401 4763 ulitur,nu-

813 4822 958 4880 tricis
987 4834 1098 4876 sua:
1128 4817 1331 4875 scilicet
1358 4830 1386 4869 a
1416 4829 1473 4869 se
1502 4808 1831 4867 interfectae:
1862 4804 1956 4861 sed
1990 4813 2098 4856 tres
2124 4799 2401 4855 cincinnos

812 4928 1006 4971 aureos
1044 4910 1110 4981 ei
1133 4908 1328 4976 assuit,
1366 4912 1654 4963 centenum
1698 4900 1855 4955 bomn
1894 4893 2132 4965 singulos
2173 4888 2403 4960 pretium

811 5006 1078 5071 valentes,
1109 5001 1246 5056 sicut
1272 4998 1511 5055 meminit
1539 5003 1724 5050 auctor
1752 5004 1937 5046 eorum
1968 4986 2261 5047 Homerus,
2289 4994 2403 5034 cre-

816 5100 945 5157 dere
972 5098 1016 5154 si
1046 5109 1253 5168 aequum
1282 5100 1382 5147 est.
1416 5090 1512 5146 llic
1538 5086 1715 5143 adulta
1744 5091 1900 5138 actate
1926 5094 2045 5135 cum
2074 5084 2222 5146 patre
2251 5072 2406 5128 annis

822 5165 1187 5264 compluribus
1216 5186 1410 5242 bellum
1444 5181 1627 5253 gessit,
1656 5175 1962 5249 superavit,
1994 5167 2277 5242 parricidio
2307 5165 2402 5220 do-

819 5300 967 5345 mum
1011 5280 1243 5347 invasit,
1292 5289 1509 5333 sorores
1553 5270 1789 5343 virgines
1837 5264 2141 5337 stupravit,
2185 5272 2409 5329 quarunt

823 5394 982 5437 unam
1013 5377 1065 5432 in
1091 5372 1360 5432 connubio
1385 5368 1577 5439 elegit,
1612 5374 1813 5436 patrem
1841 5359 2006 5415 armis
2033 5353 2234 5428 fugavit
2260 5370 2273 5407 :
2302 5365 2410 5405 ca:-

824 5482 936 5529 tera
962 5478 1141 5526 autem
1188 5478 1337 5523 actus
1386 5464 1529 5519 illius
1576 5461 1773 5529 scripta
1815 5465 1961 5511 sunt.
2013 5451 2089 5506 Ex
2132 5442 2415 5503 connubiis

826 5565 1013 5621 alienis
1038 5605 1054 5632 ,
1095 5570 1185 5617 aut
1228 5558 1519 5630 virginibus
1547 5552 1760 5609 violatis
1786 5592 1802 5618 ,
1851 5548 1990 5602 filios
2015 5543 2113 5600 sibi
2144 5538 2418 5594 adulteros

828 5630 1132 5731 generavit,
1181 5666 1377 5726 pueros
1415 5652 1674 5722 ingenuos
1719 5638 2090 5703 attaminavit,
2140 5630 2420 5703 tyrannica

2496 4143 2653 4212 cujus
2692 4141 2992 4196 latitatione
3031 4140 3206 4211 lingua
3238 4140 3481 4211 hesperia
3514 4140 3678 4194 latina
3708 4142 4000 4195 nominata
4030 4152 4107 4195 est

2498 4251 2666 4307 usque
2706 4234 2759 4289 in
2799 4233 3113 4288 hodiernum
3138 4250 3150 4287 :
3179 4235 3319 4289 sicut
3345 4233 3509 4287 etiam
3539 4242 3727 4287 auctor
3754 4246 3961 4289 eorum
3994 4232 4107 4287 \‘ir—

2495 4329 2653 4402 gilius
2692 4326 2933 4383 meminit
2973 4324 3090 4397 (b):
3132 4339 3259 4395 ergo
3300 4324 3352 4378 in
3394 4335 3533 4379 terra
3560 4334 3846 4393 generatus
3878 4324 4106 4389 dicitur,

2500 4422 2627 4479 dum
2670 4430 2725 4477 et
2753 4436 2820 4475 ne
2850 4420 2917 4474 ab
2945 4434 3011 4474 co
3044 4433 3210 4489 regno
3237 4418 3463 4489 pellatur
3491 4418 3679 4486 timet,
3732 4429 3788 4474 et
3819 4426 4107 4489 tamquam

2502 4516 2752 4573 aemulum
2782 4514 2973 4585 quarrit
3002 4526 3197 4569 necare
3216 4552 3233 4578 ,
3261 4520 3316 4566 et
3342 4511 3654 4581 subreptum
3686 4511 3862 4565 nescit
3900 4511 4108 4571 latere,

2506 4620 2559 4665 et
2587 4619 2770 4680 postea
2797 4608 2930 4662 deus
2960 4605 3103 4660 ﬁlius
3130 4612 3335 4674 patrem
3377 4601 3751 4672 prosequitur,
3794 4600 4114 4657 interficere

2505 4703 2697 4775 quan-it
2721 4700 3035 4756 immortalis
3056 4695 3411 4752 immortalem
3436 4694 3601 4765 (credi
3623 4693 3919 4766 potest),et
3942 4695 4109 4750 inter-

2507 4796 2645 4851 vallo
2684 4794 2853 4865 pelagi
2895 4792 3114 4857 fallitur,
3150 4799 3205 4846 et
3242 4789 3440 4859 fugisse
3478 4789 3705 4859 ignorat,
3737 4796 3793 4842 et
3828 4800 3973 4841 cum
4006 4787 4113 4841 hac

2507 4900 2791 4962 agerentur
2822 4890 2959 4943 inter
2987 4886 3123 4942 duos
3148 4886 3279 4941 deos
3311 4885 3362 4937 in
3393 4883 3570 4949 terris,
3603 4880 3796 4937 cretum
3821 4877 4112 4937 desertum

2508 4994 2608 5042 cst.
2643 4984 2809 5039 Nemo
2834 4980 3238 5037 administrabat
3266 4976 3506 5048 pluvias,
3540 4988 3697 5030 nemo
3723 4971 3965 5027 tonabat
3985 5016 4002 5039 ,
4034 4990 4117 5027 ne.

2513 5094 2601 5134 mo
2630 5076 2963 5150 gubernabat
2995 5083 3195 5129 tantam
3226 5072 3422 5128 molem
3450 5069 3621 5125 orbis.
3660 5066 3772 5122 Nec
3805 5068 3971 5121 enim
4003 5082 4117 5137 pos-

2511 5182 2632 5230 sunt
2673 5171 2855 5227 dicere
2895 5180 3072 5225 actum
3113 5168 3326 5224 illorum
3364 5174 3420 5221 et
3459 5162 3598 5220 bella
3628 5162 3681 5217 in
3710 5160 3854 5217 cmlo
3891 5177 4025 5217 esse
4052 5163 4120 5213 ia-

2514 5276 2627 5321 cta:
2660 5266 2777 5321 lia-c
2804 5265 2947 5319 enim
2979 5264 3031 5317 in
3064 5270 3243 5317 monte
3268 5260 3498 5333 Olympo
3524 5255 3753 5319 ﬁebant,
3784 5254 3844 5308 in
3882 5253 4115 5310 Gmia:

2522 5360 2615 5415 sed
2658 5374 2757 5415 nec
2783 5360 2979 5415 cretum
3016 5357 3302 5430 Olympum
3332 5353 3404 5426 (ο)
3437 5359 3690 5415 vocatur,
3722 5345 3941 5402 emtum
3984 5348 4118 5402 enim

2524 5452 2722 5508 cmluni
2761 5460 2865 5507 est.
2900 5450 2973 5506 De
3011 5450 3201 5520 quibus
3242 5460 3372 5517 ergo
3410 5442 3616 5500 actibus
3652 5454 3841 5497 eorum
3894 5441 4121 5512 primum

2521 5544 2897 5609 tractabimus,
2925 5544 2994 5599 de
3026 5542 3326 5607 nativitate,
3358 5536 3427 5593 de
3466 5534 3763 5592 latitatione
3785 5572 3801 5594 ,
3849 5531 3930 5587 de
3971 5532 4117 5602 igno-

2524 5638 2715 5703 rantia,
2749 5636 2815 5693 de
2847 5636 3154 5709 parricidio,
3186 5632 3254 5690 de
3282 5627 3581 5695 adulteriis,
3612 5625 3680 5681 de
3707 5624 3984 5680 obscenis
4008 5622 4123 5678 acti.

2190 5723 2755 5789 COMMENTARIUS.

908 5890 986 5964 (a)
1026 5887 1272 5950 Cretibus.
1300 5885 1461 5944 Forte
1491 5881 1773 5942 Curetibus.
1808 5878 1973 5935 Sun.

912 6004 987 6068 (b)
1389 6041 1399 6052 .
1440 6040 1449 6051 .
1491 6036 1503 6049 .
1543 6035 1553 6048 .
1590 5997 1900 6058 Latiumque
1923 5993 2085 6045 vocari

2738 5828 2932 5889 Maluit,
2960 5823 3293 5889 his.qu_o_uiam
3316 5819 3545 5889 lauasset
3568 5820 3717 5889 lotus
3728 5816 3778 5889 i‘n
3803 5815 3932 5889 oris:

3092 5875 3306 5942 Ἁίιιεὶά.
3337 5883 3374 5937 ι.
3409 5880 3541 5949 Vill,
3572 5897 3623 5949 tt.
3650 5875 3763 5933 52‘2
3787 5887 3835 5934 ιι
3864 5877 4001 5936 3‘35.

2620 5968 2698 6041 (ς)
2740 5964 3039 6038 Olympum.
3070 5960 3231 6017 Forte
3260 5955 3531 6027 Olympus.
3556 5948 3723 6008 Stult.
