4202 6496
140 405 277 466 ιηι

721 539 795 576 SI.

721 539 751 575 \‘
781 563 795 576 .

212 593 462 649 Tentavit
510 537 796 665 alir‘I‘t'iﬂd‘o
838 603 892 651 et
934 594 1193 654 Domitia-

1483 415 1835 475 APPENDIX
1872 417 2176 488 QUARTA.

1552 549 1993 594 CHRISTOPHOSONI
2012 577 2024 590 .

1323 599 1646 660 Tentaverat
1671 620 1722 661 et
1752 609 2106 673 Domitianus,

3302 433 3440 492 “2?.

2798 541 2995 600 tamen.

2131 607 2307 690 portio
2387 678 2429 690 η
2459 607 2780 690 Tentaverat
2802 616 3234 690 et_D_omitianus,
3265 623 3442 690 portio

138 665 702 763 ﬂ‘lsjfffl.‘_‘.?.:‘.'3q2‘£‘;
731 667 1193 763 R9.’.‘§°..‘.‘E'P'3§§z
1249 670 1499 763 sese
1531 677 1598 763 4::
1625 679 1961 763 C""d9'ime-
1990 665 2223 763 δειίίξμα
2252 689 2307 735 ει
2661 665 3442 763 άο.έτῡάῐειῑίξίίέῐέᾱιῑὲιῖι”ἁιὶὲ

138 736 1197 833 deﬁciudelitate‘.‘segqtiasibomomto
1253 744 1434 833 homo,
1463 736 1621 833 facile
1649 759 1892 833 emptura
1917 736 2194 833 repressit,
2217 765 2306 808 re-
2381 752 2478 833 ille
2499 736 2695 808 facere.
2713 736 2879 833 ,εέᾳῖ
2891 736 3443 833 iii'B'ﬁthrI'Ji'id'Jﬁ

137 805 367 894 destitit,
413 808 480 889 ita
530 805 788 894 ut‘etiam
835 824 1101 894 eosjquos
1142 813 1196 868 in
1250 805 1453 874 stitutis
1471 820 1632 875 etiam
1659 805 1795 892 quos
1817 805 2176 894 relegarerat.

137 877 362 934 exilium
393 880 635 948 miserat,
669 891 966 938 revocaret.

2381 821 2586 900 habens
2626 826 2850 900 rationis
2887 837 2944 884 et
2970 821 3285 900 prudentia,
3319 821 3442 888 ma-

2381 901 2500 950 ture
2545 894 2750 952 destitit
2778 938 2794 963 ,
2843 894 3112 958 revocatis
3159 894 3323 962 etiam
3375 906 3442 963 iis

2379 979 2516 1037 quos
2536 964 2590 1024 in
2609 968 2858 1027 exsilium
2879 981 3082 1044 egerat.

1085 1063 1264 1124 LIBRI
1301 1069 1391 1138 DE
1443 1072 1910 1138 SPECTACULIS
1947 1077 2180 1137 GRECI
2215 1077 2508 1148 CITATIO,

1132 1208 1220 1254 nx
1262 1207 1389 1255 un.
1440 1210 1526 1254 ne
1553 1207 1801 1257 conon
1869 1211 2110 1258 MILITIS
2153 1195 2175 1277 (
2209 1215 2346 1280 cap.
2393 1199 2499 1281 6).

208 1310 303 1367 Sic
333 1310 544 1416 itaque"
561 1321 617 1416 et
657 1313 799 1371 circa
823 1313 1154 1416 uoluptates
1192 1316 1620 1416 Spectaculorum
1646 1318 1741 1416 in:
1767 1327 1820 1389 Α
1846 1318 2272 1378 scientiaautem
2290 1321 2566 1381 deficiunt.
2591 1327 2697 1386 Sed
2721 1339 2775 1387 et
2799 1330 2923 1390 huic
2945 1338 3206 1409 materiae,
3229 1352 3446 1416 prepter

135 1403 352 1459 famata.
387 1404 627 1462 conditio
656 1415 740 1462 est
785 1407 854 1463 ab
884 1407 964 1464 eis
1003 1408 1094 1480 qui
1128 1417 1314 1464 natura
1355 1409 1608 1481 quidem,
1645 1409 1739 1466 Dei

131 1496 319 1552 omnia
367 1499 623 1564 sentiunt,
669 1514 736 1555 ex
777 1499 970 1571 quibus
1034 1502 1337 1572 spectacula
1384 1503 1740 1570 instruuntur,

207 1610 536 1682 Amplissime
581 1612 810 1670 eamdem
858 1614 1121 1669 materiam
1166 1627 1435 1670 tractatam
1482 1617 1634 1672 habes
1677 1617 1740 1671 ab

146 1683 263 1751 ipso
287 1693 496 1757 auctore
524 1683 653 1740 libro
678 1685 833 1740 latine
855 1687 1139 1757 conscripto
1169 1688 1237 1744 de
1266 1687 1616 1757 Spectaculis.
1673 1688 1742 1744 Et

136 1771 258 1809 vero
276 1755 411 1827 loqui
443 1756 527 1811 hic
546 1765 801 1812 auctorem
827 1757 890 1812 de
911 1758 1037 1812 dict.
1054 1755 1159 1813 'lib.
1190 1758 1257 1815 de
1283 1755 1617 1830 Spectaculis
1640 1777 1744 1816 non

1845 1415 2175 1473 suaviludios
2194 1427 2432 1488 nostros,
2460 1436 2635 1492 graeco
2658 1439 2875 1496 quoque
2892 1429 3034 1502 stylo
3055 1415 3443 1494 satisfecimus.

1846 1621 2036 1750 galia}
2061 1622 2130 1680 de
2157 1625 2366 1685 Corona
2393 1629 2602 1700 militis,
2633 1633 2786 1691 etiam
2813 1647 2930 1696 ante
2947 1656 3028 1697 me
3055 1641 3334 1704 Rhenanus
3351 1649 3420 1705 ad

941 1873 1072 1932 LIB.
1105 1875 1195 1933 DE
1239 1871 1632 1935 VIHCINIBUS
1670 1876 2014 1937 VELANDIS
2051 1879 2305 1955 GRIECI,
2347 1884 2669 1956 NOTULE,

1113 2007 1199 2052 ex
1225 2008 1515 2054 musam
1557 2009 1779 2056 τιτυιι
1823 2011 2014 2059 ιιΒιιο
2041 1995 2060 2076 (
2091 2013 2228 2077 cap.
2277 2000 2309 2060 1
2357 1999 2403 2080 ).

207 2105 493 2180 Proprium
517 2108 627 2181 jam
655 2108 926 2181 negotium
955 2123 1144 2181 passus
1172 2126 1306 2167 meae
1335 2112 1629 2184 Opinionis,
1654 2113 1732 2171 la-

134 2202 253 2258 tine
280 2216 494 2272 quoque
538 2202 818 2258 ostendam
853 2202 1096 2274 Virgines
1125 2214 1336 2260 nostras
1363 2203 1530 2260 velari
1573 2220 1735 2278 opor-

178 2314 298 2401 “Dx
321 2318 687 2404 eo‘quodfilicit
712 2329 892 2374 auctor
919 2318 1081 2404 latine
1106 2334 1341 2391 quoque,
1367 2329 1500 2404 recte
1527 2337 1638 2404 meo
1654 2322 1744 2404 ju-

130 2389 272 2444 dicio
317 2389 511 2461 colligit
540 2390 842 2457 Rhenanus,
892 2401 1046 2446 antea
1085 2389 1251 2463 gum
1296 2393 1545 2463 scriptum
1589 2389 1748 2464 fuisse

1835 2123 1972 2184 tere,
1999 2133 2064 2174 ex
2089 2134 2194 2190 quo
2221 2121 2501 2178 transitum
2531 2127 2705 2184 aetatis
2744 2145 2854 2187 sua:
2881 2131 3142 2203 fecerint;
3175 2135 3279 2193 hoc
3317 2138 3440 2194 exi-

1835 2224 1964 2280 gere
1994 2213 2291 2276 veritatem,
2323 2215 2409 2269 cui
2437 2231 2596 2274 nemo
2624 2223 2975 2289 praescribere
2999 2237 3196 2297 potest.

1847 2322 2033 2377 librum
2059 2326 2286 2396 ejusdem
2313 2328 2469 2399 tituli,
2498 2330 2567 2388 de
2590 2331 2899 2407 Virginibus
2921 2339 3186 2398 velandis.

1288 2483 1376 2536 DE
1418 2481 1760 2538 BAPTISMO
1798 2480 1981 2538 LIBRI
2010 2479 2290 2550 MENTIO,

1146 2593 1231 2637 ex
1273 2593 1560 2637 musam:
1604 2593 1820 2637 TITUL!
1852 2577 2086 2657 LIBRO(
2118 2595 2256 2659 cap.
2290 2576 2367 2640 15
2411 2578 2456 2660 ).

207 2697 316 2755 Sed
341 2697 483 2754 circa
531 2696 814 2755 hmreticos
852 2713 982 2756 sane
1029 2699 1159 2771 quid
1199 2699 1611 2755 custodiendum
1645 2700 1735 2766 sit,
1771 2709 1817 2768 Β
1847 2699 1974 2764 illis,
2003 2715 2103 2755 nec
2133 2715 2268 2756 unus
2293 2699 2563 2770 Christus,
2595 2703 2644 2757 id
2674 2713 2756 2759 est
2782 2704 2945 2761 idem.
2973 2707 3206 2780 Ideoque
3232 2727 3331 2768 nec
3355 2714 3450 2769 ba-

135 2790 302 2864 (Iignc
326 2794 447 2864 quis
472 2802 730 2850 retractet
757 2812 770 2849 :
801 2791 869 2849 ad
897 2807 996 2849 nos
1015 2792 1157 2848 enim
1185 2793 1388 2848 editum
1420 2805 1521 2848 est.
1555 2791 1740 2849 Haere-

139 2887 234 2944 tici
282 2901 461 2944 autem
510 2889 714 2943 nullum
761 2887 959 2944 habent
985 2891 1312 2944 consortium
1347 2901 1544 2944 nostra:
1581 2890 1741 2945 disci-

139 2983 327 3050 plinae,
355 2994 492 3051 quos
531 2990 818 3036 extraneos
849 2979 1031 3049 utique
1059 2989 1284 3036 testatur
1317 2981 1428 3047 ipsa
1469 2980 1740 3051 ademptio

136 3072 666 3129 communicationis.
693 3071 810 3127 Non
837 3071 1008 3127 debeo
1039 3072 1090 3126 in
1121 3070 1228 3126 illis
1250 3087 1576 3142 cognoscere
1598 3071 1740 3142 quod

136 3164 279 3220 mihi
307 3171 632 3234 praeceptum
661 3172 766 3231 est,
793 3163 917 3233 quia
940 3177 1046 3218 non
1074 3162 1214 3218 idem
1242 3163 1382 3219 Deus
1402 3173 1488 3219 est
1515 3163 1669 3219 nobis
1687 3173 1743 3220 et

220 3280 312 3336 His
339 3281 517 3338 verbis
543 3281 704 3336 etiam
726 3280 948 3335 materia
971 3280 1238 3351 praecipua
1286 3291 1747 3336 commemoratur

135 3353 306 3425 ει·ωεί
335 3351 400 3408 dc
430 3352 720 3425 Baptismo.
745 3351 1191 3425 Quandoquidelu
1215 3367 1346 3425 vero
1375 3367 1473 3425 nos
1500 3351 1587 3406 hic
1617 3363 1750 3425 trac-

141 3421 361 3478 iaturos
387 3423 608 3492 polliciti
639 3437 848 3486 sumus,
880 3437 999 3490 qua:
1026 3423 1096 3476 sit
1124 3421 1442 3476 Tertulliani
1474 3422 1746 3476 sententia

139 3496 213 3548 de
233 3495 584 3549 hwreticorum
613 3493 880 3563 baptismo,
913 3502 1061 3563 certe
1081 3507 1276 3562 negare
1309 3508 1415 3546 non
1464 3507 1750 3563 possumus

138 3567 380 3634 idipsum
408 3564 639 3619 sensisse
662 3562 804 3633 quod
825 3561 880 3616 Β.
906 3561 1227 3633 Cyprianus;
1253 3574 1305 3618 et
1328 3561 1572 3634 fortassis
1592 3578 1752 3632 prop-

150 3632 304 3691 terea
331 3632 875 3705 suppressum’possit
901 3632 1022 3705 quis
1061 3635 1241 3689 dicere
1287 3635 1428 3689 hunc
1473 3632 1752 3700 libellum,

149 3721 279 3760 cum
311 3720 403 3776 per
429 3705 687 3761 Nicenum
715 3706 999 3760 concilium
1027 3713 1313 3760 retractata
1337 3713 1421 3760 est
1449 3705 1752 3776 eaAfrica-

87 3781 90 3784 ’
140 3775 341 3834 norum
369 3777 720 3847 quorumdam
743 3778 1117 3847 episcoporum
1161 3779 1446 3831 sententia.
1490 3775 1597 3831 Nec
1619 3791 1748 3832 vero

142 3846 449 3904 mirandum
475 3846 666 3903 siillud
697 3846 1002 3915 paradoxon
1038 3846 1316 3914 amplexus
1361 3847 1430 3900 sit
1468 3847 1750 3902 Tertullia-

142 3936 256 3974 nus
277 3933 399 3972 cum
427 3917 616 3972 eodem
649 3916 762 3972 fere
792 3929 1034 3987 tempore
1080 3919 1409 3973 celebratum
1459 3918 1627 3972 fuisse
1669 3918 1749 3971 vi-

141 3991 344 4044 deatur
369 3988 652 4044 concilium
684 3986 811 4042 illud
856 3986 956 4041 sub
987 3989 1278 4057 Agrippino
1321 3987 1572 4057 episc0po
1611 3987 1746 4043 Car-

146 4058 935 4130 thaginiensi,cujusmeminit
987 4059 1048 4115 B.
1102 4059 1264 4129 Cypr.
1323 4058 1494 4130 Epist.
1556 4059 1646 4119 7i.
1679 4058 1747 4114 ad

1169 4251 1832 4439 appetitis

1843 2795 2068 2862 ptismus
2115 2808 2274 2858 unus,
2306 2795 2428 2864 quia
2479 2811 2583 2850 non
2616 2797 2775 2852 idem.
2814 2799 2990 2868 Quem
3023 2819 3142 2858 cum
3191 2807 3295 2861 rite
3336 2823 3443 2864 non

1844 2883 2093 2951 habeant,
2125 2885 2242 2941 sine
2268 2885 2431 2942 dubio
2460 2902 2568 2942 non
2614 2887 2842 2958 habent;
2876 2907 2974 2947 nec
3004 2894 3146 2965 capit
3175 2901 3447 2956 numerari

1843 2975 1985 3046 quod
2035 2990 2143 3032 non
2191 2977 2454 3043 habetur;
2489 2981 2560 3034 ita
2593 2996 2692 3036 nec
2737 2995 2960 3052 possunt
3007 2989 3276 3058 accipere,
3324 2991 3449 3060 quia

1845 3082 1953 3121 non
1983 3066 2207 3127 habent.
2233 3068 2339 3127 Sed
2367 3071 2436 3127 de
2478 3087 2585 3143 quo
2616 3072 2830 3143 plenius
2850 3075 2960 3146 jam
3002 3077 3157 3134 nobis
3191 3080 3244 3135 in
3283 3099 3451 3152 grtcco

1846 3160 2113 3234 digestum
2140 3172 2244 3218 est.

1852 3279 2126 3364 Quintum;
2160 3280 2301 3361 quod
2325 3280 2496 3351 ipsum
2517 3294 2811 3364 quoqueet
2836 3295 3142 3364 coaetaneos
3167 3291 3452 3364 episcopos

1851 3351 2131 3426 Africanos
2160 3351 2210 3402 in
2233 3367 2353 3426 eam
2380 3351 2997 3426 peririisit'opinionem.
3025 3359 3150 3415 Haec
3180 3351 3324 3419 enim
3355 3351 3454 3420 'sa-

1853 3421 1920 3501 tis
1943 3420 2177 3501 indicare
2195 3420 2415 3501 videtur
2432 3420 2736 3501 ille_Epist'._
2763 3429 2863 3501 _70.
2889 3430 2955 3483 ad
3007 3429 3229 3488 Ianuar.
3255 3474 3272 3501 ,
3329 3451 3452 3492 cum

1854 3491 2326 3548 dicitsentcntiani
2360 3491 2629 3568 illamjam
2657 3498 2866 3568 pridem
2903 3503 2972 3554 ab
3021 3491 3454 3562 antecessoribus

1857 3571 2132 3639 statutam,
2157 3576 2212 3618 et
2237 3565 2474 3639 apertius
2496 3565 2673 3636 Epist.’
2701 3568 2793 3636 75,
2809 3570 2874 3624 ad
2894 3570 3232 3639 Jubaianum,
3256 3577 3455 3633 multos

1855 3633 2050 3718 dicens
2071 3633 2632 3718 annosintercessi‘ssc
2659 3654 2722 3693 ex
2744 3633 2856 3718 quo
2874 3643 2974 3718 sub
2993 3633 3287 3715 Agrippino
3308 3649 3453 3718 epis-

1857 3706 1976 3794 gopi
2003 3705 2216 3794 plurimi
2252 3708 2353 3794 hoc
2378 3716 2700 3794 statuerunt.
2730 3705 2892 3794 Atqui
2917 3705 3068 3794 inter"
3093 3705 3302 3794 tempus
3343 3705 3453 3794 'quo

1852 3774 2367 3857 Tertullianysante
2396 3793 2609 3857 omnem
2642 3774 2890 3857 haeresim
2920 3774 3217 3857 librnuide'
3241 3774 3454 3857 Bapiis-

1853 3862 1934 3920 mo
1953 3847 2381 3920 conscripsit,_et
2404 3847 2711 3904 Africanum
2738 3854 2965 3920 primum
2990 3854 3058 3909 de
3087 3847 3455 3914 ﬂwreticorum

1852 3914 2118 3992 _Baptismo
2132 3914 2844 3992 concilittutdepiscoporum
2882 3923 2951 3976 72
2972 3926 3110 3992 quod
3125 3921 3454 3986 celebratum

1852 3988 1949 4070 luit
1969 4002 2110 4068 anno
2131 3987 2343 4070 Domini
2358 3989 2485 4070 25:5,
2505 3987 2675 4045 annos
2698 3987 3069 4070 intercessisse
3095 3997 3316 4055 circiter
3345 4001 3416 4058 50
3438 4042 3455 4070 ,

1852 4057 1988 4112 laius
2009 4057 2062 4112 in
2095 4059 2199 4113 vita
2227 4059 2465 4115 auctoris
2504 4062 2906 4132 comprobatur.

1969 4275 2474 4435 quarta.

893 4606 1398 4692 OPEBUM
1465 4607 1580 4716 Q.
1663 4606 1749 4689 S.
1818 4606 1916 4690 F.
1970 4604 2759 4690 TERTULLIANI

258 4768 493 4862 (ὶυῶ
537 4763 1438 4854 DESIDERANTUB,
1479 4760 2192 4854 FRAGMENTA,
2241 4762 2673 4839 MENTIO
2719 4763 2863 4838 ET
2912 4764 3406 4843 NOTULzE.

663 4905 707 4963 I.
749 4903 841 4963 AD
882 4901 1145 4962 AMICUM
1184 4896 1668 4958 PHILOSOPHUM
1709 4897 1795 4953 DE
1831 4895 2239 4954 NUPTIARUM
2277 4892 2642 4956 ANGUSTIIS
2678 4896 2883 4967 LIBRI,

1387 5033 1655 5079 NOTULE
1701 5032 1786 5077 EI
1826 5031 1888 5078 Β.
1935 5030 2201 5078 BIEHON.

241 5171 307 5228 Et
348 5169 403 5224 in
445 5165 708 5238 principio
748 5165 912 5223 libelli
961 5162 1213 5236 praefatus
1249 5174 1369 5218 sum
1408 5173 1494 5215 me
1541 5159 1605 5214 de
1655 5157 1761 5212 Αη-
1786 5156 1830 5219 C
1933 5156 2047 5212 Non
2079 5166 2159 5214 est
2183 5155 2340 5228 hujus
2369 5155 2473 5213 loci
2503 5155 2821 5229 Nuptiarum
2848 5158 3108 5229 angustia:
3133 5157 3461 5227 describere,

157 5265 345 5343 gratiis
372 5258 687 5330 Nuptiarum
712 5269 805 5315 aut
830 5257 961 5314 nihil
1005 5257 1224 5313 omnino
1253 5263 1345 5312 aut
1378 5267 1563 5324 parum
1590 5250 1762 5307 dictu-

158 5379 306 5429 rum,
332 5370 388 5418 et
415 5375 558 5416 nunc
581 5357 767 5414 eadem
798 5351 1094 5415 admoneo;
1127 5360 1185 5405 ut
1214 5349 1259 5406 si
1300 5349 1391 5403 tibi
1421 5347 1595 5418 placet
1622 5347 1761 5404 scire

159 5465 298 5526 quot
329 5451 590 5509 molestiis
641 5449 793 5520 virgo
842 5446 1031 5511 libera,
1061 5451 1193 5516 quot
1220 5456 1354 5497 uxor
1377 5440 1625 5496 adstricta
1671 5440 1759 5505 sit,

158 5548 315 5616 legas
326 5542 712 5600 Tertullianum
729 5538 1026 5594 adAmicum
1043 5535 1402 5606 philosophum
1415 5532 1759 5598 scribentem,

159 5650 220 5696 et
244 5639 311 5693 de
343 5635 645 5709 Virginitate
688 5633 824 5688 alios
859 5629 1067 5686 libellos
1089 5670 1104 5696 ,
1151 5635 1207 5683 et
1243 5626 1305 5682 Β.
1332 5623 1582 5697 Cypriani
1609 5624 1762 5680 voluo

163 5746 292 5787 men
321 5727 624 5800 egregium;
654 5735 709 5781 et
751 5723 911 5796 Papae
940 5719 1153 5777 Damasi
1192 5732 1355 5790 super
1380 5715 1482 5774 hac
1511 5732 1572 5774 re
1601 5732 1763 5775 versu

165 5839 233 5878 ac
263 5834 419 5893 prosa
453 5818 747 5891 composita
772 5859 788 5886 ,
825 5825 882 5874 et
926 5813 1196 5872 Ambrosii
1225 5812 1392 5868 nostri
1426 5827 1545 5883 quae
1594 5825 1764 5882 nuper

165 5916 386 5987 scripsit
412 5914 480 5972 ad
509 5929 748 5972 sororem
771 5910 1022 5984 opuscula
1040 5908 1231 5983 (Epist.
1250 5907 1343 5965 28.
1372 5906 1440 5963 ad
1466 5902 1759 5975 Eustoch.).

1863 5257 1920 5304 et
1963 5251 2117 5321 quasi
2163 5250 2216 5305 in
2268 5251 2642 5308 communibus
2685 5251 2818 5308 locis
2876 5251 3145 5307 rhetorico
3193 5254 3465 5309 exsultare

1864 5355 2146 5410 sermone;
2181 5343 2387 5412 plenius
2434 5359 2596 5414 super
2645 5343 2746 5398 hac
2795 5358 2856 5400 re
2897 5353 3086 5398 contra
3119 5343 3418 5400 Helvidium
3444 5385 3462 5414 ,

1866 5445 1920 5490 et
1949 5435 2000 5489 in
2028 5451 2092 5491 eo
2117 5435 2251 5494 libro
2277 5452 2435 5507 quem
2471 5437 2539 5492 ad
2578 5437 2926 5493 Eustochium
2958 5437 3147 5509 scripsi
3175 5479 3191 5506 ,
3232 5438 3466 5495 arbitror

1866 5529 2192 5584 absolutum.
2260 5526 2421 5586 Certe
2478 5527 2876 5599 Tertullianus,
2922 5544 3046 5585 cum
3101 5529 3278 5588 adhuc
3321 5539 3468 5588 esset

1866 5621 2178 5679 adolescens
2199 5666 2213 5688 ,
2246 5622 2373 5680 lusit
2399 5624 2452 5680 in
2482 5624 2581 5680 hac
2609 5625 2859 5691 materia,
2889 5632 2945 5680 et
2971 5632 3268 5695 praeceptor
3311 5638 3465 5682 meus

1867 5714 2154 5788 Gregorius
2224 5714 2590 5776 Nazianzenus
2617 5761 2634 5787 ,
2694 5717 3046 5792 Virginitatem
3115 5728 3164 5773 et
3239 5716 3467 5790 Nuptias

1868 5807 2139 5894 disserens
2167 5811 2354 5882 graecis
2379 5811 2624 5870 versibus
2640 5809 2922 5883 explicavit
2941 5807 3095 5884 (Adv.
3116 5806 3315 5878 Jovin.,
3337 5810 3379 5865 t.
3397 5806 3463 5882 ι).
