4202 6496
742 380 881 438 1123

811 499 1077 553 llactenus
1115 495 1174 550 Β.
1206 495 1594 569 Hieronymus,
1623 495 1776 566 cujus
1813 496 2044 569 integras
2078 494 2328 564 periodos

736 569 1052 624 adduximus
1082 569 1137 623 in
1169 568 1436 634 medium,
1466 581 1575 624 tum
1614 585 1679 625 ne
1717 568 1842 639 quid
1881 568 2125 639 mutilum
2163 578 2324 633 esset,

740 650 850 697 tum
880 650 940 696 ut
977 640 1240 709 intelligat
1280 641 1448 696 lcetor
1487 640 1576 711 qui
1612 637 1848 696 veterum
1884 637 1950 693 de
1991 638 2328 708 Virginitate,

739 711 898 769 hodie
947 721 1226 782 tantopere
1266 725 1606 768 controversa
1634 754 1650 778 ,
1693 712 2034 781 scripserint;
2066 711 2329 782 quocirca

738 797 1060 854 magnonere
1101 781 1328 854 Optarim
1380 793 1590 838 exstare
1641 785 1742 838 huc
1781 783 2014 854 auctoris
2065 781 2327 854 libellum,

739 852 851 926 sive
873 870 1028 925 prosa
1056 852 1439 924 conscriptum,
1463 856 1574 910 sive
1604 857 1802 926 potius,
1830 852 1970 923 quod
1995 868 2088 919 per
2111 853 2328 926 verbum

739 925 857 978 lusit
875 923 1104 981 indicari
1127 923 1366 992 videtur,
1394 923 1652 982 carminc.
1675 926 1792 994 Qua
1825 931 1880 980 tit
1907 926 2092 992 magis,
2123 934 2178 976 ιιι
2203 923 2328 976 mihi

740 1012 845 1052 non
903 999 1155 1065 probetur
1205 997 1479 1068 cujusdam
1535 999 1634 1052 viri
1689 997 1883 1051 eruditi
1935 1009 2205 1068 censura,
2237 994 2329 1068 qui

738 1068 1080 1123 existimabat
1111 1069 1253 1123 hunc
1271 1065 1532 1124 eumdem
1564 1084 1684 1124 esse
1715 1070 1935 1131 librum,
1971 1081 2092 1119 cum
2127 1065 2215 1118 illo
2241 1066 2331 1134 qui

741 1139 1048 1194 inscribitur
1093 1139 1447 1196 Exnonn'rto
1477 1157 1545 1195 AD
1584 1154 1934 1195 CASTI'I‘A’I‘EM.
1973 1138 2330 1196 I’rmterqnam

740 1211 883 1265 enim
910 1209 1050 1280 quod
1080 1210 1229 1266 illum
1252 1212 1544 1266 adolescens
1565 1213 1830 1280 scripsisse
1865 1209 2089 1271 dicitur,
2115 1217 2169 1262 et
2191 1209 2332 1261 hunc

739 1281 840 1353 sub
859 1280 1030 1353 tinem
1055 1283 1176 1337 vitae
1205 1285 1458 1353 scriptum
1489 1293 1731 1346 constet;
1778 1282 1935 1336 etiam
1964 1296 2026 1353 ei:
2060 1281 2334 1348 proposito

741 1351 975 1424 minime
1007 1361 1201 1408 tractat
1247 1350 1585 1409 de'molestiis
1624 1355 1936 1424 nuptiarum.
1979 1350 2178 1424 Neque
2208 1364 2335 1424 δἐτο

741 1422 901 1479 etiam
923 1422 1136 1482 illorum
1162 1425 1338 1497 placet
1361 1425 1624 1483 sententia
1647 1421 1737 1497 qui
1757 1424 1892 1480 duos
1911 1424 2152 1478 diversos
2169 1421 2334 1475 libros

2199 379 2240 434 Τ
2247 379 2659 440 EIITULLIANI

3889 369 4034 441 ΜΞᾶ

2357 525 2405 581 Α
2433 497 2745 581 Tlcrtuilinni
2785 498 2956 581 dictis
2975 499 3107 581 locis
3136 498 3313 581 videri
3345 500 3560 581 volunt,
3593 513 3714 581 eum
3740 508 4033 581 utrumque

2434 570 2652 645 disertis
2692 572 2867 645 verbis
2919 573 2980 626 Β.
3025 572 3246 628 Ilieron.
3303 575 3614 642 inscriptum
3665 575 4036 645 signiticetae

2435 642 2679 717 molestiis
2700 643 3018 717 nuptiarum.
3041 647 3196 717 Atqui
3222 661 3289 698 an
3312 645 3372 699 Β.
3392 642 3746 717 Hieronymus
3764 643 4042 717 adscribet

2435 711 2762 786 'l‘ertuiliano
2789 714 2951 768 etiam
2979 711 3140 779 alios,
3166 731 3394 786 quorum
3429 711 3670 771 meminit
3698 717 3764 771 de
3807 715 4013 784 Virgini
4026 742 4042 753 ο

2436 792 2535 856 tate
2559 783 2783 856 libellos,
2820 794 3027 854 poterat
3065 783 3306 841 fertassis
3342 787 3571 842 dubitari
3599 831 3611 848 .
3637 789 3786 856 juxta
3829 783 4045 856 priores

2437 854 2575 927 illius
2606 855 2906 915 editiones,
2941 859 2982 910 si
3037 858 3302 927 legeretur
3349 877 3361 913 :
3415 858 3552 926 legas
3607 854 3916 912 Tertullicni
3972 854 4042 906 ad

2437 926 2670 999 amicum
2701 929 3057 996 philosophum
3095 926 3106 927 ⁷⁷
3133 938 3176 981 et
3216 930 3279 982 de
3324 928 3622 999 Virginitate
3657 930 3786 982 alios
3815 927 4040 999 libellosi

2435 995 2594 1071 Certe
2627 997 3031 1071 ejursdeuupcnc
3070 1012 3194 1054 sunt
3219 995 3518 1071 argumcnli
3555 1001 3621 1052 ad
3661 999 3884 1054 Uxorem
3922 997 4045 1071 libri

2436 1066 2571 1127 duo,
2601 1083 2662 1122 ac
2689 1070 2827 1123 dicta
2867 1068 3175 1124 Exhortatio
3211 1066 3628 1136 ad'castitatem,
3658 1082 3713 1126 et
3750 1088 3854 1126 non
3892 1066 4044 1120 aliud

2436 1141 2792 1214 t_t'_actat_liber
2817 1139 2880 1193 de
2918 1139 3159 1214 Velandis
3200 1141 3518 1214 Virginibus;
3557 1142 3690 1197 alios
3729 1143 3957 1210 insuper
3986 1138 4048 1190 de

2449 1207 2780 1278 Virginitate,
2825 1212 3156 1266 continentia
3203 1222 3260 1268 ct
3287 1207 3537 1269 castitate
3581 1207 3864 1268 servanda'
3893 1214 4050 1264 locos

2437 1282 2916 1409 (‘BOIIthlttll'eSlaptld
2941 1283 3362 1350 Tcrtulliauum,
3394 1301 3461 1343 ex
3500 1283 3675 1342 indice
3716 1294 3909 1342 nostro
3961 1281 4050 1335 in-

2464 1367 2598 1407 'ente
2679 1369 2740 1409 ec
2767 1369 2848 1409 or.

2464 1367 2621 1407 τειιιθι
2660 1367 2848 1409 ιεεειοτ.

2082 1533 2144 1590 II.
2191 1533 2277 1589 DE
2308 1532 2490 1591 ΡΛΤο
2528 1532 2708 1589 LIBRI

1231 1677 1478 1722 meane
1518 1676 1599 1720 ET
1642 1670 2087 1719 FRAGMENTL’M
2131 1668 2218 1712 ex
2263 1667 2547 1712 EIUSDEM
2592 1668 2714 1712 un.
2762 1668 2845 1712 DE
2889 1669 3092 1714 ANIMA
3139 1651 3318 1734 (cap.
3362 1651 3483 1734 20)

1638 1801 1700 1861 et
1725 1793 2066 1876 Fulgentio
2095 1789 2416 1869 Placiade,
2463 1790 2535 1852 de
2579 1790 2849 1853 Vocibus
2877 1793 3197 1875 Antiquis.

813 1946 1110 2003 Potestates
1180 1945 1455 2000 enimvero
1530 1950 1785 2013 praesunt.
1862 1939 2162 1996 Secundum
2236 1952 2334 1994 nos
2362 1944 2410 2005 B
2439 1948 2492 1992 et
2522 1936 2738 2004 Fatum,
2766 1947 2819 1993 et
2859 1939 3182 2006 necessitas,
3213 1949 3269 1996 et
3298 1938 3526 2007 fortuna,
3559 1949 3613 1996 et
3642 1940 3842 1997 arbitrii
3879 1940 4052 1998 liber-

745 2037 990 2110 quidem,
1017 2036 1273 2093 Dominus
1307 2037 1474 2102 Deus,
1504 2043 1558 2092 et
1583 2033 1827 2090 diabolus
1856 2033 2107 2094 aemulus;
2143 2046 2333 2087 secun-

739 2131 869 2188 dum
910 2145 1247 2186 communem
1285 2137 1464 2185 autem
1507 2127 1814 2198 opinionem
1841 2167 1855 2191 ,
1882 2136 1936 2181 et
1962 2125 2323 2191 Providentia,

814 2246 1080 2300 Hactenus
1110 2253 1325 2308 auctor,
1368 2241 1520 2303 cujus
1567 2256 1688 2294 cum
1733 2240 1932 2294 nullum
1970 2248 2144 2293 exstet
2173 2254 2328 2306 opus,

742 2315 924 2371 tibide
967 2326 1195 2385 quatuor
1232 2314 1335 2367 illis
1390 2321 1642 2385 tractet,
1673 2312 1799 2385 mihi
1858 2325 2074 2380 prorsus
2125 2310 2332 2385 videtur

743 2379 1063 2442 alludere-ad
1092 2387 1283 2441 librum
1309 2398 1408 2440 suo
1434 2384 1585 2437 titulo
1612 2384 1674 2434 de
1705 2379 2060 2449 l’ato.’utpotc
2083 2396 2240 2448 quem
2267 2379 2332 2433 ab

738 2474 804 2512 eo
824 2458 1184 2524 conscriptum
1213 2465 1386 2526 pateat
1406 2469 1468 2526 es
1499 2451 2328 2526 (malignerFtilIgt'tIiIIPIiICItltiis,

734 2529 846 2598 jam
877 2530 1003 2582 olim
1030 2523 1224 2598 excusi
1255 2541 1375 2580 cum
1418 2524 1988 2598 ilyginiblythologiis
2035 2539 2128 2592 per
2171 2523 2332 2598 verba

740 2594 1020 2668 sequentia
1052 2617 1066 2653 :
1108 2619 1126 2649 tt
1161 2597 1294 2652 Nam
1336 2607 1390 2652 et
1419 2594 1779 2668 'Ifertullianus
1824 2597 1875 2648 in
1907 2595 2040 2668 libro
2079 2609 2237 2663 quem
2266 2594 2332 2668 de

739 2665 872 2725 Fato
896 2671 1140 2741 scripsit,
1169 2670 1241 2724 ita
1268 2668 1342 2723 ait
1369 2686 1383 2722 :
1423 2667 1599 2722 Redde
1627 2668 1742 2720 huic
1773 2669 1865 2737 [uti
1892 2667 2110 2743 primum
2119 2665 2333 2786 {noble-

739 2743 889 2786 mntis
916 2743 1292 2786 mancinnmm-
1320 2740 1372 2786 in
1400 2738 1526 2786 dict.
1561 2738 1830 2786 nroblema
1850 2778 1864 2786 .
1893 2737 1986 2786 lib.
2020 2735 2082 2786 de
2145 2734 2333 2786 'octbus

738 2743 889 2797 matis
916 2734 1293 2814 mancipatum,
1320 2740 1375 2795 in
1400 2738 1526 2794 dict.
1560 2734 1830 2808 problems
1850 2778 1864 2800 ,
1893 2737 1986 2789 lib.
2020 2735 2082 2788 de
2119 2734 2333 2788 Vocibus

2441 2041 2542 2086 tas.
2575 2031 2708 2086 Nam
2741 2031 2855 2085 tunc
2883 2041 2936 2085 et
2985 2031 3288 2103 philosophi
3324 2032 3691 2104 distinguunt,
3723 2040 3778 2088 et
3819 2048 3928 2088 nos
3961 2049 4048 2088 se-

2437 2124 2667 2179 cundum
2697 2123 2852 2180 ﬁdem
2876 2125 3206 2189 dI>SCPCﬂdﬂ,
3231 2141 3326 2180 suo
3347 2124 3457 2194 jam
3485 2125 3728 2180 novimus
3749 2125 3935 2179 titulo.

2436 2240 2693 2308 Antiquis.
2732 2259 2749 2291 ι
2813 2238 2889 2292 De
2932 2238 3060 2292 Fato
3107 2251 3365 2304 prmterea
3417 2240 3514 2292 sub
3570 2242 3783 2296 nomine
3825 2239 4046 2295 Minutii

2438 2309 2629 2363 FCIICiS
2657 2311 3053 2374 oliiu,extitisse
3084 2311 3307 2363 libellum
3335 2311 3492 2364 tradit
3525 2309 3583 2364 Β.
3611 2311 4042 2374 llicron.,C«:nl.

2437 2383 2634 2448 scripsit
2663 2380 2892 2454 δαείω..
2919 2383 3029 2454 sive
3056 2394 3232 2454 contra
3264 2380 3684 2445 Mathematicus;
3709 2384 3796 2454 qui
3827 2393 4044 2448 tamen,

2436 2467 2555 2526 cum
2583 2467 2633 2526 et
2660 2453 2780 2526 ipse
2802 2452 2986 2526 diserti
3014 2453 3079 2504 sit
3105 2451 3352 2526 hominis,
3381 2468 3484 2526 n_on
3512 2451 3864 2508 videtnr'cum
3898 2456 4044 2526 style

2436 2524 2637 2577 Octavii
2670 2523 2870 2594 Diaitigi
2903 2525 3022 2589 ejus
3049 2524 3355 2578 convenire.
3389 2523 3655 2580 Fortassis
3686 2527 3728 2578 is
3756 2526 3877 2594 ipse
3906 2523 4047 2580 liber

2437 2605 2518 2647 est
2549 2610 2709 2676 quem
2746 2593 3081 2676 Tertulliano
3127 2594 3628 2676 hic-adscribimus,
3665 2605 3843 2665 utpote
3874 2612 4045 2676 quem

2441 2680 2544 2718 non
2591 2665 2748 2720 modo
2799 2665 3092 2730 disertum,
3136 2665 3233 2720 sed
3289 2665 3781 2736 eloquentissimum
3830 2665 4045 2724 alicubi

2441 2747 2730 2805 nuncupat.

1416 2851 1504 2910 III.
1536 2852 1628 2908 DE
1667 2850 1918 2909 MUNDIS
1943 2851 2030 2906 ET
2072 2847 2400 2906 IMIIL'NDIS
2428 2849 2846 2908 ANIMALIBUS
2886 2849 3354 2920 QUAZSTIONUM

1457 2988 1716 3034 emno
1761 2988 1846 3032 ex
1891 2988 1948 3030 Β.
1997 2984 2359 3030 ειειιοκγω
2404 2985 2605 3030 EPIST.
2657 2967 2797 3042 125,
2843 2988 2928 3030 an
2973 2986 3307 3031 mussans.

812 3097 1014 3168 Quaerit
1100 3095 1361 3152 Damasus
1444 3095 1585 3150 inter
1669 3101 1892 3149 eteteras
1963 3092 2285 3163 qumstioues
2316 3134 2331 3161 ,

740 3201 920 3262 quam.
944 3188 1012 3245 III
1039 3205 1052 3242 :
1084 3208 1102 3241 ι
1123 3187 1177 3244 Si
1209 3186 1386 3242 omnia
1410 3185 1552 3241 Deus
1576 3185 1701 3240 fecit
1728 3186 1863 3240 bona
1889 3184 2040 3239 valde
2064 3182 2239 3256 (Gen.,
2267 3182 2331 3252 l),

741 3297 907 3352 quare
937 3279 1052 3336 Noe
1080 3281 1145 3335 de
1170 3279 1373 3334 mundis
1401 3289 1449 3333 et
1486 3279 1762 3332 immundis
1794 3276 2100 3330 animalibus
2131 3289 2335 3344 prince-

2440 3089 2500 3145 B.
2530 3090 2748 3145 Hieron.
2787 3106 2846 3146 se
2886 3091 3100 3158 scribit,
3129 3091 3337 3148 duabus
3382 3098 3584 3147 tantum
3627 3093 4045 3164 quaestiunculis

2439 3183 2816 3252 praetermissis
2855 3185 3072 3254 (nempe
3119 3184 3216 3238 hac
3259 3194 3313 3238 et
3351 3199 3411 3238 ea
3446 3183 3515 3240 de
3543 3199 3646 3254 qua
3685 3185 3740 3240 in
3783 3187 4047 3256 sequenti

2439 3273 2758 3348 fragmento)
2796 3294 2808 3329 :
2844 3296 2862 3328 ‹
2898 3275 3045 3342 Non,
3073 3277 3270 3348 inquit,
3304 3293 3410 3348 quo
3457 3293 3562 3332 non
3593 3279 3856 3348 potuerim
3889 3291 3949 3335 et
3979 3282 4048 3335 ad

744 3377 819 3447 pit
850 3373 1024 3445 (Gem,
1055 3371 1192 3442 VIII)
1225 3416 1241 3438 ,
1269 3388 1390 3428 eum
1431 3371 1761 3425 immundum
1802 3369 1934 3422 nihil
1977 3370 2174 3424 bonum
2214 3381 2334 3422 esse
2359 3406 2404 3470 C
2440 3371 2560 3426 illas
2585 3371 2784 3442 aliquid
2814 3371 3161 3442 respondere,
3190 3371 3284 3427 sed
3312 3372 3452 3443 quod
3488 3372 3557 3427 ab
3583 3373 4049 3444 eloquentissimis

743 3466 931 3535 possit.
986 3465 1051 3519 Et
1099 3464 1151 3518 in
1190 3463 1338 3518 Novo
1367 3462 1711 3518 Testamento
1746 3470 1867 3531 post
1911 3461 2172 3514 visionem
2214 3474 2333 3529 qua:

741 3557 902 3615 Petro
929 3555 1104 3612 fuerat
1127 3566 1342 3612 ostensa
1369 3597 1385 3623 ,
1411 3553 1610 3610 dicenti
1635 3571 1656 3608 .:
1686 3552 1826 3608 Absit
1851 3594 1864 3618 ,
1895 3551 2109 3606 Domine
2131 3594 2144 3616 ,
2172 3569 2203 3604 a
2235 3567 2331 3617 me,

740 3653 979 3722 quoniam
1009 3666 1273 3705 commune
1299 3660 1347 3704 et
1379 3649 1699 3703 immundum
1735 3663 2007 3716 numquam
2036 3647 2257 3700 introivit
2281 3647 2334 3699 in

742 3760 799 3799 os
823 3759 1018 3808 meum;
1065 3757 1172 3798 vox
1206 3741 1274 3798 de
1309 3742 1448 3797 cmlo
1487 3738 1800 3810 reSponulit:
1837 3738 1986 3804 Quod
2016 3736 2153 3793 Deus
2185 3755 2334 3793 mun-

741 3838 909 3904 davit,
939 3848 994 3892 tu
1021 3852 1085 3891 ne
1113 3850 1373 3892 commune
1400 3833 1590 3889 dixeris
1618 3831 1782 3905 (Act,
1814 3829 1910 3902 X).
1935 3850 1953 3882 ›
1989 3828 2336 3900 Βεειιοηάθτθ

815 3957 898 4010 An
931 3952 1072 4008 istud
1107 3951 1370 4007 referatur
1405 3948 1473 4004 ad
1515 3947 1836 4019 peculiarem
1873 3945 2106 4017 aliquem
2141 3945 2334 4019 librum

741 4026 859 4096 ejus
889 4025 1060 4091 tituli,
1098 4022 1239 4096 quod
1266 4023 1435 4091 magis
1485 4017 1663 4096 tamen
1693 4019 1945 4096 probatur
1972 4033 2091 4096 ,_an
2120 4033 2243 4096 vero
2267 4017 2335 4096 ad

745 4087 1132 4152 tractatum'ea'
1179 4093 1248 4150 de
1293 4087 1487 4162 re'per
1520 4089 1960 4162 (aliquotalineas
1997 4087 2332 4162 Tertulliani,

745 4169 778 4222 I.
817 4168 878 4235 ll,
906 4169 1023 4222 adv.
1057 4164 1222 4220 Marc.
1251 4206 1265 4229 ,
1293 4179 1341 4218 c.
1371 4159 1441 4219 {8
1467 4159 1704 4235 ,_|_ectori
1732 4160 1954 4235 liberum
1985 4159 2336 4235 relinquimus

738 4231 1020 4309 judicium.
1044 4237 1141 4309 llic
1162 4232 1751 4309 dumtasatadferemus
1771 4232 1946 4309 ipsam
1974 4231 2336 4309 responsionis

743 4299 1004 4364 summam
1030 4309 1082 4364 in
1106 4308 1222 4362 huic
1245 4307 1406 4362 verba
1432 4321 1445 4358 :
1475 4303 1541 4356 Et
1563 4305 1605 4358 si
1627 4307 1708 4357 lex
1728 4299 1926 4370 aliquid
1947 4299 2068 4353 cibis
2094 4301 2334 4366 detrahit,

741 4392 789 4436 et
815 4380 1076 4436 immunda
1109 4379 1404 4451 pronuntiat
1435 4376 1708 4443 animalia,
1741 4387 1856 4445 qua:
1881 4372 2155 4441 aliquando
2187 4373 2334 4425 bene-

2437 3467 2587 3532 viris,
2618 3466 2946 3521 Tertulliano
2974 3476 3159 3522 nostro
3183 3475 3238 3522 et
3262 3465 3556 3522 Novatiano
3593 3467 3756 3523 latino
3777 3483 4049 3524 sermone

2436 3568 2562 3613 sunt
2591 3558 2777 3624 edita};
2817 3570 2868 3615 et
2906 3559 2953 3614 si
2993 3574 3130 3614 nova
3155 3559 3484 3615 voluerimus
3511 3558 3750 3626 adferre,
3779 3560 3856 3614 sit
3883 3562 4049 3617 latius

2438 3650 2838 3721 disputandum,
2873 3660 2978 3706 etc.
3031 3649 3164 3705 Nam
3212 3660 3267 3706 et
3313 3650 3567 3721 Origenes
3605 3651 3673 3707 de
3715 3654 3944 3710 mundis
3995 3665 4048 3710 ct

2438 3741 2728 3797 immundis
2752 3741 3073 3799 animalibus
3101 3744 3156 3798 in
3182 3742 3419 3799 Levitico
3446 3743 3596 3815 plura
3620 3742 3902 3800 disseruit.
3943 3764 3965 3797 ›

2445 3947 2579 4000 dicta
2604 3955 2758 4020 sunt,
2791 3946 3061 4001 consilium
3107 3946 3748 4020 exercendtecontinentite
3780 3946 4043 4020 intellige,

2444 4029 2488 4071 et
2531 4021 2700 4089 frenos
2738 4019 3000 4083 impositos
3020 4061 3033 4082 ,
3064 4027 3169 4074 etc.
3221 4018 3373 4086 Quod
3406 4019 3575 4086 ipsum
3605 4033 3722 4072 cum
3752 4018 4043 4086 aﬂ‘eratisr,

2440 4089 2535 4142 sed
2562 4090 2716 4159 longe
2746 4090 2866 4144 aliis
2897 4090 3072 4143 verbis
3100 4091 3234 4144 libro
3263 4091 3325 4143 de
3346 4089 3478 4143 Cibis
3507 4089 3730 4159 judaicis
3753 4131 3767 4153 ,
3789 4093 3882 4145 vel
3919 4092 4045 4146 inde

2440 4169 2668 4230 constat,
2693 4160 2845 4215 sicuti
2871 4169 2926 4215 et
2944 4177 3006 4213 ex
3037 4160 3242 4230 reliquo
3266 4162 3426 4214 totius
3449 4161 3566 4214 libri
3596 4160 3754 4230 style,
3777 4176 3895 4214 non
3919 4176 4045 4216 esse

2441 4229 2753 4285 Tertulliani
2783 4272 2798 4296 ,
2841 4231 2934 4286 sed
2966 4229 3453 4301 potins’Novatiani
3477 4272 3491 4296 ,
3524 4229 3703 4302 utpote
3749 4231 3818 4285 ad
3878 4248 4043 4302 quem

2435 4302 2546 4374 jam
2593 4302 2752 4374 dictis
2801 4303 2978 4356 verbis
3007 4303 3262 4359 adludere
3302 4302 3512 4358 videtur
3555 4301 3618 4358 Β.
3648 4301 4039 4374 HierOIiyinus.

2445 4371 2540 4428 Ubi
2567 4374 2633 4427 de
2663 4373 2761 4428 hac
2785 4373 3005 4427 materia
3034 4373 3208 4430 latius.

1737 4487 1825 4544 IV.
1871 4486 1958 4543 DE
1997 4483 2522 4542 CIRCUMCISIONE
2552 4486 3022 4555 QUIESTIONUM

1819 4617 2099 4676 CITATIO,
2146 4618 2366 4662 EODEM
2396 4619 2456 4662 Β.
2490 4618 2757 4664 HIERON.
2805 4619 2988 4664 LOCO.

815 4745 897 4802 Ad
925 4740 1275 4814 quzestionem
1305 4734 1520 4794 Damasi
1541 4729 1890 4806 penultimam
1925 4746 1937 4782 :
1973 4747 1991 4780 ‹
2025 4726 2134 4782 Cur
2161 4725 2332 4782 Abra-
2353 4727 2408 4789 D
2434 4723 2574 4796 quod
2605 4739 2635 4779 a
2660 4723 2993 4783 Tertulliano
3045 4733 3232 4781 nostro
3278 4733 3333 4781 et
3384 4724 3682 4783 Novatiano
3723 4723 3906 4784 latino
3932 4741 4044 4784 scr-

743 4841 868 4896 liam
921 4835 1042 4892 Ildei
1091 4848 1202 4890 suae
1255 4831 1465 4902 signum
1536 4827 1590 4882 in
1643 4820 2051 4881 circumcisione
2099 4817 2335 4886 suscepit

745 4933 897 5007 (Gen.
930 4972 946 4998 ,
999 4927 1204 4999 XVII),
1259 4921 1548 4996 respondet
1596 4919 1658 4975 Β.
1713 4917 1931 4973 Hieron.
1997 4913 2176 5007 verbis
2221 4912 2330 4982 jam

742 5005 918 5081 citatis
968 5021 1133 5076 altera
1185 5014 1511 5090 praecedenti
1568 5027 1627 5069 se
1691 5011 1836 5065 illam
1898 5005 2329 5079 praetermittere,

813 5139 897 5195 An
939 5135 1276 5208 peculiariter
1321 5128 1598 5201 scripserit
1622 5125 1980 5208 Tertulliamis
2013 5122 2218 5208 iibrum
2267 5120 2331 5208 de

741 5192 1150 5271 Circumcisione,
1181 5219 1288 5280 non
1334 5192 1450 5280 tarn:
1482 5207 1875 5280 constata'tque
1919 5195 1988 5278 de
2013 5192 2328 5280 Naiaiiano,

739 5265 841 5339 cui
879 5265 1191 5337 nominatim
1236 5275 1368 5346 liber
1400 5274 1480 5346 (de
1506 5265 1904 5346 (iircumcisione
1941 5265 2248 5346 inscribitur
2284 5278 2331 5344 .a

741 5337 1056 5410 D.Hieron.
1088 5346 1254 5402 Catal.
1289 5345 1482 5415 Script.
1514 5341 1725 5415 Eccles._
1747 5339 1908 5408 Atqui
1936 5338 2099 5390 etiam
2130 5337 2330 5415 latissi-

742 5404 1205 5480 iuuit—intractatum
1232 5404 1420 5473 videre
1457 5425 1541 5470 est
1588 5411 1728 5482 apud
1773 5404 2078 5482 auctorem,
2123 5404 2324 5482 tom_.__l,

741 5476 1122 5556 ἱίῖιᾶυξέιιιίάς,
1163 5506 1213 5546 c.
1243 5491 1292 5544 5.
1331 5487 1517 5542 Exstat
1541 5476 1915 5556 quidemhtom.
1950 5478 2038 5556 l_V_,
2072 5493 2211 5535 nunc
2232 5476 2324 5532 IX.

739 5567 976 5640 Operum
1003 5565 1065 5621 Β.
1095 5553 1312 5618 Hieron.
1341 5559 1476 5616 liber
1499 5553 1701 5612 de'vera
1726 5553 2134 5618 Circumcisioue,
2167 5564 2326 5621 quem

2433 4835 2593 4874 mone
2641 4819 2748 4873 sint
2791 4817 2968 4875 editae.
3022 4818 3238 4876 Addens
3266 4820 3428 4876 etiam
3455 4820 3737 4892 Origenem
3765 4820 3828 4876 in
3865 4822 3937 4877 IV
3976 4823 4041 4877 ad

2439 4913 2594 4968 Rom.
2619 4918 2875 4981 ἐξηγήσεων
2894 4917 3037 4984 Τὸμῳ
3057 4913 3120 4969 de
3137 4912 3526 4971 Circumcisione
3545 4915 3832 4987 magniﬁce
3854 4917 4042 4990 dispu-

2441 5013 2602 5063 tassc.

2436 5121 2693 5194 Erasmus
2740 5121 2957 5194 conjieit
2985 5137 3105 5182 esse
3134 5122 3482 5188 Tertulliani;
3515 5121 3630 5188 sed,
3660 5129 4037 5193 praeterquam

2434 5193 2574 5266 quod
2600 5194 2771 5265 stylus
2799 5209 2905 5266 non
2937 5195 3353 5266 correspoudeat
3380 5237 3394 5259 ,
3427 5193 3754 5266 contrarium
3804 5197 4040 5249 convin-

2432 5264 2570 5335 citur
2591 5264 2700 5318 tuin
2725 5280 2790 5319 es
2813 5265 3102 5333 Scripturis
3123 5264 3321 5322 ibidem
3350 5265 3528 5321 citatis
3546 5265 3696 5335 juxta
3721 5267 4041 5321 versionem

2435 5334 2493 5406 Β.
2548 5335 2808 5399 Ilierou.,
2861 5345 2971 5390 tum
3021 5339 3164 5406 ρυοά
3229 5334 3638 5392 Maniclneorum
3695 5339 4039 5392 mentionem

2432 5405 2620 5479 faciat;
2652 5422 2758 5476 quo
2781 5407 2844 5479 Iit
2894 5418 2950 5461 ut
3002 5405 3176 5479 neque
3223 5409 3517 5479 Novatiano
3559 5406 3796 5462 adscribi
3843 5409 4039 5479 possit,

2437 5478 2740 5550 scdrpOIius
2769 5477 2933 5550 (quod
2969 5479 3046 5533 vir
3073 5477 3286 5548 quidam
3329 5478 3728 5536 eruditissimus
3800 5477 4039 5546 censuit)

2431 5547 2654 5604 Paulino
2675 5547 3058 5606 adscribendos
3083 5547 3170 5607 Sit.

1896 5667 1960 5723 ν.
2005 5665 2093 5722 DE
2134 5663 2465 5722 VESTIBUS
2491 5663 2726 5722 AARON
2767 5663 2953 5721 LIBRI

1103 5806 1344 5855 ΠΕΝΤιο
1385 5805 1472 5850 ex
1513 5805 1575 5848 Β.
1624 5804 1798 5846 mea.
1829 5798 2026 5844 EPIST.
2075 5777 2215 5852 128,
2261 5796 2344 5840 AD
2374 5794 2700 5840 “meum
2733 5821 2751 5854 ,
2800 5797 2883 5840 ne
2929 5795 3129 5843 VESTE
3161 5794 3619 5842 SACERDOTALI.

821 5916 1009 5978 Fertur
1024 5914 1078 5978 in
1098 5913 1272 5975 iudice
1289 5910 1534 5988 Septimii
1553 5905 1864 5968 Tertulliani
1885 5903 2018 5962 liber
2040 5901 2101 5958 de
2117 5900 2330 5958 vestibus

2433 5901 2624 5968 Aaron,
2658 5899 2747 5971 qui
2772 5899 2988 5959 interim
3012 5914 3183 5975 usque
3213 5900 3281 5959 ad
3307 5900 3445 5960 hanc
3469 5898 3614 5957 diem
3641 5911 3677 5956 a
3703 5911 3796 5960 me
3827 5913 3940 5960 non
3965 5909 4044 5961 est
