  <div class='ocr_page' id='page_1' title='image "/cluster/home/n/w/nwhite01/storage/ocr_20150623/2/hvd.32044015466741/630.png"; bbox 0 0 4202 6496; ppageno 0'>
   <div class='ocr_carea' id='block_1_1' title="bbox 150 394 295 450">
    <p class='ocr_par' dir='ltr' id='par_1_1' title="bbox 150 394 295 450">
     <span class='ocr_line' id='line_1_1' title="bbox 150 394 295 450; baseline 0.007 -1"><span class='ocrx_word' id='word_1_1' title='bbox 150 394 295 450; x_wconf 72' lang='lat'><strong>“25</strong></span> 
     </span>
    </p>
   </div>
   <div class='ocr_carea' id='block_1_2' title="bbox 1427 405 2089 479">
    <p class='ocr_par' dir='ltr' id='par_1_2' title="bbox 1427 405 2089 479">
     <span class='ocr_line' id='line_1_2' title="bbox 1427 405 2089 479; baseline 0.012 -19"><span class='ocrx_word' id='word_1_2' title='bbox 1427 405 1765 465; x_wconf 72' lang='lat' dir='ltr'><strong>APPENDIX</strong></span> <span class='ocrx_word' id='word_1_3' title='bbox 1787 409 2089 479; x_wconf 77' lang='lat' dir='ltr'><strong>QUARTA.</strong></span> 
     </span>
    </p>
   </div>
   <div class='ocr_carea' id='block_1_3' title="bbox 3313 433 3445 491">
    <p class='ocr_par' dir='ltr' id='par_1_3' title="bbox 3313 433 3445 491">
     <span class='ocr_line' id='line_1_3' title="bbox 3313 433 3445 491; baseline 0.015 -2"><span class='ocrx_word' id='word_1_4' title='bbox 3313 433 3445 491; x_wconf 64' lang='lat'><strong>“96</strong></span> 
     </span>
    </p>
   </div>
   <div class='ocr_carea' id='block_1_4' title="bbox 146 509 3445 616">
    <p class='ocr_par' dir='ltr' id='par_1_4' title="bbox 146 509 3445 616">
     <span class='ocr_line' id='line_1_4' title="bbox 146 509 3445 616; baseline 0.013 -53"><span class='ocrx_word' id='word_1_5' title='bbox 146 518 418 579; x_wconf 79' lang='lat' dir='ltr'><strong>repertus.</strong></span> <span class='ocrx_word' id='word_1_6' title='bbox 445 509 500 568; x_wconf 90' lang='lat' dir='ltr'><strong>Si</strong></span> <span class='ocrx_word' id='word_1_7' title='bbox 524 521 554 567; x_wconf 87' lang='lat' dir='ltr'><strong>a</strong></span> <span class='ocrx_word' id='word_1_8' title='bbox 577 511 729 569; x_wconf 83' lang='lat' dir='ltr'><strong>vobis</strong></span> <span class='ocrx_word' id='word_1_9' title='bbox 755 519 974 586; x_wconf 79' lang='lat' dir='ltr'><strong>propter</strong></span> <span class='ocrx_word' id='word_1_10' title='bbox 995 514 1364 574; x_wconf 74' lang='lat' dir='ltr'><strong>celebritatem</strong></span> <span class='ocrx_word' id='word_1_11' title='bbox 1397 518 1556 576; x_wconf 86' lang='lat' dir='ltr'><strong>Urbis</strong></span> <span class='ocrx_word' id='word_1_12' title='bbox 1587 523 1748 580; x_wconf 78' lang='lat' dir='ltr'><strong>fuerit</strong></span> <span class='ocrx_word' id='word_1_13' title='bbox 1773 532 1826 591; x_wconf 80' lang='grc' dir='ltr'><strong>Α</strong></span> <span class='ocrx_word' id='word_1_14' title='bbox 1852 529 2068 596; x_wconf 85' lang='lat' dir='ltr'><strong>paretis.</strong></span> <span class='ocrx_word' id='word_1_15' title='bbox 2116 526 2232 583; x_wconf 87' lang='lat' dir='ltr'><strong>Non</strong></span> <span class='ocrx_word' id='word_1_16' title='bbox 2267 529 2408 586; x_wconf 87' lang='lat' dir='ltr'><strong>enim</strong></span> <span class='ocrx_word' id='word_1_17' title='bbox 2439 545 2750 606; x_wconf 86' lang='lat' dir='ltr'><strong>magnorum</strong></span> <span class='ocrx_word' id='word_1_18' title='bbox 2781 536 3021 597; x_wconf 89' lang='lat' dir='ltr'><strong>virorum</strong></span> <span class='ocrx_word' id='word_1_19' title='bbox 3052 541 3280 616; x_wconf 73' lang='lat' dir='ltr'><strong>ingeniis</strong></span> <span class='ocrx_word' id='word_1_20' title='bbox 3306 587 3320 613; x_wconf 91' lang='lat'><strong>,</strong></span> <span class='ocrx_word' id='word_1_21' title='bbox 3352 549 3445 605; x_wconf 89' lang='lat' dir='ltr'><strong>sed</strong></span> 
     </span>
    </p>
   </div>
   <div class='ocr_carea' id='block_1_5' title="bbox 151 601 1745 674">
    <p class='ocr_par' dir='ltr' id='par_1_5' title="bbox 151 601 1745 674">
     <span class='ocr_line' id='line_1_5' title="bbox 151 601 1745 674; baseline 0.011 -20"><span class='ocrx_word' id='word_1_22' title='bbox 151 601 426 669; x_wconf 78' lang='lat' dir='ltr'><strong>inventus,</strong></span> <span class='ocrx_word' id='word_1_23' title='bbox 450 617 633 674; x_wconf 79' lang='lat' dir='ltr'><strong>quceso</strong></span> <span class='ocrx_word' id='word_1_24' title='bbox 662 621 730 662; x_wconf 91' lang='lat' dir='ltr'><strong>ne</strong></span> <span class='ocrx_word' id='word_1_25' title='bbox 751 622 924 664; x_wconf 91' lang='lat' dir='ltr'><strong>meam</strong></span> <span class='ocrx_word' id='word_1_26' title='bbox 953 609 1148 665; x_wconf 78' lang='lat' dir='ltr'><strong>stillam</strong></span> <span class='ocrx_word' id='word_1_27' title='bbox 1175 611 1315 668; x_wconf 91' lang='lat' dir='ltr'><strong>illius</strong></span> <span class='ocrx_word' id='word_1_28' title='bbox 1342 611 1574 670; x_wconf 89' lang='lat' dir='ltr'><strong>ﬂuminis</strong></span> <span class='ocrx_word' id='word_1_29' title='bbox 1600 631 1745 671; x_wconf 87' lang='lat' dir='ltr'><strong>com-</strong></span> 
     </span>
    </p>
   </div>
   <div class='ocr_carea' id='block_1_6' title="bbox 233 721 1749 796">
    <p class='ocr_par' dir='ltr' id='par_1_6' title="bbox 233 721 1749 796">
     <span class='ocr_line' id='line_1_6' title="bbox 233 721 1749 796; baseline 0.01 -23"><span class='ocrx_word' id='word_1_30' title='bbox 233 721 407 778; x_wconf 77' lang='lat' dir='ltr'><strong>Vestes</strong></span> <span class='ocrx_word' id='word_1_31' title='bbox 445 723 661 796; x_wconf 69' lang='lat' dir='ltr'><strong>Aarom‘s</strong></span> <span class='ocrx_word' id='word_1_32' title='bbox 690 735 802 781; x_wconf 86' lang='lat' dir='ltr'><strong>octo</strong></span> <span class='ocrx_word' id='word_1_33' title='bbox 828 742 893 782; x_wconf 81' lang='lat' dir='ltr'><strong>ex</strong></span> <span class='ocrx_word' id='word_1_34' title='bbox 921 742 1040 796; x_wconf 88' lang='lat' dir='ltr'><strong>cap.</strong></span> <span class='ocrx_word' id='word_1_35' title='bbox 1073 727 1286 784; x_wconf 79' lang='lat' dir='ltr'><strong>XXVIII</strong></span> <span class='ocrx_word' id='word_1_36' title='bbox 1317 729 1487 785; x_wconf 81' lang='lat' dir='ltr'><strong>Exod.</strong></span> <span class='ocrx_word' id='word_1_37' title='bbox 1519 733 1749 788; x_wconf 88' lang='lat' dir='ltr'><strong>recitan-</strong></span> 
     </span>
    </p>
   </div>
   <div class='ocr_carea' id='block_1_7' title="bbox 147 795 1748 872">
    <p class='ocr_par' dir='ltr' id='par_1_7' title="bbox 147 795 1748 872">
     <span class='ocr_line' id='line_1_7' title="bbox 147 795 1748 872; baseline 0.007 -28"><span class='ocrx_word' id='word_1_38' title='bbox 147 803 260 872; x_wconf 82' lang='lat' dir='ltr'><strong>tur,</strong></span> <span class='ocrx_word' id='word_1_39' title='bbox 275 805 343 872; x_wconf 76' lang='lat' dir='ltr'><strong>_et</strong></span> <span class='ocrx_word' id='word_1_40' title='bbox 367 795 702 872; x_wconf 82' lang='lat' dir='ltr'><strong>explicantur</strong></span> <span class='ocrx_word' id='word_1_41' title='bbox 733 795 1044 872; x_wconf 80' lang='lat' dir='ltr'><strong>latissimea</strong></span> <span class='ocrx_word' id='word_1_42' title='bbox 1075 800 1134 854; x_wconf 90' lang='grc' dir='ltr'><strong>Β.</strong></span> <span class='ocrx_word' id='word_1_43' title='bbox 1159 800 1384 857; x_wconf 82' lang='lat' dir='ltr'><strong>Hieron.</strong></span> <span class='ocrx_word' id='word_1_44' title='bbox 1407 802 1548 857; x_wconf 89' lang='lat' dir='ltr'><strong>dicta</strong></span> <span class='ocrx_word' id='word_1_45' title='bbox 1578 804 1748 872; x_wconf 81' lang='lat' dir='ltr'><strong>Epist.</strong></span> 
     </span>
    </p>
   </div>
   <div class='ocr_carea' id='block_1_8' title="bbox 145 863 1748 954">
    <p class='ocr_par' dir='ltr' id='par_1_8' title="bbox 145 863 1748 954">
     <span class='ocr_line' id='line_1_8' title="bbox 145 863 1748 954; baseline 0.007 -37"><span class='ocrx_word' id='word_1_46' title='bbox 145 865 213 918; x_wconf 86' lang='lat' dir='ltr'><strong>de</strong></span> <span class='ocrx_word' id='word_1_47' title='bbox 275 863 820 954; x_wconf 41' lang='lat' dir='ltr'><strong>Veste&#39;sacerdotalii</strong></span> <span class='ocrx_word' id='word_1_48' title='bbox 865 886 1089 954; x_wconf 75' lang='lat' dir='ltr'><strong>quarum</strong></span> <span class='ocrx_word' id='word_1_49' title='bbox 1163 881 1448 954; x_wconf 33' lang='lat' dir='ltr'><strong>quatuor,‘</strong></span> <span class='ocrx_word' id='word_1_50' title='bbox 1481 863 1748 936; x_wconf 80' lang='lat' dir='ltr'><strong>feminalia</strong></span> 
     </span>
    </p>
   </div>
   <div class='ocr_carea' id='block_1_9' title="bbox 145 935 1746 1011">
    <p class='ocr_par' dir='ltr' id='par_1_9' title="bbox 145 935 1746 1011">
     <span class='ocr_line' id='line_1_9' title="bbox 145 935 1746 1011; baseline 0.006 -21"><span class='ocrx_word' id='word_1_51' title='bbox 145 951 368 1008; x_wconf 86' lang='lat' dir='ltr'><strong>nempe,</strong></span> <span class='ocrx_word' id='word_1_52' title='bbox 399 935 535 995; x_wconf 88' lang='lat' dir='ltr'><strong>linea</strong></span> <span class='ocrx_word' id='word_1_53' title='bbox 564 941 741 997; x_wconf 87' lang='lat' dir='ltr'><strong>tunica</strong></span> <span class='ocrx_word' id='word_1_54' title='bbox 762 983 778 1011; x_wconf 92' lang='lat'><strong>,</strong></span> <span class='ocrx_word' id='word_1_55' title='bbox 807 935 1051 999; x_wconf 86' lang='lat' dir='ltr'><strong>baltbcus</strong></span> <span class='ocrx_word' id='word_1_56' title='bbox 1075 953 1128 1000; x_wconf 90' lang='lat' dir='ltr'><strong>et</strong></span> <span class='ocrx_word' id='word_1_57' title='bbox 1151 935 1349 1001; x_wconf 87' lang='lat' dir='ltr'><strong>cidaris</strong></span> <span class='ocrx_word' id='word_1_58' title='bbox 1377 935 1536 1002; x_wconf 86' lang='lat' dir='ltr'><strong>etiam</strong></span> <span class='ocrx_word' id='word_1_59' title='bbox 1563 935 1746 1002; x_wconf 54' lang='lat' dir='ltr'><strong>sacer;</strong></span> 
     </span>
    </p>
   </div>
   <div class='ocr_carea' id='block_1_10' title="bbox 1858 621 2766 686">
    <p class='ocr_par' dir='ltr' id='par_1_10' title="bbox 1858 621 2766 686">
     <span class='ocr_line' id='line_1_10' title="bbox 1858 621 2766 686; baseline 0.014 -13"><span class='ocrx_word' id='word_1_60' title='bbox 1858 621 1992 675; x_wconf 86' lang='lat' dir='ltr'><strong>meis</strong></span> <span class='ocrx_word' id='word_1_61' title='bbox 2023 636 2138 675; x_wconf 89' lang='lat' dir='ltr'><strong>sum</strong></span> <span class='ocrx_word' id='word_1_62' title='bbox 2169 623 2371 680; x_wconf 88' lang='lat' dir='ltr'><strong>viribus</strong></span> <span class='ocrx_word' id='word_1_63' title='bbox 2400 629 2766 686; x_wconf 65' lang='lat' dir='ltr'><strong>aestimandus.</strong></span> 
     </span>
    </p>
   </div>
   <div class='ocr_carea' id='block_1_11' title="bbox 1857 735 3446 825">
    <p class='ocr_par' dir='ltr' id='par_1_11' title="bbox 1857 735 3446 825">
     <span class='ocr_line' id='line_1_11' title="bbox 1857 735 3446 825; baseline 0.008 -36"><span class='ocrx_word' id='word_1_64' title='bbox 1857 735 2068 825; x_wconf 59' lang='lat' dir='ltr'><strong>dotibus</strong></span> <span class='ocrx_word' id='word_1_65' title='bbox 2093 748 2247 793; x_wconf 86' lang='lat' dir='ltr'><strong>erant</strong></span> <span class='ocrx_word' id='word_1_66' title='bbox 2277 753 2589 825; x_wconf 82' lang='lat' dir='ltr'><strong>communes</strong></span> <span class='ocrx_word' id='word_1_67' title='bbox 2612 746 2875 825; x_wconf 79' lang='lat' dir='ltr'><strong>;_rel_iquac</strong></span> <span class='ocrx_word' id='word_1_68' title='bbox 2899 765 3026 825; x_wconf 88' lang='lat' dir='ltr'><strong>vero</strong></span> <span class='ocrx_word' id='word_1_69' title='bbox 3054 754 3282 825; x_wconf 65' lang='lat' dir='ltr'><strong>propria)</strong></span> <span class='ocrx_word' id='word_1_70' title='bbox 3310 755 3446 814; x_wconf 74' lang='grc' dir='ltr'><strong>Ροη-</strong></span> 
     </span>
    </p>
   </div>
   <div class='ocr_carea' id='block_1_12' title="bbox 1856 807 3447 885">
    <p class='ocr_par' dir='ltr' id='par_1_12' title="bbox 1856 807 3447 885">
     <span class='ocr_line' id='line_1_12' title="bbox 1856 807 3447 885; baseline 0.016 -26"><span class='ocrx_word' id='word_1_71' title='bbox 1856 807 2055 885; x_wconf 79' lang='lat' dir='ltr'><strong>tiﬁcum</strong></span> <span class='ocrx_word' id='word_1_72' title='bbox 2077 821 2305 885; x_wconf 82' lang='lat' dir='ltr'><strong>,__utp0te</strong></span> <span class='ocrx_word' id='word_1_73' title='bbox 2324 855 2339 878; x_wconf 93' lang='lat'><strong>,</strong></span> <span class='ocrx_word' id='word_1_74' title='bbox 2379 817 2551 870; x_wconf 86' lang='lat' dir='ltr'><strong>tunica</strong></span> <span class='ocrx_word' id='word_1_75' title='bbox 2585 807 2785 874; x_wconf 57' lang='lat' dir='ltr'><strong>talaris&#39;</strong></span> <span class='ocrx_word' id='word_1_76' title='bbox 2811 807 3140 880; x_wconf 75' lang='lat' dir='ltr'><strong>hiacinthina</strong></span> <span class='ocrx_word' id='word_1_77' title='bbox 3154 807 3447 885; x_wconf 64' lang='lat' dir='ltr'><strong>&#39;én&#39;ni&#39;nii-</strong></span> 
     </span>
    </p>
   </div>
   <div class='ocr_carea' id='block_1_13' title="bbox 1859 880 3451 968">
    <p class='ocr_par' dir='ltr' id='par_1_13' title="bbox 1859 880 3451 968">
     <span class='ocr_line' id='line_1_13' title="bbox 1859 880 3451 968; baseline 0.016 -37"><span class='ocrx_word' id='word_1_78' title='bbox 1859 880 2147 968; x_wconf 67' lang='lat' dir='ltr'><strong>titinalittlis</strong></span> <span class='ocrx_word' id='word_1_79' title='bbox 2173 922 2188 946; x_wconf 93' lang='lat'><strong>,</strong></span> <span class='ocrx_word' id='word_1_80' title='bbox 2215 885 2658 968; x_wconf 43' lang='lat' dir='ltr'><strong>superlium‘erale</strong></span> <span class='ocrx_word' id='word_1_81' title='bbox 2687 891 2799 947; x_wconf 91' lang='lat' dir='ltr'><strong>sive</strong></span> <span class='ocrx_word' id='word_1_82' title='bbox 2849 894 3021 968; x_wconf 87' lang='lat' dir='ltr'><strong>ephod</strong></span> <span class='ocrx_word' id='word_1_83' title='bbox 3040 937 3056 960; x_wconf 94' lang='lat'><strong>,</strong></span> <span class='ocrx_word' id='word_1_84' title='bbox 3087 880 3451 968; x_wconf 46' lang='lat' dir='ltr'><strong>rationale,&quot;et</strong></span> 
     </span>
    </p>
   </div>
   <div class='ocr_carea' id='block_1_14' title="bbox 1856 949 3230 1024">
    <p class='ocr_par' dir='ltr' id='par_1_14' title="bbox 1856 949 3230 1024">
     <span class='ocr_line' id='line_1_14' title="bbox 1856 949 3230 1024; baseline 0.016 -22"><span class='ocrx_word' id='word_1_85' title='bbox 1856 949 2054 1006; x_wconf 87' lang='lat' dir='ltr'><strong>lamina</strong></span> <span class='ocrx_word' id='word_1_86' title='bbox 2083 966 2265 1010; x_wconf 87' lang='lat' dir='ltr'><strong>aurea.</strong></span> <span class='ocrx_word' id='word_1_87' title='bbox 2286 949 2424 1024; x_wconf 62' lang='lat' dir='ltr'><strong>&#39;Quo</strong></span> <span class='ocrx_word' id='word_1_88' title='bbox 2453 957 2588 1016; x_wconf 87' lang='lat' dir='ltr'><strong>adeo</strong></span> <span class='ocrx_word' id='word_1_89' title='bbox 2607 959 2862 1020; x_wconf 82' lang='lat' dir='ltr'><strong>lectorem</strong></span> <span class='ocrx_word' id='word_1_90' title='bbox 2885 949 3230 1024; x_wconf 67' lang='lat' dir='ltr'><strong>remittimus.</strong></span> 
     </span>
    </p>
   </div>
   <div class='ocr_carea' id='block_1_15' title="bbox 1445 1079 2299 1144">
    <p class='ocr_par' dir='ltr' id='par_1_15' title="bbox 1445 1079 2299 1144">
     <span class='ocr_line' id='line_1_15' title="bbox 1445 1079 2299 1144; baseline 0.013 -10"><span class='ocrx_word' id='word_1_91' title='bbox 1445 1079 1531 1136; x_wconf 82' lang='lat' dir='ltr'><strong>VI.</strong></span> <span class='ocrx_word' id='word_1_92' title='bbox 1584 1079 1672 1135; x_wconf 87' lang='lat' dir='ltr'><strong>DE</strong></span> <span class='ocrx_word' id='word_1_93' title='bbox 1712 1079 2080 1142; x_wconf 83' lang='lat' dir='ltr'><strong>TRINITATE</strong></span> <span class='ocrx_word' id='word_1_94' title='bbox 2117 1084 2299 1144; x_wconf 80' lang='lat' dir='ltr'><strong>LIBRI</strong></span> 
     </span>
    </p>
   </div>
   <div class='ocr_carea' id='block_1_16' title="bbox 1651 1236 1925 1284">
    <p class='ocr_par' dir='ltr' id='par_1_16' title="bbox 1651 1236 1925 1284">
     <span class='ocr_line' id='line_1_16' title="bbox 1651 1236 1925 1284; baseline 0.015 -3"><span class='ocrx_word' id='word_1_95' title='bbox 1651 1236 1925 1284; x_wconf 77' lang='lat' dir='ltr'><strong>NOTULA.</strong></span> 
     </span>
    </p>
   </div>
   <div class='ocr_carea' id='block_1_17' title="bbox 227 1359 1749 1435">
    <p class='ocr_par' dir='ltr' id='par_1_17' title="bbox 227 1359 1749 1435">
     <span class='ocr_line' id='line_1_17' title="bbox 227 1359 1749 1435; baseline 0.001 -20"><span class='ocrx_word' id='word_1_96' title='bbox 227 1359 678 1432; x_wconf 80' lang='lat' dir='ltr'><strong>Scripsit,inquit</strong></span> <span class='ocrx_word' id='word_1_97' title='bbox 709 1360 774 1417; x_wconf 85' lang='grc' dir='ltr'><strong>Β.</strong></span> <span class='ocrx_word' id='word_1_98' title='bbox 821 1359 1034 1417; x_wconf 83' lang='lat' dir='ltr'><strong>Hieron.</strong></span> <span class='ocrx_word' id='word_1_99' title='bbox 1062 1362 1229 1419; x_wconf 84' lang='lat' dir='ltr'><strong>Catal.</strong></span> <span class='ocrx_word' id='word_1_100' title='bbox 1279 1361 1472 1435; x_wconf 84' lang='lat' dir='ltr'><strong>Script.</strong></span> <span class='ocrx_word' id='word_1_101' title='bbox 1525 1361 1749 1432; x_wconf 75' lang='lat' dir='ltr'><strong>Ecclrs.,</strong></span> 
     </span>
    </p>
   </div>
   <div class='ocr_carea' id='block_1_18' title="bbox 149 1452 1755 1532">
    <p class='ocr_par' dir='ltr' id='par_1_18' title="bbox 149 1452 1755 1532">
     <span class='ocr_line' id='line_1_18' title="bbox 149 1452 1755 1532; baseline 0.006 -23"><span class='ocrx_word' id='word_1_102' title='bbox 149 1452 486 1512; x_wconf 83' lang='lat' dir='ltr'><strong>Novatianus</strong></span> <span class='ocrx_word' id='word_1_103' title='bbox 503 1455 565 1510; x_wconf 85' lang='lat' dir='ltr'><strong>de</strong></span> <span class='ocrx_word' id='word_1_104' title='bbox 581 1453 832 1511; x_wconf 86' lang='lat' dir='ltr'><strong>Trinitate</strong></span> <span class='ocrx_word' id='word_1_105' title='bbox 845 1457 1046 1528; x_wconf 84' lang='lat' dir='ltr'><strong>grande</strong></span> <span class='ocrx_word' id='word_1_106' title='bbox 1068 1456 1340 1525; x_wconf 83' lang='lat' dir='ltr'><strong>volumen,</strong></span> <span class='ocrx_word' id='word_1_107' title='bbox 1356 1460 1505 1530; x_wconf 89' lang='lat' dir='ltr'><strong>quasi</strong></span> <span class='ocrx_word' id='word_1_108' title='bbox 1522 1467 1755 1532; x_wconf 66' lang='grc' dir='ltr'><strong>ἐπιτομ-ῑν</strong></span> 
     </span>
    </p>
   </div>
   <div class='ocr_carea' id='block_1_19' title="bbox 231 1568 1753 1642">
    <p class='ocr_par' dir='ltr' id='par_1_19' title="bbox 231 1568 1753 1642">
     <span class='ocr_line' id='line_1_19' title="bbox 231 1568 1753 1642; baseline 0.003 -18"><span class='ocrx_word' id='word_1_109' title='bbox 231 1573 314 1626; x_wconf 88' lang='lat' dir='ltr'><strong>An</strong></span> <span class='ocrx_word' id='word_1_110' title='bbox 352 1568 709 1642; x_wconf 57' lang='lat' dir='ltr'><strong>Tertullianus</strong></span> <span class='ocrx_word' id='word_1_111' title='bbox 756 1579 951 1640; x_wconf 60' lang='lat' dir='ltr'><strong>praeter</strong></span> <span class='ocrx_word' id='word_1_112' title='bbox 985 1569 1179 1626; x_wconf 85' lang='lat' dir='ltr'><strong>librum</strong></span> <span class='ocrx_word' id='word_1_113' title='bbox 1227 1572 1466 1627; x_wconf 76' lang='lat' dir='ltr'><strong>adversus</strong></span> <span class='ocrx_word' id='word_1_114' title='bbox 1499 1572 1753 1642; x_wconf 73' lang='lat' dir='ltr'><strong>Praxcan,</strong></span> 
     </span>
    </p>
   </div>
   <div class='ocr_carea' id='block_1_20' title="bbox 151 1640 1757 1709">
    <p class='ocr_par' dir='ltr' id='par_1_20' title="bbox 151 1640 1757 1709">
     <span class='ocr_line' id='line_1_20' title="bbox 151 1640 1757 1709; baseline 0.003 -14"><span class='ocrx_word' id='word_1_115' title='bbox 151 1641 325 1696; x_wconf 86' lang='lat' dir='ltr'><strong>alium</strong></span> <span class='ocrx_word' id='word_1_116' title='bbox 351 1643 413 1696; x_wconf 86' lang='lat' dir='ltr'><strong>de</strong></span> <span class='ocrx_word' id='word_1_117' title='bbox 441 1640 692 1696; x_wconf 81' lang='lat' dir='ltr'><strong>Trinitate</strong></span> <span class='ocrx_word' id='word_1_118' title='bbox 719 1643 1012 1709; x_wconf 83' lang='lat' dir='ltr'><strong>scripserit,</strong></span> <span class='ocrx_word' id='word_1_119' title='bbox 1043 1643 1234 1697; x_wconf 78' lang='lat' dir='ltr'><strong>merito</strong></span> <span class='ocrx_word' id='word_1_120' title='bbox 1263 1642 1647 1701; x_wconf 83' lang='lat' dir='ltr'><strong>dubitationem</strong></span> <span class='ocrx_word' id='word_1_121' title='bbox 1673 1640 1757 1700; x_wconf 50' lang='lat' dir='ltr'><strong>in;</strong></span> 
     </span>
    </p>
   </div>
   <div class='ocr_carea' id='block_1_21' title="bbox 149 1712 1757 1785">
    <p class='ocr_par' dir='ltr' id='par_1_21' title="bbox 149 1712 1757 1785">
     <span class='ocr_line' id='line_1_21' title="bbox 149 1712 1757 1785; baseline 0.003 -20"><span class='ocrx_word' id='word_1_122' title='bbox 149 1712 349 1785; x_wconf 89' lang='lat' dir='ltr'><strong>jiciunt</strong></span> <span class='ocrx_word' id='word_1_123' title='bbox 375 1713 489 1768; x_wconf 72' lang='lat' dir='ltr'><strong>htec</strong></span> <span class='ocrx_word' id='word_1_124' title='bbox 515 1713 574 1768; x_wconf 87' lang='grc' dir='ltr'><strong>Β.</strong></span> <span class='ocrx_word' id='word_1_125' title='bbox 607 1712 918 1784; x_wconf 74' lang='lat' dir='ltr'><strong>Ilicroaymi</strong></span> <span class='ocrx_word' id='word_1_126' title='bbox 966 1712 1129 1767; x_wconf 86' lang='lat' dir='ltr'><strong>verba</strong></span> <span class='ocrx_word' id='word_1_127' title='bbox 1160 1729 1172 1766; x_wconf 93' lang='lat'><strong>:</strong></span> <span class='ocrx_word' id='word_1_128' title='bbox 1203 1730 1322 1768; x_wconf 90' lang='lat' dir='ltr'><strong>cum</strong></span> <span class='ocrx_word' id='word_1_129' title='bbox 1356 1717 1495 1769; x_wconf 88' lang='lat' dir='ltr'><strong>enim</strong></span> <span class='ocrx_word' id='word_1_130' title='bbox 1549 1724 1757 1785; x_wconf 68' lang='grc' dir='ltr'><strong>ἐπιτομὴ</strong></span> 
     </span>
    </p>
   </div>
   <div class='ocr_carea' id='block_1_22' title="bbox 195 1784 1757 1852">
    <p class='ocr_par' dir='ltr' id='par_1_22' title="bbox 195 1784 1757 1852">
     <span class='ocr_line' id='line_1_22' title="bbox 195 1784 1757 1852; baseline 0.004 -15"><span class='ocrx_word' id='word_1_131' title='bbox 195 1784 461 1839; x_wconf 88' lang='lat' dir='ltr'><strong>randioris</strong></span> <span class='ocrx_word' id='word_1_132' title='bbox 511 1785 581 1839; x_wconf 92' lang='lat' dir='ltr'><strong>sit</strong></span> <span class='ocrx_word' id='word_1_133' title='bbox 628 1786 807 1852; x_wconf 82' lang='lat' dir='ltr'><strong>operis</strong></span> <span class='ocrx_word' id='word_1_134' title='bbox 854 1785 1228 1850; x_wconf 88' lang='lat' dir='ltr'><strong>compendium</strong></span> <span class='ocrx_word' id='word_1_135' title='bbox 1255 1827 1268 1848; x_wconf 89' lang='lat'><strong>,</strong></span> <span class='ocrx_word' id='word_1_136' title='bbox 1301 1796 1354 1839; x_wconf 92' lang='lat' dir='ltr'><strong>ct</strong></span> <span class='ocrx_word' id='word_1_137' title='bbox 1385 1787 1660 1842; x_wconf 67' lang='lat' dir='ltr'><strong>Novati-ini</strong></span> <span class='ocrx_word' id='word_1_138' title='bbox 1691 1791 1757 1845; x_wconf 87' lang='lat' dir='ltr'><strong>de</strong></span> 
     </span>
    </p>
   </div>
   <div class='ocr_carea' id='block_1_23' title="bbox 167 1855 1754 1928">
    <p class='ocr_par' dir='ltr' id='par_1_23' title="bbox 167 1855 1754 1928">
     <span class='ocr_line' id='line_1_23' title="bbox 167 1855 1754 1928; baseline 0.005 -21"><span class='ocrx_word' id='word_1_139' title='bbox 167 1855 424 1928; x_wconf 77' lang='lat' dir='ltr'><strong>Trinitate</strong></span> <span class='ocrx_word' id='word_1_140' title='bbox 446 1855 596 1928; x_wconf 84' lang='lat' dir='ltr'><strong>liber,</strong></span> <span class='ocrx_word' id='word_1_141' title='bbox 622 1865 801 1928; x_wconf 84' lang='lat' dir='ltr'><strong>utpote</strong></span> <span class='ocrx_word' id='word_1_142' title='bbox 823 1857 1024 1928; x_wconf 78' lang='lat' dir='ltr'><strong>grande</strong></span> <span class='ocrx_word' id='word_1_143' title='bbox 1049 1856 1320 1928; x_wconf 74' lang='lat' dir='ltr'><strong>volumen,</strong></span> <span class='ocrx_word' id='word_1_144' title='bbox 1349 1858 1432 1912; x_wconf 86' lang='lat' dir='ltr'><strong>vel</strong></span> <span class='ocrx_word' id='word_1_145' title='bbox 1457 1861 1571 1928; x_wconf 91' lang='lat' dir='ltr'><strong>ipso</strong></span> <span class='ocrx_word' id='word_1_146' title='bbox 1597 1870 1754 1926; x_wconf 73' lang='lat' dir='ltr'><strong>teste,</strong></span> 
     </span>
    </p>
   </div>
   <div class='ocr_carea' id='block_1_24' title="bbox 161 1926 1755 1997">
    <p class='ocr_par' dir='ltr' id='par_1_24' title="bbox 161 1926 1755 1997">
     <span class='ocr_line' id='line_1_24' title="bbox 161 1926 1755 1997; baseline 0.006 -22"><span class='ocrx_word' id='word_1_147' title='bbox 161 1926 426 1997; x_wconf 71' lang='lat' dir='ltr'><strong>prolixius</strong></span> <span class='ocrx_word' id='word_1_148' title='bbox 464 1926 630 1980; x_wconf 90' lang='lat' dir='ltr'><strong>multo</strong></span> <span class='ocrx_word' id='word_1_149' title='bbox 679 1928 748 1981; x_wconf 86' lang='lat' dir='ltr'><strong>sit</strong></span> <span class='ocrx_word' id='word_1_150' title='bbox 793 1927 886 1980; x_wconf 86' lang='lat' dir='ltr'><strong>lib.</strong></span> <span class='ocrx_word' id='word_1_151' title='bbox 921 1928 1041 1982; x_wconf 84' lang='lat' dir='ltr'><strong>adv.</strong></span> <span class='ocrx_word' id='word_1_152' title='bbox 1074 1926 1348 1992; x_wconf 76' lang='lat' dir='ltr'><strong>Praxean;</strong></span> <span class='ocrx_word' id='word_1_153' title='bbox 1374 1926 1641 1986; x_wconf 77' lang='lat' dir='ltr'><strong>Oportebit</strong></span> <span class='ocrx_word' id='word_1_154' title='bbox 1667 1974 1681 1997; x_wconf 90' lang='lat'><strong>,</strong></span> <span class='ocrx_word' id='word_1_155' title='bbox 1712 1935 1755 1985; x_wconf 92' lang='lat' dir='ltr'><strong>si</strong></span> 
     </span>
    </p>
   </div>
   <div class='ocr_carea' id='block_1_25' title="bbox 157 1996 1758 2064">
    <p class='ocr_par' dir='ltr' id='par_1_25' title="bbox 157 1996 1758 2064">
     <span class='ocr_line' id='line_1_25' title="bbox 157 1996 1758 2064; baseline 0.007 -18"><span class='ocrx_word' id='word_1_156' title='bbox 157 1996 406 2051; x_wconf 86' lang='lat' dir='ltr'><strong>mendosi</strong></span> <span class='ocrx_word' id='word_1_157' title='bbox 433 2012 538 2050; x_wconf 88' lang='lat' dir='ltr'><strong>non</strong></span> <span class='ocrx_word' id='word_1_158' title='bbox 562 1998 668 2052; x_wconf 91' lang='lat' dir='ltr'><strong>sint</strong></span> <span class='ocrx_word' id='word_1_159' title='bbox 693 1998 751 2050; x_wconf 87' lang='grc' dir='ltr'><strong>Β.</strong></span> <span class='ocrx_word' id='word_1_160' title='bbox 780 1997 924 2052; x_wconf 88' lang='lat' dir='ltr'><strong>Hier.</strong></span> <span class='ocrx_word' id='word_1_161' title='bbox 959 1999 1192 2064; x_wconf 88' lang='lat' dir='ltr'><strong>codices,</strong></span> <span class='ocrx_word' id='word_1_162' title='bbox 1217 2001 1376 2054; x_wconf 88' lang='lat' dir='ltr'><strong>alium</strong></span> <span class='ocrx_word' id='word_1_163' title='bbox 1404 2001 1470 2055; x_wconf 89' lang='lat' dir='ltr'><strong>de</strong></span> <span class='ocrx_word' id='word_1_164' title='bbox 1495 1996 1758 2057; x_wconf 84' lang='lat' dir='ltr'><strong>Trinitate</strong></span> 
     </span>
    </p>
   </div>
   <div class='ocr_carea' id='block_1_26' title="bbox 158 2066 1759 2139">
    <p class='ocr_par' dir='ltr' id='par_1_26' title="bbox 158 2066 1759 2139">
     <span class='ocr_line' id='line_1_26' title="bbox 158 2066 1759 2139; baseline 0.006 -20"><span class='ocrx_word' id='word_1_165' title='bbox 158 2066 360 2139; x_wconf 88' lang='lat' dir='ltr'><strong>librum</strong></span> <span class='ocrx_word' id='word_1_166' title='bbox 388 2081 416 2121; x_wconf 86' lang='lat' dir='ltr'><strong>a</strong></span> <span class='ocrx_word' id='word_1_167' title='bbox 448 2068 775 2139; x_wconf 84' lang='lat' dir='ltr'><strong>&#39;I‘ertnlliano</strong></span> <span class='ocrx_word' id='word_1_168' title='bbox 805 2071 1166 2139; x_wconf 86' lang='lat' dir='ltr'><strong>conscriptum</strong></span> <span class='ocrx_word' id='word_1_169' title='bbox 1194 2071 1458 2128; x_wconf 90' lang='lat' dir='ltr'><strong>conﬁteri.</strong></span> <span class='ocrx_word' id='word_1_170' title='bbox 1504 2073 1596 2126; x_wconf 83' lang='lat' dir='ltr'><strong>Sin</strong></span> <span class='ocrx_word' id='word_1_171' title='bbox 1627 2089 1759 2129; x_wconf 90' lang='lat' dir='ltr'><strong>vero</strong></span> 
     </span>
    </p>
   </div>
   <div class='ocr_carea' id='block_1_27' title="bbox 160 2138 1753 2215">
    <p class='ocr_par' dir='ltr' id='par_1_27' title="bbox 160 2138 1753 2215">
     <span class='ocr_line' id='line_1_27' title="bbox 160 2138 1753 2215; baseline 0.007 -25"><span class='ocrx_word' id='word_1_172' title='bbox 160 2138 403 2215; x_wconf 84' lang='lat' dir='ltr'><strong>legamus</strong></span> <span class='ocrx_word' id='word_1_173' title='bbox 452 2138 613 2215; x_wconf 79' lang='lat' dir='ltr'><strong>(quod</strong></span> <span class='ocrx_word' id='word_1_174' title='bbox 663 2139 856 2215; x_wconf 77' lang='lat' dir='ltr'><strong>lectum</strong></span> <span class='ocrx_word' id='word_1_175' title='bbox 913 2138 1169 2215; x_wconf 33' lang='lat' dir='ltr'><strong>forteuab</strong></span> <span class='ocrx_word' id='word_1_176' title='bbox 1218 2143 1308 2196; x_wconf 79' lang='lat' dir='ltr'><strong>illo</strong></span> <span class='ocrx_word' id='word_1_177' title='bbox 1346 2141 1464 2215; x_wconf 78' lang='lat' dir='ltr'><strong>fuit)</strong></span> <span class='ocrx_word' id='word_1_178' title='bbox 1516 2150 1753 2212; x_wconf 71' lang='grc' dir='ltr'><strong>ἐπίτασιν,</strong></span> 
     </span>
    </p>
   </div>
   <div class='ocr_carea' id='block_1_28' title="bbox 155 2210 1758 2283">
    <p class='ocr_par' dir='ltr' id='par_1_28' title="bbox 155 2210 1758 2283">
     <span class='ocr_line' id='line_1_28' title="bbox 155 2210 1758 2283; baseline 0.006 -21"><span class='ocrx_word' id='word_1_179' title='bbox 155 2210 470 2283; x_wconf 79' lang='lat' dir='ltr'><strong>censebitur</strong></span> <span class='ocrx_word' id='word_1_180' title='bbox 515 2210 792 2283; x_wconf 80' lang='lat' dir='ltr'><strong>Novatiani</strong></span> <span class='ocrx_word' id='word_1_181' title='bbox 823 2211 960 2283; x_wconf 69' lang='lat' dir='ltr'><strong>liber</strong></span> <span class='ocrx_word' id='word_1_182' title='bbox 981 2253 993 2273; x_wconf 87' lang='lat'><strong>,</strong></span> <span class='ocrx_word' id='word_1_183' title='bbox 1024 2210 1210 2268; x_wconf 87' lang='lat' dir='ltr'><strong>dilatio</strong></span> <span class='ocrx_word' id='word_1_184' title='bbox 1239 2210 1538 2283; x_wconf 83' lang='lat' dir='ltr'><strong>argumenti</strong></span> <span class='ocrx_word' id='word_1_185' title='bbox 1570 2232 1597 2268; x_wconf 89' lang='lat' dir='ltr'><strong>a</strong></span> <span class='ocrx_word' id='word_1_186' title='bbox 1629 2210 1758 2271; x_wconf 81' lang='lat' dir='ltr'><strong>Tor-</strong></span> 
     </span>
    </p>
   </div>
   <div class='ocr_carea' id='block_1_29' title="bbox 158 2281 1757 2352">
    <p class='ocr_par' dir='ltr' id='par_1_29' title="bbox 158 2281 1757 2352">
     <span class='ocr_line' id='line_1_29' title="bbox 158 2281 1757 2352; baseline 0.007 -20"><span class='ocrx_word' id='word_1_187' title='bbox 158 2281 386 2334; x_wconf 87' lang='lat' dir='ltr'><strong>tulliano</strong></span> <span class='ocrx_word' id='word_1_188' title='bbox 417 2284 622 2335; x_wconf 85' lang='lat' dir='ltr'><strong>tractali</strong></span> <span class='ocrx_word' id='word_1_189' title='bbox 655 2281 746 2336; x_wconf 90' lang='lat' dir='ltr'><strong>lib.</strong></span> <span class='ocrx_word' id='word_1_190' title='bbox 774 2283 892 2335; x_wconf 86' lang='lat' dir='ltr'><strong>adv.</strong></span> <span class='ocrx_word' id='word_1_191' title='bbox 926 2281 1187 2336; x_wconf 73' lang='lat' dir='ltr'><strong>Praxeun.</strong></span> <span class='ocrx_word' id='word_1_192' title='bbox 1247 2281 1473 2352; x_wconf 80' lang='lat' dir='ltr'><strong>ldipsum</strong></span> <span class='ocrx_word' id='word_1_193' title='bbox 1527 2301 1757 2342; x_wconf 81' lang='lat' dir='ltr'><strong>censen-</strong></span> 
     </span>
    </p>
   </div>
   <div class='ocr_carea' id='block_1_30' title="bbox 156 2350 1755 2426">
    <p class='ocr_par' dir='ltr' id='par_1_30' title="bbox 156 2350 1755 2426">
     <span class='ocr_line' id='line_1_30' title="bbox 156 2350 1755 2426; baseline 0.008 -23"><span class='ocrx_word' id='word_1_194' title='bbox 156 2350 290 2426; x_wconf 51' lang='lat' dir='ltr'><strong>tium</strong></span> <span class='ocrx_word' id='word_1_195' title='bbox 320 2351 438 2426; x_wconf 81' lang='lat' dir='ltr'><strong>erit,</strong></span> <span class='ocrx_word' id='word_1_196' title='bbox 469 2354 511 2406; x_wconf 84' lang='lat' dir='ltr'><strong>si</strong></span> <span class='ocrx_word' id='word_1_197' title='bbox 545 2353 781 2426; x_wconf 73' lang='lat' dir='ltr'><strong>legamus</strong></span> <span class='ocrx_word' id='word_1_198' title='bbox 804 2364 1018 2423; x_wconf 75' lang='grc' dir='ltr'><strong>μίμησιν.</strong></span> <span class='ocrx_word' id='word_1_199' title='bbox 1051 2354 1100 2408; x_wconf 93' lang='lat' dir='ltr'><strong>id</strong></span> <span class='ocrx_word' id='word_1_200' title='bbox 1133 2365 1216 2410; x_wconf 92' lang='lat' dir='ltr'><strong>est</strong></span> <span class='ocrx_word' id='word_1_201' title='bbox 1242 2350 1610 2426; x_wconf 84' lang='lat' dir='ltr'><strong>imitationem,</strong></span> <span class='ocrx_word' id='word_1_202' title='bbox 1634 2375 1755 2415; x_wconf 87' lang='lat' dir='ltr'><strong>cum</strong></span> 
     </span>
    </p>
   </div>
   <div class='ocr_carea' id='block_1_31' title="bbox 157 2421 1756 2499">
    <p class='ocr_par' dir='ltr' id='par_1_31' title="bbox 157 2421 1756 2499">
     <span class='ocr_line' id='line_1_31' title="bbox 157 2421 1756 2499; baseline 0.006 -24"><span class='ocrx_word' id='word_1_203' title='bbox 157 2421 552 2499; x_wconf 68' lang='lat' dir='ltr'><strong>Tertullianum</strong></span> <span class='ocrx_word' id='word_1_204' title='bbox 590 2421 880 2499; x_wconf 65' lang='lat' dir='ltr'><strong>aliquoties</strong></span> <span class='ocrx_word' id='word_1_205' title='bbox 931 2426 1186 2499; x_wconf 78' lang='lat' dir='ltr'><strong>imitetur.</strong></span> <span class='ocrx_word' id='word_1_206' title='bbox 1211 2497 1218 2499; x_wconf 93' lang='lat'>_</span> <span class='ocrx_word' id='word_1_207' title='bbox 1244 2427 1350 2482; x_wconf 81' lang='lat' dir='ltr'><strong>Nos</strong></span> <span class='ocrx_word' id='word_1_208' title='bbox 1397 2421 1606 2499; x_wconf 82' lang='lat' dir='ltr'><strong>itaque,</strong></span> <span class='ocrx_word' id='word_1_209' title='bbox 1634 2433 1756 2499; x_wconf 87' lang='lat' dir='ltr'><strong>quia</strong></span> 
     </span>
    </p>
   </div>
   <div class='ocr_carea' id='block_1_32' title="bbox 157 2493 1757 2568">
    <p class='ocr_par' dir='ltr' id='par_1_32' title="bbox 157 2493 1757 2568">
     <span class='ocr_line' id='line_1_32' title="bbox 157 2493 1757 2568; baseline 0.006 -20"><span class='ocrx_word' id='word_1_210' title='bbox 157 2508 272 2549; x_wconf 86' lang='lat' dir='ltr'><strong>non</strong></span> <span class='ocrx_word' id='word_1_211' title='bbox 300 2493 530 2551; x_wconf 89' lang='lat' dir='ltr'><strong>libenter</strong></span> <span class='ocrx_word' id='word_1_212' title='bbox 555 2493 757 2568; x_wconf 83' lang='lat' dir='ltr'><strong>absque</strong></span> <span class='ocrx_word' id='word_1_213' title='bbox 777 2495 885 2555; x_wconf 75' lang='lat' dir='ltr'><strong>MS.</strong></span> <span class='ocrx_word' id='word_1_214' title='bbox 914 2496 1187 2553; x_wconf 87' lang='lat' dir='ltr'><strong>codicibus</strong></span> <span class='ocrx_word' id='word_1_215' title='bbox 1208 2493 1757 2558; x_wconf 66' lang='lat' dir='ltr'><strong>lectionem&#39;veterum</strong></span> 
     </span>
    </p>
   </div>
   <div class='ocr_carea' id='block_1_33' title="bbox 1857 1369 3454 1466">
    <p class='ocr_par' dir='ltr' id='par_1_33' title="bbox 1857 1369 3454 1466">
     <span class='ocr_line' id='line_1_33' title="bbox 1857 1369 3454 1466; baseline 0.019 -43"><span class='ocrx_word' id='word_1_216' title='bbox 1857 1369 2037 1466; x_wconf 82' lang='lat' dir='ltr'><strong>operis</strong></span> <span class='ocrx_word' id='word_1_217' title='bbox 2064 1370 2406 1446; x_wconf 81' lang='lat' dir='ltr'><strong>Tertulliani,</strong></span> <span class='ocrx_word' id='word_1_218' title='bbox 2435 1377 2579 1450; x_wconf 89' lang='lat' dir='ltr'><strong>quod</strong></span> <span class='ocrx_word' id='word_1_219' title='bbox 2612 1379 2851 1456; x_wconf 85' lang='lat' dir='ltr'><strong>plerique</strong></span> <span class='ocrx_word' id='word_1_220' title='bbox 2878 1386 3182 1447; x_wconf 83' lang='lat' dir='ltr'><strong>nescientes</strong></span> <span class='ocrx_word' id='word_1_221' title='bbox 3200 1389 3454 1466; x_wconf 84' lang='lat' dir='ltr'><strong>Cypriani</strong></span> 
     </span>
    </p>
   </div>
   <div class='ocr_carea' id='block_1_34' title="bbox 1861 1463 2185 1520">
    <p class='ocr_par' dir='ltr' id='par_1_34' title="bbox 1861 1463 2185 1520">
     <span class='ocr_line' id='line_1_34' title="bbox 1861 1463 2185 1520; baseline 0.009 -3"><span class='ocrx_word' id='word_1_222' title='bbox 1861 1463 2185 1520; x_wconf 80' lang='lat' dir='ltr'><strong>existimant.</strong></span> 
     </span>
    </p>
   </div>
   <div class='ocr_carea' id='block_1_35' title="bbox 1862 1573 3456 1658">
    <p class='ocr_par' dir='ltr' id='par_1_35' title="bbox 1862 1573 3456 1658">
     <span class='ocr_line' id='line_1_35' title="bbox 1862 1573 3456 1658; baseline 0.018 -30"><span class='ocrx_word' id='word_1_223' title='bbox 1862 1573 2209 1656; x_wconf 80' lang='lat' dir='ltr'><strong>immutamus</strong></span> <span class='ocrx_word' id='word_1_224' title='bbox 2242 1619 2270 1658; x_wconf 93' lang='lat'><strong>,_</strong></span> <span class='ocrx_word' id='word_1_225' title='bbox 2308 1581 2592 1658; x_wconf 78' lang='lat' dir='ltr'><strong>maluimus</strong></span> <span class='ocrx_word' id='word_1_226' title='bbox 2636 1586 2802 1658; x_wconf 70' lang='lat' dir='ltr'><strong>etiam</strong></span> <span class='ocrx_word' id='word_1_227' title='bbox 2854 1589 3048 1648; x_wconf 92' lang='lat' dir='ltr'><strong>librum</strong></span> <span class='ocrx_word' id='word_1_228' title='bbox 3096 1593 3162 1651; x_wconf 84' lang='lat' dir='ltr'><strong>de</strong></span> <span class='ocrx_word' id='word_1_229' title='bbox 3203 1595 3456 1658; x_wconf 84' lang='lat' dir='ltr'><strong>Trinitate</strong></span> 
     </span>
    </p>
   </div>
   <div class='ocr_carea' id='block_1_36' title="bbox 1862 1647 3452 1736">
    <p class='ocr_par' dir='ltr' id='par_1_36' title="bbox 1862 1647 3452 1736">
     <span class='ocr_line' id='line_1_36' title="bbox 1862 1647 3452 1736; baseline 0.016 -36"><span class='ocrx_word' id='word_1_230' title='bbox 1862 1647 1999 1730; x_wconf 77' lang='lat' dir='ltr'><strong>inter</strong></span> <span class='ocrx_word' id='word_1_231' title='bbox 2020 1664 2080 1703; x_wconf 90' lang='lat' dir='ltr'><strong>ea</strong></span> <span class='ocrx_word' id='word_1_232' title='bbox 2100 1665 2217 1719; x_wconf 70' lang='lat' dir='ltr'><strong>quae</strong></span> <span class='ocrx_word' id='word_1_233' title='bbox 2239 1651 2614 1736; x_wconf 64' lang='lat' dir='ltr'><strong>desiderantur</strong></span> <span class='ocrx_word' id='word_1_234' title='bbox 2634 1656 2947 1718; x_wconf 85' lang='lat' dir='ltr'><strong>Tertulliani</strong></span> <span class='ocrx_word' id='word_1_235' title='bbox 2969 1647 3452 1736; x_wconf 30' lang='lat' dir='ltr'><strong>operam-[locaret</strong></span> 
     </span>
    </p>
   </div>
   <div class='ocr_carea' id='block_1_37' title="bbox 1860 1720 3460 1801">
    <p class='ocr_par' dir='ltr' id='par_1_37' title="bbox 1860 1720 3460 1801">
     <span class='ocr_line' id='line_1_37' title="bbox 1860 1720 3460 1801; baseline 0.02 -32"><span class='ocrx_word' id='word_1_236' title='bbox 1860 1720 2092 1801; x_wconf 58' lang='grc' dir='ltr'><strong>[ψιχίιῃθ</strong></span> <span class='ocrx_word' id='word_1_237' title='bbox 2114 1763 2128 1786; x_wconf 90' lang='grc'><em>,</em></span> <span class='ocrx_word' id='word_1_238' title='bbox 2163 1737 2283 1801; x_wconf 84' lang='lat' dir='ltr'><strong>cum</strong></span> <span class='ocrx_word' id='word_1_239' title='bbox 2306 1765 2338 1801; x_wconf 83' lang='lat'><strong>,_</strong></span> <span class='ocrx_word' id='word_1_240' title='bbox 2356 1727 2454 1780; x_wconf 82' lang='lat' dir='ltr'><strong>etsi</strong></span> <span class='ocrx_word' id='word_1_241' title='bbox 2487 1727 2623 1801; x_wconf 70' lang='lat' dir='ltr'><strong>idem</strong></span> <span class='ocrx_word' id='word_1_242' title='bbox 2667 1720 3460 1801; x_wconf 59' lang='lat' dir='ltr'><strong>argumentumlatiustraeict</strong></span> 
     </span>
    </p>
   </div>
   <div class='ocr_carea' id='block_1_38' title="bbox 1861 1789 3455 1871">
    <p class='ocr_par' dir='ltr' id='par_1_38' title="bbox 1861 1789 3455 1871">
     <span class='ocr_line' id='line_1_38' title="bbox 1861 1789 3455 1871; baseline 0.018 -27"><span class='ocrx_word' id='word_1_243' title='bbox 1861 1789 2185 1871; x_wconf 54' lang='lat' dir='ltr'><strong>Novatianus</strong></span> <span class='ocrx_word' id='word_1_244' title='bbox 2207 1795 2269 1847; x_wconf 89' lang='lat' dir='ltr'><strong>de</strong></span> <span class='ocrx_word' id='word_1_245' title='bbox 2296 1793 2455 1871; x_wconf 56' lang='lat' dir='ltr'><strong>Patre</strong></span> <span class='ocrx_word' id='word_1_246' title='bbox 2487 1798 2592 1853; x_wconf 83' lang='lat' dir='ltr'><strong>Deo</strong></span> <span class='ocrx_word' id='word_1_247' title='bbox 2613 1811 2659 1855; x_wconf 82' lang='lat' dir='ltr'><strong>et</strong></span> <span class='ocrx_word' id='word_1_248' title='bbox 2684 1789 2790 1856; x_wconf 68' lang='grc' dir='ltr'><strong>ιῖὲο</strong></span> <span class='ocrx_word' id='word_1_249' title='bbox 2823 1789 3455 1871; x_wconf 82' lang='lat' dir='ltr'><em>F</em></span> 
     </span>
    </p>
   </div>
   <div class='ocr_carea' id='block_1_39' title="bbox 1861 1861 3459 1940">
    <p class='ocr_par' dir='ltr' id='par_1_39' title="bbox 1861 1861 3459 1940">
     <span class='ocr_line' id='line_1_39' title="bbox 1861 1861 3459 1940; baseline 0.017 -26"><span class='ocrx_word' id='word_1_250' title='bbox 1861 1861 2018 1940; x_wconf 68' lang='lat' dir='ltr'><strong>latius</strong></span> <span class='ocrx_word' id='word_1_251' title='bbox 2050 1874 2310 1940; x_wconf 59' lang='lat' dir='ltr'><strong>tractegtr</strong></span> <span class='ocrx_word' id='word_1_252' title='bbox 2331 1882 2360 1922; x_wconf 89' lang='lat' dir='ltr'><strong>a</strong></span> <span class='ocrx_word' id='word_1_253' title='bbox 2387 1868 2720 1927; x_wconf 86' lang='lat' dir='ltr'><strong>Tertulliano</strong></span> <span class='ocrx_word' id='word_1_254' title='bbox 2746 1874 2862 1928; x_wconf 87' lang='lat' dir='ltr'><strong>adv.</strong></span> <span class='ocrx_word' id='word_1_255' title='bbox 2895 1861 3216 1938; x_wconf 34' lang='lat' dir='ltr'><strong>Praareanvet</strong></span> 
     </span>
    </p>
   </div>
   <div class='ocr_carea' id='block_1_40' title="bbox 1863 1935 3454 2017">
    <p class='ocr_par' dir='ltr' id='par_1_40' title="bbox 1863 1935 3454 2017">
     <span class='ocr_line' id='line_1_40' title="bbox 1863 1935 3454 2017; baseline 0.018 -33"><span class='ocrx_word' id='word_1_256' title='bbox 1863 1935 2089 2017; x_wconf 63' lang='lat' dir='ltr'><strong>clamitas,</strong></span> <span class='ocrx_word' id='word_1_257' title='bbox 2120 1935 2189 2017; x_wconf 77' lang='lat' dir='ltr'><strong>de</strong></span> <span class='ocrx_word' id='word_1_258' title='bbox 2216 1936 2349 2017; x_wconf 77' lang='lat' dir='ltr'><strong>Filio</strong></span> <span class='ocrx_word' id='word_1_259' title='bbox 2375 1940 2481 1994; x_wconf 87' lang='lat' dir='ltr'><strong>alio</strong></span> <span class='ocrx_word' id='word_1_260' title='bbox 2507 1957 2536 1995; x_wconf 86' lang='lat' dir='ltr'><strong>a</strong></span> <span class='ocrx_word' id='word_1_261' title='bbox 2564 1941 2722 2017; x_wconf 65' lang='lat' dir='ltr'><strong>Patre</strong></span> <span class='ocrx_word' id='word_1_262' title='bbox 2753 1985 2774 2017; x_wconf 13' lang='grc' dir='ltr'><strong>,ί</strong></span> <span class='ocrx_word' id='word_1_263' title='bbox 2797 1962 2954 2017; x_wconf 86' lang='lat' dir='ltr'><strong>quem</strong></span> <span class='ocrx_word' id='word_1_264' title='bbox 2978 1950 3052 2005; x_wconf 84' lang='lat' dir='ltr'><strong>illi</strong></span> <span class='ocrx_word' id='word_1_265' title='bbox 3084 1935 3454 2012; x_wconf 39' lang='lat' dir='ltr'><strong>eumde‘mnlw&#39;a-</strong></span> 
     </span>
    </p>
   </div>
   <div class='ocr_carea' id='block_1_41' title="bbox 1788 2005 3461 2098">
    <p class='ocr_par' dir='ltr' id='par_1_41' title="bbox 1788 2005 3461 2098">
     <span class='ocr_line' id='line_1_41' title="bbox 1788 2005 3461 2098; baseline 0.017 -43"><span class='ocrx_word' id='word_1_266' title='bbox 1788 2037 1836 2098; x_wconf 75' lang='grc' dir='ltr'><strong>Β</strong></span> <span class='ocrx_word' id='word_1_267' title='bbox 1864 2005 2110 2098; x_wconf 61' lang='lat' dir='ltr'><strong>ciebant;</strong></span> <span class='ocrx_word' id='word_1_268' title='bbox 2148 2008 2313 2098; x_wconf 39' lang='lat' dir='ltr'><strong>sicut;</strong></span> <span class='ocrx_word' id='word_1_269' title='bbox 2333 2021 2514 2098; x_wconf 78' lang='lat' dir='ltr'><strong>postea</strong></span> <span class='ocrx_word' id='word_1_270' title='bbox 2544 2025 2597 2068; x_wconf 90' lang='lat' dir='ltr'><strong>et</strong></span> <span class='ocrx_word' id='word_1_271' title='bbox 2623 2005 2914 2098; x_wconf 55' lang='lat' dir='ltr'><strong>sabellius,</strong></span> <span class='ocrx_word' id='word_1_272' title='bbox 2933 2005 3461 2098; x_wconf 37' lang='lat' dir='ltr'><strong>contraqueinﬂpau-</strong></span> 
     </span>
    </p>
   </div>
   <div class='ocr_carea' id='block_1_42' title="bbox 1864 2076 3461 2156">
    <p class='ocr_par' dir='ltr' id='par_1_42' title="bbox 1864 2076 3461 2156">
     <span class='ocr_line' id='line_1_42' title="bbox 1864 2076 3461 2156; baseline 0.017 -27"><span class='ocrx_word' id='word_1_273' title='bbox 1864 2076 2098 2156; x_wconf 69' lang='lat' dir='ltr'><strong>cioribus</strong></span> <span class='ocrx_word' id='word_1_274' title='bbox 2132 2076 2613 2156; x_wconf 66' lang='lat' dir='ltr'><strong>agit_N_6vatiauus.</strong></span> <span class='ocrx_word' id='word_1_275' title='bbox 2659 2086 2862 2143; x_wconf 87' lang='lat' dir='ltr'><strong>Deinde</strong></span> <span class='ocrx_word' id='word_1_276' title='bbox 2890 2076 3461 2156; x_wconf 19' lang='lat' dir='ltr'><strong>&#39;latiusiibi&#39;vtract&#39;aitir</strong></span> 
     </span>
    </p>
   </div>
   <div class='ocr_carea' id='block_1_43' title="bbox 1865 2149 3458 2234">
    <p class='ocr_par' dir='ltr' id='par_1_43' title="bbox 1865 2149 3458 2234">
     <span class='ocr_line' id='line_1_43' title="bbox 1865 2149 3458 2234; baseline 0.016 -35"><span class='ocrx_word' id='word_1_277' title='bbox 1865 2155 1919 2200; x_wconf 90' lang='lat' dir='ltr'><strong>et</strong></span> <span class='ocrx_word' id='word_1_278' title='bbox 1939 2150 2117 2228; x_wconf 77' lang='lat' dir='ltr'><strong>verius</strong></span> <span class='ocrx_word' id='word_1_279' title='bbox 2139 2149 2207 2203; x_wconf 90' lang='lat' dir='ltr'><strong>de</strong></span> <span class='ocrx_word' id='word_1_280' title='bbox 2235 2151 2434 2234; x_wconf 72' lang='lat' dir='ltr'><strong>Spiritu</strong></span> <span class='ocrx_word' id='word_1_281' title='bbox 2460 2167 2668 2234; x_wconf 69' lang='lat' dir='ltr'><strong>saneto,</strong></span> <span class='ocrx_word' id='word_1_282' title='bbox 2699 2161 2978 2234; x_wconf 85' lang='lat' dir='ltr'><strong>utpote_de</strong></span> <span class='ocrx_word' id='word_1_283' title='bbox 3005 2179 3109 2234; x_wconf 90' lang='lat' dir='ltr'><strong>quo</strong></span> <span class='ocrx_word' id='word_1_284' title='bbox 3128 2149 3458 2225; x_wconf 51' lang='lat' dir='ltr'><strong>Nonnisi];</strong></span> 
     </span>
    </p>
   </div>
   <div class='ocr_carea' id='block_1_44' title="bbox 1866 2219 3460 2311">
    <p class='ocr_par' dir='ltr' id='par_1_44' title="bbox 1866 2219 3460 2311">
     <span class='ocr_line' id='line_1_44' title="bbox 1866 2219 3460 2311; baseline 0.018 -42"><span class='ocrx_word' id='word_1_285' title='bbox 1866 2219 2076 2311; x_wconf 60' lang='lat' dir='ltr'><strong>puicuut</strong></span> <span class='ocrx_word' id='word_1_286' title='bbox 2129 2231 2289 2289; x_wconf 86' lang='lat' dir='ltr'><strong>caput</strong></span> <span class='ocrx_word' id='word_1_287' title='bbox 2335 2223 2545 2311; x_wconf 71' lang='lat' dir='ltr'><strong>habent.</strong></span> <span class='ocrx_word' id='word_1_288' title='bbox 2603 2219 2802 2311; x_wconf 74' lang='lat' dir='ltr'><strong>USqué_</strong></span> <span class='ocrx_word' id='word_1_289' title='bbox 2833 2232 2966 2288; x_wconf 85' lang='lat' dir='ltr'><strong>adeo</strong></span> <span class='ocrx_word' id='word_1_290' title='bbox 3015 2219 3102 2311; x_wconf 69' lang='lat' dir='ltr'><strong>ut,</strong></span> 
     </span>
    </p>
   </div>
   <div class='ocr_carea' id='block_1_45' title="bbox 1864 2287 3458 2382">
    <p class='ocr_par' dir='ltr' id='par_1_45' title="bbox 1864 2287 3458 2382">
     <span class='ocr_line' id='line_1_45' title="bbox 1864 2287 3458 2382; baseline 0.016 -40"><span class='ocrx_word' id='word_1_291' title='bbox 1864 2287 2147 2382; x_wconf 70' lang='lat' dir='ltr'><strong>quuantur</strong></span> <span class='ocrx_word' id='word_1_292' title='bbox 2170 2287 2205 2356; x_wconf 58' lang='grc'><strong>,⁷</strong></span> <span class='ocrx_word' id='word_1_293' title='bbox 2227 2308 2397 2374; x_wconf 84' lang='lat' dir='ltr'><strong>neque</strong></span> <span class='ocrx_word' id='word_1_294' title='bbox 2436 2304 2638 2378; x_wconf 53' lang='lat' dir='ltr'><strong>latroni;</strong></span> <span class='ocrx_word' id='word_1_295' title='bbox 2661 2287 2837 2382; x_wconf 55' lang='lat' dir='ltr'><strong>,u&#39;quia</strong></span> <span class='ocrx_word' id='word_1_296' title='bbox 2887 2287 3275 2382; x_wconf 45' lang='lat' dir='ltr'><strong>grandius-esi</strong></span> 
     </span>
    </p>
   </div>
   <div class='ocr_carea' id='block_1_46' title="bbox 1865 2367 3460 2445">
    <p class='ocr_par' dir='ltr' id='par_1_46' title="bbox 1865 2367 3460 2445">
     <span class='ocr_line' id='line_1_46' title="bbox 1865 2367 3460 2445; baseline 0.016 -31"><span class='ocrx_word' id='word_1_297' title='bbox 1865 2376 1963 2415; x_wconf 88' lang='lat' dir='ltr'><strong>nec</strong></span> <span class='ocrx_word' id='word_1_298' title='bbox 2013 2368 2253 2444; x_wconf 61' lang='lat' dir='ltr'><strong>Inlratatc,</strong></span> <span class='ocrx_word' id='word_1_299' title='bbox 2310 2367 2430 2435; x_wconf 87' lang='lat' dir='ltr'><strong>quia</strong></span> <span class='ocrx_word' id='word_1_300' title='bbox 2485 2369 2537 2423; x_wconf 89' lang='lat' dir='ltr'><strong>in</strong></span> <span class='ocrx_word' id='word_1_301' title='bbox 2588 2367 2915 2445; x_wconf 68' lang='lat' dir='ltr'><strong>quibusdam</strong></span> <span class='ocrx_word' id='word_1_302' title='bbox 2957 2379 3308 2445; x_wconf 84' lang='lat' dir='ltr'><strong>succinctius;</strong></span> <span class='ocrx_word' id='word_1_303' title='bbox 3339 2367 3460 2438; x_wconf 57' lang='lat' dir='ltr'><strong>&#39;ucc</strong></span> 
     </span>
    </p>
   </div>
   <div class='ocr_carea' id='block_1_47' title="bbox 1862 2439 3458 2525">
    <p class='ocr_par' dir='ltr' id='par_1_47' title="bbox 1862 2439 3458 2525">
     <span class='ocr_line' id='line_1_47' title="bbox 1862 2439 3458 2525; baseline 0.017 -40"><span class='ocrx_word' id='word_1_304' title='bbox 1862 2442 2084 2525; x_wconf 40' lang='lat' dir='ltr'><strong>tit/incili.</strong></span> <span class='ocrx_word' id='word_1_305' title='bbox 2105 2439 2239 2525; x_wconf 40' lang='lat' dir='ltr'><strong>quia.</strong></span> <span class='ocrx_word' id='word_1_306' title='bbox 2251 2451 2356 2525; x_wconf 71' lang='lat' dir='ltr'><strong>non</strong></span> <span class='ocrx_word' id='word_1_307' title='bbox 2371 2452 2475 2525; x_wconf 58' lang='lat' dir='ltr'><strong>per</strong></span> <span class='ocrx_word' id='word_1_308' title='bbox 2489 2445 2668 2525; x_wconf 76' lang='lat' dir='ltr'><strong>omnia</strong></span> <span class='ocrx_word' id='word_1_309' title='bbox 2687 2443 2944 2515; x_wconf 80' lang='lat' dir='ltr'><strong>imitatur,</strong></span> <span class='ocrx_word' id='word_1_310' title='bbox 2965 2447 3070 2505; x_wconf 89' lang='lat' dir='ltr'><strong>dici</strong></span> <span class='ocrx_word' id='word_1_311' title='bbox 3090 2453 3259 2521; x_wconf 83' lang='lat' dir='ltr'><strong>possit</strong></span> <span class='ocrx_word' id='word_1_312' title='bbox 3278 2439 3458 2525; x_wconf 81' lang='lat' dir='ltr'><strong>operis</strong></span> 
     </span>
    </p>
   </div>
   <div class='ocr_carea' id='block_1_48' title="bbox 1868 2503 2672 2569">
    <p class='ocr_par' dir='ltr' id='par_1_48' title="bbox 1868 2503 2672 2569">
     <span class='ocr_line' id='line_1_48' title="bbox 1868 2503 2672 2569; baseline 0.011 -11"><span class='ocrx_word' id='word_1_313' title='bbox 1868 2503 2181 2560; x_wconf 86' lang='lat' dir='ltr'><strong>Tertulliani</strong></span> <span class='ocrx_word' id='word_1_314' title='bbox 2207 2507 2342 2564; x_wconf 87' lang='lat' dir='ltr'><strong>liber</strong></span> <span class='ocrx_word' id='word_1_315' title='bbox 2369 2503 2672 2569; x_wconf 81' lang='lat' dir='ltr'><strong>Novatiani.</strong></span> 
     </span>
    </p>
   </div>
   <div class='ocr_carea' id='block_1_49' title="bbox 1475 2654 2232 2723">
    <p class='ocr_par' dir='ltr' id='par_1_49' title="bbox 1475 2654 2232 2723">
     <span class='ocr_line' id='line_1_49' title="bbox 1475 2654 2232 2723; baseline 0.02 -16"><span class='ocrx_word' id='word_1_316' title='bbox 1475 2654 1585 2711; x_wconf 84' lang='lat' dir='ltr'><strong>VII.</strong></span> <span class='ocrx_word' id='word_1_317' title='bbox 1633 2658 1721 2714; x_wconf 87' lang='lat' dir='ltr'><strong>DE</strong></span> <span class='ocrx_word' id='word_1_318' title='bbox 1752 2659 1970 2719; x_wconf 78' lang='lat' dir='ltr'><strong>CENSU</strong></span> <span class='ocrx_word' id='word_1_319' title='bbox 1992 2663 2232 2723; x_wconf 67' lang='grc' dir='ltr'><strong>ΑΝΙΜιΕ</strong></span> 
     </span>
    </p>
   </div>
   <div class='ocr_carea' id='block_1_50' title="bbox 777 2784 2868 2862">
    <p class='ocr_par' dir='ltr' id='par_1_50' title="bbox 777 2784 2868 2862">
     <span class='ocr_line' id='line_1_50' title="bbox 777 2784 2868 2862; baseline 0.011 -31"><span class='ocrx_word' id='word_1_320' title='bbox 777 2784 948 2832; x_wconf 73' lang='lat' dir='ltr'><strong>LIBRI</strong></span> <span class='ocrx_word' id='word_1_321' title='bbox 989 2785 1310 2833; x_wconf 71' lang='grc' dir='ltr'><strong>Αυνῐςιιεῠε</strong></span> <span class='ocrx_word' id='word_1_322' title='bbox 1348 2787 1793 2837; x_wconf 72' lang='lat' dir='ltr'><strong>HEBMOGENEM</strong></span> <span class='ocrx_word' id='word_1_323' title='bbox 1838 2796 2285 2843; x_wconf 69' lang='lat' dir='ltr'><strong>ARGUMENTUM</strong></span> <span class='ocrx_word' id='word_1_324' title='bbox 2327 2801 2410 2845; x_wconf 79' lang='grc' dir='ltr'><strong>ΕΤ</strong></span> <span class='ocrx_word' id='word_1_325' title='bbox 2452 2803 2868 2862; x_wconf 67' lang='lat' dir='ltr'><strong>FRAGMENTA.</strong></span> 
     </span>
    </p>
   </div>
   <div class='ocr_carea' id='block_1_51' title="bbox 1168 2918 2518 3007">
    <p class='ocr_par' dir='ltr' id='par_1_51' title="bbox 1168 2918 2518 3007">
     <span class='ocr_line' id='line_1_51' title="bbox 1168 2918 2518 3007; baseline 0.013 -28"><span class='ocrx_word' id='word_1_326' title='bbox 1168 2935 1252 2980; x_wconf 81' lang='lat' dir='ltr'><strong>ex</strong></span> <span class='ocrx_word' id='word_1_327' title='bbox 1276 2918 1443 2983; x_wconf 90' lang='lat' dir='ltr'><strong>libro</strong></span> <span class='ocrx_word' id='word_1_328' title='bbox 1469 2920 1545 2985; x_wconf 90' lang='lat' dir='ltr'><strong>de</strong></span> <span class='ocrx_word' id='word_1_329' title='bbox 1571 2922 1830 3002; x_wconf 83' lang='lat' dir='ltr'><strong>Anima,</strong></span> <span class='ocrx_word' id='word_1_330' title='bbox 1859 2943 1999 3007; x_wconf 86' lang='lat' dir='ltr'><strong>cap.</strong></span> <span class='ocrx_word' id='word_1_331' title='bbox 2035 2929 2095 3007; x_wconf 90' lang='grc'><strong>1,</strong></span> <span class='ocrx_word' id='word_1_332' title='bbox 2127 2929 2192 3007; x_wconf 88' lang='grc'><strong>3,</strong></span> <span class='ocrx_word' id='word_1_333' title='bbox 2219 2929 2304 2992; x_wconf 77' lang='lat'><strong>22</strong></span> <span class='ocrx_word' id='word_1_334' title='bbox 2331 2937 2392 2996; x_wconf 93' lang='lat' dir='ltr'><strong>et</strong></span> <span class='ocrx_word' id='word_1_335' title='bbox 2419 2933 2518 2996; x_wconf 63' lang='lat' dir='ltr'><strong>2h.</strong></span> 
     </span>
    </p>
   </div>
   <div class='ocr_carea' id='block_1_52' title="bbox 236 3059 1758 3135">
    <p class='ocr_par' dir='ltr' id='par_1_52' title="bbox 236 3059 1758 3135">
     <span class='ocr_line' id='line_1_52' title="bbox 236 3059 1758 3135; baseline 0.002 -17"><span class='ocrx_word' id='word_1_336' title='bbox 236 3063 314 3120; x_wconf 90' lang='lat' dir='ltr'><strong>De</strong></span> <span class='ocrx_word' id='word_1_337' title='bbox 325 3061 442 3119; x_wconf 88' lang='lat' dir='ltr'><strong>solo</strong></span> <span class='ocrx_word' id='word_1_338' title='bbox 460 3059 626 3118; x_wconf 66' lang='lat' dir='ltr'><strong>Cenat</strong></span> <span class='ocrx_word' id='word_1_339' title='bbox 645 3061 848 3128; x_wconf 70' lang='lat' dir='ltr'><strong>animm,</strong></span> <span class='ocrx_word' id='word_1_340' title='bbox 867 3062 1031 3133; x_wconf 82' lang='lat' dir='ltr'><strong>inquit</strong></span> <span class='ocrx_word' id='word_1_341' title='bbox 1052 3061 1413 3127; x_wconf 78' lang='lat' dir='ltr'><strong>Tertullianus,</strong></span> <span class='ocrx_word' id='word_1_342' title='bbox 1437 3078 1758 3135; x_wconf 85' lang='lat' dir='ltr'><strong>congressus</strong></span> 
     </span>
    </p>
   </div>
   <div class='ocr_carea' id='block_1_53' title="bbox 158 3154 1760 3228">
    <p class='ocr_par' dir='ltr' id='par_1_53' title="bbox 158 3154 1760 3228">
     <span class='ocr_line' id='line_1_53' title="bbox 158 3154 1760 3228; baseline 0.002 -16"><span class='ocrx_word' id='word_1_343' title='bbox 158 3155 487 3228; x_wconf 85' lang='lat' dir='ltr'><strong>Hermogeni</strong></span> <span class='ocrx_word' id='word_1_344' title='bbox 517 3198 531 3223; x_wconf 95' lang='lat'><strong>,</strong></span> <span class='ocrx_word' id='word_1_345' title='bbox 563 3166 825 3228; x_wconf 84' lang='lat' dir='ltr'><strong>quatenus</strong></span> <span class='ocrx_word' id='word_1_346' title='bbox 868 3163 924 3212; x_wconf 91' lang='lat' dir='ltr'><strong>et</strong></span> <span class='ocrx_word' id='word_1_347' title='bbox 973 3154 1131 3211; x_wconf 92' lang='lat' dir='ltr'><strong>istum</strong></span> <span class='ocrx_word' id='word_1_348' title='bbox 1179 3171 1247 3212; x_wconf 80' lang='lat' dir='ltr'><strong>ex</strong></span> <span class='ocrx_word' id='word_1_349' title='bbox 1304 3159 1540 3214; x_wconf 72' lang='lat' dir='ltr'><strong>materia:</strong></span> <span class='ocrx_word' id='word_1_350' title='bbox 1585 3161 1760 3227; x_wconf 89' lang='lat' dir='ltr'><strong>potius</strong></span> 
     </span>
    </p>
   </div>
   <div class='ocr_carea' id='block_1_54' title="bbox 158 3247 1756 3322">
    <p class='ocr_par' dir='ltr' id='par_1_54' title="bbox 158 3247 1756 3322">
     <span class='ocr_line' id='line_1_54' title="bbox 158 3247 1756 3322; baseline 0.002 -18"><span class='ocrx_word' id='word_1_351' title='bbox 158 3260 438 3322; x_wconf 85' lang='lat' dir='ltr'><strong>suggestu,</strong></span> <span class='ocrx_word' id='word_1_352' title='bbox 465 3265 623 3321; x_wconf 87' lang='lat' dir='ltr'><strong>quam</strong></span> <span class='ocrx_word' id='word_1_353' title='bbox 650 3265 718 3305; x_wconf 80' lang='lat' dir='ltr'><strong>ex</strong></span> <span class='ocrx_word' id='word_1_354' title='bbox 745 3249 837 3305; x_wconf 83' lang='lat' dir='ltr'><strong>Dei</strong></span> <span class='ocrx_word' id='word_1_355' title='bbox 867 3247 996 3305; x_wconf 90' lang='lat' dir='ltr'><strong>ﬂatu</strong></span> <span class='ocrx_word' id='word_1_356' title='bbox 1043 3250 1348 3307; x_wconf 85' lang='lat' dir='ltr'><strong>constitisse</strong></span> <span class='ocrx_word' id='word_1_357' title='bbox 1376 3253 1756 3322; x_wconf 69' lang='lat' dir='ltr'><strong>praesumpsit;</strong></span> 
     </span>
    </p>
   </div>
   <div class='ocr_carea' id='block_1_55' title="bbox 159 3341 1758 3418">
    <p class='ocr_par' dir='ltr' id='par_1_55' title="bbox 159 3341 1758 3418">
     <span class='ocr_line' id='line_1_55' title="bbox 159 3341 1758 3418; baseline 0.003 -22"><span class='ocrx_word' id='word_1_358' title='bbox 159 3358 310 3398; x_wconf 90' lang='lat' dir='ltr'><strong>nunc</strong></span> <span class='ocrx_word' id='word_1_359' title='bbox 356 3341 423 3397; x_wconf 91' lang='lat' dir='ltr'><strong>ad</strong></span> <span class='ocrx_word' id='word_1_360' title='bbox 472 3342 708 3415; x_wconf 91' lang='lat' dir='ltr'><strong>reliquas</strong></span> <span class='ocrx_word' id='word_1_361' title='bbox 755 3357 1051 3400; x_wconf 88' lang='lat' dir='ltr'><strong>conversus</strong></span> <span class='ocrx_word' id='word_1_362' title='bbox 1077 3344 1401 3414; x_wconf 63' lang='lat' dir='ltr'><strong>questiones</strong></span> <span class='ocrx_word' id='word_1_363' title='bbox 1425 3386 1440 3411; x_wconf 97' lang='lat'><strong>,</strong></span> <span class='ocrx_word' id='word_1_364' title='bbox 1471 3347 1758 3418; x_wconf 81' lang='lat' dir='ltr'><strong>plurimum</strong></span> 
     </span>
    </p>
   </div>
   <div class='ocr_carea' id='block_1_56' title="bbox 158 3433 1296 3507">
    <p class='ocr_par' dir='ltr' id='par_1_56' title="bbox 158 3433 1296 3507">
     <span class='ocr_line' id='line_1_56' title="bbox 158 3433 1296 3507; baseline 0.002 -18"><span class='ocrx_word' id='word_1_365' title='bbox 158 3433 391 3490; x_wconf 81' lang='lat' dir='ltr'><strong>videbor</strong></span> <span class='ocrx_word' id='word_1_366' title='bbox 414 3449 536 3491; x_wconf 90' lang='lat' dir='ltr'><strong>cum</strong></span> <span class='ocrx_word' id='word_1_367' title='bbox 565 3434 900 3507; x_wconf 81' lang='lat' dir='ltr'><strong>philosophis</strong></span> <span class='ocrx_word' id='word_1_368' title='bbox 924 3435 1296 3492; x_wconf 89' lang='lat' dir='ltr'><strong>dimicaturus.</strong></span> 
     </span>
    </p>
   </div>
   <div class='ocr_carea' id='block_1_57' title="bbox 236 3527 1759 3603">
    <p class='ocr_par' dir='ltr' id='par_1_57' title="bbox 236 3527 1759 3603">
     <span class='ocr_line' id='line_1_57' title="bbox 236 3527 1759 3603; baseline 0.003 -20"><span class='ocrx_word' id='word_1_369' title='bbox 236 3527 354 3583; x_wconf 86' lang='lat' dir='ltr'><strong>Una</strong></span> <span class='ocrx_word' id='word_1_370' title='bbox 371 3527 482 3598; x_wconf 86' lang='lat' dir='ltr'><strong>jam</strong></span> <span class='ocrx_word' id='word_1_371' title='bbox 503 3529 882 3599; x_wconf 75' lang='lat' dir='ltr'><strong>congressione</strong></span> <span class='ocrx_word' id='word_1_372' title='bbox 903 3527 1083 3583; x_wconf 89' lang='lat' dir='ltr'><strong>decisa</strong></span> <span class='ocrx_word' id='word_1_373' title='bbox 1107 3531 1347 3584; x_wconf 75' lang='lat' dir='ltr'><strong>adiiersus</strong></span> <span class='ocrx_word' id='word_1_374' title='bbox 1371 3530 1759 3603; x_wconf 82' lang='lat' dir='ltr'><strong>Hermogenem,</strong></span> 
     </span>
    </p>
   </div>
   <div class='ocr_carea' id='block_1_58' title="bbox 167 3621 1760 3692">
    <p class='ocr_par' dir='ltr' id='par_1_58' title="bbox 167 3621 1760 3692">
     <span class='ocr_line' id='line_1_58' title="bbox 167 3621 1760 3692; baseline 0.002 -15"><span class='ocrx_word' id='word_1_375' title='bbox 167 3629 231 3677; x_wconf 92' lang='lat' dir='ltr'><strong>ut</strong></span> <span class='ocrx_word' id='word_1_376' title='bbox 256 3621 462 3692; x_wconf 68' lang='lat' dir='ltr'><strong>praelati</strong></span> <span class='ocrx_word' id='word_1_377' title='bbox 495 3635 679 3676; x_wconf 90' lang='lat' dir='ltr'><strong>sumus</strong></span> <span class='ocrx_word' id='word_1_378' title='bbox 700 3661 714 3688; x_wconf 98' lang='lat'><strong>,</strong></span> <span class='ocrx_word' id='word_1_379' title='bbox 745 3621 869 3691; x_wconf 89' lang='lat' dir='ltr'><strong>quia</strong></span> <span class='ocrx_word' id='word_1_380' title='bbox 897 3622 1129 3677; x_wconf 88' lang='lat' dir='ltr'><strong>animam</strong></span> <span class='ocrx_word' id='word_1_381' title='bbox 1152 3638 1219 3676; x_wconf 86' lang='lat' dir='ltr'><strong>ex</strong></span> <span class='ocrx_word' id='word_1_382' title='bbox 1264 3622 1358 3678; x_wconf 88' lang='lat' dir='ltr'><strong>Dei</strong></span> <span class='ocrx_word' id='word_1_383' title='bbox 1383 3624 1530 3688; x_wconf 87' lang='lat' dir='ltr'><strong>llatu,</strong></span> <span class='ocrx_word' id='word_1_384' title='bbox 1561 3640 1666 3680; x_wconf 92' lang='lat' dir='ltr'><strong>non</strong></span> <span class='ocrx_word' id='word_1_385' title='bbox 1693 3641 1760 3680; x_wconf 79' lang='lat' dir='ltr'><strong>ex</strong></span> 
     </span>
    </p>
   </div>
   <div class='ocr_carea' id='block_1_59' title="bbox 161 3713 1762 3780">
    <p class='ocr_par' dir='ltr' id='par_1_59' title="bbox 161 3713 1762 3780">
     <span class='ocr_line' id='line_1_59' title="bbox 161 3713 1762 3780; baseline 0.001 -10"><span class='ocrx_word' id='word_1_386' title='bbox 161 3715 392 3770; x_wconf 82' lang='lat' dir='ltr'><strong>materia</strong></span> <span class='ocrx_word' id='word_1_387' title='bbox 417 3714 787 3780; x_wconf 81' lang='lat' dir='ltr'><strong>vindicamus;</strong></span> <span class='ocrx_word' id='word_1_388' title='bbox 833 3714 1020 3769; x_wconf 89' lang='lat' dir='ltr'><strong>muniti</strong></span> <span class='ocrx_word' id='word_1_389' title='bbox 1067 3722 1120 3769; x_wconf 92' lang='lat' dir='ltr'><strong>et</strong></span> <span class='ocrx_word' id='word_1_390' title='bbox 1149 3713 1256 3770; x_wconf 92' lang='lat' dir='ltr'><strong>illic</strong></span> <span class='ocrx_word' id='word_1_391' title='bbox 1280 3714 1479 3770; x_wconf 84' lang='lat' dir='ltr'><strong>divinae</strong></span> <span class='ocrx_word' id='word_1_392' title='bbox 1505 3715 1762 3772; x_wconf 83' lang='lat' dir='ltr'><strong>determi-</strong></span> 
     </span>
    </p>
   </div>
   <div class='ocr_carea' id='block_1_60' title="bbox 161 3805 1764 3879">
    <p class='ocr_par' dir='ltr' id='par_1_60' title="bbox 161 3805 1764 3879">
     <span class='ocr_line' id='line_1_60' title="bbox 161 3805 1764 3879; baseline -0.001 -14"><span class='ocrx_word' id='word_1_393' title='bbox 161 3808 402 3865; x_wconf 86' lang='lat' dir='ltr'><strong>nationis</strong></span> <span class='ocrx_word' id='word_1_394' title='bbox 428 3805 806 3864; x_wconf 86' lang='lat' dir='ltr'><strong>inobscurabili</strong></span> <span class='ocrx_word' id='word_1_395' title='bbox 838 3807 1019 3878; x_wconf 89' lang='lat' dir='ltr'><strong>regula</strong></span> <span class='ocrx_word' id='word_1_396' title='bbox 1064 3823 1078 3862; x_wconf 91' lang='lat'>:</span> <span class='ocrx_word' id='word_1_397' title='bbox 1111 3805 1177 3861; x_wconf 87' lang='lat' dir='ltr'><strong>Et</strong></span> <span class='ocrx_word' id='word_1_398' title='bbox 1203 3807 1365 3877; x_wconf 83' lang='lat' dir='ltr'><strong>ﬂavit,</strong></span> <span class='ocrx_word' id='word_1_399' title='bbox 1397 3809 1590 3879; x_wconf 89' lang='lat' dir='ltr'><strong>inquit,</strong></span> <span class='ocrx_word' id='word_1_400' title='bbox 1622 3806 1764 3863; x_wconf 76' lang='lat' dir='ltr'><strong>Deus</strong></span> 
     </span>
    </p>
   </div>
   <div class='ocr_carea' id='block_1_61' title="bbox 161 3901 1764 3974">
    <p class='ocr_par' dir='ltr' id='par_1_61' title="bbox 161 3901 1764 3974">
     <span class='ocr_line' id='line_1_61' title="bbox 161 3901 1764 3974; baseline -0.001 -17"><span class='ocrx_word' id='word_1_401' title='bbox 161 3904 352 3974; x_wconf 80' lang='lat' dir='ltr'><strong>ﬂatum</strong></span> <span class='ocrx_word' id='word_1_402' title='bbox 379 3903 494 3956; x_wconf 69' lang='lat' dir='ltr'><strong>vita</strong></span> <span class='ocrx_word' id='word_1_403' title='bbox 515 3901 568 3955; x_wconf 79' lang='lat' dir='ltr'><strong>in</strong></span> <span class='ocrx_word' id='word_1_404' title='bbox 596 3901 777 3971; x_wconf 77' lang='lat' dir='ltr'><strong>faciem</strong></span> <span class='ocrx_word' id='word_1_405' title='bbox 801 3901 1041 3965; x_wconf 75' lang='lat' dir='ltr'><strong>hominis,</strong></span> <span class='ocrx_word' id='word_1_406' title='bbox 1083 3909 1138 3953; x_wconf 84' lang='lat' dir='ltr'><strong>et</strong></span> <span class='ocrx_word' id='word_1_407' title='bbox 1185 3901 1351 3969; x_wconf 74' lang='lat' dir='ltr'><strong>factus</strong></span> <span class='ocrx_word' id='word_1_408' title='bbox 1396 3910 1470 3955; x_wconf 83' lang='lat' dir='ltr'><strong>est</strong></span> <span class='ocrx_word' id='word_1_409' title='bbox 1516 3901 1666 3955; x_wconf 80' lang='lat' dir='ltr'><strong>homo</strong></span> <span class='ocrx_word' id='word_1_410' title='bbox 1711 3903 1764 3955; x_wconf 83' lang='lat' dir='ltr'><strong>in</strong></span> 
     </span>
    </p>
   </div>
   <div class='ocr_carea' id='block_1_62' title="bbox 161 3989 1762 4064">
    <p class='ocr_par' dir='ltr' id='par_1_62' title="bbox 161 3989 1762 4064">
     <span class='ocr_line' id='line_1_62' title="bbox 161 3989 1762 4064; baseline -0.001 -14"><span class='ocrx_word' id='word_1_411' title='bbox 161 3995 395 4050; x_wconf 77' lang='lat' dir='ltr'><strong>animum</strong></span> <span class='ocrx_word' id='word_1_412' title='bbox 423 3993 584 4048; x_wconf 80' lang='lat' dir='ltr'><strong>vivam</strong></span> <span class='ocrx_word' id='word_1_413' title='bbox 614 3991 788 4064; x_wconf 63' lang='lat' dir='ltr'><strong>(Gem,</strong></span> <span class='ocrx_word' id='word_1_414' title='bbox 811 3990 887 4058; x_wconf 88' lang='lat' dir='ltr'><strong>Il;</strong></span> <span class='ocrx_word' id='word_1_415' title='bbox 915 3989 937 4046; x_wconf 91' lang='lat' dir='ltr'><strong>I</strong></span> <span class='ocrx_word' id='word_1_416' title='bbox 966 3990 1110 4057; x_wconf 89' lang='lat' dir='ltr'><strong>Cor.,</strong></span> <span class='ocrx_word' id='word_1_417' title='bbox 1138 3990 1296 4063; x_wconf 82' lang='lat' dir='ltr'><strong>XV),</strong></span> <span class='ocrx_word' id='word_1_418' title='bbox 1339 3993 1523 4062; x_wconf 88' lang='lat' dir='ltr'><strong>utique</strong></span> <span class='ocrx_word' id='word_1_419' title='bbox 1573 3995 1622 4049; x_wconf 87' lang='lat' dir='ltr'><strong>ei</strong></span> <span class='ocrx_word' id='word_1_420' title='bbox 1669 3993 1762 4048; x_wconf 91' lang='lat' dir='ltr'><strong>Dei</strong></span> 
     </span>
    </p>
   </div>
   <div class='ocr_carea' id='block_1_63' title="bbox 164 4084 1762 4156">
    <p class='ocr_par' dir='ltr' id='par_1_63' title="bbox 164 4084 1762 4156">
     <span class='ocr_line' id='line_1_63' title="bbox 164 4084 1762 4156; baseline -0.001 -12"><span class='ocrx_word' id='word_1_421' title='bbox 164 4089 322 4144; x_wconf 88' lang='lat' dir='ltr'><strong>ﬂatu.</strong></span> <span class='ocrx_word' id='word_1_422' title='bbox 352 4087 428 4143; x_wconf 91' lang='lat' dir='ltr'><strong>De</strong></span> <span class='ocrx_word' id='word_1_423' title='bbox 452 4087 554 4141; x_wconf 91' lang='lat' dir='ltr'><strong>isto</strong></span> <span class='ocrx_word' id='word_1_424' title='bbox 575 4085 704 4141; x_wconf 86' lang='lat' dir='ltr'><strong>nihil</strong></span> <span class='ocrx_word' id='word_1_425' title='bbox 731 4085 960 4156; x_wconf 88' lang='lat' dir='ltr'><strong>amplius</strong></span> <span class='ocrx_word' id='word_1_426' title='bbox 979 4084 1395 4151; x_wconf 84' lang='lat' dir='ltr'><strong>revolvendum;</strong></span> <span class='ocrx_word' id='word_1_427' title='bbox 1424 4085 1585 4144; x_wconf 83' lang='lat' dir='ltr'><strong>habet</strong></span> <span class='ocrx_word' id='word_1_428' title='bbox 1607 4101 1762 4142; x_wconf 90' lang='lat' dir='ltr'><strong>suum</strong></span> 
     </span>
    </p>
   </div>
   <div class='ocr_carea' id='block_1_64' title="bbox 161 4176 1003 4235">
    <p class='ocr_par' dir='ltr' id='par_1_64' title="bbox 161 4176 1003 4235">
     <span class='ocr_line' id='line_1_64' title="bbox 161 4176 1003 4235; baseline -0.005 0"><span class='ocrx_word' id='word_1_429' title='bbox 161 4179 379 4235; x_wconf 89' lang='lat' dir='ltr'><strong>titulum</strong></span> <span class='ocrx_word' id='word_1_430' title='bbox 407 4186 463 4234; x_wconf 91' lang='lat' dir='ltr'><strong>et</strong></span> <span class='ocrx_word' id='word_1_431' title='bbox 484 4192 640 4234; x_wconf 88' lang='lat' dir='ltr'><strong>suum</strong></span> <span class='ocrx_word' id='word_1_432' title='bbox 672 4176 1003 4233; x_wconf 72' lang='lat' dir='ltr'><strong>haereticum.</strong></span> 
     </span>
    </p>
   </div>
   <div class='ocr_carea' id='block_1_65' title="bbox 242 4269 1766 4345">
    <p class='ocr_par' dir='ltr' id='par_1_65' title="bbox 242 4269 1766 4345">
     <span class='ocr_line' id='line_1_65' title="bbox 242 4269 1766 4345; baseline 0.001 -19"><span class='ocrx_word' id='word_1_433' title='bbox 242 4270 508 4327; x_wconf 76' lang='lat' dir='ltr'><strong>Cteterum</strong></span> <span class='ocrx_word' id='word_1_434' title='bbox 552 4271 794 4325; x_wconf 75' lang='lat' dir='ltr'><strong>adversus</strong></span> <span class='ocrx_word' id='word_1_435' title='bbox 835 4269 1208 4341; x_wconf 79' lang='lat' dir='ltr'><strong>Hermogenem</strong></span> <span class='ocrx_word' id='word_1_436' title='bbox 1235 4311 1249 4336; x_wconf 94' lang='lat'><strong>,</strong></span> <span class='ocrx_word' id='word_1_437' title='bbox 1277 4271 1368 4342; x_wconf 92' lang='lat' dir='ltr'><strong>qui</strong></span> <span class='ocrx_word' id='word_1_438' title='bbox 1400 4285 1519 4328; x_wconf 88' lang='lat' dir='ltr'><strong>eam</strong></span> <span class='ocrx_word' id='word_1_439' title='bbox 1549 4271 1766 4345; x_wconf 91' lang='lat' dir='ltr'><strong>(nempe</strong></span> 
     </span>
    </p>
   </div>
   <div class='ocr_carea' id='block_1_66' title="bbox 165 4361 1765 4434">
    <p class='ocr_par' dir='ltr' id='par_1_66' title="bbox 165 4361 1765 4434">
     <span class='ocr_line' id='line_1_66' title="bbox 165 4361 1765 4434; baseline 0.003 -18"><span class='ocrx_word' id='word_1_440' title='bbox 165 4361 446 4430; x_wconf 88' lang='lat' dir='ltr'><strong>animam)</strong></span> <span class='ocrx_word' id='word_1_441' title='bbox 494 4378 562 4418; x_wconf 80' lang='lat' dir='ltr'><strong>ex</strong></span> <span class='ocrx_word' id='word_1_442' title='bbox 604 4363 851 4428; x_wconf 85' lang='lat' dir='ltr'><strong>materia,</strong></span> <span class='ocrx_word' id='word_1_443' title='bbox 882 4377 989 4418; x_wconf 92' lang='lat' dir='ltr'><strong>non</strong></span> <span class='ocrx_word' id='word_1_444' title='bbox 1033 4377 1102 4418; x_wconf 83' lang='lat' dir='ltr'><strong>ex</strong></span> <span class='ocrx_word' id='word_1_445' title='bbox 1151 4361 1247 4417; x_wconf 91' lang='lat' dir='ltr'><strong>Dei</strong></span> <span class='ocrx_word' id='word_1_446' title='bbox 1300 4361 1765 4434; x_wconf 87' lang='lat' dir='ltr'><strong>ﬂatu,contendit,</strong></span> 
     </span>
    </p>
   </div>
   <div class='ocr_carea' id='block_1_67' title="bbox 166 4456 1770 4531">
    <p class='ocr_par' dir='ltr' id='par_1_67' title="bbox 166 4456 1770 4531">
     <span class='ocr_line' id='line_1_67' title="bbox 166 4456 1770 4531; baseline 0.002 -18"><span class='ocrx_word' id='word_1_447' title='bbox 166 4457 358 4513; x_wconf 89' lang='lat' dir='ltr'><strong>ﬂatum</strong></span> <span class='ocrx_word' id='word_1_448' title='bbox 390 4458 604 4528; x_wconf 83' lang='lat' dir='ltr'><strong>proprie</strong></span> <span class='ocrx_word' id='word_1_449' title='bbox 661 4466 891 4514; x_wconf 90' lang='lat' dir='ltr'><strong>tuemur.</strong></span> <span class='ocrx_word' id='word_1_450' title='bbox 947 4456 1044 4514; x_wconf 87' lang='lat' dir='ltr'><strong>Ille</strong></span> <span class='ocrx_word' id='word_1_451' title='bbox 1080 4458 1223 4512; x_wconf 90' lang='lat' dir='ltr'><strong>enim</strong></span> <span class='ocrx_word' id='word_1_452' title='bbox 1248 4501 1262 4525; x_wconf 93' lang='lat'><strong>,</strong></span> <span class='ocrx_word' id='word_1_453' title='bbox 1303 4458 1561 4515; x_wconf 85' lang='lat' dir='ltr'><strong>adversus</strong></span> <span class='ocrx_word' id='word_1_454' title='bbox 1604 4461 1770 4531; x_wconf 86' lang='lat' dir='ltr'><strong>ipsius</strong></span> 
     </span>
    </p>
   </div>
   <div class='ocr_carea' id='block_1_68' title="bbox 166 4549 1768 4624">
    <p class='ocr_par' dir='ltr' id='par_1_68' title="bbox 166 4549 1768 4624">
     <span class='ocr_line' id='line_1_68' title="bbox 166 4549 1768 4624; baseline 0.001 -15"><span class='ocrx_word' id='word_1_455' title='bbox 166 4553 464 4624; x_wconf 64' lang='lat' dir='ltr'><strong>Scriptura</strong></span> <span class='ocrx_word' id='word_1_456' title='bbox 504 4550 664 4608; x_wconf 89' lang='lat' dir='ltr'><strong>ﬁdem</strong></span> <span class='ocrx_word' id='word_1_457' title='bbox 702 4549 885 4608; x_wconf 89' lang='lat' dir='ltr'><strong>ﬂatum</strong></span> <span class='ocrx_word' id='word_1_458' title='bbox 935 4551 988 4606; x_wconf 93' lang='lat' dir='ltr'><strong>in</strong></span> <span class='ocrx_word' id='word_1_459' title='bbox 1027 4550 1282 4622; x_wconf 92' lang='lat' dir='ltr'><strong>Spiritum</strong></span> <span class='ocrx_word' id='word_1_460' title='bbox 1330 4552 1522 4619; x_wconf 82' lang='lat' dir='ltr'><strong>vertit;</strong></span> <span class='ocrx_word' id='word_1_461' title='bbox 1556 4564 1612 4608; x_wconf 91' lang='lat' dir='ltr'><strong>ut</strong></span> <span class='ocrx_word' id='word_1_462' title='bbox 1640 4555 1768 4611; x_wconf 91' lang='lat' dir='ltr'><strong>dum</strong></span> 
     </span>
    </p>
   </div>
   <div class='ocr_carea' id='block_1_69' title="bbox 166 4645 1768 4718">
    <p class='ocr_par' dir='ltr' id='par_1_69' title="bbox 166 4645 1768 4718">
     <span class='ocr_line' id='line_1_69' title="bbox 166 4645 1768 4718; baseline -0.001 -14"><span class='ocrx_word' id='word_1_463' title='bbox 166 4648 486 4704; x_wconf 88' lang='lat' dir='ltr'><strong>incredibile</strong></span> <span class='ocrx_word' id='word_1_464' title='bbox 508 4656 592 4703; x_wconf 90' lang='lat' dir='ltr'><strong>est</strong></span> <span class='ocrx_word' id='word_1_465' title='bbox 614 4646 868 4718; x_wconf 86' lang='lat' dir='ltr'><strong>Spiritum</strong></span> <span class='ocrx_word' id='word_1_466' title='bbox 895 4647 991 4702; x_wconf 90' lang='lat' dir='ltr'><strong>Dei</strong></span> <span class='ocrx_word' id='word_1_467' title='bbox 1015 4645 1069 4703; x_wconf 94' lang='lat' dir='ltr'><strong>in</strong></span> <span class='ocrx_word' id='word_1_468' title='bbox 1092 4646 1428 4714; x_wconf 89' lang='lat' dir='ltr'><strong>delictum,et</strong></span> <span class='ocrx_word' id='word_1_469' title='bbox 1456 4663 1580 4703; x_wconf 80' lang='lat' dir='ltr'><strong>mox</strong></span> <span class='ocrx_word' id='word_1_470' title='bbox 1605 4648 1657 4703; x_wconf 93' lang='lat' dir='ltr'><strong>in</strong></span> <span class='ocrx_word' id='word_1_471' title='bbox 1677 4648 1768 4718; x_wconf 78' lang='lat' dir='ltr'><strong>ju—</strong></span> 
     </span>
    </p>
   </div>
   <div class='ocr_carea' id='block_1_70' title="bbox 166 4738 1766 4810">
    <p class='ocr_par' dir='ltr' id='par_1_70' title="bbox 166 4738 1766 4810">
     <span class='ocr_line' id='line_1_70' title="bbox 166 4738 1766 4810; baseline 0.001 -14"><span class='ocrx_word' id='word_1_472' title='bbox 166 4740 372 4797; x_wconf 90' lang='lat' dir='ltr'><strong>dicium</strong></span> <span class='ocrx_word' id='word_1_473' title='bbox 393 4738 648 4796; x_wconf 84' lang='lat' dir='ltr'><strong>devenire</strong></span> <span class='ocrx_word' id='word_1_474' title='bbox 675 4780 692 4807; x_wconf 95' lang='lat'><strong>,</strong></span> <span class='ocrx_word' id='word_1_475' title='bbox 720 4754 789 4796; x_wconf 83' lang='lat' dir='ltr'><strong>ex</strong></span> <span class='ocrx_word' id='word_1_476' title='bbox 819 4739 1041 4795; x_wconf 90' lang='lat' dir='ltr'><strong>materia</strong></span> <span class='ocrx_word' id='word_1_477' title='bbox 1071 4741 1250 4810; x_wconf 89' lang='lat' dir='ltr'><strong>p0tius</strong></span> <span class='ocrx_word' id='word_1_478' title='bbox 1295 4739 1471 4794; x_wconf 85' lang='lat' dir='ltr'><strong>anima</strong></span> <span class='ocrx_word' id='word_1_479' title='bbox 1497 4740 1766 4810; x_wconf 87' lang='lat' dir='ltr'><strong>credatur,</strong></span> 
     </span>
    </p>
   </div>
   <div class='ocr_carea' id='block_1_71' title="bbox 1863 3075 3462 3150">
    <p class='ocr_par' dir='ltr' id='par_1_71' title="bbox 1863 3075 3462 3150">
     <span class='ocr_line' id='line_1_71' title="bbox 1863 3075 3462 3150; baseline 0.016 -26"><span class='ocrx_word' id='word_1_480' title='bbox 1863 3086 2021 3140; x_wconf 89' lang='lat' dir='ltr'><strong>quam</strong></span> <span class='ocrx_word' id='word_1_481' title='bbox 2050 3089 2116 3128; x_wconf 83' lang='lat' dir='ltr'><strong>ex</strong></span> <span class='ocrx_word' id='word_1_482' title='bbox 2147 3075 2238 3131; x_wconf 88' lang='lat' dir='ltr'><strong>Dei</strong></span> <span class='ocrx_word' id='word_1_483' title='bbox 2266 3077 2486 3148; x_wconf 90' lang='lat' dir='ltr'><strong>Spiritu.</strong></span> <span class='ocrx_word' id='word_1_484' title='bbox 2515 3079 2720 3138; x_wconf 89' lang='lat' dir='ltr'><strong>Idcirco</strong></span> <span class='ocrx_word' id='word_1_485' title='bbox 2764 3098 2863 3140; x_wconf 88' lang='lat' dir='ltr'><strong>nos</strong></span> <span class='ocrx_word' id='word_1_486' title='bbox 2901 3092 2957 3142; x_wconf 90' lang='lat' dir='ltr'><strong>et</strong></span> <span class='ocrx_word' id='word_1_487' title='bbox 2995 3085 3105 3144; x_wconf 90' lang='lat' dir='ltr'><strong>illic</strong></span> <span class='ocrx_word' id='word_1_488' title='bbox 3134 3087 3315 3148; x_wconf 86' lang='lat' dir='ltr'><strong>ﬂatum</strong></span> <span class='ocrx_word' id='word_1_489' title='bbox 3343 3105 3462 3150; x_wconf 88' lang='lat' dir='ltr'><strong>eam</strong></span> 
     </span>
    </p>
   </div>
   <div class='ocr_carea' id='block_1_72' title="bbox 1865 3162 3466 3254">
    <p class='ocr_par' dir='ltr' id='par_1_72' title="bbox 1865 3162 3466 3254">
     <span class='ocr_line' id='line_1_72' title="bbox 1865 3162 3466 3254; baseline 0.016 -36"><span class='ocrx_word' id='word_1_490' title='bbox 1865 3162 2203 3222; x_wconf 80' lang='lat' dir='ltr'><strong>defendimus</strong></span> <span class='ocrx_word' id='word_1_491' title='bbox 2221 3209 2236 3234; x_wconf 95' lang='lat'><strong>,</strong></span> <span class='ocrx_word' id='word_1_492' title='bbox 2262 3186 2366 3225; x_wconf 93' lang='lat' dir='ltr'><strong>non</strong></span> <span class='ocrx_word' id='word_1_493' title='bbox 2392 3173 2639 3240; x_wconf 88' lang='lat' dir='ltr'><strong>spiritum</strong></span> <span class='ocrx_word' id='word_1_494' title='bbox 2665 3216 2681 3241; x_wconf 97' lang='lat'><strong>,</strong></span> <span class='ocrx_word' id='word_1_495' title='bbox 2712 3179 3006 3236; x_wconf 87' lang='lat' dir='ltr'><strong>secundum</strong></span> <span class='ocrx_word' id='word_1_496' title='bbox 3053 3181 3382 3254; x_wconf 90' lang='lat' dir='ltr'><strong>Scripturam</strong></span> <span class='ocrx_word' id='word_1_497' title='bbox 3409 3195 3466 3244; x_wconf 89' lang='lat' dir='ltr'><strong>et</strong></span> 
     </span>
    </p>
   </div>
   <div class='ocr_carea' id='block_1_73' title="bbox 1864 3258 3466 3346">
    <p class='ocr_par' dir='ltr' id='par_1_73' title="bbox 1864 3258 3466 3346">
     <span class='ocr_line' id='line_1_73' title="bbox 1864 3258 3466 3346; baseline 0.018 -40"><span class='ocrx_word' id='word_1_498' title='bbox 1864 3258 2158 3314; x_wconf 77' lang='lat' dir='ltr'><strong>secundum</strong></span> <span class='ocrx_word' id='word_1_499' title='bbox 2200 3261 2422 3331; x_wconf 87' lang='lat' dir='ltr'><strong>spiritus</strong></span> <span class='ocrx_word' id='word_1_500' title='bbox 2449 3263 2884 3336; x_wconf 89' lang='lat' dir='ltr'><strong>distinctionem;</strong></span> <span class='ocrx_word' id='word_1_501' title='bbox 2914 3281 2968 3328; x_wconf 90' lang='lat' dir='ltr'><strong>et</strong></span> <span class='ocrx_word' id='word_1_502' title='bbox 2998 3272 3083 3328; x_wconf 87' lang='lat' dir='ltr'><strong>hic</strong></span> <span class='ocrx_word' id='word_1_503' title='bbox 3111 3275 3354 3346; x_wconf 90' lang='lat' dir='ltr'><strong>spiritum</strong></span> <span class='ocrx_word' id='word_1_504' title='bbox 3384 3278 3466 3335; x_wconf 80' lang='lat' dir='ltr'><strong>iu-</strong></span> 
     </span>
    </p>
   </div>
   <div class='ocr_carea' id='block_1_74' title="bbox 1864 3347 3465 3435">
    <p class='ocr_par' dir='ltr' id='par_1_74' title="bbox 1864 3347 3465 3435">
     <span class='ocr_line' id='line_1_74' title="bbox 1864 3347 3465 3435; baseline 0.017 -36"><span class='ocrx_word' id='word_1_505' title='bbox 1864 3347 2030 3417; x_wconf 88' lang='lat' dir='ltr'><strong>gratis</strong></span> <span class='ocrx_word' id='word_1_506' title='bbox 2080 3352 2525 3423; x_wconf 82' lang='lat' dir='ltr'><strong>pronuntiamus,</strong></span> <span class='ocrx_word' id='word_1_507' title='bbox 2568 3359 2866 3416; x_wconf 88' lang='lat' dir='ltr'><strong>secundum</strong></span> <span class='ocrx_word' id='word_1_508' title='bbox 2917 3364 3154 3435; x_wconf 87' lang='lat' dir='ltr'><strong>spirandi</strong></span> <span class='ocrx_word' id='word_1_509' title='bbox 3203 3377 3255 3422; x_wconf 90' lang='lat' dir='ltr'><strong>et</strong></span> <span class='ocrx_word' id='word_1_510' title='bbox 3299 3367 3465 3426; x_wconf 88' lang='lat' dir='ltr'><strong>ﬂandi</strong></span> 
     </span>
    </p>
   </div>
   <div class='ocr_carea' id='block_1_75' title="bbox 1864 3439 3464 3530">
    <p class='ocr_par' dir='ltr' id='par_1_75' title="bbox 1864 3439 3464 3530">
     <span class='ocr_line' id='line_1_75' title="bbox 1864 3439 3464 3530; baseline 0.016 -37"><span class='ocrx_word' id='word_1_511' title='bbox 1864 3439 2264 3509; x_wconf 84' lang='lat' dir='ltr'><strong>conditionem;</strong></span> <span class='ocrx_word' id='word_1_512' title='bbox 2299 3444 2407 3501; x_wconf 91' lang='lat' dir='ltr'><strong>illic</strong></span> <span class='ocrx_word' id='word_1_513' title='bbox 2434 3445 2503 3503; x_wconf 89' lang='lat' dir='ltr'><strong>de</strong></span> <span class='ocrx_word' id='word_1_514' title='bbox 2537 3449 2836 3508; x_wconf 89' lang='lat' dir='ltr'><strong>substantia</strong></span> <span class='ocrx_word' id='word_1_515' title='bbox 2862 3455 3087 3524; x_wconf 65' lang='lat' dir='ltr'><strong>quaestio</strong></span> <span class='ocrx_word' id='word_1_516' title='bbox 3107 3466 3191 3513; x_wconf 91' lang='lat' dir='ltr'><strong>est</strong></span> <span class='ocrx_word' id='word_1_517' title='bbox 3211 3496 3229 3526; x_wconf 94' lang='lat'><strong>,</strong></span> <span class='ocrx_word' id='word_1_518' title='bbox 3258 3459 3464 3530; x_wconf 88' lang='lat' dir='ltr'><strong>spirare</strong></span> 
     </span>
    </p>
   </div>
   <div class='ocr_carea' id='block_1_76' title="bbox 1866 3535 2652 3598">
    <p class='ocr_par' dir='ltr' id='par_1_76' title="bbox 1866 3535 2652 3598">
     <span class='ocr_line' id='line_1_76' title="bbox 1866 3535 2652 3598; baseline 0.01 -10"><span class='ocrx_word' id='word_1_519' title='bbox 1866 3535 2011 3588; x_wconf 90' lang='lat' dir='ltr'><strong>enim</strong></span> <span class='ocrx_word' id='word_1_520' title='bbox 2038 3536 2353 3594; x_wconf 65' lang='lat' dir='ltr'><strong>substantia:</strong></span> <span class='ocrx_word' id='word_1_521' title='bbox 2373 3551 2523 3597; x_wconf 89' lang='lat' dir='ltr'><strong>actus</strong></span> <span class='ocrx_word' id='word_1_522' title='bbox 2547 3553 2652 3598; x_wconf 90' lang='lat' dir='ltr'><strong>est.</strong></span> 
     </span>
    </p>
   </div>
   <div class='ocr_carea' id='block_1_77' title="bbox 1937 3625 3464 3707">
    <p class='ocr_par' dir='ltr' id='par_1_77' title="bbox 1937 3625 3464 3707">
     <span class='ocr_line' id='line_1_77' title="bbox 1937 3625 3464 3707; baseline 0.015 -26"><span class='ocrx_word' id='word_1_523' title='bbox 1937 3625 2143 3684; x_wconf 61' lang='lat' dir='ltr'><strong>Catera</strong></span> <span class='ocrx_word' id='word_1_524' title='bbox 2168 3631 2361 3686; x_wconf 79' lang='lat' dir='ltr'><strong>anima:</strong></span> <span class='ocrx_word' id='word_1_525' title='bbox 2383 3636 2640 3691; x_wconf 89' lang='lat' dir='ltr'><strong>naturalia</strong></span> <span class='ocrx_word' id='word_1_526' title='bbox 2665 3636 2775 3707; x_wconf 86' lang='lat' dir='ltr'><strong>jam</strong></span> <span class='ocrx_word' id='word_1_527' title='bbox 2809 3653 2838 3694; x_wconf 89' lang='lat' dir='ltr'><strong>a</strong></span> <span class='ocrx_word' id='word_1_528' title='bbox 2863 3638 3017 3696; x_wconf 91' lang='lat' dir='ltr'><strong>nobis</strong></span> <span class='ocrx_word' id='word_1_529' title='bbox 3043 3639 3212 3697; x_wconf 86' lang='lat' dir='ltr'><strong>audiit</strong></span> <span class='ocrx_word' id='word_1_530' title='bbox 3240 3641 3464 3703; x_wconf 83' lang='lat' dir='ltr'><strong>Hermo-</strong></span> 
     </span>
    </p>
   </div>
   <div class='ocr_carea' id='block_1_78' title="bbox 1865 3723 3464 3809">
    <p class='ocr_par' dir='ltr' id='par_1_78' title="bbox 1865 3723 3464 3809">
     <span class='ocr_line' id='line_1_78' title="bbox 1865 3723 3464 3809; baseline 0.014 -38"><span class='ocrx_word' id='word_1_531' title='bbox 1865 3729 2033 3786; x_wconf 89' lang='lat' dir='ltr'><strong>genes</strong></span> <span class='ocrx_word' id='word_1_532' title='bbox 2055 3760 2070 3784; x_wconf 94' lang='lat'><strong>,</strong></span> <span class='ocrx_word' id='word_1_533' title='bbox 2099 3735 2222 3776; x_wconf 91' lang='lat' dir='ltr'><strong>cum</strong></span> <span class='ocrx_word' id='word_1_534' title='bbox 2253 3723 2488 3792; x_wconf 85' lang='lat' dir='ltr'><strong>ipsorum</strong></span> <span class='ocrx_word' id='word_1_535' title='bbox 2534 3727 2846 3786; x_wconf 74' lang='lat' dir='ltr'><strong>defensione</strong></span> <span class='ocrx_word' id='word_1_536' title='bbox 2889 3739 2944 3787; x_wconf 90' lang='lat' dir='ltr'><strong>et</strong></span> <span class='ocrx_word' id='word_1_537' title='bbox 2990 3732 3338 3804; x_wconf 84' lang='lat' dir='ltr'><strong>probatione,</strong></span> <span class='ocrx_word' id='word_1_538' title='bbox 3369 3752 3464 3809; x_wconf 90' lang='lat' dir='ltr'><strong>per</strong></span> 
     </span>
    </p>
   </div>
   <div class='ocr_carea' id='block_1_79' title="bbox 1868 3809 3463 3902">
    <p class='ocr_par' dir='ltr' id='par_1_79' title="bbox 1868 3809 3463 3902">
     <span class='ocr_line' id='line_1_79' title="bbox 1868 3809 3463 3902; baseline 0.015 -39"><span class='ocrx_word' id='word_1_539' title='bbox 1868 3822 1987 3878; x_wconf 70' lang='lat' dir='ltr'><strong>quae</strong></span> <span class='ocrx_word' id='word_1_540' title='bbox 2039 3809 2133 3868; x_wconf 92' lang='lat' dir='ltr'><strong>Dei</strong></span> <span class='ocrx_word' id='word_1_541' title='bbox 2181 3814 2360 3885; x_wconf 86' lang='lat' dir='ltr'><strong>potius</strong></span> <span class='ocrx_word' id='word_1_542' title='bbox 2411 3834 2572 3890; x_wconf 90' lang='lat' dir='ltr'><strong>quam</strong></span> <span class='ocrx_word' id='word_1_543' title='bbox 2621 3825 2858 3880; x_wconf 74' lang='lat' dir='ltr'><strong>materia:</strong></span> <span class='ocrx_word' id='word_1_544' title='bbox 2907 3825 3204 3897; x_wconf 86' lang='lat' dir='ltr'><strong>propinqua</strong></span> <span class='ocrx_word' id='word_1_545' title='bbox 3261 3842 3463 3902; x_wconf 78' lang='lat' dir='ltr'><strong>cogno-</strong></span> 
     </span>
    </p>
   </div>
   <div class='ocr_carea' id='block_1_80' title="bbox 1870 3903 2059 3960">
    <p class='ocr_par' dir='ltr' id='par_1_80' title="bbox 1870 3903 2059 3960">
     <span class='ocr_line' id='line_1_80' title="bbox 1870 3903 2059 3960; baseline 0.026 -5"><span class='ocrx_word' id='word_1_546' title='bbox 1870 3903 2059 3960; x_wconf 89' lang='lat' dir='ltr'><strong>scitur.</strong></span> 
     </span>
    </p>
   </div>
   <div class='ocr_carea' id='block_1_81' title="bbox 1942 3995 3462 4086">
    <p class='ocr_par' dir='ltr' id='par_1_81' title="bbox 1942 3995 3462 4086">
     <span class='ocr_line' id='line_1_81' title="bbox 1942 3995 3462 4086; baseline 0.016 -36"><span class='ocrx_word' id='word_1_547' title='bbox 1942 3995 2049 4052; x_wconf 87' lang='lat' dir='ltr'><strong>Nos</strong></span> <span class='ocrx_word' id='word_1_548' title='bbox 2072 4007 2272 4067; x_wconf 91' lang='lat' dir='ltr'><strong>autem,</strong></span> <span class='ocrx_word' id='word_1_549' title='bbox 2297 4000 2386 4072; x_wconf 88' lang='lat' dir='ltr'><strong>qui</strong></span> <span class='ocrx_word' id='word_1_550' title='bbox 2413 4001 2542 4059; x_wconf 84' lang='lat' dir='ltr'><strong>nihil</strong></span> <span class='ocrx_word' id='word_1_551' title='bbox 2564 4005 2938 4077; x_wconf 85' lang='lat' dir='ltr'><strong>adpendimus,</strong></span> <span class='ocrx_word' id='word_1_552' title='bbox 2968 4009 3072 4069; x_wconf 87' lang='lat' dir='ltr'><strong>hoc</strong></span> <span class='ocrx_word' id='word_1_553' title='bbox 3095 4014 3210 4086; x_wconf 87' lang='lat' dir='ltr'><strong>ipso</strong></span> <span class='ocrx_word' id='word_1_554' title='bbox 3228 4017 3462 4072; x_wconf 83' lang='lat' dir='ltr'><strong>animam</strong></span> 
     </span>
    </p>
   </div>
   <div class='ocr_carea' id='block_1_82' title="bbox 1872 4087 3460 4177">
    <p class='ocr_par' dir='ltr' id='par_1_82' title="bbox 1872 4087 3460 4177">
     <span class='ocr_line' id='line_1_82' title="bbox 1872 4087 3460 4177; baseline 0.018 -36"><span class='ocrx_word' id='word_1_555' title='bbox 1872 4087 2028 4159; x_wconf 90' lang='lat' dir='ltr'><strong>longe</strong></span> <span class='ocrx_word' id='word_1_556' title='bbox 2078 4090 2215 4147; x_wconf 82' lang='lat' dir='ltr'><strong>infra</strong></span> <span class='ocrx_word' id='word_1_557' title='bbox 2266 4092 2436 4151; x_wconf 90' lang='lat' dir='ltr'><strong>Deum</strong></span> <span class='ocrx_word' id='word_1_558' title='bbox 2484 4099 2874 4172; x_wconf 90' lang='lat' dir='ltr'><strong>rependimus,</strong></span> <span class='ocrx_word' id='word_1_559' title='bbox 2920 4107 3061 4177; x_wconf 91' lang='lat' dir='ltr'><strong>quod</strong></span> <span class='ocrx_word' id='word_1_560' title='bbox 3112 4121 3291 4166; x_wconf 90' lang='lat' dir='ltr'><strong>natam</strong></span> <span class='ocrx_word' id='word_1_561' title='bbox 3343 4125 3460 4168; x_wconf 88' lang='lat' dir='ltr'><strong>eam</strong></span> 
     </span>
    </p>
   </div>
   <div class='ocr_carea' id='block_1_83' title="bbox 1870 4187 3466 4273">
    <p class='ocr_par' dir='ltr' id='par_1_83' title="bbox 1870 4187 3466 4273">
     <span class='ocr_line' id='line_1_83' title="bbox 1870 4187 3466 4273; baseline 0.014 -35"><span class='ocrx_word' id='word_1_562' title='bbox 1870 4187 2240 4254; x_wconf 77' lang='lat' dir='ltr'><strong>agnoscimus;</strong></span> <span class='ocrx_word' id='word_1_563' title='bbox 2270 4203 2332 4245; x_wconf 88' lang='lat' dir='ltr'><strong>ac</strong></span> <span class='ocrx_word' id='word_1_564' title='bbox 2355 4206 2449 4261; x_wconf 88' lang='lat' dir='ltr'><strong>per</strong></span> <span class='ocrx_word' id='word_1_565' title='bbox 2471 4190 2572 4250; x_wconf 87' lang='lat' dir='ltr'><strong>hoc</strong></span> <span class='ocrx_word' id='word_1_566' title='bbox 2592 4193 2860 4254; x_wconf 87' lang='lat' dir='ltr'><strong>dilutioris</strong></span> <span class='ocrx_word' id='word_1_567' title='bbox 2883 4197 3203 4273; x_wconf 83' lang='lat' dir='ltr'><strong>divinitatis,</strong></span> <span class='ocrx_word' id='word_1_568' title='bbox 3225 4205 3466 4263; x_wconf 83' lang='lat' dir='ltr'><strong>exilioris</strong></span> 
     </span>
    </p>
   </div>
   <div class='ocr_carea' id='block_1_84' title="bbox 1873 4274 3466 4362">
    <p class='ocr_par' dir='ltr' id='par_1_84' title="bbox 1873 4274 3466 4362">
     <span class='ocr_line' id='line_1_84' title="bbox 1873 4274 3466 4362; baseline 0.015 -31"><span class='ocrx_word' id='word_1_569' title='bbox 1873 4274 2179 4346; x_wconf 81' lang='lat' dir='ltr'><strong>felicitatis;</strong></span> <span class='ocrx_word' id='word_1_570' title='bbox 2212 4290 2270 4336; x_wconf 92' lang='lat' dir='ltr'><strong>ut</strong></span> <span class='ocrx_word' id='word_1_571' title='bbox 2315 4281 2498 4340; x_wconf 89' lang='lat' dir='ltr'><strong>ﬂatum</strong></span> <span class='ocrx_word' id='word_1_572' title='bbox 2525 4328 2539 4352; x_wconf 92' lang='lat'><strong>,</strong></span> <span class='ocrx_word' id='word_1_573' title='bbox 2568 4302 2673 4342; x_wconf 92' lang='lat' dir='ltr'><strong>non</strong></span> <span class='ocrx_word' id='word_1_574' title='bbox 2713 4297 2772 4345; x_wconf 92' lang='lat' dir='ltr'><strong>ut</strong></span> <span class='ocrx_word' id='word_1_575' title='bbox 2813 4291 3094 4362; x_wconf 87' lang='lat' dir='ltr'><strong>spiritum;</strong></span> <span class='ocrx_word' id='word_1_576' title='bbox 3119 4296 3220 4351; x_wconf 91' lang='lat' dir='ltr'><strong>etsi</strong></span> <span class='ocrx_word' id='word_1_577' title='bbox 3246 4298 3466 4354; x_wconf 84' lang='lat' dir='ltr'><strong>immor-</strong></span> 
     </span>
    </p>
   </div>
   <div class='ocr_carea' id='block_1_85' title="bbox 1877 4371 3466 4460">
    <p class='ocr_par' dir='ltr' id='par_1_85' title="bbox 1877 4371 3466 4460">
     <span class='ocr_line' id='line_1_85' title="bbox 1877 4371 3466 4460; baseline 0.016 -35"><span class='ocrx_word' id='word_1_578' title='bbox 1877 4371 2056 4438; x_wconf 89' lang='lat' dir='ltr'><strong>talem,</strong></span> <span class='ocrx_word' id='word_1_579' title='bbox 2085 4383 2140 4428; x_wconf 94' lang='lat' dir='ltr'><strong>ut</strong></span> <span class='ocrx_word' id='word_1_580' title='bbox 2162 4374 2263 4431; x_wconf 86' lang='lat' dir='ltr'><strong>hoc</strong></span> <span class='ocrx_word' id='word_1_581' title='bbox 2283 4378 2354 4432; x_wconf 92' lang='lat' dir='ltr'><strong>sit</strong></span> <span class='ocrx_word' id='word_1_582' title='bbox 2377 4377 2701 4446; x_wconf 85' lang='lat' dir='ltr'><strong>divinitatis;</strong></span> <span class='ocrx_word' id='word_1_583' title='bbox 2730 4393 2906 4440; x_wconf 89' lang='lat' dir='ltr'><strong>tamen</strong></span> <span class='ocrx_word' id='word_1_584' title='bbox 2935 4389 3260 4460; x_wconf 87' lang='lat' dir='ltr'><strong>passibilem,</strong></span> <span class='ocrx_word' id='word_1_585' title='bbox 3287 4402 3344 4448; x_wconf 92' lang='lat' dir='ltr'><strong>ut</strong></span> <span class='ocrx_word' id='word_1_586' title='bbox 3364 4393 3466 4450; x_wconf 87' lang='lat' dir='ltr'><strong>hoc</strong></span> 
     </span>
    </p>
   </div>
   <div class='ocr_carea' id='block_1_86' title="bbox 1873 4465 3466 4546">
    <p class='ocr_par' dir='ltr' id='par_1_86' title="bbox 1873 4465 3466 4546">
     <span class='ocr_line' id='line_1_86' title="bbox 1873 4465 3466 4546; baseline 0.016 -27"><span class='ocrx_word' id='word_1_587' title='bbox 1873 4465 1943 4520; x_wconf 88' lang='lat' dir='ltr'><strong>sit</strong></span> <span class='ocrx_word' id='word_1_588' title='bbox 1967 4467 2285 4537; x_wconf 87' lang='lat' dir='ltr'><strong>nativitatis;</strong></span> <span class='ocrx_word' id='word_1_589' title='bbox 2334 4470 2562 4542; x_wconf 88' lang='lat' dir='ltr'><strong>ideoque</strong></span> <span class='ocrx_word' id='word_1_590' title='bbox 2595 4483 2649 4529; x_wconf 90' lang='lat' dir='ltr'><strong>et</strong></span> <span class='ocrx_word' id='word_1_591' title='bbox 2673 4488 2704 4529; x_wconf 91' lang='lat' dir='ltr'><strong>a</strong></span> <span class='ocrx_word' id='word_1_592' title='bbox 2735 4476 3030 4546; x_wconf 90' lang='lat' dir='ltr'><strong>primordio</strong></span> <span class='ocrx_word' id='word_1_593' title='bbox 3056 4484 3466 4544; x_wconf 75' lang='lat' dir='ltr'><strong>exorbitationis</strong></span> 
     </span>
    </p>
   </div>
   <div class='ocr_carea' id='block_1_87' title="bbox 1874 4559 3466 4635">
    <p class='ocr_par' dir='ltr' id='par_1_87' title="bbox 1874 4559 3466 4635">
     <span class='ocr_line' id='line_1_87' title="bbox 1874 4559 3466 4635; baseline 0.014 -22"><span class='ocrx_word' id='word_1_594' title='bbox 1874 4571 2146 4630; x_wconf 88' lang='lat' dir='ltr'><strong>capacem,</strong></span> <span class='ocrx_word' id='word_1_595' title='bbox 2171 4569 2226 4615; x_wconf 93' lang='lat' dir='ltr'><strong>et</strong></span> <span class='ocrx_word' id='word_1_596' title='bbox 2259 4559 2383 4615; x_wconf 89' lang='lat' dir='ltr'><strong>inde</strong></span> <span class='ocrx_word' id='word_1_597' title='bbox 2420 4562 2581 4618; x_wconf 87' lang='lat' dir='ltr'><strong>etiam</strong></span> <span class='ocrx_word' id='word_1_598' title='bbox 2612 4566 2897 4626; x_wconf 83' lang='lat' dir='ltr'><strong>oblivionis</strong></span> <span class='ocrx_word' id='word_1_599' title='bbox 2926 4570 3182 4631; x_wconf 88' lang='lat' dir='ltr'><strong>adﬁnem.</strong></span> <span class='ocrx_word' id='word_1_600' title='bbox 3227 4576 3369 4633; x_wconf 86' lang='lat' dir='ltr'><strong>Satis</strong></span> <span class='ocrx_word' id='word_1_601' title='bbox 3396 4577 3466 4635; x_wconf 86' lang='lat' dir='ltr'><strong>de</strong></span> 
     </span>
    </p>
   </div>
   <div class='ocr_carea' id='block_1_88' title="bbox 1875 4651 2517 4725">
    <p class='ocr_par' dir='ltr' id='par_1_88' title="bbox 1875 4651 2517 4725">
     <span class='ocr_line' id='line_1_88' title="bbox 1875 4651 2517 4725; baseline 0.006 -19"><span class='ocrx_word' id='word_1_602' title='bbox 1875 4651 1982 4708; x_wconf 92' lang='lat' dir='ltr'><strong>isto</strong></span> <span class='ocrx_word' id='word_1_603' title='bbox 2010 4667 2130 4709; x_wconf 86' lang='lat' dir='ltr'><strong>cum</strong></span> <span class='ocrx_word' id='word_1_604' title='bbox 2159 4651 2517 4725; x_wconf 77' lang='lat' dir='ltr'><strong>Hermogene.</strong></span> 
     </span>
    </p>
   </div>
   <div class='ocr_carea' id='block_1_89' title="bbox 248 4873 3461 4964">
    <p class='ocr_par' dir='ltr' id='par_1_89' title="bbox 248 4873 3461 4964">
     <span class='ocr_line' id='line_1_89' title="bbox 248 4873 3461 4964; baseline 0.006 -32"><span class='ocrx_word' id='word_1_605' title='bbox 248 4874 344 4932; x_wconf 79' lang='lat' dir='ltr'><strong>His</strong></span> <span class='ocrx_word' id='word_1_606' title='bbox 365 4876 599 4964; x_wconf 79' lang='lat' dir='ltr'><strong>quinque</strong></span> <span class='ocrx_word' id='word_1_607' title='bbox 623 4875 756 4964; x_wconf 68' lang='lat' dir='ltr'><strong>locis</strong></span> <span class='ocrx_word' id='word_1_608' title='bbox 784 4883 969 4964; x_wconf 63' lang='lat' dir='ltr'><strong>auctor</strong></span> <span class='ocrx_word' id='word_1_609' title='bbox 998 4873 1050 4928; x_wconf 90' lang='lat' dir='ltr'><strong>in</strong></span> <span class='ocrx_word' id='word_1_610' title='bbox 1079 4873 1580 4964; x_wconf 39' lang='lat' dir='ltr'><strong>primisltitulumnct</strong></span> <span class='ocrx_word' id='word_1_611' title='bbox 1607 4891 1768 4947; x_wconf 85' lang='lat' dir='ltr'><strong>argu-</strong></span> <span class='ocrx_word' id='word_1_612' title='bbox 1793 4879 1846 4940; x_wconf 89' lang='lat' dir='ltr'><strong>D</strong></span> <span class='ocrx_word' id='word_1_613' title='bbox 1872 4877 2276 4964; x_wconf 73' lang='lat' dir='ltr'><strong>inspirationem,</strong></span> <span class='ocrx_word' id='word_1_614' title='bbox 2308 4887 2404 4964; x_wconf 69' lang='lat' dir='ltr'><strong>ant</strong></span> <span class='ocrx_word' id='word_1_615' title='bbox 2434 4880 2866 4964; x_wconf 68' lang='lat' dir='ltr'><strong>adspirationem,</strong></span> <span class='ocrx_word' id='word_1_616' title='bbox 2885 4897 2978 4964; x_wconf 72' lang='lat' dir='ltr'><strong>aut</strong></span> <span class='ocrx_word' id='word_1_617' title='bbox 3005 4890 3252 4957; x_wconf 84' lang='lat' dir='ltr'><strong>animam,</strong></span> <span class='ocrx_word' id='word_1_618' title='bbox 3301 4906 3461 4964; x_wconf 88' lang='lat' dir='ltr'><strong>quam</strong></span> 
     </span>
    </p>
   </div>
   <div class='ocr_carea' id='block_1_90' title="bbox 169 4943 1766 5019">
    <p class='ocr_par' dir='ltr' id='par_1_90' title="bbox 169 4943 1766 5019">
     <span class='ocr_line' id='line_1_90' title="bbox 169 4943 1766 5019; baseline -0.003 -14"><span class='ocrx_word' id='word_1_619' title='bbox 169 4943 415 5005; x_wconf 81' lang='lat' dir='ltr'><strong>mentum</strong></span> <span class='ocrx_word' id='word_1_620' title='bbox 446 4943 643 5003; x_wconf 83' lang='lat' dir='ltr'><strong>indicat</strong></span> <span class='ocrx_word' id='word_1_621' title='bbox 674 4964 688 5001; x_wconf 87' lang='lat'><strong>:</strong></span> <span class='ocrx_word' id='word_1_622' title='bbox 715 4946 789 5019; x_wconf 74' lang='lat' dir='ltr'><strong>de</strong></span> <span class='ocrx_word' id='word_1_623' title='bbox 816 4943 982 5019; x_wconf 75' lang='lat' dir='ltr'><strong>Censu</strong></span> <span class='ocrx_word' id='word_1_624' title='bbox 1007 4947 1191 5019; x_wconf 67' lang='lat' dir='ltr'><strong>animo:</strong></span> <span class='ocrx_word' id='word_1_625' title='bbox 1214 4946 1451 5001; x_wconf 73' lang='lat' dir='ltr'><strong>adversus</strong></span> <span class='ocrx_word' id='word_1_626' title='bbox 1482 4943 1766 5019; x_wconf 47' lang='lat' dir='ltr'><strong>Hermoge-</strong></span> 
     </span>
    </p>
   </div>
   <div class='ocr_carea' id='block_1_91' title="bbox 172 5017 1764 5087">
    <p class='ocr_par' dir='ltr' id='par_1_91' title="bbox 172 5017 1764 5087">
     <span class='ocr_line' id='line_1_91' title="bbox 172 5017 1764 5087; baseline -0.001 -13"><span class='ocrx_word' id='word_1_627' title='bbox 172 5037 315 5085; x_wconf 79' lang='lat' dir='ltr'><strong>nem,</strong></span> <span class='ocrx_word' id='word_1_628' title='bbox 339 5019 428 5074; x_wconf 82' lang='lat' dir='ltr'><strong>ubi</strong></span> <span class='ocrx_word' id='word_1_629' title='bbox 456 5035 660 5073; x_wconf 73' lang='lat' dir='ltr'><strong>censum</strong></span> <span class='ocrx_word' id='word_1_630' title='bbox 680 5017 847 5087; x_wconf 84' lang='lat' dir='ltr'><strong>accipi</strong></span> <span class='ocrx_word' id='word_1_631' title='bbox 876 5031 973 5086; x_wconf 90' lang='lat' dir='ltr'><strong>pro</strong></span> <span class='ocrx_word' id='word_1_632' title='bbox 993 5017 1217 5083; x_wconf 76' lang='lat' dir='ltr'><strong>origine,</strong></span> <span class='ocrx_word' id='word_1_633' title='bbox 1244 5029 1596 5086; x_wconf 76' lang='lat' dir='ltr'><strong>praeterquam</strong></span> <span class='ocrx_word' id='word_1_634' title='bbox 1624 5017 1764 5087; x_wconf 81' lang='lat' dir='ltr'><strong>quod</strong></span> 
     </span>
    </p>
   </div>
   <div class='ocr_carea' id='block_1_92' title="bbox 173 5087 1773 5162">
    <p class='ocr_par' dir='ltr' id='par_1_92' title="bbox 173 5087 1773 5162">
     <span class='ocr_line' id='line_1_92' title="bbox 173 5087 1773 5162; baseline -0.001 -17"><span class='ocrx_word' id='word_1_635' title='bbox 173 5091 518 5162; x_wconf 30' lang='lat' dir='ltr'><strong>priuriﬂloco,</strong></span> <span class='ocrx_word' id='word_1_636' title='bbox 550 5090 708 5146; x_wconf 89' lang='lat' dir='ltr'><strong>etiam</strong></span> <span class='ocrx_word' id='word_1_637' title='bbox 730 5087 812 5143; x_wconf 90' lang='lat' dir='ltr'><strong>vel</strong></span> <span class='ocrx_word' id='word_1_638' title='bbox 842 5089 963 5143; x_wconf 90' lang='lat' dir='ltr'><strong>inde</strong></span> <span class='ocrx_word' id='word_1_639' title='bbox 990 5089 1342 5162; x_wconf 77' lang='lat' dir='ltr'><strong>pat_et_,_quod</strong></span> <span class='ocrx_word' id='word_1_640' title='bbox 1370 5087 1630 5162; x_wconf 80' lang='lat' dir='ltr'><strong>refutetur</strong></span> <span class='ocrx_word' id='word_1_641' title='bbox 1659 5091 1773 5144; x_wconf 79' lang='lat' dir='ltr'><strong>liae-</strong></span> 
     </span>
    </p>
   </div>
   <div class='ocr_carea' id='block_1_93' title="bbox 175 5157 1765 5232">
    <p class='ocr_par' dir='ltr' id='par_1_93' title="bbox 175 5157 1765 5232">
     <span class='ocr_line' id='line_1_93' title="bbox 175 5157 1765 5232; baseline 0.001 -15"><span class='ocrx_word' id='word_1_642' title='bbox 175 5157 319 5217; x_wconf 75' lang='lat' dir='ltr'><strong>resis</strong></span> <span class='ocrx_word' id='word_1_643' title='bbox 340 5160 706 5232; x_wconf 89' lang='lat' dir='ltr'><strong>Ilermogenis,</strong></span> <span class='ocrx_word' id='word_1_644' title='bbox 729 5174 831 5230; x_wconf 87' lang='lat' dir='ltr'><strong>qua</strong></span> <span class='ocrx_word' id='word_1_645' title='bbox 855 5174 960 5214; x_wconf 93' lang='lat' dir='ltr'><strong>non</strong></span> <span class='ocrx_word' id='word_1_646' title='bbox 977 5173 1042 5213; x_wconf 79' lang='lat' dir='ltr'><strong>ex</strong></span> <span class='ocrx_word' id='word_1_647' title='bbox 1062 5158 1154 5212; x_wconf 92' lang='lat' dir='ltr'><strong>Dei</strong></span> <span class='ocrx_word' id='word_1_648' title='bbox 1177 5157 1324 5232; x_wconf 80' lang='lat' dir='ltr'><strong>ﬂatu,</strong></span> <span class='ocrx_word' id='word_1_649' title='bbox 1339 5160 1515 5232; x_wconf 70' lang='lat' dir='ltr'><strong>sede):</strong></span> <span class='ocrx_word' id='word_1_650' title='bbox 1544 5163 1765 5232; x_wconf 86' lang='lat' dir='ltr'><strong>materia</strong></span> 
     </span>
    </p>
   </div>
   <div class='ocr_carea' id='block_1_94' title="bbox 173 5229 1769 5302">
    <p class='ocr_par' dir='ltr' id='par_1_94' title="bbox 173 5229 1769 5302">
     <span class='ocr_line' id='line_1_94' title="bbox 173 5229 1769 5302; baseline 0.001 -16"><span class='ocrx_word' id='word_1_651' title='bbox 173 5233 372 5286; x_wconf 72' lang='lat' dir='ltr'><strong>anima:</strong></span> <span class='ocrx_word' id='word_1_652' title='bbox 400 5229 660 5302; x_wconf 80' lang='lat' dir='ltr'><strong>originem</strong></span> <span class='ocrx_word' id='word_1_653' title='bbox 688 5229 993 5302; x_wconf 78' lang='lat' dir='ltr'><strong>constitisse</strong></span> <span class='ocrx_word' id='word_1_654' title='bbox 1017 5229 1395 5302; x_wconf 85' lang='lat' dir='ltr'><strong>contendebat.</strong></span> <span class='ocrx_word' id='word_1_655' title='bbox 1426 5230 1577 5286; x_wconf 86' lang='lat' dir='ltr'><strong>Haud</strong></span> <span class='ocrx_word' id='word_1_656' title='bbox 1608 5234 1769 5288; x_wconf 84' lang='lat' dir='ltr'><strong>aliter</strong></span> 
     </span>
    </p>
   </div>
   <div class='ocr_carea' id='block_1_95' title="bbox 174 5300 1763 5374">
    <p class='ocr_par' dir='ltr' id='par_1_95' title="bbox 174 5300 1763 5374">
     <span class='ocr_line' id='line_1_95' title="bbox 174 5300 1763 5374; baseline 0.001 -16"><span class='ocrx_word' id='word_1_657' title='bbox 174 5313 341 5374; x_wconf 85' lang='lat' dir='ltr'><strong>atque</strong></span> <span class='ocrx_word' id='word_1_658' title='bbox 386 5300 643 5374; x_wconf 83' lang='lat' dir='ltr'><strong>mundum</strong></span> <span class='ocrx_word' id='word_1_659' title='bbox 683 5301 879 5356; x_wconf 78' lang='lat' dir='ltr'><strong>factum</strong></span> <span class='ocrx_word' id='word_1_660' title='bbox 925 5300 1138 5374; x_wconf 82' lang='lat' dir='ltr'><strong>dicebat</strong></span> <span class='ocrx_word' id='word_1_661' title='bbox 1179 5316 1282 5355; x_wconf 91' lang='lat' dir='ltr'><strong>non</strong></span> <span class='ocrx_word' id='word_1_662' title='bbox 1319 5319 1384 5358; x_wconf 77' lang='lat' dir='ltr'><strong>ex</strong></span> <span class='ocrx_word' id='word_1_663' title='bbox 1429 5304 1597 5356; x_wconf 84' lang='lat' dir='ltr'><strong>nihilo</strong></span> <span class='ocrx_word' id='word_1_664' title='bbox 1621 5344 1635 5367; x_wconf 89' lang='lat'><strong>,</strong></span> <span class='ocrx_word' id='word_1_665' title='bbox 1668 5305 1763 5359; x_wconf 76' lang='lat' dir='ltr'><strong>sed</strong></span> 
     </span>
    </p>
   </div>
   <div class='ocr_carea' id='block_1_96' title="bbox 173 5371 1765 5442">
    <p class='ocr_par' dir='ltr' id='par_1_96' title="bbox 173 5371 1765 5442">
     <span class='ocr_line' id='line_1_96' title="bbox 173 5371 1765 5442; baseline -0.001 -11"><span class='ocrx_word' id='word_1_666' title='bbox 173 5371 494 5431; x_wconf 64' lang='lat' dir='ltr'><strong>ex&#39;materia</strong></span> <span class='ocrx_word' id='word_1_667' title='bbox 523 5373 631 5428; x_wconf 92' lang='lat' dir='ltr'><strong>Deo</strong></span> <span class='ocrx_word' id='word_1_668' title='bbox 659 5381 926 5429; x_wconf 77' lang='lat' dir='ltr'><strong>cozeterna</strong></span> <span class='ocrx_word' id='word_1_669' title='bbox 954 5413 969 5436; x_wconf 93' lang='lat'><strong>,</strong></span> <span class='ocrx_word' id='word_1_670' title='bbox 1009 5371 1267 5428; x_wconf 89' lang='lat' dir='ltr'><strong>adversus</strong></span> <span class='ocrx_word' id='word_1_671' title='bbox 1312 5387 1468 5442; x_wconf 88' lang='lat' dir='ltr'><strong>quam</strong></span> <span class='ocrx_word' id='word_1_672' title='bbox 1519 5375 1765 5430; x_wconf 67' lang='lat' dir='ltr'><strong>haeresim</strong></span> 
     </span>
    </p>
   </div>
   <div class='ocr_carea' id='block_1_97' title="bbox 172 5442 1767 5516">
    <p class='ocr_par' dir='ltr' id='par_1_97' title="bbox 172 5442 1767 5516">
     <span class='ocr_line' id='line_1_97' title="bbox 172 5442 1767 5516; baseline 0 -15"><span class='ocrx_word' id='word_1_673' title='bbox 172 5459 342 5516; x_wconf 88' lang='lat' dir='ltr'><strong>supra</strong></span> <span class='ocrx_word' id='word_1_674' title='bbox 387 5445 622 5514; x_wconf 78' lang='lat' dir='ltr'><strong>disputat</strong></span> <span class='ocrx_word' id='word_1_675' title='bbox 667 5453 892 5510; x_wconf 86' lang='lat' dir='ltr'><strong>auctor,</strong></span> <span class='ocrx_word' id='word_1_676' title='bbox 933 5442 1142 5516; x_wconf 42' lang='grc' dir='ltr'><strong>[μασιν.⁵</strong></span> <span class='ocrx_word' id='word_1_677' title='bbox 1186 5442 1433 5516; x_wconf 73' lang='lat' dir='ltr'><strong>Hermog.</strong></span> <span class='ocrx_word' id='word_1_678' title='bbox 1473 5443 1588 5499; x_wconf 76' lang='lat' dir='ltr'><strong>Iam</strong></span> <span class='ocrx_word' id='word_1_679' title='bbox 1638 5463 1767 5501; x_wconf 80' lang='lat' dir='ltr'><strong>vero</strong></span> 
     </span>
    </p>
   </div>
   <div class='ocr_carea' id='block_1_98' title="bbox 174 5513 1766 5585">
    <p class='ocr_par' dir='ltr' id='par_1_98' title="bbox 174 5513 1766 5585">
     <span class='ocr_line' id='line_1_98' title="bbox 174 5513 1766 5585; baseline 0.001 -14"><span class='ocrx_word' id='word_1_680' title='bbox 174 5513 341 5571; x_wconf 76' lang='lat' dir='ltr'><strong>etiam</strong></span> <span class='ocrx_word' id='word_1_681' title='bbox 387 5516 523 5572; x_wconf 87' lang='lat' dir='ltr'><strong>duas</strong></span> <span class='ocrx_word' id='word_1_682' title='bbox 577 5516 870 5585; x_wconf 87' lang='lat' dir='ltr'><strong>scripturas</strong></span> <span class='ocrx_word' id='word_1_683' title='bbox 930 5513 1122 5578; x_wconf 74' lang='lat' dir='ltr'><strong>affert,</strong></span> <span class='ocrx_word' id='word_1_684' title='bbox 1152 5513 1344 5584; x_wconf 84' lang='lat' dir='ltr'><strong>quibus</strong></span> <span class='ocrx_word' id='word_1_685' title='bbox 1386 5513 1616 5572; x_wconf 82' lang='lat' dir='ltr'><strong>animam</strong></span> <span class='ocrx_word' id='word_1_686' title='bbox 1674 5518 1766 5573; x_wconf 76' lang='lat' dir='ltr'><strong>Dei</strong></span> 
     </span>
    </p>
   </div>
   <div class='ocr_carea' id='block_1_99' title="bbox 174 5585 1762 5656">
    <p class='ocr_par' dir='ltr' id='par_1_99' title="bbox 174 5585 1762 5656">
     <span class='ocr_line' id='line_1_99' title="bbox 174 5585 1762 5656; baseline 0 -13"><span class='ocrx_word' id='word_1_687' title='bbox 174 5587 364 5643; x_wconf 88' lang='lat' dir='ltr'><strong>ﬂatum</strong></span> <span class='ocrx_word' id='word_1_688' title='bbox 391 5588 646 5656; x_wconf 87' lang='lat' dir='ltr'><strong>probasse</strong></span> <span class='ocrx_word' id='word_1_689' title='bbox 670 5602 730 5641; x_wconf 90' lang='lat' dir='ltr'><strong>se</strong></span> <span class='ocrx_word' id='word_1_690' title='bbox 758 5585 1049 5655; x_wconf 80' lang='lat' dir='ltr'><strong>signiﬁcat,</strong></span> <span class='ocrx_word' id='word_1_691' title='bbox 1079 5585 1214 5641; x_wconf 89' lang='lat' dir='ltr'><strong>Gen.</strong></span> <span class='ocrx_word' id='word_1_692' title='bbox 1272 5587 1310 5640; x_wconf 91' lang='lat' dir='ltr'><strong>ll</strong></span> <span class='ocrx_word' id='word_1_693' title='bbox 1345 5598 1398 5642; x_wconf 90' lang='lat' dir='ltr'><strong>et</strong></span> <span class='ocrx_word' id='word_1_694' title='bbox 1424 5587 1442 5640; x_wconf 94' lang='lat' dir='ltr'><strong>I</strong></span> <span class='ocrx_word' id='word_1_695' title='bbox 1472 5587 1620 5649; x_wconf 62' lang='lat' dir='ltr'><strong>Cum,</strong></span> <span class='ocrx_word' id='word_1_696' title='bbox 1647 5589 1762 5655; x_wconf 70' lang='lat' dir='ltr'><strong>XV,</strong></span> 
     </span>
    </p>
   </div>
   <div class='ocr_carea' id='block_1_100' title="bbox 176 5657 1762 5729">
    <p class='ocr_par' dir='ltr' id='par_1_100' title="bbox 176 5657 1762 5729">
     <span class='ocr_line' id='line_1_100' title="bbox 176 5657 1762 5729; baseline 0.001 -16"><span class='ocrx_word' id='word_1_697' title='bbox 176 5661 232 5713; x_wconf 88' lang='lat' dir='ltr'><strong>in</strong></span> <span class='ocrx_word' id='word_1_698' title='bbox 264 5659 460 5729; x_wconf 91' lang='lat' dir='ltr'><strong>quibus</strong></span> <span class='ocrx_word' id='word_1_699' title='bbox 490 5674 610 5714; x_wconf 90' lang='lat' dir='ltr'><strong>cum</strong></span> <span class='ocrx_word' id='word_1_700' title='bbox 641 5657 728 5712; x_wconf 89' lang='lat' dir='ltr'><strong>ille</strong></span> <span class='ocrx_word' id='word_1_701' title='bbox 753 5699 768 5721; x_wconf 97' lang='lat'><strong>,</strong></span> <span class='ocrx_word' id='word_1_702' title='bbox 799 5659 873 5710; x_wconf 88' lang='lat' dir='ltr'><strong>uti</strong></span> <span class='ocrx_word' id='word_1_703' title='bbox 905 5672 1018 5711; x_wconf 75' lang='lat' dir='ltr'><strong>sua:</strong></span> <span class='ocrx_word' id='word_1_704' title='bbox 1050 5658 1235 5712; x_wconf 69' lang='lat' dir='ltr'><strong>ltmresi</strong></span> <span class='ocrx_word' id='word_1_705' title='bbox 1266 5658 1535 5714; x_wconf 82' lang='lat' dir='ltr'><strong>videretur</strong></span> <span class='ocrx_word' id='word_1_706' title='bbox 1565 5658 1762 5725; x_wconf 76' lang='lat' dir='ltr'><strong>favere,</strong></span> 
     </span>
    </p>
   </div>
   <div class='ocr_carea' id='block_1_101' title="bbox 179 5729 1766 5798">
    <p class='ocr_par' dir='ltr' id='par_1_101' title="bbox 179 5729 1766 5798">
     <span class='ocr_line' id='line_1_101' title="bbox 179 5729 1766 5798; baseline 0 -16"><span class='ocrx_word' id='word_1_707' title='bbox 179 5731 438 5785; x_wconf 83' lang='lat' dir='ltr'><strong>vertisset</strong></span> <span class='ocrx_word' id='word_1_708' title='bbox 495 5731 731 5797; x_wconf 80' lang='lat' dir='ltr'><strong>spiritum</strong></span> <span class='ocrx_word' id='word_1_709' title='bbox 781 5729 916 5793; x_wconf 71' lang='lat' dir='ltr'><strong>vitta,</strong></span> <span class='ocrx_word' id='word_1_710' title='bbox 974 5743 1070 5795; x_wconf 92' lang='lat' dir='ltr'><strong>pro</strong></span> <span class='ocrx_word' id='word_1_711' title='bbox 1113 5744 1179 5782; x_wconf 91' lang='lat' dir='ltr'><strong>co</strong></span> <span class='ocrx_word' id='word_1_712' title='bbox 1215 5730 1356 5798; x_wconf 90' lang='lat' dir='ltr'><strong>quod</strong></span> <span class='ocrx_word' id='word_1_713' title='bbox 1400 5730 1488 5783; x_wconf 89' lang='lat' dir='ltr'><strong>alii</strong></span> <span class='ocrx_word' id='word_1_714' title='bbox 1538 5731 1766 5798; x_wconf 80' lang='lat' dir='ltr'><strong>ﬂatmn;</strong></span> 
     </span>
    </p>
   </div>
   <div class='ocr_carea' id='block_1_102' title="bbox 177 5798 1766 5870">
    <p class='ocr_par' dir='ltr' id='par_1_102' title="bbox 177 5798 1766 5870">
     <span class='ocr_line' id='line_1_102' title="bbox 177 5798 1766 5870; baseline 0.001 -16"><span class='ocrx_word' id='word_1_715' title='bbox 177 5809 368 5854; x_wconf 79' lang='lat' dir='ltr'><strong>contra</strong></span> <span class='ocrx_word' id='word_1_716' title='bbox 423 5800 709 5870; x_wconf 77' lang='lat' dir='ltr'><strong>Scriptura:</strong></span> <span class='ocrx_word' id='word_1_717' title='bbox 743 5798 920 5862; x_wconf 87' lang='lat' dir='ltr'><strong>ﬁdem,</strong></span> <span class='ocrx_word' id='word_1_718' title='bbox 951 5808 1131 5870; x_wconf 86' lang='lat' dir='ltr'><strong>utpote</strong></span> <span class='ocrx_word' id='word_1_719' title='bbox 1175 5815 1294 5853; x_wconf 88' lang='lat' dir='ltr'><strong>cum</strong></span> <span class='ocrx_word' id='word_1_720' title='bbox 1341 5815 1513 5869; x_wconf 66' lang='lat' dir='ltr'><strong>ng-ce</strong></span> <span class='ocrx_word' id='word_1_721' title='bbox 1564 5803 1766 5869; x_wconf 78' lang='lat' dir='ltr'><strong>legatur</strong></span> 
     </span>
    </p>
   </div>
   <div class='ocr_carea' id='block_1_103' title="bbox 180 5869 1764 5941">
    <p class='ocr_par' dir='ltr' id='par_1_103' title="bbox 180 5869 1764 5941">
     <span class='ocr_line' id='line_1_103' title="bbox 180 5869 1764 5941; baseline 0.001 -16"><span class='ocrx_word' id='word_1_722' title='bbox 180 5886 364 5933; x_wconf 54' lang='lat' dir='ltr'><strong>mam,</strong></span> <span class='ocrx_word' id='word_1_723' title='bbox 410 5869 552 5940; x_wconf 89' lang='lat' dir='ltr'><strong>quod</strong></span> <span class='ocrx_word' id='word_1_724' title='bbox 595 5871 833 5941; x_wconf 78' lang='lat' dir='ltr'><strong>plerique</strong></span> <span class='ocrx_word' id='word_1_725' title='bbox 881 5869 1081 5922; x_wconf 85' lang='lat' dir='ltr'><strong>malunt</strong></span> <span class='ocrx_word' id='word_1_726' title='bbox 1128 5871 1246 5941; x_wconf 67' lang='lat' dir='ltr'><strong>(rel</strong></span> <span class='ocrx_word' id='word_1_727' title='bbox 1303 5871 1361 5924; x_wconf 85' lang='grc' dir='ltr'><strong>Β.</strong></span> <span class='ocrx_word' id='word_1_728' title='bbox 1415 5874 1545 5940; x_wconf 75' lang='lat' dir='ltr'><strong>Aug.</strong></span> <span class='ocrx_word' id='word_1_729' title='bbox 1609 5881 1764 5934; x_wconf 86' lang='lat' dir='ltr'><strong>teste,</strong></span> 
     </span>
    </p>
   </div>
   <div class='ocr_carea' id='block_1_104' title="bbox 181 5940 1766 6015">
    <p class='ocr_par' dir='ltr' id='par_1_104' title="bbox 181 5940 1766 6015">
     <span class='ocr_line' id='line_1_104' title="bbox 181 5940 1766 6015; baseline -0.004 -13"><span class='ocrx_word' id='word_1_730' title='bbox 181 5944 277 6002; x_wconf 86' lang='lat' dir='ltr'><strong>lib.</strong></span> <span class='ocrx_word' id='word_1_731' title='bbox 313 5941 427 6001; x_wconf 72' lang='grc' dir='ltr'><strong>λιιι</strong></span> <span class='ocrx_word' id='word_1_732' title='bbox 452 5983 467 6011; x_wconf 88' lang='grc'><strong><em>,</em></strong></span> <span class='ocrx_word' id='word_1_733' title='bbox 497 5943 559 6000; x_wconf 77' lang='lat' dir='ltr'><strong>de</strong></span> <span class='ocrx_word' id='word_1_734' title='bbox 603 5943 748 5999; x_wconf 75' lang='lat' dir='ltr'><strong>Civit.</strong></span> <span class='ocrx_word' id='word_1_735' title='bbox 779 5940 911 6009; x_wconf 82' lang='lat' dir='ltr'><strong>Dei,</strong></span> <span class='ocrx_word' id='word_1_736' title='bbox 959 5957 1008 5999; x_wconf 86' lang='lat' dir='ltr'><strong>c.</strong></span> <span class='ocrx_word' id='word_1_737' title='bbox 1037 5940 1146 6015; x_wconf 65' lang='grc' dir='ltr'><strong>Ἠ)</strong></span> <span class='ocrx_word' id='word_1_738' title='bbox 1177 5944 1511 6012; x_wconf 84' lang='lat' dir='ltr'><strong>interpretari</strong></span> <span class='ocrx_word' id='word_1_739' title='bbox 1560 5943 1766 6014; x_wconf 78' lang='lat' dir='ltr'><strong>ﬂatum,</strong></span> 
     </span>
    </p>
   </div>
   <div class='ocr_carea' id='block_1_105' title="bbox 1872 4949 3464 5022">
    <p class='ocr_par' dir='ltr' id='par_1_105' title="bbox 1872 4949 3464 5022">
     <span class='ocr_line' id='line_1_105' title="bbox 1872 4949 3464 5022; baseline 0.016 -24"><span class='ocrx_word' id='word_1_740' title='bbox 1872 4950 2107 5022; x_wconf 58' lang='lat' dir='ltr'><strong>spiritum</strong></span> <span class='ocrx_word' id='word_1_741' title='bbox 2137 4966 2155 5014; x_wconf 88' lang='grc'><strong><em>;</em></strong></span> <span class='ocrx_word' id='word_1_742' title='bbox 2185 4949 2447 5022; x_wconf 84' lang='lat' dir='ltr'><strong>signiﬁcat</strong></span> <span class='ocrx_word' id='word_1_743' title='bbox 2477 4949 2636 5007; x_wconf 85' lang='lat' dir='ltr'><strong>tertio</strong></span> <span class='ocrx_word' id='word_1_744' title='bbox 2680 4955 2800 5010; x_wconf 91' lang='lat' dir='ltr'><strong>loco</strong></span> <span class='ocrx_word' id='word_1_745' title='bbox 2847 4957 2932 5012; x_wconf 83' lang='lat' dir='ltr'><strong>hic</strong></span> <span class='ocrx_word' id='word_1_746' title='bbox 2976 4964 3140 5016; x_wconf 91' lang='lat' dir='ltr'><strong>citato</strong></span> <span class='ocrx_word' id='word_1_747' title='bbox 3177 4949 3363 5020; x_wconf 78' lang='lat' dir='ltr'><strong>auctor</strong></span> <span class='ocrx_word' id='word_1_748' title='bbox 3404 4949 3464 5022; x_wconf 83' lang='lat' dir='ltr'><strong>se</strong></span> 
     </span>
    </p>
   </div>
   <div class='ocr_carea' id='block_1_106' title="bbox 1874 5019 3462 5106">
    <p class='ocr_par' dir='ltr' id='par_1_106' title="bbox 1874 5019 3462 5106">
     <span class='ocr_line' id='line_1_106' title="bbox 1874 5019 3462 5106; baseline 0.012 -33"><span class='ocrx_word' id='word_1_749' title='bbox 1874 5019 2338 5106; x_wconf 47' lang='lat' dir='ltr'><strong>hoeegisse‘dicto</strong></span> <span class='ocrx_word' id='word_1_750' title='bbox 2366 5023 2521 5086; x_wconf 91' lang='lat' dir='ltr'><strong>libro,</strong></span> <span class='ocrx_word' id='word_1_751' title='bbox 2547 5035 2601 5104; x_wconf 81' lang='lat' dir='ltr'><strong>ut</strong></span> <span class='ocrx_word' id='word_1_752' title='bbox 2621 5026 2805 5106; x_wconf 68' lang='lat' dir='ltr'><strong>ﬂatum</strong></span> <span class='ocrx_word' id='word_1_753' title='bbox 2838 5030 3012 5106; x_wconf 77' lang='lat' dir='ltr'><strong>potius</strong></span> <span class='ocrx_word' id='word_1_754' title='bbox 3043 5044 3278 5090; x_wconf 88' lang='lat' dir='ltr'><strong>tueretur</strong></span> <span class='ocrx_word' id='word_1_755' title='bbox 3303 5019 3462 5106; x_wconf 72' lang='lat' dir='ltr'><strong>quam</strong></span> 
     </span>
    </p>
   </div>
   <div class='ocr_carea' id='block_1_107' title="bbox 1872 5044 3464 5176">
    <p class='ocr_par' dir='ltr' id='par_1_107' title="bbox 1872 5044 3464 5176">
     <span class='ocr_line' id='line_1_107' title="bbox 1874 5044 3462 5154; baseline 0.013 -81"><span class='ocrx_word' id='word_1_756' title='bbox 1874 5044 1974 5075; x_wconf 82' lang='lat' dir='ltr'><strong>nuc</strong></span> <span class='ocrx_word' id='word_1_757' title='bbox 2000 5044 2173 5087; x_wconf 69' lang='lat' dir='ltr'><strong>t-glssc</strong></span> <span class='ocrx_word' id='word_1_758' title='bbox 2198 5044 2338 5075; x_wconf 70' lang='lat' dir='ltr'><strong>metu</strong></span> <span class='ocrx_word' id='word_1_759' title='bbox 2366 5044 2521 5086; x_wconf 86' lang='lat' dir='ltr'><strong>tluro,</strong></span> <span class='ocrx_word' id='word_1_760' title='bbox 2547 5044 2601 5076; x_wconf 80' lang='lat' dir='ltr'><strong>ut</strong></span> <span class='ocrx_word' id='word_1_761' title='bbox 2621 5044 2805 5095; x_wconf 76' lang='lat' dir='ltr'><strong>[unum</strong></span> <span class='ocrx_word' id='word_1_762' title='bbox 2838 5044 3012 5154; x_wconf 60' lang='lat' dir='ltr'><strong>ponus</strong></span> <span class='ocrx_word' id='word_1_763' title='bbox 3043 5044 3278 5090; x_wconf 88' lang='lat' dir='ltr'><strong>tueretur</strong></span> <span class='ocrx_word' id='word_1_764' title='bbox 3303 5053 3462 5106; x_wconf 85' lang='lat' dir='ltr'><strong>quam</strong></span> 
     </span>
     <span class='ocr_line' id='line_1_108' title="bbox 1872 5092 3464 5176; baseline 0.011 -31"><span class='ocrx_word' id='word_1_765' title='bbox 1872 5092 2126 5161; x_wconf 73' lang='lat' dir='ltr'><strong>spiritum.</strong></span> <span class='ocrx_word' id='word_1_766' title='bbox 2184 5094 2513 5174; x_wconf 76' lang='lat' dir='ltr'><strong>Quamquam</strong></span> <span class='ocrx_word' id='word_1_767' title='bbox 2551 5095 2773 5176; x_wconf 35' lang='lat' dir='ltr'><strong>interim.</strong></span> <span class='ocrx_word' id='word_1_768' title='bbox 2805 5115 2832 5152; x_wconf 89' lang='lat' dir='ltr'><strong>a</strong></span> <span class='ocrx_word' id='word_1_769' title='bbox 2862 5101 2912 5176; x_wconf 89' lang='lat' dir='ltr'><strong>io_</strong></span> <span class='ocrx_word' id='word_1_770' title='bbox 2935 5117 3095 5176; x_wconf 84' lang='lat' dir='ltr'><strong>sensu</strong></span> <span class='ocrx_word' id='word_1_771' title='bbox 3123 5108 3282 5159; x_wconf 88' lang='lat' dir='ltr'><strong>etiam</strong></span> <span class='ocrx_word' id='word_1_772' title='bbox 3308 5109 3464 5176; x_wconf 88' lang='lat' dir='ltr'><strong>spiri-</strong></span> 
     </span>
    </p>
   </div>
   <div class='ocr_carea' id='block_1_108' title="bbox 1874 5166 3458 5240">
    <p class='ocr_par' dir='ltr' id='par_1_108' title="bbox 1874 5166 3458 5240">
     <span class='ocr_line' id='line_1_109' title="bbox 1874 5166 3458 5240; baseline 0.011 -25"><span class='ocrx_word' id='word_1_773' title='bbox 1874 5171 1983 5216; x_wconf 91' lang='lat' dir='ltr'><strong>tum</strong></span> <span class='ocrx_word' id='word_1_774' title='bbox 2014 5177 2308 5240; x_wconf 83' lang='lat' dir='ltr'><strong>agnoscens</strong></span> <span class='ocrx_word' id='word_1_775' title='bbox 2333 5166 2564 5240; x_wconf 84' lang='lat' dir='ltr'><strong>animam</strong></span> <span class='ocrx_word' id='word_1_776' title='bbox 2589 5208 2604 5232; x_wconf 92' lang='lat'><strong>,</strong></span> <span class='ocrx_word' id='word_1_777' title='bbox 2633 5181 2663 5221; x_wconf 87' lang='lat' dir='ltr'><strong>a</strong></span> <span class='ocrx_word' id='word_1_778' title='bbox 2694 5169 2951 5237; x_wconf 88' lang='lat' dir='ltr'><strong>spirando</strong></span> <span class='ocrx_word' id='word_1_779' title='bbox 2977 5215 2992 5235; x_wconf 95' lang='lat'><strong>,</strong></span> <span class='ocrx_word' id='word_1_780' title='bbox 3016 5173 3105 5228; x_wconf 88' lang='lat' dir='ltr'><strong>lib.</strong></span> <span class='ocrx_word' id='word_1_781' title='bbox 3151 5177 3212 5229; x_wconf 88' lang='lat' dir='ltr'><strong>de</strong></span> <span class='ocrx_word' id='word_1_782' title='bbox 3253 5166 3458 5240; x_wconf 78' lang='lat' dir='ltr'><strong>Anima.</strong></span> 
     </span>
    </p>
   </div>
   <div class='ocr_carea' id='block_1_109' title="bbox 1873 5237 3462 5305">
    <p class='ocr_par' dir='ltr' id='par_1_109' title="bbox 1873 5237 3462 5305">
     <span class='ocr_line' id='line_1_110' title="bbox 1873 5237 3462 5305; baseline 0.013 -20"><span class='ocrx_word' id='word_1_783' title='bbox 1873 5249 1979 5305; x_wconf 75' lang='lat' dir='ltr'><strong>non</strong></span> <span class='ocrx_word' id='word_1_784' title='bbox 2003 5249 2095 5302; x_wconf 90' lang='lat' dir='ltr'><strong>per</strong></span> <span class='ocrx_word' id='word_1_785' title='bbox 2115 5237 2292 5288; x_wconf 89' lang='lat' dir='ltr'><strong>omnia</strong></span> <span class='ocrx_word' id='word_1_786' title='bbox 2314 5237 2612 5292; x_wconf 89' lang='lat' dir='ltr'><strong>consentiat</strong></span> <span class='ocrx_word' id='word_1_787' title='bbox 2631 5253 2750 5293; x_wconf 92' lang='lat' dir='ltr'><strong>cum</strong></span> <span class='ocrx_word' id='word_1_788' title='bbox 2774 5241 3171 5299; x_wconf 79' lang='lat' dir='ltr'><strong>Catliolieorum</strong></span> <span class='ocrx_word' id='word_1_789' title='bbox 3192 5237 3462 5305; x_wconf 75' lang='lat' dir='ltr'><strong>sententia</strong></span> 
     </span>
    </p>
   </div>
   <div class='ocr_carea' id='block_1_110' title="bbox 1871 5303 3458 5388">
    <p class='ocr_par' dir='ltr' id='par_1_110' title="bbox 1871 5303 3458 5388">
     <span class='ocr_line' id='line_1_111' title="bbox 1871 5303 3458 5388; baseline 0.01 -30"><span class='ocrx_word' id='word_1_790' title='bbox 1871 5303 2394 5388; x_wconf 42' lang='lat' dir='ltr'><strong>TCI‘lttIlIattlllS‘,&#39;q.llI</strong></span> <span class='ocrx_word' id='word_1_791' title='bbox 2423 5309 2668 5378; x_wconf 81' lang='lat' dir='ltr'><strong>spiritum</strong></span> <span class='ocrx_word' id='word_1_792' title='bbox 2718 5315 2930 5382; x_wconf 89' lang='lat' dir='ltr'><strong>proprie</strong></span> <span class='ocrx_word' id='word_1_793' title='bbox 2973 5315 3203 5388; x_wconf 85' lang='lat' dir='ltr'><strong>animam</strong></span> <span class='ocrx_word' id='word_1_794' title='bbox 3253 5303 3458 5388; x_wconf 78' lang='lat' dir='ltr'><strong>dicunt,</strong></span> 
     </span>
    </p>
   </div>
   <div class='ocr_carea' id='block_1_111' title="bbox 1872 5375 3461 5466">
    <p class='ocr_par' dir='ltr' id='par_1_111' title="bbox 1872 5375 3461 5466">
     <span class='ocr_line' id='line_1_112' title="bbox 1872 5375 3461 5466; baseline 0.012 -37"><span class='ocrx_word' id='word_1_795' title='bbox 1872 5391 1977 5466; x_wconf 68' lang='lat' dir='ltr'><strong>pun</strong></span> <span class='ocrx_word' id='word_1_796' title='bbox 2003 5386 2180 5466; x_wconf 56' lang='lat' dir='ltr'><strong>tanien</strong></span> <span class='ocrx_word' id='word_1_797' title='bbox 2203 5375 2735 5466; x_wconf 49' lang='lat' dir='ltr'><strong>Spiritutp&quot;satictttm</strong></span> <span class='ocrx_word' id='word_1_798' title='bbox 2757 5400 2772 5446; x_wconf 92' lang='lat'><strong>;</strong></span> <span class='ocrx_word' id='word_1_799' title='bbox 2797 5375 2957 5466; x_wconf 61' lang='lat' dir='ltr'><strong>atque</strong></span> <span class='ocrx_word' id='word_1_800' title='bbox 2977 5386 3112 5466; x_wconf 77' lang='lat' dir='ltr'><strong>adeo</strong></span> <span class='ocrx_word' id='word_1_801' title='bbox 3135 5389 3294 5445; x_wconf 85' lang='lat' dir='ltr'><strong>etiam</strong></span> <span class='ocrx_word' id='word_1_802' title='bbox 3317 5375 3461 5448; x_wconf 76' lang='lat' dir='ltr'><strong>dicto</strong></span> 
     </span>
    </p>
   </div>
   <div class='ocr_carea' id='block_1_112' title="bbox 1872 5447 3459 5528">
    <p class='ocr_par' dir='ltr' id='par_1_112' title="bbox 1872 5447 3459 5528">
     <span class='ocr_line' id='line_1_113' title="bbox 1872 5447 3459 5528; baseline 0.012 -29"><span class='ocrx_word' id='word_1_803' title='bbox 1872 5447 1991 5528; x_wconf 69' lang='lat' dir='ltr'><strong>loco</strong></span> <span class='ocrx_word' id='word_1_804' title='bbox 2013 5447 2285 5528; x_wconf 71' lang='lat' dir='ltr'><strong>Geneseos</strong></span> <span class='ocrx_word' id='word_1_805' title='bbox 2314 5449 2540 5528; x_wconf 36' lang='lat' dir='ltr'><strong>tat-alibi,</strong></span> <span class='ocrx_word' id='word_1_806' title='bbox 2564 5463 2713 5528; x_wconf 54' lang='lat' dir='ltr'><strong>mea:</strong></span> <span class='ocrx_word' id='word_1_807' title='bbox 2749 5447 2984 5528; x_wconf 68' lang='lat' dir='ltr'><strong>spiritum</strong></span> <span class='ocrx_word' id='word_1_808' title='bbox 3017 5447 3459 5528; x_wconf 61' lang='lat' dir='ltr'><strong>interpretantur.</strong></span> 
     </span>
    </p>
   </div>
   <div class='ocr_carea' id='block_1_113' title="bbox 1871 5517 3460 5589">
    <p class='ocr_par' dir='ltr' id='par_1_113' title="bbox 1871 5517 3460 5589">
     <span class='ocr_line' id='line_1_114' title="bbox 1871 5517 3460 5589; baseline 0.011 -18"><span class='ocrx_word' id='word_1_809' title='bbox 1871 5517 2069 5573; x_wconf 86' lang='lat' dir='ltr'><strong>Verum</strong></span> <span class='ocrx_word' id='word_1_810' title='bbox 2099 5517 2165 5589; x_wconf 81' lang='lat' dir='ltr'><strong>de</strong></span> <span class='ocrx_word' id='word_1_811' title='bbox 2191 5517 2291 5571; x_wconf 89' lang='lat' dir='ltr'><strong>hoc</strong></span> <span class='ocrx_word' id='word_1_812' title='bbox 2317 5518 2459 5573; x_wconf 89' lang='lat' dir='ltr'><strong>illius</strong></span> <span class='ocrx_word' id='word_1_813' title='bbox 2483 5523 2754 5589; x_wconf 83' lang='lat' dir='ltr'><strong>paradoxo</strong></span> <span class='ocrx_word' id='word_1_814' title='bbox 2777 5517 3033 5582; x_wconf 80' lang='lat' dir='ltr'><strong>lectorem</strong></span> <span class='ocrx_word' id='word_1_815' title='bbox 3063 5517 3366 5586; x_wconf 78' lang='lat' dir='ltr'><strong>remisimus</strong></span> <span class='ocrx_word' id='word_1_816' title='bbox 3391 5517 3460 5589; x_wconf 86' lang='lat' dir='ltr'><strong>ad</strong></span> 
     </span>
    </p>
   </div>
   <div class='ocr_carea' id='block_1_114' title="bbox 1870 5587 3461 5660">
    <p class='ocr_par' dir='ltr' id='par_1_114' title="bbox 1870 5587 3461 5660">
     <span class='ocr_line' id='line_1_115' title="bbox 1870 5587 3461 5660; baseline 0.009 -16"><span class='ocrx_word' id='word_1_817' title='bbox 1870 5599 2048 5644; x_wconf 83' lang='lat' dir='ltr'><strong>nostra</strong></span> <span class='ocrx_word' id='word_1_818' title='bbox 2107 5587 2560 5659; x_wconf 42' lang='lat' dir='ltr'><strong>Prolcgomena‘...</strong></span> <span class='ocrx_word' id='word_1_819' title='bbox 2615 5593 2817 5650; x_wconf 88' lang='lat' dir='ltr'><strong>Deinde</strong></span> <span class='ocrx_word' id='word_1_820' title='bbox 2869 5612 2992 5654; x_wconf 80' lang='lat' dir='ltr'><strong>sese</strong></span> <span class='ocrx_word' id='word_1_821' title='bbox 3038 5600 3105 5653; x_wconf 87' lang='lat' dir='ltr'><strong>ad</strong></span> <span class='ocrx_word' id='word_1_822' title='bbox 3161 5587 3461 5660; x_wconf 77' lang='lat' dir='ltr'><strong>institutum</strong></span> 
     </span>
    </p>
   </div>
   <div class='ocr_carea' id='block_1_115' title="bbox 1869 5663 3462 5737">
    <p class='ocr_par' dir='ltr' id='par_1_115' title="bbox 1869 5663 3462 5737">
     <span class='ocr_line' id='line_1_116' title="bbox 1869 5663 3462 5737; baseline 0.011 -26"><span class='ocrx_word' id='word_1_823' title='bbox 1869 5663 2087 5737; x_wconf 75' lang='lat' dir='ltr'><strong>propius</strong></span> <span class='ocrx_word' id='word_1_824' title='bbox 2111 5671 2305 5715; x_wconf 79' lang='lat' dir='ltr'><strong>Caetera</strong></span> <span class='ocrx_word' id='word_1_825' title='bbox 2333 5663 2591 5737; x_wconf 81' lang='lat' dir='ltr'><strong>naturalia</strong></span> <span class='ocrx_word' id='word_1_826' title='bbox 2618 5666 2811 5721; x_wconf 67' lang='lat' dir='ltr'><strong>anima:</strong></span> <span class='ocrx_word' id='word_1_827' title='bbox 2834 5681 3198 5737; x_wconf 83' lang='lat' dir='ltr'><strong>pertractasse</strong></span> <span class='ocrx_word' id='word_1_828' title='bbox 3230 5674 3462 5729; x_wconf 89' lang='lat' dir='ltr'><strong>insinuat</strong></span> 
     </span>
    </p>
   </div>
   <div class='ocr_carea' id='block_1_116' title="bbox 1868 5732 3461 5816">
    <p class='ocr_par' dir='ltr' id='par_1_116' title="bbox 1868 5732 3461 5816">
     <span class='ocr_line' id='line_1_117' title="bbox 1868 5732 3461 5816; baseline 0.01 -32"><span class='ocrx_word' id='word_1_829' title='bbox 1868 5734 1985 5785; x_wconf 85' lang='lat' dir='ltr'><strong>adv.</strong></span> <span class='ocrx_word' id='word_1_830' title='bbox 2020 5732 2289 5814; x_wconf 74' lang='lat' dir='ltr'><strong>Ilermog.,</strong></span> <span class='ocrx_word' id='word_1_831' title='bbox 2324 5743 2378 5816; x_wconf 78' lang='lat' dir='ltr'><strong>ut</strong></span> <span class='ocrx_word' id='word_1_832' title='bbox 2423 5734 2511 5788; x_wconf 71' lang='lat' dir='ltr'><strong>llei</strong></span> <span class='ocrx_word' id='word_1_833' title='bbox 2544 5732 2918 5816; x_wconf 53' lang='lat' dir='ltr'><strong>potiusque&quot;!</strong></span> <span class='ocrx_word' id='word_1_834' title='bbox 2969 5743 3209 5816; x_wconf 64' lang='lat' dir='ltr'><strong>materiae</strong></span> <span class='ocrx_word' id='word_1_835' title='bbox 3237 5748 3461 5816; x_wconf 81' lang='lat' dir='ltr'><strong>propin-</strong></span> 
     </span>
    </p>
   </div>
   <div class='ocr_carea' id='block_1_117' title="bbox 1870 5807 3463 5886">
    <p class='ocr_par' dir='ltr' id='par_1_117' title="bbox 1870 5807 3463 5886">
     <span class='ocr_line' id='line_1_118' title="bbox 1870 5807 3463 5886; baseline 0.011 -32"><span class='ocrx_word' id='word_1_836' title='bbox 1870 5819 1970 5884; x_wconf 78' lang='lat' dir='ltr'><strong>qua</strong></span> <span class='ocrx_word' id='word_1_837' title='bbox 2014 5807 2186 5886; x_wconf 62' lang='lat' dir='ltr'><strong>tumna</strong></span> <span class='ocrx_word' id='word_1_838' title='bbox 2233 5807 2567 5886; x_wconf 58' lang='lat' dir='ltr'><strong>probaretur.</strong></span> <span class='ocrx_word' id='word_1_839' title='bbox 2617 5809 2850 5878; x_wconf 84' lang='lat' dir='ltr'><strong>Denique</strong></span> <span class='ocrx_word' id='word_1_840' title='bbox 2893 5810 3151 5886; x_wconf 38' lang='lat' dir='ltr'><strong>fortassis~</strong></span> <span class='ocrx_word' id='word_1_841' title='bbox 3180 5807 3463 5886; x_wconf 76' lang='lat' dir='ltr'><strong>propterea</strong></span> 
     </span>
    </p>
   </div>
   <div class='ocr_carea' id='block_1_118' title="bbox 1873 5875 3463 5956">
    <p class='ocr_par' dir='ltr' id='par_1_118' title="bbox 1873 5875 3463 5956">
     <span class='ocr_line' id='line_1_119' title="bbox 1873 5875 3463 5956; baseline 0.014 -33"><span class='ocrx_word' id='word_1_842' title='bbox 1873 5875 1993 5956; x_wconf 69' lang='lat' dir='ltr'><strong>quis</strong></span> <span class='ocrx_word' id='word_1_843' title='bbox 2018 5875 2404 5956; x_wconf 38' lang='lat' dir='ltr'><strong>animampcum</strong></span> <span class='ocrx_word' id='word_1_844' title='bbox 2450 5875 2944 5956; x_wconf 53' lang='lat' dir='ltr'><strong>Deucompa&#39;raret,</strong></span> <span class='ocrx_word' id='word_1_845' title='bbox 2975 5896 3093 5937; x_wconf 89' lang='lat' dir='ltr'><strong>eam</strong></span> <span class='ocrx_word' id='word_1_846' title='bbox 3139 5875 3296 5956; x_wconf 76' lang='lat' dir='ltr'><strong>longe</strong></span> <span class='ocrx_word' id='word_1_847' title='bbox 3327 5887 3463 5945; x_wconf 78' lang='lat' dir='ltr'><strong>inira</strong></span> 
     </span>
    </p>
   </div>
   <div class='ocr_carea' id='block_1_119' title="bbox 1876 5943 3457 6028">
    <p class='ocr_par' dir='ltr' id='par_1_119' title="bbox 1876 5943 3457 6028">
     <span class='ocr_line' id='line_1_120' title="bbox 1876 5943 3457 6028; baseline 0.013 -30"><span class='ocrx_word' id='word_1_848' title='bbox 1876 5943 2045 6000; x_wconf 89' lang='lat' dir='ltr'><strong>Deum</strong></span> <span class='ocrx_word' id='word_1_849' title='bbox 2071 5944 2374 6003; x_wconf 77' lang='lat' dir='ltr'><strong>defendisse</strong></span> <span class='ocrx_word' id='word_1_850' title='bbox 2403 5962 2463 6002; x_wconf 74' lang='lat' dir='ltr'><strong>se</strong></span> <span class='ocrx_word' id='word_1_851' title='bbox 2482 5949 2668 6006; x_wconf 88' lang='lat' dir='ltr'><strong>scribit</strong></span> <span class='ocrx_word' id='word_1_852' title='bbox 2693 5943 2837 6006; x_wconf 90' lang='lat' dir='ltr'><strong>dicto</strong></span> <span class='ocrx_word' id='word_1_853' title='bbox 2862 5943 3020 6022; x_wconf 81' lang='lat' dir='ltr'><strong>libro,</strong></span> <span class='ocrx_word' id='word_1_854' title='bbox 3043 5956 3189 6024; x_wconf 92' lang='lat' dir='ltr'><strong>quod</strong></span> <span class='ocrx_word' id='word_1_855' title='bbox 3215 5943 3340 6016; x_wconf 73' lang='lat' dir='ltr'><strong>litua</strong></span> <span class='ocrx_word' id='word_1_856' title='bbox 3366 5943 3457 6028; x_wconf 77' lang='lat' dir='ltr'><strong>sn,</strong></span> 
     </span>
    </p>
   </div>
  </div>
