4202 6496
756 387 895 445 1123

825 506 1091 560 Hactenus
1129 502 1188 558 Β.
1220 502 1608 577 Hieronymus,
1637 503 1790 575 cujus
1826 505 2058 576 integras
2092 503 2342 573 periodos

750 577 1067 632 adduximus
1097 577 1151 631 in
1183 578 1449 642 medium,
1480 590 1588 632 tum
1628 594 1694 634 ne
1730 577 1855 648 quid
1895 577 2139 648 mutilum
2177 586 2338 642 esset,

754 657 864 720 tum
894 657 954 703 ut
992 648 1254 717 intelligat
1294 649 1462 704 lector
1501 648 1590 720 qui
1625 645 1862 705 veterum
1897 645 1963 701 de
2004 647 2342 720 Virginitate,

752 718 912 776 hodie
961 729 1239 790 tantopere
1280 718 1620 776 Controversa
1647 762 1664 787 ,
1706 721 2048 790 scripserint;
2093 719 2342 787 quocirca

751 804 1074 861 magnOpere
1114 792 1342 862 optarim
1393 801 1604 847 exstare
1655 794 1756 847 huc
1795 792 2028 862 aucturis
2079 790 2341 862 libellum,

752 862 865 935 sive
887 877 1042 935 prosa
1070 861 1452 932 conscriptum,
1477 864 1588 919 sive
1618 865 1816 935 potius,
1843 861 1983 932 quod
2009 876 2102 927 per
2124 861 2342 935 verbum

752 933 870 986 lusit
896 934 1118 989 indicari
1141 935 1380 1000 videtur,
1407 932 1665 990 carmine.
1689 934 1805 1003 Quo
1838 939 1893 988 tit
1921 935 2106 1001 inagis,
2137 942 2192 985 ut
2216 932 2342 985 mibi

753 1019 858 1059 non
917 1006 1168 1072 probetur
1219 1005 1493 1076 cujusdam
1549 1007 1647 1060 viri
1703 1005 1898 1059 eruditi
1949 1019 2218 1076 censura,
2251 1003 2342 1076 qui

751 1076 1093 1130 existimabat
1125 1077 1266 1131 hunc
1286 1074 1546 1132 eumdem
1577 1092 1698 1133 esse
1728 1078 1948 1138 librum,
1985 1091 2105 1128 cum
2140 1074 2228 1127 illo
2255 1075 2344 1144 qui

753 1147 1061 1202 inscribitur
1106 1147 1460 1204 Exnoan'rto
1490 1165 1558 1203 AD
1598 1162 1948 1203 CASTITATEM.
1987 1146 2343 1212 l’rzeterquam

753 1219 896 1272 enim
923 1217 1064 1288 quod
1093 1218 1243 1273 illum
1265 1219 1557 1274 adolescens
1578 1221 1842 1288 scripsisse
1878 1218 2102 1278 dicitur,
2128 1213 2344 1271 ethunc

752 1289 854 1361 sub
871 1288 1043 1361 linem
1068 1291 1189 1344 vitae
1218 1293 1471 1361 scriptum
1502 1301 1744 1354 constet;
1791 1291 1948 1344 etiam
1977 1304 2039 1361 es
2073 1289 2347 1357 proposito

754 1359 988 1432 minime,
1019 1369 1214 1416 tractat
1259 1358 1597 1417 de'molestiis
1637 1363 1949 1432 nuptiarum.
1991 1358 2191 1432 Neque
2221 1373 2348 1432 vero

753 1430 914 1487 etiam
936 1430 1148 1490 illorum
1175 1432 1351 1505 placet
1374 1433 1637 1491 sententia
1659 1429 1750 1505 qui
1769 1432 1904 1488 duos
1924 1432 2165 1487 diversos
2182 1429 2347 1484 libros

2215 387 2673 448 TEIlTULLIANI

3903 379 4040 452 1124

2447 505 2759 581 Tertulliani
2800 507 2954 564 dictis
2989 509 3121 564 locis
3150 508 3319 567 videri
3359 510 3576 576 volunt,
3607 524 3728 568 cum
3754 518 4038 581 tttrumque

2448 579 2665 654 disertis
2706 581 2880 654 verbis
2933 582 2994 636 Β.
3039 581 3260 638 Ilieron.
3317 585 3628 652 inscriptum
3678 579 4042 654 signiticetide

2448 651 2692 727 molestiis
2713 652 3040 727 nuptiarum.
3055 656 3211 727 Atqui
3237 670 3304 708 an
3327 655 3387 710 Β.
3407 651 3760 727 llieronymus
3778 653 4045 727 adscribat

2449 721 2776 795 Tertulliano
2803 724 2965 778 etiam
2993 721 3154 788 alios,
3181 741 3408 795 quorum
3444 721 3684 781 meminit
3712 727 3778 780 de
3821 724 4021 794 Virgini
4032 753 4045 764 -

2449 801 2549 866 tate
2573 792 2796 866 libellos,
2833 804 3040 863 poterat
3079 792 3320 850 fortassis
3357 797 3626 854 dubitari.
3652 799 3800 866 juxta
3842 792 4047 866 priores

2450 863 2589 937 illius
2619 865 2919 925 editiones,
2954 869 2996 920 si
3051 867 3316 937 legeretur
3363 887 3376 922 :
3429 868 3566 935 legas
3621 863 3927 923 Tertulliani
3982 866 4043 916 ad

2450 935 2684 1008 anticum
2714 938 3071 1005 philosophum
3106 935 3122 937 θ
3146 948 3190 992 et
3230 940 3293 992 de
3339 938 3636 1008 Virginitate
3671 940 3800 992 alios
3828 937 4042 1008 libellos.

2448 1005 2608 1081 Certe
2640 1007 3044 1081 ejusdempcne
3084 1021 3208 1063 sunt
3233 1005 3532 1081 argumenti
3569 1011 3636 1062 ad
3675 1009 3896 1064 Uxorem
3933 1007 4044 1081 libri

2449 1075 2585 1136 duo,
2615 1093 2675 1130 ac
2703 1079 2840 1132 dicta
2881 1077 3188 1134 Exhortatio
3225 1075 3642 1147 ad'castitatem,
3671 1091 3727 1136 et
3765 1098 3870 1136 non
3903 1077 4043 1132 aliud

2449 1150 2806 1224 tractatliber
2831 1149 2893 1202 de
2933 1149 3172 1224 Velandis
3213 1151 3532 1224 Virginibus;
3571 1153 3704 1208 alios
3744 1153 3966 1220 insuper
3991 1149 4046 1201 de

2463 1216 2792 1287 Virginitate,
2838 1222 3170 1276 continentia
3217 1232 3273 1278 et
3301 1216 3551 1278 castitate
3595 1216 4046 1279 servanda—locos

2451 1291 2930 1417 couiplluii-estapud
2955 1292 3376 1360 Tertullianum,
3408 1311 3475 1353 ex
3514 1293 3689 1352 indice
3731 1303 3919 1352 nostro
3967 1291 4045 1346 in-

2455 1374 2611 1416 vente
2692 1378 2752 1417 ec
2780 1377 2862 1417 or.

2455 1372 2634 1416 veniet
2673 1372 2862 1418 lector.

2095 1541 2157 1598 II.
2203 1542 2290 1598 DE
2321 1541 2503 1599 FATO
2541 1541 2721 1598 LIBRI

1244 1685 1491 1730 MENTIO
1531 1685 1612 1728 nr
1655 1679 2100 1727 FRAGMENTL’M
2144 1677 2230 1721 ex
2275 1676 2560 1721 musam
2604 1677 2727 1722 un.
2775 1677 2858 1722 DE
2902 1678 3104 1724 smus
3152 1660 3330 1744 (cap.
3375 1661 3496 1744 20)

1651 1809 1713 1869 et
1738 1803 2078 1884 Fulgentio
2107 1798 2429 1878 Placiade,
2475 1799 2548 1860 de
2591 1799 2862 1863 Vocibus
2890 1803 3209 1885 Antiquis.

825 1953 1123 2009 Potestates
1193 1953 1468 2008 enimvero
1543 1959 1798 2021 praesunt.
1875 1947 2174 2005 Secundum
2248 1961 2346 2002 nos
2375 1952 2422 2014 Β
2452 1956 2504 2001 et
2534 1946 2750 2013 Fatum,
2778 1956 2832 2002 et
2872 1948 3194 2015 necessitas,
3225 1959 3281 2006 et
3311 1947 3539 2017 fortuna,
3570 1959 3626 2006 et
3655 1950 3860 2006 arbitrii
3890 1950 4046 2008 Iiber-

757 2045 1002 2117 quidem,
1030 2043 1285 2101 Dominus
1319 2045 1486 2109 Deus,
1516 2051 1570 2099 et
1596 2042 1840 2098 diabolus
1868 2041 2120 2102 tumulus;
2155 2055 2346 2095 secun-

752 2138 882 2195 dum
922 2152 1260 2194 communem
1297 2145 1476 2192 autem
1519 2135 1827 2206 opinionem
1853 2176 1867 2200 ,
1894 2145 1948 2189 et
1975 2133 2336 2200 Providentia,

827 2254 1092 2307 llactenus
1123 2261 1338 2316 auctor,
1380 2249 1533 2311 cuius
1579 2264 1700 2303 cum
1745 2249 1944 2302 nullum
1983 2256 2156 2302 exstet
2185 2263 2340 2314 opus,

755 2324 841 2378 tibi
868 2323 937 2378 de
980 2334 1208 2392 quatuor
1244 2322 1347 2375 illis
1403 2329 1630 2384 tractet,
1686 2320 1812 2392 mihi
1870 2333 2086 2389 prorsus
2138 2319 2345 2392 videtur

755 2388 1076 2449 alludere'ad
1105 2394 1296 2447 librum
1321 2406 1420 2447 suo
1446 2391 1598 2445 titulo
1624 2393 1686 2443 de
1717 2388 2073 2457 Fato,utpote
2096 2405 2252 2456 quem
2279 2388 2344 2442 ab

749 2482 816 2520 eo
837 2465 1196 2532 conscriptum
1225 2471 1398 2532 pateat
1418 2477 1480 2515 ex
1511 2462 1762 2516 citatione
1789 2460 2340 2531 FttlgctttiiI’luciadis,

746 2537 858 2606 jam
889 2537 1016 2589 olim
1043 2535 1225 2606 excusi
1268 2548 1387 2588 cum
1431 2532 2000 2606 ﬂyginiMythologiis
2047 2548 2140 2601 per
2183 2533 2344 2606 verba

752 2603 1032 2676 Sequentia
1064 2625 1079 2660 :
1120 2626 1139 2657 tl
1174 2605 1306 2660 Nam
1348 2615 1401 2659 et
1431 2603 1791 2676 ’[ρτωιιίεηηε
1835 2605 1886 2657 in
1919 2604 2052 2656 libro
2091 2618 2249 2672 quem
2278 2603 2344 2676 de

751 2674 884 2732 Fato
908 2679 1152 2748 scripsit,
1181 2677 1253 2731 ita
1280 2676 1354 2730 ait
1382 2693 1395 2730 :
1430 2674 1612 2748 fiedde
1640 2676 1754 2748 huic
1784 2677 1877 2746 fati
1905 2674 2345 2748 primuni_proble-

750 2749 901 2804 matis
928 2742 1305 2821 mancipatum,
1332 2748 1387 2803 in
1413 2746 1539 2802 dict.
1573 2742 1842 2816 problema
1862 2786 1876 2807 ,
1905 2745 1997 2798 III).
2031 2744 2094 2797 de
2131 2742 2344 2796 Vocibus

2454 2049 2554 2095 tas.
2587 2040 2720 2095 Nam
2753 2041 2867 2095 haec
2896 2050 2947 2095 et
2997 2041 3301 2112 philosophi
3337 2041 3704 2114 distinguunt,
3738 2051 3792 2098 et
3835 2058 3934 2099 nos
3961 2059 4043 2099 se-

2450 2134 2679 2188 cundum
2709 2133 2864 2190 ﬁdem
2888 2135 3218 2198 disserenda,
3243 2151 3340 2190 suo
3359 2134 3469 2203 jam
3497 2136 3743 2190 novimus
3763 2135 3939 2189 titulo.

2449 2249 2705 2316 Antiquis.
2745 2267 2761 2300 ι
2825 2247 2900 2302 De
2943 2247 3072 2301 Fato
3119 2260 3378 2313 praeterea
3429 2250 3526 2302 sub
3581 2252 3797 2306 nomine
3842 2250 4043 2306 Minutii

2450 2318 2641 2372 Felicis
2669 2320 3065 2383 oliin,extitisse
3095 2320 3319 2372 libellum
3347 2321 3504 2374 tradit
3537 2319 3596 2374 Β.
3625 2321 4039 2386 IIicron.,Ca.-'al.

2449 2391 2646 2457 scripsit
2674 2388 2902 2464 Ecclus,
2930 2392 3244 2464 sivi-(contra
3276 2389 3697 2455 Mathematicus;
3724 2395 3813 2464 qui
3845 2404 4040 2456 tamen,

2448 2476 2567 2514 cum
2595 2476 2644 2516 et
2671 2461 2786 2527 ipse
2813 2462 2997 2514 diserti
3026 2463 3090 2514 sit
3117 2461 3365 2527 hominis,
3392 2478 3497 2516 non
3524 2461 3878 2519 videtur'cum
3907 2466 4039 2527 stylo

2448 2482 2567 2514 Clllll
2595 2482 2644 2516 BI
2671 2482 2786 2527 Ipse
2813 2482 2997 2514 (IISEI'II
3026 2482 3090 2514 θη
3117 2482 3365 2527 DOIIIIIIIS,
3392 2482 3497 2516 nun
3524 2482 3734 2519 V'IGl'llH'
3753 2482 3878 2518 cum
3907 2482 3954 2517 SI.
3975 2482 4039 2518 ἹΟ

2448 2532 2649 2586 Octavii
2682 2532 2882 2604 Dialngi
2914 2534 3034 2599 ejus
3061 2534 3366 2588 convenire.
3401 2533 3668 2590 Fortassis
3700 2538 3741 2588 is
3769 2537 3889 2604 ipse
3915 2482 4043 2590 liber

2449 2613 2530 2656 est
2560 2619 2721 2686 quem
2758 2601 3094 2686 Tertulliano
3138 2604 3642 2686 hic_ads_cribimns,
3677 2601 3860 2676 utpote
3887 2622 4039 2686 quem

2452 2688 2556 2726 non
2603 2674 2760 2728 modo
2811 2674 3103 2740 disertum,
3148 2675 3244 2730 sed
3301 2674 3797 2746 eloquentissimum
3849 2674 4040 2734 alicubi

2454 2756 2743 2814 nuncupat.

1428 2858 1516 2917 III.
1549 2860 1640 2916 DE
1679 2858 1930 2917 IlIUNDIS
1955 2859 2041 2914 ET
2083 2856 2412 2915 IMMIJNDIS
2439 2857 2858 2917 ANIMALIBUS
2897 2859 3366 2930 QUASSTIONUM

1470 2995 1728 3041 emno
1773 2996 1858 3040 ex
1903 2996 1960 3038 Β.
2008 2993 2370 3039 HIERONYMI
2415 2994 2616 3038 EPIST.
2668 2976 2809 3053 125,
2854 2997 2939 3039 so
2985 2996 3318 3040 υΑιίΑευΜ.

823 3105 1026 3175 ρυωτίι
1112 3103 1374 3160 Damasus
1457 3102 1598 3157 inter
1682 3109 1904 3156 etcteras
1975 3100 2296 3171 qinestiones
2328 3142 2342 3170 ,

752 3208 932 3270 quiest.
956 3195 1024 3252 III
1051 3213 1064 3250 :
1096 3215 1114 3248 ι
1134 3195 1190 3252 Si
1221 3194 1397 3250 omnia
1422 3193 1564 3249 Deus
1588 3191 1713 3248 fecit
1740 3193 1875 3248 bona
1900 3192 2052 3247 valde
2076 3190 2251 3264 (Gem,
2277 3190 2342 3260 I),

752 3304 918 3360 quare
949 3287 1064 3343 Noe
1092 3289 1157 3342 de
1181 3287 1384 3342 mundis
1412 3297 1460 3341 et
1498 3287 1774 3340 immundis
1805 3283 2112 3338 animalibus
2142 3297 2346 3352 prtece-

2451 3099 2512 3154 Β.
2542 3099 2760 3154 Hieron.
2799 3115 2858 3156 se
2897 3101 3112 3167 scribit,
3139 3100 3348 3158 duabus
3393 3108 3596 3157 tantum
3638 3103 4040 3174 qumstiunculis

2451 3192 2827 3262 prsetermissis
2867 3193 3084 3264 (nempe
3130 3193 3227 3247 hac
3270 3203 3324 3248 et
3363 3209 3423 3248 ea
3457 3194 3527 3250 de
3554 3209 3657 3265 qua
3698 3196 3753 3250 in
3799 3195 4042 3266 sequenti

2451 3283 2770 3357 fragmento)
2807 3303 2820 3339 :
2855 3305 2874 3338 ι
2909 3285 3056 3352 Νυη,
3084 3286 3281 3358 inquit,
3315 3303 3421 3357 quo
3467 3304 3573 3343 non
3604 3290 3869 3358 potuerim
3899 3300 3955 3346 et
3982 3291 4042 3345 ad

755 3383 831 3454 pit
861 3381 1036 3453 (Gem,
1066 3379 1203 3450 VIII)
1237 3423 1252 3447 ,
1281 3395 1402 3435 cum
1441 3379 1773 3434 immundum
1813 3376 1945 3431 nihil
1989 3378 2186 3432 bonum
2225 3389 2346 3429 esse
2371 3414 2416 3478 Ο
2452 3379 2572 3435 illas
2597 3381 2795 3452 aliquid
2825 3381 3172 3452 respondere,
3201 3381 3294 3437 sed
3323 3383 3464 3453 quod
3500 3382 3568 3438 ab
3595 3384 4043 3454 eloquentissimis

754 3473 942 3543 possit.
998 3473 1062 3527 Et
1111 3472 1163 3526 in
1201 3470 1350 3526 Novo
1378 3469 1722 3526 Testamento
1757 3479 1878 3539 post
1923 3469 2184 3522 visionem
2226 3482 2344 3538 qua:

752 3564 914 3622 Petro
941 3563 1116 3620 fuerat
1139 3573 1354 3619 ostensa
1380 3604 1396 3631 ,
1422 3562 1621 3618 dicenti
1646 3579 1667 3616 .:
1697 3560 1838 3617 Absit
1862 3603 1875 3626 ,
1905 3560 2120 3615 Domine
2142 3602 2155 3626 ,
2183 3577 2214 3612 a
2245 3575 2342 3625 me,

751 3660 990 3729 quoniam
1020 3674 1284 3712 commune
1310 3667 1359 3712 et
1390 3657 1710 3710 immundum
1746 3672 2018 3725 numquam
2047 3655 2268 3708 introivit
2293 3655 2345 3707 in

753 3767 810 3807 os
835 3767 1030 3816 meum;
1076 3765 1184 3805 vox
1217 3749 1285 3805 de
1319 3749 1459 3804 ctelo
1499 3747 1772 3817 respondit
1799 3764 1811 3799 :
1848 3747 1997 3813 Quod
2026 3745 2164 3802 Deus
2196 3763 2346 3802 inuno

753 3845 920 3912 davit,
950 3856 1004 3900 tu
1033 3859 1096 3899 nc
1124 3857 1384 3899 commune
1411 3841 1602 3897 dixeris
1629 3838 1793 3913 (Act.,
1825 3837 1922 3910 Χ).
1945 3857 1964 3890 ι
1999 3837 2347 3909 Βθειιοηόετθ

826 3964 909 4017 An
942 3960 1083 4016 istud
1118 3959 1380 4015 referatur
1416 3956 1484 4012 ad
1526 3955 1848 4027 peculiarem
1885 3953 2116 4024 aliquem
2151 3954 2346 4027 librum

753 4033 870 4104 ejus
901 4033 1071 4099 tituli,
1109 4030 1249 4104 quod
1277 4031 1446 4098 magis
1497 4026 1673 4104 tamen
1704 4027 1956 4104 probatur
1983 4041 2102 4104 ,_an
2131 4041 2254 4104 vero
2278 4026 2346 4104 ad

757 4095 1142 4159 ti-actatum’ea'
1189 4101 1258 4158 de
1303 4095 1498 4168 re'per
1549 4099 1752 4168 aliquot
1803 4097 1971 4150 lineas
2008 4095 2343 4162 Tertulliani,

757 4175 790 4229 Ι.
828 4175 889 4241 Il,
917 4177 1033 4228 adu.
1067 4172 1233 4228 Marc.
1261 4213 1276 4238 ,
1304 4187 1352 4226 c.
1382 4171 1452 4226 I8
1479 4210 1494 4234 ,
1513 4168 1715 4241 lectori
1742 4168 1965 4241 liberum
1996 4168 2348 4241 relinquimus

749 4239 1030 4316 judicium.
1055 4244 1152 4316 Hic
1173 4239 1761 4316 dumtasatadferemus
1782 4240 1957 4316 ipsam
1985 4239 2347 4316 responsionis

753 4307 1015 4371 summam
1040 4316 1092 4370 in
1117 4315 1232 4370 hinc
1256 4315 1417 4369 verba
1443 4329 1456 4365 :
1486 4311 1552 4364 Et
1573 4313 1616 4365 si
1638 4314 1719 4364 lex
1739 4307 1936 4378 aliquid
1957 4307 2078 4362 cibis
2105 4308 2344 4375 detrahit,

751 4399 799 4444 ct
825 4387 1087 4443 immunda
1120 4386 1415 4458 pronuntiat
1445 4383 1718 4450 animalia,
1752 4395 1866 4453 qua:
1891 4380 2165 4449 aliquando
2197 4381 2345 4434 benc-

2449 3475 2599 3541 viris,
2630 3475 2957 3530 Tertulliano
2985 3485 3170 3533 nostro
3193 3485 3248 3532 et
3273 3475 3567 3531 Novatiano
3605 3477 3770 3534 latino
3795 3492 4043 3534 sermone

2448 3576 2574 3622 sunt
2603 3567 2788 3634 edite;
2828 3580 2879 3624 et
2917 3569 2964 3624 si
3004 3584 3140 3624 nova
3165 3570 3495 3625 voluerimus
3523 3569 3764 3636 adferre,
3796 3571 3867 3626 sit
3893 3573 4042 3627 latius

2450 3659 2850 3729 diSputandum,
2884 3670 2989 3716 etc.
3041 3659 3174 3715 Nam
3222 3670 3277 3715 et
3323 3661 3578 3731 Origenes
3617 3661 3686 3717 de
3728 3664 3950 3720 mundis
3993 3674 4042 3719 et

2449 3750 2740 3806 immundis
2763 3751 3084 3808 animalibus
3112 3754 3166 3807 in
3193 3752 3430 3809 Levitico
3457 3753 3608 3825 plura
3632 3752 3908 3811 disseruit.
3949 3773 3969 3807 ι

2455 3955 2591 4009 dicta
2615 3964 2732 4011 sunt
2755 3997 2769 4020 ,
2803 3955 3072 4010 consilium
3118 3956 3408 4011 exercendae
3442 3957 3762 4011 continentiae
3797 3957 4036 4028 intellige,

2455 4038 2499 4080 et
2543 4030 2711 4097 frenos
2749 4028 3010 4092 impositos
3031 4070 3044 4090 ,
3075 4037 3179 4082 etc.
3231 4028 3384 4096 Quod
3417 4029 3586 4095 ipsum
3615 4044 3733 4082 cum
3765 4029 4036 4094 alferatur,

2451 4097 2546 4151 sed
2573 4099 2726 4168 longe
2757 4098 2876 4152 aliis
2907 4099 3083 4152 verbis
3111 4100 3244 4153 libro
3273 4101 3336 4152 de
3357 4099 3489 4153 Cibis
3518 4099 3742 4168 judaicis
3766 4141 3781 4164 ,
3805 4103 3889 4155 vel
3925 4101 4038 4154 inde

2451 4177 2679 4241 constat,
2704 4169 2856 4224 sicuti
2882 4177 2938 4241 et
2955 4185 3018 4222 ex
3049 4169 3252 4241 reliquo
3277 4171 3437 4223 totius
3460 4171 3577 4225 libri
3608 4171 3768 4241 stylo,
3792 4186 3902 4225 non
3926 4186 4037 4226 esse

2452 4238 2763 4312 Tertulliani
2793 4281 2808 4305 ,
2851 4240 2944 4295 sed
2977 4238 3463 4310 potius'Novatiani
3487 4283 3502 4306 ,
3534 4238 3715 4312 utpote
3763 4242 3829 4296 ad
3885 4257 4035 4312 quem

2446 4310 2558 4384 jam
2597 4311 2762 4384 dictis
2811 4312 2989 4384 verbis
3017 4312 3273 4384 adludere
3313 4312 3522 4368 videtur
3566 4311 3628 4368 Β.
3660 4310 4032 4384 Hieronymus.

2455 4380 2551 4436 Ubi
2577 4383 2643 4436 de
2674 4382 2771 4436 hac
2794 4383 3016 4436 materia
3045 4382 3219 4439 latius.

1747 4495 1835 4551 IV.
1881 4494 1969 4551 DE
2008 4491 2532 4550 CIRCUMCISIONE
2563 4495 3032 4564 QUASS'I‘IONUM

1829 4625 2109 4684 CITATIO,
2156 4626 2376 4670 EODEM
2407 4627 2466 4670 Β.
2501 4626 2767 4672 BIERON.
2815 4628 2998 4673 LOCO.

825 4753 907 4809 Ad
935 4747 1286 4822 quaestionem
1316 4741 1530 4801 Damasi
1551 4737 1900 4814 penultimam
1935 4753 1947 4790 :
1983 4753 2002 4787 ι
2034 4734 2144 4790 Cur
2171 4732 2342 4790 Abra-
2364 4735 2419 4798 D
2444 4731 2585 4804 quod
2615 4747 2645 4788 a
2671 4732 3003 4792 Tertulliano
3054 4742 3242 4790 nostro
3289 4743 3343 4791 et
3394 4734 3692 4794 Novatiano
3733 4733 3907 4793 latino
3933 4749 4036 4792 ser-

754 4848 878 4903 liam
930 4843 1053 4900 lldei
1102 4855 1213 4897 sua:
1266 4839 1476 4908 signum
1546 4834 1599 4890 in
1653 4827 2060 4888 circumcisione
2109 4825 2345 4895 suscepit

755 4940 908 5014 (Gen.
940 4979 956 5006 ,
1009 4935 1214 5006 XVII),
1271 4929 1558 5003 respondet
1606 4927 1668 4982 Β.
1723 4924 1941 4981 Hieron.
2007 4921 2185 4977 verbis
2232 4921 2341 4991 jam

752 5032 928 5088 citatis
978 5029 1143 5084 altera
1194 5022 1521 5097 praecedenti
1579 5035 1637 5076 se
1701 5019 1846 5073 illam
1908 5015 2339 5087 praetermittere,

823 5147 907 5202 An
949 5142 1286 5216 peculiariter
1333 5135 1608 5208 scripserit
1631 5133 1989 5216 Tertullianus
2023 5131 2226 5216 librum
2277 5129 2341 5184 de

751 5201 1160 5278 CircumEisione,
1190 5227 1298 5267 non
1344 5201 1457 5265 tarn
1493 5215 1704 5262 constat
1726 5216 1885 5278 atque
1929 5203 1998 5278 de
2023 5201 2339 5278 Novatiano,

749 5291 833 5344 cui
889 5274 1200 5343 nominatim
1245 5283 1379 5338 liber
1429 5280 1492 5333 de
1517 5274 1914 5352 circumcisione
1951 5274 2258 5352 inscribitur
2293 5286 2341 5352 _a

751 5361 812 5416 B.
843 5359 1066 5415 Hieron.
1097 5353 1265 5409 Catal.
1299 5353 1493 5423 Script.
1525 5348 1735 5423 Eccles._
1757 5347 1917 5416 Atqui
1945 5347 2108 5399 etiam
2140 5345 2339 5423 latissi-

751 5413 905 5487 i—nuin
935 5413 1215 5484 tractatum
1242 5413 1430 5479 videre'
1467 5431 1552 5478 est
1599 5419 1738 5488 apud
1783 5413 2087 5488 auctorem,
2133 5413 2334 5488 tom.__l,

750 5484 934 5558 liadu.
958 5499 1088 5554 Jud.
1117 5539 1132 5563 ,
1172 5513 1224 5553 e.
1253 5498 1302 5552 5.
1342 5494 1527 5550 Exstat
1551 5484 1774 5563 quidem
1797 5499 1925 5545 tom.
1959 5486 2047 5563 IV,
2081 5501 2220 5543 nunc
2242 5484 2334 5540 IX.

747 5575 984 5648 Operum
1011 5573 1074 5629 Β.
1105 5560 1322 5626 IIieron.
1351 5566 1486 5623 liber
1508 5560 1712 5620 ἀέναα
1736 5560 2143 5627 Circumcisione,
2176 5572 2336 5629 quem

2444 4843 2604 4884 mone
2651 4827 2759 4882 sint
2801 4827 2978 4884 edim.
3031 4828 3248 4886 Addens
3276 4830 3437 4886 etiam
3465 4829 3746 4903 Origenem
3777 4831 3835 4887 in
3870 4831 3936 4887 IV
3974 4830 4034 4885 ad

2449 4922 2605 4977 Rom.
2630 4927 2886 4989 ἐξηγήσεων
2904 4925 3046 4994 Tini,»
3067 4923 3130 4978 de
3147 4921 3536 4981 Circumcisionc
3555 4924 3838 4997 magniﬁce
3859 4926 4035 4997 dispu-

2451 5022 2612 5072 tassc.

2446 5129 2703 5202 Erasmus
2749 5130 2966 5202 conjicit
2994 5147 3114 5192 esse
3144 5132 3491 5198 Tertulliani;
3523 5131 3638 5198 sed,
3670 5139 4029 5202 printerquam

2444 5201 2781 5288 quod_stylus
2809 5201 3362 5288 lintrcorrespondeat
3390 5247 3405 5287 ε
3436 5201 3763 5287 contrarium
3812 5202 4032 5284 convin-

2442 5273 2710 5345 citnritum
2735 5289 2799 5328 es
2823 5274 3111 5342 Scripturis
3131 5273 3330 5331 ibidem
3359 5275 3537 5330 citatis
3556 5276 3703 5345 juxta
3727 5275 4032 5329 versionem

2444 5343 2503 5415 Β.
2558 5344 2817 5408 Ilieron.,
2871 5355 2980 5400 tum
3030 5348 3172 5415 quod
3238 5343 3648 5401 Maniclueorum
3701 5347 4032 5399 mentionem

2442 5414 2630 5488 faciat;
2662 5431 2768 5484 quo
2790 5416 2852 5488 fit
2903 5427 2960 5488 ut
3011 5414 3184 5488 neque
3232 5418 3526 5472 Novatiano
3568 5416 3802 5471 adscribi
3848 5416 4032 5488 possit.

2447 5487 2749 5559 seductius
2778 5487 2942 5559 (quod
2978 5487 3056 5542 vir
3082 5486 3296 5558 quidam
3339 5488 3733 5546 eruditissimus
3804 5486 4032 5554 censuit)

2441 5555 2663 5613 Paulino
2683 5555 3067 5614 adscribendus
3091 5555 3179 5616 Sit.

1906 5676 1970 5732 ν.
2014 5675 2102 5731 DE
2141 5671 2475 5730 VESTIBUS
2499 5671 2735 5730 AARON
2777 5671 2962 5729 LIBRI

1111 5813 1354 5863 murto
1395 5812 1482 5858 ex
1522 5812 1583 5856 Β.
1632 5810 1808 5854 mea.
1839 5806 2036 5850 EPIST.
2085 5787 2223 5862 128,
2270 5805 2354 5849 AD
2383 5803 2708 5849 “smnus
2743 5831 2760 5863 ,
2809 5805 2892 5849 ne
2938 5804 3138 5852 ves":
3170 5803 3628 5852 sscsnnonu.

829 5923 1017 5986 Fertur
1032 5922 1086 5986 in
1107 5921 1281 5983 indice
1298 5918 1544 5995 Septimii
1561 5912 1875 5976 Tertulliani
1895 5910 2029 5971 liber
2050 5910 2110 5967 de
2126 5909 2338 5968 vestibus

2441 5910 2633 5977 Aaron,
2667 5908 2755 5980 qui
2781 5908 2997 5969 interim
3021 5923 3191 5984 usque
3222 5909 3289 5968 ad
3316 5909 3454 5969 hanc
3478 5908 3623 5968 diem
3651 5921 3682 5966 a
3706 5920 3798 5969 me
3829 5921 3942 5968 non
3963 5913 4037 5967 est
