4202 6496
167 408 308 465 “25

1439 419 1778 480 APPENDIX
1800 423 2101 494 QUARTA.

3326 446 3457 504 H96

163 533 430 594 repertus.
457 523 513 582 Si
536 536 567 582 a
589 525 741 583 vobis
767 534 988 600 propter
1008 528 1376 589 celebritatem
1408 533 1569 591 Urbis
1599 537 1760 595 fuerit
1787 547 1839 606 Α
1865 543 2080 611 paratis.
2128 540 2245 598 Non
2281 543 2421 600 enim
2452 558 2762 620 magnorum
2794 549 3034 611 virorum
3064 554 3292 630 ingeniis
3318 601 3332 626 ,
3364 561 3457 618 sed

169 616 438 684 inventus,
463 633 646 689 quaeso
675 637 742 677 ne
763 637 937 679 meam
966 624 1160 679 stillam
1187 625 1328 682 illius
1355 625 1587 684 ﬂuminis
1612 646 1758 686 com-

248 735 419 793 Vestes
457 738 674 811 Aaronis
702 750 814 796 octo
841 756 905 797 ex
933 757 1052 811 cap.
1086 741 1299 798 XXVIII
1330 743 1500 799 Exod.
1531 747 1762 803 recitan-

165 818 355 887 ιρι-,ει
379 809 715 887 explicantur
745 809 1056 887 latissitne'a
1088 814 1146 868 Β.
1172 814 1396 871 Hieron.
1420 817 1561 871 dicta
1591 818 1760 887 Epist.

162 880 229 932 de
289 877 782 969 Veste—sacerdotali
811 901 832 969 ί
878 900 1133 969 t‘ptarunr
1176 896 1403 969 quatuor
1425 930 1462 969 ,.
1493 877 1760 950 feminalia

163 965 381 1022 nempe,
411 950 548 1010 linea
577 955 753 1012 tunica
775 997 790 1026 ,
820 950 1064 1014 baltltcus
1087 967 1141 1015 ct
1164 950 1362 1016 cidaris
1390 950 1550 1017 etiam
1576 976 1759 1016 sacer-

1871 636 2005 690 meis
2034 650 2150 689 sum
2181 637 2384 694 viribus
2413 643 2778 700 mstimandus.

1870 750 2081 838 dotibus
2105 763 2259 808 erant
2290 768 2601 838 communes
2625 759 2887 838 ;_rel_itpi:e
2912 778 3038 838 vero
3065 767 3295 838 propria:
3322 769 3458 827 Pon-

1870 821 2067 897 tiﬁcum
2090 835 2318 897 ,_ntpote
2337 869 2352 892 ,
2392 831 2563 883 tunica
2597 821 2798 887 talaris'
2824 821 3151 892 hiacinthina
3166 821 3460 897 'éinifnii-

1872 894 2159 981 tittnabtilis
2186 936 2201 961 ,
2228 899 2670 981 superbumerale
2699 904 2811 960 sive
2861 906 3034 981 ephod
3053 949 3068 972 ,
3100 894 3463 981 rationalerct

1869 963 2066 1019 lamina
2095 980 2278 1023 aurea.
2299 963 2436 1038 'Quo
2465 971 2600 1030 adeo
2620 972 2875 1033 lectorem
2898 963 3243 1037 remittimus.

1459 1094 1544 1151 VI.
1597 1094 1684 1150 DE
1724 1094 2094 1156 TRINITATE
2130 1098 2312 1159 LIBRI

1665 1251 1938 1299 NOTULA.

243 1375 691 1447 Scripsit,inquit
723 1374 787 1430 Β.
834 1373 1046 1432 Hieron.
1075 1376 1243 1434 Calai.
1292 1376 1486 1449 Script.
1539 1376 1762 1446 Eadm,

167 1466 498 1526 Novatianus
515 1470 577 1524 de
594 1467 845 1526 Trinitate
858 1471 1060 1542 grande
1081 1471 1353 1540 volumen,
1370 1474 1518 1544 quasi
1535 1480 1769 1545 ἐπιτομ-ῖιν

244 1586 327 1640 An
365 1582 723 1656 Tertullianus
770 1593 964 1654 praeter
999 1583 1192 1640 librum
1240 1585 1480 1640 adversm
1513 1586 1766 1656 Praxean,

169 1655 338 1710 alium
365 1657 427 1710 de
454 1655 705 1710 Trinitate
732 1657 1025 1722 scripserit,
1056 1656 1247 1711 merito
1276 1656 1661 1714 dubitationem
1687 1663 1770 1714 in-

166 1726 362 1796 jiciunt
389 1727 503 1782 haec
528 1727 587 1782 Β.
621 1726 930 1798 IIierOnymi
980 1726 1142 1781 verba
1173 1743 1186 1779 :
1217 1743 1336 1781 cum
1369 1729 1508 1782 enim
1563 1737 1771 1798 ἐπιτομὴ

212 1799 475 1853 randioris
524 1799 594 1853 sit
642 1800 820 1866 operis
867 1798 1240 1864 compendium
1268 1840 1281 1860 ,
1315 1809 1368 1853 et
1399 1800 1674 1855 Novatiani
1705 1805 1771 1858 de

184 1869 437 1942 I‘rintitatc
459 1869 608 1942 liber,
634 1878 815 1942 utpote
836 1870 1038 1942 grantlc
1063 1870 1333 1942 volumen,
1363 1872 1446 1926 vel
1471 1874 1586 1942 ipso
1611 1883 1768 1939 teste,

177 1941 440 2008 prolixius
478 1941 642 1995 multo
692 1941 761 1995 sit
807 1939 899 1994 lib.
934 1941 1055 1995 adv.
1087 1939 1362 2006 l’raxean;
1387 1939 1655 2000 Oportebit
1681 1987 1695 2011 ,
1727 1948 1769 1999 si

173 2011 419 2065 mendosi
447 2027 552 2064 non
575 2012 681 2066 sint
706 2012 764 2065 Β.
793 2011 937 2066 Hier.
973 2012 1205 2077 codices,
1231 2014 1390 2067 alium
1417 2015 1484 2068 tle
1509 2014 1772 2070 Trinitate

175 2080 374 2153 librum
402 2096 430 2135 a
462 2083 788 2136 Tertulliano
817 2084 1180 2153 conscriptum
1207 2083 1472 2141 confiteri.
1517 2087 1610 2140 Sin
1641 2103 1773 2143 vero

175 2152 417 2228 legamus
467 2153 626 2228 (quod
677 2154 869 2228 lectum
926 2152 1067 2228 forte
1100 2156 1182 2228 ab
1231 2157 1321 2210 illo
1360 2155 1479 2228 fuit)
1530 2163 1766 2225 ἐπίτασιν,

171 2224 484 2296 censebitur
529 2225 806 2279 Novatiani
835 2225 970 2280 liber
994 2267 1006 2288 ,
1038 2225 1224 2282 dilatio
1253 2224 1552 2296 argumenti
1584 2245 1611 2281 a
1643 2231 1772 2284 'I'er-

174 2295 401 2348 tulliano
432 2299 636 2350 tractati
669 2297 759 2350 lib.
788 2297 905 2350 adv.
939 2295 1200 2351 Praxeun.
1260 2295 1487 2365 Ιόῖιιςυιη
1541 2314 1771 2355 censen-

172 2365 304 2438 tium
334 2367 452 2438 erit,
483 2367 526 2420 si
559 2366 795 2437 legamus
818 2379 1030 2437 μίμησιν.
1064 2369 1114 2422 id
1146 2379 1229 2424 est
1255 2371 1624 2438 imitationem,
1648 2388 1769 2428 cum

173 2435 567 2512 Tertullianum
604 2435 894 2512 aliquoties
944 2441 1199 2512 imitetur.
1226 2511 1231 2512 γ
1258 2441 1363 2495 Nos
1411 2435 1619 2512 itaque,
1648 2445 1770 2512 quia

173 2521 286 2564 non
314 2507 544 2564 libenter
569 2507 771 2581 absque
792 2509 899 2569 MS.
928 2511 1200 2567 codicibus
1221 2507 1517 2570 lectionem
1531 2507 1770 2572 veterum

1870 1383 2050 1479 operis
2076 1385 2419 1460 Tertulliani,
2447 1391 2592 1464 quod
2625 1392 2863 1469 plerique
2890 1399 3194 1460 nescientes
3212 1401 3466 1479 Cypriani

1874 1477 2197 1535 existimant.

1876 1587 2221 1670 immutamus
2254 1633 2282 1671 ,_
2320 1594 2604 1671 maluimus
2649 1600 2815 1671 etiam
2867 1602 3060 1662 librum
3108 1607 3174 1664 de
3215 1609 3468 1671 Trinitate

1876 1660 2012 1744 inter
2033 1678 2092 1717 ea
2112 1678 2230 1733 quae
2251 1664 2626 1749 desiderantur
2646 1669 2959 1731 Tertulliani
2982 1660 3464 1749 operi’coiidéii'é'?

1873 1735 2105 1814 maxime
2127 1777 2141 1799 ,
2175 1750 2295 1814 cum
2318 1779 2350 1814 ._
2368 1741 2466 1794 etsi
2499 1741 2636 1814 idem
2679 1735 3051 1814 argumentum
3098 1735 3261 1809 latius
3273 1735 3472 1814 iiiéiei

1875 1802 2197 1884 b‘ovatianns
2219 1809 2282 1861 de
2309 1807 2467 1884 Patre
2500 1811 2604 1866 Deo
2626 1825 2672 1869 el
2696 1802 2803 1870 Deo
2835 1802 3467 1884 Ρ

1875 1875 2031 1953 latins
2062 1888 2322 1953 tractetur
2343 1896 2373 1935 a
2400 1881 2733 1940 Tertulliano
2758 1887 2875 1941 adv.
2908 1875 3228 1950 Praxean'e—t
3247 1875 3471 1953 iiii]??-

1877 1948 2102 2030 cttianos,
2133 1949 2202 2030 de
2229 1949 2362 2030 Filio
2387 1954 2493 2007 alio
2519 1970 2548 2009 a
2577 1954 2735 2030 Patre
2766 1999 2785 2030 ,ν
2810 1975 2967 2030 quem
2991 1962 3066 2018 illi
3097 1948 3467 2024 eutitdemnia-

1802 2051 1850 2111 Β
1878 2019 2123 2111 ciebant;
2162 2022 2326 2111 sicuti
2346 2035 2526 2111 postea
2557 2038 2610 2081 et
2635 2019 2927 2111 sabellius,
2946 2019 3473 2111 contraiqueinnpau-

1878 2089 2111 2167 ci0tibus
2146 2089 2625 2167 agit‘Ntivatianns.
2671 2099 2874 2156 Deinde
2903 2089 3473 2167 'latiusiibirtractra‘tur

1879 2168 1933 2214 et
1953 2163 2131 2241 verius
2152 2162 2220 2216 de
2249 2163 2447 2248 Spiritu
2473 2181 2680 2248 sancto,
2712 2174 2991 2248 utpotetde
3018 2193 3122 2248 quo
3145 2162 3471 2238 Novat'iaﬁnns

1880 2233 2091 2324 tinicutn
2143 2244 2303 2302 caput
2348 2236 2558 2324 habeat.
2616 2233 2815 2324 USqtté_
2845 2246 2978 2302 adeo
3027 2233 3114 2324 ut,
3147 2233 3215 2306 si

1879 2301 2160 2394 IOtluaIllur
2184 2301 2215 2368 ,⁷
2240 2321 2410 2386 neque
2449 2301 2849 2394 latrone,_'qtti_a
2899 2301 3470 2394 grantliusvesivopusv,

1879 2389 1977 2427 nec
2027 2381 2267 2458 lnlraatc,
2323 2380 2443 2447 quia
2498 2382 2551 2436 in
2602 2380 2928 2459 quibusdam'
2969 2391 3320 2459 succinctius;
3352 2380 3472 2452 'nec

1876 2455 2098 2537 [:Epnldtf...
2119 2452 2253 2537 quia.
2264 2464 2369 2537 non
2384 2465 2488 2537 per
2503 2457 2681 2537 omnia
2701 2455 2957 2528 imitatur,
2977 2460 3082 2518 dici
3102 2466 3271 2534 possit
3291 2452 3470 2537 operis

1882 2516 2195 2574 Tertulliani
2221 2521 2355 2577 liber
2383 2516 2686 2581 Novatiani.

1489 2668 1599 2725 VII.
1647 2672 1734 2728 DE
1766 2673 1984 2733 CENSU
2005 2677 2245 2736 ΑΝΙΜΑΞ

791 2798 962 2846 LIBRI
1003 2799 1324 2847 Δυνιςιιεῠε
1362 2801 1806 2852 EEBMOGENEM
1851 2809 2298 2857 ARGUMENTUM
2341 2814 2423 2858 ET
2465 2816 2882 2874 FRAGMENTA.

1182 2949 1265 2993 ex
1289 2932 1456 2996 libro
1482 2933 1559 2998 de
1585 2936 1844 3016 Anima,
1873 2957 2014 3022 cap.
2049 2943 2110 3020 1,
2141 2942 2205 3020 3,
2232 2943 2316 3005 22
2343 2949 2405 3010 et
2431 2945 2532 3009 21s.

251 3077 328 3134 De
340 3075 457 3134 solo
475 3074 640 3133 Censu
660 3076 862 3142 animm,
882 3076 1046 3148 inquit
1065 3075 1427 3142 Tertullianus,
1451 3092 1772 3148 congressus

175 3170 502 3242 Hermogeui
531 3213 545 3238 ,
577 3180 839 3242 quatenus
883 3178 938 3226 et
987 3169 1145 3226 istum
1193 3185 1261 3226 ex
1318 3173 1555 3228 materia:
1599 3175 1774 3242 potius

173 3275 454 3338 suggestu,
479 3279 638 3336 quam
665 3280 733 3320 ex
760 3263 851 3320 Dei
881 3261 1010 3319 ﬂatu
1058 3264 1362 3320 constitisse
1390 3268 1771 3336 praesumpsit;

174 3373 324 3414 nunc
371 3356 437 3413 ad
486 3357 723 3430 reliquas
769 3371 1066 3414 conversus
1092 3358 1416 3428 quaestiones
1440 3401 1455 3425 ,
1485 3361 1772 3432 plurimutn

174 3449 406 3506 videbor
428 3464 550 3506 cum
579 3449 914 3521 philosophis
937 3449 1310 3506 dimicaturus.

251 3542 368 3598 Una
385 3542 496 3613 jam
517 3544 896 3613 congressione
917 3542 1097 3598 decisa
1121 3544 1361 3598 adversus
1385 3543 1773 3617 Hermogenem,

182 3645 246 3692 ut
271 3636 476 3706 praefati
509 3649 694 3691 sumus
713 3676 728 3702 ,
759 3635 882 3706 quia
911 3637 1143 3691 animam
1166 3651 1234 3690 ex
1278 3635 1373 3692 Dei
1398 3637 1546 3703 ﬂatu,
1576 3654 1679 3693 non
1707 3654 1773 3694 ex

176 3730 406 3786 materia
432 3729 800 3794 vindicamus;
847 3728 1034 3784 muniti
1081 3736 1134 3784 et
1163 3727 1271 3784 illic
1295 3728 1494 3784 divina:
1519 3729 1775 3786 determi-

175 3823 417 3879 nationis
443 3821 820 3878 inobscurabili
852 3821 1033 3893 regula
1079 3837 1093 3876 :
1125 3821 1191 3876 Et
1218 3822 1381 3893 ﬂavit,
1412 3823 1605 3893 inquit,
1637 3819 1778 3877 Deus

177 3918 366 3987 ﬂatum
394 3917 508 3970 uitta
530 3916 583 3969 in
611 3916 792 3986 {aciem
816 3915 1055 3981 hominis,
1098 3924 1152 3968 et
1200 3916 1366 3984 {actus
1411 3925 1485 3969 est
1530 3916 1680 3969 homo
1725 3917 1778 3968 in

176 4009 410 4065 animum
437 4007 599 4062 vivam
629 4005 802 4078 (Gem,
825 4005 902 4072 II;
929 4004 952 4060 Ι
981 4005 1124 4072 Cor.,
1153 4005 1273 4076 XV)
1294 4049 1310 4073 ,
1353 4007 1537 4076 utique
1587 4008 1636 4062 ei
1683 4007 1776 4062 Dei

179 4103 336 4159 ﬂatu.
367 4100 443 4158 De
467 4101 569 4156 isto
590 4099 720 4155 nihil
746 4100 975 4170 amplius
995 4098 1410 4166 revolvendum;
1438 4099 1600 4157 habet
1621 4115 1776 4156 suum

177 4193 394 4249 titulum
422 4201 478 4249 et
499 4207 656 4248 suum
688 4191 1018 4247 haereticum.

257 4284 523 4342 Cteterum
567 4284 809 4339 adversus
849 4282 1222 4354 Hermogenem
1249 4325 1263 4349 ,
1292 4285 1382 4355 qui
1414 4299 1534 4341 eam
1564 4284 1780 4359 (nempe

179 4377 461 4444 animam)
509 4392 577 4432 ex
619 4376 866 4441 materia,
898 4390 1004 4430 non
1049 4389 1118 4431 ex
1167 4374 1262 4430 Dei
1314 4375 1461 4442 ﬂatu,
1484 4379 1779 4448 contendit,

181 4473 372 4528 ﬂatum
404 4472 619 4542 proprie
675 4479 907 4528 tuemur.
962 4469 1060 4527 Ille
1096 4471 1238 4526 enim
1263 4513 1277 4538 ,
1318 4471 1576 4529 adversus
1619 4475 1784 4545 ipsius

181 4567 478 4638 Scriptum
519 4564 679 4621 ﬁdem
717 4562 900 4622 ﬂatum
951 4564 1003 4619 in
1042 4564 1298 4635 Spiritum
1345 4566 1537 4632 vertit;
1571 4577 1627 4621 ut
1655 4569 1782 4624 dum

180 4661 500 4718 incredibile
522 4669 607 4716 est
629 4659 884 4731 Spiritum
911 4659 1007 4715 Dei
1031 4659 1084 4714 in
1107 4659 1444 4726 delictum,et
1471 4675 1596 4716 mox
1619 4661 1672 4716 in
1692 4661 1782 4732 ju-

181 4754 385 4811 dicium
407 4751 663 4810 devenire
690 4793 706 4821 ,
735 4767 804 4809 ex
834 4751 1056 4808 materia
1087 4751 1267 4821 potius
1311 4752 1486 4808 anima
1513 4753 1780 4823 credatur,

1877 3100 2036 3154 quam
2065 3102 2130 3142 ex
2160 3089 2252 3145 Dei
2279 3089 2499 3161 Spiritu.
2529 3092 2733 3152 Idcirco
2777 3112 2876 3154 nos
2915 3105 2970 3154 et
3009 3098 3118 3158 illic
3148 3099 3329 3161 ﬂatum
3356 3118 3475 3162 eam

1879 3177 2216 3236 defendimus
2234 3223 2249 3247 ,
2275 3200 2380 3239 non
2406 3187 2652 3254 spiritum
2679 3230 2694 3254 ,
2726 3192 3019 3248 secundum
3066 3194 3396 3267 Scripturam
3422 3207 3480 3256 et

1878 3272 2172 3328 secundum
2213 3275 2436 3345 spiritus
2463 3277 2860 3338 distinctionem
2884 3301 2897 3349 ;
2927 3293 2982 3340 et
3011 3285 3096 3340 hic
3124 3288 3368 3358 spiritum
3397 3291 3480 3348 in-

1879 3360 2045 3431 gratis
2094 3366 2538 3435 pronuntiamus,
2581 3372 2880 3429 sccundum
2930 3376 3169 3447 spirandi
3217 3389 3270 3435 et
3313 3381 3478 3439 ﬂandi

1879 3453 2278 3523 conditionem;
2313 3458 2421 3514 illic
2448 3458 2516 3515 de
2551 3461 2850 3520 substantia
2876 3469 3100 3536 quaestio
3121 3479 3205 3526 est
3225 3509 3244 3539 ,
3272 3473 3478 3543 spirare

1879 3548 2025 3601 enim
2052 3550 2366 3606 substantia:
2386 3563 2536 3610 actus
2560 3566 2666 3612 est.

1951 3639 2157 3697 Caetera
2181 3644 2374 3699 anima:
2397 3649 2654 3703 naturalia
2679 3649 2790 3721 jam
2823 3666 2853 3708 a
2877 3651 3031 3709 nobis
3057 3653 3226 3710 audiit
3254 3653 3478 3715 Hermo-

1879 3743 2047 3800 genes
2069 3773 2085 3798 ,
2114 3748 2235 3789 cum
2266 3736 2501 3805 ipsorum
2547 3740 2860 3800 defensione
2903 3753 2958 3800 et
3004 3746 3352 3817 probatione,
3384 3765 3477 3821 per

1882 3835 2002 3891 qua:
2053 3824 2146 3881 Dei
2195 3827 2373 3898 potius
2425 3847 2585 3903 quam
2635 3839 2872 3893 materia:
2922 3838 3217 3911 propinqua
3275 3854 3477 3913 cogno-

1884 3916 2073 3973 scitur.

1956 4008 2064 4064 Nos
2086 4020 2286 4080 autem,
2311 4013 2400 4084 qui
2427 4015 2557 4072 nihil
2578 4018 2952 4091 adpendimus,
2983 4023 3086 4082 hoc
3109 4026 3224 4098 ipso
3241 4029 3477 4086 animam

1886 4100 2042 4173 longe
2092 4103 2229 4160 infra
2281 4105 2450 4163 Deum
2498 4112 2888 4184 rependimus,
2933 4119 3074 4190 quod
3125 4133 3306 4178 natam
3358 4139 3475 4181 eam

1884 4199 2255 4268 agnoscimus;
2285 4216 2347 4258 ac
2370 4219 2463 4273 per
2485 4203 2587 4262 hoc
2607 4206 2874 4267 dilutioris
2898 4210 3216 4286 divinitatis,
3239 4218 3480 4275 exilioris

1887 4288 2193 4359 felicitatis;
2227 4302 2284 4349 ut
2330 4293 2512 4352 ﬂatum
2539 4340 2553 4364 ,
2582 4314 2689 4354 non
2728 4310 2787 4357 ut
2827 4304 3107 4375 spiritum;
3133 4309 3235 4364 etsi
3261 4311 3481 4368 immor-

1891 4385 2070 4451 talem,
2098 4396 2154 4441 ut
2175 4387 2277 4444 hoc
2297 4390 2368 4444 sit
2392 4390 2716 4459 divinitatis;
2745 4406 2920 4453 tamen
2949 4402 3275 4473 passibilem,
3301 4414 3359 4460 ut
3379 4405 3480 4463 hoc

1887 4479 1956 4533 sit
1979 4480 2300 4550 nativitatis;
2348 4483 2576 4556 ideoque
2611 4496 2664 4543 et
2688 4501 2719 4542 a
2750 4489 3044 4558 primordio
3070 4497 3480 4556 exorbitationis

1886 4584 2160 4643 capacem,
2186 4583 2240 4628 et
2274 4573 2398 4630 inde
2434 4576 2596 4632 etiam
2627 4579 2911 4639 oblivionis
2940 4583 3195 4644 adﬁnem.
3241 4588 3383 4646 Satis
3411 4589 3480 4648 de

1889 4664 1995 4720 isto
2023 4680 2145 4722 cum
2173 4664 2532 4738 Hermogene.

261 4888 358 4946 [Iis
377 4890 614 4977 quinque
638 4889 770 4977 locis
799 4895 983 4977 auctor
1013 4885 1064 4940 in
1094 4886 1596 4977 primithitnlumnct
1622 4903 1782 4959 argu-
1807 4893 1861 4952 D
1887 4891 2291 4977 inspirationem,
2323 4899 2418 4977 aut
2446 4891 2880 4977 adspirationem,
2901 4909 2993 4977 aut
3019 4902 3266 4977 animam,
3316 4919 3476 4977 quam

183 4956 429 5020 mentum
460 4956 657 5016 indicat
690 4978 703 5014 :
730 4959 794 5014 de
830 4956 996 5014 Censu
1021 4958 1208 5011 anima:
1231 4957 1468 5013 adversus
1499 4956 1780 5030 Hermoge-

185 5051 328 5099 nem,
351 5033 441 5088 ubi
471 5048 675 5086 censum
695 5030 862 5099 accipi
891 5044 986 5099 pro
1007 5030 1234 5097 origine,
1261 5041 1612 5098 praeterquam
1639 5031 1780 5099 quod

186 5051 328 5099 nem,
351 5046 441 5088 um
471 5048 675 5086 censum
695 5046 806 5085 acet
851 5047 862 5082 l
891 5046 986 5099 pro
1007 5046 1234 5097 origine,
1261 5046 1612 5098 praeterquam
1639 5046 1780 5099 quod

186 5105 531 5185 priorinloco,
564 5103 724 5184 etiam
745 5046 976 5156 verinde
1004 5101 1358 5185 patethquod
1386 5100 1789 5185 refutctnrltm-

187 5171 332 5231 resis
353 5175 722 5246 Hermogenis,
743 5187 846 5244 qna
860 5186 974 5254 non
991 5186 1056 5226 ex
1077 5171 1171 5226 Dei
1193 5171 1340 5256 ﬂatu,
1355 5173 1531 5256 πόλει
1560 5175 1781 5256 φίλῳ-εει

187 5247 386 5301 anima:
414 5242 675 5316 originem
703 5242 1007 5324 constitisse
1033 5243 1410 5324 contendebat.
1443 5242 1592 5324 Haud
1624 5246 1785 5324 aliter

188 5327 355 5388 atque
400 5315 657 5388 mundum
698 5315 895 5370 factum
940 5315 1154 5388 dicebat
1195 5331 1297 5369 non
1334 5332 1399 5371 ex
1445 5316 1613 5388 nihilo
1637 5356 1651 5378 ,
1683 5317 1778 5371 sed

189 5385 507 5444 ex'materia
536 5387 644 5443 Deo
673 5395 941 5444 coaeterna
969 5427 985 5450 ,
1024 5385 1282 5456 adversus
1327 5400 1484 5456 quam
1506 5455 1511 5456 ί
1535 5387 1781 5442 haeresim

187 5474 356 5530 supra
402 5459 636 5542 disputat
681 5467 907 5541 auctor,
949 5456 1157 5542 itu-adv.
1202 5455 1447 5542 ﬂermog.
1475 5455 1605 5539 .Jam
1655 5475 1783 5542 vero

190 5527 356 5585 etiam
401 5531 537 5585 duas
591 5527 1137 5609 scripturasmaﬂ’ertn,
1167 5527 1358 5609 quibus
1402 5530 1632 5609 animum
1663 5530 1782 5609 ριςί

191 5601 379 5657 ﬂatum
407 5602 660 5669 probasse
685 5598 745 5655 se
772 5599 1064 5669 signiﬁcat,
1093 5598 1230 5654 Gen.
1287 5599 1326 5653 Il
1360 5611 1412 5655 et
1439 5600 1457 5654 I
1487 5600 1636 5662 Con,
1663 5600 1778 5667 XV,

193 5675 248 5727 in
280 5673 475 5743 quibus
505 5688 625 5728 cum
656 5672 743 5726 ille
768 5713 783 5735 ,
815 5673 888 5725 ttti
920 5686 1032 5725 sua:
1064 5671 1251 5725 ltzeresi
1282 5671 1550 5726 videretur
1579 5671 1779 5739 favere,

195 5745 452 5799 vertisset
510 5745 746 5812 spiritum
796 5743 931 5813 vita,
989 5757 1084 5810 pro
1127 5758 1194 5797 co
1230 5743 1371 5812 quod
1416 5743 1503 5796 alii
1554 5745 1784 5813 ﬂatum,-

193 5823 383 5869 contra
437 5815 724 5885 Scriptura:
757 5812 934 5876 ﬁdem,
965 5823 1146 5885 utpote
1190 5829 1530 5885 cumigra-ce
1557 5812 1782 5884 legatur

195 5900 379 5947 πνοὴν.
424 5884 566 5956 quod
610 5886 848 5956 plerique
895 5884 1096 5938 malunt
1143 5884 1261 5956 (Vel
1318 5884 1376 5938 Β.
1431 5888 1562 5955 Aug.
1625 5896 1779 5950 teste,

196 5959 292 6017 lib.
329 5955 482 6028 λιιι,
512 5958 574 6015 de
619 5958 763 6014 (Jivit.
793 5955 925 6024 Dei,
973 5972 1022 6014 c.
1050 5955 1143 6028 24)
1192 5958 1528 6026 interpretari
1577 5957 1782 6028 ﬂatum,

1887 4963 2121 5035 spiritum
2153 4979 2170 5027 ,-
2200 4962 2462 5035 signiﬁcat
2491 4962 2650 5019 tertio
2694 4966 2815 5023 loco
2861 4969 2947 5025 hic
2990 4976 3155 5029 citato
3192 4962 3379 5032 auctor
3419 4962 3479 5035 se

1889 5031 2353 5118 licet-gissc‘dicto
2381 5034 2536 5099 libro,
2562 5046 2616 5117 ut
2636 5038 2820 5118 ﬂatum
2853 5043 3026 5118 potius
3057 5031 3294 5102 tueretur
3319 5031 3476 5118 quam

1887 5105 2141 5174 spiritum.
2198 5107 2528 5187 Quamquam
2566 5105 2788 5188 interim
2821 5105 2927 5188 alio
2949 5129 3110 5188 sensu
3138 5119 3298 5172 etiam
3324 5105 3479 5188 spiri-

1888 5183 1999 5229 tum
2030 5189 2322 5251 agnoscens
2347 5178 2579 5251 animam
2605 5221 2619 5245 ,
2648 5195 2678 5234 a
2709 5182 2966 5250 spirando
2991 5228 3006 5248 ,
3030 5186 3120 5242 lib.
3166 5189 3228 5242 de
3268 5178 3473 5251 Anima.

1888 5261 1995 5317 non
2019 5261 2110 5315 per
2129 5250 2307 5300 omnia
2328 5250 2626 5305 consentiat
2645 5266 2766 5306 cum
2789 5254 3186 5313 Catltolicorum
3207 5250 3478 5317 sententia

1888 5316 2408 5399 'I‘ertttlliatitis‘,.q‘ui
2438 5322 2682 5391 spiritum
2733 5329 2945 5394 proprie
2988 5328 3218 5384 animam
3268 5316 3474 5399 dicunt,

1889 5405 1993 5478 non
2019 5400 2195 5478 tamen
2218 5390 2749 5478 Spiritum'sanctutn
2772 5413 2787 5459 ;
2812 5390 2972 5478 atque
2992 5400 3126 5478 adeo
3149 5401 3309 5458 etiam
3332 5390 3476 5460 dicto

1889 5459 2007 5542 I900
2029 5460 2299 5542 Getteseos
2328 5462 2555 5542 etalibi,
2579 5477 2728 5542 ’πρὶν
2764 5459 2999 5542 spiritum
3032 5459 3474 5542 interpretantur.

1888 5529 2085 5585 Verum
2116 5531 2181 5603 de
2206 5531 2305 5585 hoc
2331 5531 2474 5586 illius
2499 5537 2769 5603 paradoxo
2792 5529 3048 5595 lectorem
3077 5529 3380 5600 remisimus
3406 5529 3476 5602 ad

1887 5612 2064 5656 nostra
2123 5600 2576 5672 Prolcgomena’...
2631 5607 2832 5663 Deinde
2885 5625 3008 5666 sese
3054 5613 3120 5666 ad
3175 5600 3476 5672 institutum

1885 5674 2104 5749 proliitts
2128 5683 2320 5726 caetera
2349 5675 2607 5749 naturalia
2633 5679 2826 5732 anima:
2849 5694 3211 5749 pertractasse
3244 5686 3477 5742 insinuat

1885 5743 2002 5798 adv.
2038 5743 2304 5825 Hermog.,
2340 5754 2393 5828 ut
2438 5746 2526 5799 Dei
2561 5743 2934 5828 potius-quam
2985 5755 3224 5828 materiae.
3251 5760 3476 5828 propin-

1886 5831 1987 5897 qua
2031 5817 2202 5898 anima
2249 5817 2583 5898 probaretur.
2633 5817 2865 5891 Denique
2909 5823 3166 5898 fortassis
3195 5817 3478 5898 propterea

1888 5888 2009 5968 quis
2034 5887 2419 5968 animanthcum
2466 5887 2958 5968 Deti_eotnpa'rare_t,
2991 5908 3108 5949 eam
3154 5887 3312 5968 longe
3343 5899 3478 5958 inira

1891 5958 2061 6015 Deum
2086 5957 2390 6016 defendisse
2420 5974 2479 6015 se
2498 5961 2684 6018 scribit
2709 5957 2853 6017 dicto
2877 5957 3036 6035 libro,
3059 5967 3205 6037 quod
3230 5957 3356 6028 nata
3382 5973 3473 6040 sit,
