  <div class='ocr_page' id='page_1' title='image "/cluster/home/n/w/nwhite01/storage/ocr_20150623/2/hvd.32044015466741/633.png"; bbox 0 0 4202 6496; ppageno 0'>
   <div class='ocr_carea' id='block_1_1' title="bbox 751 381 893 438">
    <p class='ocr_par' dir='ltr' id='par_1_1' title="bbox 751 381 893 438">
     <span class='ocr_line' id='line_1_1' title="bbox 751 381 893 438; baseline 0 -1"><span class='ocrx_word' id='word_1_1' title='bbox 751 381 893 438; x_wconf 67' lang='grc' dir='ltr'><strong>ΗΞῚ</strong></span> 
     </span>
    </p>
   </div>
   <div class='ocr_carea' id='block_1_2' title="bbox 750 636 2341 716">
    <p class='ocr_par' dir='ltr' id='par_1_2' title="bbox 750 636 2341 716">
     <span class='ocr_line' id='line_1_2' title="bbox 750 636 2341 716; baseline 0.005 -23"><span class='ocrx_word' id='word_1_2' title='bbox 750 651 890 706; x_wconf 80' lang='lat' dir='ltr'><strong>pene</strong></span> <span class='ocrx_word' id='word_1_3' title='bbox 916 636 1034 695; x_wconf 86' lang='lat' dir='ltr'><strong>libri</strong></span> <span class='ocrx_word' id='word_1_4' title='bbox 1061 648 1436 712; x_wconf 74' lang='lat' dir='ltr'><strong>argumentum</strong></span> <span class='ocrx_word' id='word_1_5' title='bbox 1461 680 1477 710; x_wconf 92' lang='lat'><strong>,</strong></span> <span class='ocrx_word' id='word_1_6' title='bbox 1511 649 1563 697; x_wconf 89' lang='lat' dir='ltr'><strong>et</strong></span> <span class='ocrx_word' id='word_1_7' title='bbox 1592 636 2067 713; x_wconf 67' lang='lat' dir='ltr'><strong>quasi&#39;fraguienta</strong></span> <span class='ocrx_word' id='word_1_8' title='bbox 2095 645 2341 716; x_wconf 75' lang='lat' dir='ltr'><strong>qua-dam</strong></span> 
     </span>
    </p>
   </div>
   <div class='ocr_carea' id='block_1_3' title="bbox 2199 388 2662 459">
    <p class='ocr_par' dir='ltr' id='par_1_3' title="bbox 2199 388 2662 459">
     <span class='ocr_line' id='line_1_3' title="bbox 2199 388 2662 459; baseline 0.011 -16"><span class='ocrx_word' id='word_1_9' title='bbox 2199 388 2662 459; x_wconf 71' lang='lat' dir='ltr'><strong>TEIlTULLlANI</strong></span> 
     </span>
    </p>
   </div>
   <div class='ocr_carea' id='block_1_4' title="bbox 747 494 2343 569">
    <p class='ocr_par' dir='ltr' id='par_1_4' title="bbox 747 494 2343 569">
     <span class='ocr_line' id='line_1_4' title="bbox 747 494 2343 569; baseline 0.007 -20"><span class='ocrx_word' id='word_1_10' title='bbox 747 494 889 569; x_wconf 84' lang='lat' dir='ltr'><strong>quod</strong></span> <span class='ocrx_word' id='word_1_11' title='bbox 917 494 1180 569; x_wconf 81' lang='lat' dir='ltr'><strong>passibilis</strong></span> <span class='ocrx_word' id='word_1_12' title='bbox 1203 537 1224 569; x_wconf 16' lang='grc' dir='ltr'>ν,</span> <span class='ocrx_word' id='word_1_13' title='bbox 1253 495 1394 569; x_wconf 81' lang='lat' dir='ltr'><strong>quod</strong></span> <span class='ocrx_word' id='word_1_14' title='bbox 1421 496 1829 553; x_wconf 74' lang='lat' dir='ltr'><strong>exorbitationis</strong></span> <span class='ocrx_word' id='word_1_15' title='bbox 1877 513 2080 569; x_wconf 74' lang='lat' dir='ltr'><strong>capax,</strong></span> <span class='ocrx_word' id='word_1_16' title='bbox 2116 512 2169 556; x_wconf 92' lang='lat' dir='ltr'><strong>et</strong></span> <span class='ocrx_word' id='word_1_17' title='bbox 2219 505 2343 560; x_wconf 86' lang='lat' dir='ltr'><strong>inde</strong></span> 
     </span>
    </p>
   </div>
   <div class='ocr_carea' id='block_1_5' title="bbox 747 566 2344 640">
    <p class='ocr_par' dir='ltr' id='par_1_5' title="bbox 747 566 2344 640">
     <span class='ocr_line' id='line_1_5' title="bbox 747 566 2344 640; baseline 0.008 -22"><span class='ocrx_word' id='word_1_18' title='bbox 747 566 1243 640; x_wconf 20' lang='lat' dir='ltr'><strong>etiatniobliviunis</strong></span> <span class='ocrx_word' id='word_1_19' title='bbox 1275 566 1475 624; x_wconf 78' lang='lat' dir='ltr'><strong>adfinis</strong></span> <span class='ocrx_word' id='word_1_20' title='bbox 1513 569 1599 623; x_wconf 92' lang='lat' dir='ltr'><strong>sit.</strong></span> <span class='ocrx_word' id='word_1_21' title='bbox 1663 569 1840 640; x_wconf 56' lang='lat' dir='ltr'><strong>[isque</strong></span> <span class='ocrx_word' id='word_1_22' title='bbox 1886 566 2022 626; x_wconf 85' lang='lat' dir='ltr'><strong>adeo</strong></span> <span class='ocrx_word' id='word_1_23' title='bbox 2078 583 2134 627; x_wconf 92' lang='lat' dir='ltr'><strong>ttt</strong></span> <span class='ocrx_word' id='word_1_24' title='bbox 2183 576 2344 631; x_wconf 91' lang='lat' dir='ltr'><strong>totius</strong></span> 
     </span>
    </p>
   </div>
   <div class='ocr_carea' id='block_1_6' title="bbox 3917 403 4051 462">
    <p class='ocr_par' dir='ltr' id='par_1_6' title="bbox 3917 403 4051 462">
     <span class='ocr_line' id='line_1_6' title="bbox 3917 403 4051 462; baseline -0.015 -1"><span class='ocrx_word' id='word_1_25' title='bbox 3917 403 4051 462; x_wconf 68' lang='lat'><strong>“28</strong></span> 
     </span>
    </p>
   </div>
   <div class='ocr_carea' id='block_1_7' title="bbox 2450 506 4051 632">
    <p class='ocr_par' dir='ltr' id='par_1_7' title="bbox 2450 506 4051 632">
     <span class='ocr_line' id='line_1_7' title="bbox 2450 506 4051 632; baseline 0.01 -72"><span class='ocrx_word' id='word_1_26' title='bbox 2450 507 2576 632; x_wconf 50' lang='lat' dir='ltr'><strong>ipsi:</strong></span> <span class='ocrx_word' id='word_1_27' title='bbox 2633 506 2820 563; x_wconf 92' lang='lat' dir='ltr'><strong>iisdem</strong></span> <span class='ocrx_word' id='word_1_28' title='bbox 2872 507 3047 565; x_wconf 92' lang='lat' dir='ltr'><strong>verbis</strong></span> <span class='ocrx_word' id='word_1_29' title='bbox 3102 510 3325 581; x_wconf 84' lang='lat' dir='ltr'><strong>repetita</strong></span> <span class='ocrx_word' id='word_1_30' title='bbox 3375 513 3462 571; x_wconf 90' lang='lat' dir='ltr'><strong>hic</strong></span> <span class='ocrx_word' id='word_1_31' title='bbox 3531 515 3714 576; x_wconf 88' lang='lat' dir='ltr'><strong>videre</strong></span> <span class='ocrx_word' id='word_1_32' title='bbox 3772 519 3843 576; x_wconf 90' lang='lat' dir='ltr'><strong>sit</strong></span> <span class='ocrx_word' id='word_1_33' title='bbox 3916 519 4051 592; x_wconf 88' lang='lat' dir='ltr'><strong>apud</strong></span> 
     </span>
     <span class='ocr_line' id='line_1_8' title="bbox 2450 592 2744 632; baseline 0 0"><span class='ocrx_word' id='word_1_34' title='bbox 2450 592 2547 632; x_wconf 89' lang='lat' dir='ltr'><strong>auc</strong></span> <span class='ocrx_word' id='word_1_35' title='bbox 2573 594 2744 632; x_wconf 88' lang='lat' dir='ltr'><strong>orem.</strong></span> 
     </span>
    </p>
   </div>
   <div class='ocr_carea' id='block_1_8' title="bbox 2447 592 2744 635">
    <p class='ocr_par' dir='ltr' id='par_1_8' title="bbox 2447 592 2744 635">
     <span class='ocr_line' id='line_1_9' title="bbox 2447 592 2744 635; baseline 0.013 -4"><span class='ocrx_word' id='word_1_36' title='bbox 2447 592 2744 635; x_wconf 90' lang='lat' dir='ltr'><strong>auctorem.</strong></span> 
     </span>
    </p>
   </div>
   <div class='ocr_carea' id='block_1_9' title="bbox 1725 752 3033 815">
    <p class='ocr_par' dir='ltr' id='par_1_9' title="bbox 1725 752 3033 815">
     <span class='ocr_line' id='line_1_10' title="bbox 1725 752 3033 815; baseline 0.004 -8"><span class='ocrx_word' id='word_1_37' title='bbox 1725 752 1860 808; x_wconf 77' lang='lat' dir='ltr'>VIII.</span> <span class='ocrx_word' id='word_1_38' title='bbox 1893 753 2253 813; x_wconf 80' lang='lat' dir='ltr'><strong>ADVERSUS</strong></span> <span class='ocrx_word' id='word_1_39' title='bbox 2290 756 2811 815; x_wconf 75' lang='lat' dir='ltr'><strong>APELLETIANOS</strong></span> <span class='ocrx_word' id='word_1_40' title='bbox 2852 756 3033 813; x_wconf 83' lang='lat' dir='ltr'>LIBRI</span> 
     </span>
    </p>
   </div>
   <div class='ocr_carea' id='block_1_10' title="bbox 1545 875 3268 956">
    <p class='ocr_par' dir='ltr' id='par_1_10' title="bbox 1545 875 3268 956">
     <span class='ocr_line' id='line_1_11' title="bbox 1545 875 3268 956; baseline 0.002 -24"><span class='ocrx_word' id='word_1_41' title='bbox 1545 887 1823 946; x_wconf 78' lang='lat' dir='ltr'><strong>CITATIO,</strong></span> <span class='ocrx_word' id='word_1_42' title='bbox 1871 888 1955 932; x_wconf 72' lang='lat' dir='ltr'><strong>ex</strong></span> <span class='ocrx_word' id='word_1_43' title='bbox 1999 888 2185 933; x_wconf 77' lang='lat' dir='ltr'><strong>Ltnno</strong></span> <span class='ocrx_word' id='word_1_44' title='bbox 2228 891 2311 934; x_wconf 75' lang='lat' dir='ltr'><strong>ne</strong></span> <span class='ocrx_word' id='word_1_45' title='bbox 2346 892 2554 936; x_wconf 77' lang='lat' dir='ltr'><strong>CARNE</strong></span> <span class='ocrx_word' id='word_1_46' title='bbox 2598 892 2846 937; x_wconf 77' lang='lat' dir='ltr'><strong>CHRISTI</strong></span> <span class='ocrx_word' id='word_1_47' title='bbox 2894 877 2912 956; x_wconf 97' lang='lat'><strong>(</strong></span> <span class='ocrx_word' id='word_1_48' title='bbox 2960 894 3095 956; x_wconf 87' lang='lat' dir='ltr'><strong>cap.</strong></span> <span class='ocrx_word' id='word_1_49' title='bbox 3141 875 3181 938; x_wconf 94' lang='lat'>8</span> <span class='ocrx_word' id='word_1_50' title='bbox 3224 878 3268 955; x_wconf 91' lang='lat'><strong>).</strong></span> 
     </span>
    </p>
   </div>
   <div class='ocr_carea' id='block_1_11' title="bbox 817 988 2329 1066">
    <p class='ocr_par' dir='ltr' id='par_1_11' title="bbox 817 988 2329 1066">
     <span class='ocr_line' id='line_1_12' title="bbox 817 988 2329 1066; baseline 0.001 -18"><span class='ocrx_word' id='word_1_51' title='bbox 817 988 924 1049; x_wconf 86' lang='lat' dir='ltr'><strong>Sed</strong></span> <span class='ocrx_word' id='word_1_52' title='bbox 950 991 1201 1064; x_wconf 87' lang='lat' dir='ltr'><strong>quoniam</strong></span> <span class='ocrx_word' id='word_1_53' title='bbox 1232 1000 1287 1049; x_wconf 89' lang='lat' dir='ltr'><strong>et</strong></span> <span class='ocrx_word' id='word_1_54' title='bbox 1316 992 1403 1050; x_wconf 89' lang='lat' dir='ltr'><strong>isti</strong></span> <span class='ocrx_word' id='word_1_55' title='bbox 1431 992 1734 1064; x_wconf 79' lang='lat' dir='ltr'><strong>Apelletiani</strong></span> <span class='ocrx_word' id='word_1_56' title='bbox 1776 995 1953 1048; x_wconf 86' lang='lat' dir='ltr'><strong>carnis</strong></span> <span class='ocrx_word' id='word_1_57' title='bbox 1986 995 2329 1066; x_wconf 87' lang='lat' dir='ltr'><strong>ignominiam</strong></span> 
     </span>
    </p>
   </div>
   <div class='ocr_carea' id='block_1_12' title="bbox 750 1085 2334 1157">
    <p class='ocr_par' dir='ltr' id='par_1_12' title="bbox 750 1085 2334 1157">
     <span class='ocr_line' id='line_1_13' title="bbox 750 1085 2334 1157; baseline 0.001 -15"><span class='ocrx_word' id='word_1_58' title='bbox 750 1085 1090 1156; x_wconf 71' lang='lat' dir='ltr'><strong>prmtendunt</strong></span> <span class='ocrx_word' id='word_1_59' title='bbox 1133 1085 1407 1153; x_wconf 85' lang='lat' dir='ltr'><strong>maxime,</strong></span> <span class='ocrx_word' id='word_1_60' title='bbox 1439 1100 1600 1157; x_wconf 88' lang='lat' dir='ltr'><strong>quam</strong></span> <span class='ocrx_word' id='word_1_61' title='bbox 1659 1087 1873 1154; x_wconf 75' lang='lat' dir='ltr'><strong>volunt,</strong></span> <span class='ocrx_word' id='word_1_62' title='bbox 1928 1087 1995 1141; x_wconf 90' lang='lat' dir='ltr'><strong>ab</strong></span> <span class='ocrx_word' id='word_1_63' title='bbox 2043 1090 2197 1157; x_wconf 90' lang='lat' dir='ltr'><strong>igneo</strong></span> <span class='ocrx_word' id='word_1_64' title='bbox 2245 1088 2334 1144; x_wconf 90' lang='lat' dir='ltr'><strong>illo</strong></span> 
     </span>
    </p>
   </div>
   <div class='ocr_carea' id='block_1_13' title="bbox 745 1177 2337 1249">
    <p class='ocr_par' dir='ltr' id='par_1_13' title="bbox 745 1177 2337 1249">
     <span class='ocr_line' id='line_1_14' title="bbox 745 1177 2337 1249; baseline 0.002 -16"><span class='ocrx_word' id='word_1_65' title='bbox 745 1178 975 1249; x_wconf 71' lang='lat' dir='ltr'><strong>prmside</strong></span> <span class='ocrx_word' id='word_1_66' title='bbox 1017 1178 1186 1246; x_wconf 88' lang='lat' dir='ltr'><strong>mali,</strong></span> <span class='ocrx_word' id='word_1_67' title='bbox 1216 1178 1516 1234; x_wconf 91' lang='lat' dir='ltr'><strong>sollicitatis</strong></span> <span class='ocrx_word' id='word_1_68' title='bbox 1560 1178 1841 1234; x_wconf 83' lang='lat' dir='ltr'><strong>animabus</strong></span> <span class='ocrx_word' id='word_1_69' title='bbox 1883 1177 2210 1235; x_wconf 85' lang='lat' dir='ltr'><strong>adstructam</strong></span> <span class='ocrx_word' id='word_1_70' title='bbox 2238 1220 2253 1249; x_wconf 93' lang='lat'><strong>,</strong></span> <span class='ocrx_word' id='word_1_71' title='bbox 2282 1191 2337 1236; x_wconf 91' lang='lat' dir='ltr'><strong>et</strong></span> 
     </span>
    </p>
   </div>
   <div class='ocr_carea' id='block_1_14' title="bbox 746 1268 2334 1342">
    <p class='ocr_par' dir='ltr' id='par_1_14' title="bbox 746 1268 2334 1342">
     <span class='ocr_line' id='line_1_15' title="bbox 746 1268 2334 1342; baseline 0.002 -17"><span class='ocrx_word' id='word_1_72' title='bbox 746 1271 948 1327; x_wconf 87' lang='lat' dir='ltr'><strong>idcirco</strong></span> <span class='ocrx_word' id='word_1_73' title='bbox 980 1269 1248 1342; x_wconf 78' lang='lat' dir='ltr'><strong>indignam</strong></span> <span class='ocrx_word' id='word_1_74' title='bbox 1276 1268 1489 1326; x_wconf 89' lang='lat' dir='ltr'><strong>Christo</strong></span> <span class='ocrx_word' id='word_1_75' title='bbox 1514 1313 1527 1336; x_wconf 93' lang='lat'><strong>,</strong></span> <span class='ocrx_word' id='word_1_76' title='bbox 1555 1280 1608 1327; x_wconf 90' lang='lat' dir='ltr'><strong>et</strong></span> <span class='ocrx_word' id='word_1_77' title='bbox 1638 1271 1836 1326; x_wconf 91' lang='lat' dir='ltr'><strong>idcirco</strong></span> <span class='ocrx_word' id='word_1_78' title='bbox 1882 1271 1949 1327; x_wconf 91' lang='lat' dir='ltr'><strong>de</strong></span> <span class='ocrx_word' id='word_1_79' title='bbox 1975 1271 2238 1328; x_wconf 86' lang='lat' dir='ltr'><strong>sideribus</strong></span> <span class='ocrx_word' id='word_1_80' title='bbox 2263 1275 2334 1328; x_wconf 89' lang='lat' dir='ltr'><strong>illi</strong></span> 
     </span>
    </p>
   </div>
   <div class='ocr_carea' id='block_1_15' title="bbox 741 1364 2335 1437">
    <p class='ocr_par' dir='ltr' id='par_1_15' title="bbox 741 1364 2335 1437">
     <span class='ocr_line' id='line_1_16' title="bbox 741 1364 2335 1437; baseline 0.001 -17"><span class='ocrx_word' id='word_1_81' title='bbox 741 1365 1097 1422; x_wconf 82' lang='lat' dir='ltr'><strong>substantiam</strong></span> <span class='ocrx_word' id='word_1_82' title='bbox 1123 1366 1446 1436; x_wconf 87' lang='lat' dir='ltr'><strong>competisse</strong></span> <span class='ocrx_word' id='word_1_83' title='bbox 1475 1406 1492 1432; x_wconf 91' lang='lat'><strong>,</strong></span> <span class='ocrx_word' id='word_1_84' title='bbox 1522 1364 1690 1422; x_wconf 85' lang='lat' dir='ltr'><strong>debeo</strong></span> <span class='ocrx_word' id='word_1_85' title='bbox 1719 1366 1837 1421; x_wconf 91' lang='lat' dir='ltr'><strong>illos</strong></span> <span class='ocrx_word' id='word_1_86' title='bbox 1864 1365 1930 1421; x_wconf 90' lang='lat' dir='ltr'><strong>de</strong></span> <span class='ocrx_word' id='word_1_87' title='bbox 1960 1381 2055 1421; x_wconf 91' lang='lat' dir='ltr'><strong>sua</strong></span> <span class='ocrx_word' id='word_1_88' title='bbox 2089 1377 2335 1437; x_wconf 87' lang='lat' dir='ltr'><strong>paratura</strong></span> 
     </span>
    </p>
   </div>
   <div class='ocr_carea' id='block_1_16' title="bbox 745 1458 2334 1531">
    <p class='ocr_par' dir='ltr' id='par_1_16' title="bbox 745 1458 2334 1531">
     <span class='ocr_line' id='line_1_17' title="bbox 745 1458 2334 1531; baseline 0.001 -18"><span class='ocrx_word' id='word_1_89' title='bbox 745 1468 1116 1529; x_wconf 84' lang='lat' dir='ltr'><strong>repercutere.</strong></span> <span class='ocrx_word' id='word_1_90' title='bbox 1142 1458 1405 1531; x_wconf 81' lang='lat' dir='ltr'><strong>Angelum</strong></span> <span class='ocrx_word' id='word_1_91' title='bbox 1434 1458 1719 1530; x_wconf 85' lang='lat' dir='ltr'><strong>quemdam</strong></span> <span class='ocrx_word' id='word_1_92' title='bbox 1751 1459 2005 1531; x_wconf 82' lang='lat' dir='ltr'><strong>inclytum</strong></span> <span class='ocrx_word' id='word_1_93' title='bbox 2035 1462 2334 1528; x_wconf 90' lang='lat' dir='ltr'><strong>nominant,</strong></span> 
     </span>
    </p>
   </div>
   <div class='ocr_carea' id='block_1_17' title="bbox 744 1549 2332 1622">
    <p class='ocr_par' dir='ltr' id='par_1_17' title="bbox 744 1549 2332 1622">
     <span class='ocr_line' id='line_1_18' title="bbox 744 1549 2332 1622; baseline 0.003 -18"><span class='ocrx_word' id='word_1_94' title='bbox 744 1550 834 1620; x_wconf 90' lang='lat' dir='ltr'><strong>qui</strong></span> <span class='ocrx_word' id='word_1_95' title='bbox 858 1549 1115 1606; x_wconf 90' lang='lat' dir='ltr'><strong>mundum</strong></span> <span class='ocrx_word' id='word_1_96' title='bbox 1155 1549 1300 1605; x_wconf 88' lang='lat' dir='ltr'><strong>hunc</strong></span> <span class='ocrx_word' id='word_1_97' title='bbox 1345 1550 1682 1616; x_wconf 87' lang='lat' dir='ltr'><strong>instituerit,</strong></span> <span class='ocrx_word' id='word_1_98' title='bbox 1711 1559 1762 1605; x_wconf 91' lang='lat' dir='ltr'><strong>et</strong></span> <span class='ocrx_word' id='word_1_99' title='bbox 1792 1551 2035 1605; x_wconf 88' lang='lat' dir='ltr'><strong>instituto</strong></span> <span class='ocrx_word' id='word_1_100' title='bbox 2061 1567 2126 1607; x_wconf 90' lang='lat' dir='ltr'><strong>eo</strong></span> <span class='ocrx_word' id='word_1_101' title='bbox 2159 1555 2332 1622; x_wconf 72' lang='grc' dir='ltr'><strong>ιιωηὶ-</strong></span> 
     </span>
    </p>
   </div>
   <div class='ocr_carea' id='block_1_18' title="bbox 739 1643 2330 1702">
    <p class='ocr_par' dir='ltr' id='par_1_18' title="bbox 739 1643 2330 1702">
     <span class='ocr_line' id='line_1_19' title="bbox 739 1643 2330 1702; baseline 0.001 -2"><span class='ocrx_word' id='word_1_102' title='bbox 739 1643 962 1701; x_wconf 86' lang='lat' dir='ltr'><strong>tentiam</strong></span> <span class='ocrx_word' id='word_1_103' title='bbox 992 1644 1288 1701; x_wconf 87' lang='lat' dir='ltr'><strong>admiserit.</strong></span> <span class='ocrx_word' id='word_1_104' title='bbox 1315 1644 1380 1699; x_wconf 90' lang='lat' dir='ltr'><strong>Et</strong></span> <span class='ocrx_word' id='word_1_105' title='bbox 1409 1643 1510 1701; x_wconf 91' lang='lat' dir='ltr'><strong>hoc</strong></span> <span class='ocrx_word' id='word_1_106' title='bbox 1531 1658 1629 1701; x_wconf 93' lang='lat' dir='ltr'><strong>suo</strong></span> <span class='ocrx_word' id='word_1_107' title='bbox 1656 1643 1774 1700; x_wconf 92' lang='lat' dir='ltr'><strong>loco</strong></span> <span class='ocrx_word' id='word_1_108' title='bbox 1803 1647 2169 1702; x_wconf 73' lang='lat' dir='ltr'><strong>tractavimus.</strong></span> <span class='ocrx_word' id='word_1_109' title='bbox 2200 1647 2330 1702; x_wconf 83' lang='lat' dir='ltr'><strong>Nam</strong></span> 
     </span>
    </p>
   </div>
   <div class='ocr_carea' id='block_1_19' title="bbox 735 1736 2333 1808">
    <p class='ocr_par' dir='ltr' id='par_1_19' title="bbox 735 1736 2333 1808">
     <span class='ocr_line' id='line_1_20' title="bbox 735 1736 2333 1808; baseline 0.001 -15"><span class='ocrx_word' id='word_1_110' title='bbox 735 1748 819 1794; x_wconf 90' lang='lat' dir='ltr'><strong>cst</strong></span> <span class='ocrx_word' id='word_1_111' title='bbox 846 1736 1002 1794; x_wconf 90' lang='lat' dir='ltr'><strong>nobis</strong></span> <span class='ocrx_word' id='word_1_112' title='bbox 1031 1737 1273 1792; x_wconf 75' lang='lat' dir='ltr'><strong>adversus</strong></span> <span class='ocrx_word' id='word_1_113' title='bbox 1315 1736 1432 1792; x_wconf 78' lang='lat' dir='ltr'><strong>illos</strong></span> <span class='ocrx_word' id='word_1_114' title='bbox 1463 1736 1697 1804; x_wconf 77' lang='lat' dir='ltr'><strong>libellus,</strong></span> <span class='ocrx_word' id='word_1_115' title='bbox 1738 1752 1805 1792; x_wconf 89' lang='lat' dir='ltr'><strong>an</strong></span> <span class='ocrx_word' id='word_1_116' title='bbox 1833 1738 1922 1808; x_wconf 87' lang='lat' dir='ltr'><strong>qui</strong></span> <span class='ocrx_word' id='word_1_117' title='bbox 1976 1739 2219 1808; x_wconf 85' lang='lat' dir='ltr'><strong>spiritum</strong></span> <span class='ocrx_word' id='word_1_118' title='bbox 2279 1749 2333 1795; x_wconf 93' lang='lat' dir='ltr'><strong>et</strong></span> 
     </span>
    </p>
   </div>
   <div class='ocr_carea' id='block_1_20' title="bbox 734 1829 2325 1902">
    <p class='ocr_par' dir='ltr' id='par_1_20' title="bbox 734 1829 2325 1902">
     <span class='ocr_line' id='line_1_21' title="bbox 734 1829 2325 1902; baseline 0.001 -17"><span class='ocrx_word' id='word_1_119' title='bbox 734 1831 1062 1888; x_wconf 81' lang='lat' dir='ltr'><strong>voluntatem</strong></span> <span class='ocrx_word' id='word_1_120' title='bbox 1103 1839 1158 1887; x_wconf 91' lang='lat' dir='ltr'><strong>et</strong></span> <span class='ocrx_word' id='word_1_121' title='bbox 1184 1832 1437 1886; x_wconf 85' lang='lat' dir='ltr'><strong>virtutem</strong></span> <span class='ocrx_word' id='word_1_122' title='bbox 1465 1830 1665 1887; x_wconf 87' lang='lat' dir='ltr'><strong>Christi</strong></span> <span class='ocrx_word' id='word_1_123' title='bbox 1695 1829 1941 1886; x_wconf 83' lang='lat' dir='ltr'><strong>habuerit</strong></span> <span class='ocrx_word' id='word_1_124' title='bbox 1969 1832 2032 1886; x_wconf 88' lang='lat' dir='ltr'><strong>ad</strong></span> <span class='ocrx_word' id='word_1_125' title='bbox 2059 1846 2120 1886; x_wconf 91' lang='lat' dir='ltr'><strong>ea</strong></span> <span class='ocrx_word' id='word_1_126' title='bbox 2143 1846 2325 1902; x_wconf 83' lang='lat' dir='ltr'><strong>opera,</strong></span> 
     </span>
    </p>
   </div>
   <div class='ocr_carea' id='block_1_21' title="bbox 733 1923 2327 1996">
    <p class='ocr_par' dir='ltr' id='par_1_21' title="bbox 733 1923 2327 1996">
     <span class='ocr_line' id='line_1_22' title="bbox 733 1923 2327 1996; baseline 0.001 -17"><span class='ocrx_word' id='word_1_127' title='bbox 733 1923 953 1996; x_wconf 89' lang='lat' dir='ltr'><strong>dignum</strong></span> <span class='ocrx_word' id='word_1_128' title='bbox 975 1923 1175 1994; x_wconf 87' lang='lat' dir='ltr'><strong>aliquid</strong></span> <span class='ocrx_word' id='word_1_129' title='bbox 1195 1923 1507 1994; x_wconf 75' lang='lat' dir='ltr'><strong>pmnitentia</strong></span> <span class='ocrx_word' id='word_1_130' title='bbox 1530 1923 1735 1990; x_wconf 83' lang='lat' dir='ltr'><strong>fecerit,</strong></span> <span class='ocrx_word' id='word_1_131' title='bbox 1759 1939 1879 1979; x_wconf 93' lang='lat' dir='ltr'><strong>cum</strong></span> <span class='ocrx_word' id='word_1_132' title='bbox 1902 1925 2144 1995; x_wconf 83' lang='lat' dir='ltr'><strong>angelum</strong></span> <span class='ocrx_word' id='word_1_133' title='bbox 2167 1927 2327 1980; x_wconf 91' lang='lat' dir='ltr'><strong>etiam</strong></span> 
     </span>
    </p>
   </div>
   <div class='ocr_carea' id='block_1_22' title="bbox 2436 996 4042 1066">
    <p class='ocr_par' dir='ltr' id='par_1_22' title="bbox 2436 996 4042 1066">
     <span class='ocr_line' id='line_1_23' title="bbox 2436 996 4042 1066; baseline 0.01 -16"><span class='ocrx_word' id='word_1_134' title='bbox 2436 997 2612 1054; x_wconf 92' lang='lat' dir='ltr'><strong>locum</strong></span> <span class='ocrx_word' id='word_1_135' title='bbox 2640 1011 2743 1052; x_wconf 92' lang='lat' dir='ltr'><strong>non</strong></span> <span class='ocrx_word' id='word_1_136' title='bbox 2774 996 2934 1053; x_wconf 84' lang='lat' dir='ltr'><strong>habet</strong></span> <span class='ocrx_word' id='word_1_137' title='bbox 2961 998 3059 1053; x_wconf 87' lang='lat' dir='ltr'><strong>nisi</strong></span> <span class='ocrx_word' id='word_1_138' title='bbox 3103 1000 3155 1054; x_wconf 92' lang='lat' dir='ltr'><strong>in</strong></span> <span class='ocrx_word' id='word_1_139' title='bbox 3187 998 3405 1057; x_wconf 88' lang='lat' dir='ltr'><strong>delicto.</strong></span> <span class='ocrx_word' id='word_1_140' title='bbox 3437 997 3494 1056; x_wconf 91' lang='lat' dir='ltr'><strong>Si</strong></span> <span class='ocrx_word' id='word_1_141' title='bbox 3522 1002 3757 1060; x_wconf 85' lang='lat' dir='ltr'><strong>mundus</strong></span> <span class='ocrx_word' id='word_1_142' title='bbox 3785 1004 4042 1066; x_wconf 80' lang='lat' dir='ltr'><strong>delictum</strong></span> 
     </span>
    </p>
   </div>
   <div class='ocr_carea' id='block_1_23' title="bbox 2437 1093 4048 1170">
    <p class='ocr_par' dir='ltr' id='par_1_23' title="bbox 2437 1093 4048 1170">
     <span class='ocr_line' id='line_1_24' title="bbox 2437 1093 4048 1170; baseline 0.006 -22"><span class='ocrx_word' id='word_1_143' title='bbox 2437 1104 2521 1148; x_wconf 91' lang='lat' dir='ltr'><strong>est</strong></span> <span class='ocrx_word' id='word_1_144' title='bbox 2545 1134 2559 1158; x_wconf 94' lang='lat'><strong>,</strong></span> <span class='ocrx_word' id='word_1_145' title='bbox 2585 1093 2706 1163; x_wconf 86' lang='lat' dir='ltr'><strong>quia</strong></span> <span class='ocrx_word' id='word_1_146' title='bbox 2739 1107 2964 1163; x_wconf 89' lang='lat' dir='ltr'><strong>corpus,</strong></span> <span class='ocrx_word' id='word_1_147' title='bbox 2999 1103 3053 1149; x_wconf 92' lang='lat' dir='ltr'><strong>et</strong></span> <span class='ocrx_word' id='word_1_148' title='bbox 3081 1094 3320 1149; x_wconf 88' lang='lat' dir='ltr'><strong>membra</strong></span> <span class='ocrx_word' id='word_1_149' title='bbox 3362 1094 3614 1151; x_wconf 87' lang='lat' dir='ltr'><strong>delictum</strong></span> <span class='ocrx_word' id='word_1_150' title='bbox 3641 1140 3657 1165; x_wconf 88' lang='lat'><strong>,</strong></span> <span class='ocrx_word' id='word_1_151' title='bbox 3687 1101 3790 1154; x_wconf 90' lang='lat' dir='ltr'><strong>erit</strong></span> <span class='ocrx_word' id='word_1_152' title='bbox 3823 1103 4048 1170; x_wconf 80' lang='lat' dir='ltr'><strong>proinde</strong></span> 
     </span>
    </p>
   </div>
   <div class='ocr_carea' id='block_1_24' title="bbox 2437 1187 4047 1262">
    <p class='ocr_par' dir='ltr' id='par_1_24' title="bbox 2437 1187 4047 1262">
     <span class='ocr_line' id='line_1_25' title="bbox 2437 1187 4047 1262; baseline 0.007 -20"><span class='ocrx_word' id='word_1_153' title='bbox 2437 1195 2491 1242; x_wconf 91' lang='lat' dir='ltr'><strong>et</strong></span> <span class='ocrx_word' id='word_1_154' title='bbox 2534 1187 2724 1241; x_wconf 70' lang='lat' dir='ltr'><strong>cazlum</strong></span> <span class='ocrx_word' id='word_1_155' title='bbox 2752 1229 2765 1252; x_wconf 93' lang='lat'><strong>,</strong></span> <span class='ocrx_word' id='word_1_156' title='bbox 2800 1197 2852 1241; x_wconf 91' lang='lat' dir='ltr'><strong>et</strong></span> <span class='ocrx_word' id='word_1_157' title='bbox 2881 1187 3120 1242; x_wconf 89' lang='lat' dir='ltr'><strong>coelestia</strong></span> <span class='ocrx_word' id='word_1_158' title='bbox 3175 1203 3298 1243; x_wconf 90' lang='lat' dir='ltr'><strong>cum</strong></span> <span class='ocrx_word' id='word_1_159' title='bbox 3345 1190 3502 1245; x_wconf 72' lang='lat' dir='ltr'><strong>cmlo.</strong></span> <span class='ocrx_word' id='word_1_160' title='bbox 3550 1190 3604 1246; x_wconf 91' lang='lat' dir='ltr'><strong>Si</strong></span> <span class='ocrx_word' id='word_1_161' title='bbox 3655 1195 3902 1251; x_wconf 72' lang='lat' dir='ltr'><strong>coelestia</strong></span> <span class='ocrx_word' id='word_1_162' title='bbox 3935 1239 3948 1262; x_wconf 90' lang='lat'><strong>,</strong></span> <span class='ocrx_word' id='word_1_163' title='bbox 3998 1209 4047 1253; x_wconf 87' lang='lat' dir='ltr'><strong>et</strong></span> 
     </span>
    </p>
   </div>
   <div class='ocr_carea' id='block_1_25' title="bbox 2438 1280 4044 1358">
    <p class='ocr_par' dir='ltr' id='par_1_25' title="bbox 2438 1280 4044 1358">
     <span class='ocr_line' id='line_1_26' title="bbox 2438 1280 4044 1358; baseline 0.011 -28"><span class='ocrx_word' id='word_1_164' title='bbox 2438 1280 2695 1351; x_wconf 86' lang='lat' dir='ltr'><strong>quidquid</strong></span> <span class='ocrx_word' id='word_1_165' title='bbox 2748 1281 2874 1337; x_wconf 92' lang='lat' dir='ltr'><strong>inde</strong></span> <span class='ocrx_word' id='word_1_166' title='bbox 2925 1292 3245 1354; x_wconf 87' lang='lat' dir='ltr'><strong>eonceptmn</strong></span> <span class='ocrx_word' id='word_1_167' title='bbox 3298 1285 3670 1358; x_wconf 89' lang='lat' dir='ltr'><strong>prolatumque</strong></span> <span class='ocrx_word' id='word_1_168' title='bbox 3729 1299 3813 1345; x_wconf 86' lang='lat' dir='ltr'><strong>est</strong></span> <span class='ocrx_word' id='word_1_169' title='bbox 3844 1332 3857 1354; x_wconf 90' lang='lat'><strong>,</strong></span> <span class='ocrx_word' id='word_1_170' title='bbox 3909 1295 4044 1348; x_wconf 84' lang='lat' dir='ltr'><strong>mala</strong></span> 
     </span>
    </p>
   </div>
   <div class='ocr_carea' id='block_1_26' title="bbox 2440 1373 4046 1453">
    <p class='ocr_par' dir='ltr' id='par_1_26' title="bbox 2440 1373 4046 1453">
     <span class='ocr_line' id='line_1_27' title="bbox 2440 1373 4046 1453; baseline 0.007 -27"><span class='ocrx_word' id='word_1_171' title='bbox 2440 1373 2602 1428; x_wconf 88' lang='lat' dir='ltr'><strong>arbor</strong></span> <span class='ocrx_word' id='word_1_172' title='bbox 2649 1373 2820 1428; x_wconf 91' lang='lat' dir='ltr'><strong>malos</strong></span> <span class='ocrx_word' id='word_1_173' title='bbox 2869 1373 3074 1430; x_wconf 89' lang='lat' dir='ltr'><strong>fructus</strong></span> <span class='ocrx_word' id='word_1_174' title='bbox 3119 1377 3243 1430; x_wconf 85' lang='lat' dir='ltr'><strong>edat</strong></span> <span class='ocrx_word' id='word_1_175' title='bbox 3286 1392 3510 1433; x_wconf 90' lang='lat' dir='ltr'><strong>necesse</strong></span> <span class='ocrx_word' id='word_1_176' title='bbox 3556 1389 3657 1435; x_wconf 90' lang='lat' dir='ltr'><strong>est.</strong></span> <span class='ocrx_word' id='word_1_177' title='bbox 3705 1381 3849 1436; x_wconf 87' lang='lat' dir='ltr'><strong>Caro</strong></span> <span class='ocrx_word' id='word_1_178' title='bbox 3888 1383 4046 1453; x_wconf 85' lang='lat' dir='ltr'><strong>igitur</strong></span> 
     </span>
    </p>
   </div>
   <div class='ocr_carea' id='block_1_27' title="bbox 2437 1466 4045 1541">
    <p class='ocr_par' dir='ltr' id='par_1_27' title="bbox 2437 1466 4045 1541">
     <span class='ocr_line' id='line_1_28' title="bbox 2437 1466 4045 1541; baseline 0.006 -21"><span class='ocrx_word' id='word_1_179' title='bbox 2437 1466 2636 1521; x_wconf 85' lang='lat' dir='ltr'><strong>Christi</strong></span> <span class='ocrx_word' id='word_1_180' title='bbox 2680 1466 2748 1523; x_wconf 91' lang='lat' dir='ltr'><strong>de</strong></span> <span class='ocrx_word' id='word_1_181' title='bbox 2787 1467 3096 1523; x_wconf 69' lang='lat' dir='ltr'><strong>cmlestibus</strong></span> <span class='ocrx_word' id='word_1_182' title='bbox 3143 1477 3344 1525; x_wconf 86' lang='lat' dir='ltr'><strong>structa</strong></span> <span class='ocrx_word' id='word_1_183' title='bbox 3377 1512 3392 1537; x_wconf 91' lang='lat'><strong>,</strong></span> <span class='ocrx_word' id='word_1_184' title='bbox 3439 1470 3507 1525; x_wconf 90' lang='lat' dir='ltr'><strong>de</strong></span> <span class='ocrx_word' id='word_1_185' title='bbox 3555 1475 3756 1541; x_wconf 83' lang='lat' dir='ltr'><strong>peccati</strong></span> <span class='ocrx_word' id='word_1_186' title='bbox 3802 1477 4045 1530; x_wconf 78' lang='lat' dir='ltr'><strong>constitit</strong></span> 
     </span>
    </p>
   </div>
   <div class='ocr_carea' id='block_1_28' title="bbox 2437 1557 4045 1636">
    <p class='ocr_par' dir='ltr' id='par_1_28' title="bbox 2437 1557 4045 1636">
     <span class='ocr_line' id='line_1_29' title="bbox 2437 1557 4045 1636; baseline 0.007 -23"><span class='ocrx_word' id='word_1_187' title='bbox 2437 1557 2719 1614; x_wconf 88' lang='lat' dir='ltr'><strong>elementis</strong></span> <span class='ocrx_word' id='word_1_188' title='bbox 2738 1598 2754 1624; x_wconf 94' lang='lat'><strong>,</strong></span> <span class='ocrx_word' id='word_1_189' title='bbox 2801 1561 3066 1628; x_wconf 83' lang='lat' dir='ltr'><strong>peccatrix</strong></span> <span class='ocrx_word' id='word_1_190' title='bbox 3093 1559 3162 1614; x_wconf 92' lang='lat' dir='ltr'><strong>de</strong></span> <span class='ocrx_word' id='word_1_191' title='bbox 3189 1563 3493 1631; x_wconf 90' lang='lat' dir='ltr'><strong>peccatorio</strong></span> <span class='ocrx_word' id='word_1_192' title='bbox 3519 1579 3705 1629; x_wconf 87' lang='lat' dir='ltr'><strong>censu,</strong></span> <span class='ocrx_word' id='word_1_193' title='bbox 3741 1577 3795 1622; x_wconf 90' lang='lat' dir='ltr'><strong>et</strong></span> <span class='ocrx_word' id='word_1_194' title='bbox 3825 1584 3921 1636; x_wconf 89' lang='lat' dir='ltr'><strong>par</strong></span> <span class='ocrx_word' id='word_1_195' title='bbox 3945 1571 4045 1624; x_wconf 91' lang='lat' dir='ltr'><strong>erit</strong></span> 
     </span>
    </p>
   </div>
   <div class='ocr_carea' id='block_1_29' title="bbox 2437 1650 4043 1727">
    <p class='ocr_par' dir='ltr' id='par_1_29' title="bbox 2437 1650 4043 1727">
     <span class='ocr_line' id='line_1_30' title="bbox 2437 1650 4043 1727; baseline 0.007 -23"><span class='ocrx_word' id='word_1_196' title='bbox 2437 1651 2602 1721; x_wconf 85' lang='lat' dir='ltr'><strong>ipsius</strong></span> <span class='ocrx_word' id='word_1_197' title='bbox 2630 1650 2942 1707; x_wconf 67' lang='lat' dir='ltr'><strong>substantia:</strong></span> <span class='ocrx_word' id='word_1_198' title='bbox 2967 1694 2982 1719; x_wconf 93' lang='lat'><strong>,</strong></span> <span class='ocrx_word' id='word_1_199' title='bbox 3018 1651 3069 1706; x_wconf 92' lang='lat' dir='ltr'><strong>id</strong></span> <span class='ocrx_word' id='word_1_200' title='bbox 3095 1661 3197 1719; x_wconf 91' lang='lat' dir='ltr'><strong>est,</strong></span> <span class='ocrx_word' id='word_1_201' title='bbox 3231 1662 3428 1710; x_wconf 67' lang='lat' dir='ltr'><strong>nostra:</strong></span> <span class='ocrx_word' id='word_1_202' title='bbox 3455 1698 3469 1720; x_wconf 89' lang='lat'><strong>,</strong></span> <span class='ocrx_word' id='word_1_203' title='bbox 3496 1671 3654 1727; x_wconf 88' lang='lat' dir='ltr'><strong>quam</strong></span> <span class='ocrx_word' id='word_1_204' title='bbox 3681 1667 3739 1712; x_wconf 93' lang='lat' dir='ltr'><strong>ut</strong></span> <span class='ocrx_word' id='word_1_205' title='bbox 3770 1662 4043 1727; x_wconf 83' lang='lat' dir='ltr'><strong>peccatri-</strong></span> 
     </span>
    </p>
   </div>
   <div class='ocr_carea' id='block_1_30' title="bbox 2434 1742 4043 1814">
    <p class='ocr_par' dir='ltr' id='par_1_30' title="bbox 2434 1742 4043 1814">
     <span class='ocr_line' id='line_1_31' title="bbox 2434 1742 4043 1814; baseline 0.005 -14"><span class='ocrx_word' id='word_1_206' title='bbox 2434 1760 2549 1800; x_wconf 93' lang='lat' dir='ltr'><strong>cem</strong></span> <span class='ocrx_word' id='word_1_207' title='bbox 2590 1742 2832 1798; x_wconf 87' lang='lat' dir='ltr'><strong>Christus</strong></span> <span class='ocrx_word' id='word_1_208' title='bbox 2880 1742 3198 1814; x_wconf 80' lang='lat' dir='ltr'><strong>dedignatur</strong></span> <span class='ocrx_word' id='word_1_209' title='bbox 3242 1745 3484 1802; x_wconf 90' lang='lat' dir='ltr'><strong>induere.</strong></span> <span class='ocrx_word' id='word_1_210' title='bbox 3533 1746 3606 1802; x_wconf 90' lang='lat' dir='ltr'><strong>lta</strong></span> <span class='ocrx_word' id='word_1_211' title='bbox 3634 1791 3647 1813; x_wconf 92' lang='lat'><strong>,</strong></span> <span class='ocrx_word' id='word_1_212' title='bbox 3689 1751 3735 1802; x_wconf 91' lang='lat' dir='ltr'><strong>si</strong></span> <span class='ocrx_word' id='word_1_213' title='bbox 3784 1750 3924 1805; x_wconf 88' lang='lat' dir='ltr'><strong>nihil</strong></span> <span class='ocrx_word' id='word_1_214' title='bbox 3979 1752 4043 1809; x_wconf 85' lang='lat' dir='ltr'><strong>de</strong></span> 
     </span>
    </p>
   </div>
   <div class='ocr_carea' id='block_1_31' title="bbox 2433 1837 4038 1909">
    <p class='ocr_par' dir='ltr' id='par_1_31' title="bbox 2433 1837 4038 1909">
     <span class='ocr_line' id='line_1_32' title="bbox 2433 1837 4038 1909; baseline 0.004 -16"><span class='ocrx_word' id='word_1_215' title='bbox 2433 1837 2720 1909; x_wconf 79' lang='lat' dir='ltr'><strong>ignominia</strong></span> <span class='ocrx_word' id='word_1_216' title='bbox 2749 1837 2992 1903; x_wconf 88' lang='lat' dir='ltr'><strong>interest,</strong></span> <span class='ocrx_word' id='word_1_217' title='bbox 3025 1844 3116 1892; x_wconf 90' lang='lat' dir='ltr'><strong>aut</strong></span> <span class='ocrx_word' id='word_1_218' title='bbox 3137 1837 3294 1892; x_wconf 90' lang='lat' dir='ltr'><strong>aliam</strong></span> <span class='ocrx_word' id='word_1_219' title='bbox 3328 1839 3558 1908; x_wconf 90' lang='lat' dir='ltr'><strong>purioris</strong></span> <span class='ocrx_word' id='word_1_220' title='bbox 3584 1851 3725 1895; x_wconf 69' lang='lat' dir='ltr'><strong>nota:</strong></span> <span class='ocrx_word' id='word_1_221' title='bbox 3756 1845 4038 1900; x_wconf 84' lang='lat' dir='ltr'><strong>materiam</strong></span> 
     </span>
    </p>
   </div>
   <div class='ocr_carea' id='block_1_32' title="bbox 2429 1927 4041 2003">
    <p class='ocr_par' dir='ltr' id='par_1_32' title="bbox 2429 1927 4041 2003">
     <span class='ocr_line' id='line_1_33' title="bbox 2429 1927 4041 2003; baseline 0.004 -17"><span class='ocrx_word' id='word_1_222' title='bbox 2429 1933 2731 2001; x_wconf 81' lang='lat' dir='ltr'><strong>excogitcut</strong></span> <span class='ocrx_word' id='word_1_223' title='bbox 2797 1927 3011 1984; x_wconf 91' lang='lat' dir='ltr'><strong>Christo</strong></span> <span class='ocrx_word' id='word_1_224' title='bbox 3044 1970 3058 1996; x_wconf 92' lang='lat'><strong>,</strong></span> <span class='ocrx_word' id='word_1_225' title='bbox 3113 1930 3306 2000; x_wconf 87' lang='lat' dir='ltr'><strong>quibus</strong></span> <span class='ocrx_word' id='word_1_226' title='bbox 3355 1930 3601 2003; x_wconf 90' lang='lat' dir='ltr'><strong>displicet</strong></span> <span class='ocrx_word' id='word_1_227' title='bbox 3656 1946 3845 1990; x_wconf 80' lang='lat' dir='ltr'><strong>nOSIra</strong></span> <span class='ocrx_word' id='word_1_228' title='bbox 3880 1979 3893 2000; x_wconf 89' lang='lat'><strong>,</strong></span> <span class='ocrx_word' id='word_1_229' title='bbox 3949 1946 4041 1992; x_wconf 88' lang='lat' dir='ltr'><strong>aut</strong></span> 
     </span>
    </p>
   </div>
   <div class='ocr_carea' id='block_1_33' title="bbox 737 2014 4035 2097">
    <p class='ocr_par' dir='ltr' id='par_1_33' title="bbox 737 2014 4035 2097">
     <span class='ocr_line' id='line_1_34' title="bbox 737 2014 4035 2097; baseline 0.003 -25"><span class='ocrx_word' id='word_1_230' title='bbox 737 2014 809 2073; x_wconf 88' lang='lat' dir='ltr'><strong>de</strong></span> <span class='ocrx_word' id='word_1_231' title='bbox 831 2017 997 2088; x_wconf 82' lang='lat' dir='ltr'><strong>ﬁgura</strong></span> <span class='ocrx_word' id='word_1_232' title='bbox 1027 2015 1270 2072; x_wconf 84' lang='lat' dir='ltr'><strong>erraticae</strong></span> <span class='ocrx_word' id='word_1_233' title='bbox 1313 2016 1428 2072; x_wconf 86' lang='lat' dir='ltr'><strong>ovis</strong></span> <span class='ocrx_word' id='word_1_234' title='bbox 1474 2017 1914 2087; x_wconf 89' lang='lat' dir='ltr'><strong>interpretentur.</strong></span> <span class='ocrx_word' id='word_1_235' title='bbox 1960 2016 2121 2073; x_wconf 89' lang='lat' dir='ltr'><strong>Teste</strong></span> <span class='ocrx_word' id='word_1_236' title='bbox 2169 2019 2328 2089; x_wconf 83' lang='lat' dir='ltr'><strong>igitur</strong></span> <span class='ocrx_word' id='word_1_237' title='bbox 2356 2026 2402 2088; x_wconf 85' lang='grc' dir='ltr'><strong>Β</strong></span> <span class='ocrx_word' id='word_1_238' title='bbox 2431 2041 2550 2084; x_wconf 74' lang='lat' dir='ltr'><strong>eam</strong></span> <span class='ocrx_word' id='word_1_239' title='bbox 2578 2035 2902 2097; x_wconf 85' lang='lat' dir='ltr'><strong>cognoscant</strong></span> <span class='ocrx_word' id='word_1_240' title='bbox 2926 2067 2939 2091; x_wconf 89' lang='lat'><strong>,</strong></span> <span class='ocrx_word' id='word_1_241' title='bbox 2966 2038 3068 2095; x_wconf 88' lang='lat' dir='ltr'><strong>qua</strong></span> <span class='ocrx_word' id='word_1_242' title='bbox 3097 2027 3257 2081; x_wconf 90' lang='lat' dir='ltr'><strong>etiam</strong></span> <span class='ocrx_word' id='word_1_243' title='bbox 3277 2027 3517 2084; x_wconf 59' lang='lat' dir='ltr'><strong>caelestis</strong></span> <span class='ocrx_word' id='word_1_244' title='bbox 3544 2029 3737 2086; x_wconf 86' lang='lat' dir='ltr'><strong>melior</strong></span> <span class='ocrx_word' id='word_1_245' title='bbox 3775 2045 3902 2087; x_wconf 84' lang='lat' dir='ltr'><strong>esse</strong></span> <span class='ocrx_word' id='word_1_246' title='bbox 3931 2047 4035 2087; x_wconf 86' lang='lat' dir='ltr'><strong>non</strong></span> 
     </span>
    </p>
   </div>
   <div class='ocr_carea' id='block_1_34' title="bbox 735 2109 2324 2181">
    <p class='ocr_par' dir='ltr' id='par_1_34' title="bbox 735 2109 2324 2181">
     <span class='ocr_line' id='line_1_35' title="bbox 735 2109 2324 2181; baseline 0.001 -16"><span class='ocrx_word' id='word_1_247' title='bbox 735 2110 1051 2181; x_wconf 66' lang='lat' dir='ltr'><strong>paenitentia</strong></span> <span class='ocrx_word' id='word_1_248' title='bbox 1094 2111 1420 2166; x_wconf 90' lang='lat' dir='ltr'><strong>institutoris</strong></span> <span class='ocrx_word' id='word_1_249' title='bbox 1475 2110 1603 2177; x_wconf 88' lang='lat' dir='ltr'><strong>sui,</strong></span> <span class='ocrx_word' id='word_1_250' title='bbox 1633 2109 1884 2166; x_wconf 89' lang='lat' dir='ltr'><strong>delictum</strong></span> <span class='ocrx_word' id='word_1_251' title='bbox 1930 2111 2033 2166; x_wconf 85' lang='lat' dir='ltr'><strong>erit</strong></span> <span class='ocrx_word' id='word_1_252' title='bbox 2073 2111 2324 2179; x_wconf 90' lang='lat' dir='ltr'><strong>mundus,</strong></span> 
     </span>
    </p>
   </div>
   <div class='ocr_carea' id='block_1_35' title="bbox 729 2203 2324 2278">
    <p class='ocr_par' dir='ltr' id='par_1_35' title="bbox 729 2203 2324 2278">
     <span class='ocr_line' id='line_1_36' title="bbox 729 2203 2324 2278; baseline 0.002 -18"><span class='ocrx_word' id='word_1_253' title='bbox 729 2203 997 2277; x_wconf 88' lang='lat' dir='ltr'><strong>siquidem</strong></span> <span class='ocrx_word' id='word_1_254' title='bbox 1019 2204 1194 2260; x_wconf 88' lang='lat' dir='ltr'><strong>onmis</strong></span> <span class='ocrx_word' id='word_1_255' title='bbox 1223 2205 1537 2276; x_wconf 69' lang='lat' dir='ltr'><strong>ptenitentia</strong></span> <span class='ocrx_word' id='word_1_256' title='bbox 1563 2204 1831 2260; x_wconf 83' lang='lat' dir='ltr'><strong>confessio</strong></span> <span class='ocrx_word' id='word_1_257' title='bbox 1856 2214 1936 2260; x_wconf 92' lang='lat' dir='ltr'><strong>est</strong></span> <span class='ocrx_word' id='word_1_258' title='bbox 1968 2205 2168 2273; x_wconf 90' lang='lat' dir='ltr'><strong>delicti,</strong></span> <span class='ocrx_word' id='word_1_259' title='bbox 2201 2207 2324 2278; x_wconf 84' lang='lat' dir='ltr'><strong>quia</strong></span> 
     </span>
    </p>
   </div>
   <div class='ocr_carea' id='block_1_36' title="bbox 800 2320 2318 2392">
    <p class='ocr_par' dir='ltr' id='par_1_36' title="bbox 800 2320 2318 2392">
     <span class='ocr_line' id='line_1_37' title="bbox 800 2320 2318 2392; baseline -0.003 -14"><span class='ocrx_word' id='word_1_260' title='bbox 800 2320 883 2378; x_wconf 85' lang='lat' dir='ltr'><strong>An</strong></span> <span class='ocrx_word' id='word_1_261' title='bbox 917 2320 1054 2376; x_wconf 91' lang='lat' dir='ltr'><strong>liber</strong></span> <span class='ocrx_word' id='word_1_262' title='bbox 1078 2321 1178 2376; x_wconf 85' lang='lat' dir='ltr'><strong>iste</strong></span> <span class='ocrx_word' id='word_1_263' title='bbox 1198 2363 1213 2387; x_wconf 95' lang='lat'><strong>,</strong></span> <span class='ocrx_word' id='word_1_264' title='bbox 1245 2322 1485 2376; x_wconf 81' lang='lat' dir='ltr'><strong>adversus</strong></span> <span class='ocrx_word' id='word_1_265' title='bbox 1510 2321 1770 2392; x_wconf 82' lang='lat' dir='ltr'><strong>Apellem,</strong></span> <span class='ocrx_word' id='word_1_266' title='bbox 1809 2337 1873 2375; x_wconf 87' lang='lat' dir='ltr'><strong>an</strong></span> <span class='ocrx_word' id='word_1_267' title='bbox 1897 2320 2136 2375; x_wconf 76' lang='lat' dir='ltr'><strong>adversus</strong></span> <span class='ocrx_word' id='word_1_268' title='bbox 2168 2321 2318 2392; x_wconf 67' lang='lat' dir='ltr'><strong>Apel-</strong></span> 
     </span>
    </p>
   </div>
   <div class='ocr_carea' id='block_1_37' title="bbox 729 2390 2316 2462">
    <p class='ocr_par' dir='ltr' id='par_1_37' title="bbox 729 2390 2316 2462">
     <span class='ocr_line' id='line_1_38' title="bbox 729 2390 2316 2462; baseline 0 -16"><span class='ocrx_word' id='word_1_269' title='bbox 729 2392 940 2447; x_wconf 75' lang='lat' dir='ltr'><strong>letianos</strong></span> <span class='ocrx_word' id='word_1_270' title='bbox 965 2392 1181 2447; x_wconf 88' lang='lat' dir='ltr'><strong>inscribi</strong></span> <span class='ocrx_word' id='word_1_271' title='bbox 1212 2390 1766 2462; x_wconf 85' lang='lat' dir='ltr'><strong>debeat,aliquamdiu</strong></span> <span class='ocrx_word' id='word_1_272' title='bbox 1795 2408 1879 2445; x_wconf 87' lang='lat' dir='ltr'><strong>me</strong></span> <span class='ocrx_word' id='word_1_273' title='bbox 1906 2392 2148 2445; x_wconf 83' lang='lat' dir='ltr'><strong>dubitare</strong></span> <span class='ocrx_word' id='word_1_274' title='bbox 2174 2390 2316 2456; x_wconf 88' lang='lat' dir='ltr'><strong>fecit,</strong></span> 
     </span>
    </p>
   </div>
   <div class='ocr_carea' id='block_1_38' title="bbox 728 2463 2320 2532">
    <p class='ocr_par' dir='ltr' id='par_1_38' title="bbox 728 2463 2320 2532">
     <span class='ocr_line' id='line_1_39' title="bbox 728 2463 2320 2532; baseline 0.003 -18"><span class='ocrx_word' id='word_1_275' title='bbox 728 2463 868 2530; x_wconf 89' lang='lat' dir='ltr'><strong>quod</strong></span> <span class='ocrx_word' id='word_1_276' title='bbox 891 2464 1030 2519; x_wconf 89' lang='lat' dir='ltr'><strong>inter</strong></span> <span class='ocrx_word' id='word_1_277' title='bbox 1056 2473 1284 2519; x_wconf 75' lang='lat' dir='ltr'><strong>czcteros</strong></span> <span class='ocrx_word' id='word_1_278' title='bbox 1314 2463 1619 2522; x_wconf 78' lang='lat' dir='ltr'><strong>hzereticos.</strong></span> <span class='ocrx_word' id='word_1_279' title='bbox 1648 2463 1908 2517; x_wconf 78' lang='lat' dir='ltr'><strong>adversus</strong></span> <span class='ocrx_word' id='word_1_280' title='bbox 1935 2477 2073 2532; x_wconf 82' lang='lat' dir='ltr'><strong>quos</strong></span> <span class='ocrx_word' id='word_1_281' title='bbox 2106 2465 2320 2531; x_wconf 89' lang='lat' dir='ltr'><strong>scripsit</strong></span> 
     </span>
    </p>
   </div>
   <div class='ocr_carea' id='block_1_39' title="bbox 727 2533 2314 2603">
    <p class='ocr_par' dir='ltr' id='par_1_39' title="bbox 727 2533 2314 2603">
     <span class='ocr_line' id='line_1_40' title="bbox 727 2533 2314 2603; baseline -0.001 -14"><span class='ocrx_word' id='word_1_282' title='bbox 727 2533 1087 2590; x_wconf 85' lang='lat' dir='ltr'><strong>&#39;l‘crtullianus</strong></span> <span class='ocrx_word' id='word_1_283' title='bbox 1109 2575 1123 2601; x_wconf 95' lang='lat'><strong>,</strong></span> <span class='ocrx_word' id='word_1_284' title='bbox 1155 2544 1432 2590; x_wconf 89' lang='lat' dir='ltr'><strong>enumeret</strong></span> <span class='ocrx_word' id='word_1_285' title='bbox 1461 2534 1702 2590; x_wconf 79' lang='lat' dir='ltr'><strong>Vincent.</strong></span> <span class='ocrx_word' id='word_1_286' title='bbox 1735 2534 2001 2588; x_wconf 89' lang='lat' dir='ltr'><strong>Lirinens.</strong></span> <span class='ocrx_word' id='word_1_287' title='bbox 2050 2535 2314 2603; x_wconf 85' lang='lat' dir='ltr'><strong>Apelletn,</strong></span> 
     </span>
    </p>
   </div>
   <div class='ocr_carea' id='block_1_40' title="bbox 727 2604 2316 2676">
    <p class='ocr_par' dir='ltr' id='par_1_40' title="bbox 727 2604 2316 2676">
     <span class='ocr_line' id='line_1_41' title="bbox 727 2604 2316 2676; baseline 0 -16"><span class='ocrx_word' id='word_1_288' title='bbox 727 2621 792 2660; x_wconf 86' lang='lat' dir='ltr'><strong>ex</strong></span> <span class='ocrx_word' id='word_1_289' title='bbox 822 2619 928 2676; x_wconf 91' lang='lat' dir='ltr'><strong>quo</strong></span> <span class='ocrx_word' id='word_1_290' title='bbox 956 2604 1510 2676; x_wconf 15' lang='lat' dir='ltr'><strong>etiamihaasitavimus</strong></span> <span class='ocrx_word' id='word_1_291' title='bbox 1540 2621 1665 2659; x_wconf 94' lang='lat' dir='ltr'><strong>num</strong></span> <span class='ocrx_word' id='word_1_292' title='bbox 1698 2606 1878 2675; x_wconf 84' lang='lat' dir='ltr'><strong>plures</strong></span> <span class='ocrx_word' id='word_1_293' title='bbox 1923 2615 2102 2659; x_wconf 82' lang='lat' dir='ltr'><strong>essent</strong></span> <span class='ocrx_word' id='word_1_294' title='bbox 2153 2606 2316 2660; x_wconf 89' lang='lat' dir='ltr'><strong>libelli</strong></span> 
     </span>
    </p>
   </div>
   <div class='ocr_carea' id='block_1_41' title="bbox 727 2675 2315 2747">
    <p class='ocr_par' dir='ltr' id='par_1_41' title="bbox 727 2675 2315 2747">
     <span class='ocr_line' id='line_1_42' title="bbox 727 2675 2315 2747; baseline 0.001 -18"><span class='ocrx_word' id='word_1_295' title='bbox 727 2676 794 2730; x_wconf 87' lang='lat' dir='ltr'><strong>ab</strong></span> <span class='ocrx_word' id='word_1_296' title='bbox 819 2675 1036 2747; x_wconf 87' lang='lat' dir='ltr'><strong>auctore</strong></span> <span class='ocrx_word' id='word_1_297' title='bbox 1080 2675 1339 2733; x_wconf 87' lang='lat' dir='ltr'><strong>adversus</strong></span> <span class='ocrx_word' id='word_1_298' title='bbox 1386 2679 1557 2747; x_wconf 90' lang='lat' dir='ltr'><strong>ipsum</strong></span> <span class='ocrx_word' id='word_1_299' title='bbox 1599 2687 1653 2730; x_wconf 86' lang='lat' dir='ltr'><strong>et</strong></span> <span class='ocrx_word' id='word_1_300' title='bbox 1697 2677 1986 2745; x_wconf 88' lang='lat' dir='ltr'><strong>discipulos</strong></span> <span class='ocrx_word' id='word_1_301' title='bbox 2031 2676 2146 2745; x_wconf 89' lang='lat' dir='ltr'><strong>ejus</strong></span> <span class='ocrx_word' id='word_1_302' title='bbox 2188 2693 2315 2732; x_wconf 82' lang='lat' dir='ltr'><strong>con-</strong></span> 
     </span>
    </p>
   </div>
   <div class='ocr_carea' id='block_1_42' title="bbox 730 2746 2316 2818">
    <p class='ocr_par' dir='ltr' id='par_1_42' title="bbox 730 2746 2316 2818">
     <span class='ocr_line' id='line_1_43' title="bbox 730 2746 2316 2818; baseline 0.002 -17"><span class='ocrx_word' id='word_1_303' title='bbox 730 2747 936 2818; x_wconf 84' lang='lat' dir='ltr'><strong>scripti.</strong></span> <span class='ocrx_word' id='word_1_304' title='bbox 981 2746 1179 2803; x_wconf 83' lang='lat' dir='ltr'><strong>Verum</strong></span> <span class='ocrx_word' id='word_1_305' title='bbox 1209 2790 1223 2811; x_wconf 86' lang='lat'><strong>,</strong></span> <span class='ocrx_word' id='word_1_306' title='bbox 1253 2763 1374 2803; x_wconf 92' lang='lat' dir='ltr'><strong>cum</strong></span> <span class='ocrx_word' id='word_1_307' title='bbox 1409 2746 1578 2804; x_wconf 86' lang='lat' dir='ltr'><strong>toties</strong></span> <span class='ocrx_word' id='word_1_308' title='bbox 1621 2747 1758 2803; x_wconf 90' lang='lat' dir='ltr'><strong>facta</strong></span> <span class='ocrx_word' id='word_1_309' title='bbox 1804 2749 2005 2818; x_wconf 80' lang='lat' dir='ltr'><strong>Apellis</strong></span> <span class='ocrx_word' id='word_1_310' title='bbox 2044 2752 2316 2804; x_wconf 88' lang='lat' dir='ltr'><strong>mentione</strong></span> 
     </span>
    </p>
   </div>
   <div class='ocr_carea' id='block_1_43' title="bbox 727 2819 2315 2887">
    <p class='ocr_par' dir='ltr' id='par_1_43' title="bbox 727 2819 2315 2887">
     <span class='ocr_line' id='line_1_44' title="bbox 727 2819 2315 2887; baseline 0.001 -16"><span class='ocrx_word' id='word_1_311' title='bbox 727 2828 886 2887; x_wconf 87' lang='lat' dir='ltr'><strong>atque</strong></span> <span class='ocrx_word' id='word_1_312' title='bbox 913 2819 1109 2875; x_wconf 86' lang='lat' dir='ltr'><strong>nullius</strong></span> <span class='ocrx_word' id='word_1_313' title='bbox 1132 2819 1352 2875; x_wconf 85' lang='lat' dir='ltr'><strong>alterius</strong></span> <span class='ocrx_word' id='word_1_314' title='bbox 1375 2859 1390 2884; x_wconf 93' lang='lat'><strong>,</strong></span> <span class='ocrx_word' id='word_1_315' title='bbox 1419 2821 1620 2874; x_wconf 91' lang='lat' dir='ltr'><strong>nullam</strong></span> <span class='ocrx_word' id='word_1_316' title='bbox 1652 2829 1830 2873; x_wconf 89' lang='lat' dir='ltr'><strong>tamen</strong></span> <span class='ocrx_word' id='word_1_317' title='bbox 1862 2821 1980 2872; x_wconf 81' lang='lat' dir='ltr'><strong>lilu-i</strong></span> <span class='ocrx_word' id='word_1_318' title='bbox 2018 2819 2315 2887; x_wconf 86' lang='lat' dir='ltr'><strong>cujuspiatn</strong></span> 
     </span>
    </p>
   </div>
   <div class='ocr_carea' id='block_1_44' title="bbox 726 2889 2318 2958">
    <p class='ocr_par' dir='ltr' id='par_1_44' title="bbox 726 2889 2318 2958">
     <span class='ocr_line' id='line_1_45' title="bbox 726 2889 2318 2958; baseline 0.003 -17"><span class='ocrx_word' id='word_1_319' title='bbox 726 2889 984 2945; x_wconf 88' lang='lat' dir='ltr'><strong>adversus</strong></span> <span class='ocrx_word' id='word_1_320' title='bbox 1004 2889 1252 2946; x_wconf 88' lang='lat' dir='ltr'><strong>eumdem</strong></span> <span class='ocrx_word' id='word_1_321' title='bbox 1293 2891 1618 2945; x_wconf 90' lang='lat' dir='ltr'><strong>mentionem</strong></span> <span class='ocrx_word' id='word_1_322' title='bbox 1662 2898 2015 2958; x_wconf 66' lang='lat' dir='ltr'><strong>praeterquam</strong></span> <span class='ocrx_word' id='word_1_323' title='bbox 2069 2891 2166 2943; x_wconf 87' lang='lat' dir='ltr'><strong>hoc</strong></span> <span class='ocrx_word' id='word_1_324' title='bbox 2199 2890 2318 2945; x_wconf 91' lang='lat' dir='ltr'><strong>loco</strong></span> 
     </span>
    </p>
   </div>
   <div class='ocr_carea' id='block_1_45' title="bbox 727 2958 2315 3026">
    <p class='ocr_par' dir='ltr' id='par_1_45' title="bbox 727 2958 2315 3026">
     <span class='ocr_line' id='line_1_46' title="bbox 727 2958 2315 3026; baseline 0.001 -13"><span class='ocrx_word' id='word_1_325' title='bbox 727 2958 907 3026; x_wconf 78' lang='lat' dir='ltr'><strong>faciat,</strong></span> <span class='ocrx_word' id='word_1_326' title='bbox 940 2960 1000 3014; x_wconf 84' lang='lat' dir='ltr'><strong>ﬁt</strong></span> <span class='ocrx_word' id='word_1_327' title='bbox 1024 2960 1154 3014; x_wconf 88' lang='lat' dir='ltr'><strong>ntihi</strong></span> <span class='ocrx_word' id='word_1_328' title='bbox 1177 2960 1434 3016; x_wconf 87' lang='lat' dir='ltr'><strong>credibile</strong></span> <span class='ocrx_word' id='word_1_329' title='bbox 1461 3001 1474 3023; x_wconf 93' lang='lat'><strong>,</strong></span> <span class='ocrx_word' id='word_1_330' title='bbox 1497 2970 1552 3013; x_wconf 90' lang='lat' dir='ltr'><strong>et</strong></span> <span class='ocrx_word' id='word_1_331' title='bbox 1582 2961 1796 3014; x_wconf 90' lang='lat' dir='ltr'><strong>unicum</strong></span> <span class='ocrx_word' id='word_1_332' title='bbox 1838 2975 1956 3015; x_wconf 90' lang='lat' dir='ltr'><strong>esse</strong></span> <span class='ocrx_word' id='word_1_333' title='bbox 1987 2961 2052 3014; x_wconf 90' lang='lat' dir='ltr'><strong>ah</strong></span> <span class='ocrx_word' id='word_1_334' title='bbox 2081 2975 2146 3013; x_wconf 93' lang='lat' dir='ltr'><strong>eo</strong></span> <span class='ocrx_word' id='word_1_335' title='bbox 2184 2975 2315 3014; x_wconf 85' lang='lat' dir='ltr'><strong>cou-</strong></span> 
     </span>
    </p>
   </div>
   <div class='ocr_carea' id='block_1_46' title="bbox 725 3031 2319 3100">
    <p class='ocr_par' dir='ltr' id='par_1_46' title="bbox 725 3031 2319 3100">
     <span class='ocr_line' id='line_1_47' title="bbox 725 3031 2319 3100; baseline 0.002 -16"><span class='ocrx_word' id='word_1_336' title='bbox 725 3031 1008 3099; x_wconf 88' lang='lat' dir='ltr'><strong>scriptum,</strong></span> <span class='ocrx_word' id='word_1_337' title='bbox 1031 3040 1086 3086; x_wconf 92' lang='lat' dir='ltr'><strong>et</strong></span> <span class='ocrx_word' id='word_1_338' title='bbox 1104 3031 1340 3085; x_wconf 75' lang='lat' dir='ltr'><strong>adversus</strong></span> <span class='ocrx_word' id='word_1_339' title='bbox 1361 3031 1702 3100; x_wconf 80' lang='lat' dir='ltr'><strong>Apellctianos</strong></span> <span class='ocrx_word' id='word_1_340' title='bbox 1723 3032 2056 3100; x_wconf 91' lang='lat' dir='ltr'><strong>inscriptum.</strong></span> <span class='ocrx_word' id='word_1_341' title='bbox 2090 3031 2319 3088; x_wconf 80' lang='lat' dir='ltr'><strong>Maxime</strong></span> 
     </span>
    </p>
   </div>
   <div class='ocr_carea' id='block_1_47' title="bbox 726 3101 2320 3173">
    <p class='ocr_par' dir='ltr' id='par_1_47' title="bbox 726 3101 2320 3173">
     <span class='ocr_line' id='line_1_48' title="bbox 726 3101 2320 3173; baseline 0.003 -20"><span class='ocrx_word' id='word_1_342' title='bbox 726 3112 848 3173; x_wconf 79' lang='lat' dir='ltr'><strong>eum</strong></span> <span class='ocrx_word' id='word_1_343' title='bbox 885 3103 1043 3155; x_wconf 88' lang='lat' dir='ltr'><strong>etiam</strong></span> <span class='ocrx_word' id='word_1_344' title='bbox 1081 3101 1421 3173; x_wconf 68' lang='lat' dir='ltr'><strong>Apelletianos</strong></span> <span class='ocrx_word' id='word_1_345' title='bbox 1445 3102 1503 3173; x_wconf 25' lang='lat' dir='ltr'><strong>BA.</strong></span> <span class='ocrx_word' id='word_1_346' title='bbox 1532 3101 1784 3173; x_wconf 85' lang='lat' dir='ltr'><strong>Cyprian.</strong></span> <span class='ocrx_word' id='word_1_347' title='bbox 1821 3113 2090 3172; x_wconf 80' lang='lat' dir='ltr'><strong>nunCupet</strong></span> <span class='ocrx_word' id='word_1_348' title='bbox 2120 3104 2320 3170; x_wconf 73' lang='lat' dir='ltr'><strong>Apellis</strong></span> 
     </span>
    </p>
   </div>
   <div class='ocr_carea' id='block_1_48' title="bbox 725 3171 2318 3242">
    <p class='ocr_par' dir='ltr' id='par_1_48' title="bbox 725 3171 2318 3242">
     <span class='ocr_line' id='line_1_49' title="bbox 725 3171 2318 3242; baseline 0.001 -16"><span class='ocrx_word' id='word_1_349' title='bbox 725 3171 1038 3242; x_wconf 87' lang='lat' dir='ltr'><strong>discipulos,</strong></span> <span class='ocrx_word' id='word_1_350' title='bbox 1057 3172 1223 3242; x_wconf 87' lang='lat' dir='ltr'><strong>Epist.</strong></span> <span class='ocrx_word' id='word_1_351' title='bbox 1252 3174 1342 3236; x_wconf 75' lang='lat'><strong>73,</strong></span> <span class='ocrx_word' id='word_1_352' title='bbox 1372 3174 1439 3227; x_wconf 85' lang='lat' dir='ltr'><strong>ad</strong></span> <span class='ocrx_word' id='word_1_353' title='bbox 1464 3171 1792 3227; x_wconf 82' lang='lat' dir='ltr'><strong>Jubaianunt.</strong></span> <span class='ocrx_word' id='word_1_354' title='bbox 1828 3175 1983 3242; x_wconf 84' lang='lat' dir='ltr'><strong>Atqui</strong></span> <span class='ocrx_word' id='word_1_355' title='bbox 2005 3171 2318 3228; x_wconf 76' lang='lat' dir='ltr'><strong>Obscuriora</strong></span> 
     </span>
    </p>
   </div>
   <div class='ocr_carea' id='block_1_49' title="bbox 726 3243 2317 3314">
    <p class='ocr_par' dir='ltr' id='par_1_49' title="bbox 726 3243 2317 3314">
     <span class='ocr_line' id='line_1_50' title="bbox 726 3243 2317 3314; baseline 0.002 -18"><span class='ocrx_word' id='word_1_356' title='bbox 726 3243 940 3314; x_wconf 86' lang='lat' dir='ltr'><strong>quidem</strong></span> <span class='ocrx_word' id='word_1_357' title='bbox 969 3253 1092 3299; x_wconf 89' lang='lat' dir='ltr'><strong>sunt</strong></span> <span class='ocrx_word' id='word_1_358' title='bbox 1113 3245 1274 3300; x_wconf 85' lang='lat' dir='ltr'><strong>verba</strong></span> <span class='ocrx_word' id='word_1_359' title='bbox 1295 3243 1609 3300; x_wconf 89' lang='lat' dir='ltr'><strong>Tertulliani</strong></span> <span class='ocrx_word' id='word_1_360' title='bbox 1634 3245 1741 3314; x_wconf 88' lang='lat' dir='ltr'><strong>jam</strong></span> <span class='ocrx_word' id='word_1_361' title='bbox 1765 3245 1945 3308; x_wconf 84' lang='lat' dir='ltr'><strong>citata.</strong></span> <span class='ocrx_word' id='word_1_362' title='bbox 1972 3246 2065 3299; x_wconf 88' lang='lat' dir='ltr'><strong>sed</strong></span> <span class='ocrx_word' id='word_1_363' title='bbox 2093 3245 2190 3296; x_wconf 89' lang='lat' dir='ltr'><strong>hoc</strong></span> <span class='ocrx_word' id='word_1_364' title='bbox 2214 3247 2317 3299; x_wconf 89' lang='lat' dir='ltr'><strong>sibi</strong></span> 
     </span>
    </p>
   </div>
   <div class='ocr_carea' id='block_1_50' title="bbox 2431 2123 2620 2194">
    <p class='ocr_par' dir='ltr' id='par_1_50' title="bbox 2431 2123 2620 2194">
     <span class='ocr_line' id='line_1_51' title="bbox 2431 2123 2620 2194; baseline -0.026 -15"><span class='ocrx_word' id='word_1_365' title='bbox 2431 2123 2620 2194; x_wconf 88' lang='lat' dir='ltr'><strong>potuit.</strong></span> 
     </span>
    </p>
   </div>
   <div class='ocr_carea' id='block_1_51' title="bbox 2426 2319 4027 2388">
    <p class='ocr_par' dir='ltr' id='par_1_51' title="bbox 2426 2319 4027 2388">
     <span class='ocr_line' id='line_1_52' title="bbox 2426 2319 4027 2388; baseline 0.003 -14"><span class='ocrx_word' id='word_1_366' title='bbox 2426 2321 2573 2375; x_wconf 68' lang='lat' dir='ltr'><strong>lltcr.</strong></span> <span class='ocrx_word' id='word_1_367' title='bbox 2595 2321 2685 2386; x_wconf 75' lang='lat'><strong>23,</strong></span> <span class='ocrx_word' id='word_1_368' title='bbox 2713 2320 2773 2374; x_wconf 81' lang='grc' dir='ltr'><strong>Β.</strong></span> <span class='ocrx_word' id='word_1_369' title='bbox 2804 2319 3016 2384; x_wconf 86' lang='lat' dir='ltr'><strong>lsidor.,</strong></span> <span class='ocrx_word' id='word_1_370' title='bbox 3043 2319 3136 2375; x_wconf 91' lang='lat' dir='ltr'><strong>lib.</strong></span> <span class='ocrx_word' id='word_1_371' title='bbox 3165 2321 3283 2375; x_wconf 87' lang='lat' dir='ltr'><strong>adv.</strong></span> <span class='ocrx_word' id='word_1_372' title='bbox 3317 2320 3507 2386; x_wconf 71' lang='lat' dir='ltr'><strong>Mam,</strong></span> <span class='ocrx_word' id='word_1_373' title='bbox 3532 2320 3790 2378; x_wconf 83' lang='lat' dir='ltr'><strong>Rabanus</strong></span> <span class='ocrx_word' id='word_1_374' title='bbox 3822 2335 4027 2388; x_wconf 86' lang='lat' dir='ltr'><strong>noster,</strong></span> 
     </span>
    </p>
   </div>
   <div class='ocr_carea' id='block_1_52' title="bbox 2425 2391 4031 2462">
    <p class='ocr_par' dir='ltr' id='par_1_52' title="bbox 2425 2391 4031 2462">
     <span class='ocr_line' id='line_1_53' title="bbox 2425 2391 4031 2462; baseline 0.002 -15"><span class='ocrx_word' id='word_1_375' title='bbox 2425 2392 2484 2447; x_wconf 87' lang='lat' dir='ltr'><strong>B.</strong></span> <span class='ocrx_word' id='word_1_376' title='bbox 2523 2391 2788 2446; x_wconf 88' lang='lat' dir='ltr'><strong>Honorius</strong></span> <span class='ocrx_word' id='word_1_377' title='bbox 2829 2404 2881 2445; x_wconf 95' lang='lat' dir='ltr'><strong>et</strong></span> <span class='ocrx_word' id='word_1_378' title='bbox 2923 2392 3208 2447; x_wconf 86' lang='lat' dir='ltr'><strong>Gratianus</strong></span> <span class='ocrx_word' id='word_1_379' title='bbox 3255 2395 3306 2447; x_wconf 91' lang='lat' dir='ltr'><strong>in</strong></span> <span class='ocrx_word' id='word_1_380' title='bbox 3359 2392 3628 2462; x_wconf 81' lang='lat' dir='ltr'><strong>Catalngis</strong></span> <span class='ocrx_word' id='word_1_381' title='bbox 3671 2395 3863 2448; x_wconf 69' lang='lat' dir='ltr'><strong>harret.</strong></span> <span class='ocrx_word' id='word_1_382' title='bbox 3921 2398 4031 2452; x_wconf 90' lang='lat' dir='ltr'><strong>lloe</strong></span> 
     </span>
    </p>
   </div>
   <div class='ocr_carea' id='block_1_53' title="bbox 2425 2463 4031 2536">
    <p class='ocr_par' dir='ltr' id='par_1_53' title="bbox 2425 2463 4031 2536">
     <span class='ocr_line' id='line_1_54' title="bbox 2425 2463 4031 2536; baseline 0.001 -18"><span class='ocrx_word' id='word_1_383' title='bbox 2425 2465 2693 2536; x_wconf 87' lang='lat' dir='ltr'><strong>peculiare</strong></span> <span class='ocrx_word' id='word_1_384' title='bbox 2734 2464 2978 2536; x_wconf 85' lang='lat' dir='ltr'><strong>auctori,</strong></span> <span class='ocrx_word' id='word_1_385' title='bbox 3023 2465 3161 2534; x_wconf 93' lang='lat' dir='ltr'><strong>quod</strong></span> <span class='ocrx_word' id='word_1_386' title='bbox 3194 2463 3261 2536; x_wconf 86' lang='lat' dir='ltr'><strong>de</strong></span> <span class='ocrx_word' id='word_1_387' title='bbox 3312 2466 3619 2532; x_wconf 62' lang='lat' dir='ltr'><strong>paenitentia</strong></span> <span class='ocrx_word' id='word_1_388' title='bbox 3659 2468 3838 2536; x_wconf 82' lang='lat' dir='ltr'><strong>angeli</strong></span> <span class='ocrx_word' id='word_1_389' title='bbox 3867 2468 4031 2522; x_wconf 85' lang='lat' dir='ltr'><strong>Crea-</strong></span> 
     </span>
    </p>
   </div>
   <div class='ocr_carea' id='block_1_54' title="bbox 2424 2534 4026 2607">
    <p class='ocr_par' dir='ltr' id='par_1_54' title="bbox 2424 2534 4026 2607">
     <span class='ocr_line' id='line_1_55' title="bbox 2424 2534 4026 2607; baseline 0.001 -18"><span class='ocrx_word' id='word_1_390' title='bbox 2424 2535 2682 2605; x_wconf 89' lang='lat' dir='ltr'><strong>torisjatn</strong></span> <span class='ocrx_word' id='word_1_391' title='bbox 2719 2534 2917 2607; x_wconf 77' lang='lat' dir='ltr'><strong>dictum</strong></span> <span class='ocrx_word' id='word_1_392' title='bbox 2959 2545 3040 2588; x_wconf 90' lang='lat' dir='ltr'><strong>est</strong></span> <span class='ocrx_word' id='word_1_393' title='bbox 3066 2535 3272 2607; x_wconf 78' lang='lat' dir='ltr'><strong>;__sieuti</strong></span> <span class='ocrx_word' id='word_1_394' title='bbox 3298 2545 3350 2589; x_wconf 91' lang='lat' dir='ltr'><strong>et</strong></span> <span class='ocrx_word' id='word_1_395' title='bbox 3400 2536 3524 2590; x_wconf 92' lang='lat' dir='ltr'><strong>illud</strong></span> <span class='ocrx_word' id='word_1_396' title='bbox 3563 2579 3576 2597; x_wconf 79' lang='grc'><em>,</em></span> <span class='ocrx_word' id='word_1_397' title='bbox 3610 2534 3750 2606; x_wconf 89' lang='lat' dir='ltr'><strong>quod</strong></span> <span class='ocrx_word' id='word_1_398' title='bbox 3804 2538 4026 2607; x_wconf 75' lang='lat' dir='ltr'><strong>figurant</strong></span> 
     </span>
    </p>
   </div>
   <div class='ocr_carea' id='block_1_55' title="bbox 2420 2603 4023 2675">
    <p class='ocr_par' dir='ltr' id='par_1_55' title="bbox 2420 2603 4023 2675">
     <span class='ocr_line' id='line_1_56' title="bbox 2420 2603 4023 2675; baseline 0.001 -14"><span class='ocrx_word' id='word_1_399' title='bbox 2420 2603 2665 2661; x_wconf 51' lang='lat' dir='ltr'><strong>erratica</strong></span> <span class='ocrx_word' id='word_1_400' title='bbox 2704 2606 2820 2659; x_wconf 88' lang='lat' dir='ltr'><strong>ovis</strong></span> <span class='ocrx_word' id='word_1_401' title='bbox 2864 2603 2991 2674; x_wconf 85' lang='lat' dir='ltr'><strong>(Luc</strong></span> <span class='ocrx_word' id='word_1_402' title='bbox 3018 2647 3030 2666; x_wconf 91' lang='lat'><strong>,</strong></span> <span class='ocrx_word' id='word_1_403' title='bbox 3080 2604 3198 2675; x_wconf 79' lang='lat' dir='ltr'><strong>XV)</strong></span> <span class='ocrx_word' id='word_1_404' title='bbox 3244 2605 3311 2659; x_wconf 90' lang='lat' dir='ltr'><strong>de</strong></span> <span class='ocrx_word' id='word_1_405' title='bbox 3358 2607 3448 2660; x_wconf 91' lang='lat' dir='ltr'><strong>illo</strong></span> <span class='ocrx_word' id='word_1_406' title='bbox 3493 2603 4023 2674; x_wconf 33' lang='lat' dir='ltr'><strong>interpretati‘sint;</strong></span> 
     </span>
    </p>
   </div>
   <div class='ocr_carea' id='block_1_56' title="bbox 2420 2675 4029 2800">
    <p class='ocr_par' dir='ltr' id='par_1_56' title="bbox 2420 2675 4029 2800">
     <span class='ocr_line' id='line_1_57' title="bbox 2420 2675 4029 2746; baseline 0.003 -17"><span class='ocrx_word' id='word_1_407' title='bbox 2420 2677 2568 2731; x_wconf 65' lang='lat' dir='ltr'><strong>(nasi</strong></span> <span class='ocrx_word' id='word_1_408' title='bbox 2597 2677 2846 2746; x_wconf 84' lang='lat' dir='ltr'><strong>gaudium</strong></span> <span class='ocrx_word' id='word_1_409' title='bbox 2874 2675 3034 2730; x_wconf 91' lang='lat' dir='ltr'><strong>fuerit</strong></span> <span class='ocrx_word' id='word_1_410' title='bbox 3077 2676 3128 2729; x_wconf 91' lang='lat' dir='ltr'><strong>in</strong></span> <span class='ocrx_word' id='word_1_411' title='bbox 3175 2676 3316 2729; x_wconf 72' lang='lat' dir='ltr'><strong>cmlo</strong></span> <span class='ocrx_word' id='word_1_412' title='bbox 3369 2676 3508 2744; x_wconf 86' lang='lat' dir='ltr'><strong>apud</strong></span> <span class='ocrx_word' id='word_1_413' title='bbox 3554 2679 3773 2746; x_wconf 86' lang='lat' dir='ltr'><strong>angelos</strong></span> <span class='ocrx_word' id='word_1_414' title='bbox 3826 2679 3918 2732; x_wconf 82' lang='lat' dir='ltr'><strong>Dei</strong></span> <span class='ocrx_word' id='word_1_415' title='bbox 3961 2681 4029 2734; x_wconf 89' lang='lat' dir='ltr'><strong>de</strong></span> 
     </span>
     <span class='ocr_line' id='line_1_58' title="bbox 2422 2693 4026 2800; baseline 0 0"><span class='ocrx_word' id='word_1_416' title='bbox 2422 2693 2513 2800; x_wconf 77' lang='lat' dir='ltr'><strong>illo</strong></span> <span class='ocrx_word' id='word_1_417' title='bbox 2544 2763 2649 2800; x_wconf 90' lang='lat' dir='ltr'><strong>uno</strong></span> <span class='ocrx_word' id='word_1_418' title='bbox 2691 2757 2974 2800; x_wconf 87' lang='lat' dir='ltr'><strong>neecatore</strong></span> <span class='ocrx_word' id='word_1_419' title='bbox 3016 2746 3080 2799; x_wconf 88' lang='lat' dir='ltr'><strong>ad</strong></span> <span class='ocrx_word' id='word_1_420' title='bbox 3130 2747 3496 2800; x_wconf 68' lang='lat' dir='ltr'><strong>paenitentiam</strong></span> <span class='ocrx_word' id='word_1_421' title='bbox 3526 2762 3808 2800; x_wconf 75' lang='lat' dir='ltr'><strong>converso.</strong></span> <span class='ocrx_word' id='word_1_422' title='bbox 3853 2750 4026 2800; x_wconf 76' lang='lat' dir='ltr'><strong>Onam</strong></span> 
     </span>
    </p>
   </div>
   <div class='ocr_carea' id='block_1_57' title="bbox 2422 2746 4027 2816">
    <p class='ocr_par' dir='ltr' id='par_1_57' title="bbox 2422 2746 4027 2816">
     <span class='ocr_line' id='line_1_59' title="bbox 2422 2746 4027 2816; baseline 0.002 -15"><span class='ocrx_word' id='word_1_423' title='bbox 2422 2746 2513 2801; x_wconf 90' lang='lat' dir='ltr'><strong>illo</strong></span> <span class='ocrx_word' id='word_1_424' title='bbox 2544 2763 2649 2801; x_wconf 90' lang='lat' dir='ltr'><strong>uno</strong></span> <span class='ocrx_word' id='word_1_425' title='bbox 2691 2757 2974 2815; x_wconf 88' lang='lat' dir='ltr'><strong>peccatore</strong></span> <span class='ocrx_word' id='word_1_426' title='bbox 3016 2746 3080 2799; x_wconf 89' lang='lat' dir='ltr'><strong>ad</strong></span> <span class='ocrx_word' id='word_1_427' title='bbox 3130 2747 3496 2814; x_wconf 61' lang='lat' dir='ltr'><strong>paenitentiam</strong></span> <span class='ocrx_word' id='word_1_428' title='bbox 3526 2762 3808 2803; x_wconf 70' lang='lat' dir='ltr'><strong>conversi).</strong></span> <span class='ocrx_word' id='word_1_429' title='bbox 3853 2750 4027 2816; x_wconf 79' lang='lat' dir='ltr'><strong>Quam</strong></span> 
     </span>
    </p>
   </div>
   <div class='ocr_carea' id='block_1_58' title="bbox 2420 2817 4026 2889">
    <p class='ocr_par' dir='ltr' id='par_1_58' title="bbox 2420 2817 4026 2889">
     <span class='ocr_line' id='line_1_60' title="bbox 2420 2817 4026 2889; baseline 0.002 -17"><span class='ocrx_word' id='word_1_430' title='bbox 2420 2828 2605 2872; x_wconf 89' lang='lat' dir='ltr'><strong>contra</strong></span> <span class='ocrx_word' id='word_1_431' title='bbox 2649 2818 2834 2889; x_wconf 87' lang='lat' dir='ltr'><strong>maluit</strong></span> <span class='ocrx_word' id='word_1_432' title='bbox 2883 2827 3078 2889; x_wconf 88' lang='lat' dir='ltr'><strong>auctor</strong></span> <span class='ocrx_word' id='word_1_433' title='bbox 3115 2818 3454 2889; x_wconf 81' lang='lat' dir='ltr'><strong>interpretari</strong></span> <span class='ocrx_word' id='word_1_434' title='bbox 3505 2817 3573 2889; x_wconf 86' lang='lat' dir='ltr'><strong>de</strong></span> <span class='ocrx_word' id='word_1_435' title='bbox 3621 2818 3842 2874; x_wconf 80' lang='lat' dir='ltr'><strong>homine</strong></span> <span class='ocrx_word' id='word_1_436' title='bbox 3875 2822 4026 2889; x_wconf 81' lang='lat' dir='ltr'><strong>lapso</strong></span> 
     </span>
    </p>
   </div>
   <div class='ocr_carea' id='block_1_59' title="bbox 2421 2887 4025 2958">
    <p class='ocr_par' dir='ltr' id='par_1_59' title="bbox 2421 2887 4025 2958">
     <span class='ocr_line' id='line_1_61' title="bbox 2421 2887 4025 2958; baseline 0.002 -15"><span class='ocrx_word' id='word_1_437' title='bbox 2421 2898 2474 2943; x_wconf 94' lang='lat' dir='ltr'><strong>et</strong></span> <span class='ocrx_word' id='word_1_438' title='bbox 2504 2903 2598 2958; x_wconf 89' lang='lat' dir='ltr'><strong>per</strong></span> <span class='ocrx_word' id='word_1_439' title='bbox 2627 2888 2893 2944; x_wconf 89' lang='lat' dir='ltr'><strong>Christum</strong></span> <span class='ocrx_word' id='word_1_440' title='bbox 2936 2888 3193 2956; x_wconf 89' lang='lat' dir='ltr'><strong>requisito</strong></span> <span class='ocrx_word' id='word_1_441' title='bbox 3223 2930 3236 2953; x_wconf 93' lang='lat'><strong>,</strong></span> <span class='ocrx_word' id='word_1_442' title='bbox 3267 2888 3420 2942; x_wconf 93' lang='lat' dir='ltr'><strong>sicuti</strong></span> <span class='ocrx_word' id='word_1_443' title='bbox 3452 2887 3609 2943; x_wconf 72' lang='lat' dir='ltr'><strong>etiam</strong></span> <span class='ocrx_word' id='word_1_444' title='bbox 3669 2891 3758 2944; x_wconf 89' lang='lat' dir='ltr'><strong>alii</strong></span> <span class='ocrx_word' id='word_1_445' title='bbox 3813 2887 4025 2946; x_wconf 70' lang='lat' dir='ltr'><strong>veteres</strong></span> 
     </span>
    </p>
   </div>
   <div class='ocr_carea' id='block_1_60' title="bbox 2420 2959 4024 3033">
    <p class='ocr_par' dir='ltr' id='par_1_60' title="bbox 2420 2959 4024 3033">
     <span class='ocr_line' id='line_1_62' title="bbox 2420 2959 4024 3033; baseline 0.004 -21"><span class='ocrx_word' id='word_1_446' title='bbox 2420 2974 2625 3033; x_wconf 85' lang='lat' dir='ltr'><strong>omnes.</strong></span> <span class='ocrx_word' id='word_1_447' title='bbox 2679 2959 2947 3033; x_wconf 80' lang='lat' dir='ltr'><strong>llactenns</strong></span> <span class='ocrx_word' id='word_1_448' title='bbox 2991 2959 3058 3014; x_wconf 91' lang='lat' dir='ltr'><strong>de</strong></span> <span class='ocrx_word' id='word_1_449' title='bbox 3103 2960 3168 3014; x_wconf 90' lang='lat' dir='ltr'><strong>iis</strong></span> <span class='ocrx_word' id='word_1_450' title='bbox 3214 2974 3334 3028; x_wconf 69' lang='lat' dir='ltr'><strong>qua:</strong></span> <span class='ocrx_word' id='word_1_451' title='bbox 3381 2961 3448 3013; x_wconf 90' lang='lat' dir='ltr'><strong>ad</strong></span> <span class='ocrx_word' id='word_1_452' title='bbox 3480 2960 3816 3017; x_wconf 88' lang='lat' dir='ltr'><strong>intellectum</strong></span> <span class='ocrx_word' id='word_1_453' title='bbox 3861 2962 4024 3033; x_wconf 83' lang='lat' dir='ltr'><strong>hujus</strong></span> 
     </span>
    </p>
   </div>
   <div class='ocr_carea' id='block_1_61' title="bbox 2424 3029 2948 3102">
    <p class='ocr_par' dir='ltr' id='par_1_61' title="bbox 2424 3029 2948 3102">
     <span class='ocr_line' id='line_1_63' title="bbox 2424 3029 2948 3102; baseline -0.002 -18"><span class='ocrx_word' id='word_1_454' title='bbox 2424 3031 2704 3102; x_wconf 87' lang='lat' dir='ltr'><strong>fragmenti</strong></span> <span class='ocrx_word' id='word_1_455' title='bbox 2730 3029 2948 3084; x_wconf 89' lang='lat' dir='ltr'><strong>faciunt.</strong></span> 
     </span>
    </p>
   </div>
   <div class='ocr_carea' id='block_1_62' title="bbox 2495 3100 4024 3171">
    <p class='ocr_par' dir='ltr' id='par_1_62' title="bbox 2495 3100 4024 3171">
     <span class='ocr_line' id='line_1_64' title="bbox 2495 3100 4024 3171; baseline 0.003 -16"><span class='ocrx_word' id='word_1_456' title='bbox 2495 3100 2626 3168; x_wconf 84' lang='lat' dir='ltr'><strong>Quia</strong></span> <span class='ocrx_word' id='word_1_457' title='bbox 2661 3117 2787 3156; x_wconf 90' lang='lat' dir='ltr'><strong>vero</strong></span> <span class='ocrx_word' id='word_1_458' title='bbox 2809 3102 3150 3169; x_wconf 82' lang='lat' dir='ltr'><strong>promisimus</strong></span> <span class='ocrx_word' id='word_1_459' title='bbox 3192 3100 3451 3171; x_wconf 84' lang='lat' dir='ltr'><strong>integram</strong></span> <span class='ocrx_word' id='word_1_460' title='bbox 3500 3119 3596 3157; x_wconf 90' lang='lat' dir='ltr'><strong>nos</strong></span> <span class='ocrx_word' id='word_1_461' title='bbox 3623 3102 3909 3158; x_wconf 80' lang='lat' dir='ltr'><strong>historiam</strong></span> <span class='ocrx_word' id='word_1_462' title='bbox 3939 3105 4024 3160; x_wconf 89' lang='lat' dir='ltr'><strong>hic</strong></span> 
     </span>
    </p>
   </div>
   <div class='ocr_carea' id='block_1_63' title="bbox 2422 3172 4024 3239">
    <p class='ocr_par' dir='ltr' id='par_1_63' title="bbox 2422 3172 4024 3239">
     <span class='ocr_line' id='line_1_65' title="bbox 2422 3172 4024 3239; baseline 0.004 -15"><span class='ocrx_word' id='word_1_463' title='bbox 2422 3173 2660 3227; x_wconf 90' lang='lat' dir='ltr'><strong>edituros</strong></span> <span class='ocrx_word' id='word_1_464' title='bbox 2690 3173 2757 3226; x_wconf 92' lang='lat' dir='ltr'><strong>de</strong></span> <span class='ocrx_word' id='word_1_465' title='bbox 2798 3173 2983 3239; x_wconf 86' lang='lat' dir='ltr'><strong>Apelle</strong></span> <span class='ocrx_word' id='word_1_466' title='bbox 3029 3181 3081 3225; x_wconf 89' lang='lat' dir='ltr'><strong>et</strong></span> <span class='ocrx_word' id='word_1_467' title='bbox 3118 3172 3234 3239; x_wconf 89' lang='lat' dir='ltr'><strong>ejus</strong></span> <span class='ocrx_word' id='word_1_468' title='bbox 3279 3173 3572 3227; x_wconf 71' lang='lat' dir='ltr'><strong>Itmresibtts</strong></span> <span class='ocrx_word' id='word_1_469' title='bbox 3599 3215 3612 3233; x_wconf 89' lang='lat'><strong>.</strong></span> <span class='ocrx_word' id='word_1_470' title='bbox 3659 3175 3924 3230; x_wconf 85' lang='lat' dir='ltr'><strong>faciemus</strong></span> <span class='ocrx_word' id='word_1_471' title='bbox 3974 3178 4024 3230; x_wconf 89' lang='lat' dir='ltr'><strong>id</strong></span> 
     </span>
    </p>
   </div>
   <div class='ocr_carea' id='block_1_64' title="bbox 2421 3242 4025 3314">
    <p class='ocr_par' dir='ltr' id='par_1_64' title="bbox 2421 3242 4025 3314">
     <span class='ocr_line' id='line_1_66' title="bbox 2421 3242 4025 3314; baseline 0.005 -20"><span class='ocrx_word' id='word_1_472' title='bbox 2421 3259 2579 3312; x_wconf 87' lang='lat' dir='ltr'><strong>quam</strong></span> <span class='ocrx_word' id='word_1_473' title='bbox 2622 3243 2953 3312; x_wconf 83' lang='lat' dir='ltr'><strong>paucissimis</strong></span> <span class='ocrx_word' id='word_1_474' title='bbox 2995 3242 3192 3295; x_wconf 90' lang='lat' dir='ltr'><strong>licebit.</strong></span> <span class='ocrx_word' id='word_1_475' title='bbox 3239 3243 3458 3314; x_wconf 11' lang='lat' dir='ltr'><strong>Apelles,</strong></span> <span class='ocrx_word' id='word_1_476' title='bbox 3495 3245 3672 3313; x_wconf 88' lang='lat' dir='ltr'><strong>itaque</strong></span> <span class='ocrx_word' id='word_1_477' title='bbox 3723 3247 4025 3314; x_wconf 83' lang='lat' dir='ltr'><strong>discipulus</strong></span> 
     </span>
    </p>
   </div>
   <div class='ocr_carea' id='block_1_65' title="bbox 726 3313 4021 3407">
    <p class='ocr_par' dir='ltr' id='par_1_65' title="bbox 726 3313 4021 3407">
     <span class='ocr_line' id='line_1_67' title="bbox 726 3313 4021 3407; baseline 0.002 -41"><span class='ocrx_word' id='word_1_478' title='bbox 726 3313 836 3394; x_wconf 85' lang='lat' dir='ltr'><strong>v_ult</strong></span> <span class='ocrx_word' id='word_1_479' title='bbox 863 3329 878 3368; x_wconf 73' lang='grc' dir='ltr'>ε</span> <span class='ocrx_word' id='word_1_480' title='bbox 907 3316 1292 3407; x_wconf 57' lang='grc' dir='ltr'><strong>Αηξςιιηιοηιιιηι</strong></span> <span class='ocrx_word' id='word_1_481' title='bbox 1333 3316 1456 3407; x_wconf 74' lang='lat' dir='ltr'><strong>libri</strong></span> <span class='ocrx_word' id='word_1_482' title='bbox 1477 3313 1735 3407; x_wconf 55' lang='lat' dir='ltr'><strong>adversus</strong></span> <span class='ocrx_word' id='word_1_483' title='bbox 1763 3317 2128 3407; x_wconf 66' lang='lat' dir='ltr'><strong>Apellctiaiios</strong></span> <span class='ocrx_word' id='word_1_484' title='bbox 2153 3319 2317 3384; x_wconf 87' lang='lat' dir='ltr'><strong>potis-</strong></span> <span class='ocrx_word' id='word_1_485' title='bbox 2344 3345 2387 3407; x_wconf 65' lang='grc' dir='ltr'>Ο</span> <span class='ocrx_word' id='word_1_486' title='bbox 2422 3314 2722 3407; x_wconf 53' lang='lat' dir='ltr'><strong>MJarci&#39;qnis,</strong></span> <span class='ocrx_word' id='word_1_487' title='bbox 2754 3314 2824 3366; x_wconf 92' lang='lat' dir='ltr'><strong>uti</strong></span> <span class='ocrx_word' id='word_1_488' title='bbox 2850 3314 3029 3407; x_wconf 44' lang='lat' dir='ltr'><strong>rveri-tis</strong></span> <span class='ocrx_word' id='word_1_489' title='bbox 3059 3324 3248 3407; x_wconf 54' lang='lat' dir='ltr'><strong>nugtor</strong></span> <span class='ocrx_word' id='word_1_490' title='bbox 3281 3324 3401 3407; x_wconf 67' lang='lat' dir='ltr'><strong>mar</strong></span> <span class='ocrx_word' id='word_1_491' title='bbox 3433 3313 3560 3395; x_wconf 78' lang='lat' dir='ltr'><strong>dicti</strong></span> <span class='ocrx_word' id='word_1_492' title='bbox 3593 3315 3698 3407; x_wconf 72' lang='lat' dir='ltr'><strong>rlib.</strong></span> <span class='ocrx_word' id='word_1_493' title='bbox 3723 3319 3789 3396; x_wconf 86' lang='lat' dir='ltr'><strong>_de</strong></span> <span class='ocrx_word' id='word_1_494' title='bbox 3821 3313 4021 3407; x_wconf 43' lang='lat' dir='ltr'><strong>I&#39;rar‘sc.</strong></span> 
     </span>
    </p>
   </div>
   <div class='ocr_carea' id='block_1_66' title="bbox 724 3384 2311 3456">
    <p class='ocr_par' dir='ltr' id='par_1_66' title="bbox 724 3384 2311 3456">
     <span class='ocr_line' id='line_1_68' title="bbox 724 3384 2311 3456; baseline 0.002 -19"><span class='ocrx_word' id='word_1_495' title='bbox 724 3384 919 3456; x_wconf 85' lang='lat' dir='ltr'><strong>simttm</strong></span> <span class='ocrx_word' id='word_1_496' title='bbox 973 3385 1134 3440; x_wconf 82' lang='lat' dir='ltr'><strong>fuisse</strong></span> <span class='ocrx_word' id='word_1_497' title='bbox 1165 3403 1178 3438; x_wconf 89' lang='lat'><strong>:</strong></span> <span class='ocrx_word' id='word_1_498' title='bbox 1209 3401 1276 3456; x_wconf 87' lang='lat' dir='ltr'><strong>an</strong></span> <span class='ocrx_word' id='word_1_499' title='bbox 1305 3386 1526 3456; x_wconf 83' lang='lat' dir='ltr'><strong>angelus</strong></span> <span class='ocrx_word' id='word_1_500' title='bbox 1547 3429 1561 3452; x_wconf 93' lang='lat'><strong>,</strong></span> <span class='ocrx_word' id='word_1_501' title='bbox 1607 3386 1701 3456; x_wconf 89' lang='lat' dir='ltr'><strong>ille</strong></span> <span class='ocrx_word' id='word_1_502' title='bbox 1725 3387 1908 3456; x_wconf 86' lang='lat' dir='ltr'><strong>igneus</strong></span> <span class='ocrx_word' id='word_1_503' title='bbox 1940 3386 2063 3440; x_wconf 90' lang='lat' dir='ltr'><strong>mali</strong></span> <span class='ocrx_word' id='word_1_504' title='bbox 2093 3402 2311 3454; x_wconf 79' lang='lat' dir='ltr'><strong>praeses,</strong></span> 
     </span>
    </p>
   </div>
   <div class='ocr_carea' id='block_1_67' title="bbox 727 3454 2315 3526">
    <p class='ocr_par' dir='ltr' id='par_1_67' title="bbox 727 3454 2315 3526">
     <span class='ocr_line' id='line_1_69' title="bbox 727 3454 2315 3526; baseline 0.003 -18"><span class='ocrx_word' id='word_1_505' title='bbox 727 3454 816 3526; x_wconf 89' lang='lat' dir='ltr'><strong>qui</strong></span> <span class='ocrx_word' id='word_1_506' title='bbox 846 3463 899 3510; x_wconf 94' lang='lat' dir='ltr'><strong>ct</strong></span> <span class='ocrx_word' id='word_1_507' title='bbox 929 3456 1181 3512; x_wconf 91' lang='lat' dir='ltr'><strong>mundum</strong></span> <span class='ocrx_word' id='word_1_508' title='bbox 1211 3455 1353 3512; x_wconf 91' lang='lat' dir='ltr'><strong>hunc</strong></span> <span class='ocrx_word' id='word_1_509' title='bbox 1378 3454 1545 3526; x_wconf 80' lang='lat' dir='ltr'><strong>(juxta</strong></span> <span class='ocrx_word' id='word_1_510' title='bbox 1573 3455 1714 3526; x_wconf 85' lang='lat' dir='ltr'><strong>illos)</strong></span> <span class='ocrx_word' id='word_1_511' title='bbox 1739 3454 2058 3522; x_wconf 83' lang='lat' dir='ltr'><strong>instituerat,</strong></span> <span class='ocrx_word' id='word_1_512' title='bbox 2091 3466 2143 3510; x_wconf 88' lang='lat' dir='ltr'><strong>et</strong></span> <span class='ocrx_word' id='word_1_513' title='bbox 2169 3458 2315 3512; x_wconf 90' lang='lat' dir='ltr'><strong>solli-</strong></span> 
     </span>
    </p>
   </div>
   <div class='ocr_carea' id='block_1_68' title="bbox 727 3525 2311 3598">
    <p class='ocr_par' dir='ltr' id='par_1_68' title="bbox 727 3525 2311 3598">
     <span class='ocr_line' id='line_1_70' title="bbox 727 3525 2311 3598; baseline 0.004 -19"><span class='ocrx_word' id='word_1_514' title='bbox 727 3525 903 3598; x_wconf 86' lang='lat' dir='ltr'><strong>citatis</strong></span> <span class='ocrx_word' id='word_1_515' title='bbox 931 3525 1212 3583; x_wconf 87' lang='lat' dir='ltr'><strong>animabus</strong></span> <span class='ocrx_word' id='word_1_516' title='bbox 1237 3525 1453 3583; x_wconf 77' lang='lat' dir='ltr'><strong>Carnem</strong></span> <span class='ocrx_word' id='word_1_517' title='bbox 1479 3525 1839 3590; x_wconf 85' lang='lat' dir='ltr'><strong>adstruxerat.</strong></span> <span class='ocrx_word' id='word_1_518' title='bbox 1869 3527 1934 3582; x_wconf 91' lang='lat' dir='ltr'><strong>ad</strong></span> <span class='ocrx_word' id='word_1_519' title='bbox 1962 3528 2101 3598; x_wconf 86' lang='lat' dir='ltr'><strong>quod</strong></span> <span class='ocrx_word' id='word_1_520' title='bbox 2137 3537 2311 3585; x_wconf 88' lang='lat' dir='ltr'><strong>tamen</strong></span> 
     </span>
    </p>
   </div>
   <div class='ocr_carea' id='block_1_69' title="bbox 725 3597 2309 3678">
    <p class='ocr_par' dir='ltr' id='par_1_69' title="bbox 725 3597 2309 3678">
     <span class='ocr_line' id='line_1_71' title="bbox 725 3597 2309 3678; baseline 0.003 -29"><span class='ocrx_word' id='word_1_521' title='bbox 725 3597 970 3678; x_wconf 75' lang='lat' dir='ltr'><strong>spiritum</strong></span> <span class='ocrx_word' id='word_1_522' title='bbox 998 3607 1060 3678; x_wconf 85' lang='lat' dir='ltr'><strong>e_t_</strong></span> <span class='ocrx_word' id='word_1_523' title='bbox 1077 3600 1407 3678; x_wconf 81' lang='lat' dir='ltr'><strong>voluntatem</strong></span> <span class='ocrx_word' id='word_1_524' title='bbox 1433 3601 1764 3678; x_wconf 50' lang='lat' dir='ltr'><strong>et_vir:tutet_n</strong></span> <span class='ocrx_word' id='word_1_525' title='bbox 1803 3597 2000 3678; x_wconf 74' lang='lat' dir='ltr'><strong>Christi</strong></span> <span class='ocrx_word' id='word_1_526' title='bbox 2031 3599 2309 3678; x_wconf 77' lang='lat' dir='ltr'><strong>habuerit;</strong></span> 
     </span>
    </p>
   </div>
   <div class='ocr_carea' id='block_1_70' title="bbox 724 3667 2313 3740">
    <p class='ocr_par' dir='ltr' id='par_1_70' title="bbox 724 3667 2313 3740">
     <span class='ocr_line' id='line_1_72' title="bbox 724 3667 2313 3740; baseline 0.005 -20"><span class='ocrx_word' id='word_1_527' title='bbox 724 3667 955 3740; x_wconf 10' lang='lat' dir='ltr'><strong>dignum;</strong></span> <span class='ocrx_word' id='word_1_528' title='bbox 993 3669 1190 3739; x_wconf 89' lang='lat' dir='ltr'><strong>aliquid</strong></span> <span class='ocrx_word' id='word_1_529' title='bbox 1237 3670 1551 3739; x_wconf 87' lang='lat' dir='ltr'><strong>poenitentia</strong></span> <span class='ocrx_word' id='word_1_530' title='bbox 1583 3669 1782 3740; x_wconf 83' lang='lat' dir='ltr'><strong>fecerit.</strong></span> <span class='ocrx_word' id='word_1_531' title='bbox 1837 3669 2030 3738; x_wconf 87' lang='lat' dir='ltr'><strong>Utpute</strong></span> <span class='ocrx_word' id='word_1_532' title='bbox 2056 3671 2145 3740; x_wconf 92' lang='lat' dir='ltr'><strong>qui</strong></span> <span class='ocrx_word' id='word_1_533' title='bbox 2169 3671 2313 3728; x_wconf 88' lang='lat' dir='ltr'><strong>dice-</strong></span> 
     </span>
    </p>
   </div>
   <div class='ocr_carea' id='block_1_71' title="bbox 724 3738 2307 3812">
    <p class='ocr_par' dir='ltr' id='par_1_71' title="bbox 724 3738 2307 3812">
     <span class='ocr_line' id='line_1_73' title="bbox 724 3738 2307 3812; baseline 0.001 -20"><span class='ocrx_word' id='word_1_534' title='bbox 724 3747 845 3792; x_wconf 89' lang='lat' dir='ltr'><strong>rcnt</strong></span> <span class='ocrx_word' id='word_1_535' title='bbox 873 3738 1092 3812; x_wconf 19' lang='lat' dir='ltr'><strong>,isicnii’</strong></span> <span class='ocrx_word' id='word_1_536' title='bbox 1119 3738 1309 3812; x_wconf 78' lang='lat' dir='ltr'><strong>legitur</strong></span> <span class='ocrx_word' id='word_1_537' title='bbox 1332 3781 1349 3806; x_wconf 96' lang='lat'><strong>,</strong></span> <span class='ocrx_word' id='word_1_538' title='bbox 1379 3741 1470 3812; x_wconf 86' lang='lat' dir='ltr'><strong>lib.</strong></span> <span class='ocrx_word' id='word_1_539' title='bbox 1499 3742 1561 3794; x_wconf 83' lang='lat' dir='ltr'><strong>de</strong></span> <span class='ocrx_word' id='word_1_540' title='bbox 1602 3739 1905 3812; x_wconf 68' lang='lat' dir='ltr'><strong>Pratscript.</strong></span> <span class='ocrx_word' id='word_1_541' title='bbox 1946 3738 2088 3794; x_wconf 54' lang='lat' dir='ltr'><strong>advf</strong></span> <span class='ocrx_word' id='word_1_542' title='bbox 2109 3742 2307 3807; x_wconf 69' lang='lat' dir='ltr'><strong>hazret.,</strong></span> 
     </span>
    </p>
   </div>
   <div class='ocr_carea' id='block_1_72' title="bbox 725 3809 2312 3880">
    <p class='ocr_par' dir='ltr' id='par_1_72' title="bbox 725 3809 2312 3880">
     <span class='ocr_line' id='line_1_74' title="bbox 725 3809 2312 3880; baseline 0.003 -18"><span class='ocrx_word' id='word_1_543' title='bbox 725 3822 847 3880; x_wconf 84' lang='lat' dir='ltr'><strong>cap.</strong></span> <span class='ocrx_word' id='word_1_544' title='bbox 874 3809 965 3874; x_wconf 85' lang='grc'><strong>51,</strong></span> <span class='ocrx_word' id='word_1_545' title='bbox 1001 3809 1202 3867; x_wconf 77' lang='lat' dir='ltr'><strong>lluzres.</strong></span> <span class='ocrx_word' id='word_1_546' title='bbox 1237 3810 1303 3866; x_wconf 80' lang='grc'><strong>19</strong></span> <span class='ocrx_word' id='word_1_547' title='bbox 1347 3809 1538 3866; x_wconf 89' lang='lat' dir='ltr'><strong>:lllum</strong></span> <span class='ocrx_word' id='word_1_548' title='bbox 1588 3812 1785 3866; x_wconf 84' lang='lat' dir='ltr'><strong>mundo</strong></span> <span class='ocrx_word' id='word_1_549' title='bbox 1828 3809 2068 3865; x_wconf 87' lang='lat' dir='ltr'><strong>inferiori</strong></span> <span class='ocrx_word' id='word_1_550' title='bbox 2114 3813 2312 3880; x_wconf 85' lang='lat' dir='ltr'><strong>permi-</strong></span> 
     </span>
    </p>
   </div>
   <div class='ocr_carea' id='block_1_73' title="bbox 724 3879 2310 3952">
    <p class='ocr_par' dir='ltr' id='par_1_73' title="bbox 724 3879 2310 3952">
     <span class='ocr_line' id='line_1_75' title="bbox 724 3879 2310 3952; baseline 0.003 -19"><span class='ocrx_word' id='word_1_551' title='bbox 724 3879 929 3952; x_wconf 71' lang='lat' dir='ltr'><strong>scuisse</strong></span> <span class='ocrx_word' id='word_1_552' title='bbox 959 3882 1369 3951; x_wconf 63' lang='lat' dir='ltr'><strong>paenitentiam,</strong></span> <span class='ocrx_word' id='word_1_553' title='bbox 1400 3883 1522 3952; x_wconf 89' lang='lat' dir='ltr'><strong>quia</strong></span> <span class='ocrx_word' id='word_1_554' title='bbox 1570 3899 1673 3936; x_wconf 89' lang='lat' dir='ltr'><strong>non</strong></span> <span class='ocrx_word' id='word_1_555' title='bbox 1726 3883 1872 3936; x_wconf 91' lang='lat' dir='ltr'><strong>illum</strong></span> <span class='ocrx_word' id='word_1_556' title='bbox 1924 3892 2028 3935; x_wconf 89' lang='lat' dir='ltr'><strong>tam</strong></span> <span class='ocrx_word' id='word_1_557' title='bbox 2074 3879 2310 3952; x_wconf 88' lang='lat' dir='ltr'><strong>perfecte</strong></span> 
     </span>
    </p>
   </div>
   <div class='ocr_carea' id='block_1_74' title="bbox 723 3947 2305 4024">
    <p class='ocr_par' dir='ltr' id='par_1_74' title="bbox 723 3947 2305 4024">
     <span class='ocr_line' id='line_1_76' title="bbox 723 3947 2305 4024; baseline 0.003 -19"><span class='ocrx_word' id='word_1_558' title='bbox 723 3947 976 4024; x_wconf 66' lang='lat' dir='ltr'><strong>fecisset,</strong></span> <span class='ocrx_word' id='word_1_559' title='bbox 1012 3967 1168 4021; x_wconf 87' lang='lat' dir='ltr'><strong>quam</strong></span> <span class='ocrx_word' id='word_1_560' title='bbox 1200 3947 1448 4024; x_wconf 78' lang='lat' dir='ltr'><strong>superior</strong></span> <span class='ocrx_word' id='word_1_561' title='bbox 1493 3953 1728 4024; x_wconf 88' lang='lat' dir='ltr'><strong>mundus</strong></span> <span class='ocrx_word' id='word_1_562' title='bbox 1778 3953 2052 4024; x_wconf 88' lang='lat' dir='ltr'><strong>institutus</strong></span> <span class='ocrx_word' id='word_1_563' title='bbox 2076 3947 2305 4009; x_wconf 61' lang='lat' dir='ltr'><strong>&#39;fuisset.</strong></span> 
     </span>
    </p>
   </div>
   <div class='ocr_carea' id='block_1_75' title="bbox 724 4019 2305 4092">
    <p class='ocr_par' dir='ltr' id='par_1_75' title="bbox 724 4019 2305 4092">
     <span class='ocr_line' id='line_1_77' title="bbox 724 4019 2305 4092; baseline 0.002 -17"><span class='ocrx_word' id='word_1_564' title='bbox 724 4019 876 4092; x_wconf 82' lang='lat' dir='ltr'><strong>Quod</strong></span> <span class='ocrx_word' id='word_1_565' title='bbox 907 4019 1080 4092; x_wconf 81' lang='lat' dir='ltr'><strong>ipsum</strong></span> <span class='ocrx_word' id='word_1_566' title='bbox 1132 4019 1341 4079; x_wconf 85' lang='lat' dir='ltr'><strong>interim</strong></span> <span class='ocrx_word' id='word_1_567' title='bbox 1391 4023 1610 4092; x_wconf 90' lang='lat' dir='ltr'><strong>pulchre</strong></span> <span class='ocrx_word' id='word_1_568' title='bbox 1649 4032 1834 4078; x_wconf 87' lang='lat' dir='ltr'><strong>contra</strong></span> <span class='ocrx_word' id='word_1_569' title='bbox 1868 4023 1986 4078; x_wconf 92' lang='lat' dir='ltr'><strong>illos</strong></span> <span class='ocrx_word' id='word_1_570' title='bbox 2013 4033 2305 4092; x_wconf 88' lang='lat' dir='ltr'><strong>retorquet,</strong></span> 
     </span>
    </p>
   </div>
   <div class='ocr_carea' id='block_1_76' title="bbox 721 4090 2305 4163">
    <p class='ocr_par' dir='ltr' id='par_1_76' title="bbox 721 4090 2305 4163">
     <span class='ocr_line' id='line_1_78' title="bbox 721 4090 2305 4163; baseline 0.001 -18"><span class='ocrx_word' id='word_1_571' title='bbox 721 4090 833 4163; x_wconf 76' lang='lat' dir='ltr'><strong>illic</strong></span> <span class='ocrx_word' id='word_1_572' title='bbox 881 4090 970 4146; x_wconf 87' lang='lat' dir='ltr'><strong>ubi</strong></span> <span class='ocrx_word' id='word_1_573' title='bbox 1027 4093 1260 4161; x_wconf 86' lang='lat' dir='ltr'><strong>loquitur</strong></span> <span class='ocrx_word' id='word_1_574' title='bbox 1310 4112 1323 4147; x_wconf 90' lang='lat'><strong>:</strong></span> <span class='ocrx_word' id='word_1_575' title='bbox 1376 4090 1443 4148; x_wconf 89' lang='lat' dir='ltr'><strong>de</strong></span> <span class='ocrx_word' id='word_1_576' title='bbox 1484 4108 1577 4148; x_wconf 89' lang='lat' dir='ltr'><strong>sua</strong></span> <span class='ocrx_word' id='word_1_577' title='bbox 1631 4103 1877 4163; x_wconf 77' lang='lat' dir='ltr'><strong>paratura</strong></span> <span class='ocrx_word' id='word_1_578' title='bbox 1920 4090 2305 4163; x_wconf 79' lang='lat' dir='ltr'><strong>repereutiens.</strong></span> 
     </span>
    </p>
   </div>
   <div class='ocr_carea' id='block_1_77' title="bbox 723 4159 2308 4236">
    <p class='ocr_par' dir='ltr' id='par_1_77' title="bbox 723 4159 2308 4236">
     <span class='ocr_line' id='line_1_79' title="bbox 723 4159 2308 4236; baseline 0.004 -22"><span class='ocrx_word' id='word_1_579' title='bbox 723 4159 920 4236; x_wconf 76' lang='lat' dir='ltr'><strong>Verum</strong></span> <span class='ocrx_word' id='word_1_580' title='bbox 950 4159 1450 4236; x_wconf 17' lang='lat' dir='ltr'><strong>quodvocatihunc</strong></span> <span class='ocrx_word' id='word_1_581' title='bbox 1477 4159 1721 4236; x_wconf 79' lang='lat' dir='ltr'><strong>angelum</strong></span> <span class='ocrx_word' id='word_1_582' title='bbox 1752 4165 1872 4218; x_wconf 89' lang='lat' dir='ltr'><strong>mali</strong></span> <span class='ocrx_word' id='word_1_583' title='bbox 1905 4159 2203 4234; x_wconf 62' lang='lat' dir='ltr'><strong>praesidem,</strong></span> <span class='ocrx_word' id='word_1_584' title='bbox 2231 4166 2308 4221; x_wconf 90' lang='lat' dir='ltr'><strong>sic</strong></span> 
     </span>
    </p>
   </div>
   <div class='ocr_carea' id='block_1_78' title="bbox 721 4233 2302 4306">
    <p class='ocr_par' dir='ltr' id='par_1_78' title="bbox 721 4233 2302 4306">
     <span class='ocr_line' id='line_1_80' title="bbox 721 4233 2302 4306; baseline 0.004 -20"><span class='ocrx_word' id='word_1_585' title='bbox 721 4233 948 4306; x_wconf 81' lang='lat' dir='ltr'><strong>explicat</strong></span> <span class='ocrx_word' id='word_1_586' title='bbox 995 4235 1212 4306; x_wconf 90' lang='lat' dir='ltr'><strong>Epiph.,</strong></span> <span class='ocrx_word' id='word_1_587' title='bbox 1265 4235 1407 4291; x_wconf 64' lang='lat' dir='ltr'><strong>Hier.</strong></span> <span class='ocrx_word' id='word_1_588' title='bbox 1461 4233 1569 4302; x_wconf 67' lang='lat'><strong>44,</strong></span> <span class='ocrx_word' id='word_1_589' title='bbox 1624 4252 1690 4291; x_wconf 84' lang='lat' dir='ltr'><strong>ex</strong></span> <span class='ocrx_word' id='word_1_590' title='bbox 1741 4233 2003 4290; x_wconf 85' lang='lat' dir='ltr'><strong>sententia</strong></span> <span class='ocrx_word' id='word_1_591' title='bbox 2058 4237 2302 4306; x_wconf 87' lang='lat' dir='ltr'><strong>Apellis:</strong></span> 
     </span>
    </p>
   </div>
   <div class='ocr_carea' id='block_1_79' title="bbox 727 4303 2306 4377">
    <p class='ocr_par' dir='ltr' id='par_1_79' title="bbox 727 4303 2306 4377">
     <span class='ocr_line' id='line_1_81' title="bbox 727 4303 2306 4377; baseline 0.003 -20"><span class='ocrx_word' id='word_1_592' title='bbox 727 4303 964 4360; x_wconf 79' lang='lat' dir='ltr'><strong>«Evasit</strong></span> <span class='ocrx_word' id='word_1_593' title='bbox 1005 4303 1183 4377; x_wconf 80' lang='lat' dir='ltr'><strong>autem</strong></span> <span class='ocrx_word' id='word_1_594' title='bbox 1234 4322 1338 4362; x_wconf 92' lang='lat' dir='ltr'><strong>non</strong></span> <span class='ocrx_word' id='word_1_595' title='bbox 1371 4307 1579 4372; x_wconf 87' lang='lat' dir='ltr'><strong>bonus,</strong></span> <span class='ocrx_word' id='word_1_596' title='bbox 1625 4314 1681 4367; x_wconf 80' lang='lat' dir='ltr'><strong>et</strong></span> <span class='ocrx_word' id='word_1_597' title='bbox 1717 4322 1836 4375; x_wconf 76' lang='lat' dir='ltr'><strong>qua:</strong></span> <span class='ocrx_word' id='word_1_598' title='bbox 1888 4307 1955 4362; x_wconf 91' lang='lat' dir='ltr'><strong>ab</strong></span> <span class='ocrx_word' id='word_1_599' title='bbox 2003 4303 2122 4377; x_wconf 79' lang='lat' dir='ltr'><strong>ipso</strong></span> <span class='ocrx_word' id='word_1_600' title='bbox 2168 4305 2306 4362; x_wconf 90' lang='lat' dir='ltr'><strong>facto</strong></span> 
     </span>
    </p>
   </div>
   <div class='ocr_carea' id='block_1_80' title="bbox 719 4376 2307 4447">
    <p class='ocr_par' dir='ltr' id='par_1_80' title="bbox 719 4376 2307 4447">
     <span class='ocr_line' id='line_1_82' title="bbox 719 4376 2307 4447; baseline 0.003 -19"><span class='ocrx_word' id='word_1_601' title='bbox 719 4383 864 4440; x_wconf 90' lang='lat' dir='ltr'><strong>sunt,</strong></span> <span class='ocrx_word' id='word_1_602' title='bbox 890 4392 996 4431; x_wconf 90' lang='lat' dir='ltr'><strong>non</strong></span> <span class='ocrx_word' id='word_1_603' title='bbox 1018 4376 1151 4433; x_wconf 88' lang='lat' dir='ltr'><strong>bene</strong></span> <span class='ocrx_word' id='word_1_604' title='bbox 1174 4378 1312 4434; x_wconf 84' lang='lat' dir='ltr'><strong>facta</strong></span> <span class='ocrx_word' id='word_1_605' title='bbox 1329 4387 1470 4442; x_wconf 88' lang='lat' dir='ltr'><strong>sunt,</strong></span> <span class='ocrx_word' id='word_1_606' title='bbox 1491 4377 1585 4434; x_wconf 90' lang='lat' dir='ltr'><strong>sed</strong></span> <span class='ocrx_word' id='word_1_607' title='bbox 1609 4379 1900 4434; x_wconf 89' lang='lat' dir='ltr'><strong>secundum</strong></span> <span class='ocrx_word' id='word_1_608' title='bbox 1927 4376 2116 4433; x_wconf 89' lang='lat' dir='ltr'><strong>malam</strong></span> <span class='ocrx_word' id='word_1_609' title='bbox 2143 4377 2307 4447; x_wconf 90' lang='lat' dir='ltr'><strong>ipsius</strong></span> 
     </span>
    </p>
   </div>
   <div class='ocr_carea' id='block_1_81' title="bbox 720 4447 2302 4518">
    <p class='ocr_par' dir='ltr' id='par_1_81' title="bbox 720 4447 2302 4518">
     <span class='ocr_line' id='line_1_83' title="bbox 720 4447 2302 4518; baseline 0.004 -21"><span class='ocrx_word' id='word_1_610' title='bbox 720 4455 955 4518; x_wconf 85' lang='lat' dir='ltr'><strong>mentem</strong></span> <span class='ocrx_word' id='word_1_611' title='bbox 995 4447 1062 4501; x_wconf 89' lang='lat' dir='ltr'><strong>ab</strong></span> <span class='ocrx_word' id='word_1_612' title='bbox 1091 4450 1207 4518; x_wconf 89' lang='lat' dir='ltr'><strong>ipso</strong></span> <span class='ocrx_word' id='word_1_613' title='bbox 1243 4460 1420 4506; x_wconf 89' lang='lat' dir='ltr'><strong>creata</strong></span> <span class='ocrx_word' id='word_1_614' title='bbox 1449 4459 1590 4503; x_wconf 90' lang='lat' dir='ltr'><strong>sunt.</strong></span> <span class='ocrx_word' id='word_1_615' title='bbox 1624 4469 1642 4500; x_wconf 74' lang='grc' dir='ltr'><strong>ι</strong></span> <span class='ocrx_word' id='word_1_616' title='bbox 1687 4450 1762 4505; x_wconf 88' lang='lat' dir='ltr'><strong>De</strong></span> <span class='ocrx_word' id='word_1_617' title='bbox 1788 4449 2088 4504; x_wconf 90' lang='lat' dir='ltr'><strong>sollicitatis</strong></span> <span class='ocrx_word' id='word_1_618' title='bbox 2126 4459 2302 4504; x_wconf 87' lang='lat' dir='ltr'><strong>autent</strong></span> 
     </span>
    </p>
   </div>
   <div class='ocr_carea' id='block_1_82' title="bbox 717 4515 2298 4590">
    <p class='ocr_par' dir='ltr' id='par_1_82' title="bbox 717 4515 2298 4590">
     <span class='ocr_line' id='line_1_84' title="bbox 717 4515 2298 4590; baseline 0.003 -20"><span class='ocrx_word' id='word_1_619' title='bbox 717 4515 999 4590; x_wconf 80' lang='lat' dir='ltr'><strong>animabus</strong></span> <span class='ocrx_word' id='word_1_620' title='bbox 1042 4515 1126 4574; x_wconf 57' lang='lat' dir='ltr'><strong>ab&#39;</strong></span> <span class='ocrx_word' id='word_1_621' title='bbox 1154 4520 1309 4589; x_wconf 87' lang='lat' dir='ltr'><strong>igneo</strong></span> <span class='ocrx_word' id='word_1_622' title='bbox 1336 4521 1426 4575; x_wconf 93' lang='lat' dir='ltr'><strong>illo</strong></span> <span class='ocrx_word' id='word_1_623' title='bbox 1475 4519 1577 4574; x_wconf 88' lang='lat' dir='ltr'><strong>deo</strong></span> <span class='ocrx_word' id='word_1_624' title='bbox 1627 4519 1818 4590; x_wconf 89' lang='lat' dir='ltr'><strong>angelo</strong></span> <span class='ocrx_word' id='word_1_625' title='bbox 1860 4521 2007 4588; x_wconf 83' lang='lat' dir='ltr'><strong>juxta</strong></span> <span class='ocrx_word' id='word_1_626' title='bbox 2037 4519 2298 4587; x_wconf 83' lang='lat' dir='ltr'><strong>Apellem,</strong></span> 
     </span>
    </p>
   </div>
   <div class='ocr_carea' id='block_1_83' title="bbox 720 4587 2302 4659">
    <p class='ocr_par' dir='ltr' id='par_1_83' title="bbox 720 4587 2302 4659">
     <span class='ocr_line' id='line_1_85' title="bbox 720 4587 2302 4659; baseline 0.004 -21"><span class='ocrx_word' id='word_1_627' title='bbox 720 4587 841 4659; x_wconf 83' lang='lat' dir='ltr'><strong>vide</strong></span> <span class='ocrx_word' id='word_1_628' title='bbox 865 4604 1023 4659; x_wconf 88' lang='lat' dir='ltr'><strong>supra</strong></span> <span class='ocrx_word' id='word_1_629' title='bbox 1045 4630 1059 4652; x_wconf 91' lang='lat'><strong>,</strong></span> <span class='ocrx_word' id='word_1_630' title='bbox 1098 4587 1228 4645; x_wconf 80' lang='lat' dir='ltr'><strong>tom.</strong></span> <span class='ocrx_word' id='word_1_631' title='bbox 1259 4590 1328 4645; x_wconf 94' lang='lat' dir='ltr'><strong>lll</strong></span> <span class='ocrx_word' id='word_1_632' title='bbox 1348 4633 1360 4654; x_wconf 94' lang='lat'><strong>,</strong></span> <span class='ocrx_word' id='word_1_633' title='bbox 1396 4591 1488 4644; x_wconf 89' lang='lat' dir='ltr'><strong>lib.</strong></span> <span class='ocrx_word' id='word_1_634' title='bbox 1516 4590 1578 4643; x_wconf 86' lang='lat' dir='ltr'><strong>de</strong></span> <span class='ocrx_word' id='word_1_635' title='bbox 1607 4587 1807 4655; x_wconf 71' lang='lat' dir='ltr'><strong>Aniina,</strong></span> <span class='ocrx_word' id='word_1_636' title='bbox 1837 4587 1888 4645; x_wconf 88' lang='lat' dir='ltr'><strong>c.</strong></span> <span class='ocrx_word' id='word_1_637' title='bbox 1915 4591 1986 4646; x_wconf 70' lang='grc'><strong>25</strong></span> <span class='ocrx_word' id='word_1_638' title='bbox 2011 4601 2056 4645; x_wconf 90' lang='lat' dir='ltr'><strong>el</strong></span> <span class='ocrx_word' id='word_1_639' title='bbox 2092 4590 2182 4654; x_wconf 79' lang='lat'><strong>56,</strong></span> <span class='ocrx_word' id='word_1_640' title='bbox 2213 4591 2302 4645; x_wconf 87' lang='lat' dir='ltr'><strong>tthi</strong></span> 
     </span>
    </p>
   </div>
   <div class='ocr_carea' id='block_1_84' title="bbox 717 4657 2302 4732">
    <p class='ocr_par' dir='ltr' id='par_1_84' title="bbox 717 4657 2302 4732">
     <span class='ocr_line' id='line_1_86' title="bbox 717 4657 2302 4732; baseline 0.004 -22"><span class='ocrx_word' id='word_1_641' title='bbox 717 4657 864 4712; x_wconf 88' lang='lat' dir='ltr'><strong>addit</strong></span> <span class='ocrx_word' id='word_1_642' title='bbox 906 4657 973 4714; x_wconf 82' lang='lat' dir='ltr'><strong>ex</strong></span> <span class='ocrx_word' id='word_1_643' title='bbox 1011 4664 1354 4732; x_wconf 91' lang='lat' dir='ltr'><strong>consequenti</strong></span> <span class='ocrx_word' id='word_1_644' title='bbox 1403 4670 1587 4716; x_wconf 90' lang='lat' dir='ltr'><strong>auctor</strong></span> <span class='ocrx_word' id='word_1_645' title='bbox 1626 4662 1966 4717; x_wconf 90' lang='lat' dir='ltr'><strong>constituisse</strong></span> <span class='ocrx_word' id='word_1_646' title='bbox 2016 4677 2136 4716; x_wconf 91' lang='lat' dir='ltr'><strong>eum</strong></span> <span class='ocrx_word' id='word_1_647' title='bbox 2177 4672 2302 4716; x_wconf 91' lang='lat' dir='ltr'><strong>ante</strong></span> 
     </span>
    </p>
   </div>
   <div class='ocr_carea' id='block_1_85' title="bbox 716 4742 883 4800">
    <p class='ocr_par' dir='ltr' id='par_1_85' title="bbox 716 4742 883 4800">
     <span class='ocr_line' id='line_1_87' title="bbox 716 4742 883 4800; baseline 0 0"><span class='ocrx_word' id='word_1_648' title='bbox 716 4742 883 4800; x_wconf 65' lang='grc' dir='ltr'><strong>ροτρο</strong></span> 
     </span>
    </p>
   </div>
   <div class='ocr_carea' id='block_1_86' title="bbox 2421 3384 4024 3454">
    <p class='ocr_par' dir='ltr' id='par_1_86' title="bbox 2421 3384 4024 3454">
     <span class='ocr_line' id='line_1_88' title="bbox 2421 3384 4024 3454; baseline 0.002 -16"><span class='ocrx_word' id='word_1_649' title='bbox 2421 3386 2537 3438; x_wconf 85' lang='lat' dir='ltr'><strong>adv.</strong></span> <span class='ocrx_word' id='word_1_650' title='bbox 2571 3385 2736 3448; x_wconf 77' lang='lat' dir='ltr'><strong>llwr.,</strong></span> <span class='ocrx_word' id='word_1_651' title='bbox 2769 3399 2815 3438; x_wconf 89' lang='lat' dir='ltr'><strong>c.</strong></span> <span class='ocrx_word' id='word_1_652' title='bbox 2849 3384 2901 3448; x_wconf 74' lang='grc' dir='ltr'><strong>(ἱ,</strong></span> <span class='ocrx_word' id='word_1_653' title='bbox 2944 3384 3013 3438; x_wconf 84' lang='grc'><strong>50</strong></span> <span class='ocrx_word' id='word_1_654' title='bbox 3045 3399 3104 3436; x_wconf 90' lang='lat' dir='ltr'><strong>ac</strong></span> <span class='ocrx_word' id='word_1_655' title='bbox 3131 3384 3191 3437; x_wconf 84' lang='lat' dir='ltr'><strong>5I</strong></span> <span class='ocrx_word' id='word_1_656' title='bbox 3223 3426 3236 3448; x_wconf 86' lang='lat'><strong>,</strong></span> <span class='ocrx_word' id='word_1_657' title='bbox 3285 3386 3465 3454; x_wconf 86' lang='lat' dir='ltr'><strong>lapsus</strong></span> <span class='ocrx_word' id='word_1_658' title='bbox 3495 3387 3544 3439; x_wconf 90' lang='lat' dir='ltr'><strong>in</strong></span> <span class='ocrx_word' id='word_1_659' title='bbox 3591 3387 3891 3449; x_wconf 63' lang='lat' dir='ltr'><strong>heminam,</strong></span> <span class='ocrx_word' id='word_1_660' title='bbox 3927 3392 4024 3442; x_wconf 85' lang='lat' dir='ltr'><strong>de-</strong></span> 
     </span>
    </p>
   </div>
   <div class='ocr_carea' id='block_1_87' title="bbox 2419 3456 4021 3528">
    <p class='ocr_par' dir='ltr' id='par_1_87' title="bbox 2419 3456 4021 3528">
     <span class='ocr_line' id='line_1_89' title="bbox 2419 3456 4021 3528; baseline 0.002 -20"><span class='ocrx_word' id='word_1_661' title='bbox 2419 3468 2591 3528; x_wconf 86' lang='lat' dir='ltr'><strong>sertor</strong></span> <span class='ocrx_word' id='word_1_662' title='bbox 2614 3458 2959 3512; x_wconf 69' lang='lat' dir='ltr'><strong>continentia:</strong></span> <span class='ocrx_word' id='word_1_663' title='bbox 2987 3457 3374 3528; x_wconf 78' lang='lat' dir='ltr'><strong>mareiuneitsis</strong></span> <span class='ocrx_word' id='word_1_664' title='bbox 3394 3456 3573 3527; x_wconf 86' lang='lat' dir='ltr'><strong>(quam</strong></span> <span class='ocrx_word' id='word_1_665' title='bbox 3599 3458 3687 3512; x_wconf 90' lang='lat' dir='ltr'><strong>ille</strong></span> <span class='ocrx_word' id='word_1_666' title='bbox 3703 3458 4021 3528; x_wconf 78' lang='lat' dir='ltr'><strong>simulabat)</strong></span> 
     </span>
    </p>
   </div>
   <div class='ocr_carea' id='block_1_88' title="bbox 2417 3525 4020 3595">
    <p class='ocr_par' dir='ltr' id='par_1_88' title="bbox 2417 3525 4020 3595">
     <span class='ocr_line' id='line_1_90' title="bbox 2417 3525 4020 3595; baseline 0.003 -15"><span class='ocrx_word' id='word_1_667' title='bbox 2417 3527 2484 3580; x_wconf 84' lang='lat' dir='ltr'><strong>ab</strong></span> <span class='ocrx_word' id='word_1_668' title='bbox 2531 3528 2697 3583; x_wconf 90' lang='lat' dir='ltr'><strong>oculis</strong></span> <span class='ocrx_word' id='word_1_669' title='bbox 2753 3528 2990 3595; x_wconf 88' lang='lat' dir='ltr'><strong>magistri</strong></span> <span class='ocrx_word' id='word_1_670' title='bbox 3037 3525 3711 3583; x_wconf 28' lang='lat' dir='ltr'><strong>Alexandriatt‘t’secessit.</strong></span> <span class='ocrx_word' id='word_1_671' title='bbox 3782 3529 3918 3585; x_wconf 87' lang='lat' dir='ltr'><strong>Inde</strong></span> <span class='ocrx_word' id='word_1_672' title='bbox 3971 3525 4020 3585; x_wconf 83' lang='lat' dir='ltr'><strong>in</strong></span> 
     </span>
    </p>
   </div>
   <div class='ocr_carea' id='block_1_89' title="bbox 2414 3597 4024 3669">
    <p class='ocr_par' dir='ltr' id='par_1_89' title="bbox 2414 3597 4024 3669">
     <span class='ocr_line' id='line_1_91' title="bbox 2414 3597 4024 3669; baseline 0.002 -18"><span class='ocrx_word' id='word_1_673' title='bbox 2414 3599 2635 3653; x_wconf 74' lang='lat' dir='ltr'><strong>alterum</strong></span> <span class='ocrx_word' id='word_1_674' title='bbox 2695 3597 2966 3653; x_wconf 69' lang='lat' dir='ltr'><strong>heminam</strong></span> <span class='ocrx_word' id='word_1_675' title='bbox 3022 3599 3278 3666; x_wconf 86' lang='lat' dir='ltr'><strong>impegit,</strong></span> <span class='ocrx_word' id='word_1_676' title='bbox 3330 3597 3472 3651; x_wconf 83' lang='lat' dir='ltr'><strong>illaut</strong></span> <span class='ocrx_word' id='word_1_677' title='bbox 3523 3599 3779 3669; x_wconf 82' lang='lat' dir='ltr'><strong>virginem</strong></span> <span class='ocrx_word' id='word_1_678' title='bbox 3835 3601 4024 3654; x_wconf 85' lang='lat' dir='ltr'><strong>Philu-</strong></span> 
     </span>
    </p>
   </div>
   <div class='ocr_carea' id='block_1_90' title="bbox 2415 3669 4024 3739">
    <p class='ocr_par' dir='ltr' id='par_1_90' title="bbox 2415 3669 4024 3739">
     <span class='ocr_line' id='line_1_92' title="bbox 2415 3669 4024 3739; baseline 0.002 -16"><span class='ocrx_word' id='word_1_679' title='bbox 2415 3685 2630 3732; x_wconf 88' lang='lat' dir='ltr'><strong>meneu,</strong></span> <span class='ocrx_word' id='word_1_680' title='bbox 2657 3680 2986 3739; x_wconf 83' lang='lat' dir='ltr'><strong>posteavero</strong></span> <span class='ocrx_word' id='word_1_681' title='bbox 3011 3669 3244 3721; x_wconf 90' lang='lat' dir='ltr'><strong>immane</strong></span> <span class='ocrx_word' id='word_1_682' title='bbox 3267 3669 3608 3739; x_wconf 75' lang='lat' dir='ltr'><strong>prostibulum</strong></span> <span class='ocrx_word' id='word_1_683' title='bbox 3634 3687 3648 3733; x_wconf 86' lang='lat'><strong>;</strong></span> <span class='ocrx_word' id='word_1_684' title='bbox 3673 3671 3828 3739; x_wconf 89' lang='lat' dir='ltr'><strong>cujus</strong></span> <span class='ocrx_word' id='word_1_685' title='bbox 3850 3673 4024 3739; x_wconf 84' lang='lat' dir='ltr'><strong>signis</strong></span> 
     </span>
    </p>
   </div>
   <div class='ocr_carea' id='block_1_91' title="bbox 2414 3737 4024 3809">
    <p class='ocr_par' dir='ltr' id='par_1_91' title="bbox 2414 3737 4024 3809">
     <span class='ocr_line' id='line_1_93' title="bbox 2414 3737 4024 3809; baseline 0.004 -18"><span class='ocrx_word' id='word_1_686' title='bbox 2414 3750 2467 3809; x_wconf 87' lang='lat' dir='ltr'><strong>et</strong></span> <span class='ocrx_word' id='word_1_687' title='bbox 2490 3737 2743 3809; x_wconf 88' lang='lat' dir='ltr'><strong>prodigiis</strong></span> <span class='ocrx_word' id='word_1_688' title='bbox 2767 3738 3031 3802; x_wconf 89' lang='lat' dir='ltr'><strong>inductus,</strong></span> <span class='ocrx_word' id='word_1_689' title='bbox 3061 3739 3248 3792; x_wconf 90' lang='lat' dir='ltr'><strong>librum</strong></span> <span class='ocrx_word' id='word_1_690' title='bbox 3274 3737 3458 3802; x_wconf 90' lang='lat' dir='ltr'><strong>edidit,</strong></span> <span class='ocrx_word' id='word_1_691' title='bbox 3484 3755 3641 3808; x_wconf 90' lang='lat' dir='ltr'><strong>quem</strong></span> <span class='ocrx_word' id='word_1_692' title='bbox 3672 3737 4024 3797; x_wconf 72' lang='lat' dir='ltr'><strong>Phancroseis</strong></span> 
     </span>
    </p>
   </div>
   <div class='ocr_carea' id='block_1_92' title="bbox 2417 3808 4024 3880">
    <p class='ocr_par' dir='ltr' id='par_1_92' title="bbox 2417 3808 4024 3880">
     <span class='ocr_line' id='line_1_94' title="bbox 2417 3808 4024 3880; baseline 0.005 -19"><span class='ocrx_word' id='word_1_693' title='bbox 2417 3808 2743 3865; x_wconf 72' lang='lat' dir='ltr'><strong>Philumenas</strong></span> <span class='ocrx_word' id='word_1_694' title='bbox 2783 3810 3053 3878; x_wconf 85' lang='lat' dir='ltr'><strong>inscripsit</strong></span> <span class='ocrx_word' id='word_1_695' title='bbox 3077 3851 3089 3869; x_wconf 83' lang='lat'>.</span> <span class='ocrx_word' id='word_1_696' title='bbox 3127 3823 3282 3880; x_wconf 85' lang='lat' dir='ltr'><strong>quam</strong></span> <span class='ocrx_word' id='word_1_697' title='bbox 3309 3810 3460 3877; x_wconf 87' lang='lat' dir='ltr'><strong>qttasi</strong></span> <span class='ocrx_word' id='word_1_698' title='bbox 3489 3811 3887 3880; x_wconf 85' lang='lat' dir='ltr'><strong>prophetissam</strong></span> <span class='ocrx_word' id='word_1_699' title='bbox 3939 3829 4024 3869; x_wconf 82' lang='lat' dir='ltr'><strong>se-</strong></span> 
     </span>
    </p>
   </div>
   <div class='ocr_carea' id='block_1_93' title="bbox 2413 3879 4024 3950">
    <p class='ocr_par' dir='ltr' id='par_1_93' title="bbox 2413 3879 4024 3950">
     <span class='ocr_line' id='line_1_95' title="bbox 2413 3879 4024 3950; baseline 0.002 -15"><span class='ocrx_word' id='word_1_700' title='bbox 2413 3883 2696 3950; x_wconf 85' lang='lat' dir='ltr'><strong>quebatur.</strong></span> <span class='ocrx_word' id='word_1_701' title='bbox 2756 3880 2940 3949; x_wconf 87' lang='lat' dir='ltr'><strong>Neque</strong></span> <span class='ocrx_word' id='word_1_702' title='bbox 2986 3890 3116 3934; x_wconf 86' lang='lat' dir='ltr'><strong>vero</strong></span> <span class='ocrx_word' id='word_1_703' title='bbox 3177 3879 3421 3950; x_wconf 83' lang='lat' dir='ltr'><strong>desertor</strong></span> <span class='ocrx_word' id='word_1_704' title='bbox 3475 3879 3777 3946; x_wconf 78' lang='lat' dir='ltr'><strong>dumtaxat,</strong></span> <span class='ocrx_word' id='word_1_705' title='bbox 3825 3882 3929 3938; x_wconf 82' lang='lat' dir='ltr'><strong>sed</strong></span> <span class='ocrx_word' id='word_1_706' title='bbox 3971 3896 4024 3939; x_wconf 90' lang='lat' dir='ltr'><strong>et</strong></span> 
     </span>
    </p>
   </div>
   <div class='ocr_carea' id='block_1_94' title="bbox 2411 3949 4022 4021">
    <p class='ocr_par' dir='ltr' id='par_1_94' title="bbox 2411 3949 4022 4021">
     <span class='ocr_line' id='line_1_96' title="bbox 2411 3949 4022 4021; baseline 0.002 -15"><span class='ocrx_word' id='word_1_707' title='bbox 2411 3952 2726 4009; x_wconf 86' lang='lat' dir='ltr'><strong>emendator</strong></span> <span class='ocrx_word' id='word_1_708' title='bbox 2751 3951 3053 4015; x_wconf 77' lang='lat' dir='ltr'><strong>Marcionis,</strong></span> <span class='ocrx_word' id='word_1_709' title='bbox 3085 3965 3148 4004; x_wconf 90' lang='lat' dir='ltr'><strong>ac</strong></span> <span class='ocrx_word' id='word_1_710' title='bbox 3187 3949 3479 4021; x_wconf 70' lang='lat' dir='ltr'><strong>discipulus</strong></span> <span class='ocrx_word' id='word_1_711' title='bbox 3499 3966 3659 4017; x_wconf 89' lang='lat' dir='ltr'><strong>supra</strong></span> <span class='ocrx_word' id='word_1_712' title='bbox 3693 3956 4022 4021; x_wconf 79' lang='lat' dir='ltr'><strong>tnagiStrnm</strong></span> 
     </span>
    </p>
   </div>
   <div class='ocr_carea' id='block_1_95' title="bbox 2411 4019 4017 4093">
    <p class='ocr_par' dir='ltr' id='par_1_95' title="bbox 2411 4019 4017 4093">
     <span class='ocr_line' id='line_1_97' title="bbox 2411 4019 4017 4093; baseline 0.003 -19"><span class='ocrx_word' id='word_1_713' title='bbox 2411 4025 2707 4093; x_wconf 84' lang='lat' dir='ltr'><strong>appellatur</strong></span> <span class='ocrx_word' id='word_1_714' title='bbox 2737 4024 2804 4076; x_wconf 87' lang='lat' dir='ltr'><strong>ab</strong></span> <span class='ocrx_word' id='word_1_715' title='bbox 2846 4032 3086 4086; x_wconf 88' lang='lat' dir='ltr'><strong>auctore,</strong></span> <span class='ocrx_word' id='word_1_716' title='bbox 3119 4022 3212 4076; x_wconf 91' lang='lat' dir='ltr'><strong>lib.</strong></span> <span class='ocrx_word' id='word_1_717' title='bbox 3244 4019 3333 4083; x_wconf 78' lang='lat' dir='ltr'><strong>IV,</strong></span> <span class='ocrx_word' id='word_1_718' title='bbox 3377 4023 3493 4093; x_wconf 84' lang='lat' dir='ltr'><strong>adv.</strong></span> <span class='ocrx_word' id='word_1_719' title='bbox 3543 4022 3710 4076; x_wconf 73' lang='lat' dir='ltr'><strong>Marc.</strong></span> <span class='ocrx_word' id='word_1_720' title='bbox 3741 4066 3755 4087; x_wconf 92' lang='lat'><strong>,</strong></span> <span class='ocrx_word' id='word_1_721' title='bbox 3787 4019 3837 4077; x_wconf 68' lang='grc' dir='ltr'><strong>ἑ.</strong></span> <span class='ocrx_word' id='word_1_722' title='bbox 3882 4027 3950 4078; x_wconf 82' lang='grc'><strong>17</strong></span> <span class='ocrx_word' id='word_1_723' title='bbox 4003 4045 4017 4079; x_wconf 90' lang='lat'><strong>:</strong></span> 
     </span>
    </p>
   </div>
   <div class='ocr_carea' id='block_1_96' title="bbox 2414 4091 4021 4164">
    <p class='ocr_par' dir='ltr' id='par_1_96' title="bbox 2414 4091 4021 4164">
     <span class='ocr_line' id='line_1_98' title="bbox 2414 4091 4021 4164; baseline 0.002 -17"><span class='ocrx_word' id='word_1_724' title='bbox 2414 4091 2586 4164; x_wconf 83' lang='lat' dir='ltr'><strong>neque</strong></span> <span class='ocrx_word' id='word_1_725' title='bbox 2629 4108 2758 4149; x_wconf 88' lang='lat' dir='ltr'><strong>vero</strong></span> <span class='ocrx_word' id='word_1_726' title='bbox 2798 4095 2850 4147; x_wconf 93' lang='lat' dir='ltr'><strong>in</strong></span> <span class='ocrx_word' id='word_1_727' title='bbox 2900 4093 3003 4146; x_wconf 90' lang='lat' dir='ltr'><strong>hoc</strong></span> <span class='ocrx_word' id='word_1_728' title='bbox 3048 4093 3218 4164; x_wconf 80' lang='lat' dir='ltr'><strong>solum</strong></span> <span class='ocrx_word' id='word_1_729' title='bbox 3266 4091 3434 4159; x_wconf 87' lang='lat' dir='ltr'><strong>quod,</strong></span> <span class='ocrx_word' id='word_1_730' title='bbox 3484 4096 3558 4146; x_wconf 90' lang='lat' dir='ltr'><strong>uti</strong></span> <span class='ocrx_word' id='word_1_731' title='bbox 3602 4093 3707 4148; x_wconf 91' lang='lat' dir='ltr'><strong>illic</strong></span> <span class='ocrx_word' id='word_1_732' title='bbox 3754 4093 4021 4161; x_wconf 78' lang='lat' dir='ltr'><strong>diximus,</strong></span> 
     </span>
    </p>
   </div>
   <div class='ocr_carea' id='block_1_97' title="bbox 2412 4161 4018 4232">
    <p class='ocr_par' dir='ltr' id='par_1_97' title="bbox 2412 4161 4018 4232">
     <span class='ocr_line' id='line_1_99' title="bbox 2412 4161 4018 4232; baseline 0.002 -15"><span class='ocrx_word' id='word_1_733' title='bbox 2412 4161 2575 4218; x_wconf 82' lang='lat' dir='ltr'><strong>unum</strong></span> <span class='ocrx_word' id='word_1_734' title='bbox 2627 4165 2789 4219; x_wconf 89' lang='lat' dir='ltr'><strong>Deum</strong></span> <span class='ocrx_word' id='word_1_735' title='bbox 2822 4165 3154 4232; x_wconf 90' lang='lat' dir='ltr'><strong>superiorem</strong></span> <span class='ocrx_word' id='word_1_736' title='bbox 3195 4161 3393 4217; x_wconf 87' lang='lat' dir='ltr'><strong>faceret</strong></span> <span class='ocrx_word' id='word_1_737' title='bbox 3416 4204 3430 4227; x_wconf 88' lang='lat'><strong>,</strong></span> <span class='ocrx_word' id='word_1_738' title='bbox 3462 4164 3689 4218; x_wconf 91' lang='lat' dir='ltr'><strong>alterum</strong></span> <span class='ocrx_word' id='word_1_739' title='bbox 3720 4164 4018 4221; x_wconf 87' lang='lat' dir='ltr'><strong>Dominum</strong></span> 
     </span>
    </p>
   </div>
   <div class='ocr_carea' id='block_1_98' title="bbox 2409 4232 4016 4304">
    <p class='ocr_par' dir='ltr' id='par_1_98' title="bbox 2409 4232 4016 4304">
     <span class='ocr_line' id='line_1_100' title="bbox 2409 4232 4016 4304; baseline 0.002 -15"><span class='ocrx_word' id='word_1_740' title='bbox 2409 4236 2569 4300; x_wconf 88' lang='lat' dir='ltr'><strong>dicat,</strong></span> <span class='ocrx_word' id='word_1_741' title='bbox 2602 4236 2696 4291; x_wconf 90' lang='lat' dir='ltr'><strong>sed</strong></span> <span class='ocrx_word' id='word_1_742' title='bbox 2724 4235 2966 4302; x_wconf 78' lang='lat' dir='ltr'><strong>angelum</strong></span> <span class='ocrx_word' id='word_1_743' title='bbox 2996 4232 3185 4304; x_wconf 88' lang='lat' dir='ltr'><strong>faciat,</strong></span> <span class='ocrx_word' id='word_1_744' title='bbox 3213 4248 3400 4288; x_wconf 88' lang='lat' dir='ltr'><strong>verum</strong></span> <span class='ocrx_word' id='word_1_745' title='bbox 3430 4246 3483 4288; x_wconf 87' lang='lat' dir='ltr'><strong>et</strong></span> <span class='ocrx_word' id='word_1_746' title='bbox 3510 4236 3561 4288; x_wconf 91' lang='lat' dir='ltr'><strong>in</strong></span> <span class='ocrx_word' id='word_1_747' title='bbox 3590 4237 3816 4301; x_wconf 85' lang='lat' dir='ltr'><strong>reliquis</strong></span> <span class='ocrx_word' id='word_1_748' title='bbox 3851 4241 4016 4304; x_wconf 84' lang='lat' dir='ltr'><strong>paulo</strong></span> 
     </span>
    </p>
   </div>
   <div class='ocr_carea' id='block_1_99' title="bbox 2409 4303 4018 4376">
    <p class='ocr_par' dir='ltr' id='par_1_99' title="bbox 2409 4303 4018 4376">
     <span class='ocr_line' id='line_1_101' title="bbox 2409 4303 4018 4376; baseline 0.001 -14"><span class='ocrx_word' id='word_1_749' title='bbox 2409 4309 2558 4376; x_wconf 90' lang='lat' dir='ltr'><strong>prius</strong></span> <span class='ocrx_word' id='word_1_750' title='bbox 2579 4306 2856 4362; x_wconf 89' lang='lat' dir='ltr'><strong>recensitis</strong></span> <span class='ocrx_word' id='word_1_751' title='bbox 2879 4303 3191 4376; x_wconf 65' lang='lat' dir='ltr'><strong>literesibus,</strong></span> <span class='ocrx_word' id='word_1_752' title='bbox 3217 4320 3348 4376; x_wconf 63' lang='lat' dir='ltr'><strong>quas</strong></span> <span class='ocrx_word' id='word_1_753' title='bbox 3364 4305 3611 4376; x_wconf 85' lang='lat' dir='ltr'><strong>seductus</strong></span> <span class='ocrx_word' id='word_1_754' title='bbox 3633 4321 3662 4358; x_wconf 88' lang='lat' dir='ltr'><strong>a</strong></span> <span class='ocrx_word' id='word_1_755' title='bbox 3684 4303 4018 4364; x_wconf 78' lang='lat' dir='ltr'><strong>Pliilumene</strong></span> 
     </span>
    </p>
   </div>
   <div class='ocr_carea' id='block_1_100' title="bbox 2409 4374 4015 4446">
    <p class='ocr_par' dir='ltr' id='par_1_100' title="bbox 2409 4374 4015 4446">
     <span class='ocr_line' id='line_1_102' title="bbox 2409 4374 4015 4446; baseline 0.001 -14"><span class='ocrx_word' id='word_1_756' title='bbox 2409 4374 2576 4432; x_wconf 82' lang='lat' dir='ltr'><strong>novas</strong></span> <span class='ocrx_word' id='word_1_757' title='bbox 2599 4377 2825 4432; x_wconf 80' lang='lat' dir='ltr'><strong>induxit.</strong></span> <span class='ocrx_word' id='word_1_758' title='bbox 2857 4377 2914 4431; x_wconf 93' lang='lat' dir='ltr'><strong>In</strong></span> <span class='ocrx_word' id='word_1_759' title='bbox 2938 4375 3040 4429; x_wconf 92' lang='lat' dir='ltr'><strong>hoc</strong></span> <span class='ocrx_word' id='word_1_760' title='bbox 3064 4374 3191 4429; x_wconf 89' lang='lat' dir='ltr'><strong>nihil</strong></span> <span class='ocrx_word' id='word_1_761' title='bbox 3217 4374 3469 4429; x_wconf 78' lang='lat' dir='ltr'><strong>differens</strong></span> <span class='ocrx_word' id='word_1_762' title='bbox 3493 4390 3524 4446; x_wconf 83' lang='lat' dir='ltr'><strong>a</strong></span> <span class='ocrx_word' id='word_1_763' title='bbox 3551 4375 3844 4443; x_wconf 80' lang='lat' dir='ltr'><strong>Marcione,</strong></span> <span class='ocrx_word' id='word_1_764' title='bbox 3870 4383 4015 4446; x_wconf 84' lang='lat' dir='ltr'><strong>quod</strong></span> 
     </span>
    </p>
   </div>
   <div class='ocr_carea' id='block_1_101' title="bbox 2407 4445 4010 4518">
    <p class='ocr_par' dir='ltr' id='par_1_101' title="bbox 2407 4445 4010 4518">
     <span class='ocr_line' id='line_1_103' title="bbox 2407 4445 4010 4518; baseline 0 -15"><span class='ocrx_word' id='word_1_765' title='bbox 2407 4459 2458 4503; x_wconf 89' lang='lat' dir='ltr'><strong>et</strong></span> <span class='ocrx_word' id='word_1_766' title='bbox 2501 4449 2666 4504; x_wconf 90' lang='lat' dir='ltr'><strong>Deum</strong></span> <span class='ocrx_word' id='word_1_767' title='bbox 2710 4448 2879 4518; x_wconf 80' lang='lat' dir='ltr'><strong>Moysi</strong></span> <span class='ocrx_word' id='word_1_768' title='bbox 2925 4457 2980 4502; x_wconf 90' lang='lat' dir='ltr'><strong>et</strong></span> <span class='ocrx_word' id='word_1_769' title='bbox 3007 4447 3207 4518; x_wconf 81' lang='lat' dir='ltr'><strong>legem</strong></span> <span class='ocrx_word' id='word_1_770' title='bbox 3249 4460 3312 4500; x_wconf 87' lang='lat' dir='ltr'><strong>ac</strong></span> <span class='ocrx_word' id='word_1_771' title='bbox 3352 4445 3642 4516; x_wconf 90' lang='lat' dir='ltr'><strong>prophetas</strong></span> <span class='ocrx_word' id='word_1_772' title='bbox 3683 4445 4010 4518; x_wconf 80' lang='lat' dir='ltr'><strong>repudiarit,</strong></span> 
     </span>
    </p>
   </div>
   <div class='ocr_carea' id='block_1_102' title="bbox 2406 4516 4014 4587">
    <p class='ocr_par' dir='ltr' id='par_1_102' title="bbox 2406 4516 4014 4587">
     <span class='ocr_line' id='line_1_104' title="bbox 2406 4516 4014 4587; baseline 0.002 -15"><span class='ocrx_word' id='word_1_773' title='bbox 2406 4520 2560 4574; x_wconf 89' lang='lat' dir='ltr'><strong>sicuti</strong></span> <span class='ocrx_word' id='word_1_774' title='bbox 2586 4520 2678 4574; x_wconf 89' lang='lat' dir='ltr'><strong>lib.</strong></span> <span class='ocrx_word' id='word_1_775' title='bbox 2707 4521 2769 4571; x_wconf 83' lang='lat' dir='ltr'><strong>de</strong></span> <span class='ocrx_word' id='word_1_776' title='bbox 2795 4516 3091 4587; x_wconf 76' lang='lat' dir='ltr'><strong>Prwscript.</strong></span> <span class='ocrx_word' id='word_1_777' title='bbox 3128 4516 3378 4582; x_wconf 87' lang='lat' dir='ltr'><strong>habetur,</strong></span> <span class='ocrx_word' id='word_1_778' title='bbox 3403 4534 3450 4570; x_wconf 69' lang='grc' dir='ltr'><strong>ιε.</strong></span> <span class='ocrx_word' id='word_1_779' title='bbox 3474 4518 3565 4572; x_wconf 87' lang='grc'><strong>51.</strong></span> <span class='ocrx_word' id='word_1_780' title='bbox 3599 4517 3674 4572; x_wconf 90' lang='lat' dir='ltr'><strong>De</strong></span> <span class='ocrx_word' id='word_1_781' title='bbox 3699 4516 4014 4576; x_wconf 84' lang='lat' dir='ltr'><strong>animarum</strong></span> 
     </span>
    </p>
   </div>
   <div class='ocr_carea' id='block_1_103' title="bbox 2406 4589 4014 4661">
    <p class='ocr_par' dir='ltr' id='par_1_103' title="bbox 2406 4589 4014 4661">
     <span class='ocr_line' id='line_1_105' title="bbox 2406 4589 4014 4661; baseline 0.004 -19"><span class='ocrx_word' id='word_1_782' title='bbox 2406 4591 2642 4661; x_wconf 89' lang='lat' dir='ltr'><strong>solarum</strong></span> <span class='ocrx_word' id='word_1_783' title='bbox 2686 4590 2854 4644; x_wconf 80' lang='lat' dir='ltr'><strong>Salute</strong></span> <span class='ocrx_word' id='word_1_784' title='bbox 2884 4604 2946 4642; x_wconf 90' lang='lat' dir='ltr'><strong>ac</strong></span> <span class='ocrx_word' id='word_1_785' title='bbox 2977 4597 3162 4661; x_wconf 79' lang='lat' dir='ltr'><strong>negata</strong></span> <span class='ocrx_word' id='word_1_786' title='bbox 3209 4589 3600 4661; x_wconf 71' lang='lat' dir='ltr'><strong>resurrectione</strong></span> <span class='ocrx_word' id='word_1_787' title='bbox 3637 4591 3821 4661; x_wconf 86' lang='lat' dir='ltr'><strong>carnis</strong></span> <span class='ocrx_word' id='word_1_788' title='bbox 3849 4608 4014 4661; x_wconf 87' lang='lat' dir='ltr'><strong>quam</strong></span> 
     </span>
    </p>
   </div>
   <div class='ocr_carea' id='block_1_104' title="bbox 2407 4657 4012 4732">
    <p class='ocr_par' dir='ltr' id='par_1_104' title="bbox 2407 4657 4012 4732">
     <span class='ocr_line' id='line_1_106' title="bbox 2407 4657 4012 4732; baseline 0.004 -20"><span class='ocrx_word' id='word_1_789' title='bbox 2407 4661 2540 4716; x_wconf 87' lang='lat' dir='ltr'><strong>adeo</strong></span> <span class='ocrx_word' id='word_1_790' title='bbox 2562 4660 2837 4732; x_wconf 88' lang='lat' dir='ltr'><strong>impugnat</strong></span> <span class='ocrx_word' id='word_1_791' title='bbox 2857 4669 3043 4714; x_wconf 86' lang='lat' dir='ltr'><strong>auctor</strong></span> <span class='ocrx_word' id='word_1_792' title='bbox 3071 4659 3163 4712; x_wconf 90' lang='lat' dir='ltr'><strong>lib.</strong></span> <span class='ocrx_word' id='word_1_793' title='bbox 3194 4657 3488 4732; x_wconf 50' lang='lat' dir='ltr'><strong>defleam.</strong></span> <span class='ocrx_word' id='word_1_794' title='bbox 3513 4675 3679 4732; x_wconf 69' lang='lat' dir='ltr'><strong>carm,</strong></span> <span class='ocrx_word' id='word_1_795' title='bbox 3702 4660 3835 4716; x_wconf 87' lang='lat' dir='ltr'><strong>item</strong></span> <span class='ocrx_word' id='word_1_796' title='bbox 3867 4657 4012 4731; x_wconf 58' lang='lat' dir='ltr'><strong>Quod</strong></span> 
     </span>
    </p>
   </div>
   <div class='ocr_carea' id='block_1_105' title="bbox 889 4728 4006 4800">
    <p class='ocr_par' dir='ltr' id='par_1_105' title="bbox 889 4728 4006 4800">
     <span class='ocr_line' id='line_1_107' title="bbox 889 4728 4006 4800; baseline 0.001 -15"><span class='ocrx_word' id='word_1_797' title='bbox 889 4745 945 4785; x_wconf 87' lang='lat' dir='ltr'><strong>ra</strong></span> <span class='ocrx_word' id='word_1_798' title='bbox 971 4731 1174 4786; x_wconf 86' lang='lat' dir='ltr'><strong>animas</strong></span> <span class='ocrx_word' id='word_1_799' title='bbox 1193 4728 1389 4787; x_wconf 55' lang='lat' dir='ltr'><strong>&#39;viriles</strong></span> <span class='ocrx_word' id='word_1_800' title='bbox 1432 4747 1494 4786; x_wconf 92' lang='lat' dir='ltr'><strong>ac</strong></span> <span class='ocrx_word' id='word_1_801' title='bbox 1525 4733 1831 4787; x_wconf 90' lang='lat' dir='ltr'><strong>muliebres.</strong></span> <span class='ocrx_word' id='word_1_802' title='bbox 1878 4732 1953 4786; x_wconf 91' lang='lat' dir='ltr'><strong>Dc</strong></span> <span class='ocrx_word' id='word_1_803' title='bbox 1990 4731 2189 4787; x_wconf 91' lang='lat' dir='ltr'><strong>mundo</strong></span> <span class='ocrx_word' id='word_1_804' title='bbox 2233 4733 2299 4787; x_wconf 87' lang='lat' dir='ltr'><strong>ab</strong></span> <span class='ocrx_word' id='word_1_805' title='bbox 2323 4738 2376 4798; x_wconf 81' lang='lat'><strong>1)</strong></span> <span class='ocrx_word' id='word_1_806' title='bbox 2404 4733 2520 4787; x_wconf 92' lang='lat' dir='ltr'><strong>solo</strong></span> <span class='ocrx_word' id='word_1_807' title='bbox 2546 4728 2806 4800; x_wconf 74' lang='lat' dir='ltr'><strong>Apostolo</strong></span> <span class='ocrx_word' id='word_1_808' title='bbox 2828 4739 3086 4791; x_wconf 85' lang='lat' dir='ltr'><strong>uteretur,</strong></span> <span class='ocrx_word' id='word_1_809' title='bbox 3115 4728 3209 4783; x_wconf 91' lang='lat' dir='ltr'><strong>sed</strong></span> <span class='ocrx_word' id='word_1_810' title='bbox 3240 4728 3600 4800; x_wconf 86' lang='lat' dir='ltr'><strong>Marcionis,id</strong></span> <span class='ocrx_word' id='word_1_811' title='bbox 3623 4742 3706 4785; x_wconf 90' lang='lat' dir='ltr'><strong>est</strong></span> <span class='ocrx_word' id='word_1_812' title='bbox 3726 4747 3838 4786; x_wconf 87' lang='lat' dir='ltr'><strong>non</strong></span> <span class='ocrx_word' id='word_1_813' title='bbox 3869 4728 4006 4788; x_wconf 68' lang='lat' dir='ltr'><strong>toto.</strong></span> 
     </span>
    </p>
   </div>
   <div class='ocr_carea' id='block_1_106' title="bbox 712 4799 4008 4874">
    <p class='ocr_par' dir='ltr' id='par_1_106' title="bbox 712 4799 4008 4874">
     <span class='ocr_line' id='line_1_108' title="bbox 712 4799 4008 4874; baseline 0.001 -18"><span class='ocrx_word' id='word_1_814' title='bbox 712 4799 1232 4874; x_wconf 16' lang='lat' dir='ltr'><strong>illqiinstitutotlib.</strong></span> <span class='ocrx_word' id='word_1_815' title='bbox 1265 4803 1329 4857; x_wconf 88' lang='lat' dir='ltr'><strong>de</strong></span> <span class='ocrx_word' id='word_1_816' title='bbox 1360 4802 1654 4873; x_wconf 72' lang='lat' dir='ltr'><strong>Prwscript.</strong></span> <span class='ocrx_word' id='word_1_817' title='bbox 1699 4804 1816 4858; x_wconf 85' lang='lat' dir='ltr'><strong>adv.</strong></span> <span class='ocrx_word' id='word_1_818' title='bbox 1866 4802 2005 4857; x_wconf 74' lang='lat' dir='ltr'><strong>llwr.</strong></span> <span class='ocrx_word' id='word_1_819' title='bbox 2029 4845 2042 4867; x_wconf 90' lang='lat'><strong>,</strong></span> <span class='ocrx_word' id='word_1_820' title='bbox 2087 4818 2197 4871; x_wconf 88' lang='lat' dir='ltr'><strong>cap.</strong></span> <span class='ocrx_word' id='word_1_821' title='bbox 2228 4803 2297 4858; x_wconf 69' lang='grc'>56</span> <span class='ocrx_word' id='word_1_822' title='bbox 2404 4804 2478 4858; x_wconf 91' lang='lat' dir='ltr'><strong>De</strong></span> <span class='ocrx_word' id='word_1_823' title='bbox 2507 4799 2698 4874; x_wconf 89' lang='lat' dir='ltr'><strong>quibus</strong></span> <span class='ocrx_word' id='word_1_824' title='bbox 2737 4802 3003 4874; x_wconf 82' lang='lat' dir='ltr'><strong>plerisque</strong></span> <span class='ocrx_word' id='word_1_825' title='bbox 3030 4801 3209 4855; x_wconf 87' lang='lat' dir='ltr'><strong>videre</strong></span> <span class='ocrx_word' id='word_1_826' title='bbox 3226 4801 3386 4874; x_wconf 86' lang='lat' dir='ltr'><strong>etiam</strong></span> <span class='ocrx_word' id='word_1_827' title='bbox 3417 4809 3499 4874; x_wconf 78' lang='lat' dir='ltr'><strong>est</strong></span> <span class='ocrx_word' id='word_1_828' title='bbox 3528 4799 3751 4874; x_wconf 74' lang='lat' dir='ltr'><strong>Epiph.,</strong></span> <span class='ocrx_word' id='word_1_829' title='bbox 3788 4801 4008 4860; x_wconf 82' lang='lat' dir='ltr'><strong>Thcod.</strong></span> 
     </span>
    </p>
   </div>
   <div class='ocr_carea' id='block_1_107' title="bbox 713 4870 2295 4944">
    <p class='ocr_par' dir='ltr' id='par_1_107' title="bbox 713 4870 2295 4944">
     <span class='ocr_line' id='line_1_109' title="bbox 713 4870 2295 4944; baseline 0.003 -20"><span class='ocrx_word' id='word_1_830' title='bbox 713 4877 768 4924; x_wconf 90' lang='lat' dir='ltr'><strong>et</strong></span> <span class='ocrx_word' id='word_1_831' title='bbox 794 4870 884 4938; x_wconf 88' lang='grc'><strong>51,</strong></span> <span class='ocrx_word' id='word_1_832' title='bbox 908 4871 1052 4929; x_wconf 71' lang='lat' dir='ltr'><strong>liter.</strong></span> <span class='ocrx_word' id='word_1_833' title='bbox 1087 4871 1172 4930; x_wconf 81' lang='grc'><strong>19.</strong></span> <span class='ocrx_word' id='word_1_834' title='bbox 1216 4875 1293 4929; x_wconf 89' lang='lat' dir='ltr'><strong>De</strong></span> <span class='ocrx_word' id='word_1_835' title='bbox 1320 4889 1481 4929; x_wconf 89' lang='lat' dir='ltr'><strong>carne</strong></span> <span class='ocrx_word' id='word_1_836' title='bbox 1508 4870 1737 4930; x_wconf 86' lang='lat' dir='ltr'><strong>hominis</strong></span> <span class='ocrx_word' id='word_1_837' title='bbox 1765 4874 1986 4944; x_wconf 92' lang='lat' dir='ltr'><strong>proinde</strong></span> <span class='ocrx_word' id='word_1_838' title='bbox 2012 4875 2078 4927; x_wconf 90' lang='lat' dir='ltr'><strong>ab</strong></span> <span class='ocrx_word' id='word_1_839' title='bbox 2107 4870 2295 4929; x_wconf 75' lang='lat' dir='ltr'><strong>eadem</strong></span> 
     </span>
    </p>
   </div>
   <div class='ocr_carea' id='block_1_108' title="bbox 711 4945 2296 5014">
    <p class='ocr_par' dir='ltr' id='par_1_108' title="bbox 711 4945 2296 5014">
     <span class='ocr_line' id='line_1_110' title="bbox 711 4945 2296 5014; baseline 0.003 -19"><span class='ocrx_word' id='word_1_840' title='bbox 711 4950 980 5014; x_wconf 86' lang='lat' dir='ltr'><strong>exstructa</strong></span> <span class='ocrx_word' id='word_1_841' title='bbox 1003 4985 1018 5010; x_wconf 90' lang='lat'><strong>,</strong></span> <span class='ocrx_word' id='word_1_842' title='bbox 1065 4959 1116 5000; x_wconf 93' lang='lat' dir='ltr'><strong>c.</strong></span> <span class='ocrx_word' id='word_1_843' title='bbox 1145 4946 1178 5000; x_wconf 91' lang='lat'>8</span> <span class='ocrx_word' id='word_1_844' title='bbox 1207 4987 1221 5011; x_wconf 92' lang='lat'><strong>,</strong></span> <span class='ocrx_word' id='word_1_845' title='bbox 1249 4945 1342 5000; x_wconf 90' lang='lat' dir='ltr'><strong>lib.</strong></span> <span class='ocrx_word' id='word_1_846' title='bbox 1375 4945 1437 5000; x_wconf 79' lang='lat' dir='ltr'><strong>de</strong></span> <span class='ocrx_word' id='word_1_847' title='bbox 1461 4945 1626 5000; x_wconf 82' lang='lat' dir='ltr'><strong>Carne</strong></span> <span class='ocrx_word' id='word_1_848' title='bbox 1654 4945 1836 4999; x_wconf 76' lang='lat' dir='ltr'><strong>Christi</strong></span> <span class='ocrx_word' id='word_1_849' title='bbox 1863 4987 1875 5008; x_wconf 88' lang='lat'><strong>,</strong></span> <span class='ocrx_word' id='word_1_850' title='bbox 1925 4959 1992 5000; x_wconf 82' lang='lat' dir='ltr'><strong>ex</strong></span> <span class='ocrx_word' id='word_1_851' title='bbox 2035 4960 2140 5014; x_wconf 85' lang='lat' dir='ltr'><strong>quo</strong></span> <span class='ocrx_word' id='word_1_852' title='bbox 2181 4945 2296 4999; x_wconf 79' lang='lat' dir='ltr'><strong>haec</strong></span> 
     </span>
    </p>
   </div>
   <div class='ocr_carea' id='block_1_109' title="bbox 711 5013 2292 5086">
    <p class='ocr_par' dir='ltr' id='par_1_109' title="bbox 711 5013 2292 5086">
     <span class='ocr_line' id='line_1_111' title="bbox 711 5013 2292 5086; baseline 0.001 -19"><span class='ocrx_word' id='word_1_853' title='bbox 711 5013 873 5086; x_wconf 59' lang='lat' dir='ltr'><strong>verba</strong></span> <span class='ocrx_word' id='word_1_854' title='bbox 902 5013 1182 5086; x_wconf 89' lang='lat' dir='ltr'><strong>desumpta</strong></span> <span class='ocrx_word' id='word_1_855' title='bbox 1211 5025 1374 5082; x_wconf 92' lang='lat' dir='ltr'><strong>sunt,</strong></span> <span class='ocrx_word' id='word_1_856' title='bbox 1411 5024 1466 5072; x_wconf 92' lang='lat' dir='ltr'><strong>et</strong></span> <span class='ocrx_word' id='word_1_857' title='bbox 1500 5015 1591 5071; x_wconf 89' lang='lat' dir='ltr'><strong>lib.</strong></span> <span class='ocrx_word' id='word_1_858' title='bbox 1624 5017 1686 5071; x_wconf 87' lang='lat' dir='ltr'><strong>de</strong></span> <span class='ocrx_word' id='word_1_859' title='bbox 1710 5015 1921 5070; x_wconf 79' lang='lat' dir='ltr'><strong>Resurr.</strong></span> <span class='ocrx_word' id='word_1_860' title='bbox 1948 5013 2081 5070; x_wconf 77' lang='lat' dir='ltr'><strong>Cant</strong></span> <span class='ocrx_word' id='word_1_861' title='bbox 2114 5057 2126 5080; x_wconf 93' lang='lat'><strong>,</strong></span> <span class='ocrx_word' id='word_1_862' title='bbox 2157 5030 2203 5069; x_wconf 94' lang='lat' dir='ltr'><strong>c.</strong></span> <span class='ocrx_word' id='word_1_863' title='bbox 2239 5017 2292 5071; x_wconf 87' lang='grc'><strong>5.</strong></span> 
     </span>
    </p>
   </div>
   <div class='ocr_carea' id='block_1_110' title="bbox 711 5080 2289 5157">
    <p class='ocr_par' dir='ltr' id='par_1_110' title="bbox 711 5080 2289 5157">
     <span class='ocr_line' id='line_1_112' title="bbox 711 5080 2289 5157; baseline 0.001 -20"><span class='ocrx_word' id='word_1_864' title='bbox 711 5080 801 5157; x_wconf 81' lang='lat' dir='ltr'><strong>De</strong></span> <span class='ocrx_word' id='word_1_865' title='bbox 817 5085 1011 5141; x_wconf 79' lang='lat' dir='ltr'><strong>Christi</strong></span> <span class='ocrx_word' id='word_1_866' title='bbox 1042 5080 1272 5157; x_wconf 80' lang='lat' dir='ltr'><strong>denique</strong></span> <span class='ocrx_word' id='word_1_867' title='bbox 1299 5080 1480 5152; x_wconf 81' lang='lat' dir='ltr'><strong>carne,</strong></span> <span class='ocrx_word' id='word_1_868' title='bbox 1523 5103 1628 5142; x_wconf 93' lang='lat' dir='ltr'><strong>non</strong></span> <span class='ocrx_word' id='word_1_869' title='bbox 1655 5089 1721 5142; x_wconf 89' lang='lat' dir='ltr'><strong>ab</strong></span> <span class='ocrx_word' id='word_1_870' title='bbox 1761 5087 1853 5142; x_wconf 91' lang='lat' dir='ltr'><strong>illo</strong></span> <span class='ocrx_word' id='word_1_871' title='bbox 1878 5087 2066 5156; x_wconf 88' lang='lat' dir='ltr'><strong>angelo</strong></span> <span class='ocrx_word' id='word_1_872' title='bbox 2091 5097 2289 5150; x_wconf 86' lang='lat' dir='ltr'><strong>creata,</strong></span> 
     </span>
    </p>
   </div>
   <div class='ocr_carea' id='block_1_111' title="bbox 708 5154 2289 5226">
    <p class='ocr_par' dir='ltr' id='par_1_111' title="bbox 708 5154 2289 5226">
     <span class='ocr_line' id='line_1_113' title="bbox 708 5154 2289 5226; baseline 0.002 -18"><span class='ocrx_word' id='word_1_873' title='bbox 708 5154 804 5226; x_wconf 71' lang='lat' dir='ltr'><strong>sed</strong></span> <span class='ocrx_word' id='word_1_874' title='bbox 830 5170 896 5211; x_wconf 91' lang='lat' dir='ltr'><strong>ex</strong></span> <span class='ocrx_word' id='word_1_875' title='bbox 926 5154 1235 5213; x_wconf 73' lang='lat' dir='ltr'><strong>cmlestibus</strong></span> <span class='ocrx_word' id='word_1_876' title='bbox 1279 5157 1544 5215; x_wconf 85' lang='lat' dir='ltr'><strong>sideribus</strong></span> <span class='ocrx_word' id='word_1_877' title='bbox 1570 5167 1771 5214; x_wconf 88' lang='lat' dir='ltr'><strong>structa</strong></span> <span class='ocrx_word' id='word_1_878' title='bbox 1796 5201 1810 5223; x_wconf 91' lang='lat'><strong>,</strong></span> <span class='ocrx_word' id='word_1_879' title='bbox 1842 5154 2026 5214; x_wconf 85' lang='lat' dir='ltr'><strong>contra</strong></span> <span class='ocrx_word' id='word_1_880' title='bbox 2047 5157 2289 5226; x_wconf 85' lang='lat' dir='ltr'><strong>Apellem</strong></span> 
     </span>
    </p>
   </div>
   <div class='ocr_carea' id='block_1_112' title="bbox 706 5222 2287 5297">
    <p class='ocr_par' dir='ltr' id='par_1_112' title="bbox 706 5222 2287 5297">
     <span class='ocr_line' id='line_1_114' title="bbox 706 5222 2287 5297; baseline 0.003 -19"><span class='ocrx_word' id='word_1_881' title='bbox 706 5222 816 5297; x_wconf 78' lang='lat' dir='ltr'><strong>l_ate</strong></span> <span class='ocrx_word' id='word_1_882' title='bbox 845 5227 1077 5297; x_wconf 87' lang='lat' dir='ltr'><strong>disputat</strong></span> <span class='ocrx_word' id='word_1_883' title='bbox 1100 5238 1290 5284; x_wconf 80' lang='lat' dir='ltr'><strong>auctor</strong></span> <span class='ocrx_word' id='word_1_884' title='bbox 1337 5227 1464 5283; x_wconf 87' lang='lat' dir='ltr'><strong>dicti</strong></span> <span class='ocrx_word' id='word_1_885' title='bbox 1493 5228 1582 5284; x_wconf 86' lang='lat' dir='ltr'><strong>lib.</strong></span> <span class='ocrx_word' id='word_1_886' title='bbox 1606 5230 1667 5282; x_wconf 87' lang='lat' dir='ltr'><strong>de</strong></span> <span class='ocrx_word' id='word_1_887' title='bbox 1688 5222 1851 5284; x_wconf 78' lang='lat' dir='ltr'><strong>Carne</strong></span> <span class='ocrx_word' id='word_1_888' title='bbox 1877 5229 2061 5283; x_wconf 80' lang='lat' dir='ltr'><strong>Christi</strong></span> <span class='ocrx_word' id='word_1_889' title='bbox 2087 5222 2113 5294; x_wconf 64' lang='grc' dir='ltr'><em>ξ</em></span> <span class='ocrx_word' id='word_1_890' title='bbox 2143 5244 2192 5281; x_wconf 92' lang='lat' dir='ltr'><strong>c.</strong></span> <span class='ocrx_word' id='word_1_891' title='bbox 2233 5229 2287 5283; x_wconf 88' lang='lat'><strong>6.</strong></span> 
     </span>
    </p>
   </div>
   <div class='ocr_carea' id='block_1_113' title="bbox 703 5293 2290 5371">
    <p class='ocr_par' dir='ltr' id='par_1_113' title="bbox 703 5293 2290 5371">
     <span class='ocr_line' id='line_1_115' title="bbox 703 5293 2290 5371; baseline 0.003 -22"><span class='ocrx_word' id='word_1_892' title='bbox 703 5293 985 5371; x_wconf 78' lang='lat' dir='ltr'><strong>Conseniit</strong></span> <span class='ocrx_word' id='word_1_893' title='bbox 1034 5300 1086 5354; x_wconf 95' lang='lat' dir='ltr'><strong>in</strong></span> <span class='ocrx_word' id='word_1_894' title='bbox 1131 5299 1214 5355; x_wconf 90' lang='lat' dir='ltr'><strong>his</strong></span> <span class='ocrx_word' id='word_1_895' title='bbox 1242 5299 1486 5355; x_wconf 91' lang='lat' dir='ltr'><strong>omnibus</strong></span> <span class='ocrx_word' id='word_1_896' title='bbox 1535 5299 1892 5371; x_wconf 87' lang='lat' dir='ltr'><strong>Epiphanius,</strong></span> <span class='ocrx_word' id='word_1_897' title='bbox 1941 5293 2290 5369; x_wconf 80' lang='lat' dir='ltr'><strong>praeterquam</strong></span> 
     </span>
    </p>
   </div>
   <div class='ocr_carea' id='block_1_114' title="bbox 703 5367 2292 5441">
    <p class='ocr_par' dir='ltr' id='par_1_114' title="bbox 703 5367 2292 5441">
     <span class='ocr_line' id='line_1_116' title="bbox 703 5367 2292 5441; baseline 0.003 -21"><span class='ocrx_word' id='word_1_898' title='bbox 703 5367 845 5441; x_wconf 76' lang='lat' dir='ltr'><strong>quod</strong></span> <span class='ocrx_word' id='word_1_899' title='bbox 875 5367 1182 5441; x_wconf 80' lang='lat' dir='ltr'><strong>inferiorem</strong></span> <span class='ocrx_word' id='word_1_900' title='bbox 1213 5371 1373 5429; x_wconf 89' lang='lat' dir='ltr'><strong>deum</strong></span> <span class='ocrx_word' id='word_1_901' title='bbox 1402 5367 1670 5441; x_wconf 78' lang='lat' dir='ltr'><strong>nuncupet</strong></span> <span class='ocrx_word' id='word_1_902' title='bbox 1690 5413 1703 5436; x_wconf 90' lang='lat'><strong>,</strong></span> <span class='ocrx_word' id='word_1_903' title='bbox 1732 5387 1888 5441; x_wconf 90' lang='lat' dir='ltr'><strong>quem</strong></span> <span class='ocrx_word' id='word_1_904' title='bbox 1915 5367 2101 5441; x_wconf 85' lang='lat' dir='ltr'><strong>auctor</strong></span> <span class='ocrx_word' id='word_1_905' title='bbox 2130 5367 2292 5440; x_wconf 82' lang='lat' dir='ltr'><strong>ange-</strong></span> 
     </span>
    </p>
   </div>
   <div class='ocr_carea' id='block_1_115' title="bbox 702 5434 2290 5513">
    <p class='ocr_par' dir='ltr' id='par_1_115' title="bbox 702 5434 2290 5513">
     <span class='ocr_line' id='line_1_117' title="bbox 702 5434 2290 5513; baseline 0.003 -23"><span class='ocrx_word' id='word_1_906' title='bbox 702 5434 819 5493; x_wconf 91' lang='lat' dir='ltr'><strong>lum</strong></span> <span class='ocrx_word' id='word_1_907' title='bbox 879 5440 1122 5512; x_wconf 89' lang='lat' dir='ltr'><strong>igneum;</strong></span> <span class='ocrx_word' id='word_1_908' title='bbox 1154 5434 1326 5513; x_wconf 79' lang='lat' dir='ltr'><strong>quem</strong></span> <span class='ocrx_word' id='word_1_909' title='bbox 1379 5434 1596 5498; x_wconf 75' lang='lat' dir='ltr'><strong>interim</strong></span> <span class='ocrx_word' id='word_1_910' title='bbox 1655 5434 1953 5513; x_wconf 79' lang='lat' dir='ltr'><strong>agnoscunt</strong></span> <span class='ocrx_word' id='word_1_911' title='bbox 2022 5440 2081 5494; x_wconf 84' lang='grc' dir='ltr'><strong>Β.</strong></span> <span class='ocrx_word' id='word_1_912' title='bbox 2131 5434 2290 5511; x_wconf 63' lang='lat' dir='ltr'><strong>Aug,</strong></span> 
     </span>
    </p>
   </div>
   <div class='ocr_carea' id='block_1_116' title="bbox 2401 4871 4007 4944">
    <p class='ocr_par' dir='ltr' id='par_1_116' title="bbox 2401 4871 4007 4944">
     <span class='ocr_line' id='line_1_118' title="bbox 2401 4871 4007 4944; baseline 0 -15"><span class='ocrx_word' id='word_1_913' title='bbox 2401 4886 2453 4929; x_wconf 92' lang='lat' dir='ltr'><strong>ct</strong></span> <span class='ocrx_word' id='word_1_914' title='bbox 2484 4871 2724 4928; x_wconf 86' lang='lat' dir='ltr'><strong>Damasc.</strong></span> <span class='ocrx_word' id='word_1_915' title='bbox 2776 4873 2885 4928; x_wconf 88' lang='lat' dir='ltr'><strong>Sed</strong></span> <span class='ocrx_word' id='word_1_916' title='bbox 2930 4872 3033 4926; x_wconf 91' lang='lat' dir='ltr'><strong>hoc</strong></span> <span class='ocrx_word' id='word_1_917' title='bbox 3076 4871 3284 4944; x_wconf 83' lang='lat' dir='ltr'><strong>auctori</strong></span> <span class='ocrx_word' id='word_1_918' title='bbox 3309 4871 3573 4944; x_wconf 85' lang='lat' dir='ltr'><strong>peculiare</strong></span> <span class='ocrx_word' id='word_1_919' title='bbox 3611 4872 3837 4944; x_wconf 16' lang='lat' dir='ltr'><strong>:illabet</strong></span> <span class='ocrx_word' id='word_1_920' title='bbox 3869 4891 4007 4944; x_wconf 76' lang='lat' dir='ltr'><strong>pra:-</strong></span> 
     </span>
    </p>
   </div>
   <div class='ocr_carea' id='block_1_117' title="bbox 2402 4941 4007 5013">
    <p class='ocr_par' dir='ltr' id='par_1_117' title="bbox 2402 4941 4007 5013">
     <span class='ocr_line' id='line_1_119' title="bbox 2402 4941 4007 5013; baseline 0.001 -15"><span class='ocrx_word' id='word_1_921' title='bbox 2402 4954 2544 5000; x_wconf 91' lang='lat' dir='ltr'><strong>tcrea</strong></span> <span class='ocrx_word' id='word_1_922' title='bbox 2592 4945 2758 4999; x_wconf 90' lang='lat' dir='ltr'><strong>libros</strong></span> <span class='ocrx_word' id='word_1_923' title='bbox 2795 4959 2924 4999; x_wconf 90' lang='lat' dir='ltr'><strong>suos</strong></span> <span class='ocrx_word' id='word_1_924' title='bbox 2961 4957 3096 5011; x_wconf 91' lang='lat' dir='ltr'><strong>quos</strong></span> <span class='ocrx_word' id='word_1_925' title='bbox 3127 4942 3396 5010; x_wconf 85' lang='lat' dir='ltr'><strong>inscripsit</strong></span> <span class='ocrx_word' id='word_1_926' title='bbox 3436 4941 3885 5013; x_wconf 71' lang='lat' dir='ltr'><strong>Syllogismortmt</strong></span> <span class='ocrx_word' id='word_1_927' title='bbox 3909 4989 3923 5007; x_wconf 89' lang='lat'><strong>,</strong></span> <span class='ocrx_word' id='word_1_928' title='bbox 3957 4947 4007 5000; x_wconf 87' lang='lat' dir='ltr'><strong>in</strong></span> 
     </span>
    </p>
   </div>
   <div class='ocr_carea' id='block_1_118' title="bbox 2437 5013 4008 5087">
    <p class='ocr_par' dir='ltr' id='par_1_118' title="bbox 2437 5013 4008 5087">
     <span class='ocr_line' id='line_1_120' title="bbox 2437 5013 4008 5087; baseline 0.004 -21"><span class='ocrx_word' id='word_1_929' title='bbox 2437 5017 2590 5071; x_wconf 90' lang='lat' dir='ltr'><strong>uibus</strong></span> <span class='ocrx_word' id='word_1_930' title='bbox 2611 5015 2839 5086; x_wconf 89' lang='lat' dir='ltr'><strong>probare</strong></span> <span class='ocrx_word' id='word_1_931' title='bbox 2869 5015 2999 5087; x_wconf 78' lang='lat' dir='ltr'><strong>vult.</strong></span> <span class='ocrx_word' id='word_1_932' title='bbox 3033 5013 3174 5080; x_wconf 90' lang='lat' dir='ltr'><strong>quod</strong></span> <span class='ocrx_word' id='word_1_933' title='bbox 3199 5014 3378 5087; x_wconf 85' lang='lat' dir='ltr'><strong>omnia</strong></span> <span class='ocrx_word' id='word_1_934' title='bbox 3401 5027 3762 5087; x_wconf 67' lang='lat' dir='ltr'><strong>quaecumque</strong></span> <span class='ocrx_word' id='word_1_935' title='bbox 3780 5013 4008 5087; x_wconf 72' lang='lat' dir='ltr'><strong>Moyses</strong></span> 
     </span>
    </p>
   </div>
   <div class='ocr_carea' id='block_1_119' title="bbox 2435 5083 4008 5156">
    <p class='ocr_par' dir='ltr' id='par_1_119' title="bbox 2435 5083 4008 5156">
     <span class='ocr_line' id='line_1_121' title="bbox 2435 5083 4008 5156; baseline 0 -14"><span class='ocrx_word' id='word_1_936' title='bbox 2435 5104 2464 5142; x_wconf 90' lang='lat' dir='ltr'><strong>e</strong></span> <span class='ocrx_word' id='word_1_937' title='bbox 2498 5083 2937 5155; x_wconf 59' lang='lat' dir='ltr'><strong>Deo&#39;seripserit,</strong></span> <span class='ocrx_word' id='word_1_938' title='bbox 2972 5099 3094 5156; x_wconf 79' lang='lat' dir='ltr'><strong>vera</strong></span> <span class='ocrx_word' id='word_1_939' title='bbox 3128 5098 3234 5156; x_wconf 82' lang='lat' dir='ltr'><strong>non</strong></span> <span class='ocrx_word' id='word_1_940' title='bbox 3262 5083 3368 5136; x_wconf 90' lang='lat' dir='ltr'><strong>sint</strong></span> <span class='ocrx_word' id='word_1_941' title='bbox 3393 5123 3417 5156; x_wconf 90' lang='lat'><strong>,_</strong></span> <span class='ocrx_word' id='word_1_942' title='bbox 3433 5083 3528 5138; x_wconf 89' lang='lat' dir='ltr'><strong>sed</strong></span> <span class='ocrx_word' id='word_1_943' title='bbox 3556 5083 3690 5138; x_wconf 87' lang='lat' dir='ltr'><strong>falsa</strong></span> <span class='ocrx_word' id='word_1_944' title='bbox 3721 5085 3859 5141; x_wconf 91' lang='lat' dir='ltr'><strong>sint.</strong></span> <span class='ocrx_word' id='word_1_945' title='bbox 3881 5083 4008 5156; x_wconf 68' lang='lat' dir='ltr'><strong>Quo</strong></span> 
     </span>
    </p>
   </div>
   <div class='ocr_carea' id='block_1_120' title="bbox 2396 5153 4006 5214">
    <p class='ocr_par' dir='ltr' id='par_1_120' title="bbox 2396 5153 4006 5214">
     <span class='ocr_line' id='line_1_122' title="bbox 2396 5153 4006 5214; baseline 0.001 -2"><span class='ocrx_word' id='word_1_946' title='bbox 2396 5157 2456 5212; x_wconf 83' lang='lat' dir='ltr'><strong>Iit</strong></span> <span class='ocrx_word' id='word_1_947' title='bbox 2501 5167 2558 5212; x_wconf 94' lang='lat' dir='ltr'><strong>ut</strong></span> <span class='ocrx_word' id='word_1_948' title='bbox 2594 5157 2662 5212; x_wconf 92' lang='lat' dir='ltr'><strong>de</strong></span> <span class='ocrx_word' id='word_1_949' title='bbox 2699 5153 2764 5211; x_wconf 81' lang='lat' dir='ltr'><strong>iis</strong></span> <span class='ocrx_word' id='word_1_950' title='bbox 2798 5156 2938 5211; x_wconf 90' lang='lat' dir='ltr'><strong>aliud</strong></span> <span class='ocrx_word' id='word_1_951' title='bbox 2977 5154 3108 5209; x_wconf 90' lang='lat' dir='ltr'><strong>nihil</strong></span> <span class='ocrx_word' id='word_1_952' title='bbox 3153 5153 3513 5209; x_wconf 84' lang='lat' dir='ltr'><strong>adnotandum</strong></span> <span class='ocrx_word' id='word_1_953' title='bbox 3556 5168 3834 5211; x_wconf 86' lang='lat' dir='ltr'><strong>occurrat.</strong></span> <span class='ocrx_word' id='word_1_954' title='bbox 3895 5153 4006 5214; x_wconf 75' lang='lat' dir='ltr'><strong>Hoc</strong></span> 
     </span>
    </p>
   </div>
   <div class='ocr_carea' id='block_1_121' title="bbox 2395 5226 4005 5298">
    <p class='ocr_par' dir='ltr' id='par_1_121' title="bbox 2395 5226 4005 5298">
     <span class='ocr_line' id='line_1_123' title="bbox 2395 5226 4005 5298; baseline 0 -15"><span class='ocrx_word' id='word_1_955' title='bbox 2395 5245 2558 5283; x_wconf 92' lang='lat' dir='ltr'><strong>unum</strong></span> <span class='ocrx_word' id='word_1_956' title='bbox 2580 5228 2825 5298; x_wconf 89' lang='lat' dir='ltr'><strong>adjiciam</strong></span> <span class='ocrx_word' id='word_1_957' title='bbox 2853 5269 2867 5292; x_wconf 92' lang='lat'><strong>,</strong></span> <span class='ocrx_word' id='word_1_958' title='bbox 2898 5240 3002 5282; x_wconf 91' lang='lat' dir='ltr'><strong>non</strong></span> <span class='ocrx_word' id='word_1_959' title='bbox 3026 5227 3229 5298; x_wconf 12' lang='lat' dir='ltr'><strong>imirutn’</strong></span> <span class='ocrx_word' id='word_1_960' title='bbox 3269 5239 3390 5280; x_wconf 88' lang='lat' dir='ltr'><strong>esse</strong></span> <span class='ocrx_word' id='word_1_961' title='bbox 3419 5226 3479 5298; x_wconf 71' lang='lat' dir='ltr'><strong>si</strong></span> <span class='ocrx_word' id='word_1_962' title='bbox 3517 5237 3711 5298; x_wconf 86' lang='lat' dir='ltr'><strong>auctor</strong></span> <span class='ocrx_word' id='word_1_963' title='bbox 3749 5230 4005 5284; x_wconf 65' lang='lat' dir='ltr'><strong>adversus</strong></span> 
     </span>
    </p>
   </div>
   <div class='ocr_carea' id='block_1_122' title="bbox 2397 5295 4000 5367">
    <p class='ocr_par' dir='ltr' id='par_1_122' title="bbox 2397 5295 4000 5367">
     <span class='ocr_line' id='line_1_124' title="bbox 2397 5295 4000 5367; baseline 0.001 -14"><span class='ocrx_word' id='word_1_964' title='bbox 2397 5295 2741 5367; x_wconf 72' lang='lat' dir='ltr'><strong>Apelletianos</strong></span> <span class='ocrx_word' id='word_1_965' title='bbox 2786 5297 3064 5366; x_wconf 87' lang='lat' dir='ltr'><strong>scripserit</strong></span> <span class='ocrx_word' id='word_1_966' title='bbox 3093 5297 3238 5367; x_wconf 86' lang='lat' dir='ltr'><strong>quod</strong></span> <span class='ocrx_word' id='word_1_967' title='bbox 3256 5295 3676 5367; x_wconf 71' lang='lat' dir='ltr'><strong>Stepcdictolib.</strong></span> <span class='ocrx_word' id='word_1_968' title='bbox 3705 5300 3770 5350; x_wconf 83' lang='lat' dir='ltr'><strong>de</strong></span> <span class='ocrx_word' id='word_1_969' title='bbox 3791 5298 4000 5354; x_wconf 69' lang='lat' dir='ltr'><strong>Prtesc.</strong></span> 
     </span>
    </p>
   </div>
   <div class='ocr_carea' id='block_1_123' title="bbox 2389 5363 4004 5442">
    <p class='ocr_par' dir='ltr' id='par_1_123' title="bbox 2389 5363 4004 5442">
     <span class='ocr_line' id='line_1_125' title="bbox 2389 5363 4004 5442; baseline 0.002 -18"><span class='ocrx_word' id='word_1_970' title='bbox 2389 5363 2506 5442; x_wconf 79' lang='lat' dir='ltr'><strong>adv.</strong></span> <span class='ocrx_word' id='word_1_971' title='bbox 2532 5371 2681 5435; x_wconf 78' lang='lat' dir='ltr'><strong>ha:r.,</strong></span> <span class='ocrx_word' id='word_1_972' title='bbox 2705 5385 2820 5439; x_wconf 88' lang='lat' dir='ltr'><strong>cap.</strong></span> <span class='ocrx_word' id='word_1_973' title='bbox 2849 5363 2937 5434; x_wconf 78' lang='lat'><strong>&#39;50,</strong></span> <span class='ocrx_word' id='word_1_974' title='bbox 2964 5363 3152 5442; x_wconf 73' lang='lat' dir='ltr'><strong>atterat</strong></span> <span class='ocrx_word' id='word_1_975' title='bbox 3179 5363 3353 5442; x_wconf 73' lang='lat' dir='ltr'><strong>adhuc</strong></span> <span class='ocrx_word' id='word_1_976' title='bbox 3383 5365 3716 5437; x_wconf 86' lang='lat' dir='ltr'><strong>superfuisse</strong></span> <span class='ocrx_word' id='word_1_977' title='bbox 3742 5373 4004 5442; x_wconf 85' lang='lat' dir='ltr'><strong>proprios</strong></span> 
     </span>
    </p>
   </div>
   <div class='ocr_carea' id='block_1_124' title="bbox 2391 5437 3340 5510">
    <p class='ocr_par' dir='ltr' id='par_1_124' title="bbox 2391 5437 3340 5510">
     <span class='ocr_line' id='line_1_126' title="bbox 2391 5437 3340 5510; baseline -0.004 -13"><span class='ocrx_word' id='word_1_978' title='bbox 2391 5441 2660 5499; x_wconf 87' lang='lat' dir='ltr'><strong>discentes</strong></span> <span class='ocrx_word' id='word_1_979' title='bbox 2681 5450 2736 5497; x_wconf 91' lang='lat' dir='ltr'><strong>et</strong></span> <span class='ocrx_word' id='word_1_980' title='bbox 2755 5437 3099 5496; x_wconf 82' lang='lat' dir='ltr'><strong>successores</strong></span> <span class='ocrx_word' id='word_1_981' title='bbox 3117 5437 3340 5510; x_wconf 81' lang='lat' dir='ltr'><strong>Apellis.</strong></span> 
     </span>
    </p>
   </div>
   <div class='ocr_carea' id='block_1_125' title="bbox 1699 5551 3004 5622">
    <p class='ocr_par' dir='ltr' id='par_1_125' title="bbox 1699 5551 3004 5622">
     <span class='ocr_line' id='line_1_127' title="bbox 1699 5551 3004 5622; baseline 0 -13"><span class='ocrx_word' id='word_1_982' title='bbox 1699 5553 1768 5609; x_wconf 84' lang='grc' dir='ltr'><strong>Χ.</strong></span> <span class='ocrx_word' id='word_1_983' title='bbox 1795 5553 1976 5611; x_wconf 80' lang='lat' dir='ltr'>LIBRI</span> <span class='ocrx_word' id='word_1_984' title='bbox 2016 5553 2103 5609; x_wconf 86' lang='lat' dir='ltr'><strong>DE</strong></span> <span class='ocrx_word' id='word_1_985' title='bbox 2136 5551 2475 5613; x_wconf 77' lang='lat' dir='ltr'><strong>PARADISO</strong></span> <span class='ocrx_word' id='word_1_986' title='bbox 2504 5551 3004 5622; x_wconf 79' lang='lat' dir='ltr'><strong>ARGUMENTUM,</strong></span> 
     </span>
    </p>
   </div>
   <div class='ocr_carea' id='block_1_126' title="bbox 1858 5650 2863 5751">
    <p class='ocr_par' dir='ltr' id='par_1_126' title="bbox 1858 5650 2863 5751">
     <span class='ocr_line' id='line_1_128' title="bbox 1858 5650 2863 5751; baseline -0.001 -21"><span class='ocrx_word' id='word_1_987' title='bbox 1858 5687 1944 5730; x_wconf 71' lang='lat' dir='ltr'><strong>ex</strong></span> <span class='ocrx_word' id='word_1_988' title='bbox 1982 5685 2106 5730; x_wconf 76' lang='lat' dir='ltr'><strong>ue.</strong></span> <span class='ocrx_word' id='word_1_989' title='bbox 2148 5687 2231 5732; x_wconf 81' lang='lat' dir='ltr'><strong>DE</strong></span> <span class='ocrx_word' id='word_1_990' title='bbox 2269 5685 2471 5733; x_wconf 76' lang='lat' dir='ltr'><strong>ANIMA</strong></span> <span class='ocrx_word' id='word_1_991' title='bbox 2501 5668 2521 5747; x_wconf 88' lang='lat'>(</span> <span class='ocrx_word' id='word_1_992' title='bbox 2547 5687 2680 5751; x_wconf 86' lang='lat' dir='ltr'><strong>cap.</strong></span> <span class='ocrx_word' id='word_1_993' title='bbox 2705 5650 2785 5730; x_wconf 75' lang='lat' dir='ltr'><strong>b5</strong></span> <span class='ocrx_word' id='word_1_994' title='bbox 2815 5666 2863 5750; x_wconf 91' lang='lat'><strong>).</strong></span> 
     </span>
    </p>
   </div>
   <div class='ocr_carea' id='block_1_127' title="bbox 762 5793 2268 5867">
    <p class='ocr_par' dir='ltr' id='par_1_127' title="bbox 762 5793 2268 5867">
     <span class='ocr_line' id='line_1_129' title="bbox 762 5793 2268 5867; baseline -0.002 -15"><span class='ocrx_word' id='word_1_995' title='bbox 762 5795 867 5853; x_wconf 90' lang='lat' dir='ltr'><strong>Sed</strong></span> <span class='ocrx_word' id='word_1_996' title='bbox 907 5795 960 5851; x_wconf 90' lang='lat' dir='ltr'><strong>in</strong></span> <span class='ocrx_word' id='word_1_997' title='bbox 1010 5794 1212 5853; x_wconf 65' lang='lat' dir='ltr'><strong>aethere</strong></span> <span class='ocrx_word' id='word_1_998' title='bbox 1240 5796 1494 5854; x_wconf 90' lang='lat' dir='ltr'><strong>habitatio</strong></span> <span class='ocrx_word' id='word_1_999' title='bbox 1523 5803 1732 5863; x_wconf 89' lang='lat' dir='ltr'><strong>nostra,</strong></span> <span class='ocrx_word' id='word_1_1000' title='bbox 1765 5804 1869 5853; x_wconf 92' lang='lat' dir='ltr'><strong>etc.</strong></span> <span class='ocrx_word' id='word_1_1001' title='bbox 1903 5793 2032 5859; x_wconf 88' lang='lat' dir='ltr'><strong>Imo,</strong></span> <span class='ocrx_word' id='word_1_1002' title='bbox 2067 5795 2268 5867; x_wconf 88' lang='lat' dir='ltr'><strong>inquis,</strong></span> 
     </span>
    </p>
   </div>
   <div class='ocr_carea' id='block_1_128' title="bbox 691 5887 2266 5963">
    <p class='ocr_par' dir='ltr' id='par_1_128' title="bbox 691 5887 2266 5963">
     <span class='ocr_line' id='line_1_130' title="bbox 691 5887 2266 5963; baseline -0.004 -14"><span class='ocrx_word' id='word_1_1003' title='bbox 691 5889 744 5949; x_wconf 88' lang='lat' dir='ltr'><strong>in</strong></span> <span class='ocrx_word' id='word_1_1004' title='bbox 774 5887 1038 5963; x_wconf 86' lang='lat' dir='ltr'><strong>paradiso,</strong></span> <span class='ocrx_word' id='word_1_1005' title='bbox 1067 5904 1172 5962; x_wconf 89' lang='lat' dir='ltr'><strong>quo</strong></span> <span class='ocrx_word' id='word_1_1006' title='bbox 1192 5889 1299 5962; x_wconf 89' lang='lat' dir='ltr'><strong>jam</strong></span> <span class='ocrx_word' id='word_1_1007' title='bbox 1331 5900 1453 5947; x_wconf 89' lang='lat' dir='ltr'><strong>tunc</strong></span> <span class='ocrx_word' id='word_1_1008' title='bbox 1478 5897 1532 5947; x_wconf 90' lang='lat' dir='ltr'><strong>et</strong></span> <span class='ocrx_word' id='word_1_1009' title='bbox 1557 5889 1868 5963; x_wconf 76' lang='lat' dir='ltr'><strong>patriarcha:</strong></span> <span class='ocrx_word' id='word_1_1010' title='bbox 1896 5899 1946 5944; x_wconf 88' lang='lat' dir='ltr'><strong>et</strong></span> <span class='ocrx_word' id='word_1_1011' title='bbox 1974 5889 2266 5959; x_wconf 71' lang='lat' dir='ltr'><strong>pt-opttetze,</strong></span> 
     </span>
    </p>
   </div>
   <div class='ocr_carea' id='block_1_129' title="bbox 2380 5787 3988 5865">
    <p class='ocr_par' dir='ltr' id='par_1_129' title="bbox 2380 5787 3988 5865">
     <span class='ocr_line' id='line_1_131' title="bbox 2380 5787 3988 5865; baseline 0 -16"><span class='ocrx_word' id='word_1_1012' title='bbox 2380 5794 2700 5865; x_wconf 91' lang='lat' dir='ltr'><strong>appendices</strong></span> <span class='ocrx_word' id='word_1_1013' title='bbox 2732 5791 3022 5848; x_wconf 73' lang='lat' dir='ltr'><strong>Dominiczn</strong></span> <span class='ocrx_word' id='word_1_1014' title='bbox 3049 5789 3480 5856; x_wconf 87' lang='lat' dir='ltr'><strong>resurrectionis,</strong></span> <span class='ocrx_word' id='word_1_1015' title='bbox 3525 5788 3594 5846; x_wconf 89' lang='lat' dir='ltr'><strong>ab</strong></span> <span class='ocrx_word' id='word_1_1016' title='bbox 3633 5787 3834 5846; x_wconf 87' lang='lat' dir='ltr'><strong>inferis</strong></span> <span class='ocrx_word' id='word_1_1017' title='bbox 3881 5792 3988 5849; x_wconf 80' lang='lat' dir='ltr'><strong>mi-</strong></span> 
     </span>
    </p>
   </div>
   <div class='ocr_carea' id='block_1_130' title="bbox 2379 5880 3991 5958">
    <p class='ocr_par' dir='ltr' id='par_1_130' title="bbox 2379 5880 3991 5958">
     <span class='ocr_line' id='line_1_132' title="bbox 2379 5880 3991 5958; baseline 0 -16"><span class='ocrx_word' id='word_1_1018' title='bbox 2379 5886 2661 5958; x_wconf 87' lang='lat' dir='ltr'><strong>graverint.</strong></span> <span class='ocrx_word' id='word_1_1019' title='bbox 2704 5885 2769 5941; x_wconf 87' lang='lat' dir='ltr'><strong>Et</strong></span> <span class='ocrx_word' id='word_1_1020' title='bbox 2793 5881 3060 5956; x_wconf 90' lang='lat' dir='ltr'><strong>quomodo</strong></span> <span class='ocrx_word' id='word_1_1021' title='bbox 3081 5882 3270 5940; x_wconf 83' lang='lat' dir='ltr'><strong>loauni</strong></span> <span class='ocrx_word' id='word_1_1022' title='bbox 3299 5882 3351 5938; x_wconf 91' lang='lat' dir='ltr'><strong>in</strong></span> <span class='ocrx_word' id='word_1_1023' title='bbox 3381 5880 3596 5952; x_wconf 89' lang='lat' dir='ltr'><strong>spiritu,</strong></span> <span class='ocrx_word' id='word_1_1024' title='bbox 3625 5882 3872 5954; x_wconf 86' lang='lat' dir='ltr'><strong>paradisi</strong></span> <span class='ocrx_word' id='word_1_1025' title='bbox 3902 5900 3991 5942; x_wconf 82' lang='lat' dir='ltr'><strong>re-</strong></span> 
     </span>
    </p>
   </div>
  </div>
