4202 6496
754 393 888 450 1155

2158 399 2615 459 TERTULLIANI

3908 411 4054 467 11⁸56

749 509 850 563 bus
879 507 1126 578 receptis,
1174 507 1395 579 aliisque
1425 521 1544 580 quae
1570 506 1653 564 vel
1684 508 1898 580 scriptis
1938 511 2018 566 vel
2050 496 2165 569 sine
2205 515 2337 568 seri-
2368 518 2413 578 Α
2442 526 2588 572 certe
2616 524 2665 572 et
2700 515 3055 586 pulcherrima
3098 517 3381 573 ediderunt
3411 520 3627 590 scripta,
3666 536 3785 591 quae
3834 522 4054 592 sigilla~

751 603 857 671 ptis
885 616 912 654 a
943 600 1235 671 majoribus
1264 603 1615 672 accepissent,
1646 602 1698 656 in
1730 602 1911 658 literas
1943 604 2142 670 relatis,
2176 606 2339 660 libros

751 694 1009 762 plurimos
1059 693 1355 763 posteritati
1410 694 1755 765 reliquerunt.
1816 696 2017 763 Quibus
2068 697 2230 753 Caius
2287 710 2341 754 et

750 785 1112 841 Tertullianus
1142 786 1333 843 merito
1376 797 1499 841 sunt
1529 785 1947 855 adnumerandi,
1978 790 2065 859 qui
2110 790 2338 859 plurima

827 902 1095 975 llactenns
1122 902 1217 957 illi.
1248 904 1313 957 Et
1341 920 1467 959 vero
1489 907 1689 959 utinam
1719 913 1951 960 exstaret
1975 902 2141 957 Index
2171 902 2343 975 Septi-

749 976 838 1028 mii
881 974 1202 1045 Tertulliani,
1234 976 1386 1044 cujus
1418 992 1579 1044 supra
1629 977 1689 1031 lit
1716 976 1918 1031 mentio
1950 976 2000 1028 in
2046 974 2342 1045 fragmento

750 1046 869 1101 libri
899 1047 962 1100 de
1009 1043 1235 1101 Vestibus
1261 1043 1431 1100 Aaron
1454 1048 1474 1100 Ι
1492 1043 1603 1101 non
1647 1047 1864 1102 dubium
1896 1048 2020 1114 quin
2054 1043 2339 1101 multorum

752 1127 1031 1189 praeterea
1065 1118 1385 1189 scriptor-tun
1444 1119 1560 1189 ejus
1611 1119 1762 1174 ﬂeret
1820 1120 2039 1172 mentio.
2088 1123 2164 1171 An
2213 1134 2341 1173 vero

754 1190 907 1255 plura
934 1187 1209 1257 scripserit
1240 1187 1496 1243 adversus
1516 1189 1818 1252 harreticos,
1839 1188 2083 1243 dubitare
2101 1206 2187 1243 me
2218 1190 2340 1245 fecit

748 1258 1056 1329 aliquando,
1081 1259 1223 1328 quod
1247 1259 1316 1314 de
1347 1275 1411 1314 eo
1438 1261 1623 1316 scribit
1655 1259 1964 1314 Vincentius
2000 1261 2293 1314 Lirinensis
2323 1279 2335 1314 :

756 1351 774 1381 ι
789 1331 975 1403 Sciunt
989 1329 1340 1403 Marciones,A
1350 1332 1525 1400 pelles,
1538 1332 1771 1397 Praxew,
1784 1330 2179 1403 Hermogench
2188 1333 2343 1396 uilici,

754 1402 996 1467 Gentiles,
1030 1400 1276 1466 Gnostici,
1306 1404 1592 1472 carterique
1614 1418 1837 1470 quorum
1866 1404 1953 1456 ille
1977 1400 2346 1471 ‘blaspliemias

751 1475 933 1527 multis
963 1488 1025 1527 ac.
1056 1474 1262 1542 magnis
1292 1474 1617 1529 voluminum
1648 1490 1863 1529 suorum
1903 1475 2151 1538 molibus,
2200 1474 2347 1527 velut

752 1544 1069 1614 quibusdam
1125 1543 1434 1599 fulminibus
1478 1546 1686 1601 evertit.
1723 1566 1740 1597 ι
1797 1544 2015 1610 Verum,
2061 1561 2178 1597 curn
2225 1544 2343 1597 ani-

750 1613 1012 1669 madverti
1065 1615 1292 1670 omissos
1343 1616 1411 1669 ibi
1476 1616 1860 1671 Valentinianus
1914 1627 1959 1669 et
2018 1616 2340 1681 Quinti/lam,

749 1687 992 1757 aliosque
1019 1701 1242 1742 numero
1266 1686 1359 1752 ‘25,
1389 1703 1615 1757 quorum
1646 1688 1943 1756 catalogum
1978 1698 2219 1741 recenset
2249 1688 2338 1739 lib.

749 1734 1141 1826 ἓὶὲῦὲἇ-Ξεῆἷιῖ
1151 1734 1514 1824 ’ἀᾶυἶῖιέιεῖἕιῖζ
1531 1734 2031 1828 ’ἐπ”ὲιι“ιῖ.’ῖέῖ’ὲίξάιίἑ
2042 1734 2341 1819 ἒᾶϊὶῇἰιὶιὶῖξ
2378 1734 2421 1791 Β

747 1844 947 1897 eosque
987 1829 1243 1883 adversus
1272 1844 1404 1897 quos
1435 1831 1648 1899 scripsit
1686 1830 1802 1884 libri
1833 1830 1895 1881 de
1926 1830 2110 1881 Anima
2140 1838 2341 1896 partem

750 1901 1119 1966 posteriorem,
1155 1899 1420 1954 Simonem
1449 1901 1787 1963 Samaritam,
1820 1900 2198 1967 Carpocratcm,
2231 1899 2344 1951 Mc-

749 1972 1007 2023 namlrnnt
1036 1979 1091 2025 et
1129 1970 1283 2037 alios,
1320 1987 1629 2039 persuasum
1681 1972 1850 2024 habeo
1883 1972 2010 2023 nihil
2043 1971 2146 2025 tale
2190 1971 2346 2024 bodie

749 2040 1061 2111 desiderari.
1083 2041 1260 2107 Quare
1281 2052 1335 2096 et
1362 2042 1421 2095 Β.
1444 2042 1689 2111 Optatum
1709 2042 1951 2105 Milevit.,
1977 2042 2067 2094 lib.
2101 2042 2115 2094 I
2144 2042 2342 2095 advers.

751 2110 1176 2183 l’arnicuiunum,
1196 2110 1504 2183 corruptum
1529 2128 1647 2168 esse
1672 2114 1942 2177 existimo,
1968 2114 2091 2166 dum
2117 2113 2307 2180 legitur
2331 2128 2342 2164 :

755 2202 774 2232 α
803 2182 1016 2245 Murcia,
1078 2182 1327 2249 Praxeas,
1364 2182 1639 2240 'Sabellius
1689 2194 1740 2238 et
1788 2186 1966 2238 catteri
2014 2183 2345 2251 temporibus

748 2254 861 2307 suis
886 2271 911 2304 a
948 2254 1220 2308 Victorino
1260 2256 1596 2319 Pictaviensi,
1627 2265 1681 2309 et
1710 2254 2014 2324 Zepberino
2044 2252 2256 2316 Urbieo,
2294 2264 2348 2307 et

749 2324 1068 2379 Tertullinno
1091 2324 1497 2397 Carthaginiensi
1527 2342 1683 2396 usque
1702 2324 1771 2380 ad
1800 2325 2177 2395 Catapltrygas,
2209 2334 2257 2378 et
2283 2324 2351 2377 ab

2445 609 2535 664 tim
2562 623 2843 664 recensere
2874 611 3153 679 praesentis
3184 610 3408 665 instituti
3440 628 3543 667 non
3575 622 3673 669 est.
3700 614 3939 685 Scripsit
3961 631 4055 670 au-

2446 708 2552 756 tem
2579 702 2639 755 de
2671 699 2949 769 Pudicitia,
2974 710 3103 770 cte.,
3132 712 3185 758 et
3216 703 3395 774 plures
3425 705 3577 761 alios.

2446 904 2565 978 aliis
2589 905 2953 978 adsertoribus
2984 904 3236 961 Ecclesia:
3264 908 3540 962 catholica:
3567 909 3799 978 superati
3830 919 3994 964 sunt.
4036 929 4051 960 ι

2447 976 2703 1031 Sabellius
2729 978 2870 1032 enim
2897 978 3063 1031 multo
3091 989 3207 1046 post
3232 990 3468 1049 tempore
3500 976 3722 1034 hmresin
3753 998 3911 1034 suam
3946 998 4059 1035 cre-

2447 1049 2541 1117 pit,
2570 1050 2883 1103 iutermedio
2912 1064 3101 1117 nempe
3129 1050 3266 1104 inter
3283 1049 3603 1105 Novatianos
3642 1061 3694 1105 ct
3718 1052 4057 1115 DouaLsL-ts,

2445 1120 2586 1186 quod
2619 1122 2695 1173 vel
2738 1135 2801 1175 ex
2835 1130 2993 1174 aetate
3029 1120 3259 1191 Dionysii
3308 1122 3651 1175 Alexandrini
3700 1124 4055 1179 manifestum

2447 1191 2527 1265 lit,
2556 1192 2644 1259 qui
2678 1194 2877 1260 primus
2908 1190 3173 1265 adversus
3214 1190 3503 1246 Sabelliuin
3544 1194 3777 1263 scripsit,
3834 1197 3899 1248 li.
3956 1199 4062 1265 Cy-

2454 1264 2641 1335 priaao
2664 1276 2988 1335 emetaticus,
3019 1263 3109 1335 sed
3143 1264 3337 1335 iunior.
3374 1267 3543 1333 Atque
3571 1266 3700 1318 adeo
3727 1276 3819 1319 aut
3853 1263 4063 1335 aliquis

2452 1334 2586 1388 alius
2632 1333 2914 1389 litt-reticus
2957 1335 3007 1388 in
3060 1334 3233 1387 locum
3284 1334 3398 1404 rjus
3446 1336 3678 1405 suppleri
3726 1333 4066 1399 debet,'aut

2452 1415 2597 1459 certe
2624 1407 2961 1473 castigandus
2996 1407 3063 1457 sit
3091 1406 3316 1471 Optatos
3337 1449 3351 1468 ,
3398 1405 3652 1468 Prnreas,
3686 1406 4062 1475 Sabe/(ianus,

2451 1490 2516 1531 eo
2546 1477 2684 1543 quod
2715 1477 2977 1530 Sabellius
3001 1492 3116 1529 eam
3148 1476 3376 1531 hmresin
3406 1493 3467 1531 ex
3506 1490 3653 1543 parte
3684 1480 4063 1541 resuscitarit,

2452 1562 2569 1601 cum
2605 1549 2879 1601 contendit
2922 1548 3153 1608 Patrem,
3189 1547 3382 1601 Filium
3426 1558 3477 1601 et
3504 1547 3753 1615 Spiritum
3793 1551 4065 1604 Sanctum

2452 1620 2660 1673 unicam
2702 1619 2991 1672 divinitatis
3042 1623 3201 1671 οὐσίαν
3250 1632 3303 1673 et
3348 1620 3654 1689 ltypostasin
3707 1622 3897 1675 fuisse.
3951 1624 4067 1675 (ke-

2453 1700 2645 1754 terum,
2684 1699 2736 1761 ut
2765 1691 2831 1744 de
2862 1692 2924 1743 iis
2951 1690 3102 1761 libris
3124 1694 3281 1743 etiam
3309 1690 3507 1760 aliquid
3539 1692 3775 1745 tlieauuis
3797 1694 3896 1760 qui
3937 1710 4061 1761 per-

2455 1775 2631 1829 peram
2687 1760 3003 1813 Tertulliana
3039 1759 3413 1815 adscrilntntur
3438 1763 3505 1815 ab
3539 1762 3771 1824 Erasiuo,
3814 1763 3890 1816 IX
3922 1759 4069 1817 {om

2452 1847 2669 1900 operum
2719 1833 2776 1885 Β.
2824 1833 3067 1894 llierou.,
3100 1834 3149 1883 in
3204 1833 3408 1899 prunis,
3436 1849 3531 1887 cur
3564 1835 3632 1887 illi
3670 1836 3913 1887 adscribi
3965 1852 4067 1887 non

2452 1904 2619 1971 possit
2647 1903 2782 1956 liber
2821 1904 2882 1954 tle
2908 1920 3023 1954 rem
3066 1901 3499 1966 Circumcisione,
3543 1919 3698 1972 supra
3735 1906 3985 1959 diximus
4019 1910 4065 1958 ut

2453 1974 2781 2042 lraguientis,
2812 1976 3005 2037 Qurcst.
3033 1973 3094 2023 de
3113 1972 3523 2027 Circumcisione.
3551 1974 3711 2029 Multo
3738 1992 3867 2030 vero
3889 1980 4070 2032 minus

2454 2045 2661 2097 adridet
2707 2046 2875 2114 styltts
2929 2045 3043 2097 libri
3086 2045 3153 2095 all
3192 2046 3412 2097 amicum
3458 2057 3699 2116 aegrotum
3730 2090 3741 2103 .
3790 2059 3845 2101 et
3907 2050 4068 2100 etiam

2454 2116 2523 2189 ibi
2553 2117 2843 2189 Scriptura:
2869 2117 3103 2189 citantur
3130 2116 3277 2183 juxta
3302 2117 3589 2189 editionem
3622 2118 3679 2171 Β.
3711 2119 4068 2189 Hieronymi;

2452 2185 2683 2257 denique
2708 2186 2913 2243 nulltnn
2938 2186 3205 2256 dialogum
3239 2187 3519 2256 scripsisse
3546 2189 3735 2257 legitur
3765 2185 4071 2243 Tertullia-

2456 2272 2577 2312 nus.

1922 2546 2800 2634 FRAGMENTUM.

1391 2720 1477 2782 In
1508 2737 1631 2801 quo
1674 2717 2056 2798 discreparet
2086 2735 2123 2777 a
2157 2711 2479 2795 Psychicis
2510 2710 2939 2775 Tertullianns
2967 2713 3373 2775 montanista.

828 2879 1027 2933 Auctor
1054 2872 1173 2930 libri
1202 2871 1288 2928 cui
1335 2870 1519 2926 titulus
1568 2868 2003 2933 Prwdeslinatus,
2049 2864 2143 2920 lib.
2190 2863 2229 2928 1,
2262 2861 2355 2933 qui

753 2972 936 3026 estde
973 2965 1278 3029 literesibus,
1334 2979 1385 3017 n.
1455 2960 1560 3028 26,
1618 2960 1733 3015 [nec
1779 2959 1845 3014 ad
1891 2958 2109 3013 verbum
2154 2954 2349 3010 refert:

764 3086 782 3117 ρ
813 3062 1041 3131 Scripsit
1078 3070 1264 3115 contra
1303 3071 1397 3112 eos
1440 3054 1809 3128 (Montanistas
1836 3068 1930 3108 seu
1963 3044 2356 3121 Cataphrygas)

771 3157 967 3211 librant
1021 3158 1239 3207 sanctus
1294 3147 1471 3215 Soter,
1506 3163 1640 3218 papa
1699 3146 1897 3213 Urbis,
1951 3154 2005 3198 et
2047 3141 2358 3213 Apollonius

2461 2861 2691 2915 animam
2724 2877 2789 2915 ex
2824 2862 3073 2929 traduce,
3110 2863 3160 2917 id
3192 2870 3273 2916 cst
3301 2862 3532 2915 animam
3573 2861 3769 2917 dixerit
3808 2861 3892 2915 ita
3936 2861 4074 2931 gigni

2461 2967 2527 3007 ex
2567 2954 2775 3016 anima,
2817 2954 2954 3007 sicut
2982 2968 3045 3007 ex
3079 2954 3396 3023 corporibus
3425 2968 3652 3023 corpus:
3684 2953 3831 3023 quod
3882 2956 4076 3008 catho-

2464 3044 2561 3100 lica
2613 3044 2745 3099 ﬁdes
2789 3044 3134 3100 vehementer
3177 3056 3477 3100 execratur.
3506 3066 3524 3096 ι

2539 3136 2707 3192 Verba
2769 3136 3113 3203 Tertulliani,
3163 3154 3281 3208 qua:
3340 3137 3499 3193 modo
3544 3138 3984 3209 exscripsimus,
4034 3139 4079 3193 in

762 3246 1117 3317 Ephesiorum
1169 3242 1415 3298 antistes.
1465 3239 1663 3295 Contra
1710 3250 1845 3308 quos
1887 3236 2100 3305 scripsit
2141 3233 2356 3288 Tertul—
2386 3271 2429 3333 Ο
2469 3230 2720 3299 operibus
2769 3231 2887 3300 ejus
2928 3246 3049 3301 qua:
3100 3240 3313 3285 exstant
3366 3248 3469 3286 non
3516 3234 3894 3301 reperiuntur.
3954 3234 4081 3288 llinc

759 3341 957 3399 lianus.
979 3336 1259 3408 presbyter
1306 3330 1774 3402 carthaginiensis.
1838 3328 1935 3395 Qui
1991 3342 2111 3382 cum
2175 3324 2356 3379 omnia

760 3431 901 3487 bene
938 3437 994 3484 et
1031 3429 1200 3498 prime
1229 3435 1283 3481 et
1314 3422 1799 3492 incomparabiliter
1826 3420 2134 3489 scripserit,
2168 3417 2221 3471 in
2254 3417 2355 3472 hoc

760 3523 932 3577 solum
984 3535 1045 3576 se
1092 3516 1573 3589 repreliensibilem
1624 3513 1784 3580 fecit,
1835 3512 1977 3583 quod
2043 3510 2354 3565 Montanum

762 3613 1029 3679 defendit,
1063 3626 1226 3682 agens
1262 3618 1447 3665 contra
1476 3608 1741 3672 Soterem,
1783 3618 1944 3673 supra
1964 3603 2163 3658 dictum
2196 3599 2356 3656 Urbis

766 3722 990 3777 papam,
1042 3717 1291 3759 asserens
1337 3701 1467 3756 falsa
1515 3713 1636 3755 esse
1679 3696 1747 3751 de
1793 3695 2053 3766 sanguine
2100 3692 2351 3757 infantis,

766 3799 1085 3854 Trinitatem
1131 3796 1184 3850 in
1226 3796 1428 3850 unitate
1466 3792 1713 3858 deitatis,
1758 3792 2125 3863 ptenitcntiam
2157 3788 2355 3858 lapsis,

769 3892 1042 3963 mysteriis
1085 3888 1290 3945 eisdem
1330 3903 1492 3943 unum
1533 3885 1732 3957 pascha
1774 3885 2070 3939 nobiseum.
2119 3879 2230 3935 Hoc
2274 3895 2357 3933 so-

773 3984 879 4037 lum
916 3984 1260 4054 discrepantus
1279 4022 1295 4049 ,
1339 3980 1543 4050 inquit,
1574 3976 1710 4049 quod
1737 3976 1989 4030 secundas
2030 3974 2232 4043 nuptias
2261 3987 2364 4025 non

772 4076 1082 4146 recipimus,
1122 4083 1169 4128 et
1207 4072 1525 4144 prapltetiam
1571 4068 1809 4123 Montani
1848 4068 1910 4119 de
1955 4070 2127 4137 futuro
2165 4064 2364 4135 judicio

776 4186 879 4225 non
916 4184 1224 4225 recusamus.
1266 4164 1535 4235 Objiciunt
1571 4162 1785 4234 quidam
1826 4159 2185 4225 Tcrtulliano,
2224 4156 2367 4229 quod

2464 3322 2785 3377 concludere
2835 3322 2955 3378 licet
3002 3338 3123 3378 cum
3171 3324 3489 3393 Daellingero
3535 3324 3777 3396 (Origin.
3828 3326 3910 3378 du
3940 3325 4081 3379 Citri—

2462 3415 2614 3469 stian.
2657 3413 2722 3469 T.
2772 3414 2812 3480 Ι,
2874 3432 2921 3469 c.
2979 3414 3073 3479 27,
3128 3415 3263 3469 trad.
3326 3416 3388 3469 L.
3437 3415 3645 3488 Boré),
3692 3432 3756 3471 ea
3817 3428 4083 3487 excerpta

2461 3507 2627 3563 fuisse
2672 3524 2736 3562 ex
2786 3524 2955 3577 opere
3021 3509 3251 3578 quodam
3320 3510 3486 3563 nostri
3563 3511 3802 3564 auctoris
3870 3522 4084 3567 monta-

2462 3602 2614 3655 nistze
2654 3600 2974 3671 jampridem
3031 3602 3250 3655 amisso.
3296 3602 3364 3656 At
3415 3603 3654 3673 quilibet,
3712 3607 3949 3662 nemine
3978 3622 4085 3661 rno-

2461 3699 2621 3746 nente
2655 3733 2670 3756 ,
2723 3691 2877 3745 facile
2936 3691 3080 3747 videt
3133 3692 3517 3746 Tertullianum
3582 3709 3683 3748 non
3749 3694 3933 3750 fuisse
4003 3695 4089 3750 Suo

2464 3784 2592 3839 teris
2623 3784 3234 3853 Papaeimpugnatorem
3304 3799 3581 3849 cozevum,
3640 3801 3776 3849 nec,
3840 3797 3906 3841 ut
3976 3788 4086 3856 qni-

2464 3875 2585 3930 dam
2638 3887 3013 3943 asscruerunt,
3062 3876 3491 3933 Tertullianistas
3548 3880 3709 3933 luisse
3758 3895 3790 3933 a
3838 3880 3903 3935 S.
3958 3880 4085 3949 Papa

2466 3969 2779 4036 damnatos,
2826 3972 3094 4041 siquidem
3142 3972 3342 4040 liquido
3383 3981 3593 4027 constat
3628 4014 3642 4035 ,
3685 3973 4088 4027 Tertullianum

2470 4074 2590 4133 post
2621 4065 2830 4135 triginta
2864 4080 3030 4135 prOpe
3060 4080 3231 4120 annos
3262 4067 3328 4120 ab
3386 4067 3532 4121 obitu
3585 4066 3797 4123 Soteris
3858 4068 4088 4123 hzercsin

2472 4155 2704 4211 Montani
2735 4157 3091 4226 amplexatum
3115 4158 3295 4214 fuisse.
3313 4189 3385 4198 —
3403 4159 3535 4213 Ean.

806 4310 4067 4337 mm

1819 4393 2484 4581 appetiuit:
2557 4392 3039 4577 quinta.

1946 4826 2025 4887 IN
2070 4824 2350 4888 LIBROS
2393 4825 2935 4889 TERTULLIANI

863 5012 1108 5128 DE
1156 5003 2097 5141 κιρ-[πεινιο
2155 5006 2390 5121 Εἰ·
2442 5007 2680 5117 n1:
2730 5007 4036 5153 PmNITEN'ru.

957 5242 1436 5292 ADNOTATIONES
1482 5242 1544 5283 Β.
1592 5239 1649 5283 P.
1688 5240 1753 5283 D.
1790 5237 2159 5283 CORBINIANI
2202 5235 2352 5279 T80!

2459 5264 2467 5292 ,
2504 5236 2794 5281 MONACHI
2838 5238 3275 5302 BENEDICTINI,
3323 5246 3360 5288 Ε
3396 5246 3955 5299 CONGREGATIONE

2011 5341 2062 5385 8ο
2099 5339 2382 5384 SPIRITUS
2416 5339 2479 5383 IN
2523 5338 2827 5387 BAVARIA.

1442 5475 1773 5532 MONITUM.

876 5578 1113 5633 Domnus
1163 5571 1515 5629 Corbinianus
1562 5570 1812 5633 Thomas,
1863 5568 2109 5636 Augusta:
2153 5565 2390 5623 Vindeli-

806 5688 1015 5735 corum,
1067 5684 1207 5725 anno
1256 5666 1431 5723 1094.
1488 5678 1676 5729 Italus,
1735 5662 2055 5717 monachum
2110 5659 2281 5715 induit
2336 5659 2391 5714 in

806 5764 1065 5836 imperiali
1096 5761 1421 5817 monasterio
1444 5756 1809 5825 Elcbingeusi,
1844 5770 1985 5809 anno
2021 5753 2176 5809 1715.

878 5859 1067 5913 Multus
1108 5869 1278 5909 annos
1306 5852 1359 5907 in
1391 5851 1735 5907 universitate
1762 5847 2172 5918 Salisbttrgensi,
2203 5860 2393 5915 magna

812 5951 1069 6011 doctrina:
1118 5950 1291 6015 latina,
1346 5944 1750 6001 mathematicas
1798 5941 2014 5998 tradidit
2061 5940 2393 6011 disciplinas.

2414 5474 2466 5533 D
2495 5473 2683 5530 Postea
2728 5489 2894 5531 sacrae
2953 5480 3234 5550 theologia:
3287 5485 3563 5551 professor
3609 5497 3942 5557 cooptatus,
3999 5508 4099 5545 om-

2495 5567 2684 5629 nium,
2740 5568 2877 5623 sicut
2923 5570 3103 5639 prius,
3154 5572 3259 5627 sibi
3300 5576 3604 5632 conciliavit
3655 5579 4098 5640 admirationem.

2498 5656 2633 5712 Dum
2661 5657 2744 5715 his
2775 5663 2875 5715 rite
2901 5662 3162 5717 obeundis
3186 5669 3498 5724 muneribus
3528 5670 3843 5741 insudaret,
3894 5680 4099 5748 plurima

2498 5751 2843 5809 nihilominus
2885 5754 3278 5827 elegantissima
3329 5760 3755 5834 doctissimaquc
3803 5786 3983 5839 opera
4036 5771 4098 5821 (ll-

2499 5848 2637 5902 versi
2678 5849 2890 5919 generis
2941 5850 2991 5905 in
3044 5852 3219 5907 lucem
3262 5853 3451 5922 edidit,
3506 5873 3735 5928 quorum
3808 5867 4099 5935 mtalogtm:

2500 5950 2851 6013 repraesentat
2895 5942 2955 5999 Ι).
2987 5943 3365 6017 Ziegelbauer,
3416 5949 3466 6007 itt
3494 5964 3591 6006 sua
3639 5950 3791 6008 Hist.
3846 5958 3928 6011 rei
3984 5958 4095 6011 tua.
