4202 6496
134 414 270 472 1157

987 417 1325 477 ΛΡΡΕΝΒΙΧ
1366 416 1642 485 ΟυΙΝΤΛ,
1686 415 2209 475 ANNOTATIONES
2245 417 2649 477 CORBINIANI.

3292 431 3431 487 1158

135 532 263 586 0rd.
314 533 375 587 S.
428 532 653 601 llened.,
684 542 721 588 t.
768 532 806 587 ll
830 576 844 600 ,
876 549 927 605 p.
951 534 1097 599 220;
1139 545 1176 590 t.
1217 533 1305 599 IV,
1347 549 1400 603 p.
1439 534 1569 598 265,
1599 534 1722 600 30st,
1758 548 1806 606 Α
1838 536 2037 589 tardius
2062 536 2112 589 in
2147 544 2355 591 nostras
2395 553 2585 593 manus
2630 548 3019 609 pervenerunt,
3055 552 3113 597 ιιι
3144 557 3243 599 suo
3280 560 3427 615 quae-

129 628 257 681 SII.
320 627 436 681 Viti.
492 628 653 683 etiam
700 627 939 683 Biblioth.
1003 633 1177 701 gener.
1244 630 1330 683 des
1369 630 1616 684 ét‘rirnins
1664 628 1725 683 de

128 720 302 775 FOrd.
335 722 396 775 de
425 721 485 776 S.
512 721 717 787 Benoit,
753 733 789 779 ι.
824 723 886 778 Ill
918 767 929 786 ,
975 739 1027 795 p.
1065 726 1189 781 154.

200 814 311 870 Nec
341 814 423 869 his
448 826 729 871 contentus
762 815 859 873 fuit
883 817 1119 873 Thomas
1150 827 1365 881 noster;
1397 833 1624 887 namque
1642 827 1725 873 at-

125 904 389 971 tendens,
425 916 477 960 ut
511 908 622 975 ipse
650 910 742 973 ait,
774 928 791 960 ι
829 909 967 978 quod
1017 925 1075 962 ea
1109 912 1125 979 (
1156 909 1252 965 SS.
1285 910 1500 965 Patrum
1532 910 1724 981 lectio)

124 996 339 1051 clericis
373 1001 666 1068 prrescrtim
698 1002 746 1055 in
775 1016 987 1056 omnem
1016 1014 1225 1057 :etatein
1253 1020 1459 1059 summe
1494 1005 1727 1073 prolieua

125 1106 192 1145 ac
220 1092 617 1150 delectabilis...
645 1105 807 1160 esset,
838 1116 856 1146 ι
891 1095 1275 1150 Tertullianum
1308 1112 1591 1166 aggressus
1621 1106 1725 1163 est,

124 1193 183 1239 et
227 1185 421 1240 librum
471 1186 531 1239 de
568 1185 1043 1257 I’razscriptionibus
1064 1232 1077 1253 ,
1108 1200 1265 1256 atque
1294 1190 1355 1243 de
1395 1188 1655 1257 Baptismo
1682 1198 1729 1242 et

128 1274 442 1331 Poenitentia
498 1278 696 1347 publici
747 1280 886 1348 juris
951 1280 1073 1335 fecit
1126 1280 1494 1351 (Salisburgi,
1556 1279 1728 1345 1752,

127 1369 319 1441 1755).
353 1370 481 1436 Sed,
516 1392 531 1422 ‹
568 1380 626 1426 ut
656 1372 733 1445 (I)
769 1374 880 1427 afer
910 1374 1145 1443 ejusdem
1170 1373 1531 1447 (Tertulliani)
1561 1374 1730 1445 stylus

126 1464 279 1517 velut
305 1474 512 1519 exusta:
555 1465 694 1519 illius
723 1466 1065 1538 Carthaginis
1111 1466 1307 1521 favillis
1350 1481 1729 1536 nonnunquam

125 1556 337 1612 obsitus
385 1567 436 1609 ct
475 1558 793 1613 obscuratus
820 1568 933 1627 est,
977 1576 1298 1629 quamquam
1336 1561 1366 1612 ii
1398 1574 1608 1629 quoque
1640 1560 1729 1629 qui

125 1648 380 1703 eumdem
410 1658 662 1719 carpunt,
716 1651 851 1705 mire
894 1665 951 1705 se
987 1652 1056 1705 ab
1086 1652 1274 1706 eodem
1321 1652 1437 1721 capi
1480 1666 1729 1706 nonnun-

125 1757 295 1813 quam
314 1742 415 1811 ipsi
444 1741 696 1807 fatentur;
728 1744 796 1797 ita
823 1743 1091 1814 pleneque
1119 1745 1235 1813 ejus
1253 1744 1529 1799 sententiae
1558 1745 1730 1798 lucem

126 1835 236 1889 sibi
290 1834 488 1889 infundi
531 1836 655 1905 jure
709 1838 1013 1907 postulant:
1049 1837 1207 1909 idque
1237 1853 1303 1893 eo
1334 1839 1503 1908 magis
1529 1880 1542 1903 ,
1590 1837 1729 1908 quod

1831 643 1932 695 que
1964 627 2080 682 loco
2106 628 2490 685 insererentur.
2544 629 2601 685 Si
2629 632 2749 702 quis
2789 631 2927 689 forte
2981 646 3238 703 queratur
3282 637 3426 707 quod

1832 728 1971 773 notae
2017 718 2119 772 illa:
2160 737 2177 769 ι
2235 719 2379 774 velut
2420 721 2626 791 spiculo
2674 723 2878 779 minuta
2928 740 3151 796 qineque
3202 727 3425 797 conqui-

1833 818 1985 871 rant,
2027 827 2045 859 ι
2079 808 2369 879 respondet
2416 811 2476 865 D.
2521 810 2754 867 Thomas
2797 828 2856 869 se
2891 836 2909 866 ε
2964 831 3069 869 non
3101 816 3272 872 doctis
3311 817 3428 873 hiec

1834 900 2242 969 scripsisse,sed
2265 901 2519 957 docendis
2542 922 2561 953 ι
2588 920 2603 969 ;
2626 904 2815 973 quibus
2844 904 2989 959 addit
3019 928 3036 957 ι
3064 908 3222 962 etiam
3262 910 3428 964 multo

1835 990 2033 1047 leviora
2088 993 2403 1065 quandoque
2448 1003 2531 1047 sat
2579 995 2775 1065 negotii
2851 995 3115 1054 facessere
3190 1014 3367 1069 posse.
3404 1020 3422 1051 s

1836 1087 2052 1157 Aliquot
2104 1096 2277 1143 tamen
2326 1088 2535 1143 notulas
2575 1089 2771 1159 passim
2810 1093 3122 1159 omisimus,
3153 1093 3430 1150 brevitatis

1836 1194 2053 1243 caussa;
2085 1188 2171 1246 at,
2203 1179 2418 1234 lectoris
2450 1180 2659 1235 utilitati
2706 1182 2867 1237 simul
2904 1192 2958 1239 et
3000 1184 3253 1255 voluptati
3302 1202 3430 1242 con-

1839 1273 2076 1327 sulentes
2101 1314 2115 1338 ,
2151 1273 2523 1329 intercalarent
2555 1274 2870 1330 retinuimus
2899 1276 3329 1335 dissertationem
3362 1280 3427 1335 ad

1837 1366 2167 1436 Baptismum
2190 1375 2244 1421 et
2270 1366 2644 1421 Paenitentiam
2666 1379 3017 1438 Spectantem,
3038 1370 3279 1443 duasque
3300 1376 3431 1430 alias

1838 1458 1902 1512 de
1927 1476 2022 1512 usu
2052 1469 2097 1513 et
2128 1462 2428 1515 auctoritate
2455 1459 2792 1528 Tertulliani,
2825 1464 3099 1521 breviores
3138 1476 3341 1522 tantum
3374 1486 3435 1525 ac

1834 1550 2161 1620 jejuniorcs,
2196 1552 2461 1607 interdum
2504 1555 2664 1609 etiam
2705 1565 2853 1610 extra
2894 1572 3111 1629 seupum
3155 1571 3430 1629 vagantes,

1841 1654 2125 1715 utcumque
2156 1645 2337 1712 licuit,
2385 1650 2647 1717 prooemio
2678 1648 3039 1707 refuntlendas
3066 1654 3393 1709 curavimus.

1910 1739 2015 1793 (Zur
2041 1748 2217 1795 autem
2249 1740 2527 1810 speciatim
2571 1741 2735 1797 libros
2762 1744 2827 1798 de
2866 1742 3130 1814 Baptismo
3156 1748 3284 1801 etde
3316 1748 3433 1803 Pa:-

1842 1833 2051 1885 nitentia
2082 1832 2446 1903 vulgaveritet
2472 1833 2808 1892 adnotaverit
2853 1838 2914 1891 D.
2944 1838 3179 1895 Thomas
3211 1852 3393 1897 noster
3413 1884 3428 1907 ,

128 1925 221 1981 hic
248 1937 433 1983 auctor
467 1930 881 1996 vetustissitttus,
908 1944 969 1985 ac
998 1946 1063 1986 ex
1108 1931 1284 1985 latinis
1316 1946 1451 1985 unus
1476 1931 1545 1984 sit
1571 1946 1727 2000 quem
1761 1955 1808 2015 Β
1840 1924 1908 1979 ab
1937 1924 2052 1995 ipso
2097 1924 2374 1994 discimus,
2402 1927 2456 1982 in
2482 1943 2639 1998 supra
2668 1929 2807 1984 dicta
2836 1931 3144 2001 przefatiune
3170 1949 3183 1985 :
3224 1952 3241 1983 ι
3276 1934 3427 1989 llunc

127 2021 235 2075 sibi
271 2037 337 2075 ex
365 2022 788 2077 reconditissima
816 2024 901 2077 illa
930 2032 1087 2079 aetate
1117 2039 1283 2093 prope
1314 2024 1577 2094 integrum
1610 2025 1728 2079 vin-

128 2112 333 2168 dicavit
361 2118 642 2183 posteritas
665 2157 677 2178 ,
710 2130 775 2170 ex
806 2131 911 2185 quo
941 2117 1218 2186 disciplina
1260 2118 1470 2173 illorum
1522 2129 1729 2188 tempo-

126 2223 286 2272 rum,
320 2210 656 2279 maximeque
712 2210 763 2264 in
793 2210 1036 2264 ecclesiis
1067 2210 1335 2275 africauis,
1361 2228 1479 2282 quze
1506 2213 1731 2282 primam

126 2300 395 2370 originem
440 2315 589 2354 suam
628 2300 825 2355 debent
866 2300 1139 2368 Romame,
1196 2313 1355 2372 atque
1383 2304 1515 2357 adeo
1539 2303 1605 2356 ab
1636 2303 1735 2357 hac

130 2393 393 2463 primitus
426 2394 573 2447 illam
614 2404 953 2464 acceperant,
988 2396 1052 2449 ad
1084 2407 1317 2450 nostram
1379 2412 1545 2467 usque
1592 2399 1733 2451 noti-

132 2484 267 2537 tiam
325 2484 559 2554 profecta
612 2484 740 2539 fuit:
774 2502 891 2555 qua:
922 2502 1008 2540 res
1060 2504 1188 2541 sane
1222 2489 1272 2541 in
1308 2488 1570 2558 theologia
1600 2489 1733 2558 dog-

129 2577 329 2628 matica
364 2575 500 2629 hami
534 2576 676 2643 parvi
740 2578 998 2631 momenti
1049 2580 1357 2632 mstintauda
1400 2590 1498 2633 est.
1542 2600 1560 2630 ι
1608 2579 1734 2634 Inde

127 2667 509 2722 adnotatioues
558 2684 715 2737 quant
747 2669 1011 2739 plurimm,
1057 2670 1248 2739 quibus
1277 2670 1591 2727 Tertulliani
1627 2682 1736 2727 tres

131 2762 235 2814 hos
260 2760 422 2814 libros
450 2761 725 2816 adornavit
758 2764 815 2817 l).
852 2762 1105 2828 Thomas,
1141 2780 1379 2834 quasque
1422 2766 1485 2819 ad
1531 2766 1733 2819 calcem

130 2852 297 2924 hujus
352 2856 482 2908 torni
552 2855 769 2909 secundi
832 2857 1053 2927 rejici-re
1098 2857 1414 2921 debuimus,
1468 2857 1731 2928 siquidem

210 3037 295 3108 (I)
344 3036 555 3109 [δι-(πται.
588 3040 652 3089 ad
681 3039 768 3091 lib.
796 3039 859 3091 de
888 3038 1041 3110 Bapt.
1082 3051 1126 3094 et
1154 3040 1343 3096 Posuit.

1837 2019 1993 2088 igitur
2015 2028 2307 2085 auctorem,
2335 2022 2524 2092 inquit,
2550 2024 2912 2079 studiosorum
2929 2027 3173 2081 manibus
3192 2029 3428 2083 inserere

1837 2112 2002 2178 volui,
2039 2121 2146 2167 tum
2171 2121 2228 2166 ut
2258 2113 2376 2183 quis
2401 2114 2654 2184 Baptismi
2678 2125 2731 2171 et
2760 2116 3100 2173 Ptenitentize
3129 2134 3435 2176 sacramen-

1841 2215 2037 2271 torum,
2066 2204 2132 2259 ad
2173 2206 2396 2261 salutem
2446 2209 2678 2263 maxime
2731 2211 3195 2279 necessariorum,
3241 2214 3293 2268 in
3329 2215 3436 2284 pri-

1840 2300 2022 2353 mitiva
2067 2298 2306 2354 Ecclesia
2352 2300 2576 2371 ejusque
2631 2303 2800 2358 altero
2845 2320 2965 2359 mox
3022 2306 3255 2372 s:cculo,
3311 2323 3431 2363 cum

1842 2392 2158 2448 traditiones
2211 2393 2387 2449 adhuc
2437 2404 2684 2453 recentes
2737 2408 2892 2454 erant
2938 2401 3263 2472 minimeque
3320 2421 3436 2458 sus-

1840 2493 2009 2553 pectae
2039 2498 2157 2539 esse
2180 2493 2450 2554 poterant,
2490 2502 2614 2542 usus
2644 2486 2819 2556 fuerit,
2867 2492 3109 2549 nonnihil
3137 2496 3437 2552 accuratius

1839 2575 2205 2647 perspiciant;
2236 2586 2344 2631 tum
2373 2586 2433 2632 ut
2463 2579 2803 2650 antiquorum
2838 2582 3055 2639 Patrqu
3088 2586 3285 2654 scripta
3329 2604 3434 2641 non

1842 2675 2043 2729 cursim
2066 2675 2334 2746 nimisque
2360 2688 2709 2747 properanter
2731 2683 3114 2746 transmittere,
3134 2685 3225 2738 sed
3251 2686 3439 2740 iisdem

1839 2766 1999 2837 paulo
2047 2770 2215 2839 magis
2276 2771 2585 2837 immorari,
2636 2787 2740 2827 non
2794 2784 2970 2830 tamen
3018 2777 3108 2830 nni
3158 2777 3441 2848 eidemque

1837 2858 2047 2927 penitus
2098 2860 2309 2916 immori
2338 2903 2352 2926 ,
2402 2861 2649 2930 discant;
2682 2865 2761 2919 sic
2806 2868 2948 2922 enim
3000 2869 3105 2924 illis
3133 2869 3309 2924 debita
3339 2887 3442 2925 aes-

1842 2948 2070 3018 timatio,
2102 2951 2288 3021 hisque
2316 2954 2445 3023 ipsis
2492 2956 2679 3025 ingens
2708 2958 2907 3014 utilitas
2953 2961 3302 3034 voluptasque
3343 2978 3438 3018 ac-

1843 3044 2017 3100 cedet.
2059 3064 2079 3099 s
2116 3046 2246 3101 Eon.

136 3165 3408 3213 Μ

1319 3269 2280 3407 ELENCHUS

1519 3466 2050 3555 CAPITUM

876 3617 1392 3731 LIBRI
1463 3617 1702 3731 DE
1782 3622 2785 3744 BAPTISMO.

128 3798 315 3868 Caput
362 3794 403 3851 I.
458 3792 739 3849 Utilitatem
776 3799 822 3845 et
870 3790 1181 3844 occasionem
1229 3789 1384 3854 huius
1442 3790 1731 3860 scriptionis
1758 3798 1802 3859 ί]
1837 3792 1905 3847 Χ.
1961 3795 2228 3862 Quomodo
2277 3800 2466 3855 Christi
2503 3802 2798 3874 Baptismus
2845 3808 3050 3877 differat
3094 3828 3127 3866 a
3177 3810 3440 3886 Baptismo

209 3892 397 3946 aperit.

312 3910 397 3944 ru.

131 3910 508 4043 ILall’iicreduli
535 3982 857 4051 simplicitate
888 3979 1137 4050 Baptismi
1181 3989 1225 4034 et
1266 3980 1616 4049 magnitudine
1661 3983 1741 4052 ef-

213 4085 375 4151 fectus
396 4076 750 4145 oﬂenduntur,
796 4089 909 4144 quae
932 4074 1091 4144 magis
1133 4072 1459 4127 admirationi
1487 4074 1610 4143 ipsis
1636 4089 1743 4127 esse

214 4172 468 4227 deberent.

134 4263 240 4319 III.
274 4261 533 4317 Elemento
552 4275 698 4331 aqua:
718 4260 831 4331 jam
854 4259 907 4312 in
925 4259 1100 4312 mundi
1122 4259 1414 4329 primordiis
1432 4259 1742 4330 singularem

218 4358 319 4409 vim
346 4364 390 4409 et
414 4354 697 4426 efﬁcaciam
724 4352 995 4407 animandi
1021 4353 1262 4406 insertam
1307 4353 1464 4424 fuisse
1506 4353 1740 4407 demons-

221 4458 321 4501 trat
330 4487 342 4501 .

135 4540 242 4597 IV.
270 4538 587 4593 Elementum
609 4553 755 4608 aqua:
784 4552 892 4606 pra:
912 4538 1126 4605 creteris,
1152 4546 1205 4591 nt
1227 4537 1295 4590 ad
1325 4536 1745 4605 sanctiﬁcandam

219 4633 443 4685 animam
473 4639 832 4694 assumeretur,
876 4629 1112 4683 idoneum
1143 4631 1299 4697 fuisse
1329 4632 1563 4686 ostendit.

138 4725 216 4781 V.
262 4723 453 4795 Maiori
484 4723 653 4791 utique
664 4723 785 4791 jure
824 4738 855 4774 a
896 4721 1219 4785 Christianis,
1267 4738 1417 4790 quam
1441 4723 1743 4793 gentilibus,

220 4816 320 4869 vim
347 4814 584 4882 expiandi
615 4823 818 4884 peccata
836 4854 849 4877 ,
879 4813 929 4865 in
954 4829 1088 4881 aqua
1116 4813 1354 4884 constitui
1390 4814 1552 4868 docet.

138 4908 241 4965 VI.
283 4906 350 4961 In
398 4923 529 4978 aqua
581 4922 669 4975 per
713 4904 1032 4975 Baptisntuin
1080 4906 1379 4960 emundalos
1430 4908 1501 4960 ad
1552 4909 1747 4977 majora

224 5000 451 5070 Spiritus
474 4998 653 5052 Sancti
684 4997 819 5051 dona
849 5012 939 5052 nos
974 4998 1254 5067 prwparari
1280 4998 1441 5052 docet.

143 5091 265 5147 VII.
311 5089 390 5144 De
413 5090 649 5143 unctione
686 5101 797 5158 post
826 5088 1145 5159 Baptismuin
1174 5090 1403 5143 adhiberi
1433 5100 1689 5146 consueta.

143 5181 285 5237 VIII.
323 5180 400 5235 De
436 5182 759 5251 impositione
784 5198 1022 5235 manuum
1062 5192 1171 5252 post
1200 5181 1549 5251 Bnptismmn,
1584 5184 1747 5239 illius.

222 5290 318 5344 quc
341 5275 731 5343 signiﬁcatione.

143 5368 246 5425 IX.
321 5368 486 5421 Variis
534 5368 830 5437 Baptismus
882 5370 1057 5439 ﬁguris
1105 5372 1156 5423 in
1224 5370 1387 5425 Veteri
1429 5372 1752 5427 Testamento

224 5472 667 5536 prwntonstratur,
699 5472 744 5517 et
770 5466 820 5517 in
860 5463 1006 5518 Novo
1033 5466 1387 5534 conﬁrmatur.

1915 3889 2134 3945 Joannis
2148 3893 2173 3945 ?

1846 3980 1934 4036 XI.
1980 3984 2235 4040 Christum
2288 4006 2389 4045 non
2435 3993 2637 4063 quidem
2693 4012 2783 4067 per
2840 4010 3035 4067 semet,
3082 4011 3305 4059 attamen
3352 4024 3444 4077 per

1915 4078 2185 4143 Apostolos
2215 4081 2515 4153 baptizasse.

1848 4166 1960 4224 XII.
1995 4172 2075 4225 An
2126 4174 2355 4245 Apostoli
2402 4178 2553 4231 etiam
2602 4179 2734 4251 ipsi,
2763 4191 2812 4235 et
2849 4199 2949 4255 quo
2976 4183 3241 4257 Baptismo
3285 4191 3446 4247 abluti

1918 4266 2106 4335 fuerint
2128 4266 2150 4319 ?

1848 4355 1985 4413 XIII.
2035 4358 2108 4414 De
2156 4362 2451 4418 necessitate
2475 4362 2734 4436 Baptismi
2764 4368 2995 4425 omnibus
3027 4372 3314 4429 hominibus
3356 4376 3439 4430 in-

1919 4451 2088 4505 ducta.

1849 4544 1986 4603 XIV.
2021 4544 2287 4611 Quomodo
2313 4549 2698 4622 intelligendum
2728 4552 2790 4607 sit
2821 4552 2951 4607 illud
2976 4552 3038 4610 S.
3087 4552 3243 4611 Pauli
3272 4555 3287 4610 I
3324 4558 3441 4613 Cor.

1920 4660 1966 4698 ο.
1993 4641 2008 4695 1
2031 4687 2045 4711 ,
2082 4645 2170 4709 17,
2212 4644 2323 4700 Non
2366 4645 2510 4699 misit
2538 4660 2625 4701 me
2645 4642 2888 4700 Christus
2918 4646 3205 4717 baptizare,
3230 4659 3325 4705 etc.
3350 4652 3376 4705 ?

1850 4739 1965 4796 XV.
2013 4738 2183 4794 Unum
2208 4755 2353 4811 aqua:
2399 4738 2718 4809 Baptismum
2752 4756 2885 4809 esse,
2918 4758 2978 4795 ac
3024 4744 3236 4813 proinde
3271 4748 3448 4800 iterari

1923 4851 2023 4889 non
2065 4850 2229 4904 posse.

1850 4926 1989 4981 XVI.
2037 4926 2112 4981 De
2140 4925 2402 4997 Baptismo
2428 4926 2709 4998 sanguinis.

1852 5021 2011 5078 XVII.
2046 5020 2121 5075 De
2172 5021 2399 5076 ministro
2427 5019 2701 5091 Baptismi,
2748 5019 3010 5075 ordinario
3054 5029 3102 5074 et
3146 5004 3445 5076 extraordi-

1925 5118 2089 5170 nario.

1857 5210 2041 5268 XVIII.
2084 5208 2162 5264 De
2190 5210 2412 5277 subiecto
2438 5208 2708 5281 Baptismi.

1857 5303 1999 5358 XIX.
2050 5300 2127 5355 De
2153 5311 2372 5370 tempore
2396 5300 2652 5371 Baptismi
2678 5302 2991 5371 conferendi.

1857 5394 1976 5450 XX.
2012 5392 2090 5448 De
2130 5394 2501 5464 prteparatione
2528 5392 2597 5447 ad
2624 5390 2944 5464 Baptismum
2967 5395 3266 5450 necessaria.

1444 5558 1600 5614 Nota:
1624 5558 1692 5611 ad
1734 5567 1886 5629 caput
1926 5556 2167 5626 primum.

227 5650 389 5721 Aquis
411 5658 615 5721 nostrae.
634 5648 877 5721 Vulgaris
901 5649 1151 5703 nimirum
1175 5665 1238 5705 ac
1259 5650 1618 5712 elementaris.
1641 5665 1742 5705 ceu
1775 5652 1825 5710 D
1855 5649 2102 5721 idemque
2142 5646 2193 5702 id
2222 5647 2273 5721 in
2297 5647 2545 5704 omnibus
2570 5646 2696 5721 est),
2722 5646 2815 5703 sed
2840 5645 3183 5717 personalium
3208 5662 3438 5721 quoque,

146 5720 477 5794 quotidianis
492 5720 674 5774 nostris
687 5719 857 5774 usibus
873 5721 1045 5774 ubivis
1058 5722 1249 5794 obviae,
1268 5732 1319 5777 et
1340 5739 1432 5790 pro
1448 5723 1516 5794 Ba
1526 5724 1737 5791 ptismo,

147 5791 220 5850 ad
244 5791 475 5849 salutem
499 5802 737 5846 nostram
766 5801 870 5845 tam
891 5793 1214 5855 necessario,
1241 5802 1423 5861 paratu
1449 5793 1732 5848 facillimae.

232 5864 388 5930 Quia.
423 5863 594 5932 Prope
614 5872 766 5918 estut
788 5862 968 5916 malim
987 5879 1119 5931 qum,
1140 5865 1383 5919 videlicet
1404 5882 1567 5933 aquw.

230 5933 464 5991 Delictis.
484 5934 597 5991 Non
623 5936 823 6005 peccati
844 5944 1045 5992 tantum
1068 5936 1354 6007 originalis-
1369 5938 1554 6006 (unum
1597 5936 1741 5992 enim

1852 5717 2371 5845 ωὲᾞῖἶαῖῗῖἕὲυι
2391 5790 2531 5843 enim
2554 5790 2754 5844 eiecims
2779 5799 2860 5845 est
2887 5788 3134 5859 quaedam
3163 5807 3298 5847 mors
3310 5793 3452 5847 oculi

1840 5864 2087 5929 carnalis,
2103 5861 2348 5917 eumdem
2364 5862 2507 5915 omni
2530 5875 2629 5917 suo
2651 5861 2829 5931 vigore
2850 5876 2912 5915 ac
2941 5860 3085 5915 velut
3110 5862 3214 5916 vita
3233 5863 3450 5929 orbans,

1853 5936 1930 5993 sic
1952 5951 1980 5991 c
2002 5935 2268 5990 contrario
2300 5949 2395 6005 per
2427 5933 2752 6002 Baptismum
2780 5932 2972 5989 anima:
2990 5933 3168 5999 oculo,
3200 5947 3295 6003 per
3317 5950 3440 6009 pec-
