4202 6496
770 411 910 470 H59

2189 405 2656 468 TERTULLIANI

3931 409 4068 468 “40

775 537 951 584 catum
982 535 1270 594 exctecato,
1303 525 1436 583 visus
1463 524 1778 596 restituitur.
1819 523 2140 596 isquenova
2173 522 2358 596 gratia;
2385 523 2441 579 Α
2476 543 2494 573 ι
2538 524 2768 580 triennio
2799 522 3128 579 immobilem
3158 523 3427 596 redderet,
3461 539 3524 579 ex
3549 539 3650 596 qua
3681 531 3755 589 et,
3791 523 3944 580 nullo
3981 541 4064 580 re-

776 600 888 653 luce
913 593 1267 666 perfunditur,
1299 608 1356 654 ut
1381 597 1517 652 adeo
1541 596 1610 652 de
1653 595 1932 666 baptizatis
1962 593 2091 648 illud
2119 593 2358 666 Apostoli

771 671 843 723 ad
881 664 1020 740 Eph.
1052 673 1107 734 5,
1139 688 1187 726 v.
1221 670 1276 737 8,
1310 684 1436 725 vere
1474 664 1778 740 dicipossi}
1807 686 1819 720 :
1865 665 2050 740 Eratii
2083 664 2361 740 aliquando

771 735 1020 803 tenebrw,
1083 759 1218 797 nunc
1262 735 1429 796 autem
1474 735 1622 794 LUX'
1641 740 1692 791 in
1726 737 1965 792 Domino.
2007 735 2160 793 Unde
2207 735 2361 790 facile

771 812 1088 882 intelligitur
1137 813 1264 868 illud
1316 811 1606 866 Clementis
1655 809 1807 864 Alex.
1865 806 2030 862 Lib.I
2076 806 2356 877 Ptedagog.

769 901 888 950 εηρ.
944 883 998 948 6,
1038 884 1275 940 dictum:
1307 887 1651 950 Βωτιζόμενοι
1699 887 2014 952 φωτιζόμεθςι,
2055 883 2360 952 Ῡωτιζὸυιενοι

769 962 1130 1022 νῖοποιοὺμιοα,
1161 961 1505 1022 uio-traicitur)“
1528 957 1846 1020 τιλιωὺμιοα,
1878 958 2184 1017 τελειοὺμενοι
2223 952 2360 1022 ἀπῃ-

771 1021 1142 1091 θανατιςόμεθα.
1175 1029 1210 1081 i.
1229 1041 1280 1082 e.
1305 1021 1565 1092 Baptizati
1590 1024 1961 1086 illuminamur,
1994 1022 2270 1074 illuminati
2305 1021 2360 1074 in

772 1095 912 1165 ﬁlios
937 1098 1262 1159 adoptantur,
1291 1095 1519 1165 adaptati
1551 1094 1865 1164 per/icimur,
1897 1093 2357 1165 perfecti‘immor-

773 1162 900 1222 tales
928 1169 1208 1223 reddimur.
1243 1169 1308 1222 Et
1329 1162 1450 1223 mox
1473 1162 1800 1236 Baptismum
1831 1174 2072 1236 φώτισμα.
2097 1162 2362 1236 illumina-

771 1239 980 1303 tionem,
1005 1241 1252 1310 appellat,
1279 1255 1368 1306 per
1394 1235 1566 1308 quam,
1589 1248 1816 1292 sanctam
1837 1235 1981 1310 illam
2018 1245 2062 1288 et
2084 1235 2360 1310 salutarent

770 1311 932 1363 lucem
962 1305 1232 1376 intuentur,
1275 1305 1369 1363 hoc
1397 1305 1508 1372 est,
1537 1325 1625 1376 per
1657 1324 1809 1373 quam
1861 1308 1914 1359 id
1963 1305 2096 1372 quod
2125 1314 2195 1359 est
2226 1305 2360 1358 divi-

770 1396 914 1442 nant.
941 1383 1304 1451 perspicimus;
1331 1380 1426 1436 sed
1451 1381 1518 1434 de
1548 1377 1901 1451 hoclortasse
1924 1376 2071 1430 alibi.

850 1448 1167 1507 Liberamur.
1201 1453 1374 1523 Atque
1399 1451 1518 1506 ideo
1538 1451 1639 1504 huc
1655 1449 2062 1523 sacramentum
2095 1448 2221 1516 felix
2239 1463 2360 1504 esse

776 1521 938 1588 dixit,
971 1525 1106 1589 quod
1135 1540 1230 1579 nos
1261 1519 1509 1578 nimirum
1537 1523 1613 1576 sic
1637 1521 1808 1592 felices
1839 1519 2046 1575 reddat.

852 1588 1135 1665 Digestum.
1171 1595 1510 1665 Substantive
1531 1592 1618 1646 hic
1637 1588 1915 1665 accipitur,
1929 1599 2003 1665 _i_tt
2029 1589 2170 1658 apud
2199 1588 2361 1665 ictos

772 1660 1041 1734 Digestnm
1086 1665 1234 1721 Vetus
1257 1676 1303 1719 et
1343 1663 1580 1734 Novum:
1617 1663 1694 1717 sic
1731 1660 1891 1717 etiam
1929 1660 2144 1734 Noster,
2171 1660 2359 1734 _L.lV

773 1732 892 1789 adv.
931 1737 1093 1792 Marc.
1115 1753 1160 1791 c.
1193 1738 1248 1801 ὅ,
1279 1736 1486 1791 Literas
1502 1733 1710 1805 Digesta
1729 1743 1987 1805 vocat,eo
2007 1732 2146 1800 quod
2169 1732 2220 1785 iu
2251 1732 2360 1805 illis

772 1806 898 1862 ﬁdei
924 1817 1119 1864 nostra:
1149 1809 1395 1864 Doctrina
1439 1821 1536 1862 suo
1565 1804 1752 1861 Ordine
1778 1804 2059 1861 distributa
2089 1814 2250 1873 atque
2278 1804 2356 1856 di-

774 1888 916 1948 gesta
946 1879 1222 1934 habeatur.

847 1949 975 2003 Cum
1007 1953 1244 2005 maxime.
1280 1949 1384 2006 Seu
1419 1965 1575 2020 quam
1614 1947 1853 2014 maxime,
1878 1956 1934 2001 ut
1962 1945 2102 2017 apud
2129 1944 2238 2001 Cic.
2268 1963 2360 2016 pro

777 2017 1008 2074 Cluentio
1035 2030 1091 2076 et
1117 2022 1262 2076 alibi.

851 2088 1185 2146 Formantur.
1212 2093 1314 2147 Pro
1345 2093 1709 2162 informantur,
1743 2105 1836 2143 seu
1883 2088 2104 2159 plcniori
2132 2087 2359 2159 quadam

770 2163 1151 2232 mysteriorum
1193 2163 1312 2218 fidei
1348 2163 1530 2216 notitia
1555 2162 1885 2232 imbuuntur.

851 2231 1090 2287 Portant.
1110 2234 1366 2304 Loquitur
1381 2233 1448 2289 de
1463 2235 1528 2289 iis
1561 2232 1717 2304 quiin
1735 2231 1838 2285 ﬁde
1851 2231 2026 2284 adhuc
2040 2229 2199 2304 rnde_s
2214 2241 2332 2283 sunt
2345 2273 2359 2291 ,

775 2318 952 2373 neque
979 2301 1232 2371 rationes,
1254 2321 1351 2359 cur
1378 2304 1621 2366 credant,
1647 2302 1775 2373 dare
1804 2311 2043 2373 possunt,
2073 2315 2136 2354 ac
2163 2301 2359 2365 fontes,

775 2389 842 2428 ex
868 2372 1063 2445 quibus
1097 2375 1228 2431 fides
1256 2376 1368 2444 ipsa
1398 2373 1611 2445 profluit
1638 2382 1694 2445 et
1723 2372 1834 2445 vias
1875 2372 2239 2445 traditionutn,
2270 2389 2365 2442 per

774 2443 910 2514 quas
939 2446 1001 2498 ad
1032 2462 1129 2500 nos
1152 2443 1402 2501 veritates
1427 2443 1708 2500 credenda:
1735 2443 2012 2498 deﬂuxere
2033 2485 2048 2508 ,
2082 2444 2360 2514 ignorant:

775 2515 956 2584 itaque
984 2516 1105 2590 ﬁdei
1127 2519 1391 2590 intentato:
1404 2515 1664 2590 (nondum
1681 2516 1809 2568 satis
1837 2513 2200 2590 examinatio),
2227 2523 2364 2568 attao

771 2601 898 2670 men
929 2589 1173 2656 probabili
1214 2587 1304 2670 (ab
1338 2586 1490 2670 aliis,
1526 2587 1774 2640 nimirum
1794 2586 2085 2670 magistris
2110 2586 2240 2670 suis,
2271 2601 2365 2670 ap.

773 2654 1019 2730 probauit,
1064 2670 1115 2714 et
1163 2654 1332 2730 reipsa
1373 2660 1532 2718 etiam
1575 2673 1602 2710 a
1650 2657 1857 2712 cunctis
1898 2654 2364 2730 approbandi»),a

773 2726 946 2799 prima
975 2731 1195 2799 pueritia
1219 2726 1392 2785 eidem
1426 2729 1686 2787 innutriti.
1716 2744 1804 2795 per
1825 2726 2151 2799 imperitiam,
2183 2739 2277 2780 seu
2298 2742 2363 2780 ex

774 2797 988 2871 defectu
1010 2802 1264 2871 plenioris
1295 2803 1517 2860 notitiae.
1547 2799 1843 2871 simpliciter
1868 2797 2153 2871 induerent.

851 2866 1341 2943 “tia-Carthagine
1367 2871 1619 2926 nimirum
1649 2870 1702 2923 in
1729 2866 1929 2933 Africa,
1960 2868 2048 2922 ubi
2079 2867 2366 2923 Tertullia-

773 2955 890 3013 nus_
911 2941 1025 2997 haec
1051 2941 1291 2997 scribens
1311 2943 1520 3013 agebat.

849 3009 1044 3066 Caiana
1071 3013 1269 3068 haeresi.
1301 3009 1374 3068 De
1403 3011 1874 3082 propudiosissima
1904 3009 2003 3064 hac
2024 3009 2367 3082 Itgtgsiuvide

777 3079 1167 3140 Tcrtullianum
1196 3078 1436 3139 nostrum
1477 3078 1540 3137 de
1567 3081 1866 3148 Prtescript.
1907 3096 2022 3147 cap.
2071 3078 2282 3133 XXXIII
2313 3090 2368 3136 et

773 3152 987 3209 XLVII.
1011 3155 1118 3211 llos
1153 3164 1331 3210 autem
1349 3153 1637 3215 Caianazos,
1670 3166 1764 3206 seu
1781 3150 2060 3214 Caianitas,
2080 3152 2218 3204 inter
2233 3153 2366 3207 alios

775 3239 904 3278 suos
932 3241 1144 3280 errores
1171 3240 1386 3280 omnem
1411 3223 1656 3291 baptismi
1686 3225 1795 3277 vim
1819 3222 2119 3294 sustulisse,
2141 3221 2200 3278 S.
2226 3225 2364 3294 Aug.

768 3295 829 3352 in
859 3294 921 3349 L.
948 3297 1010 3350 de
1034 3296 1228 3351 llteresi
1247 3297 1315 3350 ad
1340 3295 1612 3359 Quodvult.
1643 3297 1767 3347 liter.
1801 3293 1887 3357 I5,
1915 3293 2178 3361 perhibet.

862 3366 1276 3422 Venenatissima.
1301 3367 1787 3423 Virulentissimum
1815 3363 2028 3431 reptile,
2060 3363 2260 3418 Latinis
2285 3367 2362 3419 ri-

778 3455 923 3507 pera,
954 3441 1103 3506 quasi
1119 3440 1365 3508 vivipara,
1398 3437 1720 3508 appellatum
1747 3478 1761 3499 ,
1790 3433 1930 3504 quod
1974 3435 2362 3508 noo,_aIioruin

775 3506 1084 3578 Serpentum
1118 3506 1300 3570 instar.
1333 3506 1584 3571 ova,sed
1615 3507 1745 3560 rivos
1764 3511 1913 3578 [mlas
1940 3506 2222 3578 excludat:
2255 3510 2360 3572 vel,

775 3588 836 3632 ut
868 3576 1212 3635 Martiniusin
1239 3580 1411 3634 [κραδία.
1437 3579 1532 3642 ait,
1553 3579 1691 3648 quod
1716 3576 2184 3648 veprela(namquc
2216 3578 2366 3634 Vete-

774 3665 866 3706 res
892 3652 1051 3719 viprc,
1075 3669 1169 3719 pro
1189 3668 1356 3721 vepre,
1382 3648 1798 3721 dixisseferunt)
1833 3657 1973 3721 amet
2000 3664 2011 3699 :
2037 3649 2116 3702 vel
2146 3649 2285 3717 quod
2317 3653 2365 3704 vi

776 3718 966 3803 pariat,
997 3718 1180 3803 sobole
1213 3718 1316 3803 tam
1347 3720 1601 3803 laboriosi
1634 3730 1816 3799 partus
1841 3718 1985 3771 velut
2017 3727 2271 3800 pertaesa,
2299 3736 2364 3776 ac

773 3790 948 3860 ipsum
982 3794 1130 3863 proin
1165 3793 1348 3847 matris
1379 3802 1584 3863 uterum
1606 3831 1621 3854 ,
1649 3790 1802 3863 quasi
1843 3804 1936 3863 per
1963 3804 2227 3863 summam
2262 3794 2360 3845 itii-

801 3858 1047 3925 ietateut,
1076 3864 1369 3918 crodcute:
1415 3872 1470 3916 ut
1498 3862 1633 3916 adeo
1670 3858 1874 3914 Pierius
1905 3858 1968 3913 L.
2000 3859 2137 3914 XIII.
2168 3859 2266 3914 Tit.
2302 3864 2363 3918 de

774 3877 993 3985 R’inem.
1021 3935 1088 3985 ab
1119 3935 1490 3985 Aélayotiorum
1525 3931 1893 3985 sacerdotibus
1921 3931 2078 3985 ﬁlios.
2108 3931 2360 3985 adversus

833 3935 993 4003 iperu,
1021 3935 1088 3989 ab
1119 3935 1490 4006 Egyptiorum
1525 3931 1893 4006 sacerdotibus
1921 3931 2078 4006 ﬁlios,
2100 3931 2360 4006 adversus

773 4014 1000 4059 matrem
1030 4003 1416 4072 conspirantes,
1449 4019 1543 4073 per
1568 4005 1752 4070 viperae
1791 4003 2226 4073 hieroglyphicum
2255 4005 2364 4058 de-

774 4085 992 4129 notatos
1028 4071 1188 4130 fuisse
1229 4071 1471 4130 testetnrl
1501 4073 1606 4127 Sed
1644 4082 1697 4126 et
1730 4071 1870 4140 apud
1896 4071 2115 4126 Graecos
2143 4074 2357 4142 quidam

772 4147 999 4214 viperam
1047 4147 1246 4201 idcirco
1273 4151 1458 4214 εχιδναν
1484 4146 1676 4199 dictam
1722 4156 1840 4196 esse
1889 4143 2092 4206 volunt,
2134 4151 2266 4214 παρὰ
2310 4158 2363 4202 τὸ

774 4225 900 4284 ἔχειν
924 4222 972 4270 ἰν
998 4224 1142 4289 ἑαυτῇ
1171 4229 1258 4273 τὶν
1281 4233 1418 4283 γενῆν
1448 4224 1565 4284 ἄχρι
1598 4221 1800 4269 θανάτου
1827 4233 1838 4268 ε
1865 4214 2075 4289 quodin
2096 4226 2242 4289 utero
2272 4233 2363 4289 suo

775 4291 948 4356 [telum
982 4285 1135 4357 usque
1171 4294 1240 4342 atl
1279 4289 1536 4341 interitum
1573 4303 1722 4340 suum
1763 4285 2033 4339 contineat.
2079 4287 2148 4357 At
2187 4287 2362 4342 nimia:

774 4359 902 4414 huic
942 4356 1182 4415 veterum
1227 4359 1532 4414 crcdulitatl
1575 4357 1936 4426 experientia,
1983 4365 2042 4410 ut
2079 4356 2190 4425 jam
2236 4360 2362 4413 olim

776 4428 1182 4499 Theophrastus
1211 4429 1472 4495 advertit,
1525 4428 1801 4499 reclamat.
1841 4426 2106 4481 Caeterum
2162 4437 2363 4484 textum

774 4497 947 4554 illuni
971 4501 1049 4555 sic
1077 4501 1291 4572 quidam
1311 4543 1325 4565 ,
1356 4515 1455 4555 nec
1487 4498 1626 4552 male
1650 4539 1666 4563 ,
1716 4497 2096 4572 interpungunt
2121 4516 2134 4552 :
2167 4502 2360 4568 vipera.

775 4568 1161 4627 venenatissima
1185 4571 1419 4626 doctrina
1447 4586 1560 4635 sua,
1585 4578 1691 4624 etc.
1711 4568 1955 4641 Denique
1975 4579 2172 4633 autem,
2203 4587 2362 4641 quam

773 4643 962 4712 vipera:
987 4644 1202 4699 nomine
1226 4644 1465 4711 denotat,
1499 4656 1622 4697 mox
1645 4639 1864 4695 inferius
1887 4647 2088 4709 aperte,
2121 4639 2363 4698 nomine-

774 4727 887 4784 que
904 4729 1005 4769 suo
1035 4715 1228 4784 prodit.

850 4782 1063 4856 Rapuit.
1098 4784 1377 4856 Corripuit,
1404 4785 1490 4842 vel
1513 4786 1581 4839 ad
1609 4799 1680 4851 se,
1699 4797 1954 4854 suamque
1985 4782 2359 4854 pestilentissi-

771 4871 918 4927 mam
944 4859 1200 4927 ltmresin,
1223 4858 1412 4927 rapuit.

846 4925 1121 4998 flaturam.
1160 4925 1460 4998 Viperarum
1488 4928 1709 4983 scilicet.

847 4997 1000 5052 Fere.
1041 4999 1142 5054 Alii
1172 4997 1304 5069 fera,
1355 4999 1496 5069 quod
1533 4999 1692 5054 Junio
1726 4998 1849 5068 jure
1879 4997 2145 5070 displicet.
2180 4998 2360 5070 Itaque

770 5073 882 5142 fere
908 5070 992 5124 hic
1016 5085 1110 5138 pro
1122 5072 1430 5142 plerumque
1452 5071 1671 5142 omnino
1698 5069 2056 5124 retinendum.

845 5132 1076 5210 Aspides.
1109 5132 1276 5204 Χσπὶς,
1305 5132 1420 5206 is”,
1461 5140 1651 5212 Grtzcis
1677 5143 1908 5211 clypeum
1927 5143 2137 5210 prOpric
2154 5142 2354 5212 signifi-

768 5222 877 5266 cat.
910 5216 1082 5282 Atque
1097 5213 1220 5268 inde
1240 5211 1616 5282 Aristophanis
1637 5211 1962 5268 Scholiastes
1975 5214 2172 5278 aspides
2191 5211 2358 5281 quod-

768 5284 893 5338 dam
925 5295 1231 5350 serpentum
1255 5299 1424 5354 genus
1460 5283 1660 5338 dictum
1686 5293 1852 5352 putat,
1893 5286 1974 5336 διὰ.
1998 5295 2053 5337 τὸ
2082 5289 2146 5344 εὶς
2165 5295 2357 5347 nuta-4;

766 5362 967 5414 πολλοὺς
996 5362 1322 5426 ἑλισσόμενον,
1355 5365 1620 5425 propterea
1657 5355 1791 5423 quod
1831 5355 1883 5426 iu
1922 5356 2106 5408 multos
2141 5357 2356 5410 circulos

772 5426 998 5478 convolvi
1025 5426 1204 5491 soleat,
1239 5426 1445 5495 hacque
1474 5441 1567 5479 sua
1597 5425 1977 5480 eonvolutioue
2022 5427 2354 5480 orbicularcm

766 5495 1035 5568 figuram,
1082 5498 1253 5566 qualis
1299 5508 1425 5550 tunc
1463 5495 1819 5550 communiter
1857 5495 2046 5568 rlypeis
2089 5509 2235 5555 erat.
2271 5500 2353 5551 in-

767 5566 952 5620 duere.
973 5566 1176 5632 Quanta
1205 5577 1383 5622 autem
1412 5569 1601 5622 veneni
1631 5570 1708 5620 vis
1734 5566 2005 5634 aspidibus
2035 5569 2120 5630 sit,
2155 5570 2231 5622 vel
2263 5585 2352 5623 so-

770 5638 878 5691 lum
910 5637 958 5691 id
987 5638 1308 5709 documento
1336 5653 1458 5694 esse
1482 5648 1676 5706 potest,
1704 5639 1845 5709 quod
1875 5637 2162 5709 Kircherus
2204 5639 2348 5693 dlun.

768 5709 977 5761 snbterr.
1012 5706 1076 5763 L.
1122 5707 1233 5776 IX,
1266 5718 1386 5764 sect.
1436 5709 1497 5774 ι,
1537 5726 1583 5762 c.
1631 5710 1699 5774 5,
1725 5706 1801 5762 de
1839 5708 2099 5763 sodalium
2131 5726 2351 5765 suorum

769 5778 1000 5848 quodam
1029 5779 1194 5835 refert
1220 5796 1233 5832 :
1268 5800 1286 5831 ι
1321 5781 1412 5850 qui
1442 5795 1562 5833 cum
1593 5781 1822 5848 aspidem
1850 5780 1902 5834 in
1943 5781 2133 5834 arbore
2161 5783 2353 5836 sedcu-

774 5870 794 5899 ι
829 5858 934 5920 tein
959 5859 1279 5919 percuteret,
1309 5852 1396 5920 illa
1428 5851 1512 5905 vel
1535 5851 1652 5906 solo
1674 5852 1836 5906 halitu
1867 5851 1937 5905 ita
1967 5854 2349 5920 percutientem

775 5937 796 5968 υ
833 5919 1159 5989 intoxicavit,
1201 5930 1259 5980 ut
1302 5919 1625 5978 sidentiono
1664 5923 1890 5990 quadam
1931 5919 2198 5979 neminem
2241 5934 2352 5980 toto

2391 1916 2439 1976 B

2477 617 2495 646 ‹
2535 596 2710 651 medio
2735 597 2826 651 tali
2851 611 3058 651 veneno
3080 596 3217 665 pari,
3242 592 3580 666 postmodum
3607 596 3910 651 occubuit.»
3948 597 4066 651 ηερε

2473 666 2581 722 ille.
2607 667 2750 723 Sane
2791 667 2952 722 etiam
2998 667 3338 737 Cleopatram
3374 683 3558 722 morsu
3591 669 3817 736 aspidis,
3859 678 4066 722 suamet

2473 753 2636 808 manu
2665 739 2866 803 pectori
2908 738 3155 798 admone,
3186 754 3284 794 nec
3318 740 3427 804 jam
3471 740 3700 808 amplius
3741 739 4069 808 proﬁcienti-

2471 807 2572 862 bus
2622 809 2924 880 Psyllorum
2977 810 3268 876 remediis,
3318 807 3584 866 interiisse
3613 853 3627 874 ,
3675 809 3964 864 Suetonius
4017 813 4068 865 in

2469 881 2701 952 {Iuguslo
2728 882 2899 952 c.7177,
2932 880 3126 935 author
3155 891 3256 936 est.
3303 881 3418 936 Non
3463 881 3620 952 igitur
3665 882 3877 942 mirum,
3924 883 4069 952 quod

2469 949 2625 1020 Deut.
2651 951 2869 1017 XXXII,
2905 967 2950 1006 υ.
2974 951 3064 1015 53,
3095 969 3337 1007 venenum
3370 949 3602 1020 aspidum
3654 949 3961 1013 insanabile,
4017 964 4069 1008 et

2477 1019 2564 1075 Ps.
2585 1022 2725 1088 XIII,
2750 1040 2796 1076 v.
2825 1025 2876 1084 3,
2911 1023 3202 1077 universim
3232 1023 3300 1078 de
3321 1019 3519 1089 impiis,
3541 1023 3752 1093 Linguis
3772 1025 3875 1078 suis
3891 1025 4070 1078 dolose

2470 1094 2719 1162 agebant,
2766 1110 3013 1148 venenum
3048 1095 3287 1161 aspidum
3314 1095 3403 1148 sub
3434 1095 3583 1148 labiis
3611 1111 3801 1158 eorum,
3831 1096 4065 1150 dicotur.

2470 1165 2546 1218 De
2581 1167 2922 1234 in~uperabili
2951 1165 3109 1230 huius
3151 1167 3340 1221 veneni
3371 1167 3605 1234 potentia
3640 1165 3757 1221 vide
3805 1166 3927 1230 quae
3980 1183 4068 1221 re-

2467 1237 2768 1291 verendiss.
2785 1247 2964 1290 noster
2985 1235 3256 1291 Calmetus
3280 1239 3332 1290 in
3357 1237 3552 1290 Psalm.
3574 1236 3684 1299 XC.
3708 1254 3752 1290 υ.
3779 1238 3864 1297 l3.
3892 1249 3951 1292 et
3968 1237 4071 1292 Bo-

2466 1305 2687 1433 ﬁhattus
2717 1309 2767 1362 in
2800 1307 3096 1362 Ilicrozoito
3132 1307 3196 1362 P.
3242 1308 3305 1376 II,
3339 1307 3401 1362 L.
3443 1307 3532 1374 III,
3579 1325 3626 1362 c.
3675 1308 3707 1363 5
3740 1318 3785 1361 et
3831 1309 3923 1371 Ii,
3972 1310 4069 1363 ba-

2505 1393 2569 1432 en
2601 1417 2614 1430 .

2505 1389 2614 1432 ent.

2541 1449 2743 1520 Reguli.
2777 1451 3001 1521 Regulus
3027 1466 3266 1520 serpens,
3283 1452 3486 1508 Graecis
3503 1459 3801 1513 Βασιλισκος,
3836 1450 3965 1505 ideo
3983 1451 4066 1504 di-

2468 1531 2588 1575 ctus
2619 1536 2737 1576 esse
2762 1521 2947 1582 fertur.
2976 1522 3116 1592 quod
3139 1523 3363 1578 candida
3398 1525 3448 1576 in
3473 1523 3646 1578 fronte
3668 1521 3901 1582 macula,
3923 1525 4068 1576 velut

2466 1593 2606 1665 regio
2636 1593 2864 1661 quodam
2894 1593 3213 1658 diademate,
3247 1594 3556 1665 pi-azfulgeat
3579 1637 3592 1660 ,
3623 1594 3704 1647 vel
3739 1594 3906 1662 quod,
3945 1610 4065 1647 cum

2467 1663 2752 1717 admodum
2777 1679 2969 1734 parvus
2997 1665 3083 1727 sit,
3117 1663 3454 1720 immanitate
3475 1675 3651 1720 tamen
3683 1666 3904 1724 veneni,
3945 1665 4069 1719 reli-

2467 1749 2601 1806 quos
2630 1737 2791 1790 etiam
2821 1737 3086 1790 maximos
3114 1747 3392 1806 serpentes
3429 1738 3634 1801 vincat,
3667 1746 3720 1791 et
3749 1735 4063 1802 hominem,

2466 1805 2522 1859 ni
2551 1805 2763 1875 fugerit,
2792 1806 2908 1860 solo
2934 1807 3116 1872 halitu,
3148 1805 3274 1876 quin
3301 1818 3356 1863 et
3378 1809 3420 1862 si
3452 1809 3600 1876 prior
3622 1807 3710 1861 ille
3740 1807 3884 1860 hunc
3913 1806 4066 1860 vide-

2468 1876 2557 1939 rit,
2587 1877 2674 1931 vel
2705 1888 2912 1946 aspectu
2939 1893 3164 1932 enecare
3193 1879 3384 1934 soleat.
3409 1879 3472 1932 Et
3498 1879 3612 1932 haec
3644 1889 3884 1932 veterum
3916 1893 4066 1932 com-

2469 1949 2648 2002 munis
2678 1948 2953 2016 persuasio
2982 1957 3116 2012 erat,
3147 1956 3204 2003 ut
3228 1949 3366 2016 apud
3395 1949 3600 2005 Elian.
3633 1950 3696 2002 de
3732 1947 3863 2001 Hist.
3900 1953 4065 2002 anim.

2469 2017 2533 2072 L.
2564 2018 2631 2084 II,
2663 2035 2709 2072 c.
2742 2019 2838 2075 5st
2859 2020 2910 2079 7,
2942 2035 3045 2076 nec
3074 2022 3248 2073 minus
3273 2021 3410 2075 Plin.
3441 2020 3512 2073 Η.
3542 2019 3612 2073 Ν.
3649 2019 3711 2073 L.
3739 2018 3869 2084 VIII,
3899 2035 3950 2074 c.
3977 2020 4064 2081 9.1,

2468 2089 2653 2145 videre
2691 2100 2791 2144 ρει.
2833 2088 2990 2146 Certe
3030 2101 3204 2146 autem
3240 2091 3379 2146 Deus
3405 2106 3499 2162 per
3519 2091 3802 2146 Jeremiam
3837 2105 3894 2144 c.
3935 2091 4064 2152 VIII,

2469 2176 2517 2213 v.
2555 2163 2639 2224 I7,
2670 2162 2811 2215 velut
2839 2163 3122 2216 maximam
3161 2163 3367 2231 plagam
3415 2163 3618 2216 .Iudzris
3661 2163 4064 2231 comminatur:

2469 2231 2604 2285 Ecce
2630 2249 2720 2300 ego
2765 2233 2960 2285 mittant
3005 2233 3140 2286 vobis
3165 2229 3384 2292 ⁷0νέῈῖ
3422 2238 3603 2287 arma
3633 2231 3793 2303 (quod
3833 2229 4067 2301 Vulgata

2471 2318 2567 2370 per
2592 2304 2794 2375 regulos
2813 2314 3087 2375 serpentes,
3114 2303 3258 2375 LXX
3288 2320 3416 2375 vero
3445 2320 3541 2372 per
3571 2311 3694 2375 δρας
3723 2311 4064 2368 eumnam-3;,

2469 2383 2724 2442 serpentes
2755 2373 3035 2444 let/tiferos,
3069 2374 3332 2442 reddunt)
3358 2377 3536 2445 quibus
3577 2373 3676 2428 non
3719 2385 3790 2427 est
3825 2375 4068 2428 incanta-

2472 2445 2709 2566 tio,rseu
2758 2458 2943 2500 contra
2974 2459 3106 2515 quos
3152 2446 3352 2500 nullum
3404 2446 3623 2517 magica:
3670 2445 3796 2500 artis
3838 2459 4067 2500 carmen

2475 2529 2572 2566 nro
2599 2525 2709 2566 Ictt.

2475 2525 2709 2582 prnlictt.

2547 2585 2624 2640 Ex
2653 2587 2776 2656 galli
2801 2587 3100 2653 gallinacei,
3131 2589 3242 2658 jam
3272 2588 3484 2648 annosi,
3515 2603 3617 2642 ovo
3643 2587 3851 2641 excludi
3887 2589 4064 2642 aiunt.

2471 2656 2804 2712 Exhibentur
2832 2658 3106 2713 enimvero
3134 2656 3198 2712 in
3239 2659 3554 2728 quihusdam
3600 2658 3825 2719 Museis‘,
3863 2668 3927 2711 ut
3960 2662 4069 2727 ipse

2470 2744 2577 2782 non
2619 2728 2783 2782 semel
2812 2729 2934 2792 vidi,
2977 2729 3216 2795 basilisci,
3263 2729 3500 2799 bipedes,
3548 2729 3695 2792 alati,
3741 2733 4062 2796 serpentina

2471 2799 2640 2872 cauda
2675 2799 2933 2872 insignes,
2955 2808 3006 2853 et
3037 2815 3065 2853 a
3097 2800 3268 2855 forma
3293 2801 3412 2872 galli
3447 2799 3722 2869 gallinacei
3751 2815 3856 2852 non
3891 2803 4064 2858 valde.

2470 2871 2571 2924 nisi
2621 2870 2762 2940 quod
2812 2871 3096 2940 implumes
3142 2870 3528 2938 sint,'alieni:
3575 2885 3707 2939 quos
3751 2880 3941 2925 tamen
3982 2872 4069 2924 alii

2469 2943 2612 3012 rajas
2644 2942 2815 3012 pisces
2837 2958 2903 2996 ex
2925 2943 3191 2997 minorum
3213 2957 3410 3012 genere
3431 2956 3573 3003 esse,
3598 2957 3658 2994 ac
3689 2943 3737 2995 in
3765 2940 3923 3012 illam
3951 2945 4068 3011 ﬁgu-

2473 3010 2585 3065 ra'm
2617 3011 2907 3066 artiﬁcioso
2936 3011 3060 3066 dolo
3085 3010 3475 3069 accommodari
3507 3012 3685 3068 solere
3710 3054 3723 3072 .
3767 3010 4066 3067 afﬁrmant.

2471 3080 2628 3136 Certe
2655 3092 2829 3137 autem
2858 3098 2885 3135 a
2918 3084 3208 3150 veteribus,
3232 3083 3426 3145 Plinio,
3452 3082 3686 3141 zEliano.
3704 3083 3917 3142 Solino.
3942 3097 4066 3144 etc..

2471 3167 2577 3206 non
2633 3154 2769 3208 inter
2806 3171 2941 3217 aves,
2974 3154 3068 3208 sed
3101 3171 3256 3210 veros
3293 3164 3548 3223 serpentes
3590 3153 3774 3208 referri
3827 3168 4065 3210 constat.

2471 3223 2714 3294 Denique
2748 3240 2876 3278 vero
2917 3226 3236 3294 insigniores
3284 3237 3591 3280 nostrorum
3623 3235 3930 3293 temporum
3964 3229 4068 3281 Me-

2395 3301 2442 3365 C
2474 3293 2578 3348 dici
2638 3306 2690 3350 et
2740 3294 3045 3365 Philosophi
3092 3296 3404 3356 Basiliscos,
3461 3310 3749 3364 eorumque
3793 3311 4068 3366 prmcwu-t

2473 3366 2698 3426 natales.
2729 3367 2792 3419 ad
2823 3366 3025 3421 fabulas
3053 3369 3340 3421 amandare
3368 3383 3471 3421 non
3497 3377 3766 3420 verentur.

2545 3439 2838 3490 Sectantur.
2872 3439 3181 3493 lnarenosis
3195 3439 3335 3494 enim
3365 3440 3610 3500 desertis,
3639 3438 3851 3491 saxosis
3877 3444 4069 3494 monti-

2470 3505 2590 3583 bus,
2621 3523 2683 3562 ac
2711 3508 3026 3583 maximenin
3054 3522 3292 3565 veterum
3321 3509 3666 3564 aedificiorum
3691 3511 3894 3576 ruinis,
3941 3529 4066 3583 prve-

2471 3579 2628 3646 cipue
2649 3579 2903 3632 stabulari
2930 3580 3199 3634 dicuntur.

2546 3648 2838 3723 Nascimur.
2860 3650 3005 3705 Inter
3026 3652 3286 3723 Sibyllina
3310 3651 3522 3706 oracula
3565 3650 3958 3705 circumfertur
3991 3654 4066 3707 Si-

2471 3721 2622 3788 bylla:
2649 3719 2936 3790 Erythrete,
2962 3725 3043 3776 vel
3065 3765 3078 3785 ,
3110 3719 3165 3777 tit
3191 3724 3278 3777 alii
3303 3724 3524 3783 malunt.
3550 3723 3813 3785 Cantante,
3847 3739 4064 3778 cannea

2469 3791 2736 3864 quoddam
2784 3795 3121 3847 acrostichum
3145 3836 3158 3858 ,
3191 3796 3373 3864 viginti
3403 3803 3606 3864 septeni
3634 3793 3888 3849 versibus
3920 3808 4062 3850 com.

2471 3861 2816 3931 prehensum,
2846 3864 2998 3934 cujus
3025 3866 3232 3919 initium
3250 3861 3362 3919 hoc
3381 3861 3495 3920 est:

3151 3944 3360 3990 ῙΧΘΥΣ.

2540 4003 2671 4077 Cum
2707 4021 2834 4076 ergo
2884 4011 3012 4076 ἰχθὺς
3050 4007 3250 4077 Graecis
3291 4009 3478 4075 piscem
3515 4007 3813 4076 significet,
3852 4011 4062 4077 quidam

2467 4075 2669 4148 antiqui
2703 4075 2803 4131 PP.
2851 4075 3123 4133 Christum
3161 4075 3293 4148 ἰχθὺν
3321 4079 3696 4147 appellarunt:
3743 4079 3810 4130 In
3852 4075 3956 4148 quo
3984 4100 4065 4133 ηυ-

2467 4149 2627 4220 illiilli”
2651 4145 2746 4217 (ait
2790 4150 2846 4201 Β.
2877 4154 3008 4219 Aug.
3049 4149 3113 4204 L.
3147 4145 3309 4203 XVIII
3331 4145 3440 4216 ,‘de
3470 4149 3527 4204 (Σ.
3555 4148 3622 4202 ι).
3652 4166 3699 4203 c.
3863 4145 4065 4218 nit/stic:

2467 4218 2766 4292 intelligitur
2806 4218 3070 4286 Christus,
3122 4238 3179 4275 eo
3236 4224 3371 4292 quod
3425 4223 3476 4274 in
3524 4222 3680 4291 hujus
3731 4218 4062 4276 mortalitatis

2466 4289 2669 4370 abysso,
2703 4292 2834 4344 velut
2863 4293 2912 4345 in
2943 4309 3193 4370 aquarum
3232 4289 3600 4364 profunditate,
3639 4292 3801 4359 vivus,
3833 4292 3936 4346 hoc
3965 4307 4059 4356 est,

2465 4366 2576 4414 sine
2602 4371 2830 4428 peccato,
2859 4380 2962 4416 esse
2990 4366 3222 4431 poluerit.

2540 4431 2686 4506 Liget
2717 4442 2891 4506 autem
2926 4434 3040 4506 haec
3067 4435 3278 4490 oracula
3303 4434 3370 4490 ab
3407 4435 3641 4506 antiquis
3682 4433 3792 4490 PP.
3857 4435 4061 4490 Iustino

2468 4499 2571 4578 11.,
2598 4500 2882 4578 TheOphilo
2912 4505 3168 4578 Antioch.,
3190 4499 3722 4578 AthenagqrafClem.
3747 4506 4058 4566 Almadn.

2467 4569 2707 4648 Eusebio,
2743 4569 3013 4648 Lactantio
3035 4617 3051 4644 ,
3079 4569 3209 4642 etc.,
3237 4569 3413 4648 magni
3448 4569 3646 4642 habita,
3668 4587 3836 4646 atque
3879 4590 4058 4633 contra

2466 4643 2727 4712 Gentiles,
2771 4647 2980 4701 fortium
3029 4643 3257 4704 telorum
3303 4643 3500 4715 instar,
3547 4643 3792 4704 contoria
3846 4649 4056 4709 fuerint,

2385 4693 2440 4754 D
2465 4693 3463 4790 ἕιῖἕῷξπῖῗίρὲἷέ’ᾇὶᾗὸαῖἷέᾲὲἱίὶίιὶῦἶιζζ
3487 4693 3865 4774 tamen";
3890 4693 4061 4775 ’ἓέὶεᾲ

2465 4787 2605 4856 apud
2641 4787 2783 4860 Orig.
2811 4787 2874 4843 L.
2909 4788 2950 4860 γ
2980 4787 3165 4844 contr.‘
3179 4792 3373 4856 eutnd.,
3406 4791 3497 4844 sed
3523 4802 3573 4845 et
3620 4791 3887 4860 Dionysio
3919 4791 4058 4845 Hali-

2465 4873 2702 4931 c_arnass.
2736 4859 2818 4912 ’L.
2868 4859 2935 4914 IV
2971 4862 3090 4914 Ant.
3142 4862 3291 4916 Rom.
3339 4879 3384 4915 c.
3431 4862 3516 4926 70,
3574 4870 3628 4916 et
3671 4859 3802 4915 huic
3845 4863 4058 4931 quidem

2465 4929 2700 4984 Terentii
2731 4931 2986 4986 Varronis
3036 4932 3356 4987 authoritate
3385 4935 3507 4987 nixo
3531 4975 3544 4996 ,
3577 4932 3691 4985 illas
3734 4929 4060 5002 Sibyllam»:

2465 5002 2826 5056 acrostichides
2854 5017 3002 5057 mere
3031 5005 3397 5072 supposititias
3420 5020 3539 5058 esse
3564 5019 3892 5072 persuasum
3918 5017 4057 5058 erat:

2463 5073 2590 5144 quin
2618 5081 2672 5127 et
2695 5072 2858 5144 longe
2893 5075 3230 5129 communior
3281 5075 3390 5143 jam
3433 5076 3742 5129 criticorum
3792 5079 4058 5129 sententia

2464 5141 2645 5216 habet,
2674 5143 2764 5216 diu
2797 5141 2917 5214 post
2941 5144 3205 5216 Sibyllas,
3236 5141 3293 5200 et
3319 5146 3533 5215 quidem
3564 5144 3704 5198 circa
3735 5147 3806 5199 Α.
3839 5147 3904 5200 C.
3969 5147 4061 5200 I30

2461 5215 2563 5268 sub
2590 5214 2838 5286 Hadriani
2885 5214 3110 5286 imperio
3147 5232 3177 5270 a
3218 5214 3449 5286 quodam
3493 5217 3827 5280 Christiano,
3875 5228 3936 5272 ut
3977 5235 4059 5267 no-

2460 5295 2626 5358 stram
2671 5285 3023 5358 Religionem
3070 5285 3355 5356 gentilibus
3409 5288 3820 5342 connuendaret
3852 5288 4061 5358 (cujus-

2459 5355 2605 5427 ntodi
2635 5356 2734 5424 [.iis
2760 5355 3035 5427 Iriaudibus
3057 5355 3156 5411 nec
3183 5359 3540 5427 Apostolicam
3573 5367 3791 5412 mtatem
3818 5355 4060 5414 caruisse

2459 5443 2521 5499 ex
2554 5426 2750 5482 Euseb.
2786 5426 2848 5480 L.
2882 5427 2950 5482 III
2985 5427 3055 5491 Η,
3089 5427 3151 5481 Ε.
3184 5426 3238 5482 c.
3266 5429 3317 5491 7,
3342 5430 3563 5499 aliisque
3589 5435 3858 5496 constat),
3886 5431 4060 5483 aflictu

2461 5497 2715 5571 §ibg_llq_:_
2745 5501 2962 5553 nomine
3037 5514 3290 5571 procusas
3351 5497 3535 5554 fuisse.
3586 5499 3642 5554 S.
3713 5501 3865 5571 Aug.
3943 5502 4057 5553 end.

2461 5515 2676 5622 magna:
2745 5515 2962 5553 nomine
3017 5515 3290 5623 Jirocusas
3351 5515 3535 5554 tuisse.
3586 5515 3642 5554 δ.
3713 5515 3865 5571 Aug.
3943 5515 4057 5553 end.

2457 5567 2522 5622 L.
2604 5569 2734 5629 VIII.
2784 5587 2829 5622 c.
2880 5571 2989 5634 45,
3055 5586 3084 5624 e
3125 5569 3227 5623 illis
3254 5571 3600 5624 subdubitare
3645 5573 3795 5624 visus
3839 5583 3953 5630 est,
3984 5575 4058 5623 in~

2456 5641 2645 5708 quiens
2676 5659 2688 5694 :
2723 5640 2836 5693 Nisi
2867 5645 2997 5710 forte
3021 5643 3131 5710 quis
3157 5642 3362 5705 dixerit,
3395 5643 3510 5694 illas
3538 5643 3846 5711 prophetia:
3888 5644 4057 5696 Chiis-

2457 5712 2621 5782 tittnos
2669 5713 2880 5779 [luxisse
2917 5717 2978 5764 de
3020 5711 3240 5776 Christo,
3278 5728 3394 5781 qua:
3437 5713 3651 5782 Sibyllae
3699 5715 3944 5778 nomine,
3990 5717 4057 5766 vel

2455 5781 2696 5854 aliorum,
2732 5787 3078 5853 proferuntur,
3105 5793 3211 5838 etc.
3243 5783 3444 5838 Similia
3471 5781 3585 5854 cap.
3614 5784 3684 5838 47
3708 5784 3911 5840 habet.

2525 5853 2660 5907 Num
2689 5869 2851 5915 vero,
2895 5868 3132 5923 Oppones
3155 5896 3170 5919 ,
3193 5855 3506 5923 racrostirhis
3550 5857 3663 5908 lucc
3690 5893 3704 5921 ,
3755 5855 3881 5922 jam
3933 5866 4049 5908 ante

2454 5924 2722 5982 Christum
2748 5936 2928 5982 natum
2955 5922 2986 5981 ά
3029 5925 3143 5981 Cic.
3181 5922 3218 5980 l.
3241 5922 3283 5980 II
3309 5926 3370 5981 de
3391 5922 3562 5981 Dirin.
3601 5926 3829 5982 laudata
3869 5928 4050 5984 Ciuis
