4202 6496
154 440 291 502 1145

994 433 1338 495 APPENDIX
1375 431 1652 502 QUINTA,
1694 429 1760 488 IN
1798 428 2054 490 LIBRUM
2094 430 2184 488 DE
2219 429 2574 488 BAPTISMO.

3309 431 3448 490 1146

153 570 354 628 ιένωμα,
387 557 610 612 inanitas
632 571 650 611 :
669 554 996 627 Symmacho
1048 560 1207 628 ᾀρ-ιίδλ,
1233 553 1449 603 otiosum
1474 563 1536 602 ac
1565 548 1708 600 iners
1734 563 1748 600 :
1779 547 1830 606 A
1855 544 2476 628 eloquiis.Scripturarum
2502 546 2614 614 ejus
2643 560 2661 600 :
2710 555 2909 628 etnecce
2933 547 3178 628 Semi'rus
3215 560 3329 605 tuus
3359 567 3446 628 su:

154 623 505 686 Theodotioni
546 623 727 692 κενὸν(
756 640 1008 700 uacuum;
1057 623 1197 677 LXX
1232 638 1358 676 vero
1389 629 1747 700 peregre“,

151 705 344 765 inuisa,
399 717 491 756 seu
539 690 800 753 invisibilis
839 697 1022 766 (meris
1062 703 1242 763 utpote
1305 692 1542 766 tenebris
1579 690 1754 766 adhuc

150 761 408 841 involuta)
440 772 765 826 transferunt
792 785 803 821 :
827 761 988 841 prout
1010 761 1148 841 idem
1172 774 1352 841 noster
1374 762 1627 841 vulgatus
1676 761 1753 814 lo-

153 861 270 900 cum
299 832 458 912 quem
485 844 606 897 dam
637 842 766 911 Sap.
803 832 881 904 II,
916 837 1004 900 18,
1037 838 1105 892 ita
1129 835 1358 912 reddidit
1387 850 1400 886 :
1432 832 1631 912 crearit
1663 848 1749 886 or-

152 918 257 969 bem
287 906 538 970 terrarum
563 930 624 967 ex
650 906 862 967 nuiteria
888 925 1080 969 INVISA,
1113 906 1452 962 ubiGrtncns:
1470 911 1520 971 ἐξ
1539 906 1751 973 ἀμόρφου

153 994 284 1051 ὕλης,
319 1004 379 1041 ex
402 1001 618 1041 monui
647 984 889 1046 materia,
922 981 1099 1036 habet.

221 1047 590 1126 Iiicomposita.
617 1053 930 1126 IIeIiraicatn
967 1066 1161 1126 Avocem
1321 1047 1542 1126 Vulgata
1567 1055 1748 1126 nostra

152 1146 246 1197 per
268 1119 464 1184 uacua:
499 1127 686 1198 Aquila
715 1137 766 1180 et
798 1122 1060 1198 Theodot.
1095 1137 1188 1190 per
1214 1125 1339 1173 οὐθὲν
1361 1161 1373 1182 ,
1405 1119 1568 1198 nihil;
1586 1119 1746 1186 Sym-

152 1190 376 1255 inachus
431 1215 524 1269 per
562 1190 878 1266 ὶὶδιὰιριτον,
912 1195 1240 1269 indiscretum
1290 1205 1390 1269 seu.
1434 1190 1748 1269 eonfusum;

151 1273 295 1328 LXX
329 1261 896 1340 perennandum“
957 1268 1212 1340 impurata
1233 1305 1246 1328 ,
1290 1261 1603 1316 inelaborata
1624 1303 1636 1326 ,
1672 1276 1749 1313 tx-

147 1337 473 1407 COMPOSITA,
505 1357 596 1396 seu
625 1342 857 1408 confusa,
893 1337 1143 1408 reddunt.

221 1403 490 1486 Abyssuni.
525 1403 840 1486 Ijebraicum
863 1412 1010 1486 prin
1027 1406 1228 1486 Grmcis
1254 1403 1500 1486 omnibus
1526 1412 1740 1466 ἄϐυσσος,

148 1477 423 1550 ηἰτηίτῖιῐη,
448 1493 505 1538 ιιι
528 1481 844 1537 Eustachius
863 1479 964 1533 hoc
983 1493 1176 1532 nomen
1200 1477 1597 1550 interpretatur,
1615 1491 1745 1542 aqua

146 1560 306 1611 nimia
333 1547 588 1623 infinitum
621 1554 807 1607 habens
835 1550 1147 1623 profundum
1167 1589 1181 1610 ,
1222 1563 1314 1602 seu
1346 1547 1509 1600 I'undo
1531 1561 1741 1613 carens,

145 1630 250 1691 vel,
269 1636 329 1683 ut
344 1621 505 1683 (Iern.
525 1640 554 1680 a
568 1625 697 1694 Lap.
713 1623 949 1694 exponit,
973 1621 1131 1694 moles
1151 1635 1398 1694 aquarum
1421 1630 1540 1694 tunc
1560 1630 1744 1694 terram

143 1689 343 1755 omium
381 1689 734 1770 aperientium,
768 1689 822 1770 et
849 1693 1064 1747 demum
1103 1690 1480 1770 Reverendiss
1503 1689 1746 1770 (jalmeto

146 1784 333 1826 nostro
361 1761 609 1840 aquarum
636 1765 868 1830 materia,
903 1773 1050 1817 terrce
1068 1765 1237 1818 adhuc
1267 1762 1519 1824 immixta,
1551 1775 1644 1814 seu
1681 1761 1744 1814 li-

144 1859 283 1907 mus,
319 1852 420 1898 est.

471 1913 581 1967 Dei.
612 1911 742 1983 Quis
759 1923 890 1983 sero
922 1907 1006 1963 hic
1021 1883 1198 1983 urbe
1225 1909 1334 1969 rm,
1356 1919 1591 1983 smmrus
1613 1905 1744 1983 per?

143 1977 272 2040 Non
319 1999 477 2054 parva
521 1977 651 2038 [nec
689 1980 978 2037 difﬁcultas
1021 1979 1282 2050 triplicem
1325 1977 1589 2048 pra-cipue
1624 1977 1736 2046 opi-

140 2060 360 2112 nionem
393 2055 618 2126 peperit.

212 2147 392 2202 Prima
419 2154 594 2210 tenet,
640 2143 1041 2216 intelligendum
1081 2142 1167 2198 hic
1214 2157 1335 2197 esse
1378 2150 1610 2216 pentina,
1645 2154 1740 2216 seu

138 2236 308 2272 aerem
350 2234 510 2286 super
548 2230 712 2286 aquas
747 2211 1085 2269 vebementius
1120 2225 1441 2268 commatum.
1474 2211 1546 2265 Ita
1580 2213 1742 2266 sentit

139 2291 471 2354 Severianus,
513 2288 830 2344 Gabalensis
879 2286 979 2352 Ep.
1021 2286 1162 2340 ὅτε.
1195 2286 1259 2339 IV
1292 2287 1550 2354 Scriptor,
1580 2299 1738 2352 quem

135 2361 511 2416 Theodorctus
541 2358 800 2429 lnterrog.
841 2356 1006 2423 VIII,
1039 2358 1091 2409 in
1118 2355 1245 2409 Gen.
1278 2357 1528 2429 discruus
1566 2370 1741 2422 expo-

136 2434 215 2486 nit
242 2452 253 2486 :
290 2431 467 2484 Verius
493 2426 794 2496 putaverint,
817 2429 952 2498 quod
974 2429 1053 2481 llic
1077 2443 1256 2482 aerem
1287 2438 1422 2480 vocet
1453 2426 1694 2492 spiritum
1723 2443 1737 2491 ;

136 2521 258 2556 nam
298 2520 410 2555 cum
450 2503 677 2564 dixisset,
712 2515 855 2555 DEUII
894 2516 1090 2552 creasse
1120 2514 1318 2554 COELI‘M
1359 2499 1584 2566 (scilicet
1622 2497 1744 2550 lim-

133 2591 353 2645 pyreum
374 2615 388 2638 ,
427 2574 492 2627 ab
524 2588 645 2645 tam;
669 2614 682 2638 ,
713 2574 800 2641 qui
829 2569 1030 2645 Graecis
1061 2582 1141 2624 est
1173 2583 1283 2645 nep,
1323 2569 1668 2645 appellatum)
1697 2579 1744 2622 et

136 2643 358 2700 Tanusii
387 2687 399 2708 ,
439 2654 484 2697 et
515 2644 775 2714 Aquarum
809 2643 1114 2694 meminisset
1152 2644 1243 2694 sub
1271 2643 1486 2714 nomine
1524 2655 1699 2693 ABYSSI
1725 2682 1740 2707 ,

136 2719 423 2771 necessario
457 2712 607 2770 sanis
639 2715 938 2767 mentionem
967 2714 1113 2782 fecit,
1135 2724 1239 2766 etc.
1268 2712 1446 2780 Neque
1481 2715 1591 2763 hzrc
1623 2727 1743 2764 scn-

133 2791 304 2843 tentia
336 2806 362 2840 a
391 2787 488 2842 SS.
522 2786 712 2840 Basilio
739 2828 753 2852 ,
797 2784 1059 2837 Ambrosio
1086 2825 1098 2846 ,
1142 2785 1424 2852 Augustino
1447 2826 1461 2848 ,
1504 2794 1606 2835 etc.
1648 2784 1744 2835 im-

132 2862 416 2927 probatur.
446 2858 584 2913 Sane
615 2873 788 2910 autem
820 2864 1048 2914 constat,
1082 2859 1221 2923 quod
1255 2855 1482 2927 llcbrzui,
1517 2869 1743 2919 quorum

130 2926 315 3000 lingua
343 2930 663 2998 superlativis
685 2928 1010 3000 destituitur,
1039 2927 1175 2979 inter
1195 2931 1294 2978 alia
1321 2926 1385 3000 ad
1409 2927 1623 3000 eosdem
1649 2943 1743 2981 ex-

131 2997 448 3072 primendus
479 2999 797 3072 adminicula
823 3014 935 3072 non
968 3015 1087 3049 raro
1113 2997 1622 3072 nomeuqiiotlpiam
1659 3015 1743 3053 DEI

128 3068 412 3143 proprium
457 3071 712 3124 adhibere
753 3071 999 3133 soleant,
1043 3077 1100 3121 ut
1131 3068 1256 3120 Gen.
1294 3068 1507 3132 XXXV,
1535 3069 1589 3123 5.
1622 3075 1748 3124 nm

126 3145 315 3222 D735}:
345 3183 552 3222 nmnon
592 3182 674 3218 υει
723 3165 809 3234 (id
852 3174 936 3217 est
973 3165 1258 3226 ηιίι.τίιηηδ,
1300 3179 1362 3216 ac
1408 3165 1552 3216 velut
1581 3181 1610 3218 a
1643 3181 1746 3221 ι)εο

126 3242 250 3310 ipso
275 3240 566 3306 immissus)
588 3242 766 3290 inruant
787 3253 975 3289 omnes.
998 3236 1084 3290 Sic
1108 3234 1248 3289 Psal.
1275 3235 1491 3300 XXXV,
1511 3237 1562 3301 7,
1583 3235 1744 3292 habe-

1859 619 2200 687 perferebatur
2227 634 2377 686 super
2405 634 2579 690 aquas,
2614 628 2718 690 etc.
2752 617 2902 675 Unde
2929 637 3034 677 non
3065 623 3277 686 mirum,
3306 622 3445 690 quod

1857 705 1920 764 es
1955 698 2100 742 tanto
2135 687 2655 764 conseusuPatrum
2698 688 2836 764 hanc
2861 708 3088 764 quoque
3126 687 3444 750 sententiam

1856 761 2188 835 adoptaverit
2229 759 2463 815 Ecclesia
2504 760 2558 814 in
2598 759 2978 835 Benedictione
3003 759 3201 819 Fontis
3240 765 3447 835 Baptis-

1857 831 2010 906 malis
2041 833 2108 884 ita
2137 846 2336 906 canens
2361 853 2373 906 _:
2399 846 2549 906 unus,
2577 832 2725 906 cujus
2747 833 2974 902 Spiritus
3010 854 3160 906 super
3187 831 3343 906 aquas
3368 838 3446 889 in-

1856 911 1928 956 ter
1954 902 2065 976 ipsa
2089 904 2263 976 mundi
2292 903 2568 970 primordia
2589 905 2926 973 ferebatur,ut
2946 908 3058 976 jam
3072 902 3197 961 tunc
3216 902 3444 962 uirtutem

1853 974 2271 1046 sanctiﬁcationis
2297 990 2541 1042 aquarum
2569 984 2751 1046 natura
2778 974 3081 1046 conciperet,
3112 990 3217 1034 etc.

1925 1043 2030 1119 Sed
2059 1044 2183 1113 quid
2221 1055 2397 1119 vetat,
2438 1054 2544 1119 tres
2572 1044 2670 1119 has
2698 1043 2978 1116 opinio‘nes
3018 1053 3164 1119 quasi
3197 1052 3246 1104 in
3285 1066 3440 1105 unam

1853 1117 2231 1190 compingere?
2260 1118 2504 1170 Dicamus
2534 1116 2711 1186 igitur,
2747 1133 2841 1188 per
2865 1116 3107 1176 SPIRITIJII
3140 1138 3224 1176 DEI
3259 1123 3442 1190 impri-

1852 1187 1953 1241 mis
1975 1188 2195 1257 intelligi
2225 1197 2443 1252 ventum,
2477 1203 2572 1243 seu
2598 1187 2763 1242 aerem
2788 1191 3191 1258 elementarcm,
3221 1204 3273 1246 et
3305 1187 3443 1245 hunc

1851 1259 2098 1333 singulari
2125 1261 2304 1312 virtute
2335 1275 2420 1313 om
2440 1268 2770 1333 commotum,
2809 1262 3113 1330 perﬂuendo
3142 1278 3325 1333 aquas,
3362 1265 3442 1316 his

1851 1330 1994 1405 velut
2017 1331 2409 1405 incorporatum
2433 1329 2936 1405 fuisse,sicque_cas
2957 1335 3020 1388 ad
3040 1329 3439 1405 progeneranda

1851 1402 2078 1456 viventia
2101 1401 2452 1464 fazcundasse,
2474 1400 2795 1469 ctSpiritum
2812 1400 3062 1460 Sanctum
3086 1400 3185 1459 sub
3203 1407 3301 1459 hoc
3322 1422 3444 1460 aere

1851 1471 2188 1546 invisibiliter
2219 1472 2492 1546 latentem,
2517 1473 2732 1546 easdem
2757 1491 2922 1545 aquas
2955 1477 3166 1542 virtute,
3196 1477 3441 1546 perBap-

1852 1544 2067 1618 tismum
2100 1545 2225 1598 olim
2257 1544 2488 1598 animam
2527 1544 2890 1601 sanctiIICandi
2919 1544 3312 1618 quodammodo
3342 1544 3445 1603 iui-

1850 1615 2031 1670 tiasse.

1921 1686 2222 1742 Ferebatur.
2298 1686 2620 1762 Hebraicum
2693 1693 2896 1748 nemo
2963 1692 3102 1759 quod
3154 1691 3301 1747 LXX
3356 1708 3447 1762 per

1847 1764 2109 1829 ἕπερξρετο,
2142 1761 2573 1830 superferebatur,
2608 1772 2901 1828 exponunt,
2932 1765 3222 1817 arcanioris
3249 1761 3443 1818 nonni-

1851 1831 1921 1884 hil
1941 1831 2338 1900 signiﬁcationis
2354 1831 2492 1900 apud
2512 1830 2768 1886 Hebraeos
2783 1847 2904 1888 esse
2923 1833 3133 1889 dicitur.
3159 1835 3444 1890 Enimvero

1849 1901 1902 1955 S.
1935 1903 2160 1958 Basilius
2189 1904 2242 1957 in
2275 1902 2524 1956 llexaem.
2546 1917 2596 1957 ο.
2624 1903 2674 1968 1,
2699 1901 2818 1973 Syri
2845 1905 3117 1970 cujusdam
3141 1907 3446 1974 interpretis

1851 1974 2030 2043 (quem
2072 1978 2430 2030 communiter
2473 1984 2662 2043 putant
2709 1975 2962 2046 fuisses.
2997 1975 3234 2046 Ephrem,
3263 1976 3442 2032 Basilii

1846 2046 2104 2117 insignem
2133 2046 2397 2117 amicum)
2431 2046 2793 2100 testimonium
2826 2045 3099 2101 adducens
3121 2090 3134 2112 ,
3165 2050 3243 2104 sic
3269 2050 3443 2117 prola-

1844 2125 1966 2190 _tur_:
1996 2115 2136 2190 Illud
2157 2120 2323 2186 itaque
2348 2115 2604 2190 ἐάηρερετο,
2629 2132 3133 2183 sursarcacunun,
3165 2121 3232 2172 ait
3257 2115 3446 2190 (Syrus

1844 2186 1979 2256 ille),
2000 2189 2355 2256 interpretatur
2384 2186 2472 2256 pro
2487 2186 2779 2252 'awé’laim,
2798 2204 3146 2244 conrovcusr
3171 2186 3445 2244 secundum

1845 2259 2230 2312 similitudinem
2277 2268 2511 2328 ἰζωηάνει
2577 2275 2844 2317 ΑΝικΑιιΑτ
2889 2263 3164 2315 secundum
3204 2263 3443 2315 similitu-

1845 2330 2012 2383 dinem
2045 2337 2345 2398 ἐτωαιςοὺης
2402 2335 2582 2401 ὄρνιθος
2603 2375 2615 2392 .
2674 2349 2790 2388 ovls
2831 2348 3136 2388 INCUBANTIS
3164 2348 3404 2389 cauum:
3429 2377 3442 2397 ,

1845 2411 1892 2454 et
1945 2402 2146 2455 vitalem
2199 2405 2471 2472 quamdam
2541 2407 2773 2457 uirtutem
2821 2405 3132 2458 immittentis
3185 2410 3282 2465 τοῖς
3327 2411 3445 2458 irra-

1846 2474 2637 2540 Oalxopé/otg,concurram“,
2685 2475 2933 2528 nimirum
2981 2477 3096 2530 ovis
3142 2475 3267 2530 illis.
3302 2477 3446 2530 Cott-

1845 2555 2000 2597 sonat
2049 2549 2306 2600 Diodorus
2365 2547 2530 2600 Turs.
2578 2547 2626 2600 in
2673 2543 2950 2613 pra-fatum
2990 2545 3186 2601 Cenes.
3235 2549 3338 2600 loc.
3375 2548 3444 2601 ita

1846 2614 2161 2671 disserens:
2206 2616 2321 2670 Vult
2351 2619 2479 2669 enim
2525 2616 2773 2670 llebraica
2811 2619 2963 2670 dictio
3015 2619 3259 2689 (hamis)
3301 2620 3448 2672 verbo
3485 2661 3489 2665 .

1847 2692 2091 2760 ζςτιρὲρετο
2161 2689 2462 2756 respondens
2499 2729 2512 2749 ,
2566 2690 2884 2759 signi/imre,
2928 2691 3096 2757 quod,
3155 2691 3283 2742 sicut
3338 2691 3446 2760 gal-

1847 2757 1952 2810 lina
1984 2762 2088 2812 ovis
2115 2761 2336 2816 incubat.
2369 2762 2462 2812 alis
2494 2761 2594 2812 suis
2614 2757 2678 2813 ea
2709 2770 2944 2828 tanquam
2973 2761 3247 2812 animauda
3278 2757 3444 2814 molli-

1848 2837 1922 2880 ter
1947 2832 2259 2899 contingens,
2307 2835 2376 2883 sic
2405 2833 2552 2884 ilium
2581 2832 2808 2898 Spiritus
2830 2833 2971 2897 aquis
2997 2829 3445 2898 superlerebamr,

1848 2915 1932 2974 eas
1957 2902 2094 2974 uitali
2125 2903 2291 2956 calore
2322 2905 2564 2958 imbuens.
2597 2902 2786 2974 Atque
2808 2902 2907 2956 hoc
2937 2901 3108 2974 ipsum
3141 2902 3196 2958 S.
3231 2904 3446 2957 Ilieron.

1849 2969 1901 3042 ign
1953 2973 2053 3042 Ep.
2090 2977 2156 3025 ad
2204 2975 2391 3027 Ure/tn.
2437 2987 2488 3026 et
2535 2975 2597 3026 L.
2628 2969 2711 3026 'tle
2746 2971 2906 3028 Trad.
2946 2973 3104 3026 Hebr.
3148 2988 3244 3027 nec
3275 2975 3448 3028 minus

1938 3041 2125 3099 Ambr.
2156 3045 2218 3100 L.
2256 3046 2294 3099 I.
2332 3049 2381 3098 in
2417 3045 2662 3099 llexaem.
2696 3061 2738 3096 c.
2774 3045 2827 3096 8.
2859 3044 3196 3108 confirmant,
3227 3054 3283 3098 ut
3310 3049 3448 3113 apud

1849 3111 2021 3186 Natal.
2058 3119 2207 3172 Ales.
2240 3117 2303 3171 T.
2340 3119 2373 3170 Ι.
2408 3117 2522 3170 Λίι.
2560 3118 2632 3169 Μ.
2661 3116 2700 3168 1.
2733 3113 2871 3170 Diss.
2905 3116 2944 3170 I.
2977 3115 3086 3166 Art.
3110 3115 3166 3168 2.
3202 3111 3362 3186 Prop.
3391 3118 3444 3172 ‘2.

1849 3183 2097 3242 ditiusius
2143 3191 2325 3245 videre
2362 3199 2464 3244 est.
2517 3190 2577 3242 Et
2621 3189 2850 3255 denique
2898 3186 3069 3240 adlmc
3109 3183 3354 3241 subtilius
3399 3191 3448 3242 id

1941 3262 2074 3329 Aug.
2107 3262 2174 3314 de
2203 3263 2336 3314 Gell.
2376 3264 2438 3313 ad
2480 3260 2581 3314 Lit.
2615 3275 2663 3313 c.
2699 3262 2750 3312 li.
2784 3258 3054 3329 explicati:
3089 3256 3233 3310 Sicut
3261 3274 3465 3327 supcr-

125 3344 217 3389 tur
243 3334 490 3388 :Justitia
516 3343 599 3383 tua
621 3309 887 3387 Sis-#1133
916 3348 1065 3386 SICUT
1088 3346 1294 3386 IlthTES
1317 3347 1425 3396 nm,
1454 3332 1487 3384 i.
1513 3347 1562 3386 e.
1595 3349 1740 3386 mon-
1768 3337 1814 3400 (ζ
1851 3309 2276 3385 ferturovoluntas
2300 3334 2512 3399 arti/iris
2541 3333 2831 3400 tigno,etc..
2856 3309 2936 3382 'vel
2962 3328 3112 3380 etiam
3140 3329 3262 3396 ipsis
3290 3309 3447 3383 niem.

127 3416 203 3460 tes
231 3407 487 3458 altissimi.
517 3405 580 3458 Et
609 3404 751 3458 I’sal.
780 3403 1011 3462 LXXIX.
1042 3405 1129 3457 II:
1161 3402 1373 3472 Operuit
1401 3412 1591 3458 montes
1620 3420 1732 3456 um-

123 3498 221 3550 bra
250 3500 392 3568 ejus,
423 3509 468 3550 et
501 3498 710 3550 arbusta
740 3498 846 3561 eius
875 3473 1104 3551 Etet-ms
1134 3510 1336 3550 cennos
1366 3511 1472 3561 per,
1507 3497 1737 3551 maxime

125 3591 386 3642 nimirum
423 3590 678 3642 sublimes
717 3604 778 3642 ac
806 3604 1074 3656 proceras.
1107 3589 1324 3641 Accedit
1354 3589 1494 3657 quod
1527 3590 1733 3658 iisdem,

124 3661 326 3730 quibus
359 3661 566 3730 Moyses
591 3659 718 3714 Gen.
743 3658 794 3724 I,
821 3662 876 3719 ‘2.
910 3660 1070 3713 etiam
1099 3659 1258 3712 Isaias
1286 3658 1376 3712 XL
1397 3699 1409 3720 ,
1435 3659 1488 3722 7,
1519 3662 1736 3715 vocibus

125 3743 315 3785 utatur
341 3751 352 3786 :
386 3730 705 3785 Exsiccatum
728 3742 797 3784 est
821 3736 1008 3801 [asilum
1033 3772 1044 3792 ,
1076 3731 1194 3799 quia
1224 3736 1343 3783 mni
1373 3735 1467 3785 rm
1504 3745 1736 3788 SPIBITUS

123 3818 314 3857 nonis:
345 3805 557 3874 sufﬂavit
589 3804 639 3856 in
669 3819 726 3856 eo
755 3818 771 3856 :
803 3802 943 3872 quod
979 3802 1149 3872 palam
1185 3811 1268 3857 est
1297 3801 1362 3856 de
1395 3814 1542 3856 vento
1574 3803 1733 3858 intel-

124 3874 407 3944 ligendum
435 3889 572 3929 esse.

202 3945 448 4001 Secunda
467 3945 728 4016 sententia
753 3944 1036 4016 m_ultorum
1057 3953 1158 4008 est,
1180 3945 1266 4012 qui
1305 3947 1646 4016 pet-spiritum
1676 3946 1736 4000 il-

123 4017 271 4079 lum,
302 4026 436 4072 teste
453 4017 507 4072 S.
529 4018 664 4086 Aug.
687 4015 748 4068 de
780 4014 905 4070 Gen.
937 4023 1002 4069 ad
1022 4017 1236 4083 lit.iinp.
1271 4016 1402 4087 μδ,
1435 4014 1737 4087 intelligunt

121 4104 368 4144 γιτΛιεκ
398 4104 852 4158 cantuumqua
881 4090 1139 4140 universus
1169 4086 1378 4140 visibilis
1396 4086 1633 4152 mundus,
1653 4099 1736 4141 at-

117 4178 228 4229 que
261 4161 428 4213 omnia
456 4177 698 4227 corporea
728 4162 1065 4213 continentur.
1090 4171 1134 4211 et
1159 4170 1439 4229 moventur,
1467 4169 1597 4227 etc.,
1624 4170 1734 4224 aut,

121 4228 188 4286 ttt
221 4231 283 4285 S.
311 4230 464 4285 Joun.
489 4231 770 4302 Chrysost.
808 4229 959 4283 Hom.
991 4229 1058 4283 III
1086 4232 1137 4282 in
1171 4228 1297 4282 Gen.
1329 4230 1574 4294 altirmat,
1605 4231 1740 4296 quod

118 4303 361 4373 adfuerit
382 4303 564 4376 e/ﬁeaxd
579 4301 808 4376 quietiam
836 4313 879 4355 et
903 4316 1110 4355 VITALIS
1141 4317 1404 4376 orca/mo
1426 4304 1576 4376 aquis
1610 4303 1738 4376 (sci-

119 4372 260 4429 licet
299 4375 501 4428 occulta
555 4373 680 4445 ipsis
716 4374 971 4442 impressa
1013 4373 1314 4442 fwcuuditas
1374 4372 1438 4427 ad
1477 4372 1740 4443 progene-

117 4445 334 4500 raudas
362 4447 596 4498 viventes
641 4454 913 4498 creaturas
937 4488 950 4509 ,
992 4446 1150 4510 pisces
1187 4459 1378 4513 nempe
1416 4460 1479 4500 ac
1515 4445 1739 4501 volucres

119 4517 267 4570 Gen.
297 4516 334 4583 I,
355 4516 471 4587 2|),
490 4528 532 4570 et
555 4532 654 4570 non
673 4515 821 4585 fuerit
843 4517 1284 4585 simpliciteraqua
1305 4528 1464 4582 stans,
1489 4528 1532 4570 et
1560 4519 1739 4572 immo-

116 4589 275 4654 bilis,
297 4589 386 4643 sed
417 4587 637 4655 mobilis,
671 4598 716 4641 et
742 4603 974 4642 vnnccu
999 4587 1272 4656 quamdam
1304 4604 1392 4641 νηί
1425 4588 1646 4643 habens.

204 4682 387 4736 Tertia
413 4683 592 4751 Opinio
619 4683 685 4737 de
723 4697 925 4736 srmrru
958 4697 1157 4736 sascro
1204 4683 1420 4751 exponit
1449 4699 1473 4738 -:
1507 4684 1556 4736 in
1580 4700 1736 4753 quam

127 4771 231 4809 me
261 4754 422 4824 adigit
441 4755 783 4824 longemajor
799 4754 894 4808 SS.
919 4754 1130 4807 Patrum
1151 4768 1427 4808 numerus.
1471 4753 1648 4810 Verius
1668 4767 1740 4812 est

119 4826 233 4896 (ait
275 4824 332 4880 S.
365 4823 718 4881 Basil.llorn.
753 4825 792 4879 II
824 4827 874 4878 in
914 4824 1206 4894 Heraean),
1229 4834 1319 4878 eta
1344 4827 1622 4894 majoribus
1649 4845 1742 4881 no-

113 4899 256 4952 stris
286 4897 567 4964 probatum,
600 4899 734 4968 quod
761 4897 1099 4968 spiritusjlle
1128 4912 1361 4968 stautros
1391 4914 1476 4952 om
1507 4914 1741 4954 sumus

116 4972 302 5023 dictus
330 4979 419 5033 est,
447 4977 552 5023 etc.
582 4966 643 5022 Et
671 4968 731 5024 S.
763 4969 949 5040 Ambr.
978 4966 1041 5022 L.
1073 4967 1090 5021 l
1117 4970 1172 5020 in
1205 4966 1335 5022 Hem.
1363 4986 1408 5023 c.
1436 4970 1468 5022 8
1489 5011 1505 5034 ,
1537 4971 1737 5040 inquit:

123 5041 256 5096 Nos
295 5056 407 5092 cum
438 5049 726 5112 sanctorum
755 5052 799 5093 et
831 5039 1076 5112 [idalium
1101 5041 1349 5093 sententia
1376 5039 1735 5112 congruentes,

117 5113 393 5179 Spiritum
434 5111 496 5166 S.
538 5113 848 5180 accipimus,
889 5119 993 5164 etc.
1035 5110 1142 5164 Nec
1182 5113 1358 5165 minus
1395 5115 1452 5165 ὃ.
1477 5110 1635 5167 ⁷11ἰειν.
1677 5117 1739 5170 de

115 5183 297 5240 'l‘rad.
332 5182 489 5237 Ilebr.
515 5184 564 5237 in
585 5181 710 5236 Gen.
736 5183 982 5236 afﬁrmat.
1008 5200 1107 5235 non
1133 5183 1194 5235 de
1214 5184 1394 5252 spiritu
1414 5185 1589 5238 mundi
1614 5187 1734 5253 dici,

115 5257 224 5310 sed
255 5257 315 5307 de
341 5255 542 5320 Spiritu
571 5255 626 5326 S.
660 5271 743 5323 qui
765 5264 810 5306 et
841 5253 1146 5326 Vivilicator
1169 5256 1394 5307 omnium
1427 5273 1457 5307 a
1486 5259 1738 5326 principio

117 5328 346 5381 dit-itur.
377 5328 550 5397 Atque
582 5325 808 5394 idipsum
842 5326 892 5379 in
939 5324 1040 5393 Ep.
1079 5326 1146 5377 ad
1190 5326 1378 5379 Ocean.
1421 5324 1735 5397 conﬁrmat,

119 5398 385 5466 inquiens
417 5415 431 5452 :
467 5396 862 5470 Incompositam
891 5413 934 5450 et
967 5397 1266 5470 inuisibilem
1292 5400 1558 5470 materiam
1588 5396 1739 5470 abys-

114 5486 325 5540 sorum
343 5469 695 5538 magnitudine
721 5479 765 5522 et
795 5468 1105 5537 deformibus
1136 5468 1348 5522 tenebris
1378 5468 1691 5540 opprimebat
1721 5486 1739 5527 :

114 5543 277 5596 solus
309 5539 543 5608 Spiritus
570 5555 656 5594 nat
701 5541 754 5593 in
785 5540 979 5610 auriga:
1003 5540 1207 5592 modum
1237 5556 1388 5607 super
1418 5539 1573 5610 aquas
1605 5550 1736 5612 fere-

118 5617 305 5674 batur,
335 5621 383 5663 et
411 5621 699 5684 nascentem
728 5612 984 5684 mundum
1008 5613 1057 5662 in
1088 5612 1252 5684 figura
1280 5612 1532 5681 Baptismi
1562 5627 1738 5684 partu-

115 5686 317 5741 riebat.
348 5683 483 5748 Quid
514 5698 642 5737 vero
678 5683 734 5737 S.
770 5681 1130 5753 Augustinus"
1175 5683 1433 5738 Praeclare
1470 5697 1522 5739 et
1562 5681 1647 5742 hic
1687 5689 1736 5742 in

116 5759 198 5813 L.
237 5753 356 5809 XIII
390 5753 543 5821 Cani.
576 5773 621 5806 c.
653 5755 706 5817 3,
741 5765 970 5826 mentem
1003 5769 1151 5807 suam
1183 5757 1351 5824 aperit
1385 5772 1396 5808 :
1451 5755 1734 5826 Tenebam,

117 5828 387 5898 inquiens
412 5866 426 5887 ,
455 5827 568 5895 jam
607 5841 819 5880 unus!
855 5826 907 5878 in
951 5824 1040 5879 Dei
1080 5829 1307 5890 nomine,
1353 5829 1441 5898 qui
1479 5830 1597 5896 fecit
1632 5824 1738 5883 lucc

121 5898 444 5971 (commtet
478 5901 703 5966 terram)
736 5908 781 5951 ct
812 5912 988 5952 ncunu
1030 5899 1081 5949 in
1120 5898 1371 5967 Principii
1419 5903 1648 5965 nomine,
1683 5905 1733 5956 iu

113 5969 244 6044 Quo
272 5969 390 6040 fecit
421 5970 528 6025 luet:
559 5985 578 6026 .'
606 5979 653 6026 et
689 5983 1015 6026 τιιιΝιτΑτεη
1061 5987 1289 6040 qua‘rens
1309 6013 1323 6040 ,
1369 5973 1652 6042 quwrebam
1682 5976 1734 6029 in

1847 3400 1950 3474 bris
1979 3408 2205 3474 corporis
2234 3405 2342 3468 sui,
2374 3422 2484 3472 ([tttt.’
2514 3407 2579 3456 ad
2607 3402 2918 3467 operantium
2948 3400 3347 3474 ntovct.__Atque
3380 3403 3446 3456 ita

1841 3472 2002 3526 etiam
2051 3469 2354 3530 inditiduus
2386 3469 2678 3546 Augustini
2730 3482 2963 3529 sectator
3004 3469 3062 3526 S.
3109 3469 3363 3527 Thomas.
3406 3473 3445 3528 I.

1842 3561 1895 3613 p.
1919 3562 1968 3614 q.
2003 3546 2092 3605 bb’.
2118 3565 2167 3599 a.
2201 3548 2236 3601 I.
2281 3550 2516 3613 exponit.

1913 3618 2228 3671 Substantia.
2263 3618 2494 3672 Subaudi
2516 3620 2600 3672 sit.

1915 3688 2291 3764 Dignationem,
2335 3705 2431 3758 pro
2463 3689 2782 3761 dignitatem.

1915 3779 2090 3834 Sedes.
2116 3781 2277 3852 Igitur
2309 3781 2790 3850 'I‘crtullianusjam
2814 3779 3058 3834 Patrihus
3083 3778 3206 3846 illis,
3237 3778 3304 3834 de
3332 3782 3448 3849 qui-

1840 3850 1940 3906 bus
1969 3850 2182 3920 supra}
2220 3853 2446 3921 Spiritus
2491 3853 2603 3914 Dei,
2657 3851 2822 3906 facem
2881 3851 3147 3920 praetulit,
3202 3867 3308 3905 non
3357 3854 3449 3906 mi-

1843 3939 1944 3978 nus
1975 3923 2035 3977 L.
2068 3924 2134 3979 IV
2163 3927 2280 3980 adv.
2317 3924 2480 3977 Marc.
2519 3923 2686 3978 XXVI
2716 3967 2729 3987 ,
2759 3923 2984 3978 eandem
3011 3924 3327 3976 sententiam
3360 3924 3443 3978 in-

1841 3997 2061 4050 sinuans
2088 4016 2100 4051 ;
2148 4012 2469 4068 quanquam,
2499 3997 2541 4050 si
2570 4011 2753 4068 verum
2777 3994 2959 4048 dicere
2983 3993 3227 4068 velimus,
3256 4008 3442 4068 parum

1841 4065 2184 4131 constanter}
2233 4065 2373 4122 nam.
2420 4067 2481 4121 L.
2531 4068 2646 4120 adv.
2698 4065 2941 4135 Hermog.
2991 4082 3036 4118 c.
3080 4065 3169 4128 '52,
3217 4065 3267 4118 in
3314 4067 3440 4121 illud

1841 4137 1996 4212 Amos
2028 4138 2115 4212 IV,
2145 4142 2209 4193 I3
2242 4140 2549 4212 (utquidem
2572 4139 2712 4192 LXX
2758 4137 2960 4206 legunt)
2989 4146 3179 4204 στορεῶν
3201 4147 3403 4212 βροντ-ξτν
3426 4181 3439 4204 ,

1841 4211 1926 4278 qui
1956 4210 2142 4263 solidat
2172 4209 2465 4272 tonitruum,
2497 4215 2578 4264 καὶ
2605 4215 2772 4275 κτίζων
2792 4216 2998 4275 πνεῦμα,
3027 4218 3071 4259 et
3093 4210 3262 4260 condit
3287 4209 3439 4278 spiri.

1843 4289 1967 4344 tum,
1993 4292 2093 4336 etc.
2108 4322 2120 4344 ,
2142 4283 2209 4336 ita
2228 4282 2442 4336 disserit
2466 4300 2478 4335 :
2500 4280 2631 4334 Eum
2654 4281 2887 4349 spiritum
2909 4279 3180 4333 conditum
3204 4281 3436 4345 ostendit,

1841 4354 1925 4420 qui
1955 4355 2003 4406 in
2027 4365 2186 4407 terras
2209 4355 2436 4407 conditas
2465 4354 2816 4422 deputabatur,
2843 4353 2929 4420 qui
2959 4367 3110 4422 super
3135 4367 3290 4419 aquas
3317 4352 3440 4418 [ere-

1842 4423 2011 4492 batur,
2057 4425 2287 4486 librator,
2317 4436 2362 4478 et
2401 4420 2642 4493 adﬂator,
2676 4434 2721 4476 et
2759 4425 3011 4476 animator
3045 4420 3396 4474 Uniuersitatis
3419 4463 3433 4482 ,

1843 4513 1964 4561 non,
1996 4507 2046 4550 ut
2071 4498 2278 4566 quidam
2317 4505 2514 4567 putant,
2545 4497 2712 4564 ipsum
2757 4509 2842 4548 nat
2880 4493 3158 4567 signiﬁcari
3191 4507 3434 4567 smm'run

1843 4570 2024 4638 (neque
2063 4564 2193 4622 enim
2229 4564 2378 4636 aqurc
2405 4567 2672 4621 Dominum
2710 4564 3322 4638 sustinerem/ficerent);
3351 4569 3438 4619 sed

1844 4635 1955 4693 eum
1985 4643 2226 4706 spiritum
2257 4635 2399 4704 dicit,
2432 4641 2494 4695 de
2521 4657 2619 4710 quo
2648 4641 2798 4693 etiam
2830 4636 2974 4692 venti
3001 4635 3296 4710 consistunt,
3327 4648 3433 4710 etc.

1847 4713 1954 4765 Aut
1978 4712 2134 4779 igitur
2163 4712 2352 4780 prioris
2381 4728 2489 4765 suze
2512 4706 2788 4767 sententia:
2811 4710 3093 4764 immemor
3124 4706 3236 4780 haec
3256 4708 3434 4780 serip-

1847 4784 1950 4846 sit,
1983 4778 2070 4836 aut
2103 4778 2406 4850 ingratiam
2444 4782 2671 4836 Montani
2697 4783 2774 4837 sui
2813 4782 2970 4852 (tunc
2998 4783 3138 4852 enim
3173 4778 3299 4852 huic
3323 4779 3433 4846 jam

1845 4868 1925 4918 se,
1954 4856 2119 4909 chcu!
2150 4853 2305 4922 plene
2332 4854 2626 4922 addixerat)
2656 4856 2741 4920 qui
2772 4849 2995 4922 ipsemet
3015 4864 3072 4904 se
3095 4849 3348 4922 Spiritum
3373 4852 3434 4906 S.

1845 4927 2103 4994 sacrilege
2135 4919 2366 4995 j'actasse
2409 4919 2757 4995 quorumdam
2793 4919 3052 4995 relatione
3104 4919 3432 4995 perhibetur,

1845 4997 1955 5052 imo
1985 4993 2376 5066 ct’abipsomet
2398 4995 2620 5051 Tertull.
2648 4997 2698 5050 in
2724 4993 2784 5047 L.
2810 4994 2873 5047 de
2896 4993 3102 5063 Monog.
3129 5012 3174 5046 c.
3205 4994 3257 5056 I,
3289 5008 3434 5045 com-

1845 5070 2132 5140 pollutione
2178 5069 2428 5122 l’aracleti
2461 5068 2737 5134 salutatur,
2767 5073 3002 5120 veterem
3035 5080 3183 5120 suam
3214 5074 3431 5118 senten-

1842 5141 1972 5198 tiam
2003 5142 2230 5196 fortasse
2261 5141 2533 5210 cxpunxit.

1916 5234 2126 5306 Liquor.
2160 5235 2438 5306 Liquidum
2466 5236 2596 5289 aeris
2620 5233 2964 5306 elementum.

1915 5301 2147 5379 Semper.
2184 5301 2429 5374 Indejam
2450 5321 2476 5358 a
2516 5305 2806 5375 primordio
2835 5301 3121 5360 creationis
3150 5315 3282 5355 sum.

1915 5450 2077 5503 Lecta.
2111 5451 2409 5519 Opponitur
2433 5450 2560 5504 tristi
2589 5449 2791 5520 abysso.

1916 5517 2170 5588 Simplex.
2199 5522 2482 5576 Unil'ormis
2510 5536 2601 5590 per
2620 5517 2796 5576 omnia
2817 5517 3148 5575 substantitc.

1919 5587 2256 5659 Subjieiebat.
2311 5592 2358 5647 In
2412 5587 2522 5662 quo
2542 5593 2770 5662 Spiritus
2803 5590 2863 5647 S.
2897 5592 3090 5662 auriga:
3124 5592 3177 5643 in
3218 5587 3431 5662 modum

1843 5679 2006 5732 super
2032 5681 2196 5734 aquas
2219 5659 2522 5730 veheretur,
2542 5659 2598 5720 ut
2621 5665 2678 5721 S.
2703 5663 2846 5718 IIicr.
2871 5663 2922 5718 in
2944 5661 3043 5733 Ep.
3063 5662 3132 5718 83
3159 5660 3226 5716 ad
3239 5659 3429 5715 Ocean.

1841 5737 2087 5807 explicat.
2123 5737 2249 5791 Vide
2277 5753 2454 5806 supra.

1916 5829 2358 5884 Modulatrit-itms.
2392 5830 2649 5884 Modulari
2669 5841 2749 5886 est
2790 5846 2900 5885 rem
2923 5830 3201 5890 concinnae,
3230 5826 3294 5882 ad
3319 5841 3432 5880 cer-

1845 5912 1954 5957 tum
1988 5903 2215 5966 modum,
2245 5918 2337 5956 seu
2365 5903 2742 5972 elegantiorem
2773 5903 3035 5956 modulum
3059 5917 3122 5954 ac
3148 5914 3433 5953 mensuram

1841 5975 2144 6049 disponere.
2173 5974 2321 6031 Unde
2346 5975 2700 6032 modulatrices
2721 5991 2865 6046 aqua:
2887 5975 2970 6033 hic
2995 5981 3272 6034 vocantur.
3300 5983 3432 6042 quo-
