4202 6496
726 407 866 470 1147

2137 407 2605 470 TERTULLIANI

3893 415 4036 473 H48

724 535 867 591 niam
897 550 963 590 cx
993 533 1143 603 ipsis,
1174 527 1319 589 velut
1348 529 1746 596 modulantibus,
1775 544 1839 587 ac
1859 528 2202 603 praescriptos
2229 546 2330 583 mo-
2356 526 2411 590 Α
2435 543 2497 585 ac
2528 531 2776 598 tincturis,
2808 531 3162 588 solidissimas
3190 533 3348 589 etiam
3385 533 3714 591 substantias
3740 544 4034 603 penetrau-

724 605 874 660 dulos
908 601 1126 661 cuilibet
1161 621 1338 661 rerum
1377 604 1571 674 speciei
1614 602 1978 673 prtebentibus,
2009 601 2327 658 Universum

725 675 829 733 hoc
853 677 1115 747 digestmn
1148 692 1283 748 aque
1308 676 1676 731 coordinatum
1711 674 1826 729 fuit.

800 768 907 824 Deo
931 770 1178 824 constitit.
1228 770 1326 823 Alii
1370 785 1402 822 a
1445 782 1547 823 ι)εο
1577 768 1818 821 constitit.
1859 766 2170 836 Quanquam
2225 782 2329 821 non

726 851 847 912 est.
894 841 1038 912 quod
1083 840 1411 912 ordinariam
1462 839 1743 893 lectionem
1800 838 2018 891 omnino
2056 838 2326 892 damnent.

725 911 856 967 Nam
882 910 935 967 et
959 927 1063 968 nco
1086 910 1271 967 Grtcea
1298 911 1497 980 phrasi,
1522 926 1616 978 pro
1639 927 1728 982 per
1750 925 1894 964 Deest
1923 929 1934 963 :
1960 912 2180 963 constitit
2204 926 2331 982 vero

728 1001 824 1047 pro
851 983 1062 1051 ﬁrmiter
1085 984 1240 1050 stetit,
1272 993 1361 1038 aut
1389 984 1564 1053 potius
1586 981 1682 1053 pro
1703 983 2030 1035 constitutum
2053 991 2143 1047 est,
2172 981 2331 1036 intel-

728 1053 816 1123 ligi
849 1064 1045 1123 potest.

767 1098 866 1179 ιἸιῖ
887 1126 1151 1180 medietate
1172 1126 1417 1181 distinctis
1436 1169 1450 1189 ,
1489 1138 1587 1178 seu
1626 1124 1677 1177 in
1710 1124 1874 1195 medio
1903 1138 1996 1193 per
2028 1125 2127 1179 hoc
2158 1125 2332 1195 ipsum

731 1198 1103 1265 ﬁrmamentum
1130 1199 1413 1264 separatis.
1439 1195 1513 1249 Ita
1539 1196 1680 1250 enim
1708 1194 1837 1249 Gen.
1868 1195 1907 1257 1,
1946 1195 1980 1249 6
2011 1205 2064 1250 et
2094 1196 2147 1260 7,
2179 1194 2335 1251 sacer

730 1279 906 1323 textus
937 1269 1107 1350 inquit
1138 1286 1150 1323 :
1185 1267 1307 1321 Fiat
1336 1270 1708 1337 ﬁrmamentum
1738 1272 1894 1321 ειηειτι
1920 1273 2065 1350 Tim
2092 1284 2141 1322 IN
2174 1284 2334 1323 nemo

732 1378 976 1426 Aea/inut
1001 1340 1178 1419 ’νη-ιε
1202 1366 1306 1421 ’ΠνἸ
1344 1377 1412 1417 ετ
1439 1376 1560 1416 rm
1592 1375 1804 1423 DIVISIO,
1830 1340 2023 1424 velint
2047 1359 2206 1431 Vulg.
2234 1377 2331 1415 uo-

728 1444 838 1488 ster
868 1435 1047 1497 habet,
1077 1434 1271 1487 dividat
1295 1450 1454 1502 aquas
1481 1433 1542 1487 ab
1572 1433 1736 1503 aquis.
1768 1431 1835 1486 Et
1858 1433 1972 1499 fecit
2000 1447 2131 1488 usus
2152 1434 2333 1501 ﬁrma-

728 1515 975 1573 mentum,
1004 1505 1267 1576 divisitque
1296 1522 1474 1575 aquas,
1501 1502 1763 1561 etc.'Cen.
1788 1503 1827 1570 l,
1862 1503 1895 1558 (i
1925 1512 1976 1557 et
2002 1505 2055 1558 7.

806 1599 1165 1667 Suspenderet.
1220 1599 1274 1653 in
1320 1608 1507 1653 centro
1544 1596 1791 1653 Universi
1833 1597 2124 1662 nimirum;
2176 1613 2324 1652 nam~

730 1672 1182 1798 quexinilqgueus
1236 1669 1483 1741 appendit
1511 1669 1670 1723 tribas
1713 1668 1885 1740 digitis
1933 1668 2117 1724 molem
2163 1679 2330 1724 teri-te.

765 1759 808 1797 s.
936 1785 948 1798 .
1058 1781 1070 1796 .

765 1759 808 1797 8ο
840 1759 948 1806 λιι,
983 1759 1070 1798 12.

808 1833 1016 1902 llabili,
1065 1832 1133 1890 ad
1170 1831 1507 1904 recipiendas
1533 1832 1797 1904 ejusmodi
1832 1832 2029 1904 ﬁguras
2049 1832 2334 1903 tractabili,

730 1919 824 1962 seu
856 1906 1062 1962 idonea.

804 2000 1044 2067 Succida,
1096 2016 1194 2072 pro
1231 2000 1568 2066 succulenta,
1617 2007 1674 2055 ut
1733 1998 1874 2072 idem
1923 1997 2082 2054 Varr.
2132 1997 2196 2052 L.
2262 1999 2328 2072 ll,

731 2088 778 2127 c.
806 2074 893 2135 11,
922 2073 1033 2129 ait:
1061 2070 1109 2127 Ᾰ
1124 2073 1311 2129 sudore
1350 2074 1520 2129 ovium
1550 2088 1723 2126 recens
1759 2070 1879 2126 lana
1928 2080 2074 2126 tonsa
2117 2071 2333 2128 succida

731 2144 993 2216 appellata
1019 2159 1112 2202 est.

804 2237 972 2293 Limo.
1017 2237 1202 2293 Gr:eca
1227 2237 1410 2309 plirasi
1437 2252 1537 2309 pro
1563 2238 1615 2290 in
1666 2238 1871 2309 limum,
1902 2236 1953 2290 in
1988 2250 2148 2306 quem
2200 2244 2336 2289 terra

733 2324 799 2365 cx
816 2313 1104 2378 superstite
1123 2310 1349 2366 luunore
1370 2308 1544 2378 aqueo
1562 2308 1798 2364 emollita
1822 2309 2014 2362 fuerat.

806 2404 906 2454 Ant
953 2403 1137 2471 gratia.
1176 2401 1244 2457 Ut
1271 2400 1384 2457 Cic.
1442 2399 1502 2454 L.
1562 2398 1629 2463 11,
1678 2399 1779 2467 Ep.
1827 2400 1881 2455 3.
1936 2397 2005 2450 ad
2030 2397 2187 2471 Quint
2216 2396 2333 2452 ait:

734 2469 929 2527 Caetera
955 2469 1081 2543 qua:
1110 2484 1228 2528 sunt
1278 2474 1330 2527 in
1379 2473 1524 2527 rebus
1574 2473 1759 2525 nostris
1788 2469 2127 2543 Vltujusmodi,
2183 2471 2333 2538 plena

733 2542 993 2615 dignitatis
1020 2554 1065 2599 et
1093 2545 1293 2615 gratim,
1326 2543 1376 2599 id
1406 2552 1507 2611 est,
1534 2542 1845 2598 venustatis.

808 2635 1047 2707 Ingenia.
1091 2634 1358 2707 Ingenium
1416 2634 1482 2690 de
1532 2635 1836 2707 inanimatis
1889 2645 2100 2707 quoque
2142 2631 2334 2698 rebus,

733 2704 922 2761 saltem
949 2704 1260 2776 impr0pi'ie.
1302 2705 1518 2774 dicitur,
1570 2722 1667 2774 pro
1711 2707 1761 2759 vi
1802 2704 1990 2776 iisdem
2014 2704 2213 2776 innata,
2242 2718 2338 2757 seu

736 2780 872 2832 intus
911 2772 1311 2850 genita,'quam
1356 2772 1511 2833 alias
1537 2772 1749 2850 quoque
1786 2774 2010 2850 indolem
2044 2772 2224 2850 dicere
2252 2789 2341 2850 so-

737 2845 930 2906 lemus:
995 2845 1108 2921 Ego
1142 2845 1318 2905 autem
1380 2864 1478 2919 pro
1541 2845 1746 2920 ingenia
1785 2845 2069 2918 legendum
2113 2845 2340 2917 ingenita

736 2922 772 2975 i.
808 2938 857 2977 c.
892 2922 1221 2991 ingenerata,
1254 2922 1517 2992 suspicor.

809 3011 1253 3083 lustrumentum,
1304 3013 1369 3069 ad
1392 3013 1629 3068 inlinitos
1681 3026 1849 3082 prope
1871 3025 1999 3065 usus
2018 3018 2073 3065 et
2095 3008 2336 3065 cllcctus.

817 3102 1034 3167 Parere,
1083 3120 1179 3173 pro
1239 3121 1523 3174 apparere,
1573 3112 1630 3158 ut
1672 3105 1722 3157 in
1763 3102 1825 3155 L.
1862 3104 1926 3155 de
1983 3102 2137 3171 Spec.
2178 3119 2251 3174 ea
2281 3102 2336 3169 8,

738 3173 879 3229 idem
905 3174 1130 3229 Noster:
1164 3176 1293 3229 Ante
1311 3173 1403 3228 ltus
1432 3186 1531 3228 tres
1558 3176 1675 3229 Ara:
1700 3175 1844 3229 trinis
1870 3174 1967 3230 diis
1992 3184 2192 3243 parent.
2218 3173 2334 3229 Vid.

736 3254 791 3300 et
817 3244 877 3298 L.
908 3247 920 3299 I
953 3247 1069 3301 adv.
1103 3246 1267 3301 Marc.
1296 3263 1343 3300 c.
1378 3247 1464 3311 15,
1498 3256 1553 3302 et
1577 3247 1720 3301 alibi.

810 3335 1103 3392 zEternam.
1150 3338 1226 3393 Ex
1258 3350 1509 3394 contextu
1560 3338 1908 3393 vehementer
1933 3338 2077 3407 su5pi
2105 3352 2200 3391 cor
2243 3347 2342 3391 ter-
2368 3322 2413 3385 Ο

738 3426 911 3463 rcnant
977 3409 1258 3480 legendum
1313 3425 1454 3464 esse.
1497 3409 1810 3479 Quanquam
1856 3420 2090 3462 «uernam
2130 3408 2346 3464 tolerari

746 3495 903 3546 posse
953 3482 1275 3545 existimem,
1328 3490 1385 3534 ut
1433 3496 1623 3535 sensus
1654 3483 1758 3534 sit:
1789 3496 1849 3533 ea:
1874 3482 2019 3551 cujus
2041 3480 2171 3532 velut
2224 3490 2347 3533 nam

739 3552 842 3605 vita
895 3562 1085 3607 (eterna
1151 3554 1423 3624 dependit,
1467 3562 1759 3618 ctc.,cuni
1820 3553 1923 3624 vim
1977 3551 2346 3606 sanrtilicandi

742 3624 821 3676 vel
854 3625 902 3677 in
936 3625 1050 3692 ipso
1079 3623 1157 3677 sui
1192 3623 1484 3691 primordio
1512 3623 1910 3692 quodammodo
1939 3631 2227 3677 conseCuta
2258 3625 2343 3687 sit,

742 3704 797 3747 ut
828 3710 985 3762 supra
1016 3694 1218 3748 dictum
1245 3695 1365 3757 l'uit,
1392 3695 1691 3763 partimque
1714 3694 1839 3765 (ξαρ.
1867 3711 1969 3764 seq.
1999 3694 2230 3765 amplius
2256 3709 2347 3746 ex.

744 3774 994 3833 ponetur.
1020 3766 1285 3819 Caeterum
1313 3779 1444 3819 vero
1470 3766 1670 3833 Aquam
1696 3763 1961 3833 quoddam
1999 3763 2127 3817 Vita:
2146 3776 2351 3818 (eterna:

742 3836 1043 3904 symbolum
1092 3850 1250 3900 esse,
1300 3836 1545 3891 Christus
1588 3838 1700 3905 ipse
1737 3836 1948 3892 mulieri
1994 3837 2349 3890 Samaritana:

742 3906 831 3960 Jo.
869 3907 954 3968 IV,
989 3907 1076 3972 10,
1109 3918 1215 3963 etc.
1250 3923 1312 3963 ac
1341 3908 1637 3976 praesertim
1669 3924 1715 3962 υ.
1751 3909 1841 3972 Μ,
1876 3910 2307 3976 ιπεριιιοιιειηιγῆι
2329 3948 2346 3975 ,

744 3978 992 4047 inquiens
1016 3996 1028 4033 :
1056 3983 1217 4048 Aqua,
1252 3996 1403 4049 quam
1426 3980 1556 4033 dabo
1586 3984 1629 4033 ei
1649 4021 1664 4044 ,
1696 3980 1781 4043 lict
1805 3980 1855 4032 in
1878 3996 1937 4034 eo
1958 3984 2074 4049 ['ons
2102 3993 2247 4049 aqua:
2265 3996 2348 4031 su-

744 4050 909 4103 lientis
933 4054 985 4102 in
1012 4050 1165 4104 vitam
1196 4060 1457 4105 wternam.

818 4140 882 4195 In
905 4142 1113 4215 ctelesti,
1148 4144 1182 4197 i.
1215 4160 1264 4199 e.
1298 4160 1389 4215 per
1416 4143 1613 4214 aliquid
1645 4144 1877 4213 cwleste,
1910 4144 2112 4199 scilicet
2159 4141 2351 4197 Sacra-

746 4224 987 4268 mentum
1024 4214 1304 4282 Baptismi,
1337 4231 1435 4271 ceu
1465 4217 1699 4270 medium
1734 4218 1797 4270 ad
1827 4219 2052 4270 salutem
2087 4226 2344 4279 nostram,

746 4302 905 4365 quam
929 4286 981 4339 in
1009 4286 1148 4341 caelis
1193 4286 1428 4357 denique
1473 4288 1841 4358 adipiscimur,
1863 4304 2069 4343 summe
2093 4302 2348 4341 necessa-

747 4370 905 4412 t'tum.

1266 4451 1420 4507 Nota:
1448 4452 1516 4506 ad
1540 4464 1690 4522 caput
1722 4450 1748 4505 Ι
1764 4449 1826 4506 γ.

820 4563 946 4633 Ipso
988 4565 1194 4630 habitu,
1230 4580 1346 4630 seu,
1402 4580 1495 4634 per
1546 4564 1721 4628 illam,
1757 4581 1916 4636 quam
1967 4581 2090 4619 mox
2122 4572 2252 4636 post
2270 4562 2350 4618 sui

749 4638 1076 4709 creationem
1100 4639 1151 4692 in
1170 4654 1227 4691 se
1250 4648 1515 4708 receptam
1537 4635 2040 4706 habebatﬁnitiulem
2062 4635 2348 4709 quamdam

752 4708 856 4762 vim
885 4709 1277 4763 sanetilicaudi.
2288 4709 2291 4713 ’

824 4800 995 4871 Super
1012 4802 1265 4871 aquas.Ut
1281 4801 1408 4874 Cap.
1435 4819 1590 4874 pt'tL’C.
1619 4802 1671 4857 Ν
1676 4812 1745 4856 ot.
1762 4803 1985 4873 Spiritus
2003 4810 2055 4857 cl
2071 4801 2344 4873 ferebatur.

823 4893 1257 4962 Reformaturum.
1292 4893 1369 4949 Ib.
1406 4893 1530 4949 Not.
1561 4893 1871 4967 Reformari.

825 4986 1179 5043 Mutuabatur.
1229 4989 1317 5045 Sic
1347 4991 1503 5045 etiam
1540 4990 1706 5043 Exod.
1756 4987 1839 5053 Ill,
1890 4988 1943 5054 2,
1968 5003 2123 5043 mons
2154 4987 2347 5054 Horeb,

754 5060 805 5112 in
834 5076 943 5132 quo
965 5064 1203 5128 apparuit
1230 5062 1475 5115 Dominus
1507 5061 1675 5132 Moysi
1701 5063 1751 5114 in
1778 5063 1985 5131 ﬂamma
2007 5061 2140 5131 ignis
2160 5061 2223 5114 de
2246 5076 2352 5115 me-

753 5132 838 5184 dio
866 5130 996 5197 rubi,
1027 5147 1090 5187 ex
1126 5138 1405 5201 praesentia
1436 5149 1522 5187 DEI
1554 5130 1808 5203 singulari
1836 5133 2119 5201 quamdam
2148 5133 2346 5203 sancti-

757 5212 915 5256 tatem
945 5204 1319 5269 contrahebat,
1351 5215 1509 5272 atque
1541 5205 1659 5261 ideo
1688 5204 1753 5258 ad
1786 5203 1934 5258 illum
1966 5217 2137 5257 usus:
2172 5202 2347 5268 Solve,

758 5273 948 5343 inquit,
970 5275 1360 5329 calceamentum
1385 5275 1445 5328 de
1468 5275 1677 5344 pedibus
1699 5276 1819 5341 tuis;
1842 5275 1981 5328 locus
2002 5275 2155 5340 enim,
2179 5276 2231 5327 in
2252 5289 2351 5339 quo

754 5354 876 5406 stas,
908 5360 1081 5416 τιςιιιιιι
1104 5360 1301 5400 suam
1333 5357 1424 5400 est.
1453 5347 1528 5403 Ib.
1556 5363 1606 5400 v.
1636 5347 1691 5402 5.
1717 5345 1903 5401 Simile
1929 5347 2230 5416 exemplum
2262 5361 2351 5401 oe-

754 5416 924 5471 currit
945 5414 1060 5470 Jos.
1095 5416 1181 5482 ΙΙΙ,
1208 5417 1258 5481 ὅ,
1291 5427 1343 5473 et
1372 5418 1497 5472 alibi
1525 5418 1694 5488 plura.

806 5508 1039 5595 μανίαι.
1086 5508 1411 5581 Contrahat,
1472 5511 1617 5568 velut
1672 5512 1722 5567 vi
1761 5510 1988 5583 quadam
2035 5512 2104 5565 ad
2158 5528 2210 5566 se
2262 5529 2349 5565 ra-

764 5598 926 5650 piens.

830 5651 1063 5707 lnsidere
1079 5654 1301 5720 facilem.
1336 5654 1693 5710 llellcnismus
1727 5664 1828 5717 est;
1851 5655 1928 5710 sic
1954 5656 2096 5710 enim
2133 5653 2352 5711 Graecus

760 5722 961 5777 diceret
987 5729 1241 5799 :_sia€5ut
1271 5736 1350 5781 καὶ
1390 5733 1717 5795 indigno.“
1743 5740 1992 5799 ijzst‘wv
2011 5770 2024 5794 ,
2058 5741 2179 5783 cum
2211 5725 2353 5780 Lati-

763 5812 885 5861 nus,
918 5797 1067 5865 facile
1094 5809 1434 5867 penetrantem
1463 5810 1507 5853 et
1533 5797 1852 5853 insidentem.

841 5886 1208 5945 Sal-tilitatem.
1241 5890 1604 5945 Similitudine
1632 5890 1857 5959 quadam
1889 5889 2178 5959 corporali,
2208 5900 2261 5946 et
2290 5888 2355 5945 ad

767 5970 957 6019 ssnsus
986 5961 1389 6020 accommodata
1422 5960 1491 6018 uti
1522 5957 1750 6025 videtur,
1778 5957 1845 6020 de
1884 5957 2009 6018 atrii
2038 5960 2358 6034 quibusdam

2363 1927 2411 1988 B

2440 604 2596 675 tibus.
2630 604 2911 671 Quomodo
2937 612 3113 660 autem
3145 607 3464 672 substantia,
3493 618 3584 661 aut
3616 608 3850 675 qualitas
3877 605 4037 673 Spiri-

2437 674 2627 747 tualis,
2664 676 2714 729 in
2746 675 2987 744 subjecto
3016 692 3278 747 corporeo
3319 674 3643 747 recipiatur,
3668 677 3723 732 id
3760 678 4039 733 enimvero

2437 744 2776 817 Philosophis
2801 747 2969 802 multo
2995 744 3267 805 difficilius
3295 744 3563 821 cxplicatu
3587 758 3688 805 est.

2508 838 2770 908 Concepit,
2804 856 2901 910 pro
2925 841 3109 911 incepit
3141 843 3407 899 fortasse:
3438 853 3525 899 aut
3554 857 3755 899 sensus
3781 853 3907 899 est:
3943 844 4041 898 rint

2436 912 2793 979 sancti/icandi
2822 914 3068 985 concepit.
3106 914 3141 969 i.
3172 929 3221 969 c.
3248 915 3301 969 in
3326 930 3384 971 se
3414 917 3633 986 recepit.

2511 1003 2590 1129 {iis
2617 1021 2675 1057 ea
2706 1015 2847 1073 parte
2869 1022 2988 1077 qua,
3008 1006 3113 1062 i.e.
3137 1007 3189 1061 in
3222 1015 3422 1062 tantum
3443 1049 3457 1075 ,
3504 1009 3557 1063 in
3593 1018 3844 1080 quantum
3869 1022 4040 1079 genus

2512 1094 2522 1129 ι
2566 1091 2673 1129 em.
2700 1088 2803 1129 ete.

2434 1088 2673 1146 qmuem,
2700 1088 2803 1132 etc.

2506 1147 2575 1201 In
2592 1149 2776 1219 specie.
2807 1148 2940 1205 Fors
2972 1149 3254 1221 legendum
3282 1152 3335 1206 in
3361 1153 3601 1224 speciem.

2512 1237 2774 1294 Diluatur.
2800 1242 3024 1311 Quidam
3046 1243 3269 1298 Codices
3298 1246 3534 1299 deluatur
3563 1244 3794 1309 habent;
3828 1255 4043 1300 veteres

2437 1315 2597 1387 enij
2614 1312 2816 1387 deluere
2846 1329 2942 1382 pro
2959 1315 3141 1379 cluere,
3166 1326 3219 1370 et
3246 1316 3383 1387 apud
3416 1315 3632 1373 Festum
3659 1318 3923 1373 deluvium
3948 1332 4043 1387 pro

2438 1382 2629 1435 diluvio
2654 1384 2921 1440 dicebant.

2508 1451 2575 1507 In
2589 1453 2803 1531 λΤίΙιει-ἰ.Δ
2826 1455 3015 1531 [ionice
3033 1458 3283 1514 nimirum
3308 1502 3324 1527 ,
3356 1475 3513 1531 quam
3543 1462 3725 1531 utique
3752 1474 3855 1529 per
3884 1458 4043 1513 Tibe-

2438 1524 2774 1599 rilelumeu
2792 1527 2915 1584 huic
2927 1527 3056 1585 Urbi
3081 1524 3410 1599 intcrlluuni,
3431 1524 3929 1599 designat.Petrum
3952 1533 4047 1599 igi-

2440 1604 2527 1650 tur
2544 1594 2723 1672 Roma?
2743 1600 2900 1672 fuisse
2926 1600 3138 1672 illicque
3163 1618 3284 1657 cum
3306 1594 3472 1657 Paula
3493 1594 3729 1672 paSsum,
3752 1594 4050 1657 Tertullia-

2441 1669 3101 1746 uus_non_hoc_duntaxa't,
3129 1674 3221 1729 sed
3247 1675 3367 1729 aliis
3388 1669 3599 1746 quoque
3623 1669 3781 1746 locis,
3803 1689 3908 1746 ceu
3934 1690 4049 1728 rem

2441 1740 2652 1815 penitus
2675 1742 3025 1815 indubitatam
3059 1746 3329 1815 supponit.
3378 1740 3467 1801 Sic
3512 1740 3655 1802 enim
3689 1740 3773 1799 ιζ
3799 1744 3828 1799 1
3848 1744 3889 1798 γ
3926 1746 4045 1798 ade.

2442 1809 2610 1886 Marc.
2654 1829 2701 1867 c.
2748 1814 2801 1877 5,
2848 1816 2922 1869 ait
2966 1832 2977 1867 :
3031 1809 3290 1878 Videmus,
3339 1819 3462 1886 quid
3506 1819 3656 1872 etiam
3706 1816 3940 1871 Romani
3990 1818 4051 1869 de

2442 1884 2675 1959 proximo
2701 1894 2896 1959 sonent,
2928 1887 3108 1956 quibus
3138 1884 3476 1959 Evangelium
3505 1899 3550 1943 et
3597 1887 3783 1944 Petrus
3813 1898 3862 1941 et
3902 1887 4048 1940 Pau-

2441 1955 2540 2015 lus,
2572 1956 2817 2031 sanguine
2845 1955 2946 2031 stto’
2970 1960 3233 2031 signatum
3277 1955 3609 2031 reliquerunt.
3656 1959 3793 2015 Huic
3832 1959 4048 2031 gemina

2437 2037 2582 2102 sun_t,
2616 2043 2735 2094 qua:
2765 2027 2817 2083 in
2845 2028 3005 2102 L._de
3025 2027 3360 2097 'Prtescript"
3385 2027 3512 2102 cap.
3538 2031 3628 2102 56,
3677 2027 3853 2085 habet
3867 2049 3890 2102 γε
3946 2028 4052 2083 Sed

2439 2108 2485 2151 et
2513 2095 2866 2173 Romanorum
2910 2100 3139 2173 Ecclesia
3169 2095 3478 2159 Clementem
3516 2120 3549 2156 ιι
3596 2101 3753 2157 Petro
3787 2101 4051 2173 (ubinam

2438 2183 2569 2224 vero
2596 2170 2695 2224 nisi
2728 2171 2951 2225 lttnnas?
2983 2189 3102 2227 nam
3129 2174 3379 2229 Clemens
3407 2173 3667 2229 Rontauus
3694 2170 3820 2228 ortu
3849 2171 4050 2236 fuerat,

2441 2255 2541 2314 nec
2566 2240 2753 2304 Roma,
2787 2242 2887 2297 nisi
2914 2242 3022 2313 jam
3058 2245 3407 2299 Romanorum
3436 2245 3752 2314 Episcopus,
3779 2252 3836 2298 et
3859 2257 3893 2296 a
3919 2243 4054 2297 Tra-

2443 2310 2564 2387 Etno
2610 2314 2660 2365 in
2693 2310 2928 2387 exiliunt
2967 2327 3140 2387 nctus,
3170 2310 3526 2387 discesserat)
3557 2310 3879 2387 ordinatum,
3906 2314 4035 2367 edit.

2494 2394 2849 2457 ursus_aulem
2879 2385 2929 2439 iu
2962 2383 3150 2450 Scorp.
3182 2404 3227 2439 (τ.
3255 2388 3345 2451 15,
3376 2388 3443 2441 ita
3474 2383 3706 2457 laquitur
3733 2403 3751 2439 :
3770 2385 4054 2457 Orientem

2442 2454 2595 2521 [idem
2630 2454 2807 2509 Roma:
2836 2457 3030 2523 primus
3059 2456 3200 2511 Nero
3243 2454 3557 2514 cruentavit.—
3583 2457 3723 2511 Tunc
3758 2456 3959 2511 Petrus
3994 2459 4057 2509 ab

2441 2527 2599 2601 altero
2626 2527 2868 2601 cingitur,
2892 2544 3008 2582 cum
3034 2530 3175 2583 cruci
3202 2528 3537 2601 adstringitur
3562 2546 3580 2583 :
3602 2539 3719 2582 tunc
3750 2529 3961 2601 Paulus
3981 2530 4057 2581 ci-

2441 2596 2609 2651 ritutis
2638 2596 2887 2653 Romana:
2907 2602 3230 2667 consequitur
3259 2596 3591 2668 nativitatem,
3623 2618 3738 2654 cum
3765 2600 3881 2653 illic
3912 2616 4056 2652 mar-

2443 2669 2563 2743 tyrii
2582 2671 2871 2743 renascitur
2893 2673 3248 2743 generositate.
3271 2671 3434 2743 Igitur
3454 2674 3565 2743 jam
3594 2671 3931 2726 subinititttn
3962 2686 4057 2724 sa:-

2444 2738 2545 2792 culi
2580 2739 2673 2814 Ill_,
2717 2741 2832 2814 huic
2876 2738 2927 2795 in
2959 2738 3369 2814 Carthaginiensi
3398 2738 3651 2811 Ecclesia,
3694 2744 3827 2811 quin
3859 2753 3921 2798 et
3966 2758 4061 2814 per

2444 2811 2745 2883 totamlate
2774 2813 3021 2883 Africam,
3075 2811 3375 2869 inv'aluerat
3419 2814 3661 2880 traditio,
3694 2811 4061 2875 neminc,'ue

2447 2881 2828 2937 haereticorum
2861 2884 3098 2951 quidem,
3131 2900 3267 2953 quos
3298 2893 3402 2939 tam
3449 2887 3667 2950 acriter,
3696 2895 3756 2940 et
3786 2885 4059 2947 ubilibet,

2447 2956 2739 3026 insectatus
2792 2954 2962 3011 fuerat
3009 2954 3395 3024 Tertulliauus,
3454 2957 3696 3016 eamdem
3754 2956 4063 3026 quidquam

2446 3025 2748 3081 convellere
2774 3042 2923 3083 auso.

2516 3096 2619 3170 Sed
2649 3114 2822 3170 neque
2851 3099 2921 3153 ita
2952 3098 3158 3155 seclusa
3190 3116 3218 3154 a
3250 3101 3494 3158 Romanis
3524 3110 3642 3157 erat
3678 3099 3974 3170 Carthago,
4005 3110 4066 3153 ut

2448 3169 2658 3243 nonnisi
2693 3169 2917 3243 tardius,
2946 3186 3007 3225 ac
3052 3171 3260 3227 incerto
3298 3188 3537 3238 rumore,
3568 3189 3657 3229 res
3685 3172 3852 3243 paulo
3886 3169 4065 3243 magis

2452 3241 2709 3313 insignes,
2738 3241 3072 3313 novitcrque
3116 3254 3318 3313 gestas,
3364 3246 3503 3299 ultro
3541 3241 3786 3312 citroque
3824 3242 4065 3309 perferri

2451 3326 2583 3379 opus
2616 3310 2809 3376 fuerit;
2842 3328 2963 3366 nam
2991 3322 3047 3367 et
3070 3327 3098 3366 a
3123 3310 3269 3368 Ilulio
3308 3314 3508 3370 Ctzsare
3537 3310 3775 3369 traducta
3806 3314 3944 3367 illuc
3979 3314 4063 3365 in-

2456 3392 2598 3451 tegra
2637 3381 2983 3437 Romanorum
3010 3384 3195 3438 civium
3222 3386 3453 3451 colonia,
3486 3396 3541 3441 et
3561 3388 3629 3439 ab
3659 3386 3898 3455 Augusto
3936 3401 4067 3437 sue-

2452 3455 2815 3527 c_cssoreipsa
2850 3454 3025 3525 Africa
3053 3456 3290 3513 Senatus
3319 3460 3568 3527 potestati
3602 3454 3820 3527 tradita,
3868 3466 3932 3511 et
3964 3470 4066 3511 ceu

2454 3524 2729 3597 Prouincia
2773 3524 2985 3581 romana
3016 3542 3112 3597 per
3159 3524 3365 3585 annuos
3415 3528 3758 3584 Proconsules
3794 3526 4069 3597 deinceps

2451 3595 2844 3663 administrata,
2875 3608 2929 3653 et
2978 3595 3045 3653 ab
3078 3598 3222 3653 Italis
3253 3602 3481 3656 navibus
3507 3601 3579 3656 ob
3604 3600 3860 3654 [contenti
3892 3595 4070 3664 prope

2451 3668 2815 3742 quotidianam
2866 3671 3293 3739 exportatiouem
3346 3673 3626 3742 (Africam
3671 3670 3823 3742 enim
3889 3668 4072 3742 Itali;

2453 3740 2690 3811 lion-eum
2736 3740 2840 3811 illis
2891 3742 3223 3811 temporibus
3263 3740 3522 3808 audiisse,
3567 3758 3631 3796 ex
3666 3740 3872 3811 Tacito;
3909 3742 3949 3793 ι.
3998 3740 4069 3793 lli

2459 3809 2620 3876 llisL,
2650 3827 2765 3881 cap.
2796 3810 2889 3875 48,
2919 3828 2983 3866 ac
3010 3809 3280 3880 plerisque
3310 3824 3417 3869 tum
3450 3813 3674 3876 ϐιηθεὶς,
3709 3821 3820 3865 ιυιιι
3852 3809 4070 3867 Latinis

2453 3896 2631 3936 rerum
2674 3882 3033 3937 [totuanarum
3062 3885 3424 3954 Scriptor-ibus
3469 3885 3627 3940 nimis
3670 3898 3836 3953 quam
3874 3893 4069 3938 tantum

2454 3954 2577 4026 est)
2631 3964 2741 4009 tum
2794 3955 3017 4009 aliorum
3072 3957 3540 4013 mercimoniomm
3587 3971 3748 4011 causa
3795 3966 4071 4023 perpetu.»

2454 4027 2786 4096 frequentata
2820 4027 3012 4082 fuerat.
3042 4027 3150 4083 Oro
3178 4029 3355 4098 igitur,
3397 4030 3776 4098 obtestorque,
3801 4040 3922 4098 quo
3955 4030 4071 4098 Ac-

2454 4098 2607 4151 thorc
2654 4112 2757 4151 non
2804 4098 3062 4167 Carthago
3113 4097 3355 4165 tantum,
3407 4100 3499 4154 sed
3550 4110 3659 4153 tota
3707 4097 3931 4165 Africa,
3968 4097 4071 4148 sibi

2456 4177 2685 4233 tantum,
2729 4178 2943 4237 tamque
2973 4181 3225 4224 constans
3272 4170 3606 4226 mendacium
3651 4167 3856 4223 alliniri
3908 4182 4071 4237 passa

2453 4239 2662 4305 fuisset,
2692 4249 2782 4295 aut
2812 4240 3079 4310 quomodo
3119 4242 3360 4313 veritatis
3389 4243 3585 4313 ipsius,
3621 4256 3719 4313 per
3742 4240 4073 4294 innumeras

2452 4313 2764 4367 occasiones
2792 4313 2984 4366 melius
3013 4312 3375 4382 explorandze.
3405 4311 3513 4368 tam
3556 4311 3921 4382 incuria_essc
3974 4327 4074 4379 pa-

2453 4384 2667 4447 tuisset,
2699 4394 2754 4436 ut
2782 4400 2887 4437 non
2914 4380 3100 4440 saltem
3128 4382 3495 4447 Tertullianus,
3520 4384 3656 4436 alias
3678 4386 3730 4436 in
3753 4380 4073 4436 Romanam

2454 4455 2774 4526 Ecclesium,
2807 4456 3103 4524 praesertim
3137 4466 3416 4526 postquam
3444 4455 3512 4510 ad
3543 4453 3860 4508 Montanum
3883 4468 4071 4526 suum,

2455 4527 2649 4596 impius
2688 4523 2955 4592 desertor,
3004 4523 3382 4597 tranSl'ugerat,
3427 4526 3782 4597 convitiorum
3833 4523 4077 4578 minimc

2455 4613 2668 4669 parcus,
2717 4598 2986 4652 traditioni
3043 4599 3114 4652 illi
3164 4596 3474 4653 mendacem
3522 4611 3672 4669 suam
3718 4596 4077 4669 larvanrde-

2458 4666 2746 4734 traxisset,
2799 4684 2904 4723 non
2958 4671 3140 4738 utique
3201 4678 3541 4729 cessatores.
3594 4668 3850 4723 Romano
3910 4666 4078 4720 Clem

2325 4742 2327 4744 ’
2376 4717 2429 4779 D
2457 4744 2595 4795 hanc
2636 4717 2983 4810 imposuit-am
3015 4717 3379 4811 objicerchsi'
3406 4742 3459 4796 in
3483 4717 3603 4808 eius
3646 4740 3844 4793 saltem
3894 4754 4081 4805 susin-

2452 4813 2663 4867 cionem
2712 4828 2943 4883 unquam
2993 4812 3279 4880 perductus
3307 4811 3530 4867 fuisset?
3556 4811 3674 4883 Aut
3724 4824 3929 4883 au_:_mu
3981 4812 4077 4883 ipsi

2455 4877 2831 4948 Proconsules,
2856 4899 2917 4936 ac
2936 4877 3216 4954 imprimis,
3248 4885 3360 4952 qui,
3392 4893 3528 4938 teste
3550 4881 3755 4954 Tacito,
3782 4877 3946 4935 Hist.
3969 4885 4009 4934 l.
4040 4882 4076 4942 Ι,

2452 4973 2568 5023 cap.
2598 4956 2652 5021 7,
2684 4955 2885 5008 ultimis
2926 4952 3153 5009 Neronis
3185 4954 3513 5024 temporibus
3551 4952 3745 5007 Africae
3791 4964 4077 5024 [spec-rat.

2454 5021 2661 5083 Cladius
2694 5024 2879 5091 Mater,
2912 5036 3003 5079 aut
3030 5028 3117 5090 qui
3147 5042 3270 5081 eum
3298 5021 3569 5081 consecuti
3599 5032 3746 5083 sunt,
3799 5021 4081 5089 ι”ἱρειιηες

2455 5098 2815 5169 Apronianus,
2874 5096 3116 5169 Vigellius
3161 5097 3503 5169 Saturninus,
3536 5104 3767 5169 Aetc.,’ct
3826 5110 4083 5149 unum:

2456 5168 2706 5238 Scapula,
2739 5168 2805 5223 ad
2836 5167 2995 5239 quem
3039 5169 3299 5223 Africana:
3344 5167 3598 5239 Ecclesiae
3629 5176 4078 5239 persecutorem.

2453 5236 2812 5297 Tertullianus
2843 5236 2949 5295 tam
2995 5241 3237 5294 animose
3264 5256 3361 5309 pro
3384 5238 3700 5295 Christianis
3725 5236 4049 5309 scripserat
4070 5281 4084 5297 ,

2456 5313 2794 5367 traditionem
2826 5311 2909 5365 his
2938 5321 3043 5366 tam
3075 5307 3384 5380 gloriosam,
3435 5322 3488 5364 et
3522 5309 3589 5364 ad
3616 5307 3849 5380 eosdem
3890 5308 3955 5362 in
3990 5326 4085 5363 sua

2458 5384 2562 5439 lidc
2588 5384 2986 5438 conﬁrmandos
3017 5379 3123 5436 tam
3157 5383 3409 5446 validam,
3445 5379 3777 5451 deprehensa
3833 5381 4087 5434 lalsitate

2455 5456 2688 5513 evellere
2716 5454 3083 5510 dubitassem?
3114 5455 3191 5508 Ac
3219 5453 3415 5509 deinde
3460 5450 3527 5505 si
3553 5450 3743 5506 Petrus
3788 5450 3971 5518 alibi,
4023 5468 4085 5505 an

2457 5529 2606 5583 solus
2636 5526 3014 5595 Aposudorum
3062 5538 3169 5580 tam
3216 5524 3544 5595 obscuroin
3588 5522 3707 5577 loco
3736 5524 4087 5595 martyrium

2459 5594 2697 5652 soluisse
2717 5597 3015 5653 credendus
3044 5607 3146 5664 est,
3179 5606 3234 5652 ut
3263 5612 3329 5651 ue
3358 5594 3571 5666 quidem
3603 5608 3798 5666 rumor
3824 5594 3995 5648 illius
4025 5599 4087 5646 ad

2464 5670 2853 5735 'l'ertutlianum,
2885 5678 2978 5723 aut
3002 5669 3245 5735 quemvis
3272 5664 3397 5722 ante
3425 5667 3507 5720 vel
3537 5675 3723 5736 postea
3751 5664 3971 5730 alium,
3997 5682 4088 5721 sui

2462 5740 2789 5809 Carthagine,
2842 5755 2937 5794 seu
2970 5738 3169 5805 Ranae,
3213 5749 3304 5792 aut
3336 5737 3557 5793 ubilibet
3583 5736 3806 5809 tit-nium
3856 5753 4089 5792 versata-

2462 5825 2567 5868 tem
2604 5806 2908 5881 pértigerit?
2954 5815 3057 5865 Aut
3098 5811 3329 5881 denique
3372 5809 3608 5864 Ecclesia
3655 5806 3924 5862 [tertiana
3977 5810 4087 5864 sola

2464 5894 2569 5939 tam
2605 5885 2797 5952 ignotae
2844 5884 3066 5953 originis
3110 5894 3212 5945 est.
3262 5892 3320 5936 ut
3358 5896 3478 5936 cum
3529 5886 3865 5953 cauerat-nm
3922 5898 4091 5950 prope

2465 5948 2702 6013 omnium
2728 5963 2784 6013 ct
2824 5948 2981 6024 longe
3009 5953 3421 6022 iguobiiiorum,
3468 5950 3623 6025 primi
3648 5948 4001 6011 laudatores
4026 5948 4085 6011 ex
