4202 6496
251 430 394 491 1149

1096 427 1441 488 ΑΡΡΕΝυΙΧ
1477 426 1760 497 QUINTA,
1802 424 1868 484 IN
1907 424 2166 487 LIBRUM
2205 427 2294 486 DE
2335 425 2688 486 BAPTISMO.

3399 428 3538 486 “50

249 547 514 618 probabili
545 546 730 602 saltem
763 544 947 619 notitia
977 544 1344 619 designentur,
1388 546 1438 600 in
1473 545 1726 619 Romana:
1750 561 1846 600 au-
1873 543 1926 604 Λ
1952 545 2194 612 quedam
2227 545 2422 619 ﬁgura,
2441 553 2495 598 et
2517 544 2668 612 quasi
2693 543 2966 619 prazcursio
2997 541 3191 619 fuerat,
3222 541 3424 619 penitus
3447 557 3538 596 ex-

248 631 384 745 ;em.
417 620 557 726 illius
603 629 722 673 ortu
767 617 1248 689 assignando'tota
1297 619 1584 690 antiquitas
1621 617 1842 688 decepta

273 703 441 745 uerit.

273 691 448 745 'uerit?

325 763 505 831 Itaque
555 761 670 816 haec
702 759 1140 832 Carthaginiensis
1188 761 1438 817 Ecclesia;
1480 760 1692 815 traditio
1718 777 1840 832 non

249 841 456 890 temere
486 835 592 888 illic
620 844 827 900 exorta,
877 831 966 888 aut
1010 834 1233 890 subdole
1261 834 1510 896 conﬁcta,
1562 833 1653 885 sed
1681 831 1748 886 ab
1779 833 1842 886 iis

247 905 499 959 omnibus
546 905 632 973 qui
665 901 874 957 Petrum
908 904 1083 958 Romte
1127 905 1408 966 viderant,
1460 904 1838 971 praedicantem

247 976 548 1040 audierant,
585 975 844 1030 martvrio
884 976 1124 1044 ejusdem
1155 977 1346 1029 oculati
1387 985 1549 1028 testes
1584 975 1838 1028 interfue-

248 1057 395 1110 rant,
426 1047 491 1102 ad
530 1057 770 1114 posteros
796 1058 1104 1117 propagata,
1135 1047 1430 1114 Carthagini
1461 1047 1688 1115 indeque
1717 1045 1841 1117 reli-

243 1119 371 1189 quis
397 1119 640 1188 africanis
672 1118 944 1183 Ecclesiis,
975 1116 1081 1172 una
1103 1134 1223 1174 cum
1259 1118 1554 1188 Evangelia.
1588 1116 1728 1185 quod
1761 1118 1841 1173 lue

242 1205 274 1243 a
311 1190 540 1243 Romana
569 1189 816 1248 Ecclesia.
850 1199 906 1243 ut
934 1191 989 1244 ὃ.
1027 1192 1162 1259 Aug.
1213 1191 1264 1242 in
1310 1189 1408 1256 Ep.
1450 1189 1552 1242 16?.
1597 1197 1834 1252 testatur,

241 1272 586 1329 acceperant,
618 1261 761 1314 illata
792 1259 972 1324 fuisse,
1009 1261 1304 1314 indubitata
1333 1260 1478 1315 credi
1507 1260 1690 1321 debet,
1734 1268 1838 1312 tam

241 1334 458 1386 fortiter
483 1348 573 1401 per
595 1347 780 1384 omnes
808 1332 978 1385 ubivis
1003 1341 1262 1386 terrarum
1289 1331 1553 1386 Ecclesias
1582 1329 1836 1394 stabilita,

242 1413 305 1457 ut
329 1415 514 1457 contra
540 1412 615 1458 tot
644 1404 878 1467 testium,
907 1413 961 1457 et
990 1404 1322 1471 publicorum
1347 1413 1836 1467 monumentorum,

241 1474 507 1542 lapidum,
544 1474 884 1543 templorum,
918 1483 1047 1540 etc.,
1082 1473 1240 1531 ﬁdem
1284 1490 1552 1543 nunquam
1589 1472 1841 1544 deinceps

237 1547 498 1600 vacillare
528 1546 780 1615 potuerit.

319 1616 481 1670 Vides
510 1632 655 1686 ergo,
691 1619 775 1672 vel
811 1619 982 1673 solum
1014 1617 1114 1672 hoc
1141 1617 1447 1672 Tertulliani
1476 1616 1840 1671 testimonium

241 1687 357 1746 (nil
389 1687 532 1742 enim
578 1689 686 1758 jam
735 1690 906 1744 dicam
956 1689 1022 1743 de
1069 1689 1295 1743 aliorum
1344 1688 1838 1757 antiquissimorum

237 1759 481 1822 Patrum,
513 1769 567 1814 et
605 1761 799 1830 partim
833 1776 1042 1830 quoque
1079 1759 1177 1830 ipsi
1206 1761 1366 1813 Petro
1395 1773 1721 1830 animorum,
1753 1774 1840 1813 ac-

236 1830 466 1884 cedente
515 1829 733 1900 prorsus
778 1829 1012 1885 uuanimi
1046 1833 1350 1900 consensu}
1384 1829 1448 1884 ad
1496 1830 1836 1884 traditionem

238 1901 380 1954 hanc
411 1897 537 1970 ipsis
568 1917 597 1954 a
639 1903 748 1955 suis
793 1903 1023 1956 fontibus
1060 1897 1458 1963 accersendam,
1491 1911 1544 1956 et
1584 1904 1836 1956 sectario-

236 1988 363 2026 rum
400 1973 696 2032 audaciam,
721 1989 822 2042 qua
853 1992 961 2028 rem
993 1984 1096 2027 tam
1124 1986 1386 2041 apertam,
1417 1982 1471 2027 et
1499 1974 1582 2026 cui
1609 1990 1674 2026 ne
1706 1972 1837 2026 alias

235 2042 458 2108 quidem
506 2043 876 2098 lnereticorum
910 2055 999 2099 aut
1037 2044 1500 2101 schismaticorutn
1548 2043 1686 2097 ullus
1715 2053 1838 2096 ante

237 2112 361 2168 XVI
398 2113 652 2170 Ecclesiae
685 2114 823 2169 Srre.
853 2116 934 2170 vel
977 2116 1252 2169 minimum
1285 2113 1652 2168 contradicere
1677 2129 1839 2168 ausus

236 2194 345 2247 cst,
399 2185 451 2239 in
497 2187 915 2240 controversiam
943 2187 1052 2254 jam
1101 2186 1418 2253 pertrahunt
1467 2185 1832 2253 frangendam.

235 2254 503 2310 Nimirum
536 2256 780 2310 moderni
807 2257 1020 2312 demum
1051 2258 1214 2310 nostri
1250 2267 1355 2310 tam
1385 2257 1580 2320 nasuti,
1613 2266 1703 2309 aut
1748 2273 1839 2311 na-

234 2327 400 2381 sutuli
429 2327 600 2393 potius
627 2337 772 2390 sunt,
808 2338 882 2391 ut,
916 2344 1036 2397 qua:
1059 2341 1267 2382 veteres
1294 2343 1484 2381 omnes
1507 2327 1837 2382 subolfaccre

237 2412 347 2469 non
377 2405 678 2468 potuerant,
712 2399 809 2467 ipsi
850 2398 960 2469 jam
992 2399 1204 2452 odorari
1251 2399 1527 2466 incipiant.
1580 2401 1752 2467 Atque
1793 2400 1835 2452 si

238 2467 616 2538 mihiquidem
649 2480 832 2523 contra
854 2467 969 2522 ‘hos
1015 2470 1148 2523 tales
1180 2470 1417 2536 pluribus
1448 2485 1606 2538 agere
1634 2470 1838 2522 collibi-

238 2547 379 2603 tum,
413 2549 503 2594 aut
529 2555 706 2608 opera:
752 2542 977 2609 pretium
1019 2550 1183 2603 esset,
1227 2556 1322 2594 eos
1351 2541 1535 2603 etiam,
1566 2539 1674 2602 qui,
1723 2551 1777 2593 ut
1805 2555 1836 2594 a

236 2611 439 2664 nostris
488 2611 655 2663 sacris
711 2611 938 2664 maxime
987 2611 1181 2675 alicui,
1219 2611 1286 2664 ita
1340 2610 1478 2679 apud
1537 2610 1657 2663 illos
1705 2611 1837 2665 alias

237 2682 472 2735 maxima
511 2680 835 2735 authoritate
865 2693 1008 2744 sunt,
1046 2679 1401 2744 Pearsonium,
1434 2679 1685 2742 Grotium,
1734 2680 1836 2735 Us-

235 2751 448 2814 serium,
474 2749 843 2817 Chamicrium,
876 2751 1203 2806 Blondellum
1223 2794 1238 2817 ,
1272 2751 1480 2805 Petrum
1516 2751 1834 2817 Molinteum,

235 2823 501 2890 aliosque,
535 2839 760 2891 quorum
793 2825 874 2879 vel
903 2825 1031 2879 solis
1070 2824 1374 2878 nominibus
1405 2823 1614 2893 pauculi
1643 2824 1756 2890 alii,
1785 2833 1838 2878 et

236 2908 414 2965 nuper
443 2895 574 2965 nati,
608 2893 759 2948 facile
790 2897 1018 2965 opprimi
1052 2904 1290 2963 possent,
1324 2895 1482 2965 longo
1507 2897 1721 2964 agmine
1745 2895 1838 2948 ad-

236 2963 516 3019 ducerem.
535 2963 682 3018 Nunc
704 2981 770 3019 cx
790 2963 892 3020 illis
916 2966 997 3019 vel
1023 2967 1175 3026 duos,
1194 2963 1483 3019 Samuelem
1502 2963 1834 3034 Basnagium,

235 3045 295 3088 et
344 3034 484 3088 Cuil.
519 3035 753 3095 Caecum,
799 3037 1043 3090 attulisse
1086 3036 1317 3090 sufficiat
1352 3052 1367 3092 :
1397 3051 1624 3101 quorum
1668 3037 1834 3103 prior,

235 3106 369 3162 liCct
397 3106 448 3158 iu
472 3105 660 3159 Annal.
705 3107 814 3159 suis
849 3105 1314 3168 Politico-Eccles.,
1360 3107 1426 3159 ad
1461 3125 1546 3160 an.
1577 3106 1666 3166 4‘2.
1699 3124 1752 3159 ιι.
1781 3109 1832 3172 8,

236 3177 586 3248 pertinaciter
618 3189 791 3246 neget,
827 3177 1041 3231 Petrum
1077 3178 1259 3232 Romae
1303 3176 1616 3248 Episcopum
1649 3178 1832 3245 fuisse,

234 3245 474 3318 attamen
511 3245 686 3302 Roma:
715 3250 891 3318 fuisse,
940 3250 1004 3304 ad
1052 3249 1115 3302 A.
1145 3248 1202 3303 (ἰ.
1244 3245 1502 3303 64.ἠιιιιιζ
1537 3250 1590 3314 9,
1645 3249 1694 3302 iu
1725 3249 1838 3304 haec

1866 1937 1998 2021 Βιιι

1951 630 2162 684 rquare
2213 615 2587 686 (manifestam
2645 617 2822 678 enim,
2877 631 3046 684 neque
3105 615 3344 670 unicam.
3383 617 3540 686 inter

1947 684 2232 758 utrumque
2266 689 2412 741 illum
2441 685 2795 740 differentiam
2826 686 2956 740 infra
2983 703 3098 749 cap.
3122 686 3207 747 10,
3231 684 3424 755 ponit);
3447 686 3538 741 sed

1948 759 1998 813 id
2028 760 2283 814 duntaxat
2327 758 2645 812 conﬁrmare
2671 758 2859 828 voluit,
2898 772 3268 828 quamcunque
3318 772 3534 825 aquam,

1947 845 2046 900 per
2070 833 2252 884 orbem
2284 829 2423 882 hunc
2470 839 2713 900 nostrum
2741 826 3010 886 diffusam,
3055 839 3236 896 utpote
3269 843 3387 900 cum
3426 830 3537 896 pri-

1949 898 2177 968 migenia
2206 902 2290 956 illa
2321 916 2539 967 prorsus
2566 899 2828 961 eamdem,
2862 915 3016 966 reque
3051 915 3079 950 a
3108 899 3308 965 Spiritu
3337 898 3538 952 Sancto

1941 971 2053 1041 jam
2101 988 2240 1027 nunc
2283 971 2588 1040 adaptatam
2631 970 2820 1034 fuisse,
2853 969 2918 1024 ad
2959 971 3189 1041 salutem
3237 970 3540 1024 hominibus

1947 1040 2284 1114 Quocumque
2323 1042 2730 1114 demum‘modo
2757 1040 3138 1096 conferendam
3174 1059 3186 1094 :
3232 1041 3332 1095 etsi
3363 1041 3541 1114 utique

1946 1112 2248 1183 negandum
2289 1129 2390 1167 non
2422 1116 2509 1177 sit,
2543 1112 2875 1181 Baptismum
2923 1121 3184 1183 nostrum,
3221 1121 3410 1183 utpote
3443 1113 3540 1165 Sa-

1945 1181 2278 1241 Cramentum
2325 1203 2350 1235 ει
2395 1183 2606 1238 Christo
2636 1185 2751 1250 ipso
2797 1184 3118 1244 institutum,
3153 1182 3309 1253 longe
3355 1181 3540 1237 efﬁca-

1945 1257 2106 1310 cinris
2147 1257 2360 1310 virtutis
2409 1255 2594 1318 fuisse,
2627 1269 2786 1324 quam
2831 1253 3152 1323 Baptismuin
3181 1252 3420 1317 Joannis,
3450 1255 3538 1324 qui

1946 1341 2051 1381 non
2083 1345 2170 1396 per
2196 1345 2248 1380 se
2287 1327 2601 1382 conterebat
2639 1323 3009 1380 remissionem
3042 1335 3380 1394 peccatorum
3404 1366 3415 1384 ,
3445 1323 3541 1379 sed

1947 1400 2117 1453 Solum
2147 1399 2212 1453 ad
2241 1408 2391 1452 actus
2441 1399 2789 1467 pmnitcntia‘.
2829 1412 2921 1466 per
2955 1412 3091 1465 quos
3139 1397 3224 1450 illa
3259 1396 3543 1467 ﬁebatrrc-

1945 1470 2152 1534 missio,
2186 1466 2486 1524 excitabat:
2521 1484 2620 1540 qua
2651 1468 2718 1522 dc
2757 1484 2812 1522 re
2839 1467 3255 1540 lnterpretesac
3282 1466 3541 1540 Theologi

1944 1544 2112 1594 nostri
2144 1543 2339 1611 passim
2363 1537 2799 1609 videri'possunt,
2829 1554 3032 1609 nosque
3053 1553 3152 1594 suo
3181 1538 3302 1593 loco
3323 1537 3541 1595 uberius

1942 1614 2404 1667 cuulirimtbimus.

2018 1683 2390 1754 Prterogativa.
2438 1679 2827 1754 Participantes
2876 1681 3154 1754 nimirum,
3188 1680 3372 1754 hvelut
3426 1695 3540 1754 per

1945 1751 2383 1822 transfusiiuiem,
2411 1752 2913 1825 privilegiumillud,
2941 1762 2994 1809 et
3014 1768 3166 1824 aqum
3187 1751 3330 1808 illius
3361 1752 3544 1822 primi-

1945 1826 2068 1877 tivze
2094 1827 2352 1880 indolem.

2015 1896 2166 1952 Sacr.
2199 1897 2614 1965 sanctiﬁcationis
2637 1937 2651 1958 ,
2681 1912 2776 1951 seu
2803 1897 3052 1950 occultam
3097 1896 3263 1962 illam,
3305 1909 3368 1950 ac
3393 1895 3545 1965 spiri-

2005 1970 2136 2021 nlein
2159 1970 2410 2024 virtutem
2434 1967 2802 2022 sanctilicaudi
2843 1969 3098 2023 animam.

2016 2041 2260 2093 lnvocato
2290 2040 2417 2094 Deo.
2448 2041 2578 2107 Qua:
2601 2040 2850 2093 invocatio
2866 2037 2923 2091 ﬁt
2952 2039 3001 2092 in
3021 2037 3360 2092 benedictione
3380 2037 3535 2106 fontis

1943 2111 2262 2176 baptismatis
2285 2129 2303 2165 :
2325 2127 2482 2180 quem
2518 2111 2676 2163 ritum
2706 2110 2812 2178 jam
2855 2109 3165 2164 Tertulliani
3213 2109 3544 2178 temporibus

1941 2182 2238 2235 adhibitmn
2289 2183 2469 2246 fuisse,
2517 2192 2570 2234 et
2612 2180 2971 2234 verisimiliter
2999 2182 3067 2235 ab
3114 2181 3242 2248 ipsis
3277 2180 3546 2247 Apostolis

1941 2253 2306 2319 descendisse,
2338 2253 2418 2306 vel
2445 2269 2508 2306 ex
2537 2252 2652 2306 solo
2677 2251 2779 2306 hoc
2804 2252 2922 2305 loco
2950 2253 3080 2306 satis
3105 2251 3396 2321 Colligitur.

2013 2325 2166 2393 Aquis
2193 2335 2418 2395 superest
2441 2367 2452 2390 ,
2484 2338 2579 2378 seu
2610 2340 2762 2393 super
2790 2338 2954 2393 aquas
2977 2331 3069 2391 est,
3095 2323 3265 2392 iisque
3285 2321 3431 2376 velut
3453 2335 3543 2376 su-

1981 2405 2207 2449 el'ttalttt.

1981 2409 2161 2447 el'ttala
2198 2438 2207 2448 .

1943 2409 1977 2463 Ρ
2013 2409 2330 2520 Combibttnt.
2363 2469 2442 2521 Au
2470 2467 2582 2520 lure
2607 2467 2772 2522 virtus
2795 2466 2865 2520 sit
2893 2481 3018 2520 vere
3054 2466 3206 2519 realis
3232 2480 3294 2519 ac
3336 2466 3546 2536 physica

1943 2550 1970 2589 a
2007 2539 2208 2605 Spiritu
2250 2539 2307 2594 S.
2339 2540 2492 2607 aquis
2535 2539 2816 2608 impressa,
2840 2547 2894 2591 et
2937 2538 3143 2608 physice
3169 2551 3400 2608 CZIUSQILS
3418 2552 3542 2608 gra-

1944 2608 2071 2678 t_iam
2129 2606 2517 2678 baptismalem,
2571 2606 2637 2663 an
2683 2610 2891 2662 moralis
2934 2606 3209 2668 duntaxat,
3270 2608 3320 2661 in
3351 2606 3441 2662 Tr.
3481 2607 3543 2662 de

1942 2676 2209 2746 Baptismo
2236 2681 2580 2734 vehementer
2606 2680 2879 2749 disputant
2911 2679 3251 2733 Scholastiei.

2016 2752 2094 2803 Ad
2121 2753 2402 2821 simplicem
2445 2763 2614 2804 actum
2639 2792 2653 2816 ,
2687 2767 2780 2820 pro
2811 2751 3029 2819 simplici
3081 2753 3240 2816 actui,
3272 2750 3544 2805 oblationis

1946 2821 2214 2875 videlicet.

2029 2891 2144 2946 l’ice
2171 2893 2425 2959 sordium,
2465 2893 2500 2945 i.
2529 2909 2580 2948 e.
2617 2895 2798 2958 instar;
2833 2893 2910 2948 vel
2944 2892 3054 2947 loco
3083 2892 3328 2946 sordium.

2016 2961 2079 3014 In
2107 2965 2308 3032 spiritu,
2347 2978 2439 3018 seu
2469 2965 2518 3017 in
2548 2967 2742 3027 anima;
2761 2976 3034 3034 peccatum
3054 2966 3338 3024 euim,sola
3357 2965 3547 3019 volun-

1943 3041 2053 3106 tate
2078 3045 2429 3103 perpetratur,
2453 3049 2506 3089 et
2529 3036 2581 3090 iu
2603 3039 2778 3089 anima
2804 3037 3058 3089 maculam
3079 3035 3547 3106 spiritualem,qu:e

1941 3103 2288 3176 Scholasticis
2321 3118 2579 3172 peccatum
2620 3108 2880 3160 ltabituale
2922 3108 3024 3161 dici
3058 3103 3226 3172 solet,
3271 3103 3542 3176 relinquit.

2014 3175 2253 3230 Beatum.
2286 3178 2544 3248 Equidem
2573 3179 2774 3232 nullam
2803 3195 2944 3242 caro,
2974 3193 3067 3231 seu
3093 3195 3298 3246 corpus,
3330 3175 3542 3248 culpam

1943 3250 2158 3318 proprie
2187 3248 2381 3302 dictam
2413 3249 2702 3311 contrahit,
2735 3265 2906 3316 neque
2960 3252 3116 3317 fomes
3144 3250 3253 3308 ille,
3281 3265 3388 3319 quo
3425 3267 3546 3304 caro

237 3319 402 3391 verba
435 3317 752 3374 inconcusse
778 3319 1009 3374 afﬁrmat
1041 3341 1052 3375 :
1092 3341 1110 3370 ι
1144 3321 1296 3374 Nulla
1343 3337 1574 3389 unquam
1623 3321 1836 3374 traditio
1862 3323 1908 3387 (ζ
1941 3317 2247 3384 concupiscit
2273 3323 2512 3372 adversus
2539 3321 2770 3388 spiritum
2787 3320 2873 3391 (ad
2903 3319 3020 3374 Cal.
3055 3321 3172 3386 55,1).
3201 3317 3544 3390 l7)‘peccati,

241 3408 261 3438 s
304 3387 426 3455 fuit,
455 3406 574 3459 qua:
611 3391 823 3461 majore
863 3393 1074 3445 testium
1104 3406 1329 3446 numero
1371 3387 1645 3461 cingatur;
1677 3401 1733 3443 ut
1768 3392 1836 3446 de

242 3479 262 3510 ‹
302 3461 446 3514 Petri
493 3461 545 3515 in
579 3460 778 3516 Urbem
807 3461 1037 3516 adventu
1067 3461 1301 3516 dttbitari
1333 3479 1438 3515 non
1475 3460 1670 3531 possit,
1707 3462 1832 3530 quin

243 3551 262 3582 ι
301 3532 480 3585 omnia
526 3532 762 3587 historiae
808 3543 1152 3586 monumenta
1194 3533 1579 3586 convellantur.
1621 3556 1638 3584 ο
1687 3535 1838 3587 Alter

235 3617 371 3657 vero
399 3604 449 3656 in
479 3602 676 3672 Script.
711 3601 1083 3668 Ecclesiastic.,
1124 3603 1351 3658 Historia
1382 3603 1672 3663 Litteraria,
1703 3623 1757 3672 ρ.
1778 3606 1832 3670 ii,

234 3675 308 3728 ita
339 3674 413 3727 ait
437 3691 450 3725 :
478 3673 688 3728 Petrum
719 3674 895 3728 Romae
941 3677 1117 3746 fuisse,
1145 3675 1384 3744 sedesque
1413 3677 1464 3728 in
1501 3693 1559 3729 ea
1583 3677 1835 3742 aliquam.

235 3745 327 3798 diu
361 3747 596 3811 tenuisse,
639 3761 754 3800 cum
782 3756 885 3800 toto
915 3745 1226 3815 antiquitatis
1263 3757 1392 3800 caztu
1419 3748 1666 3816 intrepide
1697 3748 1834 3816 afﬁr-

236 3834 462 3870 mantus.
510 3816 796 3884 Postquam
846 3817 1042 3872 deinde
1098 3827 1258 3870 testes
1301 3819 1638 3886 produxisset
1687 3820 1832 3870 omni

233 3889 556 3958 exceptione
583 3889 813 3956 majores
834 3931 848 3950 ,
883 3899 936 3941 et
963 3904 1026 3942 ex
1058 3889 1241 3942 ultima
1270 3890 1587 3957 antiquitate
1622 3890 1830 3958 petitos,

233 3961 300 4012 S.
343 3957 600 4030 [gantiam
620 3959 1005 4030 Antiochenam,
1037 3962 1203 4030 ipsius
1232 3960 1291 4013 S.
1326 3958 1462 4013 Petri
1488 3961 1831 4025 discipulum,

233 4027 459 4097 Papiam
493 4027 827 4100 ΗὶειυαροιὶιἼ
855 4027 1131 4094 lrcnteuin,
1156 4032 1211 4084 S.
1243 4030 1664 4100 Polycarpi,Viri
1691 4034 1836 4097 Apo-

232 4101 804 4172 stoltcitdiscipulunt.
844 4100 1148 4172 Dionysium
1183 4102 1518 4161 Corinthium,
1559 4101 1832 4172 Tertullia-

233 4187 383 4235 num,
428 4166 630 4236 Caium,
669 4166 1042 4243 presbyterum
1091 4173 1410 4234 ltotnautuu,
1462 4184 1513 4226 et
1563 4166 1834 4240 Origencm

232 4243 528 4303 laudasset.
562 4243 631 4296 ita
678 4245 850 4312 pergit
878 4260 890 4295 :
930 4265 947 4294 ι
988 4245 1112 4297 Post
1147 4254 1223 4295 tot
1254 4244 1554 4298 veneranda
1587 4248 1828 4308 tiotttiua,

233 4324 348 4367 tant
382 4313 522 4368 clara
553 4315 740 4384 prima:
770 4315 1050 4368 vetustatis
1105 4325 1447 4368 monumenta
1471 4357 1484 4377 ,
1537 4316 1654 4381 quis
1694 4331 1829 4379 rem,

232 4395 348 4438 tam
378 4385 656 4452 perspicue
683 4425 696 4446 ,
741 4392 845 4438 tam
873 4395 1182 4440 constanter
1211 4386 1480 4448 traditam,
1527 4386 1578 4438 iu
1611 4385 1830 4439 dubium

231 4456 549 4510 revocabit?
597 4456 754 4510 Certe
781 4457 824 4510 si
861 4467 966 4510 tam
997 4457 1160 4510 densa
1213 4459 1427 4510 testium
1461 4457 1666 4521 nubes,
1725 4468 1830 4510 tam

229 4542 464 4582 concors
531 4537 771 4583 veterum
821 4529 1127 4591 sententia,
1192 4543 1289 4598 pro
1337 4528 1577 4596 cujusvis
1633 4529 1830 4596 ingenii

233 4599 448 4666 pruritu
497 4600 566 4669 sit
619 4599 950 4664 vellicanda,
1003 4609 1178 4652 actum
1226 4601 1326 4654 erit
1357 4600 1563 4669 penitus
1594 4598 1659 4653 de
1709 4599 1831 4667 pri-

231 4682 447 4722 morum
493 4667 823 4724 Sacculorum
869 4672 1168 4735 memoria,
1217 4685 1315 4725 nec
1358 4667 1626 4738 cuiquam
1693 4670 1828 4722 ultra

228 4754 390 4793 suam
434 4749 644 4796 aetatem
682 4755 872 4811 sapere
902 4741 1102 4796 licebit.
1146 4715 1168 4793 ξ
1217 4743 1290 4796 lta
1321 4715 1570 4796 nimirinn
1613 4741 1826 4810 quidam
1856 4715 1910 4776 Ῑ)

228 4827 302 4865 ex
351 4811 688 4868 lieterodoxis
717 4813 930 4878 nostris,
967 4829 1086 4866 cum
1119 4814 1330 4883 pr0pria
1359 4828 1452 4866 sua
1477 4811 1672 4880 judicia
1707 4812 1828 4864 ubi-

229 4883 368 4936 libet
397 4898 490 4952 pro
516 4884 740 4938 veritate
768 4884 1074 4948 obtrudant,
1120 4901 1243 4939 cum
1289 4893 1367 4938 tot
1411 4885 1828 4938 contumeliosas

228 4966 419 5009 contra
473 4954 803 5026 Religionem
836 4965 1072 5009 nostram
1117 4955 1324 5011 fabulas
1357 4954 1590 5024 undique
1629 4969 1830 5026 corras-

229 5026 388 5106 tlant,
424 5024 613 5106 partim
646 5027 743 5096 ipsi
774 5041 985 5106 quoque
1013 5029 1339 5096 excogiteut;
1370 5026 1531 5106 fidem
1579 5025 1677 5078 sibi
1712 5024 1825 5078 dari

231 5096 690 5168 illicopostulaut,
719 5096 910 5166 quibus
935 5113 1108 5167 neque
1138 5111 1242 5152 tota
1275 5099 1564 5168 antiquitas
1597 5111 1690 5165 par
1722 5106 1824 5158 est,

231 5165 302 5217 ad
337 5165 493 5219 ﬁdem
523 5166 590 5219 ab
623 5166 727 5219 illis
772 5177 954 5220 mutuo
1001 5165 1417 5235 impetrandam;
1467 5169 1656 5222 Vcrtuu
1701 5182 1824 5220 cum

232 5235 493 5289 hactenus
535 5237 700 5290 ferme
727 5248 875 5290 extra
925 5240 1151 5292 instituti
1198 5242 1362 5293 nostri
1399 5242 1593 5293 limites
1621 5239 1829 5305 abrepti

230 5308 511 5370 fuerimus,
540 5307 583 5360 si
610 5307 728 5376 quis
759 5307 976 5374 insuper
1018 5309 1166 5377 plura
1199 5309 1486 5375 desideret,
1532 5308 1670 5378 apud
1703 5309 1828 5361 Cal-

229 5386 438 5448 metnm
478 5387 719 5432 nostrum
751 5378 803 5432 in
836 5380 971 5432 Diss.
1006 5379 1260 5448 peculiari
1302 5381 1362 5433 de
1388 5382 1562 5436 itinere
1599 5381 1828 5438 [latitatio

229 5448 299 5502 δ.
338 5446 482 5502 Petri
509 5448 720 5504 abunde
751 5446 1009 5505 inveniet.

314 5517 586 5590 Philippus
611 5562 625 5585 ,
649 5521 736 5590 qui
774 5521 1114 5576 communius
1150 5520 1386 5575 creditur
1407 5537 1512 5574 non
1539 5523 1824 5590 Apostolus,

226 5588 330 5644 sed
354 5588 490 5644 unus
507 5606 573 5644 ex
601 5588 807 5660 septem
855 5593 1041 5660 primis
1086 5590 1360 5661 Draconis,
1393 5592 1506 5647 Act.
1541 5588 1606 5658 6,
1658 5609 1705 5645 υ.
1755 5596 1821 5661 5,

225 5661 420 5715 electis
439 5703 453 5726 ,
485 5662 668 5717 fuisse.

306 5729 565 5804 fortuita,
599 5737 635 5786 i.
666 5749 717 5788 e.
747 5734 956 5804 fortuito
987 5734 1177 5789 oblata.

313 5801 523 5876 Retulit.
547 5803 676 5876 Haec
697 5801 877 5872 utique
904 5807 1168 5861 sententia
1197 5807 1418 5861 ironiam
1467 5807 1624 5876 sapit.
1655 5812 1827 5870 caete.

224 5889 355 5932 rum
378 5891 483 5946 non
506 5874 591 5946 hic
603 5874 963 5946 Tertullianus
989 5877 1314 5946 Baptismum
1337 5894 1365 5931 a
1390 5874 1545 5932 Petro
1563 5879 1818 5940 collatum

225 5958 356 6004 cum
382 5940 660 6015 Baptismo
685 5945 919 6016 Joannis
956 5940 1076 6018 qui'
1089 5948 1281 6019 prioris
1321 5948 1576 6008 duntaxat
1622 5956 1820 6023 pravis

1942 3392 2043 3443 nisi
2078 3392 2366 3459 improliric
2395 3391 2544 3454 dicti,
2593 3394 2850 3444 rationem
2884 3392 3075 3454 habet;
3105 3392 3224 3460 quia
3258 3403 3455 3458 tamen,
3492 3409 3546 3448 ut

1941 3477 2128 3515 rursus
2159 3466 2208 3514 in
2242 3464 2444 3517 scholis
2492 3463 2802 3532 loquuntur,
2837 3465 3059 3517 actiones
3089 3475 3205 3516 sunt
3247 3466 3544 3533 supposito-

1941 3549 2073 3598 rum,
2104 3549 2166 3587 ac
2194 3533 2414 3602 proinde
2447 3550 2551 3587 non
2585 3536 2696 3588 sola
2727 3536 2916 3599 attinnt,
2947 3535 3038 3588 sed
3073 3545 3210 3588 totus
3237 3535 3409 3598 hamo,
3448 3550 3544 3591 ceu

1942 3603 2114 3672 ipsum
2158 3607 2516 3674 suppositum,
2560 3622 2623 3659 ex
2654 3623 2867 3673 corpore
2907 3614 2960 3658 et
2987 3606 3161 3657 anima
3188 3616 3462 3670 constans,
3493 3607 3544 3660 iu

1943 3692 2116 3741 carne,
2145 3693 2207 3730 ac
2245 3695 2330 3744 per
2355 3694 2556 3730 ctu-nem
2599 3687 2801 3744 peccat,
2839 3675 2962 3730 inde
2989 3677 3172 3738 etiam,
3206 3687 3422 3746 propter
3466 3679 3548 3731 iti-

1943 3749 2126 3800 tiutam
2164 3750 2356 3801 anitum
2386 3764 2505 3801 cum
2555 3763 2780 3816 corpore
2834 3750 3082 3801 unionem
3117 3749 3387 3811 nimirum,
3436 3759 3544 3802 tutu

1939 3819 2124 3886 σπίνω,
2165 3827 2273 3871 tum
2310 3835 2471 3882 pwnw
2495 3829 2671 3871 reatus
2703 3819 3101 3886 qutnlauuuotlo
3131 3819 3193 3872 ad
3230 3821 3399 3885 ipsum
3432 3837 3544 3872 cor-

1939 3905 2051 3957 pus,
2088 3904 2180 3942 seu
2232 3907 2456 3950 carnem,
2509 3891 2867 3958 proti'mlitur,
2913 3890 3050 3944 adeo
3084 3902 3136 3942 ιιι
3185 3907 3289 3943 non
3328 3891 3543 3957 quidem

1938 3975 2134 4027 corpus
2164 3977 2252 4027 per
2279 3977 2350 4025 se,
2383 3972 2434 4014 et
2466 3972 2673 4030 propter
2697 3979 2768 4024 se,
2799 3961 2891 4016 sed
2925 3963 3099 4014 anima
3135 3962 3184 4014 in
3225 3978 3456 4028 corpore,
3495 3972 3548 4016 ct

1939 4046 2028 4098 per
2054 4047 2262 4099 corpus,
2291 4033 2468 4097 itaque
2503 4044 2644 4085 totus
2675 4033 2846 4095 homo,
2874 4034 2960 4101 qui
2991 4033 3246 4100 peccavit,
3275 4034 3542 4100 puniatur.

2013 4102 2087 4153 0b
2115 4103 2468 4156 ministerium.
2504 4103 2668 4172 Igitur
2715 4113 2870 4156 antea
2930 4103 3069 4157 dicta
3122 4106 3385 4171 pt'.cciptte
3416 4120 3542 4157 vera

1938 4184 2062 4224 suut
2113 4174 2164 4226 in
2221 4176 2440 4242 peccatis
2485 4173 2796 4238 carnalibus,
2847 4189 2941 4227 seu
2987 4191 3102 4244 qua:
3150 4189 3333 4238 Carne,
3376 4191 3545 4244 caque

1937 4246 2338 4312 qttolntvdolibct
2370 4246 2587 4298 demum
2615 4254 2970 4299 Concurrente
2991 4287 3004 4307 ,
3041 4245 3410 4312 perliciuulur.

2011 4314 2278 4369 Medicutis
2303 4315 2439 4383 quod
2460 4318 2622 4384 aquis,
2659 4317 2692 4369 i.
2714 4333 2763 4371 e.
2798 4317 2978 4369 virtute
3008 4317 3199 4369 mettica
3231 4317 3453 4380 imbutis,
3491 4325 3546 4370 ιιι

1937 4383 1990 4438 in
2039 4387 2372 4440 naturalibus
2403 4383 2528 4440 sunt
2556 4389 2784 4451 thermw,
2816 4396 2870 4440 et
2903 4388 3143 4440 acitlulw.
3182 4388 3324 4440 Alias
3360 4389 3541 4450 etiam,

1935 4457 2030 4510 Sed
2058 4459 2248 4518 rarius,
2274 4474 2368 4526 pro
2387 4461 2639 4511 venenatis
2654 4459 2791 4511 sumi
2815 4459 2972 4523 solet,
3003 4469 3058 4510 ut
3078 4459 3366 4511 Suetonius
3387 4460 3543 4510 Clau-

1936 4528 2076 4581 dium
2102 4531 2228 4598 imp.
2264 4531 2426 4582 boleto
2473 4530 2719 4583 medicato
2759 4546 2789 4583 e
2821 4529 2952 4582 vivis
2985 4530 3252 4583 Sublatum
3285 4545 3405 4584 csse
3454 4546 3542 4582 re-

1937 4597 2062 4662 fert,
2108 4610 2160 4654 et
2184 4597 2368 4654 Silius
2396 4598 2456 4655 L.
2498 4600 2581 4662 γι,
2617 4601 2717 4654 tela
2753 4601 2997 4654 medicata
3025 4617 3210 4654 veneno
3236 4603 3398 4653 canit.

2011 4670 2378 4725 Interveniunt.
2413 4673 2616 4725 Alludit
2645 4671 2711 4725 ad
2763 4670 3025 4726 Piscinam
3071 4672 3424 4740 probaticam,
3477 4670 3545 4726 de

1937 4758 2038 4812 qua
2067 4741 2226 4797 Joan.
2273 4743 2329 4806 5,
2361 4753 2412 4796 et
2442 4743 2638 4797 Noster
2667 4760 2783 4812 cap.
2814 4761 2917 4809 seq.
2952 4744 3210 4810 apertius.

2012 4811 2234 4866 Diluitur
2263 4857 2276 4877 ,
2309 4816 2509 4868 scilicet
2562 4811 2777 4884 propter
2831 4830 2948 4869 eam
2993 4813 3200 4882 culpam
3254 4829 3413 4884 quam
3455 4829 3544 4882 per

1934 4899 2140 4956 corpus,
2164 4895 2218 4936 et
2239 4889 2528 4953 corporales
2558 4900 2620 4939 ac
2647 4886 2901 4939 sensibiles
2945 4886 3245 4956 voluptates,
3297 4885 3540 4938 incurrit.

2009 4902 2140 5006 "ius,
2164 4902 2218 4936 et
2239 4902 2528 4953 corportttes
2558 4902 2620 4939 ac
2647 4902 2901 4939 senswttes
2945 4902 3245 4956 comptulos,
3297 4902 3538 4938 incurrit.

2024 4953 2310 5026 laudatur.
2343 4958 2422 5008 Ab
2448 4973 2509 5010 ea
2536 4957 2780 5012 videlicet
2808 4957 3036 5022 macula,
3071 4972 3229 5026 quam
3261 4957 3314 5010 in
3344 4957 3538 5022 anima,

1934 5025 2033 5080 sibi
2063 5025 2248 5082 intime
2279 5030 2489 5088 innexa,
2521 5028 2814 5082 contraxit.

2454 5097 2607 5152 Nota:
2632 5101 2697 5150 (ιιι
2723 5109 2872 5168 caput
2912 5097 2972 5150 V.

2010 5167 2389 5232 Spirituulium,
2439 5170 2472 5222 i.
2522 5187 2572 5225 e.
2622 5167 2858 5223 destituta
2899 5171 3037 5223 omni
3090 5170 3538 5241 intellectu,retc.,

1935 5247 1988 5293 et
2031 5243 2242 5294 nonnisi
2268 5243 2497 5293 carnalia
2527 5243 2819 5309 sapientes.
2851 5241 2984 5295 Fers
3013 5241 3127 5296 hazc
3171 5240 3433 5295 sententia
3468 5240 3536 5293 ita

1936 5310 2238 5382 interpungi
2274 5324 2451 5380 posset
2479 5331 2490 5365 :
2525 5325 2778 5366 extranea:
2807 5312 2868 5364 tib
2909 5315 3045 5366 omni
3075 5313 3354 5375 intellectu,
3384 5313 3539 5379 spiri-

1935 5383 2150 5444 tutu'ium
2182 5399 2498 5450 potestatem,
2532 5400 2625 5438 seu
2656 5385 2925 5448 virtutem,
2960 5384 3134 5438 eadem
3160 5382 3400 5452 efﬁcacia,
3431 5395 3535 5438 etc.

2007 5453 2432 5518 Snbministrant,
2472 5470 2564 5508 seu
2597 5455 2898 5509 attribuunt.

2017 5523 2212 5590 Vittuis,
2245 5525 2282 5580 i.
2311 5541 2361 5580 c.
2393 5526 2650 5593 inertibus,
2680 5542 2742 5580 ac
2771 5525 2915 5580 omni
2941 5526 3203 5595 ejusmodi
3235 5527 3426 5581 virtute
3447 5526 3540 5583 de-

1927 5597 2150 5653 stilutis.

2000 5668 2306 5724 luitiantur.
2341 5666 2575 5735 Initiare,
2609 5669 2830 5723 verbum
2863 5669 2912 5723 in
2932 5669 3097 5723 sacris
3137 5669 3402 5739 prmcipue
3427 5670 3537 5723 usi-

1929 5751 2117 5807 tntum,
2152 5751 2232 5794 est
2261 5756 2576 5807 consecrare,
2621 5755 2716 5794 seu
2745 5741 2903 5794 sacris
2947 5740 3187 5805 imbuere,
3227 5751 3318 5793 aut
3360 5741 3538 5808 potius

1929 5813 1992 5865 ad
2044 5813 2232 5868 eadem
2289 5812 2538 5866 idoneum
2599 5812 2844 5882 reddere.
2899 5834 2916 5864 tt
2951 5812 3115 5882 Erant
3179 5811 3386 5882 (inquit
3435 5809 3537 5865 Ca-

1931 5885 2150 5956 saubon.
2199 5886 2251 5956 in
2309 5883 2538 5956 Athcntei
2582 5883 2619 5937 ι.
2675 5880 2740 5956 \il
2771 5921 2784 5946 ,
2833 5897 2880 5935 c.
2927 5881 3033 5956 ιξι
3079 5880 3291 5956 quidam
3338 5883 3535 5956 gradus

1931 5947 1982 6006 iu
2042 5951 2446 6019 participatione
2498 5951 2874 6022 mysteriorum
2944 5947 3284 6010 observandi.
3351 5951 3542 6008 Prtma
