4202 6496
236 348 385 407 1169

1066 347 1410 407 ΑΡΙἘΝΟΙΧ
1445 347 1722 419 ρυικτΑ,
1765 346 1831 405 ΙΝ
1869 345 2125 407 LIBRUM
2166 350 2254 407 DE
2292 351 2643 410 BAPTlSMO.

3392 361 3530 418 1170

234 465 380 520 Iuvio
424 468 596 541 itaque
634 467 766 537 ignis
808 465 1108 541 destinatur,
1159 476 1263 522 etc.
1306 464 1374 541 lit
1427 463 1648 541 proinde
1701 464 1841 541 hunc
1867 462 1917 522 Λ
2020 463 2299 541 I’rivilegia
2331 469 2526 541 gratae.
2562 467 3010 541 Gratuitahatque
3032 469 3275 541 ejusdem
3325 484 3530 533 natum

235 551 459 593 sensum
517 539 636 593 lmic
695 541 810 592 loco
871 540 1125 592 attribuat
1175 557 1187 589 :

244 625 266 660 ι
309 619 430 678 post
458 610 689 664 oblatam
725 611 816 664 Dei
844 651 857 673 ,
888 610 1211 678 singularem
1241 608 1512 677 Baptismo
1533 648 1547 672 ,
1573 608 1833 676 gratiam,

244 696 264 730 ι
306 681 360 734 in
383 690 596 748 peccata
639 679 826 745 fertur,
856 691 1014 749 atque
1058 681 1110 734 in
1139 696 1200 733 ca
1251 681 1354 733 ruit
1385 690 1526 733 totus
1555 692 1832 750 prarceps;

243 767 264 801 ι
301 767 409 820 quo
439 751 577 806 facto
609 752 658 805 in
695 752 1020 820 Baptismum
1061 760 1145 805 est
1190 749 1584 821 iniquissinms,
1613 757 1670 803 et
1699 749 1835 819 Bap-

243 837 264 872 s
307 823 496 876 tismus
527 823 660 878 male
691 834 772 878 ρει
798 832 1137 890 comparatus
1165 840 1176 875 :
1222 823 1423 890 itaque,
1456 821 1504 875 id
1539 830 1642 886 est,
1675 835 1836 889 prop-

244 909 264 942 ι
308 903 454 947 terea
484 893 676 947 diluvio
717 895 849 961 ignis
883 895 1184 948 destinatur
1222 893 1450 947 mundus
1477 933 1489 953 .
1538 903 1593 947 ut
1646 907 1833 962 qucm-

243 981 264 1014 ι
299 963 586 1019 admodum
613 965 738 1020 olim
764 965 913 1034 aquis
942 963 1334 1019 exundantibus
1362 964 1533 1032 periit,
1571 964 1647 1018 sic
1670 963 1832 1018 etiam

243 1050 264 1085 ‹
300 1035 430 1090 olim
456 1037 577 1106 igne
606 1036 786 1106 indicii
817 1036 988 1090 Divini
1019 1045 1440 1089 consummatur.
1493 1054 1510 1086 ι

314 1109 383 1160 At
407 1104 507 1175 ego
534 1104 745 1174 quidem
774 1107 952 1160 malim
997 1109 1227 1162 retinere
1259 1115 1460 1159 textum
1484 1148 1498 1170 ,
1527 1104 1832 1159 obscurius-

235 1176 418 1247 culutn
444 1178 658 1247 quidem
685 1217 700 1243 ,
729 1187 783 1232 at
820 1179 908 1246 qui
941 1177 1043 1232 hoc
1072 1191 1232 1231 sensu
1258 1216 1273 1241 ,
1297 1178 1427 1230 satis
1471 1180 1650 1244 utique
1679 1189 1830 1229 com-

236 1246 718 1319 modopintelligi
775 1257 993 1318 p0tcst:
1047 1249 1152 1304 Sed
1202 1247 1424 1319 mundus
1483 1247 1831 1319 nihilominus

235 1321 416 1373 rursus
447 1317 687 1384 deliquit,
711 1321 762 1373 in
796 1328 1008 1387 peccata
1035 1321 1256 1389 pristina
1285 1317 1550 1372 recidivns
1575 1318 1830 1389 (maxime

234 1389 290 1444 in
322 1391 574 1461 progenie
601 1390 781 1461 Citam,
808 1391 859 1444 in
890 1388 1094 1460 patrem
1118 1405 1273 1445 suum
1306 1400 1410 1461 tam
1433 1388 1826 1454 contmneliosi,

234 1458 390 1530 cujus
421 1458 556 1516 filius
584 1459 849 1526 Chanaan,
884 1458 1189 1530 posterique
1218 1461 1330 1529 ejus
1359 1458 1639 1514 Chanantei
1666 1474 1694 1512 a
1721 1461 1828 1514 lico

233 1531 354 1600 ipso
383 1533 635 1587 maledicti
665 1533 873 1605 fuerant
900 1531 1052 1605 (Gen.
1087 1532 1176 1596 IX,
1206 1548 1260 1605 v.
1282 1531 1354 1586 25
1383 1533 1397 1595 )
1429 1533 1621 1605 quo_(i.
1649 1545 1698 1584 e.
1729 1546 1829 1597 qua

230 1618 310 1665 re,
341 1605 425 1659 vel
452 1615 507 1657 ut
537 1606 698 1665 adeo)
728 1603 860 1657 male
893 1602 1212 1674 comparetur
1246 1603 1374 1674 (non
1420 1602 1557 1674 quod
1609 1617 1825 1670 compa-

230 1675 373 1745 ratio
407 1676 548 1741 prior
578 1678 713 1730 mala
753 1691 847 1730 seu
894 1673 1070 1745 inepta
1090 1675 1180 1738 sit,
1211 1673 1303 1727 sed
1328 1673 1465 1742 quod
1513 1687 1616 1726 non
1655 1674 1827 1727 solum

230 1743 359 1798 bene
384 1745 705 1817 Baptismus,
733 1743 996 1816 tanquam
1015 1754 1350 1817 peccatorum
1379 1746 1614 1817 onmium
1639 1745 1826 1799 sordes

230 1830 301 1871 ex
332 1815 506 1872 anima
533 1819 818 1910 cujuslibet
845 1815 1089 1872 hominis
1116 1859 1129 1880 ,
1160 1818 1296 1870 sicut
1324 1815 1580 1910 diluviulm
1608 1831 1670 1896 es
1709 1817 1826 1897 uni‘
1861 1851 1903 1910 Β

229 1902 394 1942 verso
424 1891 656 1954 mundo,
688 1903 989 1959 cxpurgans
1011 1930 1025 1950 ,
1056 1895 1416 1956 comparetur,
1448 1888 1540 1959 sed
1580 1888 1742 1940 etiam
1773 1889 1827 1940 in

229 1960 393 2024 malo,
427 1974 520 2013 seu
551 1960 702 2013 alteri
733 1958 953 2024 diluvio,
990 1959 1146 2029 ignis,
1173 1959 1260 2025 qui
1284 1958 1551 2011 mundoin
1584 1969 1827 2029 extremo

229 2029 446 2085 Judicio
473 2039 896 2098 superrcnttirus
936 2028 1050 2093 est,
1098 2039 1240 2082 recte
1292 2028 1686 2095 comparandus
1733 2031 1823 2084 sit.

230 2100 442 2171 Diluvio
485 2102 654 2171 itaque
697 2101 810 2169 (seu
857 2099 1144 2171 eaprOpter)
1193 2100 1324 2171 ignis
1368 2099 1670 2166 destinatur,
1716 2111 1822 2154 etc.

229 2170 455 2236 Recole,
476 2170 592 2240 qua:
615 2190 770 2237 supra
797 2170 944 2242 (Not.
976 2171 1183 2242 Mundi)
1215 2170 1464 2223 diximus.

308 2243 426 2313 lgni
455 2244 752 2297 destinatur.
788 2240 1008 2297 Mundus
1033 2241 1274 2313 videlicet
1303 2252 1438 2309 :'qua
1468 2240 1533 2313 de
1561 2256 1618 2295 re
1643 2240 1698 2294 S.
1732 2241 1826 2296 Ju-

224 2311 406 2388 stinus
437 2314 505 2388 bi.
536 2314 586 2367 in
617 2315 767 2378 Apol.
807 2314 887 2367 ll.
926 2333 975 2382 p.
1011 2332 1078 2367 m.
1112 2314 1198 2368 51.
1233 2312 1303 2365 ita
1335 2313 1446 2365 ait:
1485 2311 1580 2365 Καὶ
1624 2321 1824 2367 Σίϐυλλα

223 2387 280 2437 δὲ
328 2396 407 2437 καὶ
451 2387 725 2443 Υπάσητις.
769 2391 1043 2454 γενήσεσθαι
1093 2399 1181 2439 τῶν
1219 2394 1427 2453 φθαρτῶν
1465 2389 1693 2436 ἀνὶὶωσιν
1745 2389 1825 2438 διὰ

223 2466 377 2521 πυρὸς
407 2466 598 2526 ἔξεσαν.
633 2463 691 2509 Ol
737 2460 973 2521 λεγὸμονοι
1019 2460 1064 2507 δὲ
1104 2462 1288 2508 infusi
1328 2459 1586 2524 φιὶὸσοροι,
1627 2460 1706 2507 καὶ
1735 2461 1824 2508 αὖ·

221 2531 314 2578 τὶν
339 2535 544 2580 τὸνθεόν
582 2532 646 2587 εἱς
677 2534 770 2595 περ
797 2532 1078 2580 iniisse?“
1108 2529 1443 2592 δογματίζουσι
1463 2567 1474 2587 ,
1514 2535 1595 2576 καὶ
1628 2529 1689 2578 αὖ
1719 2532 1821 2576 τεά.-

225 2605 307 2650 ὶιν
338 2603 463 2652 κατὰ
490 2608 752 2665 peruersi-iv
789 2609 869 2651 τὸν
907 2601 1076 2663 κόσμον
1103 2603 1312 2662 γενέσθαι
1360 2605 1560 2660 λέγουςι,
1605 2597 1637 2648 i.
1669 2612 1718 2650 c.
1759 2597 1822 2649 Ιίι

226 2667 442 2739 Sibylla
479 2684 614 2733 vero,
657 2680 702 2722 ct
750 2667 1042 2738 Hystaspis,
1092 2674 1316 2739 futuram
1368 2684 1534 2718 rerum
1566 2669 1820 2739 corrupti-

225 2737 414 2791 bilium
441 2737 872 2806 censumptioncm
905 2757 991 2806 per
1034 2755 1200 2806 ignem
1252 2737 1506 2790 dixerunt.
1563 2738 1662 2803 Qui
1707 2737 1821 2790 uero

226 2756 414 2791 omum
441 2756 872 2806 censumpuoncm
905 2757 991 2806 per
1034 2756 1072 2791 tt
1091 2756 1200 2792 nem
1252 2756 1506 2790 uixerunt.
1563 2756 1661 2803 um
1707 2756 1820 2790 vero

226 2809 566 2882 nippellantnr
591 2809 752 2865 Stoici
801 2756 1123 2882 Ιηςὶιοδομίὶ,
1171 2810 1338 2875 ipsum
1381 2809 1530 2858 etiam
1563 2809 1724 2882 Deum
1767 2810 1820 2861 in

226 2880 401 2947 ignem
429 2881 727 2934 dissolutum
755 2882 818 2932 iri
846 2879 1044 2940 doceni,
1075 2896 1134 2932 ac
1163 2893 1346 2932 novum
1375 2892 1462 2944 per
1491 2880 1819 2932 mutationem

227 2952 482 3003 mumlmu
515 2956 623 3020 [ore
650 2953 841 3004 dicunt.

309 3022 443 3088 Quid
479 3017 625 3084 vero,
673 3023 809 3091 quod
861 3020 1078 3090 Ioseph.
1131 3018 1241 3073 Lib.
1288 3017 1480 3091 lAAnt.
1524 3017 1650 3074 Jutl.
1683 3036 1727 3072 c.
1761 3022 1813 3085 3,

227 3091 487 3154 altirmet,
520 3089 1056 3146 Adamunit'ersttlem
1104 3107 1273 3144 rerum
1329 3089 1585 3142 interitum
1633 3093 1817 3157 prtuli-

226 3164 388 3226 xisse,
417 3179 572 3218 unum
605 3161 998 3225 IA'CI'INDIO,
1024 3163 1237 3216 alterum
1268 3158 1443 3214 DILU
1463 3159 1629 3214 V10?
1673 3162 1814 3218 Rcli-

1239 556 1256 588 ι
1308 537 1459 602 Quod
1509 537 1552 591 si
1607 535 1837 590 mundus

1941 537 2296 611 superaddita,
2327 540 2394 611 de
2421 539 2610 611 quibus
2636 539 2762 609 Cap.
2790 539 2812 592 I
2833 539 2871 592 V
2898 537 3077 596 itidem
3111 560 3198 611 per
3220 553 3310 600 tot.

2015 608 2256 682 Splennia
2300 610 2606 682 disciplima,
2631 608 2759 682 ritus
2785 611 3052 682 Videlicet,
3085 608 3136 668 in
3162 613 3430 682 Baptismo
3459 635 3527 676 ex

1942 678 2534 806 ξῗῖιθῖῇξηιίνάίηαιὶοηε
2558 680 2800 737 adhiberi
2845 680 2987 738 soliti
3037 693 3139 740 :ut
3181 678 3342 757 supra
3395 689 3525 762 Cap,

2054 766 2083 805 c
2253 791 2264 802 .

2054 760 2105 805 et
2139 760 2264 805 Vlll.

2017 820 2462 895 Prtestntctiones,
2501 838 2614 895 seu
2679 825 3074 895 prteparationes
3102 869 3116 892 ,
3163 836 3218 883 et
3267 843 3527 886 caeremo-

1939 893 2040 946 ni:r
2065 893 2461 948 antecedentes.
2496 894 2609 950 Hoc
2629 893 2971 951 enim'sensu
3015 907 3200 953 noster
3241 899 3378 955 hanc
3427 918 3526 956 vn-

1937 977 2052 1017 cem
2085 963 2134 1039 in
2167 965 2366 1039 L._ad_v.
2398 964 2640 1039 Hermog.
2666 982 2712 1020 c.
2749 965 2835 1039 lt},
2857 977 3075 1035 usurpat
3101 985 3113 1021 :
3135 967 3304 1038 Igitur
3325 974 3377 1026 in
3393 990 3524 1039 prte-

1936 1036 2210 1090 structione
2230 1037 2384 1105 hujus
2403 1035 2624 1099 articuli,
2654 1047 2758 1091 etc.
2789 1036 2898 1093 Nec
2938 1039 3114 1093 minus
3141 1035 3192 1094 in
3220 1040 3280 1095 L.
3311 1035 3524 1098 de'Re-

1936 1121 2039 1184 sur_.
2070 1123 2210 1184 rara.
2245 1122 2292 1159 c.
2324 1107 2358 1160 ι
2385 1124 2398 1157 :
2426 1106 2619 1184 Deinde
2648 1107 2879 1184 hteretici
2891 1109 3010 1184 inde
3021 1112 3207 1184 _statim
3249 1115 3519 1184 incipiunt,

1936 1185 1987 1230 et
2014 1177 2132 1254 inde
2151 1188 2473 1254 pra’struunt.
2511 1176 2834 1254 VideActianr
2852 1179 2910 1232 L.
2935 1180 2998 1233 de
3013 1178 3235 1236 Prtescr.
3256 1176 3442 1254 Cap.X
3457 1176 3520 1241 γᾷ

2009 1246 2361 1306 Precationes.
2395 1263 2610 1317 precum
2643 1249 2906 1312 formulm,
2941 1255 3239 1318 prtesertim
3269 1246 3522 1312 in'bcnc-

1933 1317 2164 1395 dictione
2194 1319 2728 1395 itititi§_liaptisniali_s,
2758 1317 3081 1395 au_t__in'_i_nso
3105 1322 3390 1395 _Baptismn
3427 1328 3524 1384 ad-

1933 1387 2460 1470 ltilrrl-Sttllklt.Vltlé
2485 1390 2792 1470 supra-Cap.
2820 1391 2885 1445 IV
2913 1391 3065 1470 [δῖοι.
3093 1387 3338 1450 Ιηυῦεαιο
3360 1396 3518 1470 Ileo).

2006 1458 2322 1530 Religionem
2353 1476 2515 1531 aqute.
2547 1460 2862 1530 Religionem
2923 1458 3006 1517 hic
3077 1475 3230 1519 vocat
3272 1458 3523 1521 sanetila-

1935 1539 2037 1583 tcm
2069 1532 2235 1592 illam.
2262 1548 2382 1606 qum
2420 1533 2515 1600 ipsi
2565 1534 3086 1606 aqna!_baptismali,
3145 1546 3393 1606 tanquam
3441 1543 3519 1595 rei

1931 1615 2120 1674 sacrm,
2146 1615 2193 1656 et
2220 1602 2284 1656 ad
2307 1602 2710 1674 sacramentum
2740 1603 2993 1673 Baptismi
3027 1602 3326 1674 desdnat'a',
3359 1611 3515 1666 inest.

2007 1671 2308 1750 Earpetlitus.
2342 1671 2616 1750 [impeditos
2646 1671 3140 1750 propriedicimus,
3173 1671 3398 1743 quorum
3429 1697 3519 1750 pc-

1929 1742 2027 1798 des
2055 1761 2084 1798 e
2107 1744 2349 1810 vinculis,
2395 1759 2493 1798 ceu
2536 1745 2925 1814 impedimentis,
2958 1742 3197 1818 exempti
3217 1763 3280 1804 ac
3312 1742 3515 1806 liberati

1930 1824 2071 1868 Sunt.

2005 1885 2356 1940 Sacramenta.
2380 1885 2699 1960 _Scntentia,
2731 1885 2988 1959 quidquid
3020 1889 3276 1947 reclamet
3305 1890 3511 1960 Junius,

1929 1960 2178 2026 εὶρωτικῶς
2205 1957 2444 2025 legenda.

2003 2027 2079 2082 De
2107 2031 2311 2099 stet-nlo.
2347 2027 2400 2081 In
2432 2027 2661 2099 sequiori
2684 2045 2846 2086 sensu
2872 2030 2958 2086 hic
2982 2032 3318 2099 saeuium,nt
3347 2033 3512 2089 8.1a-

1927 2099 2091 2152 cobus
2142 2098 2243 2169 Ep.
2295 2114 2405 2154 sua:
2465 2098 2548 2162 IV,
2608 2103 2662 2166 4,
2722 2106 2924 2156 sumit:
2960 2098 3254 2170 Quicunque
3304 2106 3514 2160 voluerit

1927 2170 2120 2223 amicus
2170 2187 2276 2224 esse
2308 2170 2481 2222 stcculi
2520 2171 2691 2238 liuius,
2724 2173 2959 2226 inimicus
3007 2171 3142 2225 DEI
3170 2175 3509 2229 constituitur.

1929 2238 1995 2292 Et
2022 2241 2302 2314 S._Paulus
2329 2243 2394 2294 ad
2423 2238 2541 2294 Cal.
2584 2243 2620 2306 Ι,
2657 2246 2704 2309 ι,
2747 2243 2814 2297 de
2855 2241 3070 2297 Christo
3122 2245 3291 2314 inquit
3319 2262 3332 2297 :
3360 2245 3512 2300 Dedit

1926 2312 2245 2382 semetipsum
2301 2329 2392 2380 pro
2443 2315 2659 2380 peccatis
2700 2313 2886 2368 nostris
2913 2355 2929 2380 ,
2961 2324 3015 2368 ut
3053 2330 3144 2368 nos
3181 2312 3392 2385 eriperet
3449 2317 3512 2370 de

1929 2385 2163 2452 prmsenti
2184 2385 2369 2436 saeculo
2399 2399 2630 2452 nequam.

1998 2451 2373 2528 Dominatorem
2392 2451 2680 2528 pristinum,
2712 2456 2852 2510 velut
2877 2455 3124 2528 alterum,
3144 2457 3404 2528 longeque
3421 2460 3511 2513 int-

1926 2521 2197 2598 tnitiurcm
2213 2521 2552 2598 Pliaraoiiem,
2571 2521 2776 2598 quiper
2799 2537 3070 2595 peccatum
3095 2521 3475 2598 humatuigcne
3495 2562 3505 2570 -

1925 2594 1968 2647 ri
1994 2595 2292 2668 suavissime
2321 2595 2766 2668 dominatnsil'uit,
2795 2594 2858 2650 ac
2893 2599 3260 2666 peccatoritms
3284 2594 3507 2668 singulis

1925 2667 2221 2718 etiamnum
2254 2665 2577 2728 dominatur,
2612 2667 2782 2720 donec
2813 2682 2904 2735 per
2930 2683 3119 2736 aquam
3144 2665 3399 2736 Baptistni
3442 2671 3511 2725 ab

1923 2735 2165 2804 ejusdem
2213 2736 2493 2806 tyrannide
2524 2737 2734 2791 liberati
2763 2735 3132 2791 l'uerint.’Cum
3170 2735 3298 2793 servi
3334 2743 3505 2796 essetis

1924 2808 2134 2882 peccati,
2153 2807 2222 2861 ait
2247 2811 2433 2877 Apost.
2459 2806 2476 2878 (
2500 2809 2566 2860 ad
2593 2808 2737 2862 Itoni.
2766 2809 2853 2882 Vl,
2877 2808 2946 2863 20
2969 2811 3008 2878 ),
3039 2810 3179 2864 liberi
3211 2812 3378 2881 fuistis
3389 2814 3506 2882 jus-

1923 2879 2064 2950 tititg.
2101 2878 2240 2948 Lege
2269 2888 2432 2933 totum
2464 2881 2562 2933 huc
2594 2881 2829 2949 Apostoli
2855 2891 3032 2950 caput.

1996 2947 2382 3023 Qerelinquuut,
2444 2947 2655 3005 Salano}
2705 2947 2954 3023 nimirum
3002 2962 3055 3005 ct
3126 2953 3324 3023 pompis
3389 2954 3505 3022 ejus

1921 3019 1973 3074 in
2007 3020 2278 3088 Baptismo
2311 3023 2697 3074 renuntiantes.
2740 3022 3010 3076 therum
3061 3019 3339 3077 transit-um
3384 3019 3500 3077 nia-

1919 3093 1995 3144 ris
2024 3089 2186 3144 Rubri
2239 3092 2483 3162 ligarant
2515 3091 2677 3145 nostri
2730 3091 2983 3157 Baptismi
3037 3092 3218 3157 luisse,
3281 3095 3506 3162 ipsemet

1918 3162 2208 3230 Apostolus
2239 3159 2258 3213 ι
2290 3161 2405 3214 Cor.
2444 3160 2513 3221 Χ.
2572 3163 2622 3224 i,
2675 3173 2718 3215 et
2767 3179 2870 3230 seq.
2903 3164 3034 3216 satis
3078 3159 3356 3219 declarat:
3388 3164 3500 3218 Pa-

229 3247 341 3303 qna
370 3233 436 3290 de
461 3234 666 3289 duabus
695 3249 758 3289 co
784 3232 976 3296 umnis,
1001 3233 1218 3287 lateritia
1241 3248 1366 3296 una,
1398 3233 1562 3286 altera
1592 3249 1813 3288 marmo-
1839 3232 1883 3295 C
1917 3243 2015 3286 tres
2039 3234 2195 3286 nostri
2213 3248 2388 3286 omnes
2408 3233 2499 3286 sub
2521 3234 2648 3285 nube
2667 3237 2889 3301 fuerunt,
2907 3244 2952 3287 et
2973 3249 3144 3288 onmes
3169 3249 3318 3291 mare
3338 3245 3503 3290 trans-

227 3320 343 3368 rea,
376 3319 437 3361 ac
462 3306 716 3360 alterutra
743 3306 952 3370 saltem,
984 3314 1073 3357 aut
1100 3305 1286 3368 ignem,
1320 3314 1407 3356 aut
1437 3319 1592 3372 aquas
1620 3318 1780 3358 ev;isu

228 3389 317 3437 ra.
365 3376 546 3431 lubens
603 3375 970 3443 pi~:etcrn;itto,
1017 3374 1237 3428 nimium
1289 3375 1514 3443 vulgata,
1547 3383 1601 3426 et
1649 3375 1814 3428 solius

226 3445 404 3528 ferme
433 3446 652 3528 Juscphi
681 3447 855 3517 hujus,
880 3455 1132 3516 quantum
1171 3443 1382 3514 quidem
1417 3453 1644 3507 constat,
1677 3447 1814 3500 testi-

227 3531 417 3572 IllOlllO
447 3533 588 3572 IlIXIl.

309 3588 515 3643 interea
547 3598 722 3643 tamen
743 3596 948 3642 certum
976 3595 1079 3652 est,
1105 3588 1240 3641 hanc
1269 3586 1332 3641 de
1369 3584 1552 3639 mundi
1598 3585 1810 3641 interitu

226 3657 392 3729 igneo
413 3659 734 3729 Opinionem,
762 3658 1062 3713 universam
1088 3674 1255 3728 prope
1283 3656 1663 3729 Antiquitatem
1693 3674 1813 3729 pcr-

226 3728 456 3795 vasisse,
489 3745 551 3783 ac
579 3730 645 3784 ab
671 3728 799 3797 ipsis
839 3745 1048 3799 quoque
1093 3729 1399 3799 gentilibus,
1449 3728 1668 3799 Zenone,
1707 3728 1812 3799 Pg-

226 3802 466 3870 tltagora,
505 3799 785 3867 Heraclito,
816 3798 1223 3869 SOp/tbtle,etc.
1253 3810 1592 3870 pi'Opagatam
1628 3798 1807 3855 fuisse.

304 3871 410 3926 Sed
443 3872 562 3927 vide
589 3873 725 3928 hanc
752 3888 862 3926 rem
912 3873 1161 3941 gravibus
1210 3871 1267 3926 S.
1321 3872 1514 3940 Script.
1569 3872 1804 3941 testium.

227 3941 337 3996 niis
364 3942 536 3996 nixam
566 3961 577 3994 :
612 3960 679 3999 ex
709 3940 1007 4011 quibusch
1052 3957 1212 3995 unum
1239 3983 1252 4000 .
1311 3943 1520 3995 cwteris
1566 3940 1810 3996 luculen-

227 4013 344 4066 tius
373 4027 433 4068 ex
467 4013 507 4067 ll
543 4012 683 4067 Petri
703 4015 756 4068 5.
785 4029 832 4066 υ.
861 4014 916 4074 5.
942 4013 1153 4082 profero
1185 4029 1196 4063 :
1230 4012 1353 4067 Caeli
1395 4024 1531 4064 erant
1582 4013 1722 4075 prius
1765 4025 1810 4067 et

226 4093 391 4145 terra,
420 4085 482 4137 de
507 4101 658 4154 aqua,
688 4095 732 4138 et
760 4100 848 4154 per
878 4101 1058 4152 aquant
1104 4084 1334 4138 insistens
1369 4083 1460 4137 Dei
1500 4082 1645 4136 verbo
1675 4101 1691 4136 :
1722 4101 1810 4152 per

223 4170 349 4220 quia
369 4154 455 4208 ille
481 4153 599 4208 tunc
621 4153 837 4209 mundus
858 4172 990 4226 aqua
1010 4157 1283 4208 inundatus
1306 4153 1600 4223 pcriit.Ca:li
1620 4166 1806 4220 autent,

221 4225 318 4292 qui
343 4242 472 4278 nunc
495 4236 634 4289 sunt,
664 4237 707 4279 et
735 4235 888 4288 terra,
906 4225 1090 4280 eodem
1120 4225 1264 4278 verbo
1309 4226 1511 4294 repositi
1538 4237 1673 4290 sunt,
1703 4226 1809 4294 igni

221 4297 468 4350 reservati
496 4296 548 4349 in
579 4297 711 4352 diem
739 4297 934 4361 iudicii,
967 4308 1013 4348 et
1035 4296 1331 4363 perditionis
1352 4297 1622 4362 impiorum
1647 4297 1809 4349 Itami-

224 4383 375 4421 nnm.
403 4367 466 4420 Et
497 4377 612 4436 post
640 4382 805 4435 pauca
841 4385 852 4420 :
895 4367 1134 4421 Adveniet
1182 4378 1347 4419 autem
1376 4365 1493 4420 Dies
1519 4365 1724 4420 Domini
1754 4376 1809 4420 ut

223 4441 344 4509 fur;
370 4439 418 4490 in
440 4454 537 4508 quo
555 4440 668 4492 cali
691 4453 874 4507 magno
894 4440 1084 4506 impetu
1126 4437 1389 4509 transient,
1407 4439 1664 4509 elementa
1692 4453 1809 4492 vero

225 4508 402 4562 calore
427 4509 700 4572 solventur,
730 4519 865 4561 terra
892 4519 1078 4576 autem,
1109 4519 1156 4563 et
1185 4524 1300 4577 qua:
1324 4508 1375 4560 in
1397 4508 1509 4577 ipsa
1550 4518 1664 4562 sunt
1689 4525 1811 4577 ope-

223 4595 313 4643 ra,
342 4589 635 4634 exurentur.
666 4579 1069 4635 Eruditissimus
1099 4580 1196 4633 hac
1221 4579 1275 4633 in
1304 4578 1521 4634 materia
1550 4590 1631 4634 est
1657 4596 1810 4635 reve-

224 4649 461 4722 rendiss.
503 4650 777 4706 Catmelus
820 4661 1001 4707 noster
1031 4654 1082 4706 in
1113 4650 1504 4722 prolegomenis
1546 4651 1656 4706 suis
1685 4649 1808 4705 Dis-

222 4729 351 4790 sert.
381 4721 442 4774 de
467 4722 567 4790 ﬁne
593 4722 789 4789 mundi,
819 4733 922 4776 etc.

304 4789 599 4846 Restaurat.
634 4792 724 4847 Sic
752 4793 893 4846 enim
925 4795 1017 4848 erit
1061 4793 1115 4846 in
1145 4794 1575 4848 consummatione
1613 4793 1807 4849 stet-uti.

226 4860 400 4916 Mittet
443 4862 610 4918 Filius
659 4864 876 4918 hominis
922 4866 1130 4935 angelos
1173 4881 1313 4930 suos,
1359 4874 1418 4935 et
1456 4864 1693 4933 colligant
1749 4866 1812 4919 de

225 4949 389 5004 regno
419 4935 530 5006 ejus
558 4936 728 4987 omnia
758 4933 1022 4996 scandala.
1067 4945 1112 4988 et
1140 4952 1223 4989 eos
1265 4937 1350 5000 qui
1395 4933 1588 5006 faciunt
1626 4935 1812 5006 iniqui-

225 5013 382 5130 :aéem
412 5003 503 5058 :et
552 5007 745 5059 mittent
784 5021 870 5062 eos
910 5007 963 5060 in
989 5007 1243 5060 caminum
1271 5007 1420 5078 ignis.
1453 5003 1638 5059 Matth.
1672 5004 1810 5074 Xlll,

333 5085 377 5129 et
405 5092 508 5130 sea.

333 5085 377 5129 ει
405 5092 508 5130 880.

361 5094 376 5127 ι
494 5115 508 5129 ο

307 5094 492 5201 ὅεύἒᾟ
544 5148 750 5220 accipi,
787 5148 897 5202 llltc
945 5147 1073 5219 ἱρείη
1135 5147 1380 5202 nimirum
1448 5147 1630 5220 ligurzc
1681 5150 1808 5220 bap-

229 5217 374 5273 tismi
407 5222 571 5274 nostri
605 5218 874 5285 (nimirum
904 5217 976 5273 et'
1004 5235 1278 5283 BILUVIUM,
1330 5229 1383 5273 et
1413 5218 1567 5289 texts)
1624 5217 1809 5274 admo-

230 5305 360 5343 nere
383 5305 476 5344 nos
501 5290 718 5360 debent,
766 5289 889 5359 quid
941 5300 1058 5360 post
1108 5305 1402 5345 uarrtsuou
1458 5290 1654 5358 lapsos,
1713 5307 1810 5346 nec

229 5368 412 5430 postea
447 5375 536 5429 per
583 5359 951 5416 Paenitentiam
987 5360 1374 5430 redintegratus
1398 5360 1638 5427 (minime
1667 5365 1809 5417 enim

231 5429 480 5503 glontano
509 5440 602 5486 aut
623 5431 912 5486 Novatiano
958 5429 1407 5500 adstipulantlum,
1442 5442 1654 5503 peccata
1698 5442 1815 5503 post

225 5499 558 5578 baptismum
605 5503 911 5567 commissa,
964 5499 1160 5573 patitcr
1207 5499 1591 5558 irremissibilia
1637 5499 1805 5574 esse.)

221 5570 283 5623 in
311 5570 476 5626 altera
506 5570 612 5627 vita
639 5582 866 5628 maneat.

735 5642 888 5700 Notas
916 5644 985 5698 ad
1009 5655 1163 5717 caput
1196 5642 1304 5699 IX.

304 5708 599 5767 Patrocinia
621 5724 836 5779 natura,
879 5718 1020 5771 dotes
1062 5708 1264 5772 scilicet
1290 5717 1569 5779 naturales,
1608 5717 1810 5784 Aquam

222 5793 342 5858 prae
393 5784 602 5858 t_:.'_c_teris
657 5785 934 5844 clementis
984 5786 1445 5856 commendantes,
1500 5787 1568 5843 de
1622 5787 1812 5858 quibus

220 5852 358 5923 Cap.
386 5851 506 5926 III,
537 5874 626 5928 per
653 5867 744 5913 tot.

1836 4619 1888 4682 D

1915 3306 2104 3369 ierunt,
2136 3313 2180 3357 et
2209 3319 2378 3356 omnes
2411 3307 2461 3356 in
2497 3303 2673 3372 Moyse
2718 3304 2963 3370 baptizati
3008 3316 3125 3359 sunt
3162 3307 3216 3359 in
3261 3305 3410 3373 nube,
3452 3317 3502 3361 et

1917 3379 2082 3439 nutri;
2115 3377 2164 3428 in
2195 3375 2497 3446 iunctorba
2527 3377 2579 3427 S.
2617 3377 2752 3446 Aug.
2783 3376 2845 3427 1..
2880 3373 2992 3446 XX
3017 3385 3192 3428 contra
3231 3374 3415 3430 Faust.
3449 3395 3496 3434 ι’.

1915 3446 2004 3516 29,
2059 3447 2127 3498 ait
2154 3461 2172 3497 :
2220 3443 2413 3508 Nubes,
2436 3454 2480 3496 et
2533 3462 2673 3499 mare
2717 3443 2923 3498 rubrum
2969 3444 3264 3513 Iiaptismus
3303 3449 3496 3516 utique.

1918 3515 2102 3569 IIastes
2121 3526 2407 3587 sequuntur
2433 3531 2466 3587 _a
2497 3524 2632 3587 tergo
2657 3532 2673 3567 :
2708 3518 2993 3570 moriuntur
3023 3525 3227 3582 peccata
3266 3520 3496 3587 prmeri-

1916 3597 1986 3640 ta.
2020 3587 2083 3640 Et
2109 3586 2164 3640 S.
2198 3583 2386 3639 Anthr.
2420 3583 2482 3638 L.
2507 3586 2569 3636 de
2599 3587 2674 3638 bis
2702 3590 2785 3655 qui
2827 3587 3109 3652 initiantur,
3139 3596 3244 3642 etc.
3267 3583 3314 3641 tt.
3341 3589 3394 3654 5,
3430 3589 3500 3644 ita

1916 3657 2078 3713 habet
2104 3677 2116 3711 :
2151 3657 2379 3729 Atlt'ertis
2405 3656 2539 3724 quod
2567 3659 2616 3708 in
2645 3659 2733 3711 illo
2784 3657 3115 3729 Ilebrteorum
3145 3659 3362 3729 transitu
3381 3661 3498 3729 jam

1914 3739 2032 3782 tunc
2057 3730 2188 3782 sacri
2211 3727 2534 3801 Baptismatis
2555 3731 2721 3801 [igura
2738 3728 3065 3801 prtecesserit,
3088 3730 3140 3781 in
3165 3727 3498 3801 quo/Egyp-

1917 3802 2014 3854 tius
2046 3801 2208 3866 periit,
2238 3809 2284 3852 et
2319 3798 2558 3850 Ilebrteus
2589 3798 2744 3852 evasit
2767 3801 2790 3850 ἰ)
2816 3799 2952 3865 Quid
2979 3800 3111 3852 enim
3139 3799 3284 3853 aliud
3307 3798 3500 3856 in'Itoc

1913 3873 2138 3941 quotidie
2155 3871 2481 3942 sacramento
2509 3869 2765 3942 docemur,
2793 3873 2888 3942 nisi
2913 3871 3030 3936 quia
3052 3871 3205 3942 culpa
3233 3872 3494 3942 mergitur,

1913 3937 1960 3995 et
1987 3957 2130 3994 error
2154 3940 2382 3992 aboletur
2403 3937 2634 4011 l’rltaque
2680 3939 2967 3996 Christiani
3021 3956 3114 4010 per
3139 3937 3493 4011 'Baptisi'num,

1916 4023 2162 4080 tanquam
2195 4026 2331 4063 mare
2355 4010 2585 4073 rubrum,
2627 4011 2692 4064 ad
2739 4026 2929 4066 novam
2983 4015 3144 4066 vitam
3196 4010 3493 4069 transeunt.

1916 4081 2062 4135 Mare
2093 4083 2206 4151 (ait
2232 4081 2599 4136 'l‘hcodorctus
2629 4082 2766 4150 apud
2798 4083 2964 4136 Calm.
3004 4083 3054 4135 in
3084 4082 3122 4136 1.
3154 4082 3274 4138 Cor.
3306 4083 3373 4148 Χ,
3412 4085 3448 4138 2
3475 4086 3496 4152 j

1912 4168 2122 4224 sacrum
2165 4153 2427 4224 referebat
2467 4168 2766 4216 uncum,
2809 4152 2950 4220 quod
2986 4153 3284 4224 baptizandi
3315 4156 3487 4224 ingre-

1912 4223 2129 4279 diuntur
2153 4243 2165 4278 :
2194 4222 2368 4277 Nubes
2389 4238 2622 4278 camini
2649 4237 2884 4294 senatus
2911 4223 3208 4294 S.Mogses,
3232 4222 3496 4281 ελοεὴυο-

1914 4310 2023 4350 ‘rest
2062 4297 2412 4364 baptizantem
2458 4311 2476 4364 ξ
2518 4294 2660 4363 virga
2733 4292 2891 4364 hujus
2972 4292 3293 4363 legislatoris
3361 4297 3489 4352 Jcsu

1913 4366 2109 4422 Clitiin
2134 4363 2424 4437 ceuceu;
2454 4363 2694 4437 Israelita
2740 4365 3380 4437 inniariicuntsrtauosi
3402 4370 3492 4437 qui

1913 4437 2249 4509 baptizantnr
2278 4454 2292 4491 :
2323 4434 2562 4509 {Egyptii
2589 4436 2929 4509 demersi,_et
2965 4436 3071 4490 dux
3112 4450 3299 4491 eorum
3347 4434 3492 4509 Plia-

1912 4506 2022 4635 suo,
2066 4510 2336 4573 dtenwnes,
2365 4506 2433 4564 de
2471 4507 2694 4578 imperio
2731 4507 2873 4577 quod
2903 4508 2956 4561 in
3000 4520 3098 4562 nos
3148 4507 3488 4575 exercebant,

1951 4592 2168 4635 eiectos.

1951 4592 2168 4636 CICCIOS.

2015 4600 2030 4616 ‘
2068 4600 2082 4634 ι
2123 4600 2168 4634 S.

1979 4600 2336 4706 2::ll2tt0ditm.
2376 4648 2612 4704 Latinius
2654 4650 2707 4703 in
2767 4663 2916 4702 usum
2961 4649 3280 4703 commodum
3327 4648 3488 4706 leait:

1914 4723 2001 4777 cui
2058 4737 2159 4780 non
2211 4723 2461 4777 reluctor.
2517 4721 2700 4776 Potest
2747 4729 2923 4774 autem
2980 4729 3035 4773 et
3095 4719 3325 4789 vulgaris
3382 4719 3492 4776 lec-

1914 4795 2006 4857 tio,
2036 4795 2133 4848 ctsi
2159 4791 2480 4858 duriuscula,
2529 4792 2765 4854 retineri,
2811 4791 3048 4860 atquein
3086 4805 3235 4843 suum
3267 4806 3490 4845 commo-

1912 4866 2034 4918 dum
2064 4864 2280 4933 intelligi
2311 4864 2482 4933 proin
2522 4879 2665 4916 suam
2696 4863 2980 4933 utilitatem,
3027 4875 3186 4933 quam
3231 4862 3492 4919 suavitate

1912 4950 2011 5006 sua
2033 4951 2095 4990 ac
2125 4931 2439 5006 limpida-ate
2468 4932 2775 5006 hominibus
2801 4932 2994 4987 all'erre
3018 4931 3175 4987 sulct.

1987 5005 2171 5070 Musei,
2203 5003 2299 5076 pro
2330 5003 2507 5076 Musis,
2533 5004 2780 5076 gignendi
2817 5018 2961 5076 casu.

1986 5072 2332 5134 Remediatur.
2381 5075 2453 5130 De
2509 5072 2607 5130 hoc
2651 5074 2816 5129 verbo
2855 5073 2973 5128 vide
2999 5086 3158 5142 supra
3195 5072 3325 5141 Cap.
3367 5073 3486 5129 XV.

1907 5146 2173 5204 Cmterum
2202 5146 2418 5201 historia
2450 5145 2565 5200 hmc
2597 5143 2763 5199 Exod.
2788 5160 2835 5198 υ.
2858 5145 2950 5208 2.3,
2977 5153 3022 5196 et
3052 5159 3154 5211 seq.
3180 5145 3249 5198 ita
3303 5160 3487 5200 narra-

1913 5230 2036 5276 tur:
2069 5219 2134 5272 Et
2163 5225 2402 5272 venerunt
2432 5217 2660 5287 (mm)
2709 5231 2762 5271 IN
2802 5230 2944 5270 lana
2966 5253 2981 5277 ,
3022 5223 3068 5287 et
3109 5230 3209 5268 non
3258 5225 3490 5287 poterant

1911 5291 2077 5344 bibere
2101 5307 2257 5360 aquas
2297 5285 2513 5358 (me)
2545 5303 2613 5343 DE
2642 5285 2805 5360 usus,
2832 5302 2891 5340 eo
2918 5285 3053 5355 quod
3094 5293 3257 5360 essent
3294 5285 3488 5356 (ωηο)

1916 5356 2370 5422 ΑιΑιιεςύηάείι
2414 5356 2690 5430 congruum
2735 5358 2845 5430 loco
2884 5371 3079 5430 nomen
3105 5356 3366 5430 imposuit,
3403 5373 3466 5410 oo

1915 5450 2038 5513 guns
2084 5433 2227 5513 illum
2464 5426 2766 5513 )jMarahid
2803 5437 2874 5483 est
2916 5426 3344 5513 amaritudinem:
3373 5465 3389 5509 τ
3424 5465 3438 5480 .
3469 5464 3486 5513 τ

1915 5504 1982 5559 Et
2007 5501 2217 5558 ostendit
2243 5497 2291 5555 ei
2321 5497 2659 5570 (Dominus)
2687 5499 2879 5570 lignum
2905 5512 2925 5553 :
2952 5497 3089 5566 quod
3117 5513 3233 5551 cum
3272 5497 3490 5552 misisset

1909 5575 1966 5630 in
1991 5590 2167 5645 aquas,
2190 5573 2243 5626 in
2269 5572 2586 5626 dulcedinem
2613 5585 2768 5645 versis
2793 5578 2930 5645 sunt.

1987 5640 2174 5708 Retro,
2206 5658 2303 5714 pro
2330 5654 2499 5714 antea,
2529 5650 2586 5714 ut
2613 5641 2738 5696 alibi
2759 5640 2978 5714 saepius.

1989 5709 2314 5770 Remedium.
2364 5712 2441 5767 lia
2491 5713 2653 5767 etiam
2717 5710 2919 5779 antiqui
2982 5716 3179 5780 patres,
3236 5722 3300 5764 ac
3352 5709 3496 5765 inter

1915 5789 2017 5843 hos
2069 5786 2126 5843 S.
2163 5785 2349 5841 Ambr.
2399 5783 2464 5838 ι.
2487 5784 2548 5836 de
2585 5783 2662 5836 his
2716 5783 2801 5850 qui
2854 5781 2967 5834 iuit.
2995 5797 3044 5836 c.
3083 5781 3140 5847 3,
3174 5791 3448 5850 exponunt
3479 5799 3496 5836 :

1919 5858 2150 5926 lIaratIt,
2203 5855 2391 5926 inquit,
2431 5864 2547 5926 [ous
2586 5853 2935 5909 amarissimus
2963 5860 3094 5919 erat;
3132 5852 3268 5906 misit
3307 5851 3359 5907 in
3387 5866 3502 5907 eunt
