4202 6496
162 398 310 459 1173
1006 396 1344 457 APPENDIX
1381 394 1657 465 QUINTA,
1698 390 1765 449 IN
1808 391 2059 451 LIBRUM
2100 395 2187 452 DE
2226 395 2582 453 BAPTISMO.
3305 396 3445 457 1174

160 517 496 587 intelligant:
527 530 635 587 nos
650 515 900 570 credimus
925 558 940 581 ,
968 526 1021 570 ut
1054 515 1417 587 intelligamus.
1448 514 1619 587 atque
1651 509 1751 564 hoc
1777 508 1831 568 A
1856 512 1919 587 t_is
1947 521 2173 587 peccata,
2202 513 2522 587 remittuntur
2552 512 2640 587 eis,
2676 517 2780 587 etc.
2811 509 3166 587 Nihilominus
3196 525 3353 587 vero,
3390 521 3448 587 ut

161 599 253 644 est
272 580 424 654 illud,
450 588 587 659 quod
610 586 897 657 Apostolus
924 580 1023 641 nos
1052 585 1111 659 Il
1150 580 1268 639 Cor.
1295 581 1364 645 Χ,
1390 599 1440 636 v.
1473 584 1527 641 5.
1551 589 1749 647 tnonct,
1861 582 1916 635 S.
1968 582 2226 659 Pacianus
2289 583 2388 659 Ep.
2432 585 2454 637 1
2487 624 2524 659 ,Δ
2551 584 2618 659 ad
2670 580 3119 659 ‘ngpronianum
3166 582 3273 646 ait,
3310 583 3445 655 quod

160 669 229 715 ut
282 652 708 715 simus'consilia
755 662 769 720 ‹
782 659 1035 725 humana)
1079 658 1416 718 destruentes,
1467 664 1755 725 etiamnum
1860 671 1949 725 per
1993 652 2453 725 suosSacerdotes
2496 654 2617 725 facit
2662 652 2911 719 Christus,
2941 670 3036 708 sua
3073 652 3444 709 Potestas'est.

162 733 491 786 altitudinem
519 730 839 785 extollentem
869 745 922 783 se
944 723 1185 782 adversus
1221 727 1481 781 scientiam
1507 724 1604 778 Dei
1638 723 1753 797 (seu
1859 723 1927 779 Et
1948 725 2064 797 (Ep.
2099 724 2151 780 ὅ.
2186 724 2335 790 Quod
2365 742 2454 797 ego
2482 723 2615 795 facio
2634 741 2781 797 ,non
2811 740 2921 779 meo
2948 727 3076 789 iure,
3107 728 3196 779 sed
3230 740 3442 792 boum;

162 803 427 858 adversus
453 816 536 866 ea,
568 816 687 871 qua":
716 800 868 855 nobis
891 817 979 870 per
998 800 1149 867 ﬁdem
1167 798 1233 853 de
1259 799 1367 871 Deo
1394 792 1755 871 innotescunt)
1864 796 1955 849 Dei
1976 792 2108 871 enim
2136 814 2307 871 sumus
2327 792 2605 871 adjutores.
2643 796 2834 871 Quare,
2868 797 3059 865 pergit,
3081 797 3184 871 sive
3214 797 3448 871 baptiza-

163 884 218 927 et
264 876 316 927 in
361 867 700 942 captivitatem
747 867 1029 943 redigentcs
1078 885 1278 923 omnem
1327 868 1655 925 intellectum
1700 868 1755 920 in
1859 884 1992 943 ntus,
2022 867 2125 943 sive
2154 868 2221 921 ad
2242 869 2598 943 paenitentiam
2617 868 2861 943 cogimus,
2899 884 2986 921 seu
3011 868 3204 921 veniam
3232 870 3447 943 petenti-

162 938 460 1008 obsequium
484 944 693 999 Christi.
860 938 879 943 ⁷
1858 938 1948 992 bus
1992 938 2300 1005 relaxamus,
2333 938 2533 994 Christo
2582 940 2636 992 id
2683 948 2886 992 auctore
2930 948 3220 992 tractantus.
3271 942 3446 1007 Atque

246 1016 497 1069 Mandatu
528 1026 715 1068 tamen.
749 1013 1049 1075 Mandatus,
1083 1029 1141 1065 us
1162 1054 1177 1075 ,
1207 1018 1410 1075 quartm
1445 1008 1645 1065 Declin.
1675 1008 1754 1063 le-
1860 1009 1974 1064 haec
2004 1021 2188 1065 contra
2220 1009 2581 1065 Protestantes
2610 1019 2823 1064 nostros
2855 1009 3087 1064 notanda
3130 1020 3309 1074 erant,
3343 1012 3445 1065 Sa-

163 1087 313 1169 εἰιιιε⁸
337 1086 474 1169 apud
520 1086 713 1169 JCtos:
746 1100 869 1169 cpite
899 1083 1046 1169 proin
1079 1098 1184 1136 vox
1224 1079 1564 1165 Tertulliano.
1600 1080 1756 1169 facile
1858 1079 2165 1163 cerdotibus
2192 1097 2488 1169 nupserant
2516 1089 2810 1169 potestatem
2835 1080 3159 1169 remittent“,
3187 1081 3289 1163 sed.
3309 1097 3445 1164 non-

166 1152 241 1212 ἐκ
274 1152 699 1227 Jurisprudentia
729 1152 874 1212 civili
900 1156 1107 1227 haerere
1130 1156 1484 1227 potuit;_nam
1520 1153 1755 1227 civilium
1857 1154 1957 1207 nisi
1988 1168 2134 1227 mere
2174 1153 2530 1206 declarativam
2567 1152 2675 1222 jam
2709 1153 2859 1207 laeta:
2885 1168 2915 1206 a
2946 1152 3057 1208 Ι)υο
3095 1152 3403 1206 remissionis
3428 1194 3443 1219 ,

166 1228 372 1312 Legum
416 1222 661 1312 apprime
699 1229 928 1312 p-eritunt
971 1222 1174 1312 fuisse,
1222 1225 1275 1279 in
1326 1222 1755 1312 Cpitomeﬂittc
1857 1224 2240 1312 assgrentibus.

166 1244 372 1298 Legum
416 1244 657 1352 apprime
699 1244 928 1299 peritum
971 1244 1174 1305 tutsse,
1222 1244 1275 1279 In
1328 1244 1755 1304 [DIMIDHIB'YIIJS
1857 1244 2240 1278 asserettttuus.
2901 1295 2911 1305 .
3109 1294 3120 1306 .

164 1298 431 1370 ejusdem.
493 1300 607 1354 thro
628 1300 690 1353 de
713 1298 1011 1370 Praescr.,a
1040 1296 1197 1370 nobis
1215 1296 1430 1364 prmlixa
1453 1293 1752 1349 docuimus.
1857 1294 2318 1370 __Descensurun_t.
2358 1294 2419 1349 Si
2448 1311 2560 1370 non
2604 1295 2772 1349 abiero
2818 1294 2936 1370 (att
2993 1294 3238 1370 Christus
3282 1293 3444 1370 ἶΙοαιι.

1857 1364 1999 1430 XVI,
2035 1381 2086 1418 ν.
2115 1369 2144 1419 7
2171 1366 2210 1437 ),
2262 1366 2567 1420 Paracletus
2613 1382 2714 1419 non
2771 1364 2930 1419 veniet
2984 1366 3052 1419 ad
3106 1381 3231 1419 vos:
3258 1366 3447 1437 siAau-

1859 1447 1955 1489 tem
1984 1435 2177 1495 abiero,
2204 1438 2396 1490 mittam
2426 1454 2542 1491 eum
2571 1438 2637 1490 ad
2666 1453 2768 1490 vos.
2804 1436 2921 1504 Quo
2965 1437 3290 1491 testimonio
3309 1435 3445 1490 Ter-

242 1367 560 1425 Conditione.
599 1370 706 1425 Seu
740 1368 1029 1425 secundum
1076 1366 1416 1421 intrinsecant
1458 1379 1606 1419 suam
1665 1379 1757 1418 na-

164 1450 380 1506 turam,
415 1451 533 1508 aut,
570 1451 629 1495 ut
679 1441 811 1495 alias
858 1440 1158 1509 loquimur,
1207 1436 1483 1490 secundum
1525 1434 1755 1509 substan-

167 1513 317 1582 tiam.
358 1510 486 1565 Erat
521 1506 655 1582 ergo
709 1506 1009 1582 Baptismus
1052 1509 1391 1582 ille_gta_nt_un_t
1440 1506 1752 1582 extrinsecc,

166 1581 373 1655 scilicet
402 1575 658 1655 quantum
688 1582 752 1655 ad
788 1575 1097 1637 inandatutn
1128 1578 1252 1633 illud
1286 1577 1400 1655 Dei,
1430 1593 1495 1655 ert
1524 1592 1631 1645 quo
1657 1575 1755 1630 fuit

165 1668 201 1706 a
254 1651 463 1707 Joanne
511 1651 915 1707 administratas
961 1669 973 1704 ε
1028 1667 1131 1705 non
1182 1664 1312 1704 vero
1364 1651 1668 1707 intrinsecc,
1702 1657 1756 1701 et

164 1732 427 1791 quantum
472 1723 537 1778 ad
565 1733 809 1778 naturam
855 1737 1039 1787 suam,
1073 1721 1307 1786 Divinus,
1336 1720 1430 1776 sed
1473 1720 1616 1773 omni
1650 1717 1757 1771 νίν·
1858 1717 1983 1774 dum
2012 1717 2073 1776 se
2109 1722 2159 1775 in
2196 1723 2482 1776 Ecclesium
2532 1720 2802 1776 effuderit.
2860 1722 2932 1775 Ex
2987 1736 3092 1789 quo
3128 1736 3230 1775 non
3290 1722 3442 1790 pauci

172 1803 310 1860 tute,
340 1793 441 1851 sibi
473 1793 656 1858 indita,
688 1792 994 1849 destitutus.
1530 1858 1539 1860 _
1668 1858 1676 1860 Α
1857 1792 2016 1846 etiam
2074 1808 2137 1847 ett
2194 1794 2391 1848 nostris
2440 1793 2796 1857 contendunt,
2872 1807 3043 1860 neque
3093 1791 3443 1859 Baptismum,

244 1858 553 1959 J’rtestabm;
577 1864 882 1959 Daptismtts
911 1880 1039 1959 ergp
1060 1861 1286 1959 Joitnnis
1311 1861 1508 1944 nullam
1529 1858 1756 1959 habebat
1785 1900 1833 1959 Β
1861 1878 1887 1915 a
1921 1863 2132 1945 Christo
2156 1865 2449 1959 institutum
2469 1907 2481 1930 ,
2502 1877 2649 1959 ‘ante
2678 1858 3066 1959 .Passionenétpe‘t‘
3094 1862 3445 1959 liesurrectio-

1861 1509 2106 1562 tullianus
2122 1510 2285 1563 utitur
2313 1510 2376 1562 ad
2408 1509 2759 1577 probandum,
2786 1508 3261 1577 qttodBaptismus
3287 1507 3447 1563 Joan-

1859 1580 1940 1632 nis
1969 1580 2189 1651 gratiam
2217 1576 2446 1651 Spiritus
2477 1580 2795 1651 nondum
2825 1576 3069 1651 conferre
3097 1580 3345 1647 potuerit,
3379 1594 3446 1632 eo

1859 1650 1997 1719 quod
2019 1649 2247 1719 Spiritus
2262 1649 2328 1705 'S.
2356 1661 2477 1705 ante
2502 1649 2697 1703 Christi
2730 1650 2964 1704 int-(elus
2994 1655 3283 1705 Ascensutn
3307 1667 3444 1704 non-

167 1935 463 2008 el'licaciam
488 1936 556 1991 ad
571 1931 766 2008 aliquid
784 1931 1170 2008 superamur-ale
1191 1934 1242 1987 in
1265 1933 1439 2008 anima
1458 1931 1754 2008 producent

165 2006 321 2072 dum,
335 2006 473 2062 sicut
494 2001 675 2063 tamen
685 2001 930 2062 Christus
946 2006 1208 2073 baptismo
1228 2019 1323 2059 suo
1335 2003 1438 2057 vim
1457 2001 1675 2058 inseruit
1691 2002 1758 2056 ad

166 2078 571 2149 producendam
611 2080 833 2149 gratiam
861 2075 1308 2149 sanctificantem,
1336 2085 1391 2130 et
1421 2084 1633 2149 peccata
1663 2088 1760 2142 per

164 2144 422 2205 eamdem
447 2144 728 2205 abolenda.
758 2150 902 2204 llauc
925 2147 1180 2218 Baptismi
1209 2146 1485 2218 utriusque
1499 2144 1727 2218 differ-en
1737 2174 1757 2185 -

169 2222 306 2274 tiam
337 2222 563 2290 ipsemet
588 2222 845 2285 JOannes,
873 2215 1035 2273 Marc.
1064 2219 1103 2284 I,
1122 2235 1173 2273 γ.
1202 2217 1255 2284 8,
1277 2215 1759 2290 Ittcnlenter_signi-

167 2286 386 2359 ﬁcavit',
441 2292 685 2360 inquiens
717 2309 731 2345 :
758 2290 869 2362 Ego
914 2291 1163 2360 baptizavi
1199 2305 1285 2343 vos
1313 2289 1483 2358 Aqua,
1523 2286 1612 2341 ille
1643 2300 1759 2340 vero

166 2363 452 2431 baptizabit
476 2378 562 2417 vos
587 2377 794 2418 srnu'ru
820 2377 1043 2418 sanc'ro.

250 2433 711 2488 Prtemiaistrabat.
743 2432 892 2489 Sicut
936 2435 1078 2488 enim
1121 2433 1234 2501 ipse
1273 2430 1504 2486 Joannes
1556 2438 1758 2483 tantum

172 2515 299 2559 erat
318 2505 624 2560 Prmcursor
651 2504 878 2568 Domini,
896 2520 1193 2575 prazparans
1212 2504 1447 2575 nimirum
1468 2503 1599 2554 viam
1627 2502 1756 2568 ejus.

171 2575 350 2629 Marc.
382 2575 423 2642 Ι,
453 2575 507 2639 2,
537 2576 605 2630 ita
634 2577 791 2631 etiam
822 2572 1122 2645 Baptisinus
1153 2572 1372 2645 Joannis
1410 2582 1612 2625 tantum
1644 2581 1760 2645 erat

171 2646 498 2715 prodromus
518 2647 729 2718 quidam
758 2642 1008 2715 Bapti'smi
1024 2643 1249 2718 Christi,
1265 2644 1409 2718 velut
1428 2645 1493 2697 ad
1510 2642 1757 2698 eumdem

174 2733 281 2786 per
309 2716 566 2772 excitatos
587 2727 736 2773 actus
762 2716 1086 2786 paenitentiae
1108 2732 1135 2769 a
1161 2716 1393 2785 pet-catis
1430 2729 1677 2779 avocans,
1694 2722 1761 2786 _et

172 2784 248 2841 ad
270 2788 545 2844 meliorem
567 2790 727 2843 vitam
750 2784 1060 2858 disponens,
1085 2784 1190 2841 non
1214 2789 1379 2858 ipsam
1398 2787 1558 2839 vitam
1580 2784 1762 2858 confc-

172 2874 328 2912 rens.
362 2859 434 2913 Ita
456 2859 597 2915 enim
624 2855 927 2915 Author'ﬂ
950 2860 1017 2911 ad
1037 2859 1309 2912 orthodox.
1347 2857 1594 2926 Respons.
1618 2857 1686 2908 ad
1702 2855 1757 2919 9.,

175 2927 452 2997 XXXVII,
475 2931 547 2984 ait
571 2929 891 2997 :Baptismus
910 2929 1129 2983 Joannis
1150 2931 1447 2997 prooemium
1478 2928 1571 2997 fuit
1602 2926 1764 2980 Evan-

213 3000 303 3053 elii
358 3000 549 3071 gratim.
584 3001 651 3056 Et
684 3003 742 3055 S.
782 2999 958 3071 _Basi|.
1031 2998 1189 3057 Horn.
1220 2999 1317 3071 Π),
1354 2999 1417 3053 de
1446 2998 1663 3071 Exhort.
1693 2998 1763 3050 ad

227 3068 523 3139 aptisinum,
550 3071 719 3143 inquit
738 3089 750 3125 :
770 3069 1095 3125 [uitiatarum
1110 3081 1217 3143 erat
1231 3069 1447 3123 Joannis
1463 3068 1724 3143 Baptisma
1742 3085 1761 3143 ς

172 3143 321 3196 istud
348 3158 461 3196 vero
479 3139 831 3213 perfectorum.
859 3143 930 3196 Ac
954 3152 1154 3210 peccato
1180 3141 1309 3194 illud
1330 3141 1570 3194 avocabat
1592 3154 1613 3192 :r
1629 3139 1761 3192 istud

177 3230 302 3287 curn
331 3228 434 3269 nso
460 3215 741 3287 conjungit,
768 3222 816 3267 et
838 3214 1145 3287 familiarem
1170 3213 1356 3267 reddit.

1863 1951 2009 2000 nent,
2058 1935 2165 1987 imo
2216 1946 2268 1990 et
2321 1937 2438 2005 ejus
2484 1936 2857 1997 Ascensionem,
2918 1933 3217 2005 efﬁcaciam
3256 1932 3442 1989 confe-

1863 2006 2043 2059 rentlr
2069 2008 2251 2074 gratia:
2277 2003 2792 2065 obtinuissc.VerUtn
2823 2006 2925 2060 hac
2945 2005 3011 2060 dc
3030 2018 3088 2059 re
3114 2003 3288 2074 potius
3311 2005 3442 2075 Cap.

1862 2092 1966 2144 seq.

1938 2147 2020 2201 Ne
2040 2149 2217 2202 auditu
2231 2150 2428 2219 quidem
2449 2161 2705 2205 noverant.
2726 2149 2836 2203 Act.
2852 2147 3065 2214 XIX,2,
3090 2158 3133 2201 et
3155 2164 3289 2219 seqq.
3316 2148 3448 2201 Pau-

1863 2218 1946 2273 lus
1968 2220 2031 2272 ad
2062 2218 2348 2285 discipulos
2366 2237 2490 2278 suos
2509 2224 2583 2277 ait
2602 2242 2614 2274 :
2633 2223 2691 2277 Si
2714 2236 2957 2275 sptnrruu
2975 2220 3036 2275 S.
3051 2219 3313 2289 accepistis
3333 2235 3442 2271 cre-

1863 2291 2078 2344 dentes?
2107 2292 2169 2344 At
2202 2292 2277 2344 illi
2299 2294 2530 2346 dixerunt
2553 2296 2621 2345 ad
2654 2310 2764 2347 eum
2789 2308 2807 2345 :
2834 2292 2939 2345 Sed
2966 2307 3122 2359 neque
3146 2291 3189 2343 si
3218 2289 3448 2359 Spiritus

1864 2362 2089 2415 Sanctus
2117 2374 2207 2427 est,
2236 2364 2535 2433 audivimus.
2569 2363 2665 2418 Ille
2692 2380 2802 2417 vero
2830 2365 2899 2433 ait
2926 2378 2942 2415 :
2977 2360 3042 2414 In
3066 2376 3164 2433 quo
3181 2377 3298 2433 ergo
3320 2362 3446 2425 bap-

1864 2434 2006 2485 tiznti
2050 2433 2207 2486 estis?
2260 2432 2360 2499 Qui
2407 2434 2639 2489 dixerunt
2678 2451 2696 2488 :
2742 2433 2807 2487 In
2841 2431 3059 2487 Joannis
3109 2430 3441 2501 Baptismatc.

1865 2503 2005 2555 Dixit
2027 2514 2195 2556 autem
2224 2503 2419 2558 Paulus
2447 2521 2465 2559 :
2493 2506 2719 2559 Joannes
2746 2505 3016 2575 baptizavit
3045 2502 3445 2575 Baptismum:-

1865 2575 2087 2646 nitentiaa
2112 2576 2377 2645 populum,
2400 2584 2506 2632 etc.
2538 2578 2613 2632 Ex
2644 2577 2835 2646 quibus
2870 2576 3021 2631 facile
3047 2575 3288 2635 infertur.
3314 2574 3449 2642 Bap-

1868 2645 2081 2699 tismum
2109 2645 2328 2701 Joannis
2356 2662 2461 2701 non
2501 2645 2750 2703 collatum
2799 2649 2959 2702 fuisse
3007 2648 3057 2701 in
3119 2646 3333 2701 nomine
3386 2648 3444 2700 ὃ.

1863 2715 2214 2780 ΤηιΝιτΑτιδς
2245 2719 2375 2771 alias
2396 2720 2536 2772 enim
2565 2719 2823 2774 SPlttl'l'Ult
2855 2720 2905 2772 S.
2945 2719 3189 2787 ignorare
3217 2732 3321 2772 non
3355 2734 3445 2788 po-

1865 2789 2125 2853 tuisscnt,
2166 2799 2348 2859 utpote
2380 2790 2429 2841 in
2456 2806 2612 2859 quem
2653 2802 2806 2843 antea
2833 2789 3054 2843 credere
3097 2788 3444 2852 debuissent,

1868 2868 2114 2929 tanquam
2148 2875 2239 2928 per
2267 2860 2416 2929 cujus
2436 2863 2661 2930 gratiam
2688 2860 2935 2915 remissio
2962 2867 3302 2928 peccatorum
3332 2860 3445 2912 Iict'i

1864 2930 2110 2993 debebat,
2142 2940 2195 2984 et
2222 2933 2411 2985 anitnze
2439 2934 2790 2986 s:tttclili(‘.:tli0
2816 2931 3064 2986 cintl'erri.
3102 2930 3268 2985 Erant
3292 2930 3449 3000 igitur

1868 3002 1918 3074 l_ti
1959 3016 2025 3074 ex
2073 3001 2270 3074 Judaeis
2300 3002 2555 3070 Ephesiis,
2590 3005 2677 3074 qui
2724 3019 2752 3057 a
2798 3001 3002 3056 Joanne
3044 3001 3329 3074 aliquando
3394 3004 3445 3056 in

1864 3072 2097 3127 Jordane
2139 3073 2383 3141 baptizati
2428 3072 2671 3138 fuerant,
2722 3075 3029 3141 intereaque
3059 3072 3317 3143 Ephesum
3354 3088 3448 3143 rc-

1866 3145 2029 3208 versi,
2050 3145 2200 3215 nihil,
2217 3156 2497 3215 antequam
2519 3144 2714 3198 Paulus
2737 3147 2860 3199 illuc
2892 3142 3241 3212 perveniSset,
3258 3143 3325 3200 de
3340 3142 3446 3197 Ba-

1867 3216 2047 3284 ptismo
2074 3213 2262 3269 Christi
2286 3259 2299 3281 ,
2334 3213 2586 3270 hactenus
2614 3216 2680 3270 ab
2707 3215 2976 3281 Apostolis
3014 3215 3243 3285 collato,
3275 3230 3449 3285 neque

260 3282 563 3352 Poteslate;
597 3282 690 3340 seu
745 3282 987 3351 libertate,
1036 3284 1241 3339 scilicet
1284 3298 1377 3354 per
1406 3284 1539 3338 vites
1574 3282 1760 3353 gratiae
1786 3290 1831 3354 ρ
1865 3282 1931 3340 de
1962 3286 2275 3352 impositione
2302 3304 2539 3340 manuum
2561 3330 2575 3350 ,
2608 3302 2700 3342 seu
2731 3288 3061 3341 Sacramenta
3086 3282 3448 3353 Conﬁrmatio-

176 3355 384 3411 adiuta.

249 3373 568 3498 Εἰλεεηῐεει
604 3427 745 3482 enim
778 3426 957 3498 Fides,
986 3433 1044 3481 ut
1088 3424 1291 3498 concil.
1326 3424 1566 3498 Trident.
1618 3424 1759 3498 Sess.

179 3496 276 3563 Vl,
309 3495 384 3551 ’ἀρ
432 3495 681 3567 Justiﬁc,
718 3513 832 3567 cap.
890 3496 1085 3563 docet,
1140 3496 1418 3567 dispositio
1478 3496 1758 3567 quaedam,

177 3568 357 3637 ipsam
409 3565 788 3637 paenitentiam
822 3570 1128 3622 necessario
1180 3565 1536 3631 antecedens,
1586 3575 1641 3619 ut
1688 3565 1761 3619 ibi

177 3641 362 3694 latius.
392 3637 522 3695 Cum
553 3654 681 3706 ergo
707 3638 835 3695 Luc.
870 3638 980 3704 VII,
1016 3655 1067 3693 ν.
1091 3638 1183 3705 29,
1218 3637 1394 3691 Omnis
1424 3638 1639 3707 populus
1666 3653 1764 3687 au-

178 3712 332 3781 diens
358 3752 372 3773 ,
406 3720 453 3765 et
498 3710 757 3781 publicani
796 3711 1208 3781 justiﬁcaverunl
1250 3709 1416 3763 Dennt
1449 3707 1762 3781 (credentes

179 3780 436 3836 nimirum
494 3781 757 3848 Christo,
800 3780 1031 3836 Joannis
1092 3782 1245 3837 d0tes
1319 3790 1423 3833 tam
1490 3780 1766 3849 insigniter

176 3852 616 3919 commendanti)
662 3853 905 3921 baptizati
946 3851 1212 3922 Baptismo
1252 3850 1490 3905 Joannis.
1533 3851 1598 3904 Et
1643 3863 1766 3922 mou

179 3922 361 3994 pergit
404 3919 738 3994 Evangelista
780 3940 795 3978 :
850 3919 1101 3977 Pharistei
1146 3932 1309 3975 autem
1365 3932 1409 3994 et
1465 3919 1767 3994 Legispcriti

176 3989 456 4049 coniilium
495 3989 593 4046 Dii
635 4004 925 4062 spreverunt
960 3995 1013 4047 in
1042 3994 1334 4063 semetipsos
1362 3989 1643 4062 (increduli
1689 3989 1769 4063 ni-

181 4066 386 4119 mirum
414 4060 1006 4134 ιιοεὶηιιί,Βξψιὶδηὶιιηι
1054 4060 1382 4133 paenitentiae
1428 4060 1765 4133 pt‘aidicanti,

175 4144 239 4190 et
268 4136 365 4205 ipsi
417 4132 631 4190 Christo
674 4132 921 4191 eumdem
968 4132 1074 4189 tam
1118 4135 1405 4191 cllicaciter
1434 4132 1767 4201 suadenti),

177 4222 289 4277 non
334 4205 572 4277 baptizati
593 4218 708 4260 sunt
738 4207 899 4273 abeo,
933 4222 1105 4276 neque
1147 4207 1289 4276 digni
1339 4206 1438 4261 hoc
1470 4206 1772 4277 poenitentia:

179 4275 478 4347 Baptismo,
512 4280 761 4347 quoniam
813 4277 962 4346 Fide,
989 4275 1095 4331 tam
1135 4275 1480 4348 pertinaciter
1522 4275 1772 4331 nimirum

179 4349 425 4416 repulsa,
448 4348 710 4403 destituti.

265 4418 585 4472 Humanum.
614 4418 720 4474 Seu
763 4432 851 4472 res
889 4417 957 4471 ah
991 4418 1210 4473 arbitrio
1251 4418 1511 4485 hominis,
1554 4417 1775 4487 ejusque

182 4491 373 4559 liberis
397 4492 603 4545 actibus
630 4490 931 4546 necessario
953 4488 1281 4559 dependens.

265 4558 483 4615 Necesse
529 4571 621 4616 est.
666 4560 872 4630 Pariter
919 4563 1121 4617 scilicet
1175 4566 1463 4629 humanus,
1516 4568 1572 4613 nt
1615 4575 1773 4630 supra

180 4631 354 4704 dixit.
378 4630 507 4704 Vide
537 4630 663 4685 Not.
694 4629 1013 4687 Conditione.
1064 4632 1364 4704 Baptismus
1392 4647 1519 4703 ergo
1555 4629 1775 4704 Joannis

185 4702 403 4757 nonnisi
432 4702 497 4757 ad
526 4705 890 4772 paenitentiam
935 4702 1200 4757 excitabat
1224 4745 1238 4769 ,
1267 4706 1450 4773 gratia:
1487 4704 1679 4757 auxilia
1709 4702 1774 4757 ad

182 4774 434 4845 eamdem
466 4774 760 4830 necessaria
790 4774 1081 4845 largiendo,
1111 4790 1214 4829 non
1261 4778 1370 4843 ipsa
1411 4783 1626 4845 peccata
1679 4774 1773 4829 de-

185 4844 356 4898 Icndo
385 4861 398 4896 :
430 4854 611 4915 utpote
640 4847 779 4916 quod
826 4844 918 4914 per
961 4856 1136 4899 actum
1169 4844 1419 4915 perfectae
1450 4845 1777 4915 poenitentiae

184 4931 288 4989 Seu
330 4917 683 4981 enutritionis,
716 4925 966 4987 tanquam
997 4933 1128 4989 opus
1156 4917 1321 4987 ipsius
1348 4917 1620 4988 operantis,
1654 4933 1775 4986 pera

189 4986 284 5041 tici
316 5002 534 5041 necesse
568 4998 707 5042 erat.

270 5057 332 5109 Si
352 5058 578 5130 caelestis
615 5062 809 5129 fuisset.
845 5058 993 5113 Sicut
1032 5058 1333 5130 Baptismus
1365 5061 1530 5129 ipsam
1562 5060 1779 5130 gratiam

187 5128 596 5194 sanctiﬁcantem
618 5128 678 5183 et
702 5130 1043 5183 remissionem
1066 5128 1403 5200 peccatorum,
1439 5128 1617 5184 Divina
1650 5128 1780 5183 sili-

192 5214 307 5267 que
357 5201 643 5271 intrinseca
686 5201 913 5262 virtute.
942 5217 1036 5255 seu
1060 5242 1073 5265 ,
1107 5211 1163 5255 ut
1210 5202 1498 5271 loquimur,
1522 5217 1590 5254 ex
1631 5216 1780 5271 apere

192 5279 431 5338 aperato,
462 5268 789 5333 conferebat,
814 5281 870 5324 ut
891 5270 997 5339 jam
1029 5272 1161 5325 alias
1189 5268 1442 5327 diximus.

277 5339 413 5394 Deus
436 5342 595 5414 solus.
613 5343 784 5414 Atque
802 5342 850 5395 id
868 5343 1080 5411 quidem
1099 5344 1497 5414 intelligendum
1519 5353 1601 5398 est
1622 5343 1687 5399 de
1702 5362 1784 5414 po-

191 5420 381 5465 testate
404 5412 675 5482 principali
698 5422 751 5468 et
766 5414 1145 5468 authoritativa.
1162 5412 1424 5469 ueterum
1448 5426 1624 5469 autem
1651 5412 1785 5471 hanc

194 5484 365 5556 etiarn
396 5483 718 5556 hominibus,
748 5487 890 5538 velut
912 5486 1274 5551 instrumentis,
1310 5502 1398 5556 per
1417 5503 1540 5555 quos
1570 5496 1785 5556 peccata

193 5554 407 5607 stantine
435 5554 619 5626 Christi
646 5556 996 5620 dimittantur,
1020 5567 1073 5611 et
1101 5554 1327 5626 Spiritus
1361 5557 1419 5612 S.
1462 5554 1783 5622 conferatur,

192 5625 703 5698 communicahilem
736 5641 877 5690 esse,
908 5629 1083 5697 itaque
1114 5625 1273 5683 etiam
1304 5643 1334 5681 a
1369 5627 1585 5683 Christo
1641 5632 1787 5698 Apo-

191 5694 375 5769 gtolis,
412 5697 830 5769 eorumdcmque
868 5694 1267 5753 successmibus
1298 5698 1595 5769 Episcopis,
1619 5708 1674 5754 et
1696 5694 1792 5767 per

191 5765 682 5838 ltos_Preshyteris,
707 5765 1156 5824 communicatam
1197 5765 1377 5836 fuisse,
1410 5786 1477 5825 ex
1497 5765 1640 5824 'Joan
1672 5765 1791 5835 XX,

194 5852 259 5911 ἶ.
291 5835 384 5911 22,
415 5848 460 5892 et
476 5835 593 5911 seq.
641 5848 892 5907 constat,
920 5839 1010 5894 ubi
1047 5841 1291 5911 Christus
1322 5841 1595 5911 Apostolus
1626 5842 1795 5896 insuf-

201 5908 350 5964 ﬂavit
378 5922 429 5966 et
456 5908 586 5967 dixit
611 5927 626 5965 :
649 5912 877 5985 Accipite
905 5912 1159 5983 Spiritum
1185 5910 1247 5971 S.
1276 5908 1502 5979 Quorum
1541 5914 1799 5971 remiseri-

1866 3358 1966 3421 nis,
2000 3358 2140 3428 quod
2179 3366 2303 3411 tunc
2337 3360 2601 3424 Baptisrno
2634 3374 2756 3412 mox
2802 3356 3235 3428 sultjungcbatttr,
3269 3357 3447 3410 donis-

1906 3444 1968 3480 nc
1997 3427 2224 3497 Spiritus
2268 3430 2322 3482 S.
2372 3431 2494 3483 illud
2525 3427 2933 3493 comitantibus,
2976 3427 3248 3497 quidpiam
3298 3428 3447 3481 inau-

1906 3500 2092 3569 ierant.
2126 3499 2189 3551 Et
2230 3514 2358 3554 vero
2388 3500 2583 3553 Paulus
2610 3501 2827 3554 minime
2856 3500 3091 3569 putabat,
3126 3499 3255 3567 ipsis
3280 3497 3441 3569 sulfu-

1866 3570 2003 3622 cisse
2060 3567 2384 3637 Baptismum
2431 3569 2687 3637 Joannis,
2749 3584 2815 3623 eo
2861 3567 3005 3637 quod
3062 3584 3156 3638 per
3215 3568 3445 3623 eundem

1842 3639 2101 3692 'nondum
2130 3638 2314 3693 Christi
2348 3641 2588 3696 Ecclesia:
2630 3642 2819 3695 initiati
2850 3639 3095 3695 fuissent.
3126 3638 3305 3707 Quare
3350 3639 3447 3692 lor.

1867 3710 1953 3763 cit.
1987 3726 2035 3764 ν.
2070 3711 2262 3783 Set‘ﬁ.
2292 3713 2627 3783 subjungitur
2657 3729 2670 3766 :
2704 3712 2802 3766 llis
2838 3710 3024 3764 auditis
3048 3711 3289 3783 baptizati
3331 3720 3452 3765 sunt

1868 3782 1921 3852 in
1942 3782 2144 3835 nomine
2166 3781 2370 3837 Domini
2396 3782 2426 3834 J
2435 3800 2539 3837 esu.
2568 3784 2635 3837 Et
2655 3801 2767 3838 cum
2797 3781 3120 3852 imposuisset
3141 3784 3248 3837 illis
3270 3798 3451 3837 manus

1870 3850 2099 3925 Paulus,
2132 3854 2260 3905 venit
2302 3870 2538 3910 SPIBITUS
2583 3856 2643 3909 S.
2692 3871 2845 3925 super
2870 3850 2966 3908 eos
2990 3894 3005 3917 ,
3037 3866 3085 3908 et
3123 3855 3453 3925 loquebantur

1870 3922 2079 3995 linguis,
2111 3933 2155 3995 et
2184 3925 2569 3993 prophetabant.
2600 3925 2736 3980 Vide
2758 3922 2938 3995 igitur
2962 3939 3121 3994 quam
3163 3922 3329 3979 multo
3367 3925 3452 3977 in-

1871 3992 2075 4065 ﬁrmior
2117 3992 2273 4049 fuerit
2303 3995 2607 4064 Baptismus
2635 3992 2852 4051 Joannis
2880 3992 2994 4065 prae
3032 3996 3200 4050 altero
3228 3994 3448 4050 Christi.

1945 4064 2169 4137 Spiritus
2209 4067 2505 4135 prophetia.
2547 4068 2811 4137 Propheta
2859 4064 3002 4121 enim
3043 4077 3161 4122 erat
3200 4066 3453 4130 Joannes,

1875 4135 1982 4208 imo
2014 4135 2174 4208 (quod
2200 4137 2445 4192 Christus
2474 4135 2667 4193 Matth.
2704 4137 2797 4204 XI,
2818 4154 2881 4208 v.7
2901 4138 2955 4205 9,
2988 4138 3053 4191 ad
3094 4138 3275 4192 turbas
3300 4137 3458 4203 dixit)

1875 4207 2140 4276 plusquam
2176 4207 2451 4276 Propheta.
2484 4210 2619 4267 Vide
2661 4222 2709 4265 et
2741 4227 2787 4263 ο.
2819 4207 2940 4263 XXI
2968 4252 2982 4273 ,
3012 4224 3064 4261 ν.
3099 4208 3190 4264 26.
3224 4208 3463 4275 Prophe-

1877 4277 2021 4351 tabat
2047 4279 2188 4333 enim
2213 4321 2227 4343 ,
2258 4295 2363 4333 non
2394 4291 2449 4335 nt
2485 4282 2790 4351 antiquiilli
2818 4280 3090 4335 Christum
3136 4280 3223 4333 diu
3252 4288 3458 4349 postea,

1875 4348 2113 4419 sedimox
2140 4359 2260 4419 post
2284 4364 2343 4405 se
2373 4348 2670 4406 venturum.

1950 4418 2369 4476 Translationem.
2397 4422 2611 4476 Scilicet
2649 4421 2863 4493 quando
2891 4420 3135 4493 Christus
3160 4462 3174 4485 ,
3197 4436 3227 4478 a
3256 4419 3465 4476 Joanne

1877 4490 2176 4559 baptizatus
2195 4536 2210 4557 ,
2232 4494 2354 4546 vidit
2403 4490 2787 4563 Spiritum'Dei
2817 4492 3201 4559 descendentem
3223 4494 3351 4563 sicut
3378 4510 3465 4546 co-

1877 4562 2139 4635 lumbam,
2170 4575 2215 4617 et
2262 4562 2535 4635 venientem
2561 4583 2713 4635 super
2740 4582 2810 4632 se,
2840 4564 3025 4619 Matth.
3050 4563 3115 4619 III
3136 4606 3151 4631 ,
3180 4580 3234 4619 ν.
3265 4562 3353 4635 16.

1951 4632 2295 4690 Sciscitatum.
2328 4634 2587 4690 Nimirum
2621 4632 2806 4691 Matth.
2841 4635 2941 4699 XI,
2973 4650 3024 4690 ν.
3053 4636 3108 4701 3,
3136 4650 3255 4689 cum
3298 4634 3466 4689 Joan-
3516 4656 3519 4657 ν

1798 4679 1853 4740 D
1880 4679 1986 4759 ne;
2002 4704 2066 4776 ad
2099 4679 2595 4761 Christum-inille;
2621 4679 3469 4776 ἶὶἱίὀῖὶιῖἏίεὶᾶρῖἀεῗὲὶὶεὶῗἕει

1878 4777 1955 4828 illi
1983 4794 1994 4829 :
2026 4774 2099 4828 'l'u
2127 4793 2200 4840 es,
2232 4778 2318 4846 qui
2347 4788 2581 4832 venturus
2608 4795 2680 4843 es,
2709 4796 2774 4832 an
2804 4779 2961 4832 alium
2994 4774 3313 4846 expectamus
3336 4778 3361 4831 .9
3387 4778 3465 4831 IS!

1883 4847 1983 4900 hoc
2007 4856 2183 4899 autem
2215 4848 2437 4902 credidit
2454 4849 2835 4913 Tertullianus,
2857 4849 3115 4903 Joannem
3141 4848 3208 4902 de
3227 4846 3464 4915 Christo,

1880 4932 2036 4987 quem
2069 4915 2308 4973 Messium
2336 4930 2597 4974 venturum
2630 4923 2784 4975 toties
2816 4929 3029 4988 tamque
3064 4927 3249 4989 aperte
3280 4920 3476 4988 prmdi-

1882 4998 2117 5051 caverat,
2162 4998 2366 5059 postea,
2414 4990 2629 5045 Christo
2686 4994 2802 5060 ipso
2862 5005 3016 5045 suum
3072 4990 3470 5060 prmtiicati0ttis

1880 5074 2078 5113 munus
2104 5062 2336 5116 obeunte
2361 5104 2375 5127 ,
2405 5061 2472 5116 de
2518 5062 2706 5116 eodem
2728 5102 2743 5128 ,
2770 5076 2836 5115 an
2870 5077 3026 5115 verus
3054 5059 3197 5115 esset
3225 5059 3470 5123 Messias,

1882 5130 2128 5201 dithitare
2159 5133 2462 5201 incepisse,
2500 5144 2557 5186 ut
2607 5132 2745 5187 idem
2795 5131 2987 5186 Noster
3013 5130 3079 5185 L.
3123 5131 3186 5184 de
3225 5129 3472 5201 Pratum,

1882 5199 2010 5269 Cap.
2045 5201 2179 5269 VIII,
2227 5199 2355 5258 satis
2402 5204 2596 5272 prodit,
2626 5214 2681 5257 ct
2721 5204 2772 5256 in
2812 5203 2875 5257 L.
2920 5202 3006 5268 IV,
3043 5202 3240 5255 advers.
3276 5200 3470 5272 illam,

1884 5290 1931 5325 c.
1988 5272 2076 5345 18,
2119 5274 2292 5328 adhuc
2346 5271 2581 5345 apertius
2628 5285 2679 5328 et
2708 5344 2711 5345 ν
2743 5274 2998 5343 prolixius
3044 5272 3326 5343 signiﬁcat,
3385 5271 3474 5325 ubi

1887 5345 1938 5397 in
1976 5343 2105 5415 (haec
2155 5348 2318 5400 verba
2373 5343 2441 5399 ait
2472 5364 2485 5399 :
2518 5345 2645 5415 Ipso
2691 5344 2913 5399 Domino
2960 5346 3204 5397 virtutum
3247 5358 3479 5397 sermons

1885 5424 1932 5468 et
1962 5414 2161 5483 Spiritu
2192 5415 2362 5470 Patris
2389 5414 2629 5487 aperante
2657 5419 2709 5470 in
2738 5416 2905 5484 terris,
2954 5423 3002 5470 et
3028 5416 3356 5486 prtedicaute,
3388 5430 3477 5469 ne-

1887 5502 2021 5540 cesse
2060 5496 2167 5541 erat
2212 5488 2493 5558 portionem
2535 5488 2761 5555 Spiritus
2803 5488 3020 5552 Sancti,
3049 5501 3163 5556 ante
3199 5501 3263 5538 ea:
3310 5488 3477 5558 [arma

1892 5560 2172 5630 prophetici
2204 5557 2394 5611 moduli
2424 5559 2475 5612 in
2503 5560 2706 5615 Joanne
2731 5568 2899 5630 egerat
2931 5565 3336 5630 prwparaturant
3367 5557 3477 5630 ria-

1891 5644 2005 5681 runt
2031 5627 2418 5701 Dentirticurunt
2442 5673 2454 5692 ,
2486 5627 2777 5701 abscedere
2779 5631 2894 5701 jam
2932 5627 3000 5682 ab
3030 5627 3267 5701 Joanne,
3293 5627 3480 5701 reduc.

1896 5708 1997 5751 tant
2027 5699 2373 5771 (revocatum)
2395 5702 2581 5756 scilicet
2627 5702 2681 5754 in
2709 5698 3002 5765 Dominum,
3031 5709 3084 5753 ut
3119 5700 3172 5752 in
3208 5698 3479 5771 massulem

1896 5770 2043 5825 suam
2062 5790 2306 5843 summam
2339 5773 2414 5843 (in
2445 5788 2550 5842 quo
2580 5774 2966 5843 nitnirumitota
3006 5784 3180 5825 massa
3219 5780 3271 5825 et
3314 5770 3482 5843 pleni-

1902 5843 2028 5897 tudo
2056 5842 2252 5898 Gratire
2282 5840 2593 5913 residebat).
2623 5840 2805 5909 Itaque
2822 5842 3050 5898 Joannes
3070 5841 3347 5913 communis
3366 5840 3482 5913 jam

1906 5914 2055 5971 homo
2073 5914 2218 5985 (quia
2228 5915 2337 5987 jam
2352 5930 2381 5969 a
2394 5911 2584 5986 spiritu
2600 5914 2911 5988 prophetico
2932 5913 3035 5972 sibi
3059 5913 3161 5984 ipsi
3181 5911 3423 5983 relictus)
3436 5917 3490 5966 et
