4202 6496
745 389 888 448 1175

2151 379 2538 440 TERTULLIA
2546 379 2614 435 NI

3898 374 4035 433 1176

744 514 876 570 unus
897 498 1009 570 jam
1022 495 1374 570 deturba,_etc.
1404 493 1674 570 Hactenus
1698 503 1754 552 et
1768 506 1927 566 porro
1949 491 2328 570 'Ijertullianus.
2359 494 2414 556 Α
2437 506 2610 570 eoque
2636 490 2692 570 id
2715 506 2745 548 a
2766 489 2979 570 Christo
3008 491 3227 570 minime
3255 497 3579 570 praeceptum
3602 489 3788 570 fuisse,
3804 504 3866 548 ac
3880 493 4034 562 proin

818 565 1018 626 Verum
1049 568 1374 638 probabilius
1415 568 1504 623 alii
1528 577 1583 624 et
1626 567 1847 638 Patrum
1892 574 1946 638 et
1979 565 2334 638 Interpretum

743 635 1071 706 existimant,
1100 639 1360 696 Joannem
1390 654 1658 710 nunquam
1695 637 1762 693 de
1789 635 2334 710 Christodubitasse,

744 711 841 766 sed
868 705 1160 780 discipulos
1189 724 1314 765 suos
1338 751 1352 773 ,
1384 705 1531 780 quos'
1562 710 1630 766 de
1674 707 1948 764 miraculis
1976 705 2205 780 Christi
2235 707 2337 762 sibi

744 776 1074 847 nuntiantes,
1106 780 1334 837 fortasse
1360 776 1538 836 tamen
1551 781 1620 837 de
1638 780 1924 836 Divinitate
1940 778 2056 848 ejus
2084 776 2335 834 dubitan-

745 864 830 910 tes
853 855 1130 910 invenerat
1153 893 1168 916 ,
1196 853 1262 907 ad
1306 851 1580 908 Christum
1625 851 1856 912 misisse.
1887 851 2334 920 interrogaturos;

742 925 906 981 utsic
925 939 991 980 ex
1017 924 1132 994 ejus
1161 924 1445 995 prmsentia
1469 964 1484 983 .
1527 932 1581 979 et
1608 921 1878 978 miraculis
1903 935 2094 995 coram
2117 921 2337 995 patratis

740 995 810 1051 de
829 996 945 1065 ejus
975 990 1257 1050 Divinit'atc
1305 995 1461 1065 plane
1499 995 1965 1065 convincerentur.
1999 990 2132 1047 Vide
2173 993 2336 1065 etiam

738 1065 796 1122 S.
831 1064 1084 1123 Ambros.
1113 1067 1167 1122 in
1205 1064 1330 1120 an.
1358 1064 1490 1135 Cap.
1524 1064 1636 1128 VII,
1667 1065 1753 1120 ubi
1787 1072 2041 1132 prasterea
2081 1064 2337 1135 mysticas

739 1145 794 1192 et
819 1138 1132 1207 allegoricas
1160 1138 1414 1191 missionis
1436 1133 1582 1191 illius
1607 1135 2025 1207 significationes
2050 1133 2228 1207 affert.

813 1203 1131 1263 Candidatus
1155 1208 1477 1263 remissionis.
1494 1208 1598 1274 Qui
1624 1203 1765 1274 apud
1791 1205 2064 1260 Romanos
2089 1203 2155 1259 ad
2178 1203 2339 1259 hono-

737 1292 830 1361 res
859 1279 1101 1362 publicos
1118 1278 1442 1362 aspirahant,
1469 1288 1524 1334 et
1552 1279 1605 1334 in
1643 1274 1886 1362 Comitiis
1906 1276 2140 1362 singulas
2161 1274 2337 1362 tribus

736 1346 1067 1414 circuibant,
1100 1349 1351 1420 suffragia
1403 1364 1499 1420 pro
1528 1363 1587 1405 se
1630 1355 1939 1420 exoran_t_es,
1971 1346 2336 1420 candidatur:

735 1421 960 1476 candida
1004 1436 1098 1476 sua
1127 1415 1294 1484 veste:
1346 1415 1774 1491 appellabantur.
1823 1417 1985 1491 Unde,
2020 1415 2246 1491 Tertull.
2281 1418 2334 1472 in

742 1491 802 1548 ι..
848 1493 910 1548 de
965 1491 1100 1546 Idol.
1129 1532 1143 1553 .
1182 1509 1229 1546 c.
1275 1488 1393 1556 18,
1420 1488 1497 1562 ait
1538 1509 1552 1545 :
1599 1491 1697 1558 Qui
1745 1489 2094 1562 familiaritate
2137 1488 2337 1562 Regum

736 1564 1041 1629 utebantur,
1102 1562 1389 1630 l’urpurati
1419 1561 1621 1633 Regum
1661 1559 1986 1633 vocabantur,
2023 1560 2153 1613 sicut
2197 1559 2337 1633 apud

736 1651 832 1689 nos
880 1651 912 1689 a
946 1645 1075 1707 toga
1120 1628 1349 1707 candida
1388 1628 1682 1707 Candidati.
1718 1631 1946 1707 Extendi
1999 1628 2335 1707 postmodum

735 1707 901 1776 cmpit
945 1701 1059 1762 huic
1105 1705 1390 1776 appellatio
1419 1705 1576 1760 latius
1600 1745 1615 1776 ,
1644 1719 1749 1760 non
1791 1702 1862 1776 ob
1886 1702 2049 1776 vestis
2070 1701 2332 1776 quidem,

735 1773 840 1832 sed
864 1777 1101 1833 muneris
1129 1773 1558 1831 Similitudinem.
1591 1775 1681 1831 Sic
1719 1774 1863 1829 enim
1889 1813 1902 1836 ,
1934 1774 2022 1843 qui
2069 1773 2334 1843 Principis

734 1848 995 1917 epistolas
1021 1856 1075 1904 et
1102 1846 1315 1903 decreta
1350 1848 1400 1902 in
1433 1857 1620 1902 senatu
1647 1841 1964 1917 recitabant,
1991 1844 2174 1917 itidem
2196 1841 2332 1899 Can-

735 1915 903 1974 didati
927 1919 1358 1986 appellabantur;
1385 1919 1509 1989 quia
1542 1933 1637 1987 per
1664 1915 1767 1971 hoc
1809 1930 2003 1989 munus
2047 1915 2180 1984 ipsis
2217 1925 2333 1970 erat

734 1989 913 2046 aditus
940 1990 1004 2044 ad
1035 1990 1253 2046 altiores
1281 1986 1514 2045 honores
1543 1986 1558 2051 ζ
1592 1989 1842 2056 ipsosque
1869 1986 2242 2056 magistratus,
2275 1995 2334 2040 ut

736 2059 863 2144 Ulp.
897 2061 1162 2144 inLaun:
1189 2060 1216 2132 §
1246 2060 1301 2126 4,
1423 2060 1484 2144 de
1515 2059 1622 2141 0/1.
1645 2067 1826 2140 quiest.
1854 2057 2039 2144 do.cet._
2055 2057 2146 2112 Sic
2168 2059 2330 2144 etiam

730 2127 825 2202 qui
853 2141 1007 2189 mtate
1049 2127 1290 2202 junio'res
1337 2133 1389 2186 in
1434 2128 2131 2202 tyrocﬁinioesercebantur,
2171 2127 2330 2197 paulo

731 2199 855 2273 post
878 2219 943 2274 cx
973 2199 1194 2274 ephebis
1221 2199 1524 2274 egressnrir,
1558 2200 1834 2274 Candidati
1885 2199 2326 2274 appellabantur;

732 2267 841 2345 quo
862 2267 1031 2330 ferme
1057 2288 1218 2329 sensu
1254 2267 1467 2338 Quintil.
1490 2267 1762 2345 InstitiL.
1792 2267 2194 2345 V._Caiididatos
2220 2271 2330 2323 elo-

731 2339 952 2414 quentiae
978 2354 1270 2413 nuncupat.
1306 2344 1536 2400 Proinde
1562 2351 1619 2399 et
1645 2341 1836 2397 Noster
1865 2342 1941 2414 in_
1964 2340 2030 2396 L.
2061 2342 2123 2394 de
2154 2339 2327 2414 Orat,

729 2411 780 2470 ὁ.
815 2414 880 2470 III
907 2458 922 2481 ,
949 2431 1042 2472 eos
1069 2411 1384 2472 ssc—aeonuu
1428 2427 1756 2471 CANDIDATOS
1803 2411 2075 2473 nominat,
2105 2413 2194 2480 qui
2220 2428 2330 2466 me-

731 2497 944 2541 ruerant
967 2489 1217 2542 caelestem
1242 2487 1388 2540 illam
1413 2488 1465 2540 in
1503 2485 1666 2540 Deum
1707 2500 1895 2546 vocem,
1928 2493 1975 2536 et
2003 2482 2220 2553 o/ﬁcium
2247 2485 2332 2552 fu-

731 2566 864 2612 sura:
887 2560 1136 2613 claritatis
1157 2559 1423 2622 ediscunt;
1451 2558 1572 2626 quia
1596 2555 1854 2623 ejusmodi
1877 2555 2171 2609 secundum
2199 2568 2329 2623 pro-

733 2628 1048 2685 missionem
1087 2629 1309 2695 Christi,
1337 2627 1525 2682 Matth.
1571 2626 1747 2689 XXII,
1780 2642 1831 2679 ν.
1866 2627 1954 2691 '50,
2004 2634 2153 2678 erunt
2198 2627 2330 2679 sicut

735 2701 919 2771 Angeli
950 2700 1042 2755 Dei
1074 2702 1123 2755 in
1162 2701 1310 2756 caelo.
1343 2699 1432 2755 Sic
1458 2711 1512 2755 et
1540 2697 1604 2752 L.
1637 2699 1704 2751 ad
1760 2696 1947 2771 Πειρη,
1973 2712 2042 2771 _c.
2069 2695 2100 2749 7
2126 2737 2141 2763 ,
2164 2697 2331 2771 _velut

729 2770 787 2826 in
816 2765 1080 2842 iyroeinlo
1109 2773 1315 2828 timoris
1342 2772 1434 2827 Dei
1474 2780 1755 2842 agentem,
1783 2766 2124 2842 candidatum
2162 2765 2331 2842 Timo-

729 2843 806 2896 ris
839 2837 1097 2913 appellat,
1129 2853 1182 2899 et
1211 2842 1334 2897 alibi
1369 2837 1634 2913 ejusmodi
1679 2839 1782 2913 alia
1823 2838 2005 2893 habet.
2051 2837 2146 2913 Ita“
2170 2839 2330 2913 igitur

731 2909 896 2970 etiam
919 2909 1124 2971 'Noster
1168 2909 1497 2984 Baptism'um
1545 2911 1770 2984 Joannis
1798 2919 1952 2984 vocat
1996 2909 2328 2984 candidatum

729 2986 1066 3052 remissionis,
1097 2979 1334 3057 quod'eo
1363 2983 1550 3039 initiati
1576 3023 1591 3046 ,
1635 2981 1702 3035 ad
1734 2981 2066 3057 Baptismum
2094 2979 2326 3057 Christi,

729 3069 830 3126 per
854 3072 1012 3125 quem
1055 3052 1130 3112 iit'
1158 3057 1312 3126 plena
1344 3065 1684 3125 peccatorum
1734 3054 2024 3126 remissiot
2046 3052 2327 3126 prteparati

730 3119 797 3198 ac
839 3119 1086 3198 dispositi
1132 3119 1363 3183 luerunt:
1395 3126 1663 3198 Caeterum
1695 3133 1748 3180 et
1795 3124 1847 3178 in
1877 3119 2326 3198 sequiori__sensu

729 3195 798 3252 L.
836 3199 899 3252 de
930 3193 1126 3253 Coron.
1177 3216 1224 3253 c.
1279 3198 1310 3252 7
1337 3239 1352 3264 ,
1401 3197 1710 3253 idololatras
1761 3194 2058 3249 candidatos
2097 3193 2323 3257 diaboli,

2440 565 2737 622 Ecclesium
2764 564 2834 636 ab
2852 634 2861 636 _
2880 564 2978 619 hac
3002 565 3153 636 praxi
3178 562 3394 635 semper
3416 562 3784 620 abhorruisse.

2509 636 2686 706 Quare
2750 634 3146 691 Catholicorum
3211 634 3494 706 Interpret.
3543 636 3787 692 nonnulli
3833 636 4034 690 rectius

2440 717 2648 834 Emam,
2683 720 2777 775 per
2821 706 2950 790 illud
2986 709 3042 788 in
3071 707 3278 789 .spiritu
3321 717 3368 761 et
3410 707 3517 779 igni
3565 706 3810 789 denotari
3838 707 4033 788 ipsum

2520 787 2769 834 ptismum
2798 777 2997 832 Christi
3025 818 3039 834 .
3071 793 3124 833 in
3167 793 3327 834 auem
3352 787 3662 834 supervenit
3709 776 3950 834 Spiritus
3977 777 4033 832 S.

2520 780 2769 849 ptismum
2798 777 2997 849 Christi
3025 818 3039 844 ,
3071 777 3124 833 in
3167 793 3327 849 quem
3352 776 3662 849 supervenit
3709 776 3950 849 Spiritus
3977 777 4034 849 S.

2441 793 2769 849 baptismum
2798 793 2997 832 hDrtStl
3025 818 3039 844 ,
3071 793 3124 833 in
3205 793 3327 834 nem
3352 793 3662 848 supervenit
3709 793 3950 846 Spiritus
3977 793 4034 832 δ.

2441 850 2494 920 in
2540 851 2702 920 specie
2734 847 3004 920 columbaz,
3049 793 3314 918 simtiique
3345 847 3424 920 (ut
3456 849 3523 920 ,S.
3570 847 3810 904 Justinus
3859 846 3935 902 Μ.
3985 847 4034 901 iu

2440 919 2582 992 _Dial.
2613 937 2727 973 cum
2751 919 2945 990 Tryp/t.
2975 938 3026 989 p.
3059 937 3128 973 m.
3151 920 3280 986 246,
3318 919 3582 992 perhibet)
3616 923 3924 992 nutamine;
3957 931 4036 973 τσῦ

2442 983 2578 1063 iussu
2603 996 2682 1063 ζπὶ
2706 1000 2762 1047 τὸ
2805 983 2942 1062 fidem,
2972 983 3056 1044 imi
3085 999 3181 1062 πῦρ
3220 983 3398 1063 αὶᾶτζῇθη
3439 998 3484 1046 ἰν
3523 983 3589 1060 τῷ
3626 983 3820 1061 indi-:31
3843 1033 3859 1056 ,
3897 992 3953 1063 lt:
3987 1007 4032 1043 C.

2441 1062 2570 1116 Cum
2595 1060 2748 1117 Iesus
2776 1063 2826 1116 in
2853 1058 3044 1132 aquam
3075 1058 3432 1126 descendisset,
3462 1058 3612 1116 etiam
3653 1058 3873 1128 ignis'in
3919 1058 4038 1114 Jor-

2440 1135 2573 1188 dane
2604 1149 2847 1187 accensus
2871 1136 2984 1203 fuit.
3013 1133 3120 1189 Sed
3145 1144 3200 1188 et
3241 1134 3292 1187 in
3321 1143 3503 1188 nostro
3534 1132 3806 1201 Baptismo
3834 1145 4037 1185 accen-

2439 1206 2583 1260 ditur
2611 1204 2876 1258 invisibilis
2916 1205 3130 1274 qnidam
3161 1205 3316 1274 ignis,
3347 1220 3478 1274 cum,
3513 1205 3677 1274 gratia
3717 1203 3954 1274 Spiritus
3981 1203 4036 1257 S.

2439 1275 2688 1331 cordibus
2719 1274 2915 1330 nostris
2936 1272 3214 1339 illabitur,
3245 1284 3299 1328 et
3325 1316 3338 1339 ,
3372 1285 3432 1330 ut
3459 1272 3528 1330 SI
3549 1275 3733 1328 Ambr.
3783 1274 3832 1327 in
3881 1272 3948 1325 L.
3983 1277 4039 1326 de

2440 1344 2562 1401 Elia
2589 1357 2643 1402 et
2671 1347 2847 1416 jejuu.
2887 1363 2998 1415 cap.
3033 1348 3132 1401 ult.
3163 1345 3415 1416 loquitur,
3459 1357 3663 1416 peccata
3695 1356 3873 1398 nostra
3915 1360 4036 1416 con-

2440 1419 2630 1482 sumit,
2673 1415 3015 1486 animamqne
3062 1418 3129 1473 ab
3175 1415 3365 1471 horum
3415 1415 3605 1473 scoriis
3645 1426 3854 1485 purgat.
3905 1415 4038 1468 Sunt

2439 1489 2586 1551 dein,
2617 1491 2706 1558 qui
2747 1504 2868 1543 cum
2918 1489 2977 1543 S.
3025 1491 3161 1558 Aug.
3214 1489 3266 1540 in
3312 1487 3405 1542 Ps.
3449 1488 3551 1553 65,
3605 1486 3672 1542 de
3702 1487 4035 1558 Marcismis,

2441 1556 2715 1629 Baptismo
2743 1568 2929 1614 nostro
2957 1556 3319 1616 communiter
3355 1558 3604 1628 praemitti
3649 1557 3840 1620 solitis,
3878 1556 4038 1611 intel-

2441 1629 2644 1701 iigunt;
2679 1631 2752 1684 ait
2782 1645 3010 1700 namque
3039 1648 3052 1684 :
3091 1629 3240 1684 Unde
3268 1629 3562 1701 plerumque
3603 1631 3855 1701 immundi
3890 1630 4040 1697 spirio

2441 1699 2518 1756 ius
2549 1703 2770 1756 clamant
2795 1715 2814 1755 :
2841 1699 3041 1765 Ardea;
3074 1701 3117 1755 si
3154 1702 3242 1754 ille
3263 1700 3415 1771 _ignis
3444 1717 3544 1754 non
3573 1711 3641 1753 est
3664 1701 3688 1754 7
3712 1699 3837 1752 Post
3873 1701 4038 1766 ignem

2439 1782 2607 1827 autem
2635 1773 2902 1827 exorcismi
2931 1774 3128 1827 venitur
3156 1771 3226 1825 ad
3251 1769 3592 1838 Baptismum.
3628 1772 3732 1826 Alii
3766 1787 3864 1840 per
3897 1772 4035 1838 Bap-

2441 1843 2655 1899 tismum
2698 1844 2844 1898 illum
2894 1843 3030 1913 ignis
3057 1857 3178 1897 cum
3233 1842 3474 1898 Authore
3507 1842 3690 1911 Operis
3733 1842 3951 1910 imperf.
3991 1845 4037 1894 in

2443 1915 2633 1969 Matth.
2689 1913 2847 1972 Hom.
2885 1912 2958 1978 5⁷,
3013 1915 3279 1984 designant
3324 1912 3712 1985 (metaphorice
3757 1913 4034 1985 nimirum)

2434 1987 2783 2040 tribulatioues
2807 1997 2860 2040 et
2883 1983 3273 2055 persecutiones,
3297 1983 3488 2055 quibus
3500 1983 3746 2039 ﬁdelium
3763 1984 4035 2053 justOrum

2435 2057 2486 2112 in
2516 2056 2621 2114 (ide
2658 2057 2978 2121 constantia,
3007 2065 3062 2111 et
3089 2058 3139 2110 in
3166 2054 3406 2110 adversis
3439 2057 3688 2124 patientia
3715 2096 3730 2118 ,
3760 2055 3913 2107 velut
3945 2073 4036 2106 .m-

2433 2143 2552 2201 [um
2573 2129 2627 2201 in
2652 2127 3057 2201 l‘uruacejgnis,
3091 2127 3363 2201 probatur.
3396 2124 3455 2181 S.
3484 2126 3646 2201 Basil.
3685 2126 3741 2201 in
3777 2124 3940 2201 "om.
3981 2129 4038 2178 de

2433 2198 2590 2269 Bapt.
2619 2195 3022 2268 intelligendum
3037 2195 3310 2253 contendit
3324 2200 3491 2268 ignem
3507 2198 3652 2251 illum
3669 2195 3736 2250 de
3747 2198 3903 2249 verba
3918 2205 4009 2248 doc
4021 2227 4034 2236 -

2434 2273 2600 2335 trime,
2632 2269 2766 2339 quod
2799 2281 2845 2324 et
2875 2279 3196 2338 peccatorum
3240 2269 3488 2322 malitiam
3533 2269 3736 2339 arguit,
3766 2277 3808 2319 et
3836 2269 4037 2339 justiﬁ-

2433 2337 2690 2412 cationum
2721 2337 3259 2412 gratiaiumanifestat
3283 2356 3302 2394 :
3329 2353 3450 2412 quae
3492 2337 3708 2412 quidem
3737 2338 4036 2412 expositio-

2435 2427 2532 2468 nes
2562 2411 2695 2466 satis
2721 2409 3053 2477 commodae,
3100 2409 3193 2464 Sed
3239 2409 3456 2466 nonnisi
3483 2409 3845 2479 metaplioricte
3889 2421 4032 2464 sunt.

2438 2483 2674 2554 Denique
2727 2491 2907 2538 autem
2952 2480 3317 2554 Tertullianus
3365 2491 3548 2536 noster
3583 2480 3776 2554 de_die
3812 2480 4033 2550 judicii,

2433 2551 2602 2624 atque
2622 2556 2738 2624 igne
2790 2554 3032 2623 iufernali
3072 2552 3448 2609 damnatorum
3479 2551 3735 2622 exponit,
3774 2562 3836 2608 ut
3881 2553 4036 2620 paulo

2434 2635 2555 2696 post
2581 2626 2899 2680 videbimus.

2505 2697 2713 2751 Interea
2747 2696 2895 2759 mihi,
2955 2695 3149 2758 lateor,
3183 2694 3474 2765 prazplacet
3509 2709 3693 2750 eorum
3735 2694 4031 2758 sententia,

2431 2765 2614 2848 qui_ad
2644 2767 2851 2848 litoram
2877 2766 3182 2848 intelligunt
3230 2766 3298 2821 de
3332 2765 3561 2848 Spiritus
3676 2781 3777 2848 non
3811 2768 3870 2819 in
3896 2769 4035 2835 Apo-

2435 2837 2608 2894 stolos
2635 2837 2911 2903 duntaxat,
2941 2836 3034 2892 sed
3061 2836 3114 2893 in
3138 2837 3448 2892 eorumdem
3477 2837 3762 2907 discipulos
3787 2850 4032 2906 quoque,

2433 2923 2622 2979 recens
2649 2908 2964 2977 baptizatos,
2993 2908 3468 2964 visibilidesccnsu
3491 2909 3544 2961 in
3574 2908 4034 2979 formaignis:cu-

2427 2978 2514 3047 jus
2539 2981 2845 3050 exemplum
2862 2989 2946 3034 sat
2970 2979 3226 3051 fulgidum
3241 2989 3294 3035 et
3310 2980 3514 3051 illustre
3527 2978 3639 3034 Act.
3660 2978 3750 3045 XI,
3771 2994 3927 3051 vers.
3945 2981 3969 3032 l
3984 2982 4028 3038 t.

2433 3051 2678 3115 habetur,
2704 3049 2817 3105 iubi
2869 3053 2938 3106 ita
2982 3049 3064 3106 S.'
3094 3052 3327 3106 Petrus:
3376 3049 3504 3106 Cum
3551 3062 3720 3105 autem
3763 3050 4035 3120 cepisse-sn

2432 3121 2570 3191 loqui
2591 3163 2604 3187 ,
2635 3123 2813 3176 cecidit
2844 3122 3074 3192 Spiritus
3111 3121 3173 3177 S.
3201 3138 3357 3192 super
3397 3137 3504 3185 eos,
3541 3135 3687 3177 srcur
3725 3137 3790 3175 ει·
3841 3136 3900 3175 ηε
3941 3136 4036 3174 sos

2433 3190 2696 3256 nummo,
2727 3190 2970 3262 adeoque
2998 3191 3158 3247 etiam
3197 3190 3250 3246 in
3269 3190 3458 3248 'lorma
3489 3194 3640 3260 ignis,
3668 3192 3809 3246 sicut
3839 3195 4036 3247 cecidit

729 3277 787 3323 et
835 3269 888 3325 in
927 3268 987 3323 L.
1034 3273 1098 3325 de
1137 3271 1307 3325 Anim.
1339 3263 1411 3324 7c.
1467 3268 1536 3325 39
1562 3309 1576 3329 .
1608 3272 1784 3336 proles
1846 3263 2106 3336 quasdam
2155 3264 2331 3321 adhuc
2358 3266 2403 3331 C
2438 3263 2492 3318 in
2537 3263 2821 3336 Apostolos
2867 3265 2924 3336 in_
2964 3263 3051 3336 die
3081 3264 3454 3336 Pentecostes.
3501 3263 3698 3336 Sensus
3727 3264 3900 3336 igitur
3925 3263 4035 3316 dii:-

733 3339 790 3395 in
810 3351 973 3464 ltlttero
999 3342 1183 3398 matris
1212 3343 1468 3414 genimina
1516 3334 1888 3393 daemoniorum
1917 3334 2194 3390 candidato
2232 3351 2331 3405 ap-

733 3425 805 3464 ne
849 3422 922 3464 at.

732 3412 1125 3537 pciliilC/tristo.
1155 3481 1369 3540 Scilicet
1397 3483 1449 3536 in
1479 3481 1790 3554 Baptismate
1818 3477 2024 3534 Christi.

807 3553 1141 3608 Enumiatum
1172 3564 1265 3612 est.
1297 3554 1429 3622 Qua:
1471 3546 1720 3607 nimirum
1745 3551 1899 3622 fieret
1937 3565 2043 3604 non
2082 3546 2136 3603 in
2167 3549 2336 3619 ipsius

731 3623 993 3697 Baptismi
1021 3624 1263 3692 Joannis,
1320 3619 1711 3697 sedilaptismi
1751 3619 1980 3684 Christi,
2015 3631 2202 3690 postea
2247 3636 2370 3697 se-'

732 3693 933 3761 cuiuri,
969 3697 1194 3760 virtute;
1229 3698 1308 3752 sic
1359 3695 1501 3750 enim
1543 3694 1690 3749 solus
1733 3707 1798 3746 ea:
1849 3702 2076 3760 aperato,
2110 3706 2206 3745 seu
2251 3693 2335 3746 in-

733 3768 966 3838 trinseca
995 3783 1087 3822 sua
1120 3767 1335 3838 virtute,
1363 3764 1672 3823 remittebat
1698 3771 1934 3835 peccata,
1970 3772 2027 3817 ut
2047 3763 2158 3833 jam
2189 3776 2333 3832 srcpe

736 3838 864 3895 alibi
890 3837 1145 3894 diximus.

811 3908 1011 3980 Spiritu
1045 3920 1106 3980 "et
1156 3910 1281 3977 igni.
1315 3909 1390 3965 Ita
1439 3909 1581 3964 enim
1635 3905 1762 3962 Luc.
1800 3904 1886 3971 Ill,
1947 3919 1998 3957 v.
2053 3905 2140 3980 16,
2170 3903 2332 3961 Joan-

734 3995 836 4035 nes
861 3979 980 4034 ait:
1034 3979 1143 4050 Ego
1171 3981 1374 4051 quidem
1409 3997 1544 4050 aqua
1571 3980 1772 4049 baptizo
1804 3993 1892 4030 vos
1917 3992 1935 4030 :
1960 3979 2118 4031 veniet
2165 3985 2333 4032 autem

733 4053 1042 4122 fortiorem,
1073 4057 1182 4119 ipse
1221 4068 1308 4107 vos
1351 4053 1625 4122 baptizabit
1669 4052 1721 4103 in
1768 4063 1976 4122 sgnum
2025 4062 2232 4122 snugjro
2279 4058 2334 4122 et

733 4117 861 4178 ictu.
894 4121 1008 4178 Non
1039 4117 1219 4194 utique
1245 4117 1476 4194 exclusit
1517 4139 1699 4194 aquam
1727 4120 2066 4194 a_Baptismo
2109 4117 2330 4184 Christi,

733 4193 831 4266 sed
888 4194 946 4266 id
999 4193 1177 4266 solum
1232 4191 2133 4266 significare'intendiuJoannes,
2177 4205 2328 4266 suam

735 4264 1059 4320 ablutionem
1101 4261 1600 4335 solum'simplicem
1629 4278 1770 4326 esse,
1799 4262 2035 4335 simplici
2077 4261 2326 4335 nimirum

733 4349 872 4404 aqua
936 4336 1170 4389 exterius
1221 4330 1453 4401 factam';
1505 4343 1560 4389 at
1602 4335 1745 4390 illam
1795 4333 1848 4388 in
1908 4330 2089 4404 futuro
2133 4330 2329 4387 Christi

736 4403 1018 4479 Baptismo
1035 4407 1148 4479 low;
1189 4408 1256 4462 ad
1285 4408 1443 4479 altius
1473 4407 1787 4479 mysterium
1829 4412 1883 4458 et
1920 4403 1987 4458 ad
2009 4405 2327 4479 interiorem

734 4491 948 4546 quoque
974 4477 1298 4532 ablutionem
1328 4474 1551 4544 animus,
1581 4492 1702 4547 qua:
1731 4477 1848 4530 sine
1887 4474 2058 4545 gratia
2100 4474 2328 4545 Spiritus

736 4547 921 4618 Sancti
949 4548 1151 4618 nequit,
1184 4547 1520 4603 elevandam.

807 4617 939 4685 Quis
982 4634 1110 4672 vero
1152 4618 1222 4673 Sil.
1258 4619 1346 4675 ille
1375 4619 1696 4689 Baptismus,
1725 4623 1769 4674 ὸ
1796 4621 2034 4687 Πνεὸματι
2071 4621 2211 4687 ἁγίῳ,
2244 4629 2326 4673 καὶ

737 4694 872 4759 πυρὶ,
897 4691 948 4743 in
978 4690 1178 4758 Spiritu
1205 4690 1397 4761 sancto
1428 4700 1473 4744 et
1499 4689 1607 4761 igni
1625 4731 1640 4752 ,
1672 4691 1870 4761 multos
1894 4691 2164 4756 exercuit,
2197 4693 2325 4760 quin

736 4771 791 4830 et
823 4761 1140 4830 quihusdam
1182 4760 1534 4818 vehementer
1571 4760 1784 4816 errandi
1822 4761 2160 4816 occasionem
2194 4776 2328 4830 prte-

736 4829 870 4902 bnii.
905 4831 1078 4886 Fuere
1105 4831 1248 4887 enim
1277 4841 1517 4888 veterum
1549 4834 1924 4887 htercticorum
1963 4829 2205 4901 quidam,
2235 4834 2324 4902 qui

737 4901 905 4972 ignem
937 4902 1085 4956 illum
1108 4903 1442 4971 simpliciter,
1472 4918 1535 4959 ac
1561 4903 1629 4957 de
1651 4919 1776 4958 vero
1795 4914 1849 4958 et
1872 4903 2184 4959 eletncntari
2208 4901 2326 4973 igne

737 4982 927 5045 nostro
958 4973 1356 5044 intelligendum
1383 5016 1398 5040 ,
1440 4975 1665 5045 ideoque
1695 4973 1746 5028 in
1791 4976 2061 5044 Baptismo
2090 4990 2194 5030 non
2226 4976 2328 5029 mi-

736 5059 840 5118 nus
897 5044 1075 5118 ignem
1113 5060 1493 5118 quamnquam
1523 5044 1879 5118 adhibendam
1920 5055 2190 5115 putarunt.
2236 5047 2326 5105 Sic

737 5112 1180 5188 enimiClcmens
1224 5112 1515 5173 Alex'andr.
1566 5117 1647 5188 vel
1702 5112 1942 5187 quisquis
1979 5117 2117 5172 alius
2170 5119 2324 5188 hujus

733 5187 918 5256 scripti
951 5187 1142 5241 author
1167 5188 1344 5260 estnin
1375 5188 1582 5260 Eelogis
1616 5187 2038 5257 Prop/ieticorum
2065 5187 2322 5246 testatur:

729 5265 846 5312 τνιοι
892 5261 959 5320 δὲ,
1002 5265 1060 5320 ὥς
1087 5283 1226 5326 φησιν
1255 5251 1528 5329 Πρακλέων,
1555 5263 1670 5329 πυρὶ
1709 5267 1770 5315 τὰ
1809 5263 1908 5316 ὦτα.
1950 5276 2040 5316 τῶν
2072 5272 2328 5331 sponge-

731 5335 882 5394 μένων
909 5352 1290 5396 κατεσημινατο,
1325 5333 1424 5386 hoc
1438 5342 1547 5385 est:
1568 5332 1808 5396 Quidam,
1838 5342 1891 5384 ut
1917 5334 1985 5383 ait
2019 5331 2320 5395 lleracleon,

736 5399 855 5468 igne
874 5415 1021 5471 aures
1052 5401 1390 5471 sigillutorum
1423 5402 1859 5471 (haptizatorum)
1885 5403 2187 5456 adurebant.
2220 5407 2323 5461 Sed

738 5479 793 5543 et
819 5470 1029 5543 Author
1057 5470 1228 5543 Carm.
1259 5473 1311 5525 in
1339 5470 1594 5526 Marcion.
1627 5473 1687 5526 L.
1724 5471 1772 5533 Ι,
1805 5473 1872 5530 dc
1912 5474 2067 5543 igneo
2093 5477 2324 5543 quodam

753 5538 1009 5620 Kaleittini
1057 5542 1428 5620 lnrrosiarcha:
1489 5545 1750 5614 baptismo
1786 5538 2069 5620 memorat,
2102 5538 2203 5601 ceu
2230 5552 2320 5620 qui

742 5607 844 5684 Bia
861 5612 1030 5665 docuit
1065 5613 1226 5684 tingi,
1262 5616 1492 5668 traducto
1523 5607 1734 5683 corpore
1777 5617 2009 5684 ﬂamma.

813 5681 872 5756 _S.
904 5684 1035 5756 Aug.
1069 5681 1280 5753 quoque
1310 5687 1372 5738 de
1403 5681 1620 5739 Hteres.’
1649 5688 1715 5738 ad
1748 5681 2022 5752 Quodvult.
2053 5688 2176 5742 liter.
2231 5692 2322 5756 59,

741 5750 1398 5830 Seleuciaanbterelicos
1414 5760 1528 5826 igne
1551 5750 1874 5827 Baptisnium
1890 5760 2178 5817 coatulissc
2207 5750 2326 5830 per;

738 5823 1185 5900 hibet.Quidqnid
1214 5843 1346 5900 vero
1369 5823 1544 5900 dehis
1572 5823 1661 5891 sli,
1694 5839 1898 5884 certum
1933 5841 2034 5890 est.
2075 5832 2142 5885 ab
2185 5823 2326 5900 Apo-

729 5897 884 5952 stolis
913 5911 1182 5968 nunquam
1211 5897 1385 5969 ignem
1416 5899 1481 5954 ad
1509 5901 1838 5972 Baptismum
1865 5902 2158 5960 adhibitum
2180 5944 2196 5971 ,
2225 5897 2325 5960 ad-

2352 4661 2405 4720 D

2441 3345 2614 3390 torum
2647 3336 2705 3389 S.
2735 3333 2956 3388 Joannis
3002 3333 3255 3405 Baptista:
3285 3334 3372 3388 hic
3396 3346 3516 3390 esse
3541 3334 3766 3403 optimus
3795 3375 3813 3398 ,
3853 3335 4037 3404 planc-

2438 3421 2543 3476 que
2569 3405 2788 3462 litoralis
2812 3405 3021 3461 videtur
3045 3423 3058 3459 :
3091 3406 3201 3477 Ego
3225 3406 3428 3475 quidem
3453 3422 3584 3477 aqua
3609 3405 3795 3477 (sterili
3830 3406 4037 3460 scilicet

2437 3477 2744 3541 elemento,
2778 3492 2875 3532 nec
2918 3479 3021 3532 vim
3056 3476 3242 3548 gratim
3287 3478 3340 3531 in
3390 3490 3450 3548 se
3501 3476 3784 3548 habente)
3828 3478 4036 3545 baptiss

2437 3564 2543 3611 vos,
2567 3559 2671 3603 etc.
2702 3549 2823 3614 Ipse
2863 3559 3041 3604 autem
3066 3547 3180 3602 ’vos
3225 3547 3500 3618 baptisabit
3541 3551 3669 3617 (non
3713 3547 3833 3602 sola
3872 3553 4032 3618 aquzi)

2437 3620 2534 3692 sed
2563 3622 2615 3674 in
2664 3620 2863 3692 Spiritu
2895 3619 2957 3675 S.
2991 3620 3204 3692 (aquam
3255 3619 3624 3692 Baptismihad
3665 3634 4034 3692 progeneran-

2437 3691 2557 3744 dant
2588 3687 2812 3761 gratiam
2837 3687 3196 3762 Imcmidahte)
3222 3701 3275 3746 et
3303 3687 3440 3760 igni,
3465 3687 3676 3744 scilicet
3692 3692 3894 3759 gratiis
3916 3691 4037 3760 Spi-

2437 3762 2572 3816 ritus
2613 3762 2670 3816 S.
2705 3764 2755 3815 in
2800 3763 2919 3831 igne
2961 3778 3056 3831 per
3101 3762 3497 3832 impositionem
3547 3776 3799 3815 manuum
3848 3777 4037 3831 super-

2435 3834 2701 3903 venturis.
2734 3830 2911 3902 Atque
2954 3830 3039 3887 hic
3065 3842 3149 3888 est
3175 3830 3261 3887 ille
3291 3830 3595 3902 Baptismus
3622 3833 3800 3903 igneus
3823 3875 3839 3896 ,
3875 3830 4032 3902 quem

2435 3902 2683 3959 Christus
2730 3905 2844 3973 ipse
2892 3903 3007 3958 Aet.
3044 3903 3085 3969 I,
3133 3920 3186 3959 v.
3233 3903 3308 3968 5,
3351 3902 3740 3974 praenuntiavit.
3799 3903 4035 3958 Joannes

2435 3976 2638 4045 quidem
2665 3975 2937 4045 baptizavit
2981 3990 3119 4047 aqua
3144 4017 3159 4041 ,
3184 3991 3270 4030 vos
3295 3975 3890 4047 autembaptizabimini
3932 3991 4035 4030 ξριε

2436 4060 2561 4102 ιιιτυ
2591 4062 2792 4103 sanc'ro
2816 4065 2916 4102 non
2943 4045 3055 4118 post
3101 4048 3284 4104 multos
3325 4046 3417 4101 hos
3451 4045 3682 4118 dies.iEt
3709 4046 3881 4118 paulo
3921 4057 4037 4117 post

2434 4131 2489 4174 v.
2523 4119 2586 4173 8:
2610 4119 2882 4187 Accipictis
2902 4117 3134 4172 virtutem
3155 4118 3551 4188 supervenieittis
3581 4117 3818 4186 Spiritus
3854 4118 4036 4175 Sancti

2434 4187 2488 4242 in
2518 4205 2625 4254 vos,
2661 4199 2940 4269 etc.,nquze
2978 4203 3102 4244 mox
3131 4191 3195 4245 IO
3219 4187 3408 4269 diebus
3437 4199 3777 4269 postem-cum
3808 4194 4037 4260 comple-

2434 4273 2608 4315 rentur
2636 4260 2743 4315 dies
2775 4260 3131 4328 Pentecostes,
3185 4259 3511 4315 adamussim
3541 4259 3750 4328 impleta
3783 4259 4036 4317 esseno-

2434 4347 2624 4387 \‘lmUS.

2503 4403 2662 4472 Aqua:
2717 4403 2859 4464 litles.
2900 4402 2940 4459 l.
2984 4417 3036 4460 e.
3081 4400 3168 4458 illa
3226 4401 3353 4458 fides
3385 4443 3399 4468 ,
3447 4415 3567 4472 qua:
3608 4409 3690 4456 est
3734 4401 3798 4455 in
3853 4420 4036 4472 aquam

2430 4485 2526 4529 seu
2557 4473 2882 4544 liaptismum
2928 4490 3113 4546 aqua},
3155 4482 3242 4530 est
3293 4474 3510 4546 stabilis,
3541 4473 3749 4546 ﬁrmiter
3802 4492 4034 4544 perseca-

2431 4562 2550 4600 rans
2577 4585 2590 4607 .
2630 4543 2693 4602 ac
2755 4543 3013 4617 perpetuo
3065 4546 3294 4616 largiens
3340 4543 3416 4611 id,
3465 4545 3621 4617 quod
3657 4544 3719 4598 ad
3787 4559 4034 4602 nostram

2431 4617 2654 4672 salutem
2703 4615 3062 4673 necessarium
3089 4627 3190 4672 est.
3223 4619 3368 4672 Aut:
3415 4633 3545 4686 aqua
3575 4615 3671 4686 illa,
3705 4617 3889 4684 ﬁdelis
3919 4630 4034 4676 est.

2431 4702 2654 4744 servans
2686 4691 2965 4757 promissa,
2984 4703 3050 4743 eo
3065 4687 3314 4742 nimirum
3333 4685 3490 4742 sensu
3515 4701 3620 4756 quo
3646 4685 3758 4740 Isa.
3785 4687 4034 4753 XXXIII,

2431 4773 2483 4812 ν.
2518 4761 2604 4825 16,
2632 4759 2830 4815 dictum
2864 4759 2996 4814 fuit:
3024 4761 3184 4884 Aqua:
3215 4760 3324 4828 ejus
3347 4758 3522 4827 ﬁdeles
3554 4767 3693 4812 sunt.
3731 4761 3855 4814 Aut
3886 4763 4036 4816 deni-

2432 4845 2533 4884 uue
2558 4847 2746 4884 sensus
2773 4843 2854 4884 est
2882 4850 2895 4884 :
2935 4831 3046 4884 sola
3089 4830 3203 4884 ides
3225 4845 3342 4884 vera
3367 4840 3420 4884 et
3449 4830 3647 4882 sincera
3692 4839 3785 4884 est
3807 4871 3823 4884 .
3860 4833 3913 4884 in
3936 4847 4034 4884 uti:

2432 4845 2533 4901 quo
2558 4847 2746 4887 sensus
2773 4843 2854 4886 est
2882 4850 2895 4886 :
2935 4831 3046 4886 sola
3071 4830 3203 4887 ﬁdes
3225 4845 3342 4884 vera
3367 4840 3420 4885 et
3449 4830 3647 4882 sincera
3692 4839 3785 4884 est
3807 4871 3823 4892 .
3860 4833 3913 4885 in
3936 4847 4034 4901 qua

2430 4901 2495 4956 ad
2525 4903 2751 4959 salutem
2777 4904 3063 4967 abluimur,
3091 4909 3224 4967 etc.,
3250 4901 3490 4956 simulata
3513 4915 3645 4955 vero
3683 4911 3736 4954 et
3775 4902 4035 4957 instabilis

2429 4987 2538 5046 seu
2554 4992 2653 5029 non
2693 4976 2844 5040 seria,
2881 4986 3112 5046 moxque
3141 4973 3334 5029 iterum
3357 4970 3652 5029 deserenda
3676 5011 3691 5041 ,
3721 4972 3960 5044 tingitur
3985 4977 4030 5030 in

2422 5043 2706 5116 judicium.

2501 5117 2567 5171 In
2585 5118 2862 5189 judicium.
2893 5116 3043 5172 Hunc
3071 5129 3232 5187 supra
3265 5114 3530 5189 prolixius
3571 5115 3810 5189 espositi
3862 5127 4036 5173 textus

2429 5185 2646 5246 sensum
2694 5189 3054 5244 Tertullianus
3112 5185 3179 5243 ex
3242 5187 3334 5243 illo
3377 5186 3436 5240 S.
3483 5185 3634 5242 Pauli
3682 5187 3736 5241 1.
3788 5189 3862 5241 ad
3916 5189 4031 5244 Car.

2429 5258 2516 5325 Ill,
2548 5277 2600 5314 ν.
2650 5263 2738 5327 l5,
2775 5269 2819 5313 et
2844 5277 2980 5331 seqq.
3032 5258 3274 5316 hausisse
3325 5256 3557 5331 videtur,
3612 5255 4035 5330 Uniuscujusque

2430 5348 2559 5412 opus
2625 5328 2950 5412 manifestum
3008 5332 3136 5412 erit;
3178 5345 3308 5412 ptas
3358 5328 3491 5412 enim
3544 5343 3729 5412 possim
3797 5328 4034 5385 des-lae-

2428 5401 2534 5461 bit;
2567 5406 2686 5471 quia
2738 5404 2789 5455 in
2839 5417 2961 5459 IGNE
3004 5403 3344 5472 revelabitur:
3375 5410 3421 5455 et
3465 5402 3876 5472 uniuscujusque
3908 5419 4034 5470 opus

2427 5474 2579 5543 quale
2625 5475 2710 5539 sit,
2761 5489 2893 5529 torus
2949 5473 3214 5543 probabit.
3270 5471 3332 5527 Si
3384 5473 3535 5542 cujus
3597 5488 3730 5542 opus
3786 5485 4036 5527 mensem

2429 5575 2500 5585 —-
2521 5545 2798 5600 mercedem
2843 5546 3098 5612 accipiet:
3125 5545 3167 5600 si
3215 5545 3362 5616 cujus
3405 5558 3534 5616 opus
3581 5544 3772 5597 arserit
3795 5585 3812 5610 ,
3867 5545 4034 5599 detri—

2429 5627 2648 5671 mentum
2695 5618 2948 5686 patietur;
2978 5617 3086 5676 ipse
3126 5613 3293 5669 autem
3340 5613 3511 5668 salvus
3540 5616 3634 5667 erit
3668 5630 3686 5667 :
3714 5616 3795 5668 sic
3821 5627 3998 5686 tamen
4019 5657 4031 5675 ,

2427 5690 2572 5755 quasi
2617 5703 2717 5742 pen
2763 5703 2942 5743 teneat.
2987 5686 3149 5756 quue
3194 5688 3365 5755 ipsum
3406 5695 3528 5751 est,
3571 5686 3713 5750 quod
3768 5690 3838 5740 ab
3897 5685 4032 5740 Isaia

2430 5777 2475 5813 ε.
2520 5760 2610 5823 IV,
2645 5776 2693 5812 v.
2753 5760 2808 5823 4,
2873 5755 3188 5829 praedictum
3240 5757 3412 5811 fuerat
3464 5771 3480 5810 :
3534 5755 3715 5808 Abluet
3771 5756 4034 5811 Damius:

2429 5833 2602 5886 sordes
2628 5831 2853 5899 ﬁliarum
2905 5831 3191 5884 Sion—in
3230 5842 3438 5883 SPlRITU
3466 5841 3656 5882 JUDICII
3679 5871 3692 5889 ,
3726 5840 3782 5880 et
3815 5844 4033 5883 seruire

2429 5917 2672 5969 ABDORIS,
2710 5916 2806 5959 seu
2850 5902 3019 5970 ignis;
3052 5902 3105 5957 in
3134 5916 3292 5971 quem
3323 5899 3498 5954 locum
3539 5901 3596 5955 S.
3631 5899 3872 5960 Basilius
3917 5903 4032 5955 sit:
