4202 6496
745 380 888 447 U79

2158 385 2622 447 TERTULLIANI

3895 389 4021 448 “80

749 507 1003 577 ptismum
1034 503 1227 580 obiecti
1275 504 1388 561 bare
1430 517 1551 562 esse
1594 503 1851 580 videtur:
1894 502 1937 558 si
1951 503 2206 580 _Apostoli
2237 505 2339 559 Ba-
2366 506 2415 566 Α
2442 506 2797 580 compendium
2843 504 3091 577 Baptismi
3116 506 3346 578 conferre
3372 515 3556 579 posset.
3589 506 3809 575 Opinor,
3862 524 4023 579 seque-

750 575 1001 649 ptismum
1050 575 1155 632 non
1200 587 1583 646 susceperunt,
1614 588 1677 649 et,
1724 575 2067 649 nihilominus
2112 577 2336 631 salutem

752 646 1022 704 consecuti
1050 649 1218 711 luere.
1238 656 1330 703 aut
1350 663 1445 704 eos
1465 648 1766 715 specialiter
1788 662 1815 699 a
1836 646 2049 699 Christo
2066 657 2341 715 exemptos

752 720 916 792 fuisse
956 721 1189 792 oportuit
1229 719 1324 792 (de
1362 734 1464 788 qua
1501 728 1678 773 tamen
1708 717 2046 792 esetnptioue
2077 718 2257 792 nullibi
2288 718 2340 771 in

754 791 1049 875 Evangelia
1076 788 1354 875 legimus),
1376 792 1642 875 autetiam
1675 790 1922 875 aliispon
1953 789 2231 875 bupti‘zatis
2260 802 2341 841 sa-

756 862 880 917 lutis
903 859 1356 933 ianuam—patere,
1388 861 1571 931 sicque
1600 862 1768 933 legem
1804 860 1943 914 illam
1973 859 2040 914 de
2072 860 2343 928 Baptismo

755 933 1096 1003 suscipiendo
1127 931 1329 988 nullum
1366 934 1526 986 robur
1556 931 1771 986 habere.

830 1001 1120 1076 Ejusmodi.
1140 1003 1427 1076 Allomines
1446 1003 1697 1057 nimirum
1721 1042 1750 1076 ._
1765 1002 1855 1071 qui
1886 1001 2094 1076 scilicet
2120 1002 2219 1076 hoc
2252 1016 2341 1054 ar-

755 1072 1061 1201 gu‘tjn'entu'm
1088 1074 1155 1131 ad
1179 1074 1521 1131 evertendam
1546 1072 1915 1130 necessitatem
1948 1072 2199 1143 Baptismi
2224 1086 2345 1143 pro-

757 1162 822 1201 cu
863 1160 989 1201 eran
1019 1187 1033 1200 .

757 1155 1033 1201 cuderant.

828 1216 1114 1273 Libidinem
1140 1218 1281 1285 styli,
1314 1218 1417 1273 i.e.
1447 1226 1536 1281 ut,
1565 1214 1707 1270 velut
1732 1229 1798 1269 ex
1830 1214 2121 1285 petulantia
2150 1214 2345 1284 ingenii

757 1290 1164 1359 novaturientis,
1188 1284 1499 1359 argumenta
1528 1286 1787 1359 ejusmodi
1821 1284 1960 1340 ultro
1981 1286 2307 1359 contingam.

836 1357 1091 1440 ξεν-[κηᾴί
1117 1356 1319 1415 volenti.
1349 1358 1493 1440 Istud
1542 1356 1684 1440 enim
1713 1356 1868 1428 longe
1891 1357 2053 1439 malo,
2078 1373 2233 1440 quam
2258 1373 2346 1411 no-

762 1429 901 1494 lenti,
922 1429 1062 1500 quod
1102 1446 1251 1487 meus
1275 1431 1445 1487 codex
1480 1431 1675 1488 habet:
1712 1442 1834 1481 cum
1863 1429 2004 1482 enim
2038 1429 2189 1481 initio
2213 1470 2226 1491 ,
2259 1444 2350 1481 ve-

762 1500 840 1555 lut
869 1503 1116 1557 nimirum
1163 1501 1445 1574 indignus,
1494 1501 1799 1564 tenuisset,
1834 1514 1963 1555 sane
2014 1514 2137 1553 mox
2163 1509 2347 1569 postea

760 1586 828 1627 eo
857 1574 1151 1644 promptius
1180 1575 1387 1629 annuit.

834 1641 1250 1699 Destinabantur.
1277 1645 1515 1715 Namque
1546 1646 1813 1715 Apostolis
1836 1641 2083 1715 Christus
2109 1649 2229 1710 post
2254 1641 2352 1695 Ite-

761 1717 1150 1772 surrectionem
1183 1713 1529 1772 mandaturus
1564 1713 1717 1775 erat:
1762 1719 1952 1774 Euntes
1982 1713 2154 1768 docete
2179 1728 2351 1767 omnes

761 1796 964 1855 gentes,
1012 1788 1321 1856 baptizantes
1361 1804 1478 1853 eos,
1523 1800 1627 1845 etc.
1676 1792 1804 1846 Erat
1838 1798 2015 1841 autem
2049 1785 2351 1856 Baptismus

764 1856 965 1932 Christi
982 1859 1143 1927 janua
1161 1859 1229 1932 ad
1246 1858 1563 1932 Ecclesiam,
1580 1870 1634 1916 et
1649 1863 1729 1916 via
1748 1858 2060 1932 prosimior,
2079 1855 2351 1925 magisque

761 1927 986 2000 directa,
1018 1945 1174 1999 quam
1208 1930 1509 2000 Baptismus
1534 1927 1778 1996 Joannis,
1806 1930 1872 1983 ad
1901 1927 2147 2000 salutem.

835 1995 1050 2079 Tinctus
1094 2010 1186 2056 est.
1210 1995 1602 2079 _E_t'_Bap_tismo
1651 1995 1864 2079 quidem
1908 1998 2148 2079 Joannis,
2172 1996 2262 2079 qui
2300 1995 2352 2053 in

762 2070 880 2125 aliis
903 2085 1008 2126 non
1036 2073 1270 2146 crat_n_isi
1293 2069 1588 2146 Baptismus
1607 2069 1985 2146 painitentitc
2008 2069 2355 2146 remissionem

764 2152 1085 2215 peccatorum
1127 2141 1321 2215 (Marc.
1359 2140 1409 2210 I',
1439 2145 1515 2215 4):
1546 2140 1654 2214 jam
1687 2160 1813 2201 vero
1841 2159 1870 2197 a
1898 2141 2109 2197 Christo
2141 2140 2354 2215 institu-

766 2221 881 2268 tore
901 2213 964 2268 ad
984 2212 1240 2269 rationem
1256 2212 1584 2272 Sacramenti
1607 2218 1931 2280 elevabatur,
1948 2223 2004 2267 ut
2019 2212 2357 2266 communius

763 2283 805 2337 Τ
813 2284 1017 2355 Iteologi
1052 2287 1215 2340 nostri
1241 2296 1441 2342 tenent.

845 2352 1082 2427 Non'fuit
1112 2373 1326 2413 necesse.
1359 2358 1540 2428 Neque
1568 2360 1709 2414 enim
1736 2353 1991 2429 Apostoli,
2026 2354 2248 2429 homines
2276 2352 2359 2429 ni:

764 2424 1134 2492 ntirutu,'t'uuc
1161 2433 1304 2485 onmi
1337 2424 1560 2499 peccato,
1592 2429 1733 2500 quod
1773 2424 1865 2497 per
1898 2427 2223 2500 Baptismum
2250 2424 2357 2479 elui

766 2509 979 2569 posset.
1012 2500 1249 2554 caruisse
1284 2496 1494 2557 dicendi
1534 2496 1693 2567 sunt,
1736 2496 1795 2556 ut
1830 2515 2000 2569 neque
2036 2496 2134 2566 ipsi
2177 2504 2359 2551 essent

763 2567 1023 2643 Baptismi
1033 2641 1040 2643 ξ
1050 2572 1351 2643 paenitentia:
1364 2574 1680 2643 subjectum.

837 2639 1060 2705 rEmuli,
1097 2641 1133 2696 i.
1165 2657 1215 2696 e.
1244 2638 1550 2711 aduersarii,
1587 2645 1812 2708 inimici,
1846 2649 1939 2697 aut
1980 2638 2139 2694 invidi
2168 2678 2181 2701 ,
2222 2652 2357 2707 quos

764 2726 887 2783 mox
929 2721 1110 2783 postea
1154 2714 1474 2771 adversantes
1524 2710 1743 2770 Domino
1793 2712 2042 2783 appellat.
2074 2710 2165 2764 Sic
2194 2712 2356 2763 etiam

762 2780 958 2838 Noster
1000 2784 1052 2837 iu
1088 2784 1304 2867 dpolog.
1336 2804 1391 2867 ιε.
1430 2786 1631 2867 2|,_de
1689 2780 2185 2867 fabulislloquitur,
2238 2788 2360 2867 tau:

763 2869 922 2924 quam
968 2851 1167 2911 aemulis
1199 2851 1274 2909 ad
1313 2851 1699 2912 destructionem
1732 2857 1953 2912 veritatis
1979 2851 2204 2921 {sicque
2230 2851 2355 2904 alibi

764 2926 978 2995 smpius.
1012 2927 1157 2981 Alias
1186 2936 1361 2981 autem
1394 2928 1532 2983 hanc
1576 2943 1760 2982 vocem
1803 2927 1856 2980 in
1903 2927 2095 2979 bonam
2147 2936 2360 2991 quoque

764 3006 992 3065 partem,
1026 3014 1121 3066 pro
1142 2998 1343 3055 sedulis
1370 2999 1725 3064 imitatoribus,
1754 2998 1920 3065 accipi
1948 3002 2177 3050 constat.

839 3062 1159 3138 Suggeritur,
1198 3070 1232 3124 i.
1263 3086 1314 3124 e.
1344 3062 1756 3126 subministratur
1784 3062 2176 3139 argumentum,
2218 3062 2361 3139 scili-

764 3146 850 3192 cet
890 3134 1228 3196 a'coutrario
1265 3140 1512 3207 doctmn,
1557 3141 1725 3197 ferme
1761 3134 1900 3194 sicut
1939 3135 2231 3192 secundum
2268 3134 2359 3207 Je-

766 3223 881 3263 sum
922 3208 1193 3268 Christum
1250 3212 1433 3268 ﬂatum
1466 3206 1759 3282 ,iexceptio
1808 3211 1979 3280 ﬁrmat
2028 3209 2253 3279 regulam
2307 3206 2359 3259 in

766 3282 1073 3349 appositum.

840 3350 1123 3424 Disciplina
1143 3355 1422 3426 religionis,
1454 3356 1491 3411 i.
1521 3370 1571 3411 e.
1604 3353 1879 3408 secundum
1908 3348 2246 3426 disciplinam,
2269 3355 2361 3401 aut

765 3420 1083 3489 ritum,'seu
1140 3420 1524 3482 ordinationem
1577 3426 1875 3496 Religionis.
1909 3421 1987 3496 Ad
2040 3420 2361 3496 disciplinam

763 3498 1237 3569 autetnpertiuent
1262 3513 1608 3569 quaecumque
1651 3492 1716 3569 ad
1750 3494 1840 3550 Dei
1874 3494 2096 3569 cultum,
2138 3494 2251 3569 sive
2293 3492 2361 3569 ab

767 3561 1071 3643 hominibus
1114 3561 1369 3643 EccleSia:
1401 3561 1757 3643 gubernanda:
1800 3564 2097 3643 praefectis.
2130 3562 2242 3643 sive;
2292 3561 2361 3615 ab

767 3634 991 3703 ipsmnet
1022 3639 1160 3706 Deo,
1195 3640 1261 3693 ad
1290 3632 1629 3695 cominuncm
1660 3632 2052 3694 observantiam
2072 3676 2086 3699 ,
2117 3632 2360 3706 ordinata

766 3716 926 3781 sunt;
957 3703 1259 3781 quanquam
1285 3726 1345 3765 ea
1374 3753 1387 3773 ,
1417 3727 1536 3781 qmc
1562 3703 2362 3781 nonnisilnunaumordiuatio-

768 3777 850 3851 uis
875 3775 1017 3851 sunt,
1044 3775 1131 3832 res'
1152 3797 1302 3835 mera:
1329 3775 1611 3850 disciplina:
1632 3779 1982 3851 appellentur.
2015 3775 2159 3851 Licet
2184 3783 2361 3851 autem

768 3846 1096 3922 'l‘ertulliano
1125 3852 1254 3906 alias
1283 3846 1552 3922 disciplina
1577 3846 1735 3906 etiam
1768 3851 2049 3922 doctrinam
2076 3847 2358 3922 signiticet,

770 3918 981 3993 videtur
1010 3930 1207 3984 tamen,
1228 3923 1278 3977 in
1309 3918 1555 3993 pressiori
1585 3937 1766 3987 sensu,
1799 3921 2079 3993 doctrinam
2104 3918 2363 3993 dici,qme

767 4005 794 4041 a
823 3990 1349 4065 docenteegreditur,
1380 4003 1489 4049 tum
1520 4009 1648 4051 vero
1684 3994 1821 4065 hanc
1863 3992 1913 4044 iu
1944 3990 2248 4065 discentibus
2282 4001 2364 4041 r0-

768 4071 975 4187 Ct‘plaltln
997 4105 1022 4148 ,.
1041 4058 1345 4138 herumque
1371 4066 1609 4123 moribus
1639 4063 1971 4121 eil'urmatam
1988 4101 2002 4125 ,
2042 4058 2364 4129 disciplinam

768 4148 904 4187 anne
948 4149 1047 4187 art.

768 4148 1047 4201 appellari.

840 4202 943 4257 Per
993 4207 1309 4275 patientiam.
1339 4206 1822 4271 Dissimulationem,
1852 4219 1914 4259 ac
1964 4203 2362 4275 permissionem,

769 4290 870 4343 qua
905 4273 1116 4345 patitur,
1141 4294 1233 4334 seu
1261 4280 1407 4343 sinit,
1433 4280 1549 4334 haec
1570 4279 1805 4333 evenire.
1839 4275 1950 4329 Hoc
1975 4288 2135 4329 sensu
2160 4273 2367 4326 Tullius

775 4345 827 4397 in
860 4347 972 4402 Act.
1010 4348 1116 4403 VIII
1168 4360 1332 4407 contr.
1374 4349 1519 4405 Verr.
1552 4354 1625 4404 ait
1655 4368 1666 4403 :
1699 4364 1798 4402 non
1843 4351 2024 4417 ferant,
2054 4345 2364 4417 nonpatiar,

770 4432 870 4468 non
902 4419 1100 4491 sinant;
1130 4433 1184 4477 et
1215 4423 1264 4476 itt
1297 4421 1316 4476 1
1342 4422 1405 4476 de
1432 4422 1576 4491 Ofﬁc.
1609 4421 1676 4475 tle
1708 4421 1771 4474 iis
1808 4416 2060 4487 loquitur,
2089 4416 2175 4486 qui
2200 4456 2215 4481 ,
2242 4430 2368 4484 (ιιιοσ

772 4488 923 4562 tutori
952 4489 1181 4562 debeant,
1214 4493 1437 4547 desertos
1457 4488 1565 4547 esse
1588 4493 1865 4562 patiuntur.

848 4558 913 4610 In
936 4556 1553 4620 ultimis.'llclleuismus
1573 4556 1704 4626 est;
1754 4562 1830 4616 sic
1882 4558 2025 4615 enim
2074 4556 2245 4612 Graeci
2288 4557 2369 4611 di-

770 4643 894 4703 cere
932 4632 1105 4688 solent
1139 4635 1215 4688 ἐπ’
1238 4640 1476 4703 suam“
1519 4636 1570 4687 in
1609 4634 1799 4686 ultimis
1833 4649 1843 4683 :
1878 4629 2018 4703 quod
2060 4627 2233 4682 Latini
2274 4643 2369 4697 per

772 4701 973 4772 tan_dem
993 4745 1008 4769 ,
1040 4701 1296 4770 ultimate,
1317 4706 1396 4758 vel
1428 4706 1660 4772 denique,
1690 4704 1881 4757 etl'crre
1909 4701 2102 4772 Solent.

843 4770 1216 4844 Tantumomdo
1244 4769 1448 4844 spectet.
1475 4769 1566 4831 Ad
1589 4777 1799 4829 l'etrum
1823 4774 1966 4828 enim
2002 4771 2090 4825 Jo.
2116 4769 2252 4835 XIII,
2278 4771 2367 4835 10,

771 4842 905 4916 dixit
933 4844 1211 4901 Christus:
1240 4842 1339 4916 Qui
1370 4862 1534 4902 LOTUS
1556 4856 1647 4909 est,
1671 4862 1769 4899 non
1798 4845 1987 4913 indiget
2013 4844 2109 4896 nisi
2137 4852 2189 4895 ut
2223 4844 2371 4916 pedes

770 4915 935 4978 lavet;
968 4914 1275 4975 ostendens
1300 4920 1547 4984 fortasse,
1568 4918 1711 4971 nobis
1754 4916 1964 4969 nonnisi
1992 4929 2093 4966 uno
2129 4914 2370 4981 corporis

774 4987 977 5061 lavacro
1001 5003 1094 5045 seu
1128 4990 1389 5061 baptismo
1413 5006 1547 5059 Opus
1573 5003 1713 5054 esse,
1741 5002 1912 5056 neque
1940 4985 2265 5055 Baptismum
2288 4999 2372 5039 se.

775 5056 878 5111 mel
880 5070 1181 5131 _acceptnm
1200 5056 1462 5130 deinceps
1493 5061 1668 5115 iterari
1696 5073 1874 5131 posse.

846 5125 1148 5187 Estimare.
1184 5133 1285 5187 Pro
1319 5125 1548 5194 iudicare
1576 5138 1667 5185 aut
1697 5125 1999 5193 decernere,
2034 5125 2196 5179 verbo
2238 5126 2374 5180 testi-

774 5216 913 5253 rnarc
964 5205 1050 5258 hic
1104 5206 1174 5258 uti
1231 5204 1467 5269 videtur;
1507 5203 1655 5273 quasi
1716 5201 2033 5273 temerarium
2094 5196 2263 5262 foret,
2303 5198 2371 5252 dc

776 5274 1154 5339 Apostolorum
1193 5275 1361 5331 salute
1395 5272 1689 5343 (etsiiorte
1718 5272 2046 5341 Baptismum
2086 5282 2189 5324 non
2221 5284 2372 5325 acce-

777 5343 1001 5417 pissem)
1034 5347 1243 5417 sinistri
1262 5346 1535 5417 quidpiam
1559 5344 1813 5417 judicare.

845 5411 1176 5487 ddiectionis.
1227 5411 1330 5473 seu
1354 5411 1736 5487 assumptiuuis
1754 5414 1818 5468 ad
1843 5411 2229 5487 Apostolatum.

848 5483 1217 5558 Compeudium
1240 5489 1493 5558 baptismi.
1517 5483 1590 5541 Ita
1608 5486 1811 5540 scilicet
1832 5483 2112 5558 singularis
2129 5483 2215 5536 illa
2241 5496 2377 5558 pra:-

776 5554 1012 5624 rogativ‘a
1046 5554 1485 5628 Baptismi'instar
1508 5559 1613 5612 illis
1637 5566 1800 5622 esset,
1820 5572 1881 5610 ac
1899 5554 2038 5610 velut
2057 5554 2374 5624 compendio,

776 5637 830 5682 et
859 5629 1088 5699 hreviuri
1122 5632 1225 5696 via,
1260 5632 1548 5699 anticipata
1579 5628 1718 5682 hunc
1748 5628 2039 5698 suppleret.

849 5698 1091 5771 Conferre
1144 5712 1329 5768 posset.
1377 5695 1567 5756 Totum
1617 5699 1756 5753 hunc
1799 5695 2089 5771 locttmab
2131 5695 2377 5771 imperito

781 5768 1002 5826 librario
1032 5787 1127 5840 per
1157 5774 1388 5840 ineptam
1419 5774 1699 5827 verborum
1742 5769 2211 5840 transttositionetn
2244 5768 2379 5840 mire

786 5838 1046 5914 laxatum,
1074 5838 1406 5914 proindeque
1434 5843 1513 5899 sic
1533 5840 1918 5914 restituendum
1948 5850 2130 5896 censet
2151 5838 2375 5914 Junius:

790 5912 853 5967 Et
874 5909 1344 5970 exindcintlividuce
1370 5913 1733 5985 ﬁttniliaritalis
1761 5926 1868 5969 CUI
1916 5926 2015 5967 ιω
2042 5909 2380 5981 pra’rogaliva

2444 576 2627 630 bantur
2660 580 2802 631 illuni
2828 620 2841 641 ,
2885 576 2987 634 etc.
3032 576 3343 649 Quanquam
3373 576 3562 635 autem
3602 581 3702 635 hoc
3752 581 3855 634 loci
3897 576 4023 633 illius

2444 649 2773 725 medicamen
2804 651 3020 725 minime
3051 651 3676 725 respuendumuarbitrer,
3701 663 3831 725 puto
3862 661 4022 704 tamen

2443 728 2498 774 et
2539 720 2799 793 vulgatam
2843 720 3417 777 lectionem’sustineri
3460 737 3638 793 posse,
3678 720 3748 776 ita
3783 732 3844 777 ut
3885 737 4021 775 nov.c

2447 791 2647 865 periodi
2689 806 2879 865 sensus
2926 794 3039 848 sit:
3091 793 3215 865 Cum
3252 794 3342 847 illo
3391 791 3792 865 (conopendioso
3833 793 4023 848 scilicet

2448 862 2698 935 Baptistl'ti
2728 863 3120 935 supplemento)
3148 862 3479 933 sequebantur
3505 862 3668 928 illum,
3697 874 3803 919 etc.

2522 934 2732 986 Salvum
2762 935 2896 1003 fecit.
2950 935 3040 989 llis
3085 934 3227 989 enim
3260 935 3434 990 verbis
3474 950 3601 990 usos
3634 936 3805 989 fuerat
3838 934 3904 988 ad
3926 951 4026 987 utu-

2449 1003 2640 1069 lierem,
2662 1020 2819 1074 quant
2866 1022 2892 1057 a
2941 1004 3085 1060 ﬂuxu
3126 1008 3419 1075 sanguinis,
3464 1006 3652 1061 Matth.
3677 1005 3767 1069 IX,
3791 1005 3889 1068 2‘2,
3914 1004 4029 1058 libe-

2448 1087 2667 1149 raverat
2689 1094 2700 1128 :
2734 1076 2963 1143 Con/ide,
2992 1077 3121 1149 ﬁliu,
3151 1092 3300 1149 rtnss
3332 1088 3426 1149 tua
3462 1088 3510 1149 te
3549 1080 3739 1132 salvam
3774 1079 3916 1149 fecit.
3948 1077 4028 1129 llis

2448 1146 2607 1199 etiam
2628 1145 3029 1211 Samm‘ilanuut,
3074 1146 3205 1202 Luc.
3246 1147 3409 1209 XVII,
3448 1148 3535 1211 19,
3567 1164 3595 1201 a
3626 1145 3785 1217 lepra
3816 1148 4029 1201 munda-

2450 1218 3115 1284 tum:etmox,c.X\’IlI,
3173 1219 3259 1281 42.
3308 1235 3498 1273 meum
3546 1218 4029 1279 illuniJerichuntio

2452 1302 2597 1353 tutm,
2632 1289 2713 1342 cui
2743 1290 2911 1343 visum
2944 1290 3198 1355 restituit,
3222 1288 3411 1345 allatus
3438 1289 3631 1345 fuerat.
3662 1290 3728 1345 Et
3754 1290 3809 1345 hi
3831 1289 4028 1360 quidem

2452 1373 2556 1411 non
2589 1361 2816 1426 corporis
2846 1360 3140 1425 duntaxat,
3172 1361 3265 1415 sed
3296 1362 3463 1415 multo
3492 1361 3658 1431 magis
3689 1363 3880 1414 animi}:
3901 1362 4026 1413 salu-

2453 1438 2548 1482 tent
2583 1445 2676 1498 per
2703 1432 2854 1499 ﬁdem
2884 1432 3023 1485 illam
3056 1439 3161 1485 tam
3190 1433 3367 1486 vivam
3396 1435 3665 1487 consecuti
3693 1431 3927 1494 fuerunt,
3959 1431 4031 1483 cui

2447 1499 2556 1572 jam
2587 1502 2798 1555 aliunde
2827 1518 2887 1556 ac
2918 1501 3188 1558 multoties
3206 1546 3221 1570 ,
3250 1519 3278 1555 a
3306 1502 3520 1559 Christo
3546 1504 3690 1559 salus
3715 1501 4032 1572 adprotnissa

2454 1569 2643 1637 fuerat,
2676 1582 2731 1627 ut
2755 1572 2837 1627 .Io.
2865 1572 3038 1637 "1,16
3061 1590 3073 1625 :
3100 1574 3188 1629 Sic
3216 1573 3350 1628 Deus
3379 1575 3555 1628 dilexit
3583 1569 3850 1634 mundum,
3872 1582 3925 1625 stt
3952 1571 4034 1625 Fi-

2455 1643 2579 1694 lium
2622 1660 2769 1696 suum
2801 1645 3115 1715 unigenitum
3160 1647 3341 1711 daret,
3391 1654 3445 1698 ut
3474 1646 3664 1709 omnis,
3700 1646 3785 1714 qui
3815 1644 3967 1698 credit
3992 1647 4035 1715 in

2454 1729 2583 1784 eum,
2600 1730 2698 1767 non
2722 1713 2911 1784 pereat,
2928 1716 3015 1769 sed
3029 1717 3206 1770 habeat
3218 1717 3369 1769 vitam
3389 1727 3648 1771 celet-nam.
3668 1716 3733 1771 Et
3746 1715 3874 1770 ibid.
3893 1730 3941 1766 ν.
3955 1713 4031 1768 36:

2460 1783 2558 1851 Qui
2587 1785 2757 1840 credit
2792 1787 2843 1840 in
2876 1785 3068 1839 Filium
3110 1786 3361 1852 hominis,
3404 1788 3550 1842 habet
3596 1789 3749 1840 vitam
3786 1796 4031 1840 retentam.

2461 1854 2564 1911 Nec
2590 1858 2814 1930 mirum;
2846 1858 3101 1930 quoniam
3119 1869 3171 1913 ct
3196 1859 3291 1928 ipsi
3323 1858 3596 1930 Baptistno
3615 1858 3810 1930 Christi
3837 1858 4030 1930 nonnisi

2458 1942 2580 2000 cum
2622 1926 2724 1981 lide
2753 1926 3002 1997 suscepto
3030 1929 3171 1983 salus
3202 1926 3462 2000 promissa
3508 1929 3676 1986 fuerat
3710 1946 3723 1981 :
3756 1929 3859 1996 Qui
3886 1928 4037 1979 credi.

2459 1999 2607 2071 derit,
2640 2008 2686 2053 et
2712 2000 2996 2069 baptizatus
3028 1999 3394 2071 {uerit,salvus
3420 2002 3512 2055 erit
3535 2019 3549 2065 ;
3571 2001 3653 2071 qui
3678 2016 3793 2053 vero
3810 2014 3916 2051 non
3939 2015 4036 2051 crc-

2459 2069 2643 2142 diderit
2676 2070 2793 2140 (etsi
2822 2072 2930 2141 jam
2964 2069 3309 2142 baptizatus),
3333 2069 3768 2126 condemnabitur.

2534 2139 2654 2214 Non
2677 2139 2840 2195 tamen
2864 2139 3049 2195 tincto.
3069 2139 3272 2214 Nullibi
3288 2143 3430 2197 enim
3463 2142 3690 2214 legimus
3708 2183 3723 2207 ,
3750 2141 3877 2196 illos
3900 2147 4036 2192 antea

2458 2227 2488 2265 a
2510 2211 2745 2279 Christo,
2777 2222 2867 2267 aut
2894 2213 3182 2282 Aposutlis,
3216 2211 3719 2281 baptizatos'tuisse.

2533 2282 2759 2348 Quarum
2814 2281 2959 2349 ﬁdes.
3005 2283 3110 2337 Seu
3156 2284 3207 2336 in
3237 2286 3436 2353 quibus,
3462 2296 3553 2338 aut
3586 2284 3726 2351 apud
3758 2299 3887 2352 quos
3923 2281 4039 2335 alios

2462 2352 2596 2407 lides
2627 2354 2943 2421 requirenda
2968 2355 3050 2407 sit.
3083 2354 3199 2408 Mox
3229 2364 3407 2409 autem
3434 2357 3681 2424 exetnpla
3708 2354 3941 2423 snbjicit.

2533 2424 2837 2478 Suscitatus.
2894 2424 3082 2478 Junius
3118 2425 3187 2478 ita
3238 2426 3406 2493 legit:
3456 2425 3553 2492 Qui
3592 2443 3693 2479 uno
3735 2427 3902 2484 verba.
3946 2434 4036 2478 etc.

2462 2495 2527 2549 Iit
2557 2511 2684 2547 sane
2717 2495 2921 2550 videtur
2961 2496 3009 2549 id
3050 2506 3331 2551 contextus
3362 2497 3633 2567 postulare
3664 2506 3719 2551 ut
3755 2493 3941 2567 vocula
3966 2496 4038 2546 illa

2460 2569 2645 2622 saltem
2675 2567 3131 2648 snhihutel-ligatur,‘
3159 2567 3255 2623 hac
3281 2564 3496 2648 quidem
3535 2567 3741 2622 ratione
3776 2584 3792 2619 :
3827 2564 3938 2630 llle,
3962 2567 4037 2635 qui

2459 2653 2561 2709 uno
2588 2638 2733 2709 verbo
2767 2636 2969 2691 Domini
2998 2638 3266 2709 suscitatus
3290 2639 3406 2709 fuit,
3439 2648 3543 2694 etc.

2537 2707 2828 2762 Teloncmn.
2875 2717 3139 2774 Τελώνιον,
3186 2707 3309 2775 vel,
3350 2720 3407 2764 ut
3446 2709 3639 2765 Suidas
3684 2708 3886 2775 habet,
3913 2716 4039 2761 nia-

2461 2794 2596 2842 ναῖον,
2635 2778 2819 2833 stricte
2869 2780 3150 2845 sumendo,
3175 2779 3325 2833 locus
3368 2791 3469 2848 est,
3498 2787 3543 2834 Iv
3586 2788 3641 2844 ὥ,
3672 2788 3729 2833 ιιι
3777 2779 3920 2833 idem
3956 2780 4035 2841 ait,

2461 2859 2711 2913 κιθέζεταιι
2746 2855 2770 2902 ὁ
2800 2860 3014 2913 τελώνης,
3040 2852 3091 2903 in
3114 2868 3209 2919 quo
3233 2851 3369 2904 sedet
3398 2853 3607 2915 telones,
3631 2866 3723 2905 seu
3755 2849 4035 2911 lelonarius,

2461 2924 2539 2975 sic
2566 2924 2740 2975 dictus
2767 2924 2866 2976 ἀπὸ
2893 2930 2977 2977 τσῦ
3005 2931 3163 2983 τιλους
3195 2920 3418 2994 (Crzecis
3444 2924 3587 2977 enim
3615 2932 3743 2985 τέλος
3772 2920 4040 2991 aliquando

2461 2993 2621 3065 etiam
2665 2994 2879 3064 vectigal
2911 3002 3003 3048 aut
3038 2993 3275 3065 tributum
3314 2994 3609 3065 signiﬁcat)
3649 3004 3703 3048 et
3730 2996 3886 3058 ὧνιῖν,
3916 2995 4038 3065 quod

2463 3063 2655 3135 iisdem
2684 3063 2846 3118 emere
2875 3075 2992 3129 est;
3026 3064 3131 3120 illis
3159 3063 3389 3135 namque
3418 3063 3749 3133 temporibus
3777 3064 4039 3135 vectigalia

2461 3134 2562 3206 sub
2582 3137 2775 3206 annuis
2800 3134 3110 3206 plerumque
3131 3133 3382 3190 censibus
3410 3135 3510 3206 sibi
3536 3136 3802 3206 redempta
3829 3133 4040 3204 posside

2466 3204 2622 3276 bant,
2656 3204 2887 3276 indeque
2925 3206 3139 3276 proprie
3189 3216 3415 3269 τιλῶναι,
3448 3204 3814 3275 Redemptores
3842 3210 4041 3271 υεςιίςμ·

2386 3291 2431 3352 C
2466 3273 2611 3338 lium,
2641 3278 2778 3352 apud
2802 3273 3082 3352 Romanus
3106 3291 3237 3352 vero
3268 3277 3540 3352 Publiceni
3565 3316 3580 3339 ,
3624 3273 4041 3352 nominabantur,

2463 3361 2561 3402 ceu
2589 3347 2801 3416 publicet:
2820 3348 3067 3417 pecuniw,
3090 3346 3301 3415 publico
3327 3348 3577 3402 nimirum
3607 3348 3797 3417 terario
3828 3346 4039 3401 inferen-

2463 3417 2576 3483 d:u,
2606 3420 2686 3472 vel
2717 3418 2784 3472 ab
2810 3416 2999 3474 eodem
3033 3418 3393 3485 redimendae,
3422 3428 3513 3473 aut
3545 3416 3779 3487 prmiecti
3802 3459 3819 3483 ,
3849 3426 3938 3471 aut
3964 3418 4044 3468 sub

2466 3487 2550 3543 his
2575 3498 2855 3544 exactores
2887 3507 2901 3543 :
2932 3489 3076 3559 quod
3122 3491 3387 3559 posterius
3433 3490 3706 3546 hominum
3746 3502 3952 3558 genus,
3990 3488 4045 3538 oh

2465 3560 2920 3628 importunitatem
2946 3574 3095 3615 snam
3123 3570 3178 3617 et
3206 3562 3481 3616 avaritiam
3503 3602 3517 3625 ,
3548 3560 3920 3631 pessimasque
3944 3559 4045 3611 huic

2464 3634 2778 3700 conjunctas
2793 3642 2955 3697 artes,
2977 3630 3163 3696 ferme,
3186 3632 3427 3699 ubilibet,
3444 3630 3644 3687 Judbcis
3663 3644 3797 3686 vero
3814 3631 4043 3691 maxime,

2468 3702 2694 3755 invisum
2725 3712 2859 3766 erat,
2891 3702 3121 3774 qni‘przc
3141 3705 3351 3774 ciaﬁteris
3379 3719 3437 3760 se
3464 3705 3719 3774 ingenuos
3744 3717 3811 3755 ac
3840 3700 4044 3757 libertini

2468 3782 2621 3826 natos
2642 3772 2949 3839 credebant,
2973 3772 3271 3838 Joan.VllI,
3287 3774 3377 3839 55,
3397 3772 3581 3829 contra
3597 3773 3879 3829 Christum
3898 3774 4044 3841 ἱρειηιι

2467 3844 2818 3899 vociferantes
2840 3864 2853 3899 :
2885 3845 3071 3899 Semen
3098 3844 3314 3897 Abrahae
3334 3861 3507 3898 sumus
3530 3861 3548 3898 :
3570 3844 3759 3897 nemini
3777 3845 4047 3898 misimus

2467 3930 2710 3985 unquam.
2749 3916 2926 3985 Atque
2956 3915 3081 3969 hinc
3105 3915 3368 3986 ejusmodi
3401 3916 3635 3969 telonarii
3676 3929 3773 3986 seu
3817 3914 4046 3983 publicani

2469 3984 2613 4041 velut
2641 3986 2830 4057 publici
2844 3984 3155 4056 peccatores,
3181 3987 3291 4042 imo
3312 3988 3455 4043 velut
3475 3987 3662 4040 ethnici
3684 3984 4013 4040 habebantur
4035 4027 4045 4045 ,

2466 4072 2495 4109 a
2526 4073 2753 4121 quorum
2775 4059 3154 4112 communione
3180 4058 3368 4126 pariter
3389 4057 3765 4113 abstinendum
3788 4066 3956 4112 esset.
3980 4062 4048 4107 At.

2468 4142 2570 4196 que
2600 4128 2722 4183 inde
2750 4128 3002 4182 Pharistei
3031 4137 3216 4182 contra
3238 4130 3505 4184 Christum
3526 4129 3752 4198 ejusque
3780 4129 4049 4197 discipulos

2470 4198 2837 4268 insurgebant,
2867 4198 3054 4252 Matth.
3090 4198 3180 4262 IX,
3210 4199 3298 4264 Η,
3327 4198 3565 4255 dicentes
3590 4216 3602 4249 :
3640 4200 3817 4264 Quare
3845 4215 3956 4251 cum
3980 4216 4050 4268 ['ft'

2471 4267 2695 4341 blicanis
2726 4282 2777 4324 et
2807 4270 3172 4341 peccatoribus
3199 4269 3470 4341 ntanducat
3503 4268 3751 4341 Hagister
3782 4272 3982 4323 uester?
4004 4267 4051 4322 Et

2469 4339 2608 4411 apud
2625 4339 2831 4402 eunti,
2870 4357 2916 4394 c.
2953 4340 3136 4405 XVIII,
3183 4341 3271 4405 Π,
3304 4340 3418 4412 ipse
3468 4339 3714 4412 Christus
3744 4341 3818 4393 ad
3850 4340 4051 4404 diseitut-

2472 4412 2554 4466 los
2599 4427 2759 4475 suos,
2820 4413 2886 4467 de
2925 4412 3157 4467 fraterna
3195 4411 3530 4467 correctione
3587 4411 3904 4477 disserens,
3943 4413 4005 4462 ait
4040 4426 4049 4458 :

2472 4482 2839 4606 fliEcclesiam
2865 4501 2966 4538 non
2998 4485 3248 4550 audierit,
3282 4484 3348 4537 sit
3373 4484 3460 4537 tibi
3484 4483 3617 4537 velut
3643 4484 3884 4537 ethnicus
3909 4492 3953 4536 et
3976 4498 4051 4550 ptio

2527 4570 2723 4606 tcanus.

2527 4570 2723 4609 tcanus.

2544 4623 2772 4679 Patrem.
2828 4624 2999 4680 Innuit
3042 4626 3127 4681 hic
3184 4624 3392 4680 Petrum
3436 4633 3490 4680 et
3538 4624 3839 4689 Andream,
3892 4624 4053 4694 quibus

2394 4683 2447 4744 D
2473 4711 2594 4751 cum
2638 4696 2882 4751 Christus
2928 4697 3194 4751 dixisset:
3238 4695 3412 4751 Venite
3466 4705 3576 4764 post
3621 4711 3736 4759 me,
3797 4683 3846 4750 ei
3900 4683 4054 4763 fama

2472 4783 2558 4822 vos
2579 4769 2689 4834 ﬁeri
2712 4769 2984 4837 piscatores
3006 4768 3283 4822 hominum.
3306 4768 3370 4821 At
3385 4769 3463 4821 illi
3487 4771 3749 4837 continuo,
3786 4768 3971 4820 relictis
3995 4782 4053 4813 τι·-

2473 4839 2621 4901 tibus,
2662 4836 2816 4893 secuti
2855 4849 2969 4893 sunt
3006 4855 3141 4905 eum,
3171 4838 3356 4892 Matth.
3386 4838 3476 4904 IV,
3504 4837 3593 4892 20.
3637 4836 3881 4891 Maxime
3908 4848 4055 4890 autem

2473 4925 2593 4964 cum
2626 4921 2869 4965 vocasset
2894 4908 3143 4963 Iacobum
3166 4921 3219 4963 et
3237 4909 3493 4963 Joannem
3511 4950 3525 4970 ,
3565 4910 3641 4963 illi
3666 4910 3873 4975 statim,
3899 4911 4055 4961 reiicit:

2482 4981 2668 5036 retibus
2698 4993 2744 5034 et
2774 4992 2922 5050 patre
2943 5022 2957 5045 ,
3012 4982 3169 5034 secuti
3195 4991 3312 5035 sunt
3351 4996 3483 5034 eum.
3511 4979 3643 5034 Ibid.
3666 4996 3720 5030 v.
3752 4979 3851 5033 32.
3876 4980 3999 5046 Quin
4018 4988 4057 5027 rt

2474 5063 2686 5105 matrem
2716 5054 2869 5107 simul
2900 5053 3246 5122 reliquerant,
3274 5068 3393 5122 qua:
3419 5062 3603 5121 postea
3629 5050 3825 5104 Matth.
3857 5050 3965 5107 XX.
3984 5053 4055 5105 ευ.

2478 5132 2753 5193 tantopere
2784 5123 2925 5179 circa
2956 5124 3073 5178 illos
3099 5122 3326 5178 sollicita
3350 5130 3468 5177 erat
3495 5122 3561 5178 de
3584 5124 3823 5193 primatu
3849 5124 3899 5176 in
3923 5136 4057 5188 regini

2476 5195 2632 5250 caelat
2650 5210 2735 5249 nm
2766 5195 3081 5250 obtinendo.

2551 5264 2807 5334 Despuit.
2856 5266 3007 5321 Hune
3044 5263 3215 5320 Clem.
3278 5264 3566 5320 Alexandr.
3611 5261 3729 5317 Lib.
3781 5264 3850 5319 Ill
3892 5265 4055 5319 Siron.

2476 5336 2705 5391 credidit
2732 5337 2896 5392 fuisse
2927 5338 2990 5392 S.
3023 5334 3331 5405 Philippum
3361 5334 3835 5406 Apostolumtqui
3867 5338 4059 5389 Uotnuro

2476 5409 2687 5462 vocanti
2722 5406 2903 5462 Matth.
2938 5406 3077 5472 VIII,
3106 5406 3199 5473 2i,
3229 5417 3275 5461 et
3302 5405 3421 5476 seq.
3446 5406 3623 5462 aiebat
3650 5424 3663 5458 :
3696 5405 3943 5463 Domine.
3973 5420 4058 5472 pcr-

2478 5480 2622 5532 mitte
2658 5496 2733 5533 nte
2774 5479 2992 5546 primum
3030 5479 3136 5543 ire,
3170 5488 3217 5534 et
3245 5479 3459 5550 sepelire
3489 5486 3681 5545 patrem
3713 5495 3911 5532 nicum.
3937 5477 4059 5550 less:

2479 5560 2647 5605 autem
2679 5551 2745 5603 ait
2779 5551 2893 5604 illi:
2920 5564 3162 5612 SEQUEBR
3192 5548 3355 5617 In,“
3386 5549 3579 5602 dimitte
3606 5559 3846 5603 mortuos
3883 5548 4061 5617 sepelire

2480 5632 2705 5676 mortuos
2740 5637 2879 5676 suos.
2908 5621 3014 5676 Sed
3040 5623 3167 5690 quid
3197 5630 3340 5677 vetat
3370 5621 3638 5690 integrum
3667 5620 3831 5675 illum
3863 5618 4057 5690 Tertull.

2482 5694 2654 5749 locum
2681 5709 2748 5747 ex
2780 5691 2840 5745 L.
2870 5693 2932 5746 de
2955 5689 3148 5747 ldolol.
3175 5708 3221 5746 c.
3251 5692 3319 5746 12
3349 5692 3434 5746 hic
3474 5689 3711 5762 attinere
3734 5735 3749 5757 ,
3790 5694 3881 5762 qui
3929 5689 4058 5743 etiam

2480 5779 2636 5835 supra
2670 5763 2915 5818 adductis
2943 5764 3204 5832 exemplis
3233 5762 3523 5833 congruit?
3550 5761 3692 5825 Jam,
3733 5761 3942 5833 inquit.
3970 5772 4059 5811 tunc

2481 5838 2880 5913 demonstratum
2907 5843 2977 5913 est
3008 5835 3151 5913 ncbis
3171 5876 3185 5899 ,
3216 5845 3260 5913 et
3291 5836 3609 5913 pignera,_et
3640 5835 3895 5913 artiﬁcia,
3923 5845 3966 5913 et
3993 5847 4059 5913 νεῖ
4144 5876 4145 5883 η

2481 5908 2618 5978 gotia
2657 5917 2864 5978 propter
2903 5904 3180 5963 Dominum
3201 5904 3616 5977 derelinquenda,
3643 5920 3770 5961 cum
3794 5904 4058 5963 Jacobtud
4144 5924 4145 5927 η
