4202 6496
143 433 283 491 1185

959 429 1302 490 APPENDIX
1340 426 1617 502 QUINTA,
1659 425 1726 485 IN
1764 425 2022 488 LIBRUM
2061 426 2149 486 DE
2187 425 2545 489 BAI’TISMO.

3281 427 3424 488 1186

215 550 280 601 At
305 557 432 600 vero
459 542 584 615 quid
612 549 755 601 vetat
787 542 838 598 in
862 552 1010 600 tanta
1037 546 1416 602 incertitudine
1445 544 1726 600 Africano-
1751 547 1803 607 Λ
1828 545 2112 612 lebratum,
2156 552 2210 602 et
2261 544 2497 616 Epistula
2549 543 2640 600 illa
2679 543 2892 616 nonnisi
2937 561 3024 600 an.
3072 545 3180 602 256
3227 547 3423 615 scripta

143 635 258 670 rum
302 619 594 671 Pricsulmn
627 659 639 679 ,
695 618 1060 686 Agrippiniani
1095 617 1447 688 Episcopatus
1473 616 1682 671 initimn
1708 659 1722 682 ,

145 692 423 758 ipsumque.
451 690 551 744 sub
577 689 858 758 Agrippino
888 689 1186 743 Concilium
1211 701 1327 743 ante
1349 707 1436 742 an.
1469 688 1573 743 160
1600 703 1730 743 con—

143 764 403 830 signare?
448 770 593 814 certe
641 764 784 814 enim
814 758 866 814 id
899 762 1066 828 magis
1094 759 1340 830 Cypriani
1385 761 1632 829 superius
1649 760 1730 812 al-

140 832 250 916 lato
287 831 594 916 testimonio
628 843 925 916 congruere
948 831 1158 916 videtur
1192 847 1204 884 :
1233 846 1462 900 natnquc
1494 832 1544 885 in
1569 831 1729 916 allata

144 903 234 956 illa
260 903 326 954 ad
362 901 679 955 Jubaiannm
708 900 947 971 Epistola
989 902 1190 957 diserte
1226 913 1450 958 testatur
1480 941 1494 964 ,
1545 901 1730 955 multos

131 975 250 1042 jam
276 988 457 1036 minos,
481 982 536 1028 et
562 975 767 1044 longam
792 982 988 1026 atatem
1014 972 1200 1034 fuisse.
1223 989 1286 1027 ex
1304 989 1401 1044 quo
1425 973 1515 1044 sub
1545 971 1733 1043 Agrip-

145 1045 267 1112 pino
311 1042 664 1100 convenientes
708 1043 973 1114 Episwpi,
1004 1052 1108 1098 etc.
1164 1042 1324 1114 Atqui
1356 1051 1400 1097 si
1435 1042 1602 1114 Cone.
1635 1046 1736 1097 hoc

145 1117 373 1187 primum
405 1123 526 1187 post
557 1113 1010 1186 persecutionem,
1040 1129 1182 1170 anno
1211 1113 1464 1171 nimirum
1494 1113 1602 1169 215
1642 1127 1738 1169 ce-

861 1272 1437 1340 CHRONOTAXIS

261 1511 371 1546 ΑΝΧΙ

216 1545 419 1609 cum“
455 1545 462 1609 ι
571 1545 896 1589 ronrmces.

486 1717 540 1767 S.
561 1714 794 1787 VICTOR
826 1716 980 1787 copti-
1003 1714 1012 1787 ι
1036 1724 1304 1787 Septimius
1343 1721 1579 1772 Severus.

519 1789 634 1831 nuat
657 1782 718 1829 ab
739 1793 814 1829 an.
837 1779 944 1830 185.

260 1844 364 1894 193.
454 1844 462 1894 Ι
610 1870 671 1880 —
799 1867 860 1879 -
1003 1844 1013 1894 Ι
1250 1873 1311 1884 -.
1561 1869 1621 1882 _..

257 1907 364 1954 I96.

256 1967 363 2017 197.

258 2030 363 2079 198.

256 2093 364 2144 201.

255 2154 365 2206 202.

255 2218 362 2267 208.

256 2279 363 2330 211.

253 2342 362 2392 213.

254 2404 362 2453 217.

253 2467 362 2515 218.

252 2530 363 2577 222.

253 2592 363 2640 250.

253 2715 361 2765 256.

252 2777 363 2828 257.

251 2841 362 2889 238.

251 2903 362 2952 244.

253 2965 364 3016 217.

251 3028 362 3077 218.

253 3090 361 3141 210.

251 3154 362 3202 250.

252 3215 364 3264 251.

254 3276 360 3327 9.3L

253 3337 364 3388 (Εὖ.

452 3525 459 3576 l
606 3554 668 3564 —-
792 3552 854 3565 —-

254 3650 362 3700 237.
452 3649 534 3700 IS.
575 3649 819 3700 SIX'IES.

252 3714 360 3761 258.
453 3714 459 3765 l
483 3714 642 3765 Sedes
666 3720 820 3762 vacat.

262 1720 366 1770 193.

1253 1936 1315 1946 -ο
1563 1931 1627 1944 -Ω

486 1967 538 2018 s.
563 1930 979 2020 zfpuvaTnus.
1004 1930 1012 2020 Ι
1253 1936 1316 2008 Σ

1035 2282 1274 2332 Caret-alla
1299 2291 1342 2334 et
1367 2281 1493 2332 Geta
1516 2279 1626 2332 soli.

1036 2343 1273 2395 (‘m'acalla
1297 2344 1445 2398 solus.

1037 2406 1302 2456 Macrinus.

1035 2469 1405 2531 Heliogabalus.

1033 2531 1321 2582 Alexander
1342 2533 1582 2582 Severus.

1036 2655 1345 2705 Maximinus.

1034 2779 1266 2830 Baibinus
1302 2786 1347 2831 cl
1378 2779 1644 2843 Pupienus.

1037 2844 1326 2894 Gordianus.

1036 2906 1306 2968 Philippus.

1035 3090 1234 3142 Decius.

484 3151 644 3201 Sedes
667 3157 822 3201 vacat.

483 3215 536 3262 S.
563 3212 932 3264 CORNELIUS.

483 3276 535 3325 S.
563 3275 806 3326 LUCIIIS.

483 3339 534 3388 S.
581 3337 975 3390 STEPHANUS.
1002 3337 1009 3390 Ι
1033 3340 1326 3390 Valerianus
1346 3348 1390 3390 et
1413 3339 1685 3390 Gallienus.

1396 1544 1782 1587 IMPERATORES.

1037 2157 1238 2208 Initium
1275 2161 1528 2208 Persecut.
1569 2152 1832 2208 Christian.

1035 2222 1254 2270 Severus
1293 2235 1401 2271 cum
1427 2215 1586 2274 Filiis.
1610 2218 1850 2270 Caracalla
1868 2223 1912 2268 t’l
1935 2217 2076 2270 Geta.

1036 2964 1285 3032 Philippus
1307 2980 1416 3017 cum
1453 2964 1546 3018 Fil.
1587 2965 1830 3032 Philippo.

571 1545 896 1589 ronririces.
1396 1544 1782 1587 iurens'rones.
2329 1545 2424 1589 nes
2455 1547 2522 1588 sn
2550 1547 2836 1590 msroatsu
2865 1549 3241 1591 remeamus.

262 1720 366 1770 195.
486 1717 540 1767 S.
561 1714 794 1768 VICTOR
826 1716 980 1766 conti-
1036 1724 1304 1787 Septimius
1343 1721 1579 1772 Severus.

519 1789 634 1831 nuat
657 1782 718 1829 ab
739 1793 814 1829 an.
837 1779 944 1830 185.

610 1870 671 1880 —
799 1867 860 1879 -—
1250 1873 1311 1884 -
1561 1869 1621 1882 —-
1871 1869 1928 1881 —
2197 1841 2651 1957 ἇξέἓῖξτίπὲἐῗιῗέεα
2673 1842 2800 1897 hunc
2822 1857 2935 1896 amt.
2953 1843 3009 1911 ﬁt
3030 1845 3194 1910 Episc.
3214 1843 3376 1897 Cartb.

256 1967 363 2017 197.
486 1967 538 2018 8.
563 1964 979 2020 ZEPHYRINUS.
1253 1997 1316 2008 --
1563 1995 1624 2006 —
1874 1995 1935 2006 —
2197 1966 2530 2020 'l‘ertullianus
2561 1920 2728 2020 agi-ibit
2750 1969 2835 2020 lib.
2861 1971 2926 2022 de
2948 1971 3211 2035 Baptismo.

258 2030 363 2079 198.
611 2056 672 2067 -
797 2055 858 2066 -
1036 2033 1557 2098 Septim.Sever.cum
1575 2029 2140 2084 Fil.Antonin.Caraeal.

256 2093 364 2144 201.
608 2117 670 2129 --
794 2116 857 2127 —-
1251 2122 1310 2132 --
1557 2119 1621 2130 —-
1675 2153 1689 2166 ο
1739 2152 1752 2164 ,
1871 2120 1931 2132 —-
2199 2091 2487 2145 Tertullian.
2509 2093 2687 2147 sensim
2708 2091 2874 2160 tle/icit
2895 2093 2961 2144 ad
2987 2096 3282 2146 Montanum.

255 2154 365 2206 202.
610 2180 673 2190 -
796 2178 854 2189 -
1037 2157 1238 2208 Initium
1275 2161 1528 2208 Persecut.
1569 2153 1832 2208 Christian.

255 2218 362 2267 208.
610 2242 669 2255 -
796 2241 858 2252 --
1035 2222 1254 2270 Severus
1293 2235 1401 2271 cum
1427 2215 1586 2274 Filiis.
1610 2218 1850 2270 Caracalla
1868 2223 1912 2268 et
1935 2217 2076 2270 Geta.

256 2279 363 2330 211.
607 2305 670 2316 --
794 2301 857 2313 -—
1035 2282 1274 2332 Caret-alla
1299 2291 1342 2334 et
1367 2281 1493 2332 Geta
1516 2279 1626 2332 soli.

253 2342 362 2392 213.
608 2367 669 2377 -
794 2364 858 2375 —-
1036 2343 1273 2395 (‘m'acalla
1297 2344 1445 2398 solus.

254 2404 362 2453 217.
484 2397 537 2450 8.
564 2399 928 2453 CALLISTUS.
1037 2406 1302 2456 Macrinus.

253 2467 362 2534 218.
595 2491 666 2534 ,-
794 2490 858 2500 -
1035 2469 1405 2531 Heliogabalus.

1033 2531 1321 2582 Alexander
1342 2533 1582 2582 Severus.
2203 2526 2348 2580 Circa
2363 2528 2542 2582 lnam.
2564 2527 2784 2582 Donatus
2805 2528 2958 2581 Iactus
2980 2528 3138 2593 Hpisc.
3155 2523 3382 2591 Carthag.

485 2650 536 2702 S.
562 2649 873 2700 ANTERL'S.
1036 2655 1345 2705 Maximinus.

253 2715 361 2765 9.36.
485 2713 538 2764 S.
565 2711 900 2763 FABIANUS.

252 2777 363 2828 257.
609 2803 670 2812 —
794 2801 856 2813 ——
1034 2779 1266 2830 Baibinus
1302 2786 1347 2831 cl
1378 2779 1644 2843 Pupienus.

251 2841 362 2889 238.
608 2864 670 2877 ο·-
795 2867 854 2879 —
1037 2844 1326 2894 Gordianus.

251 2903 362 2952 244.
607 2928 670 2938 -
794 2931 858 2941 -
1036 2906 1306 2968 Philippus.

253 2965 364 3016 217.
607 2991 669 3000 —
793 2993 856 3002 —
1036 2968 1285 3032 Philippus
1307 2980 1416 3017 cum
1453 2964 1546 3018 Fil.
1587 2965 1830 3032 Philippo.
2251 3023 2261 3033 ο
3115 3021 3125 3031 ,

251 3028 362 3141 ξ
606 3051 668 3062 -
793 3052 855 3063 -—-
1035 3090 1078 3140 Β
1145 3093 1152 3102 ⁸
1247 3055 1308 3064 -
1560 3055 1623 3066 --
1872 3053 1934 3066 -
2204 3025 2421 3078 Circa/1.
2443 3038 2558 3078 ann.
2589 3025 2648 3076 8.
2671 3023 2938 3090 Cyprianus
2957 3024 3010 3089 ﬁt
3034 3027 3197 3088 Episc.
3221 3020 3385 3074 Carth.

254 3124 282 3139 as
351 3128 361 3139 ο
605 3113 666 3123 -³
791 3115 854 3126 ⁸-⁸

251 3154 362 3202 250.
484 3151 644 3201 Sedes
667 3157 822 3201 vacat.

252 3215 364 3264 251.
483 3215 536 3262 8.
563 3212 932 3264 CORNELIUS.

254 3276 360 3327 9.3L
483 3276 535 3325 S.
563 3275 806 3326 Ι.1;(111ῖ8.
1034 3277 1218 3335 Gallus,
1245 3275 1537 3327 Volusianus
1559 3282 1604 3327 et
1627 3275 1941 3327 Hostilianus.

253 3337 364 3388 2353.
483 3339 534 3388 S.
581 3337 975 3390 STEPHANUS.
1033 3340 1326 3390 Valerianus
1346 3348 1390 3390 et
1413 3339 1685 3390 Gallienus.

605 3427 666 3440 -—
792 3429 854 3439 —
1249 3430 1310 3440 —
1563 3429 1623 3440 —
1873 3427 1935 3440 -
2202 3395 2527 3450 Resuscitatur
2550 3395 2634 3448 lib.
2661 3397 2722 3447 ac
2747 3395 2946 3462 Rebapt.
2982 3399 3150 3448 lueret.
3178 3395 3218 3447 i.
3243 3395 3390 3448 Cone.

2263 3461 2426 3512 Carth.
2453 3461 2538 3511 sub
2556 3463 2612 3511 S.
2637 3458 2895 3525 Cypriano.

606 3554 668 3564 --
792 3552 854 3565 —-
1249 3553 1310 3563 —
1559 3552 1620 3564 —
1866 3550 1930 3564 --
2201 3522 2246 3573 11
2286 3531 2330 3574 et
2369 3524 2459 3574 III.
2485 3523 2631 3574 Cone.
2669 3523 2896 3585 Carthag.
2925 3522 3012 3572 sub
3034 3521 3143 3573 eod.
3169 3521 3222 3571 S.
3249 3521 3391 3586 Cypr.

2261 3584 2429 3638 scribit
2451 3585 2543 3648 Ep.
2565 3585 2623 3634 ad
2644 3584 2960 3635 Jubaianum.

254 3650 362 3700 237.
483 3651 534 3700 S.
575 3649 819 3700 SIXTL‘S.

252 3714 360 3761 258.
483 3714 642 3765 Sedes
666 3720 820 3762 vacat.
1253 3737 1314 3748 ——
1567 3736 1624 3748 --
1875 3737 1937 3748 —
2197 3707 2250 3757 S.
2277 3707 2543 3772 Cyprianus
2563 3705 2806 3772 lartyrio
2827 3714 3099 3760 coronatur.

1832 617 2028 703 fuerit,
2075 631 2182 671 non
2228 614 2364 703 adeo
2412 618 2724 703 multiformi
2746 614 2963 703 (quippe
2986 617 3307 703 solutust),
3328 614 3425 672 nec

1832 689 1984 758 proin
2007 689 2313 759 longaitetas
2333 730 2347 755 ,
2380 703 2409 742 a
2439 687 2607 744 Cone.
2648 688 2738 742 illo
2759 687 3010 757 Carthag.
3040 688 3307 758 Agrippini
3328 704 3426 742 ex-

1832 758 2110 815 currisset.
2159 758 2216 815 Si
2259 774 2388 842 vero
2430 760 2735 842 boenipsma
2770 759 2976 840 Concil.
3018 762 3084 842 ad
3137 759 3426 842 A..C..l94

1835 844 2199 900 reponamus,
2253 829 2442 886 saltem
2493 829 2564 885 62
2613 831 2785 892 annis,
2835 831 2923 900 qui
2967 840 3166 884 atatem
3196 829 3429 900 denique

1835 899 2103 982 coniicere
2123 911 2382 982 possunt,
2431 916 2460 955 a
2490 901 3043 982 Cypriaiii_scri|)entis
3068 909 3312 982 tempore
3337 915 3428 981 re-

1840 970 2164 1026 movebitur.
2207 971 2314 1026 Sed
2361 970 2577 1040 prazstat
2602 986 2715 1026 rem
2744 980 2906 1025 totam
2928 1011 2942 1036 ,
2972 986 3038 1026 ex
3065 970 3426 1040 Chronologia

1843 1041 2028 1111 Pagii,
2055 1057 2214 1110 quam
2243 1043 2376 1097 alias
2393 1042 2504 1112 jam
2535 1042 2588 1096 in
2615 1040 2730 1096 Lib.
2759 1043 2824 1096 de
2850 1040 3046 1095 Prwsc.
3070 1041 3302 1112 amplexi
3329 1043 3430 1097 fui-

1842 1127 1984 1181 mus,
2016 1114 2162 1168 velut
2182 1114 2283 1170 sub
2304 1128 2468 1168 unum
2511 1114 2758 1170 intuitum
2784 1112 3048 1184 redigere.

1506 1271 1910 1336 HISTORIJE
1977 1270 2706 1338 REBAPTIZANTIUM.

2329 1545 2424 1589 RES
2455 1547 2522 1588 AD
2550 1547 2836 1590 HISTORIA]!
2865 1549 3241 1591 PBRTINENTES.

1871 1869 1928 1881 —
2169 1841 2495 1911 ιᾼενὶιψίπῃιε
2516 1843 2651 1911 circa
2673 1842 2800 1897 hunc
2822 1857 2935 1896 amt.
2953 1843 3009 1911 ﬁt
3030 1845 3194 1910 Episc.
3214 1843 3376 1897 Cartb.

1875 1931 1936 1942 —-
2169 1903 2176 1969 |
2197 1903 2380 1969 Concil.
2408 1905 2634 1969 Cat'thag.

1874 1995 1962 2035 -η
2108 2029 2119 2035 ,
2169 1966 2530 2035 |'l‘ertullianus
2561 1966 2728 2020 scribit
2750 1969 2835 2020 lib.
2861 1971 2926 2022 de
2948 1971 3211 2035 Baptismo.

1036 2033 1242 2098 Septim.
1253 1997 1431 2083 Seven
1446 1995 1668 2083 cum-1:51.
1682 1995 2140 2084 AntoninTCaraeal.

1871 2120 1931 2132 —-
2168 2091 2487 2160 |Tertullian.
2509 2093 2687 2147 sensim
2708 2091 2874 2160 tle/icit
2895 2093 2961 2144 ad
2987 2096 3282 2146 Montanum.

2203 2526 2348 2580 Circa
2363 2528 2542 2582 lnam.
2564 2527 2784 2582 Donatus
2805 2528 2958 2581 Iactus
2980 2528 3138 2593 Hpisc.
3155 2523 3382 2591 Carthag.

1872 3053 1934 3066 —
2171 3020 2179 3090 |
2204 3023 2421 3078 Circa/1.
2443 3038 2558 3078 ann.
2589 3025 2648 3076 8.
2671 3023 2938 3090 Cyprianus
2957 3024 3010 3089 ﬁt
3034 3021 3197 3088 Episc.
3221 3020 3385 3074 Carth.

1034 3277 1218 3335 Gallus,
1245 3275 1537 3327 Volusianus
1559 3282 1604 3327 et
1627 3275 1941 3327 Hostilianus.

1873 3427 1935 3440 --
2171 3395 2179 3467 Ι
2202 3395 2527 3467 Resuscitatnr
2550 3395 2634 3467 lib.
2649 3397 2722 3467 με
2747 3395 2946 3467 Ιζεικιρι.
2982 3399 3150 3448 lueret.
3178 3395 3218 3447 i.
3243 3395 3390 3448 Cone.

2263 3461 2435 3525 Carth.
2453 3461 2538 3525 sub
2556 3463 2612 3511 S.
2637 3461 2895 3525 Cypriano.

2201 3522 2246 3573 11
2286 3531 2330 3574 et
2352 3523 2631 3586 IIILConc.
2653 3521 2896 3586 ,Carthag.
2925 3522 3012 3572 sub
3034 3521 3143 3573 eod.
3169 3521 3222 3571 S.
3249 3521 3391 3586 Cypr.

2261 3584 2429 3638 scribit
2451 3585 2543 3648 Ep.
2565 3585 2623 3634 ad
2644 3584 2960 3635 Jubaian’um.

2197 3707 2250 3757 S.
2277 3707 2543 3772 Cyprianus
2563 3705 2806 3772 lartyrio
2827 3714 3099 3760 coronatur.

215 3913 380 3970 Vides
426 3929 575 3984 ergo,
625 3913 814 3968 Lector
860 3913 1148 3976 Benevole,
1207 3915 1259 3967 in
1306 3914 1407 3968 hoc
1447 3921 1736 3984 systemate
1765 3917 1814 3976 B
1843 3919 2043 3980 egerat,
2076 3910 2330 3984 scriptum
2362 3909 2549 3984 fuisse,
2594 3910 2814 3984 dubium
2842 3926 2962 3984 esse
2995 3928 3098 3966 non
3130 3922 3328 3982 potest.
3363 3913 3449 3966 In-

133 3987 498 4058 Agrippinum
552 4001 734 4058 neque
760 3985 1030 4058 Cypriane
1056 3983 1215 4038 nimis
1240 3998 1402 4058 prepe
1431 3983 1731 4058 admoveri,

129 4055 317 4126 neque
361 4057 504 4125 justo
551 4057 759 4127 longius
793 4055 862 4111 ab
901 4056 1090 4110 eodem
1125 4056 1389 4127 removeri
1419 4096 1436 4127 ρ
1469 4055 1733 4127 facileque

127 4125 368 4198 spatium
404 4128 530 4182 illud
576 4125 670 4198 per
703 4125 995 4188 Donatum,
1029 4127 1126 4194 Ep.
1169 4125 1542 4198 intermedium
1568 4125 1730 4197 (forte

128 4194 320 4254 autem
349 4209 402 4254 et
448 4194 592 4253 unus
613 4199 834 4266 insuper
849 4198 1057 4253 alterve
1088 4194 1484 4268 intercesserat)
1517 4194 1729 4266 impleri

127 4272 400 4340 potuisse.
437 4270 842 4340 Deniqueﬂvero
865 4277 924 4322 ut
962 4284 1059 4323 nec
1087 4277 1262 4340 saneto
1293 4267 1550 4340 Cypriano
1575 4279 1630 4324 et
1659 4269 1730 4322 A-

125 4338 410 4413 grippino,
454 4342 524 4397 ita
551 4338 648 4396 nec
667 4339 984 4413 Tertulliano
1015 4355 1168 4413 error
1191 4338 1276 4413 hic
1299 4338 1566 4413 quidpiam
1593 4339 1727 4394 labis

129 4359 255 4413 grtp
298 4359 410 4408 1110,
454 4359 524 4397 ιω
551 4359 648 4396 nec
670 4359 694 4393 ι
715 4359 984 4394 ertumano
1015 4359 1165 4393 CI'I'OI'
1193 4359 1276 4393 IIIC
1299 4359 1566 4407 quinptam
1594 4359 1727 4394 13018

129 4359 361 4468 intuIit:
398 4415 594 4484 quippe
634 4426 754 4484 cum
800 4410 998 4484 Dognia
1029 4410 1172 4484 illud
1196 4409 1282 4484 ‘de
1325 4410 1593 4484 haereticis
1627 4426 1732 4466 non

129 4479 542 4554 rebaptizandis
559 4481 790 4554 nondum
817 4479 895 4554 ab'
916 4482 1157 4554 Ecclesia
1179 4479 1474 4554 deﬁnitum,
1501 4481 1608 4536 imo
1649 4498 1736 4537 res

130 4553 370 4609 iiaec’ad
413 4554 580 4608 solam
623 4553 878 4608 Ecclesia:
919 4553 1239 4618 disciplinam
1280 4553 1545 4618 pertinere
1573 4554 1734 4607 etiam

125 4625 266 4679 aliis
295 4624 568 4688 Patribus,
599 4624 720 4678 vita:
771 4625 1051 4679 sanctitate
1075 4623 1387 4690 insignibus,
1419 4623 1528 4676 visa
1557 4622 1732 4688 fuerit,

131 4695 297 4750 Unde
332 4711 504 4766 neque
542 4705 665 4766 post
710 4705 935 4750 mortem
982 4695 1143 4748 sancti
1175 4694 1427 4766 Stepliam'
1476 4694 1631 4749 Poat.
1682 4705 1738 4750 et

131 4767 309 4822 sancti
329 4764 608 4838 Cypriani,
640 4767 752 4838 haec
772 4767 1030 4838 opiniorct
1058 4767 1266 4834 praxis,
1315 4764 1614 4838 haereticos,
1641 4781 1734 4820 seu

131 4839 206 4893 ab
241 4836 429 4893 limresi
457 4836 523 4892 ad
540 4837 832 4892 Ecclesium
862 4837 1134 4891 venientes
1155 4879 1168 4898 ,
1201 4836 1583 4907 rebaptizandi,
1607 4839 1734 4907 quin

131 4925 320 4980 neque
366 4919 485 4978 post
510 4909 791 4963 Concilium
815 4909 1106 4980 Arelatense
1133 4907 1175 4972 I,
1209 4924 1295 4980 an.
1325 4906 1432 4961 315
1474 4906 1734 4969 habitum.

129 4994 193 5036 et
224 4979 355 5035 Con.
382 4980 652 5034 Niceenum
680 4995 747 5035 an
770 4979 878 5035 525
925 4979 1251 5048 celebratum
1274 4979 1520 5048 (quorum
1555 4988 1735 5034 tamen

127 5053 455 5107 alterutrum
495 5051 658 5105 fuisse
701 5051 933 5106 creditur
957 5047 1236 5104 Concilium
1269 5049 1389 5103 illud
1420 5047 1736 5110 Plenarium,

130 5125 190 5178 in
220 5138 330 5192 quo
359 5122 415 5176 S.
443 5123 577 5192 Aug.
633 5120 672 5176 ι.
702 5123 725 5178 1
762 5122 825 5176 de
854 5121 983 5192 Bap.
1016 5138 1061 5175 c.
1093 5122 1144 5185 7,
1176 5133 1229 5176 et
1255 5121 1402 5184 alibi,
1433 5119 1578 5174 litem
1604 5121 1740 5175 hanc

127 5195 304 5263 plene
329 5193 648 5264 diremptam
679 5194 772 5261 ait)
798 5193 940 5248 illico
961 5193 1270 5247 exoleverat
1300 5208 1314 5254 ;
1343 5193 1555 5260 quando
1576 5192 1739 5264 etiam

130 5274 360 5318 sanctus
386 5263 633 5328 Basilius,
667 5265 876 5318 nonnisi
902 5280 990 5318 an.
1023 5264 1147 5326 579,
1180 5271 1441 5327 mortuus,
1468 5278 1586 5316 eam
1616 5263 1742 5317 uni-

130 5337 338 5404 cuique
384 5335 632 5391 Ecclesiae
687 5335 908 5390 liberam
933 5333 1163 5404 reliquit,
1205 5334 1429 5402 ipsemet
1449 5333 1623 5388 adhuc
1652 5350 1742 5388 re-

132 5406 785 5476 ]iaptizantium‘praxim
843 5407 893 5459 in
945 5420 1039 5460 sua
1093 5405 1334 5460 Ecclesia
1373 5414 1626 5476 secutus.
1685 5414 1744 5459 ttt

132 5475 401 5533 'l'Ournel.
456 5476 543 5531 Tr.
585 5477 646 5529 dc
697 5477 933 5532 Sacram.
964 5477 1015 5546 in
1073 5493 1252 5546 genere
1294 5492 1343 5539 q.
1370 5475 1422 5540 7,
1456 5477 1564 5529 Art.
1598 5475 1654 5541 2,
1686 5495 1737 5543 p.

132 5566 214 5602 sn.
245 5548 346 5604 100
393 5557 437 5600 et
490 5565 594 5616 seq.
644 5550 946 5603 conlitctur.
972 5544 1170 5602 Verum
1209 5561 1304 5601 nos
1335 5546 1432 5601 hac
1456 5546 1523 5602 de
1550 5563 1606 5601 re
1643 5561 1742 5600 suo

135 5631 388 5689 tempore
416 5618 563 5673 alibi.

216 5687 286 5744 In
339 5705 520 5762 grmco.
569 5691 706 5744 Sine
737 5687 1317 5762 Tcrlullianum‘Grtcei
1363 5703 1573 5762 quoque
1621 5703 1736 5742 ser-

132 5758 614 5831 monis'apprimc
669 5761 936 5830 peritum,
983 5770 1037 5816 et
1089 5759 1155 5814 ab
1199 5758 1386 5814 eodem
1426 5760 1535 5829 jam
1580 5771 1736 5814 antea

130 5834 307 5885 alium
338 5831 530 5886 librum
553 5833 616 5885 de
639 5831 920 5900 Baptismo,
952 5832 1005 5885 in
1027 5845 1132 5899 quo
1162 5831 1426 5900 prrccipue
1455 5831 1521 5884 de
1546 5831 1734 5884 eodem

130 5903 209 5960 ab
243 5902 504 5959 haereticis
548 5899 780 5958 invalido
808 5913 1080 5972 suscepto,
1133 5899 1478 5972 proindequc,
1513 5916 1634 5954 cum
1658 5901 1734 5972 ad

128 5974 438 6031 Ecclesium
502 5984 740 6032 nostram
794 5972 1049 6031 accedere
1098 5971 1408 6042 voluerint,
1463 5971 1728 6041 iterando.

1842 3996 2008 4051 super
2038 3997 2167 4037 vero
2197 3982 2248 4036 in
2278 3982 2314 4034 ι.
2348 3983 2412 4036 de
2445 3981 2566 4036 Cor.
2598 3981 2716 4035 Mil.
2757 3997 2803 4035 c.
2844 3982 2897 4045 6,
2925 3981 3166 4047 tesmtur,
3194 4000 3253 4039 se
3276 3993 3447 4039 mate-

1837 4053 1932 4106 rice
1982 4052 2075 4122 (de
2101 4051 2456 4124 Spectaculis)
2498 4063 2716 4122 propter
2753 4053 3078 4108 suaviludios
3107 4053 3298 4109 Grmco
3316 4071 3449 4124 quo-

1834 4139 1938 4190 que
1983 4137 2234 4178 sermone
2277 4122 2602 4178 satisfecisse
2634 4164 2650 4189 ,
2701 4131 2755 4177 et
2786 4138 2911 4178 mox
2960 4124 3026 4178 ad
3072 4125 3190 4180 init.
3220 4122 3362 4180 Libri
3386 4127 3450 4181 de

1832 4194 2060 4248 vetandis
2093 4191 2344 4266 Virginib.
2399 4193 2700 4266 luculenter
2745 4193 2998 4262 insinuat,
3040 4210 3099 4250 se
3137 4196 3238 4251 hoc
3275 4197 3448 4266 ipsum

1833 4263 2205 4337 argumentum
2256 4265 2366 4337 jam
2421 4266 2572 4337 prius
2608 4263 2784 4337 Grgce
2826 4275 3108 4322 tractasse.
3149 4263 3447 4323 Dolendum

1832 4350 1961 4390 vero
1991 4344 2093 4401 est,
2137 4335 2269 4391 hazc'
2298 4345 2352 4390 et
2383 4335 2485 4391 alia
2522 4341 2640 4406 ejus
2674 4335 2862 4392 Graeca
2889 4350 3233 4393 monumenta
3264 4347 3446 4394 vetus-

1843 4415 1955 4478 tate
1983 4407 2186 4475 pridem
2215 4406 2845 4478 eonsumptaﬁinteriisse.

1918 4475 2139 4532 Peccata
2183 4475 2466 4532 diluuntur.
2515 4477 2617 4533 Per
2645 4475 2974 4546 Baptismum
3014 4494 3248 4548 nempe;
3299 4479 3452 4536 dein-

1844 4562 1976 4621 ceps
2025 4559 2202 4604 autem
2236 4548 2541 4621 commissa
2593 4562 2689 4619 per
2736 4548 3001 4620 lacrymas
3041 4551 3219 4621 utique
3270 4551 3450 4608 Pierii-

1847 4620 2032 4674 tentia:
2053 4620 2280 4674 eluenda
2312 4627 2455 4674 sunt.

1918 4689 2328 4760 Israeljudteus.
2373 4689 2642 4756 ISBAEL,
2676 4699 2732 4744 ut
2776 4689 2916 4746 idem
2967 4690 3160 4748 Noster
3195 4693 3247 4748 in
3281 4694 3316 4748 l.
3356 4693 3450 4749 IV.

1847 4759 1967 4814 adv.
2011 4759 2181 4816 Marc.
2220 4777 2268 4815 c.
2317 4761 2408 4829 39,
2443 4762 2860 4830 interpretatur,
2894 4771 2975 4817 est
3007 4778 3022 4817 :
3051 4779 3164 4817 cum
3213 4763 3321 4819 Deo
3364 4766 3450 4819 in-

1844 4853 2118 4915 notescens,
2145 4861 2238 4923 aut
2277 4852 2572 4908 secundum
2601 4853 2736 4907 alios
2764 4854 2916 4923 quasi
2943 4831 3018 4908 5R
3061 4859 3183 4909 mw
3218 4856 3451 4911 domina-

1843 4932 1925 4976 tus
1943 4933 2016 4978 est
2041 4923 2166 4978 Deo.
2196 4922 2304 4980 Sed
2331 4933 2387 4979 et
2411 4924 2524 4993 ipse
2545 4922 2791 4979 context.
2819 4924 2949 4979 Gen.
2989 4924 3218 4991 XXXII,
3241 4927 3332 4994 28,
3360 4943 3453 4997 ap-

1844 5017 2018 5086 prime
2057 5024 2338 5081 consonat,
2385 5016 2476 5071 ubi
2509 5015 2744 5086 Angelus
2769 5015 2834 5071 ad
2867 5016 3070 5088 Iacob:
3110 5017 3451 5088 Nequaquam

1843 5084 2012 5161 Iacob
2033 5108 2376 5176 appellabitur
2398 5123 2580 5162 nomen
2601 5084 2770 5173 tuum,
2791 5107 2880 5161 sed
2913 5084 3133 5178 ὠθήτω)
3167 5084 3448 5178 1811ρ1ΕΙλς

1847 5197 1968 5266 quia
1984 5199 2025 5252 si
2044 5197 2233 5269 (nmo)
2255 5212 2446 5255 ron'rts
2468 5213 2661 5263 FUISTI,
2683 5213 2775 5252 seu
2794 5177 3103 5271 prtrualuisti
3122 5177 3318 5269 (ambs
3341 5201 3448 5271 DY)

1849 5284 2056 5340 conruit
2082 5279 2450 5338 nauu,quanto
2477 5271 2638 5340 magis
2663 5280 2834 5323 contra
2864 5270 3091 5324 homines
3121 5270 3453 5338 pratvalebis!

1923 5337 2696 5401 Inquinatur.Erantludatis
2737 5340 3029 5394 innumera:
3072 5337 3296 5396 lotiones
3337 5354 3450 5398 tum

1852 5409 1904 5462 in
1933 5411 2069 5465 libro
2101 5409 2268 5463 Exodi
2299 5449 2316 5474 ,
2353 5420 2460 5465 tum
2485 5409 2693 5467 Levitici
2713 5451 2728 5475 ,
2776 5412 3098 5480 pra-scripta:
3122 5452 3138 5477 ,
3181 5427 3312 5481 quas
3341 5415 3452 5468 sin-

1849 5481 2002 5548 gaias
2031 5496 2339 5547 recensere,
2373 5497 2502 5536 sane
2555 5481 2902 5537 redundantis
2926 5496 3102 5550 operae
3134 5492 3298 5538 esset.
3325 5482 3453 5539 Om-

1850 5551 1939 5604 nia
1988 5561 2166 5607 autem
2233 5551 2348 5607 haec
2403 5553 2612 5608 lavacra
2655 5551 2788 5606 nihil
2824 5551 2890 5607 ad
2943 5553 3174 5607 animam
3225 5553 3452 5610 abluen~

1850 5621 1974 5696 dam
2025 5639 2103 5696 es
2134 5637 2219 5696 sc‘
2232 5631 2505 5696 poterant,
2556 5621 2649 5679 sed
2680 5622 2808 5696 solis
2851 5623 3088 5696 maculis
3115 5638 3178 5678 ac
3225 5625 3450 5696 impuri-

1848 5693 2052 5746 tatibus
2092 5693 2349 5762 legalibus
2399 5704 2453 5750 et
2495 5693 2866 5764 corporalibus
2897 5693 3268 5748 medebantur.
3301 5693 3450 5751 Prai-

1847 5775 1996 5816 terca
2051 5778 2178 5817 vero
2235 5764 2478 5834 plurima.-
2507 5763 2612 5820 illis
2654 5763 2776 5816 alia:
2820 5773 3008 5828 erant,
3057 5779 3121 5818 es
3151 5765 3454 5824 vanissimis

1846 5834 2222 5905 traditionibus
2261 5837 2328 5890 ad
2368 5836 2781 5905 ostentationem
2813 5850 2983 5905 usque
3011 5834 3285 5905 observari
3317 5837 3453 5894 soli-

1840 5915 1935 5969 ta).
1962 5913 2018 5958 ut
2041 5904 2204 5976 Marc.
2244 5905 2352 5973 VII,
2384 5921 2430 5959 υ.
2463 5907 2520 5972 6,
2561 5915 2608 5960 et
2639 5921 2743 5976 seq.
2763 5903 2990 5962 habetur
3017 5922 3034 5962 :
3067 5904 3326 5962 Pharisaei
3348 5948 3363 5974 ,
3409 5917 3458 5965 et

1842 5992 2017 6031 omnes
2041 5974 2214 6031 «Ιαάωὶ
2233 6017 2250 6043 ,
2273 5979 2372 6033 nisi
2396 5977 2569 6035 crebro
2591 5974 2806 6034 laverint
2833 5993 3015 6035 manus
3037 6015 3056 6049 ,
3102 5993 3204 6034 non
3229 5979 3454 6038 momin-
