4202 6496
749 411 887 467 1187

2103 412 2114 428 ”
2125 407 2579 469 TERTULLIANI

3898 407 4049 463 1158

747 540 879 594 cant,
912 537 1128 584 tenentes
1154 528 1477 583 traditionem
1503 527 1753 581 seniorum
1779 543 1796 580 :
1835 530 1879 581 ct
1907 542 1936 579 a
1959 531 2070 598 foro
2099 529 2197 582 nisi
2220 532 2342 598 bap—
2368 527 2420 587 Α
2519 526 2828 598 Sanguinem
2857 533 3110 596 potarent.
3141 525 3262 582 Mihi
3295 523 3510 596 quidem
3547 525 3765 581 dubium
3795 541 3911 580 non
3939 533 4046 584 est.

748 605 983 667 tizcntur,
1013 617 1113 653 non
1139 601 1447 654 comedunt:
1494 610 1540 652 et
1578 600 1682 652 alia
1718 601 1880 652 multa
1920 610 2035 652 sunt
2061 642 2074 663 ,
2103 617 2214 668 qua:
2237 612 2340 654 tra-

745 673 849 726 dita
873 682 988 726 sunt
1013 673 1114 726 illis
1139 688 1354 733 servare,
1384 670 1686 740 baptismate
1714 670 1946 732 calicum,
1978 680 2022 723 et
2052 688 2338 736 urceorum,

744 755 849 798 etc.
874 741 1068 798 Contra
1094 757 1228 812 quas
1247 743 1396 808 proin
1412 739 1504 806 ib.,
1522 758 1566 794 υ.
1588 742 1638 805 6,
1657 739 1900 794 Christus
1917 742 2336 806 ipseinveliitur:

745 814 880 868 liene
909 815 1223 884 prophetavit
1251 812 1418 866 Isaias
1447 815 1507 864 de
1529 813 1665 865 vobis
1693 813 1986 882 hypocritis,
2017 813 2146 866 sicut
2175 815 2340 882 scrip-

746 895 851 938 tum
879 897 948 939 cst
967 901 986 938 :
1039 884 1268 954 Populus
1295 885 1375 936 hic
1414 884 1559 954 labiis
1590 901 1668 937 me
1696 887 1927 949 honorat,
1955 900 2040 936 cor
2061 895 2228 937 autem
2258 902 2342 938 eo-

746 973 859 1008 rum
881 957 1029 1026 longe
1047 953 1167 1009 esta
1197 971 1294 1007 me.
1325 983 1350 994 ο
1369 983 1394 994 -
1422 982 1443 995 -
1465 983 1493 996 -
1517 953 1867 1026 Relinquentes
1895 956 2024 1006 enini
2046 955 2340 1008 mandatmn

747 1026 862 1089 Dei,
890 1025 1063 1080 tenetis
1092 1025 1412 1079 traditionem
1440 1027 1718 1086 hominum,
1748 1025 2048 1089 baptismata
2077 1041 2342 1078 nrccorum

750 1110 792 1149 ct
821 1099 1054 1160 calicum,
1079 1108 1182 1151 etc.
1204 1098 1272 1149 At
1303 1095 1591 1163 Apostolus
1618 1095 1684 1146 ad
1731 1093 1859 1148 lleb.
1896 1094 1964 1148 IX
1995 1106 2038 1146 ct
2067 1113 2166 1162 seq.
2205 1113 2252 1148 υ.
2287 1097 2339 1161 9,

748 1169 814 1220 tle
846 1169 1009 1224 veteri
1060 1167 1401 1221 tabernaculo
1453 1177 1505 1221 et
1553 1165 1745 1218 oblatis
1796 1165 1845 1218 itt
1879 1183 1943 1218 eo
1968 1167 2254 1218 muneribus
2287 1176 2343 1221 et

749 1240 925 1291 hostiis
952 1240 1194 1308 loquens,
1222 1239 1297 1290 ait
1330 1254 1343 1291 ε
1381 1237 1507 1303 Qua:
1547 1253 1647 1289 non
1677 1248 1882 1303 possunt
1903 1238 2056 1306 juxta
2085 1239 2344 1290 conscien-

751 1312 871 1362 tiam
901 1309 1175 1378 perfectum
1205 1313 1371 1376 facere
1399 1311 1689 1360 servientem
1719 1309 2035 1360 solummodo
2063 1309 2114 1360 in
2131 1308 2274 1370 cibis,
2293 1319 2340 1363 ct

750 1382 800 1434 in
817 1381 1035 1449 potibus,
1051 1391 1093 1434 et
1107 1381 1157 1433 in
1171 1381 1321 1432 variis
1334 1378 1734 1448 baptisntatibns,
1751 1389 1796 1431 et
1806 1380 2018 1449 justitiis
2033 1380 2218 1442 carnis,
2237 1390 2342 1434 etc.

826 1452 952 1518 Qua:
983 1451 1199 1504 ludibrio
1227 1451 1566 1517 peccatoribus
1597 1465 1696 1502 non
1725 1460 1817 1502 est.
1842 1451 2040 1503 Sensus
2059 1466 2175 1502 esse
2195 1449 2342 1504 tide-

751 1532 876 1576 tur:
917 1539 1032 1592 qua:
1082 1522 1458 1592 peccatoribus,
1501 1535 1655 1574 casso
1699 1519 1945 1592 \idclicet
1986 1520 2212 1582 effectu,
2243 1539 2345 1574 non

751 1591 940 1659 illndit,
974 1596 1024 1646 in
1057 1591 1114 1646 se
1145 1591 1392 1646 nimirum
1433 1602 1710 1660 sperantes
1755 1591 2070 1655 destitueris,
2096 1602 2150 1644 et
2199 1607 2345 1646 com-

753 1666 941 1719 merita
965 1663 1180 1718 ludibrio
1205 1659 1496 1733 exponens,
1516 1673 1570 1716 ut
1590 1662 1655 1717 ab
1677 1659 1784 1716 illis
1809 1661 2200 1716 Pharisaeorum
2230 1678 2346 1718 sor-

752 1735 892 1789 didis
919 1733 1278 1791 ablutionibus
1311 1734 1489 1787 Iiebat.

825 1805 1087 1874 lnquinal.
1143 1805 1418 1874 Ejusmodi
1465 1803 1691 1859 lationes
1722 1803 2105 1872 superstitiosa:
2150 1817 2345 1873 corpus

751 1874 1057 1974 abluebant,
1087 1877 1178 1974 sed
1193 1875 1600 1974 lsim’ihivlaui'mam
1627 1891 1761 1929 nava
1801 1874 2030 1940 macula,
2065 1875 2340 1944 hypocrisi,
2375 1913 2422 1974 Β

754 1948 1078 2005 iulicicbant.
1114 1947 1244 2001 Vide
1284 1946 1412 2000 Not.
1445 1945 1774 2013 lnquinatur.

1253 2017 1407 2071 Nota:
1429 2017 1496 2069 ad
1517 2027 1669 2084 caput
1685 2015 1730 2068 X
1752 2014 1844 2067 Vl.

829 2089 999 2143 Unum
1029 2098 1075 2143 et
1103 2090 1292 2159 ipsum.
1318 2087 1671 2159 [Sequeeuim
1692 2087 1867 2159 iterari
1901 2095 2096 2156 potest.

825 2160 1088 2228 Baptismo
1117 2155 1263 2229 tingi.
1316 2155 1465 2223 Lael,
1496 2157 1612 2218 XII,
1644 2158 1734 2223 50,
1757 2159 1851 2229 ubi
1875 2155 1949 2229 de
1963 2160 2199 2229 instante
2224 2155 2350 2212 Pas-

753 2227 912 2285 sione
930 2247 1020 2285 sua
1047 2227 1310 2300 loquitur:
1335 2245 1492 2300 quam
1525 2228 1900 2300 etiaiirtllarci,
1923 2227 1996 2300 Χ,
2022 2227 2112 2300 58,
2136 2229 2350 2300 nomine

753 2301 1002 2372 Baptismi
1025 2297 1286 2373 designat,
1321 2297 1392 2355 ita
1419 2300 1484 2354 ad
1507 2301 1642 2368 ﬁlios
1664 2297 1892 2373 Zebedaai
1920 2299 2168 2368 inquiens
2199 2314 2212 2350 :
2245 2298 2350 2373 Po-

757 2369 892 2426 teslis
940 2373 1104 2428 bibere
1145 2369 1354 2426 calicem
1378 2414 1392 2438 ,
1416 2387 1564 2438 quem
1606 2387 1695 2440 ego
1723 2370 1965 2423 bibiturus
1990 2384 2121 2434 sum,
2151 2379 2237 2421 aut
2263 2369 2353 2421 ba-

756 2444 958 2513 ptismo,
977 2460 1072 2512 quo
1093 2460 1181 2514 ego
1199 2442 1446 2514 baptisor,
1473 2441 1766 2514 baptism-if

832 2509 1068 2583 Scripsit.
1099 2509 1416 2583 I'Joan.,\l,
1442 2509 1645 2583 ’βέμϋῆ
1675 2509 1821 2583 :_llic
1859 2518 1930 2583 est
1969 2510 2055 2583 qui
2095 2509 2225 2562 venit
2263 2527 2352 2580 per

757 2581 1009 2650 ΑρυΑΜ
1052 2594 1099 2639 et
1143 2581 1593 2640 SANGUINEM
1622 2623 1635 2646 ,
1679 2581 1832 2635 Jesus
1869 2581 2128 2645 Christus,
2173 2597 2272 2634 non
2299 2583 2352 2634 in

759 2655 902 2724 Aqua
943 2655 1108 2709 solum
1129 2697 1144 2722 ,
1175 2655 1261 2709 sed
1286 2657 1339 2708 in
1365 2652 1557 2720 AQUA
1587 2663 1633 2706 et
1660 2650 2070 2706 SANCUINE.
2108 2651 2204 2706 Ubi
2231 2651 2350 2720 qui-

755 2724 878 2779 dam
909 2726 1121 2782 codices
1149 2727 1345 2780 habent
1369 2741 1382 2778 ε
1417 2725 1478 2777 δι’
1511 2729 1696 2786 ὓδατος,
1729 2727 1807 2776 καὶ
1830 2729 2035 2790 αἱματος
2061 2764 2073 2785 ,
2101 2733 2182 2775 καὶ
2208 2727 2350 2774 meia-

754 2821 906 2868 ματος
949 2815 961 2850 :
1006 2800 1042 2852 i.
1068 2814 1120 2852 e.
1155 2813 1240 2868 per
1268 2813 1482 2866 aquam,
1531 2808 1577 2849 et
1614 2797 1910 2868 sanguinem
1937 2836 1950 2855 ,
1977 2804 2029 2868 et
2075 2795 2346 2861 Spiritum.

759 2867 1090 2923 Postremam
1120 2864 1296 2923 autem
1315 2864 1464 2920 banc
1481 2880 1665 2920 vocem
1693 2866 1781 2917 alii
1807 2864 2152 2934 Superﬁuam,
2183 2874 2352 2917 recte-

757 2955 862 3005 que
907 2940 1160 2993 omissam
1204 2939 1548 3001 existimant,
1593 2950 1658 2989 eo
1695 2935 1836 3004 quod
1884 2950 2004 2986 mox
2035 2942 2346 3005 sequatur:

760 3004 828 3062 Et
859 3010 1085 3078 Spiritus
1112 3018 1220 3072 est,
1249 3010 1335 3077 qui
1365 3007 1664 3074 testiﬁcatur
1687 3047 1700 3068 ,
1732 3006 1970 3074 quoniam
2003 3004 2233 3078 Christus
2280 3015 2351 3078 est

771 3075 984 3134 Veritas.
1046 3075 1300 3146 Quoniam
1338 3077 1459 3131 Tres
1490 3088 1643 3139 sunt,
1672 3079 1754 3146 qui
1781 3077 2119 3130 testimonium
2149 3075 2271 3146 dant
2298 3077 2350 3129 in

760 3152 884 3206 cazlo
916 3167 933 3205 :
963 3145 1139 3214 Pater,
1187 3149 1421 3214 Verbum,
1453 3159 1500 3202 et
1523 3145 1746 3216 Spiritus
1777 3147 2000 3200 Sanctus
2027 3187 2040 3211 ,
2073 3156 2118 3198 ct
2147 3147 2198 3198 hi
2226 3145 2351 3200 Tres

765 3221 936 3277 Unum
965 3232 1101 3278 sunt.
1128 3223 1191 3275 Et
1214 3231 1311 3274 tres
1336 3230 1451 3273 sunt
1473 3219 1555 3286 qui
1586 3219 1923 3272 testimonium
1945 3217 2065 3270 dant
2094 3218 2144 3269 in
2172 3228 2303 3269 terra
2331 3233 2349 3268 :

2447 599 2591 652 inuui
2610 598 2706 668 liie
2727 597 3129 652 Sacramentnm
3158 599 3216 652 S.
3249 598 3614 663 Eucharistize,
3640 599 3686 652 in
3709 614 3819 668 qua
3851 598 4050 651 hauri-

2447 685 2563 723 mus
2598 667 2921 739 Sanguinem
2955 670 3011 722 D.
3046 668 3109 722 N.
3135 669 3184 724 J.
3214 670 3300 734 (2.,
3334 685 3438 723 non
3463 670 3678 738 ﬁguram
3715 667 4047 739 sanguinis;

2448 756 2619 810 neque
2665 742 2805 793 enim
2848 740 3028 810 ﬁguris
3067 740 3386 809 liquidarum
3417 741 3586 808 putari
3613 740 3873 794 dicimur‘.
3906 739 4053 794 Cen-

2445 813 2549 865 suit
2575 826 2701 879 ergo
2729 811 3106 872 Tertullianus,
3133 814 3182 864 in
3197 812 3543 866 Sacramenta
3569 812 3657 864 illa
3679 826 3798 865 vere
3811 813 4053 880 sangui-

2447 899 2610 935 nema
2631 883 2784 935 nobis
2799 882 2987 949 potari,
3013 883 3156 934 illum
3181 885 3374 952 ipsum,
3403 885 3490 951 qui
3525 885 3572 934 in
3604 884 3855 950 passione
3893 881 4054 934 Chri-

2447 954 2537 1018 sti,
2555 952 2818 1021 priecipue
2834 969 2896 1006 ex
2911 954 3149 1020 ejusdem
3165 954 3524 1007 sacratissimo
3538 953 3719 1017 latere,
3740 954 4050 1020 proﬂuxit;

2447 1024 2513 1076 de
2537 1024 2639 1076 hoc
2658 1025 2800 1077 enim
2830 1025 3054 1088 ipsemet
3074 1023 3225 1078 Joan.
3249 1025 3422 1087 γωδ
3443 1034 3494 1078 et
3521 1038 3656 1093 seq.,
3688 1025 3819 1079 dixit
3863 1043 3875 1075 :
3917 1024 4053 1076 Caro

2449 1111 2558 1148 mea
2583 1110 2694 1166 vere
2723 1104 2793 1148 est
2819 1095 2977 1155 cibus,
3004 1105 3048 1146 ct
3074 1097 3280 1166 sanguis
3305 1112 3443 1166 meus
3481 1111 3590 1147 vere
3618 1107 3686 1148 est
3730 1109 3917 1163 potus.
3955 1096 4053 1161 Qui

2448 1165 2719 1219 manducat
2760 1182 2920 1218 meum
2957 1165 3182 1231 carnem,
3213 1179 3260 1220 et
3291 1165 3409 1219 bibit
3437 1182 3599 1218 meum
3621 1169 3960 1236 sanguinem.
4004 1168 4052 1217 in

2449 1248 2731 1308 ntentanet,
2757 1247 2860 1290 etc.
2879 1236 3336 1308 Mereturquoque
3360 1237 3446 1290 hic
3467 1236 3654 1308 adduci
3683 1239 3830 1292 locus
3855 1254 3928 1291 ex
3959 1239 4051 1290 lzb.

2447 1307 2509 1358 de
2534 1305 2718 1361 llesur.
2743 1324 2910 1370 carn.,
2945 1323 3062 1375 cap.
3096 1305 3156 1371 8,
3186 1305 3272 1362 ubi
3299 1308 3492 1363 Noster
3527 1325 3540 1359 :
3574 1306 3700 1360 Caro
3739 1325 3978 1377 corpore
4007 1320 4055 1360 et

2449 1381 2694 1448 sanguine
2712 1379 2902 1433 Christi
2930 1381 3162 1439 vescitur,
3179 1390 3234 1432 ut
3258 1381 3432 1432 anima
3459 1378 3566 1448 Deo
3594 1382 3886 1447 saginetur.
3908 1380 4055 1434 Idem

2451 1446 2661 1517 quoque
2689 1452 2939 1518 supponit
2963 1451 3012 1502 in
3043 1450 3132 1503 lib.
3164 1452 3226 1502 de
3255 1449 3420 1504 Carne
3444 1446 3723 1514 Chi-istnc.
3751 1450 3904 1504 XIII.

2519 1518 2831 1588 Baptismus.
2887 1519 3019 1574 Cum
3067 1521 3211 1575 enim
3253 1520 3510 1591 sanguine
3558 1521 3933 1576 eucliaristico
3998 1536 4058 1575 os

2450 1600 2696 1658 potatur,
2739 1593 2898 1645 etiam
2944 1591 3119 1646 anima
3175 1593 3394 1646 interius
3447 1592 3696 1646 abluitur.
3739 1593 3944 1647 Potius
3992 1609 4057 1645 au

2452 1672 2555 1714 tem
2610 1662 2694 1716 hic
2739 1662 2981 1729 intelligit
3009 1663 3351 1734 Baptismum
3382 1664 3657 1734 martyrii,
3686 1664 3733 1717 in
3773 1679 3899 1734 quo
3933 1682 4057 1716 san-

2448 1734 2563 1798 guis
2587 1744 2767 1786 noster
2795 1733 3151 1803 profunditur,
3175 1735 3297 1788 etin
3321 1737 3503 1787 virtute
3527 1733 4056 1803 Sanguinis’Cliristi,

2451 1803 2502 1855 in
2539 1804 2782 1869 passione
2821 1815 2873 1857 et
2923 1820 3082 1858 cruce
3111 1820 3207 1874 pro
3237 1805 3391 1860 nobis
3419 1803 3567 1858 elTusi
3593 1846 3605 1868 ,
3634 1806 3872 1858 animam
3899 1848 3914 1870 ,
3956 1823 4056 1859 non

2451 1888 2605 1926 secus
2631 1889 2692 1926 ac
2725 1876 2835 1941 ipse
2859 1874 3159 1943 Baptismus
3189 1890 3342 1946 aqua:
3368 1917 3380 1936 ,
3415 1877 3481 1929 ab
3507 1875 3745 1930 omnibus
3775 1880 3972 1946 culpm
4011 1888 4060 1930 ‹-ι

2491 1892 2605 1926 ecus
2631 1892 2692 1926 ac
2725 1892 2835 1941 Ipse
2859 1892 3159 1943 uaptismus
3189 1892 3342 1998 agna:
3368 1917 3380 1936 ,
3415 1892 3481 1929 an
3507 1892 3745 1930 OlnltIUtIS
3775 1892 3972 1946 curpm
4011 1892 4060 1930 ‹-ι

2491 1945 2878 2026 (numﬂmunc-ulis
2903 1946 3175 2026 etituttdat.
3253 1944 3407 2026 [[uﬂsio
3432 1948 3690 2026 satiquinis
3708 1963 3814 2026 ‘pro
3845 1951 4061 2026 Christo

2491 1960 2626 2024 aena:
2658 1960 2878 1998 [naeuus
2903 1960 3175 1999 emundat.
3205 1960 3407 2012 bﬂusto
3432 1963 3690 2054 sanguinis
3719 1963 3814 2026 pro
3845 1960 4061 2002 Ltmsto

2455 1960 2579 2085 {ait
2621 2014 2678 2070 S.
2715 2015 2966 2073 Thomas.
3000 2015 3062 2069 ΙΙΙ
3094 2033 3168 2084 p.,
3199 2034 3252 2084 q.
3283 2017 3372 2081 66,
3403 2033 3452 2071 a.
3491 2021 3572 2076 Ι...
3605 2020 3654 2070 in
3699 2019 3943 2087 Corpore
4021 2033 4062 2071 ct

2453 2089 2678 2155 operatio
2707 2088 2915 2139 interior
2946 2087 3171 2157 Spiritus
3205 2088 3382 2142 Sancti
3413 2090 3651 2141 dicuntur
3679 2089 4023 2154 Baptistnata
4047 2131 4060 2152 ,

2455 2159 2506 2209 in
2529 2170 2770 2224 quantunt
2792 2159 3020 2225 ef/iciunt
3039 2157 3269 2224 effectum
3288 2159 3536 2227 Baptismi
3559 2176 3700 2226 aqua:
3715 2177 3731 2224 ;
3748 2159 4063 2228 Baptismus

2454 2241 2622 2281 autem
2650 2245 2795 2297 aqua:
2837 2231 3123 2297 efﬁcaciam
3173 2231 3317 2283 habet
3367 2247 3396 2283 α
3447 2231 3677 2298 passione
3725 2232 3974 2298 Christi,
4020 2243 4063 2284 ct

2457 2300 2656 2367 Spiritu
2691 2300 2900 2353 Sancto.

2531 2370 2899 2444 lieprtesentat.
2948 2369 3063 2444 Non
3113 2371 3352 2444 inmera
3401 2372 3628 2442 imagine
3673 2388 3736 2427 ac
3769 2374 4061 2444 symbolo,

2455 2439 2548 2493 sed
2581 2445 2632 2493 in
2661 2441 2895 2511 prwsenti
2925 2442 3152 2506 cllectu;
3188 2442 3288 2496 hoc
3331 2445 3471 2496 enim
3512 2439 3730 2513 proprie
3757 2439 4060 2512 reprimen-

2456 2521 2564 2564 tare
2597 2523 2676 2565 est
2700 2555 2713 2576 ,
2745 2513 2793 2565 id
2826 2523 2906 2565 est
2930 2553 2944 2576 ,
2976 2529 3088 2566 rem
3119 2524 3413 2582 prwsentem
3445 2515 3695 2578 reddere;
3733 2517 3885 2569 unde
3937 2529 3993 2571 et
4037 2533 4062 2570 a

2454 2582 2578 2655 Jcsu
2610 2583 2827 2637 Christo
2857 2586 3078 2652 pecunia
3128 2589 3482 2655 repraesentari
3511 2586 3720 2650 dicitur,
3751 2601 3888 2639 cum
3919 2591 4064 2640 exhi-

2455 2654 2616 2727 betur,
2647 2663 3057 2727 atqueprmsens
3096 2654 3425 2710 numeratur.
3467 2656 3537 2709 Et
3577 2658 3800 2724 ipsemet
3837 2674 4064 2727 quaque

2456 2723 2644 2794 Noster
2692 2727 2742 2777 in
2795 2724 2883 2779 lib.
2909 2725 2976 2780 de
3014 2725 3138 2781 Cor.
3174 2729 3284 2779 mil.
3316 2744 3365 2780 ο.
3399 2728 3495 2780 ult.
3548 2723 4066 2794 rcprrcsentu’tion'uu

2457 2793 2644 2847 visioni
2672 2837 2685 2858 ,
2719 2810 2813 2848 seu
2866 2812 3028 2850 metue
3079 2799 3445 2866 appar-emite,
3493 2793 3711 2866 apparat
3753 2816 3766 2850 :
3823 2799 3893 2853 Si
3940 2804 4065 2854 talas

2456 2867 2700 2935 imagines
2722 2908 2735 2924 ,
2770 2867 3014 2936 inquiens
3041 2909 3053 2930 ,
3079 2869 3132 2921 in
3163 2868 3356 2922 visione
3376 2910 3390 2936 ,
3422 2872 3594 2938 quales
3620 2869 3865 2924 veritates
3895 2873 3953 2924 in
3985 2891 4065 2927 re-

2456 2938 2843 3008 prwsentatione
2863 2939 2887 2990 ?

2525 3008 2808 3082 Quonme
2857 3024 2984 3063 vero
3034 3009 3335 3082 Baptismus
3375 3011 3646 3081 sanguinis
3688 3012 3874 3067 vicem
3933 3030 4065 3082 sup-

2455 3081 2614 3150 pleat,
2641 3080 3009 3152 cile-clumque
3029 3091 3241 3149 przestet
3272 3080 3520 3152 Baptismi
3545 3098 3714 3152 aquae,
3741 3100 3875 3138 mox
3903 3080 4066 3140 antea

2454 3148 2694 3225 diximus
2718 3151 2767 3202 in
2817 3148 2942 3225 Not.
2972 3148 3285 3225 Baptismus.
3316 3148 3488 3225 Adde
3512 3195 3527 3220 ,
3560 3148 3696 3223 quod
3736 3154 3810 3207 Ba
3825 3159 4067 3225 ptismus

2457 3221 2696 3291 martyrii
2745 3222 2911 3292 multo
2962 3223 3230 3276 efﬁcacius
3277 3224 3526 3278 virtutum
3558 3221 4065 3292 passionisCliristi

761 3293 1007 3363 Spiritus,
1041 3302 1084 3346 et
1116 3296 1285 3362 Aqua,
1324 3301 1368 3344 et
1412 3291 1638 3414 Sanguis
1659 3331 1672 3353 ,
1704 3300 1750 3341 et
1796 3289 1847 3340 hi
1876 3299 1973 3340 tres
2025 3303 2182 3340 unum
2210 3296 2346 3364 sunt.
2375 3297 2419 3360 ρ
2455 3289 2752 3362 participet.
2773 3291 2898 3345 Haec
2919 3293 3181 3414 eniméait
3203 3294 3256 3348 S.
3283 3293 3407 3358 Th.,
3431 3296 3493 3348 Ill
3519 3289 3592 3364 pl,
3616 3311 3669 3364 q.
3699 3295 3788 3359 66,
3813 3301 3986 3361 3.12,
4017 3300 4066 3352 iu

833 3363 1344 3414 (.‘lorilicaretur.Sic
1359 3362 1499 3414 enim
1564 3401 1575 3414 .
1595 3359 1803 3414 Petrus.
1822 3358 2131 3414 Act.lll.l5.
2151 3357 2349 3412 Judazts
2455 3362 2700 3414 Cornorel
2719 3372 2958 3414 oneratur
2983 3366 3068 3414 oni
3110 3380 3186 3414 em
3210 3366 3260 3414 in
3283 3363 3551 3414 Buntismo
3581 3383 3723 3414 uaitm
3748 3384 3846 3414 uer
3882 3386 4066 3414 συσπ..

833 3357 1239 3432 (ἐίοήίὶεανεηὶν.
1255 3363 1344 3432 Sic
1359 3362 1499 3415 enim
1517 3357 1575 3414 S.
1595 3359 1803 3432 Petrus,
1822 3360 1934 3410 Act.
1949 3358 2131 3432 Ill,l5,
2151 3357 2349 3432 iud-agis

760 3427 1092 3503 exprobians
1121 3431 1392 3503 perﬁdiam
1433 3446 1604 3496 suam,
1623 3435 1696 3483 ait
1720 3447 1730 3479 :
1759 3428 1898 3503 Deus
1923 3430 2235 3503 gloriﬁcavit
2257 3427 2353 3480 Fi-

763 3450 1092 3503 cxpt'onrans
1191 3450 1392 3486 rnatum
1433 3450 1604 3496 suam,
1623 3450 1696 3483 all
1720 3450 1730 3479 Ζ
1759 3450 1898 3482 ueus
1923 3450 2235 3498 glOI'IIICﬂVIl
2257 3450 2290 3480 ι’
2308 3450 2350 3479 ι·

763 3509 888 3561 lium
926 3521 1074 3558 suum
1098 3450 1294 3566 ﬂium,
1325 3517 1470 3571 quem
1497 3517 1581 3554 vos
1607 3501 1977 3563 tradidistis...,
2010 3511 2055 3553 et
2083 3501 2350 3571 Auctorem

761 3579 874 3630 vita:
889 3576 1226 3645 interfecistis,
1242 3570 1390 3644 quem
1411 3571 1546 3626 Deus
1562 3574 1815 3626 suscitavit
1835 3589 1866 3645 a
1885 3572 2114 3645 mortuis,
2131 3581 2234 3645 etc.
2259 3570 2350 3625 llis

763 3640 1035 3703 enimvero
1063 3649 1196 3700 mire
1234 3640 1532 3701 consonant
1553 3659 1614 3698 ea
1636 3684 1649 3706 ,
1682 3659 1799 3713 quae
1830 3644 1884 3697 S.
1917 3642 2125 3703 Ambr.,
2150 3640 2345 3695 Comm.

762 3722 813 3772 in
848 3719 999 3784 Luc.,
1047 3734 1093 3770 c.
1137 3715 1209 3769 22
1232 3757 1246 3782 ,
1277 3717 1503 3786 eleganti
1543 3714 1862 3786 compendio
1887 3715 2195 3786 complexus
2223 3723 2304 3766 est
2334 3730 2347 3786 ξ

767 3790 887 3842 Tres
917 3783 1060 3843 testes
1083 3799 1219 3852 sunt,
1249 3783 1396 3854 Aqua
1419 3827 1432 3850 ,
1462 3785 1708 3855 Sanguis,
1737 3793 1792 3855 et
1819 3784 2081 3851 Spiritus;
2116 3783 2259 3852 Aqua
2285 3783 2352 3835 ad

765 3862 1020 3913 lavacrum
1060 3875 1078 3912 :
1108 3857 1434 3928 Sanguisiad
1461 3854 1720 3928 pretium:
1754 3854 1978 3928 Spiritus
2003 3855 2068 3906 atl
2098 3869 2352 3928 resurrec-

765 3937 968 3984 tionem.
1000 3923 1239 3996 ltemque
1263 3930 1314 3982 in
1345 3927 1437 3981 lib.
1461 3923 1491 3981 ἰ
1513 3927 1575 3980 de
1600 3926 1743 3996 Spir.
1773 3923 1975 3991 Sanct.,
2002 3940 2051 3980 c.
2088 3923 2165 3996 67:
2201 3926 2351 3994 Aqua

766 4004 901 4056 testis
921 4012 990 4056 est
1016 3995 1304 4070 sepultura:
1329 4016 1341 4051 :
1366 3999 1591 4070 Sanguis
1615 3995 1748 4051 testis
1775 3997 2056 4070 estmortis
2081 4014 2093 4050 :
2122 3995 2352 4070 Spiritus

766 4076 903 4126 testis
954 4081 1025 4125 est
1074 4067 1218 4125 vitm.
1286 4067 1626 4140 Atque’bmc
1682 4068 1865 4140 procul
1914 4069 2073 4140 dubio
2122 4082 2187 4122 ex
2236 4067 2352 4136 ipso

765 4143 1025 4211 Apostalo
1055 4141 1248 4205 hausit,
1283 4138 1459 4208 qui'ad
1492 4139 1643 4194 Rom.
1671 4138 1760 4211 ΕΙ,
1795 4139 1851 4205 4,
1883 4140 1954 4190 ita
2005 4138 2120 4211 ait:
2153 4140 2351 4192 Cause-

767 4209 896 4282 pulti
928 4215 1059 4266 enim
1085 4229 1256 4266 sumus
1285 4227 1398 4264 cum
1431 4211 1518 4263 illo
1551 4227 1639 4277 per
1666 4209 2012 4282 Baptismum
2036 4209 2088 4261 in
2116 4221 2347 4275 mortem,

765 4277 817 4337 ut
839 4285 1088 4354 quomodo
1109 4283 1338 4354 Christus
1364 4283 1635 4354 resurrexit
1665 4297 1695 4332 α
1725 4277 1972 4354 inermis,
1990 4280 2079 4354 ita
2096 4292 2141 4332 et
2180 4296 2270 4354 uos
2301 4283 2353 4335 in

768 4348 984 4410 novitate
1009 4357 1130 4409 vitm
1159 4353 1488 4408 ambulemus.
1529 4352 1596 4406 Et
1620 4366 1738 4419 cap.
1770 4348 1811 4402 ll
1833 4392 1846 4416 ,
1874 4366 1920 4403 ν.
1953 4349 2040 4411 12,
2071 4352 2139 4403 ita
2170 4349 2351 4406 Colos-

766 4443 932 4481 scnses
961 4441 1084 4481 suos
1114 4424 1427 4495 alloquitur:
1452 4424 1758 4492 Consepulti
1786 4422 1900 4475 estis
1922 4422 1972 4495 in
1998 4419 2349 4495 Baptismum,

765 4498 817 4549 in
843 4514 942 4565 quo
968 4508 1013 4550 et
1053 4489 1417 4552 resurrexistis
1453 4512 1540 4564 per
1585 4489 1736 4565 [idem
1761 4489 2091 4565 operationis
2109 4489 2202 4565 Dei
2225 4535 2239 4559 ,
2266 4495 2352 4562 qui

767 4562 1026 4621 suscitavit
1077 4568 1223 4621 illum
1276 4581 1305 4619 a
1348 4562 1593 4621 mortuis.
1647 4564 1724 4618 Ita
1769 4562 1925 4633 igitur
1978 4564 2189 4617 nonnisi
2235 4573 2353 4634 post

768 4640 1069 4707 passionem
1096 4649 1149 4693 et
1177 4639 1449 4708 sanguinis
1472 4635 1785 4708 eﬁ‘usionem
1808 4635 2049 4708 Christus
2072 4635 2121 4689 iu
2147 4635 2347 4708 Resur-

767 4686 1794 4779 tac‘ii'as'sgio'aista;sagaquas
1813 4686 2350 4779 itaniiisja...‘n3is
2376 4686 2427 4746 υ

770 4780 820 4832 in
839 4775 1114 4844 Emmaits,
1143 4778 1292 4844 Luc.,
1327 4777 1517 4845 XXIV,
1545 4775 1633 4843 26',
1663 4775 1992 4832 declaravit:
2030 4775 2214 4830 Nonne
2243 4777 2350 4831 hwc

768 4852 989 4918 aportuit
1011 4852 1265 4906 Christum
1288 4851 1413 4920 pati,
1446 4861 1491 4903 et
1518 4851 1805 4920 ita_intrare
1827 4851 1878 4920 in
1907 4847 2136 4920 gloriam
2163 4850 2353 4920 suam?

840 4920 1061 4976 Electos.
1094 4918 1299 4991 Utique
1314 4921 1381 4975 ad
1411 4919 1538 4974 illud
1580 4918 1765 4973 Matth.
1789 4961 1804 4986 ,
1834 4919 1952 4984 XX,
1989 4919 2074 4983 16,
2103 4929 2154 4973 et
2187 4918 2348 4987 XXII,

773 4993 1060 5054 M,alludit
1093 5009 1104 5042 :
1139 4993 1289 5046 Multi
1310 5003 1428 5045 sunt
1447 4993 1630 5059 vocati,
1661 4994 1808 5059 pauci
1832 5007 1946 5044 vero
1973 4991 2135 5044 electi.

841 5062 1044 5117 Emisit.
1094 5064 1318 5132 Quando
1346 5064 1594 5117 nimirum
1625 5079 1752 5116 unus
1780 5061 1994 5115 militum
2016 5065 2191 5115 lancea
2219 5062 2352 5117 latus

771 5135 886 5206 cjug
906 5136 1122 5206 aperuit,
1148 5145 1193 5206 et
1214 5135 1452 5188 continuo
1486 5133 1891 5206 exivitsanguis
1906 5143 1950 5186 et
1974 5134 2138 5202 Aqua.
2171 5132 2351 5202 Joan.,

773 5203 913 5270 XIX,
938 5203 1028 5262 54.
1065 5205 1197 5261 Vide
1224 5220 1405 5275 supra,
1434 5219 1552 5275 cap.
1587 5203 1675 5270 IX,
1707 5203 1834 5258 Not.
1863 5203 2088 5259 Lancea.

844 5277 998 5340 Quia.
1031 5276 1137 5332 Pro
1164 5287 1240 5332 ut.

840 5346 1121 5429 Lupis-sent,
1156 5349 1296 5429 i..e.,
1315 5358 1526 5429 peccata
1557 5363 1650 5429 sua
1670 5347 1989 5429 _abluissent.
2013 5346 2148 5429 Vfide
2176 5355 2351 5429 autem

770 5418 894 5491 quid
923 5418 1133 5491 intersit
1150 5417 1421 5491 (sistricte
1440 5420 1585 5491 loqui
1603 5417 1845 5491 velimus)
1872 5420 2009 5491 inter
2031 5420 2196 5491 lavare
2216 5421 2352 5491 etla-

770 5490 897 5544 vari.
919 5489 1029 5544 Nos
1059 5493 1110 5544 in
1140 5489 1331 5544 balneis
1353 5490 1448 5562 (ait
1473 5489 1661 5562 Varro,
1695 5490 1927 5552 lib.\llll,
1946 5490 2008 5543 de
2031 5490 2183 5561 Ling.
2207 5489 2352 5560 Lat.)

769 5570 818 5615 et
838 5566 1154 5627 lavamus,et
1184 5562 1441 5616 lavantur.
1468 5561 1574 5615 Sed
1589 5562 1894 5614 consuetudo
1918 5563 2214 5614 alterutrum
2240 5578 2356 5614 eum

773 5633 895 5685 satis
926 5632 1146 5700 haberet,
1177 5634 1230 5686 in
1274 5642 1375 5686 toto
1418 5649 1625 5701 corpore
1666 5634 1831 5702 potius
1870 5637 2058 5685 utimur
2093 5634 2351 5702 lavamur,

769 5704 822 5754 in
848 5704 1072 5771 partibus
1099 5707 1356 5766 lavamus,
1383 5705 1517 5772 quod
1545 5706 1756 5758 dicimus
1794 5705 1910 5757 lavo
1939 5719 2124 5758 manus
2153 5746 2168 5770 ,
2205 5708 2275 5757 sic
2307 5717 2356 5758 et

771 5773 966 5844 pedes,
995 5785 1040 5826 et
1069 5785 1267 5828 cratera.
1323 5775 1493 5839 Quare
1535 5779 1585 5827 in
1634 5777 1822 5828 balmis
1861 5791 1958 5828 non
2013 5787 2144 5830 recte
2185 5777 2355 5830 dicunt

772 5842 878 5917 lavi
917 5861 928 5896 :
962 5844 1064 5901 lavi
1094 5861 1282 5902 manus
1307 5863 1456 5916 recte,
1487 5851 1590 5916 sed,
1624 5849 1860 5917 quoniam
1891 5850 1940 5900 in
1978 5847 2169 5902 balneis
2192 5849 2352 5916 lat‘or,

776 5915 979 5969 lavatus
999 5929 1136 5972 sum.

2455 3362 2700 3437 Corpore)
2719 3372 2958 3437 operatur
2983 3362 3186 3432 quidem
3210 3366 3260 3417 in
3283 3362 3551 3434 Baptismo
3581 3362 3723 3437 aqua:
3746 3384 3846 3435 per
3882 3386 4069 3437 quam-

2455 3437 2570 3488 dam
2603 3433 2869 3502 ﬁguralent
2895 3433 3406 3503 reprtcsentationem,
3432 3439 3520 3490 sed
3546 3439 3596 3489 in
3631 3433 3912 3506 Baptismo
3946 3459 4066 3494 san-

2453 3505 2622 3577 guinis
2648 3521 2738 3571 per
2763 3507 3088 3558 imitationem
3115 3508 3319 3575 operis;
3345 3524 3462 3576 qua:
3487 3509 3664 3577 utique
3687 3505 3794 3561 utut
3823 3522 3913 3565 est
3938 3530 4066 3564 sun-

2453 3579 2570 3648 plex
2595 3577 3110 3648 repi'a‘se_nlatio,sed
3136 3579 3268 3631 mire
3283 3578 3470 3631 efﬁcax
3498 3581 3569 3632 rei
3590 3580 3751 3648 ipsius
3776 3583 3834 3633 in
3864 3583 4067 3638 virtute

2454 3646 2546 3722 sua
2589 3646 2967 3722 atqtte__elfecttt
2995 3647 3270 3722 exblbitio.
3303 3648 3416 3702 Huc
3445 3646 3671 3717 pertinet
3700 3653 3835 3705 illud
3863 3658 4062 3722 Apoc,

2460 3719 2566 3778 VII,
2595 3719 2659 3769 H
2691 3734 2703 3768 ε
2739 3716 2806 3768 lli
2831 3729 2968 3780 sunt,
2997 3721 3081 3786 qui
3109 3730 3346 3771 venerunt
3378 3716 3454 3772 ex
3479 3737 3664 3790 magna
3694 3716 4061 3790 tribulatione,

2454 3798 2498 3866 et
2524 3791 2750 3866 laverunt
2775 3790 2930 3842 stolas
2951 3805 3088 3854 suas,
3121 3799 3168 3842 et
3208 3789 3675 3846 dealbaverunt’eas
3705 3794 3757 3845 in
3804 3789 4064 3866 sanguine

2453 3861 2606 3912 Aani.

2499 3879 2733 3983 gliIeddit.
2786 3930 3033 4007 Perditur
3064 3931 3382 4007 Baptismus,
3420 3934 3594 4003 quoad
3640 3939 3896 4007 effectum
3939 3942 4063 3994 sci-

2455 4002 2816 4078 |_icetAsuum,
2849 4018 2968 4057 cum
3015 4002 3311 4071 baptizatus
3353 4002 3734 4073 innocentiam,
3792 4025 3963 4078 quam
4012 4014 4062 4065 in

2454 4073 2726 4143 Baptismo
2755 4083 3076 4129 consecutus
3107 4084 3209 4136 est,
3241 4091 3334 4144 per
3362 4087 3634 4144 peccatum
3667 4073 3909 4135 mortale
3954 4099 4064 4135 rur-

2453 4159 2545 4226 sus
2573 4147 2766 4226 amittit
2799 4163 2810 4197 :
2844 4155 3186 4230 recuperatur
3225 4157 3421 4227 autem
3450 4163 3542 4228 per
3571 4152 3918 4220 martyrium,
3945 4171 4062 4230 quo

2453 4217 2674 4339 gristina
2704 4217 3002 4269 innocentia
3034 4215 3270 4284 plcnarie
3297 4219 3618 4286 restituitur,
3638 4215 3904 4293 ut'wpra
3928 4215 4058 4277 Not.

2500 4290 2744 4339 antismus
2773 4288 3024 4339 diximus.

2500 4290 2744 4356 aptismus
2773 4288 3024 4340 diximus.

2925 4357 3080 4412 Nota:
3103 4359 3173 4411 ad
3199 4366 3351 4430 caput
3383 4357 3576 4414 XVII.

2528 4428 2870 4484 Materiolam.
2899 4429 3220 4484 Perbrevem
3252 4428 3392 4486 hunc
3419 4441 3722 4490 tractatum.

2522 4500 2837 4577 Accipiendi.
2876 4502 2948 4555 De
2974 4499 3232 4577 Ministro,
3264 4511 3318 4577 et
3345 4503 3566 4574 subjecto
3589 4546 3604 4573 ,
3632 4506 3702 4560 de
3731 4521 3850 4577 quo
3883 4519 4061 4566 tamen

2454 4573 2735 4641 posteriori
2768 4576 2818 4626 in
2855 4587 2973 4641 cap.
3002 4587 3114 4641 seq.
3149 4573 3397 4642 loquitur.

2527 4643 2829 4720 Episcomts.
2872 4643 3064 4720 Insua
3129 4645 3381 4720 nimirum
3431 4645 3671 4702 Ecclesia
3729 4663 4060 4720 supremum

2454 4715 2810 4788 sacerdotium
2850 4716 3129 4788 obtinens,
3163 4714 3525 4788 dignitateque
3579 4714 3872 4787 patestaiis
3930 4725 4060 4778 reli-

2452 4785 2863 4865 tjuis_oiiinibus
2926 4784 3261 4855 praefulgens.
3309 4784 3452 4842 Cum
3483 4784 3631 4865 enim
3673 4793 3813 4865 _ver_i
3859 4809 3923 4848 ac
3973 4813 4064 4865 ge-

2455 4856 2602 4935 uuiui
2636 4857 3016 4935 apostolorum
3059 4870 3399 4935 successores
3451 4861 3558 4914 sint
3608 4861 3710 4935 soli
3768 4856 4060 4935 Episcopi,

2457 4927 2509 4981 lii
2551 4927 2603 5000 in
2635 4929 2842 4982 illorum
2870 4942 3080 5000 quoque
3111 4929 3201 4998 jus
3226 4931 3485 4986 transiere
3507 4972 3523 4996 ,
3553 4933 3745 5000 quibus
3775 4927 4063 4990 a'CbriSLo

2457 4998 2794 5067 peculiariter
2856 4998 3232 5071 demandatum
3285 5001 3454 5056 fuerat
3511 5021 3524 5055 :
3571 4998 3776 5060 Euntes
3809 5045 3829 5071 ,
3887 5011 4064 5060 docete

2456 5086 2626 5123 omnes
2647 5081 2835 5138 gentes,
2865 5069 3175 5139 baptizantes
3204 5087 3286 5126 eos
3312 5114 3326 5138 ,
3368 5083 3473 5127 etc.
3519 5072 3704 5129 Matth.
3739 5069 3849 5130 ult.
3887 5095 3935 5130 ν.
3973 5082 4061 5134 I9.

2456 5140 2636 5209 Itaque
2666 5143 2934 5218 inprimis
2965 5140 3222 5218 Ecclesia:
3249 5143 3458 5218 saeculis
3487 5144 3759 5216 Episcopi,
3781 5149 3916 5218 jure
3943 5161 4065 5204 Lm-

2455 5227 2612 5286 quum
2645 5213 2744 5286 sibi
2769 5213 2901 5286 solis
2922 5213 3508 5286 proprioBaptismum,
3534 5213 3732 5286 publice
3765 5213 4060 5286 nimirum,

2459 5298 2550 5358 seu
2577 5285 2761 5358 inipsa
2793 5285 3040 5358 ecclesia,
3082 5283 3560 5358 administrabant,
3584 5290 3852 5358 quamdiu
3880 5283 4064 5348 silicet

2458 5354 2508 5428 in
2556 5355 2682 5408 solis
2723 5354 2995 5428 Aecclesiis
3043 5354 3436 5428 catbedralibus
3483 5354 3805 5428 baptisteria
3874 5376 4062 5418 erecta

2460 5423 2685 5500 fuerant.
2705 5424 3028 5500 Quanquam
3066 5427 3227 5479 etiam
3266 5437 3390 5500 tunc
3430 5423 3734 5500 Presbyteri
3790 5434 4062 5498 institisse,

2457 5495 2638 5570 imoet
2664 5496 2715 5551 lii
2741 5499 2838 5567 ipsi
2867 5499 3008 5567 (cum
3035 5511 3225 5570 nempe
3252 5499 3412 5570 nimia
3438 5495 3890 5570 baptiiandorum
3913 5495 4062 5558 mul;

2459 5568 2653 5643 tiludo,
2683 5583 2838 5643 quam
2881 5579 2990 5643 uta
3019 5569 3134 5643 solo
3176 5569 3437 5643 EpisCOpo
3479 5568 3718 5643 expediri
3764 5577 4059 5643 potuisset,

2457 5637 2844 5714 CliﬂﬂUXISSel)
2889 5639 3194 5714 baptizasse
3226 5637 3501 5709 legantur,
3534 5637 3809 5714 Episcopo
3847 5637 4060 5702 scilicet

2457 5726 2709 5780 expresse
2730 5712 2968 5780 juliente,
3000 5720 3159 5779 atque
3185 5711 3463 5778 baptizatis
3491 5711 3611 5767 mox
3641 5711 4060 5772 sacramentum

2455 5780 2886 5852 ConlirmatiOnis
2933 5781 3294 5850 impertiente.
3337 5781 3626 5852 Postquam
3671 5801 3806 5840 vero
3833 5831 3844 5848 ,
3876 5791 4060 5844 adhuc

2459 5851 2615 5904 latius
2635 5857 2962 5927 increscente
2984 5853 3216 5927 ﬁdelium
3240 5851 3600 5927 multitudine,
3622 5858 3673 5909 in
3693 5861 4062 5927 amplioribus

2459 5925 2752 5992 pricsertim
2822 5924 3188 5992 Dimcesibus,
3243 5923 3516 5982 difﬁcilior
3590 5923 3922 5999 quibusdam
3991 5932 4062 5987 ad
