4202 6496
740 386 879 443 1187

2092 382 2570 444 "TERTULLIANI

3881 378 4029 438 1188

738 515 872 571 cant,
904 512 1121 560 tenentes
1145 502 1469 558 traditionem
1494 502 1744 557 seniorum
1770 517 1788 555 :
1826 504 1871 556 cl
1897 517 1927 554 a
1950 506 2061 573 foro
2089 503 2189 557 nisi
2211 506 2333 573 bap-
2358 501 2413 562 Α
2510 500 2820 573 Sanguinem
2847 506 3101 571 potarent.
3130 498 3254 573 Mihi
3285 497 3501 573 quidem
3536 498 3755 573 dubium
3784 513 3895 573 non
3918 506 4025 573 est.

740 580 975 643 tizentur,
1004 592 1105 629 non
1130 576 1439 630 comedunt:
1485 584 1531 628 et
1569 575 1675 628 alia
1709 575 1872 627 multa
1911 585 2026 628 sunt
2052 616 2065 638 ,
2093 591 2205 643 qua:
2228 586 2331 629 tra-

737 649 842 702 dita
865 657 980 703 sunt
1004 648 1107 701 illis
1130 662 1345 708 servare,
1375 645 1677 715 baptismata
1705 645 1937 707 calicum,
1969 655 2014 698 et
2042 662 2330 711 nrceoruut,

736 730 841 774 etc.
866 716 1060 775 Contra
1085 732 1221 789 quos
1238 718 1387 789 pmiu
1403 714 1495 781 ib.,
1514 733 1559 770 v.
1579 716 1635 789 6,
1648 714 1892 789 Christus
1908 717 2019 789 ipse
2033 717 2328 789 invehitur:

737 789 873 845 liene
900 787 1216 860 praphetauit
1242 787 1410 842 Isaias
1438 789 1500 860 de
1520 788 1657 841 vobis
1684 788 1979 857 hypocritis,
2009 788 2138 841 sicut
2166 790 2331 857 scrip-

738 870 843 914 tum
870 873 941 915 est
959 859 1001 914 :'
1030 859 1260 930 Populus
1287 860 1367 912 hic
1406 859 1551 930 labiis
1581 875 1660 930 me
1687 861 1919 924 honorat,
1946 874 2033 911 cor
2052 868 2219 912 autem
2249 876 2334 913 ea-

739 948 852 1002 rum
873 932 1021 1002 longe
1039 928 1160 985 cst'a
1188 946 1286 1002 me.
1316 958 1342 970 -
1360 958 1387 969 -
1413 957 1485 1002 -ν-
1508 928 2017 1002 Relinquentesenim
2038 930 2332 983 mandatum

739 1001 855 1065 Dei,
882 1000 1055 1057 tenetis
1084 1000 1404 1054 traditionem
1432 1001 1710 1061 hominum,
1739 1000 2041 1065 baptismum
2069 1016 2334 1053 nrceoruut

742 1084 785 1125 ct
813 1074 1047 1135 calicum,
1071 1082 1174 1127 etc.
1196 1072 1264 1125 At
1294 1070 1583 1139 Apostolus
1609 1069 1677 1121 ad
1722 1068 1851 1123 llcb.
1886 1068 1957 1123 1X
1986 1080 2031 1123 et
2058 1087 2159 1137 seq.
2196 1088 2244 1123 υ.
2278 1070 2331 1135 9,

740 1145 806 1196 tle
838 1144 1002 1199 veteri
1053 1142 1394 1197 tabernaculo
1444 1152 1498 1196 et
1544 1140 1737 1193 oblatis
1786 1140 1838 1193 iu
1871 1141 2246 1193 contnncribus
2278 1150 2335 1196 et

742 1215 918 1267 hostiis
944 1215 1186 1283 loquens,
1214 1214 1289 1266 ait
1322 1229 1336 1267 ε
1373 1212 1500 1279 Qua:
1539 1228 1640 1265 non
1669 1222 1875 1278 possunt
1894 1212 2048 1282 juxta
2076 1213 2337 1283 conscien-

743 1287 863 1337 tiam
893 1282 1168 1353 perfectum
1197 1288 1364 1352 facere
1391 1285 1681 1336 servientem
1710 1283 2027 1335 solummodo
2054 1283 2106 1335 in
2122 1282 2266 1345 cibis,
2285 1293 2332 1338 et

742 1357 793 1409 in
809 1352 1028 1425 potibus,
1044 1366 1086 1409 et
1100 1356 1150 1409 in
1163 1355 1314 1407 variis
1326 1352 1727 1423 baptismatibus,
1742 1363 1788 1407 et
1797 1354 2011 1424 justitiis
2024 1354 2334 1425 caruis,etc.

818 1427 946 1493 Qua:
975 1426 1192 1479 ludibrio
1219 1425 1559 1493 peccatoribus
1589 1440 1689 1477 non
1717 1423 1810 1477 est.
1834 1425 2033 1479 Sensus
2050 1440 2167 1478 esse
2186 1423 2335 1479 vide-

744 1507 869 1551 tur:
910 1514 1025 1568 qua:
1074 1496 1451 1568 peccatoribus,
1492 1510 1647 1549 casso
1691 1494 1938 1568 videlicet
1978 1494 2205 1558 ell'cctu,
2234 1512 2337 1549 non

743 1566 933 1635 illudit,
967 1571 1017 1623 in
1048 1566 1107 1622 se
1138 1566 1385 1622 nimirum
1425 1577 1703 1635 sperantes
1747 1566 2063 1631 destitueris,
2088 1576 2142 1619 et
2191 1580 2337 1620 com-

745 1634 935 1695 merita
957 1638 1174 1693 ludibrio
1197 1634 1489 1708 exponens,
1508 1647 1563 1691 ut
1582 1637 1648 1692 ab
1670 1634 1777 1691 illis
1801 1635 2192 1691 Pharisaeorum
2222 1652 2339 1692 sor-

745 1710 885 1765 didis
911 1708 1271 1767 ablutionibus
1303 1709 1481 1763 liebat.

818 1780 883 1834 In
922 1785 1081 1836 ninat.
1135 1779 1411 1850 Ejusmodi
1457 1777 1684 1835 lationes
1714 1777 2097 1847 superstitiosa:
2141 1791 2338 1848 corpus

778 1799 1051 1907 blutfitaut.
1080 1851 1172 1905 sed
1190 1850 1345 1905 simul
1364 1850 1594 1903 animam
1620 1865 1754 1904 nova
1792 1848 2022 1907 macula.
2056 1849 2333 1907 hypocrisi.

744 1868 897 1907 {IDIIJC

747 1923 1072 1981 inliciebant.
1107 1922 1237 1977 Vide
1276 1920 1405 1975 Not.
1437 1919 1767 1988 lnquinatur.

1246 1991 1401 2046 Nota:
1422 1992 1489 2045 ad
1510 1989 1725 2059 caputX
1744 1988 1837 2042 Vl.

822 2063 993 2119 Unum
1022 2073 1069 2119 et
1096 2065 1285 2135 ipsum.
1310 2061 1666 2135 Ecquefuim
1682 2061 1860 2135 iterari
1889 2069 2089 2135 potest.

817 2135 1082 2205 Baptisnto
1110 2128 1257 2205 tingi.
1308 2128 1458 2198 Luc.,
1488 2132 1605 2205 ΧΠ.
1636 2133 1844 2205 50,__ubi
1864 2128 2191 2205 dejnstante
2216 2128 2343 2205 Pas-

746 2201 907 2261 sionev
923 2222 1014 2261 sua
1039 2201 1304 2276 loquitur:
1328 2219 1486 2276 quam
1518 2202 1892 2276 θῆκαι-Ματρί,
1913 2201 1989 2276 ΔΧ,
2015 2201 2105 2276 '58,
2128 2203 2343 2276 nomine

747 2276 996 2348 Baptismi
1017 2272 1280 2348 designat,
1313 2272 1385 2330 ita
1412 2274 1477 2329 ad
1500 2275 1635 2343 ﬁlios
1655 2272 1885 2348 Zebedtei
1911 2272 2161 2343 inquiens
2191 2288 2206 2325 :
2236 2272 2343 2348 Po-

750 2343 886 2402 teslis
933 2348 1097 2403 bibere
1137 2343 1347 2402 calicem
1370 2389 1385 2414 ,
1409 2362 1558 2413 quem
1598 2362 1688 2416 ego
1714 2344 1958 2416 bibiturus
1982 2358 2114 2409 sum,
2143 2352 2230 2396 aut
2255 2343 2347 2396 ba-

750 2419 952 2489 ptismo,
970 2436 1066 2488 quo
1086 2435 1175 2489 ego
1192 2417 1440 2489 baptiaor,
1466 2415 1759 2489 baptizari

826 2483 1062 2558 Scripsit.
1092 2483 1410 2558 Πρωὶ-,Ἆγι
1436 2483 1639 2558 βίμὺί
1668 2483 1814 2558 :_Hic
1852 2492 1923 2558 est
1961 2484 2048 2558 qui
2087 2484 2218 2537 venit
2255 2501 2345 2555 per

750 2555 1003 2626 ΑρυΑΜ
1045 2570 1093 2615 et
1136 2555 1587 2615 SANGUINEM
1615 2597 1628 2621 ,
1671 2555 1825 2626 Jesus
1860 2555 2132 2626 Christus,
2164 2570 2266 2608 non
2292 2557 2345 2626 in

753 2624 896 2700 Aqua
936 2630 1103 2685 solum
1123 2672 1138 2698 ,
1168 2630 1255 2684 sed
1279 2631 1333 2683 in
1357 2626 1551 2695 AQUA
1579 2637 1626 2681 et
1652 2624 2064 2682 SANGUINE.
2100 2625 2197 2681 Ubi
2223 2625 2343 2695 qui-

749 2699 872 2755 dam
903 2701 1116 2757 codices
1142 2702 1339 2756 habent
1362 2715 1375 2753 ἒ
1410 2700 1472 2753 δι’
1504 2703 1690 2761 ὕδατος,
1721 2701 1801 2751 καὶ
1823 2703 2029 2764 αἳματος
2053 2738 2066 2761 ,
2092 2707 2175 2750 καὶ
2200 2701 2343 2749 πνεύ-

748 2796 901 2843 ματος
944 2790 956 2825 :
999 2775 1036 2827 i.
1062 2788 1115 2827 e.
1147 2788 1235 2843 per
1261 2787 1476 2843 aquam,
1524 2782 1571 2823 et
1607 2771 1903 2843 sanguinem
1930 2811 1943 2830 ,
1968 2778 2022 2843 et
2067 2768 2340 2837 Spiritum.

753 2837 1085 2898 Postremam
1114 2837 1458 2897 autem'banc
1474 2854 1659 2895 vocem
1686 2837 1775 2892 alii
1800 2837 2145 2909 superﬂuam,
2175 2847 2345 2892 recte-

752 2930 856 2981 quc
901 2914 1155 2968 omissam
1198 2913 1542 2976 existimant,
1586 2924 1653 2964 eo
1689 2909 1830 2979 quod
1870 2924 1998 2981 imox
2025 2915 2339 2981 sequatur:

754 2978 823 3038 Et
854 2984 1080 3053 Spiritus
1106 2992 1215 3047 est,
1243 2984 1330 3053 qui
1338 2981 1658 3053 gutiﬁcatur
1680 3021 1693 3043 ,
1712 2978 1964 3053 quoniam
1995 2978 2227 3053 Christus
2272 2989 2344 3053 est

764 3048 979 3109 Veritas.
1040 3048 1295 3121 Quoniam
1332 3051 1454 3106 Tres
1476 3048 1600 3105 sunt
1623 3092 1637 3115 ,
1665 3052 1748 3121 qui
1774 3051 2112 3104 testimonium
2142 3048 2265 3121 datu
2290 3050 2344 3103 in

754 3126 879 3180 ccclo
910 3141 928 3180 :
957 3118 1134 3188 Pater,
1181 3123 1415 3189 Verbum,
1446 3133 1495 3177 et
1517 3118 1740 3192 Spiritus
1770 3121 1994 3192 Sanctus
2020 3162 2033 3186 ,
2066 3130 2113 3173 et
2139 3121 2192 3173 hi
2218 3118 2345 3174 Tres

760 3195 931 3252 Unum
960 3207 1095 3253 sunt.
1122 3196 1186 3250 Et
1207 3205 1306 3249 tres
1330 3204 1445 3247 sunt
1466 3190 1917 3261 qui‘testimonium
1938 3190 2058 3244 dant
2087 3192 2139 3244 in
2165 3201 2297 3244 terra
2323 3206 2343 3243 :

938 1862 1051 1918 ant,
1080 1848 1594 1948 sugsim’ulani'mam
1620 1865 1754 1904 nova
1792 1848 2022 1915 macula,
2056 1849 2333 1920 hypocrisi,
2367 1887 2414 1948 Β

2438 572 2697 642 inuuiltic
2718 571 3121 627 Sacramentum
3148 572 3207 626 S.
3238 571 3605 637 Eucharistiaz,
3630 572 3680 625 iu
3703 586 3810 642 quo
3838 570 4028 625 hauri.

2438 660 2555 698 mus
2589 641 2912 713 Sanguinem
2945 643 3003 696 ι).
3036 642 3100 696 Ν.
3125 642 3175 697 «1.
3204 644 3291 707 0.,
3324 658 3428 697 non
3452 642 3671 712 ﬁguram
3708 641 4026 713 sanguinis;

2438 730 2611 784 neque
2655 712 2796 767 enim
2839 714 3019 784 ﬁguris
3057 714 3377 783 liquidarum
3407 714 3577 782 putari
3604 713 3857 767 dicimur‘.
3887 712 4031 767 Cen-

2436 787 2541 839 suit
2566 800 2693 854 ergo
2719 784 3097 845 Tertullianus.
3124 785 3533 840 iuSaeramento
3558 784 3651 837 illo
3671 798 3797 838 vere
3810 784 4031 854 sangui-

2438 872 2601 910 uema
2622 856 2775 909 nobis
2789 855 2979 923 potari,
3003 857 3148 909 illum
3171 859 3364 925 ipsum,
3393 858 3480 925 qui
3514 858 3563 907 in
3593 856 3842 923 passione
3875 855 4032 908 Chri-

2438 928 2529 993 sti,
2545 926 2811 995 praecipue
2825 943 2888 980 ex
2902 928 3141 995 ejusdem
3155 927 3514 981 sacratissimo
3528 926 3715 991 latere,
3736 926 3994 994 proﬂuxit
4014 940 4027 988 ;

2437 998 2505 1051 tle
2529 998 2631 1051 boc
2649 999 2792 1052 enim
2821 998 3045 1063 ipsemet
3064 997 3216 1053 Joan.
3239 998 3412 1061 Vl,55
3433 1007 3485 1051 et
3511 1010 3649 1067 seq.,
3682 996 3815 1052 dixit
3847 1014 3859 1049 :
3896 996 4032 1050 Caro

2440 1085 2550 1123 mea
2574 1084 2686 1140 vere
2714 1077 2784 1122 est
2810 1068 2969 1130 cibus,
2994 1079 3040 1121 ct
3064 1070 3271 1140 sanguis
3296 1085 3434 1140 meus
3470 1084 3582 1121 uere
3608 1080 3681 1121 est
3725 1080 3897 1137 potus.
3930 1069 4033 1134 Qui

2438 1139 2710 1193 manducat
2750 1155 2912 1192 meum
2948 1138 3175 1206 carnem,
3204 1151 3251 1193 et
3281 1138 3400 1193 bibit
3426 1155 3591 1210 meum
3611 1141 3937 1210 sanguinem.
3979 1140 4033 1191 in

2440 1227 2520 1283 me
2534 1222 2723 1283 manet,
2748 1219 2852 1265 etc.
2870 1210 3328 1283 MereturAquoque
3350 1210 3437 1264 hic
3457 1209 3647 1283 adduci
3676 1209 3823 1265 lacus
3841 1227 3907 1265 ex
3933 1211 4030 1264 lib.

2438 1280 2501 1333 de
2525 1279 2710 1335 liesur.
2734 1298 2902 1345 carm,
2936 1296 3054 1349 cap.
3088 1278 3149 1345 8,
3177 1278 3263 1335 ubi
3291 1281 3483 1351 Noster
3516 1296 3530 1333 :
3563 1278 3696 1334 Caro
3734 1297 3954 1351 corpore
3983 1291 4035 1333 et

2440 1354 2686 1423 sanguine
2703 1352 2895 1407 Christi
2921 1354 3154 1412 vescitur.
3171 1363 3226 1406 ut
3249 1355 3423 1423 anima
3448 1350 3557 1423 peo
3585 1350 3868 1423 saginetur.
3884 1352 4036 1407 ldcm

2442 1419 2653 1492 quoque
2680 1426 2931 1492 supponit
2954 1424 3003 1476 iu
3033 1423 3123 1477 lib.
3156 1425 3218 1476 de
3246 1422 3411 1478 Carne
3434 1419 3719 1487 Christi,'c.
3746 1422 3885 1477 Xlll.

2510 1492 2823 1562 Baptismus.
2878 1492 3011 1549 Cum
3059 1495 3203 1549 enim
3244 1493 3501 1565 sanguine
3548 1494 3912 1549 eucltaristico
3973 1509 4038 1548 os

2442 1573 2687 1633 potatur,
2730 1566 2891 1620 etiam
2935 1565 3110 1619 anima
3166 1566 3385 1620 interius
3438 1565 3691 1620 abluitur.
3734 1565 3923 1621 Potius
3966 1580 4036 1619 au

2443 1645 2547 1689 tem
2601 1636 2687 1691 hic
2730 1635 2973 1704 intelligit
3001 1636 3343 1708 _Baptismum
3373 1637 3651 1707 martyrii,
3680 1637 3729 1690 in
3771 1652 3883 1708 quo
3910 1653 4038 1689 sau-

2440 1708 2555 1773 guis
2579 1717 2759 1761 nOster
2786 1706 3143 1776 profunditur,
3166 1716 3219 1761 et
3238 1708 3290 1761 in
3312 1710 3494 1761 virtute
3518 1706 4035 1777 sanguinis'Cltristi,

2442 1777 2495 1829 in
2530 1778 2775 1844 passione
2812 1788 2865 1831 et
2914 1793 3075 1832 cruce
3103 1793 3198 1847 pro
3229 1779 3382 1834 nobis
3410 1776 3560 1831 εσυδὶ
3585 1818 3598 1842 ,
3626 1776 3857 1832 animam
3880 1820 3895 1845 ,
3931 1796 4036 1833 non

2443 1861 2597 1900 secus
2623 1862 2685 1901 ac
2716 1849 2827 1916 ipse
2850 1847 3151 1917 Baptismus
3180 1863 3334 1971 agna:
3359 1890 3372 1909 .
3405 1850 3473 1902 ab
3498 1847 3743 1903 omnibus
3774 1852 3950 1932 culpm
3988 1860 4041 1904 ct

2448 1932 2618 1971 meum
2650 1919 2871 1971 maculis
2894 1919 3167 1971 emundat.
3246 1917 3399 1971 [fusio
3423 1921 3687 1971 sanauinis
3717 1936 3809 1971 pro
3833 1922 4041 1971 Christo

2482 1932 2618 1973 (eum
2650 1919 2871 1972 maculis
2894 1919 3167 1973 emundat.
3196 1919 3399 1975 Eﬂ'usio
3423 1921 3687 1975 sanauinis
3716 1936 3809 1975 oro
3833 1919 4042 1975 Christo

2482 1933 2618 1973 (eum
2650 1933 2871 1972 macuus
2894 1933 3167 1973 emuuuat.
3196 1933 3399 1985 [onusto
3423 1935 3515 1973 san
3554 1936 3687 1973 umis
3780 1936 3809 1973 ο
3833 1933 4042 1975 Christo

2448 1933 2573 2059 fuit
2613 1988 2670 2045 S.
2706 1988 3055 2062 Thontas.illl
3086 2006 3161 2058 p.,
3191 2007 3244 2058 q.
3275 1990 3364 2055 66,
3395 2006 3444 2045 a.
3483 1936 3564 2051 lg.
3597 1992 3649 2044 in
3694 1938 3923 2061 ὄτρυνε
3950 1988 3968 2062 )
3998 2003 4044 2046 et

2446 2062 2670 2129 operatio
2698 2062 2907 2113 interior
2937 2060 3163 2131 Spiritus
3196 2061 3374 2115 Sancti
3404 2062 3645 2115 dicuntur
3673 2060 4002 2129 Baptistnata
4024 2103 4041 2128 ,

2446 2132 2499 2183 in
2522 2143 2763 2199 quantum
2784 2130 3012 2199 efﬁciunt
3031 2130 3261 2198 effectum
3279 2132 3529 2201 Baptismi
3551 2149 3727 2199 aquae;
3744 2131 4044 2202 Baptismus

2446 2214 2614 2255 autem
2642 2218 2788 2272 aqua:
2828 2204 3115 2271 efﬁcaciam
3164 2204 3309 2257 habet
3358 2220 3389 2256 α
3439 2204 3673 2272 passione
3719 2204 3953 2271 Christi,
3997 2214 4043 2257 ct

2448 2274 2649 2342 Spiritu
2682 2274 2893 2327 Sancto.

2523 2343 2892 2418 lteprwsentat.
2940 2342 3055 2418 lion
3104 2344 3157 2398 in
3181 2358 3343 2418 ‘mera
3392 2345 3622 2416 imagine
3668 2360 3732 2418 ac
3768 2346 4041 2418 symbolo,

2447 2413 2542 2468 sed
2572 2419 2625 2468 in
2653 2416 2887 2485 praesenti
2917 2415 3144 2481 eﬁectu;
3179 2415 3281 2469 ltoc
3323 2418 3464 2471 enim
3505 2413 3726 2487 proprie
3754 2413 4041 2485 repraesen-

2448 2495 2557 2556 tare
2589 2496 2706 2549 est,
2737 2487 2786 2539 id
2818 2496 2899 2539 est
2922 2526 2936 2550 ,
2968 2501 3081 2540 rem
3110 2497 3405 2556 prtesentem
3436 2487 3691 2551 reddere;
3727 2489 3871 2541 unde
3916 2501 3972 2544 ct
4014 2504 4043 2543 a

2446 2555 2571 2629 Jcsu
2602 2556 2820 2611 Christo
2848 2560 3071 2626 pecunia
3112 2555 3475 2629 'reprwsentari
3503 2558 3715 2623 dicitur,
3748 2574 3872 2613 cum
3900 2562 4045 2613 exhi-

2448 2628 2609 2700 betur,
2639 2636 3050 2700 atqueprajsens
3088 2628 3417 2683 numeratur.
3459 2628 3529 2683 Et
3569 2631 3796 2697 ipsemet
3825 2646 4046 2700 quotqu

2448 2696 2638 2768 Noster
2684 2700 2736 2751 in
2787 2698 2875 2753 lib.
2901 2698 2969 2754 de
3006 2699 3131 2755 Cor.
3166 2702 3277 2752 mil.
3307 2716 3357 2753 c.
3390 2701 3488 2753 ult.
3540 2696 4046 2768 reprtcsenta'tion'cm

2449 2766 2678 2841 risioni,
2711 2783 2806 2841 seu
2858 2786 3021 2823 mene
3070 2772 3438 2840 apparentim,
3486 2766 3707 2841 Opponit
3750 2788 3764 2823 :
3812 2772 3878 2826 Si
3918 2774 4046 2829 tales

2448 2840 2693 2909 imagines
2714 2881 2728 2899 .
2761 2840 3007 2910 inquiens
3032 2882 3046 2905 ,
3070 2841 3125 2895 in
3154 2841 3349 2895 visione
3368 2883 3383 2909 ,
3414 2844 3587 2911 quales
3612 2842 3852 2897 reritates
3878 2844 3933 2897 in
3962 2862 4045 2900 re-

2448 2911 2835 2981 prwsentatione
2855 2912 2880 2963 Ρ

2517 2981 2800 3056 ρυοηιριιο
2849 2997 2977 3037 vero
3025 2982 3327 3056 Baptismus
3367 2983 3641 3055 sanguinis
3682 2985 3860 3041 vicem
3912 3000 4045 3056 sup-

2448 3054 2607 3126 pleat,
2633 3053 3003 3126 eductumque
3020 3064 3234 3123 prmstet
3263 3053 3513 3125 Baptismi
3538 3070 3710 3126 aquae,
3737 3072 3860 3111 mox
3885 3053 4046 3113 antea

2447 3121 2686 3197 diximus
2710 3125 2760 3176 in
2810 3121 2935 3197 Not.
2964 3121 3277 3197 Baptismus.
3333 3121 3482 3181 Adde
3505 3167 3520 3193 ,
3552 3121 3692 3195 quod
3731 3127 4048 3197 Baptismus

2450 3194 2689 3265 martyrii
2738 3195 2904 3265 multo
2954 3196 3223 3250 efﬁcacius
3270 3197 3520 3250 virtutem
3551 3194 4047 3265 passionis—Citristi

755 3267 1002 3338 Spiritus,
1034 3276 1079 3321 et
1110 3270 1363 3347 Aquatet
1406 3264 1666 3387 Sanguis,
1698 3274 1745 3315 et
1789 3263 1841 3315 hi
1870 3272 1967 3315 tres
2018 3277 2176 3315 unum
2203 3269 2339 3339 sunt.
2368 3270 2413 3335 ρ
2448 3263 2745 3336 participet.
2765 3264 2891 3319 Haec
2911 3265 3174 3387 cniméait
3276 3265 3400 3332 Tb.,
3422 3268 3487 3321 lll
3512 3263 3586 3337 p.,
3610 3283 3665 3337 q.
3694 3267 3964 3335 66,a.12,
3992 3271 4047 3325 in

828 3337 1339 3387 (.‘tariﬁcaretur.Stc
1353 3350 1493 3387 eutm
1558 3334 1797 3387 .Petrus.
1816 3331 2125 3387 Act.lll.15.
2144 3331 2343 3386 ludius
2448 3334 2951 3387 Cornorelooeratur
2976 3339 3061 3387 aui
3102 3354 3179 3387 em
3202 3354 3253 3387 m
3276 3335 3544 3387 Bantismo
3574 3355 3719 3387 uana:
3744 3356 3833 3387 uer
3864 3357 4047 3387 numn-

828 3331 1235 3407 Cloriﬁcaretur.
1249 3337 1339 3407 Sic
1353 3336 1493 3390 enim
1511 3331 1569 3389 S.
1588 3334 1797 3407 Petrus,
1816 3334 1928 3385 Act.
1941 3331 2125 3407 lll,l§,
2144 3331 2343 3407 iudicis

754 3400 1087 3478 exprobrans
1111 3406 1387 3478 perﬁdiam
1426 3408 1731 3478 suam,ait_;
1752 3402 1892 3478 peus
1916 3403 2229 3478 glorilicavit
2250 3400 2346 3454 Fi-

757 3424 1087 3478 exproaraus
1185 3424 1387 3461 rnatum
1426 3424 1599 3470 suam,
1616 3424 1691 3458 alt
1713 3424 1724 3454 :
1752 3424 1892 3457 usus
1916 3424 2229 3473 glurtucavu
2250 3424 2284 3454 ιτ
2301 3424 2345 3453 t-

757 3483 883 3535 lium
921 3495 1069 3533 suum
1092 3424 1289 3541 fetum,
1319 3491 1465 3546 quem
1491 3491 1575 3529 vos
1600 3475 1971 3538 tradidistis...,
2003 3484 2048 3527 et
2077 3475 2345 3546 Auctorem

756 3554 869 3605 vita:
883 3550 1221 3619 itttcrfecistis,
1236 3544 1385 3619 quem
1405 3546 1540 3601 Deus
1556 3548 1809 3601 suscitauit
1829 3562 1861 3619 a
1879 3546 2108 3619 mortuis,
2124 3554 2228 3619 etc.
2253 3544 2344 3599 llis

757 3614 1031 3678 enimvero
1058 3624 1191 3675 miro
1228 3614 1527 3676 consonant
1547 3633 1609 3673 ea
1629 3658 1643 3682 ,
1676 3633 1793 3687 qua:
1823 3618 1879 3671 S.
1911 3615 2119 3678 Ambr.,
2144 3614 2339 3669 Comm.

756 3696 810 3747 in
842 3693 995 3759 Luc.,
1041 3708 1089 3745 c.
1132 3690 1205 3744 ‘22
1226 3731 1241 3757 ,
1271 3690 1498 3761 eleganti
1538 3688 1856 3761 compendiu
1881 3688 2189 3761 complexus
2216 3696 2299 3740 est
2328 3703 2341 3761 ς

761 3764 883 3817 Tres
911 3756 1055 3818 testes
1078 3756 1391 3829 sunt,Aqua
1412 3802 1428 3825 ,
1456 3756 1703 3829 Sanguis,
1730 3767 1786 3829 et
1813 3758 2076 3825 Spiritus;
2109 3757 2253 3827 Aqua
2278 3756 2346 3809 ad

760 3836 1017 3915 lavacrum
1054 3850 1073 3887 :
1102 3832 1429 3915 Sanguis_ad
1455 3828 1715 3915 pretiuut_:
1748 3828 1973 3915 Spiritus
1997 3829 2063 3880 ad
2084 3843 2347 3915 (resurrec-

760 3911 964 3960 tionem.
994 3896 1236 3971 Itemque
1257 3904 1309 3957 in
1339 3901 1432 3956 lib.
1455 3896 1487 3956 ἰ
1507 3901 1570 3954 de
1594 3900 1739 3971 Spir.
1767 3896 1969 3965 Sanct.,
1996 3914 2046 3971 c.
2082 3896 2160 3971 6_:
2195 3900 2346 3968 Aqua

761 3978 897 4031 testis
915 3986 986 4031 est
1011 3969 1300 4045 sepultura:
1322 3990 1335 4026 :
1360 3973 1586 4045 Sanguis
1608 3969 1743 4025 testis
1769 3970 2051 4045 estmortis
2075 3987 2087 4024 :
2116 3969 2347 4045 Spiritus

761 4050 899 4101 testis
949 4056 1021 4101 est
1069 4041 1214 4100 vitat.
1280 4046 1455 4115 Atque
1476 4041 1621 4115 "haec
1674 4041 2068 4115 proculdubio
2116 4056 2183 4115 eu
2229 4041 2347 4110 ipso

760 4118 1020 4187 Aposmlo
1050 4116 1244 4181 bausit,
1276 4111 1638 4187 qui'adﬂom.
1664 4111 1755 4187 δι,
1789 4112 1846 4187 ᾇ,
1878 4113 1949 4164 ita
2000 4111 2073 4187 ait
2099 4128 2114 4165 :
2147 4113 2347 4167 Conse-

762 4182 892 4257 ptilti
923 4189 1055 4242 enim
1080 4203 1252 4241 sumus
1279 4182 1393 4239 cum
1425 4185 1514 4238 illo
1546 4201 1634 4251 per
1660 4182 2009 4257 Baptismum
2030 4182 2083 4235 in
2111 4194 2342 4257 mortem,

760 4251 813 4313 ut
834 4260 1084 4330 quomodo
1104 4258 1333 4330 Christus
1358 4256 1631 4330 resurrexit
1660 4270 1690 4307 a
1720 4251 1968 4330 mortuis,
1984 4252 2076 4330 ita
2091 4265 2137 4307 et
2174 4270 2265 4330 uos
2294 4256 2348 4309 in

763 4322 980 4385 nouitate
1004 4331 1126 4384 vitae
1154 4326 1484 4383 ambulemus.
1524 4326 1591 4381 Et
1614 4340 1734 4394 cap.
1764 4322 1842 4391 ll,
1868 4340 1917 4377 ν.
1948 4322 2035 4394 ιζ,
2066 4325 2135 4377 ita
2164 4323 2346 4379 Colos-

761 4418 927 4456 senses
956 4416 1080 4457 suos
1109 4398 1422 4471 alloquitur:
1446 4392 1753 4471 Consepulti
1780 4396 1896 4449 estis
1916 4396 1968 4471 in
1993 4392 2345 4471 Baptismum,

760 4474 813 4525 in
838 4489 938 4541 quo
963 4482 1009 4525 et
1047 4462 1413 4528 resurrcxistis
1447 4486 1535 4539 per
1580 4462 1731 4541 [idem
1756 4462 2197 4541 operationis—Dei
2220 4508 2235 4533 ,
2261 4468 2347 4536 qui

762 4536 1022 4596 suscitavit
1072 4542 1219 4597 illum
1271 4555 1301 4595 a
1342 4536 1589 4596 mortuis.
1642 4538 1719 4593 lia
1763 4536 1923 4608 igitur
1972 4537 2185 4591 nonnisi
2230 4546 2349 4608 post

764 4614 1065 4683 passionem
1091 4624 1145 4668 et
1172 4614 1445 4682 sanguinis
1467 4608 1781 4683 effusionem
1802 4607 2045 4683 Christus
2066 4608 2117 4663 in
2141 4607 2342 4683 Resur-

763 4659 1790 4754 rac'aaa;pertransit};gaianas
1807 4659 2345 4754 a;.'.ji,5.;u_.ja...n...
2370 4659 2423 4720 ι)

766 4755 816 4808 in
834 4748 1111 4820 Emmaits,
1138 4753 1289 4819 Luc.,
1322 4751 1513 4820 XXIV,
1540 4748 1629 4818 26,
1658 4748 1988 4807 declaravit:
2024 4748 2210 4804 Nonne
2238 4750 2346 4805 htec

762 4828 985 4894 oportuit
1006 4826 1261 4882 Christum
1283 4825 1409 4895 pati,
1440 4835 1487 4878 et
1513 4825 1801 4895 ita_intrare
1822 4821 2131 4895 inglorium
2158 4823 2348 4895 suam}

834 4895 1057 4951 Eiectos.
1088 4892 1377 4966 Utique'ad
1407 4894 1535 4949 illud
1576 4892 1761 4948 Matth.
1784 4934 1799 4960 ,
1829 4892 1948 4959 XX,
1983 4892 2069 4957 l6,
2098 4902 2151 4966 et
2182 4892 2343 4961 XXII,

767 4968 1056 5031 M,alludit
1089 4983 1101 5018 :
1134 4964 1285 5021 nam
1305 4976 1424 5021 sunt
1443 4966 1626 5033 vocati,
1656 4968 1803 5033 pauci
1827 4981 1942 5019 vero
1968 4964 2131 5019 electi.

836 5037 1040 5093 Emisit.
1089 5038 1314 5107 Quando
1342 5038 1590 5092 nimirum
1621 5052 1749 5107 unus
1775 5034 1990 5089 militum
2011 5038 2191 5107 lancea
2214 5035 2348 5091 latus

766 5110 874 5179 ejus
902 5105 1130 5179 aperuit,
1143 5120 1190 5163 et
1209 5109 1448 5163 continuo
1482 5106 1888 5179 exiuit_Sanguis_
1901 5116 1947 5160 et
1969 5107 2133 5176 Aqua.
2166 5105 2347 5176 Joau.,

821 5126 874 5163 Β
902 5126 1117 5237 αΞῗ-ιιιι,
1143 5126 1190 5163 ει
1209 5126 1448 5163 continuo
1482 5126 1631 5162 επινη
1653 5126 1879 5179 oanguts
1901 5126 1946 5160 ει
1969 5126 2084 5176 ἧφι

821 5179 1401 5316 ιὲἇὶα..ΡΥὲάξίυρι-α,
1429 5194 1549 5250 cap.
1583 5177 1671 5245 IX,
1703 5176 1831 5232 Not.
1858 5176 2084 5233 Lancea.

889 5260 994 5306 uia.
1026 5260 1134 5307 Pro
1160 5260 1236 5307 ut.
2088 5294 2091 5301 ς

836 5321 1118 5390 Lavissent,
1152 5323 1189 5376 i.
1216 5331 1523 5390 e.,peccata
1553 5336 1647 5377 sua
1674 5320 1986 5376 abluissent.
2009 5319 2143 5376 Vide
2172 5329 2347 5377 autem

765 5394 890 5467 quid
918 5393 1129 5467 intersit
1144 5393 1218 5467 _(si_
1232 5390 1418 5467 stricte
1436 5394 1581 5467 loqui
1599 5390 1854 5467 velimus)
1866 5393 2006 5467 inter
2027 5393 2193 5467 lauare
2212 5404 2265 5467 et
2280 5394 2348 5467 la_-

765 5465 893 5520 vari.
914 5463 1026 5519 Nos
1054 5467 1107 5519 in
1136 5462 1327 5519 balneis
1348 5464 1445 5536 (ait
1469 5462 1659 5536 Yarro,
1692 5462 1924 5536 lib.Vlll,
1942 5463 2006 5536 de
2027 5462 2180 5535 Ling.
2202 5462 2347 5533 Lat.)

765 5546 815 5591 et
834 5541 877 5588 Ia
888 5551 1092 5602 vanius,
1106 5545 1150 5591 et
1181 5534 1438 5590 lavamur.
1464 5534 1570 5590 Sed
1585 5534 1891 5589 consuetudo
1914 5534 2211 5588 alterutrum
2235 5551 2352 5589 cum

768 5608 891 5661 satis
922 5608 1142 5675 haberet,
1172 5608 1227 5660 in
1270 5615 1372 5661 toto
1415 5623 1622 5676 corpore
1662 5607 1828 5676 potius
1866 5608 2055 5659 utimur
2088 5607 2347 5675 lavamur,

765 5680 818 5729 in
844 5679 1069 5747 partibus
1095 5681 1353 5740 lavamus,
1380 5680 1514 5747 quod
1541 5679 1753 5731 dicimus
1790 5678 1907 5731 lavo
1935 5692 2121 5732 manus
2149 5719 2165 5743 ,
2201 5680 2272 5729 sic
2303 5688 2352 5731 et

766 5748 963 5820 pedes,
991 5760 1264 5820 etcwtera.
1319 5748 1491 5814 Quare
1531 5752 1582 5801 in
1631 5750 1819 5802 balucis
1858 5764 1956 5801 non
2009 5759 2140 5803 recte
2180 5749 2352 5803 (licunt

768 5817 875 5891 iavi
912 5835 924 5871 :
957 5818 1061 5876 lavi
1090 5834 1279 5877 manus
1303 5836 1453 5890 recte,
1483 5824 1588 5891 sed,
1620 5822 1857 5891 quoniam
1887 5823 1937 5874 in
1974 5820 2165 5875 balneis
2187 5820 2348 5890 lavor,

771 5889 977 5945 lavatus
995 5904 1133 5947 sum.

2448 3334 2693 3409 Corpore)
2711 3344 2951 3409 operatur
2976 3334 3179 3405 quidem
3202 3338 3253 3390 in
3276 3334 3544 3407 Buptisuto
3574 3334 3719 3409 aqua:
3743 3356 3833 3409 per
3864 3357 4050 3409 quam-

2448 3409 2564 3488 dam
2582 3406 2862 3488 _ﬁguralem
2886 3406 3400 3488 repra'sentationem,
3425 3412 3514 3463 sed
3538 3410 3589 3488 in
3626 3406 3896 3480 Baptismo
3925 3429 4047 3488 san-

2446 3479 2616 3551 guinis
2640 3494 2731 3545 per
2756 3479 3313 3551 imitationemoperis;
3338 3496 3455 3549 qua:
3479 3480 3661 3550 utique
3682 3479 3787 3535 non
3810 3492 3897 3537 est
3918 3486 4045 3537 sim-

2446 3550 2564 3621 plex
2587 3550 3104 3621 repraesentatiomed
3128 3551 3261 3605 mire
3276 3551 3464 3621 efﬁcax
3490 3553 3563 3605 rei
3583 3552 3747 3621 ipsius
3770 3554 3821 3606 in
3848 3553 4048 3611 virtute

2446 3619 2540 3694 sua
2582 3619 2961 3694 atqueeﬁ‘ectu
2988 3619 3263 3694 exhibitis.
3295 3620 3409 3675 Huc
3438 3619 3667 3690 pertinet
3694 3625 3821 3677 illud
3846 3628 4044 3694 Apoc.,

2453 3692 2559 3752 VII,
2586 3692 2653 3743 M
2685 3707 2697 3742 :
2731 3688 2800 3742 lli
2824 3702 2962 3755 sunt,
2990 3693 3075 3760 qui
3102 3702 3340 3763 venerunt
3372 3688 3451 3745 exi
3473 3709 3661 3763 magna
3688 3688 4042 3763 tribulatione,

2446 3772 2491 3885 at
2517 3764 2743 3845 lauerant
2768 3763 2924 3816 stolas
2944 3777 3083 3828 suas,
3114 3772 3162 3816 et
3201 3762 3670 3819 dealbaverunt’cas
3698 3766 3753 3818 in
3792 3762 4046 3838 sanguine

2494 3849 2600 3885 01η.

2530 3849 2600 3886 ιιι.

2493 3851 2727 3957 θλὲάαὶι.
2779 3903 3027 3980 Perditur
3058 3904 3376 3980 Baptismus,
3413 3906 3611 3980 quoad;
3634 3911 3883 3980 effectum
3922 3912 4044 3965 sci-

2448 3975 2769 4050 l_icet_suum
2794 4016 2810 4039 ,
2842 3991 2962 4031 cum
3008 3975 3305 4044 baptizatus
3346 3975 3728 4045 innocentiam,
3782 3995 3946 4050 quam
3991 3984 4045 4038 in

2448 4046 2720 4117 Baptismo
2749 4056 3071 4102 consecutus
3101 4056 3203 4109 est,
3235 4063 3328 4117 per
3356 4058 3629 4117 peccatum
3660 4046 3895 4107 mortale
3936 4070 4045 4107 rur-

2446 4132 2541 4199 sus
2563 4120 2761 4219 umittit
2792 4136 2805 4171 :
2838 4128 3180 4219 recuperutur
3218 4130 3415 4219 autern
3444 4135 3537 4201 per
3566 4123 3905 4219 maruyrium,
3924 4139 4044 4219 13υο

2447 4191 2669 4313 ἓτίειίηε
2698 4189 2997 4243 innocentia
3028 4188 3265 4258 plenarie
3291 4188 3612 4258 restituitur,
3632 4188 3895 4264 ut'supra
3914 4188 4041 4251 Not.

2494 4263 2739 4313 antismus
2767 4260 3019 4313 diximus.

2494 4263 2739 4331 aptismus
2767 4260 3019 4331 diximus.

2918 4329 3074 4403 Nolle
3098 4331 3167 4385 ad
3194 4338 3346 4403 caput
3377 4330 3427 4386 Χ
3445 4331 3572 4387 VII.

2522 4401 2865 4458 Materiolam.
2893 4401 3215 4457 Perbrevem
3246 4401 3388 4459 bunc
3413 4413 3714 4462 tractatum.

2517 4474 2832 4550 Accipiendi.
2870 4474 2942 4528 De
2969 4472 3227 4550 Ministro,
3259 4484 3313 4550 et
3340 4474 3561 4547 subjecto
3584 4518 3599 4545 ,
3627 4478 3695 4533 de
3724 4493 3835 4550 quo
3867 4488 4043 4538 tamen

2449 4545 2731 4615 posteriori
2762 4549 2813 4600 iu
2850 4559 2969 4615 cap.
2996 4559 3110 4614 seq.
3144 4545 3393 4615 loquitur.

2521 4616 2824 4691 Episcopus.
2867 4614 3060 4691 l_n_sua
3124 4614 3377 4691 nimirum
3427 4616 3665 4675 Ecclesia
3721 4636 4042 4691 supremum

2449 4687 2805 4761 sacerdotium
2844 4687 3125 4761 obtinens.
3158 4687 3521 4761 dignitateque
3575 4687 3857 4760 petestatis
3916 4694 4043 4750 reli-

2447 4758 2859 4837 quisomnibus
2920 4757 3257 4828 praefulgens.
3304 4757 3628 4837 Camenius
3667 4764 3799 4837 “veri
3842 4779 3911 4820 ac
3957 4782 4047 4837 ge-

2449 4828 2599 4907 uuiui
2630 4829 3012 4907 Aposwlorum
3054 4843 3395 4907 successores
3446 4833 3553 4888 sint
3602 4833 3702 4907 soli
3758 4828 4041 4907 Episcopi,

2452 4900 2505 4954 lii
2546 4900 2600 4973 in
2630 4901 2838 4955 illorum
2865 4914 3076 4973 quoque
3107 4901 3197 4971 jus
3221 4903 3481 4959 transiere
3503 4944 3519 4970 ,
3548 4905 3740 4973 quibus
3764 4900 4045 4963 a'Cbristo

2452 4971 2789 5041 peculiariter
2850 4970 3229 5043 demandatum
3280 4973 3450 5029 fuerat
3506 4992 3519 5028 :
3565 4970 3765 5033 Fames
3792 5015 3812 5043 ,
3871 4981 4045 5032 docete

2451 5040 2622 5096 omnes
2642 5053 2830 5111 gentes,
2860 5040 3171 5111 baptizantes
3200 5059 3283 5099 eos
3307 5086 3323 5111 ,
3363 5055 3468 5100 etc.
3514 5044 3698 5101 Matth.
3733 5040 3833 5103 ult.
3870 5066 3925 5102 v.
3958 5050 4043 5105 l9.

2451 5113 2632 5182 Itaque
2661 5115 2930 5189 inprimis
2959 5112 3218 5189 Ecclesiae
3244 5115 3453 5189 saeculis
3482 5116 3751 5189 Episcopi,
3769 5119 3903 5189 jure
3931 5130 4046 5175 tan-

2451 5200 2608 5259 quam
2640 5185 2739 5259 sibi
2765 5185 2897 5259 solis
2917 5185 3503 5259 proprioBaptismum,
3528 5185 3728 5259 publice
3755 5185 4041 5258 nimirum,

2454 5270 2546 5338 seu
2572 5258 2627 5341 in
2636 5257 2757 5337 ipsa
2788 5256 3036 5341 ecclesia,
3077 5255 3555 5341 administrabant,
3579 5261 3838 5341 quamdiu
3865 5255 4045 5320 silicet

2453 5326 2505 5400 in
2551 5327 2678 5381 solis
2719 5326 2991 5400 _ecclesiis
3038 5326 3432 5400 eatbedralibus
3477 5326 3790 5400 baptisteria
3859 5345 4043 5389 erecta

2456 5396 2682 5473 fuerant.
2700 5396 3025 5473 Quanquam
3061 5398 3223 5452 etiam
3262 5409 3386 5473 tunc
3425 5396 3729 5473 Presbyteri
3776 5404 4039 5470 astitissc,

2452 5468 2635 5542 imoet
2659 5468 2711 5524 bi
2736 5470 2834 5539 ipsi
2862 5471 3004 5539 (cum
3031 5483 3221 5542 nempe
3248 5471 3407 5542 nimia
3433 5468 3878 5542 baptiiandorum
3901 5468 4039 5529 mut;

2454 5540 2649 5606 titutlo,
2678 5556 2835 5611 quam
2876 5552 2986 5594 uta
3014 5542 3130 5594 $010
3171 5541 3433 5611 Episc0po
3474 5540 3713 5667 expediri
3753 5547 4036 5615 potuisset,

2454 5610 2840 5667 conﬂuxissetl
2884 5612 3185 5667 baptizasse
3222 5613 3496 5667 leuantur.
3552 5613 3795 5667 ‘niscono
3832 5617 4036 5667 scilicet

2452 5610 2840 5686 conﬂuxisset)
2884 5612 3190 5686 baptizasse
3222 5610 3496 5683 legantur,
3528 5610 3795 5686 Episcopo
3832 5610 4038 5673 scilicet

2453 5697 2705 5752 expresse
2726 5683 2964 5752 jubente,
2996 5693 3155 5751 atque
3180 5683 3457 5750 baptizatis
3486 5683 3607 5739 moi
3634 5683 4037 5743 sacramentum

2450 5751 2883 5825 Conlirtttatiouis
2928 5753 3290 5825 impertiente.
3333 5754 3621 5825 Postquam
3664 5772 3793 5813 vero
3819 5800 3834 5823 ,
3865 5760 4039 5815 adhuc

2454 5823 2611 5877 latius
2631 5828 2958 5898 increscente
2979 5824 3213 5898 ﬁdelium
3236 5823 3594 5898 multitudine,
3616 5830 3667 5881 in
3685 5831 4039 5898 amplioribus

2454 5897 2749 5965 praesertim
2818 5895 3185 5963 Dimcesibus,
3240 5895 3511 5954 difﬁcilior
3583 5895 3910 5971 quibusdam
3972 5900 4041 5957 ad
