4202 6496
689 387 820 447 1191

688 502 847 557 etiam
874 514 978 555 vox
1006 499 1124 556 haec
1151 496 1252 555 adi
1294 512 1350 554 sa
1378 497 1468 554 illa
1498 498 1681 553 tributa
1729 515 1777 553 te

688 573 880 625 fueral.
906 570 1058 625 Unde
1081 571 1218 625 apud
1244 514 1454 625 diali/tu
1483 570 1645 625 XVII.
1673 515 1762 625 ἓξ.

688 573 880 628 fueral.
906 570 1058 627 Unde
1081 571 1218 642 apud
1244 568 1454 635 Matth.,
1483 570 1645 632 XVII,
1673 568 1762 633 ‘25,
1790 572 1913 625 illud
1938 568 2130 625 Clu-isu
2154 581 2235 625 est
2261 589 2275 625 :

691 643 854 713 Reges
899 654 1045 697 terra:
1087 641 1124 696 α
1156 658 1252 712 quo
1291 641 1709 713 accipinnt_(ré)n
1746 641 1988 713 ﬁni-)7“)
2022 642 2279 713 tributum

688 711 787 768 vcl—
812 714 1059 768 censum?
1110 711 1368 769 Similiter
1410 712 1521 779 ulti,
1556 711 1680 767 Luc.
1710 754 1723 778 ,
1754 712 1869 778 XX,
1900 712 1989 776 ‘22,
2020 711 2278 767 Pharismi

690 784 959 841 Christum
1007 792 1274 839 tentantes
1320 783 1650 852 interrogant
1698 801 1709 835 :
1760 783 1898 837 Licet
1943 784 2086 837 nobis
2118 787 2275 853 φίρον,

692 855 951 922 tributum,
984 854 1107 910 dare
1132 854 1342 917 Cwsari,
1382 872 1453 925 an
1508 856 1647 907 non?
1691 855 1810 909 IOCt)
1854 858 1989 925 ρὸραν
2023 852 2277 920 Matthwi,

692 925 857 991 XXII,
880 927 966 991 l7,
994 936 1049 981 et
1075 925 1239 979 Marc.
1262 968 1276 989 ,
1303 923 1415 989 XII,
1450 925 1535 987 14,
1558 942 1722 986 ate-my
1758 923 2005 994 (censum)
2038 924 2278 990 habetur,

693 998 997 1067 pariterque
1021 1011 1048 1050 a
1086 996 1310 1065 Vulgato
1339 1005 1523 1051 nostro
1553 1012 1644 1067 per
1675 996 1916 1050 tributum
1950 995 2205 1051 redditur.

766 1068 935 1122 Aliter
976 1082 1185 1138 quoque
1226 1081 1415 1121 sensus
1465 1066 1727 1138 siguilieat
1766 1068 1933 1138 ipsam
1979 1068 2279 1138 censionem,

694 1155 786 1195 seu
814 1136 1149 1193 recensionent
1179 1139 1439 1193 bonorum
1473 1136 1755 1204 cujuslibet
1784 1180 1796 1201 ,
1831 1137 1882 1190 in
1928 1154 2031 1205 qua
2059 1136 2282 1205 quilibet

695 1209 1024 1278 proﬁtebatur
1050 1224 1244 1264 nomen
1277 1218 1437 1278 atque
1469 1208 1602 1261 bona
1631 1224 1743 1273 sua,
1775 1220 1829 1261 ut
1866 1210 2002 1276 apud
2028 1207 2175 1271 Luc.,
2215 1207 2281 1272 II,

696 1282 747 1343 I,
777 1281 967 1335 dicitur
1001 1298 1013 1334 :
1046 1280 1187 1333 Exiit
1215 1280 1434 1332 edictum
1461 1295 1491 1331 a
1518 1278 1714 1333 Caesare
1735 1279 1981 1349 Angusto,
2010 1291 2059 1331 nt
2089 1278 2283 1331 descri-

694 1354 889 1406 berelur
931 1352 1261 1421 (censeretur
1290 1394 1304 1417 ,
1335 1366 1429 1421 seu
1472 1350 1525 1403 in
1574 1349 1781 1403 tabulas
1819 1352 2091 1421 censorias
2120 1350 2285 1403 reler-

696 1422 863 1492 retur)
893 1420 1149 1477 universus
1180 1424 1333 1475 orbis.
1364 1420 1434 1476 Et
1461 1436 1611 1485 mox,
1645 1437 1695 1492 δ’.
1731 1422 1764 1475 5
1795 1440 1808 1475 2
1844 1420 1994 1473 Ibunt
2021 1436 2192 1473 onmes
2230 1431 2283 1473 ul

697 1490 1054 1565 profiterentur
1097 1492 1317 1565 singuli,
1358 1494 1409 1546 in
1436 1508 1582 1545 suam
1612 1490 1877 1565 civitatem.
1929 1492 1990 1544 Et
2016 1492 2283 1565 Aquoniam
2319 1526 2325 1533 -

698 1562 766 1620 ex
802 1564 893 1620 illo
930 1578 1113 1631 censu,
1148 1562 1243 1619 seu
1290 1565 1605 1619 recensione
1629 1604 1643 1630 ,
1676 1562 1929 1616 oriebatur
1964 1562 2282 1615 tributorum

698 1634 1097 1705 prOportionata
1143 1634 1409 1703 impositio
1434 1675 1449 1701 ,
1481 1634 1603 1688 hinc
1628 1648 1822 1688 census
1847 1634 2006 1705 etiam
2046 1643 2285 1705 auostt‘o

699 1704 752 1761 in
780 1704 873 1762 lib.
903 1706 1078 1777 Apol.,
1108 1720 1157 1761 c.
1182 1706 1236 1771 7,
1262 1720 1359 1776 pro
1385 1716 1498 1777 ortu
1520 1714 1612 1777 aut
1628 1705 1835 1777 origine
1849 1704 1944 1777 _\'el
1971 1704 2286 1777 professione

699 1774 960 1845 accipitur
991 1794 1005 1831 :
1037 1777 1225 1831 Census
1264 1774 1421 1831 istius
1451 1776 1722 1845 disciplina
1766 1793 1797 1828 a
1846 1774 2043 1829 Tiberio
2082 1784 2174 1828 est.
2220 1776 2286 1828 lit

701 1849 753 1903 in
783 1844 876 1905 lib.
908 1849 925 1904 l
970 1849 1086 1903 adv.
1123 1848 1291 1902 Marc.
1312 1889 1326 1914 ,
1355 1863 1406 1904 c.
1436 1847 1527 1911 ει,
1555 1844 1798 1902 simiiiter
1826 1861 1841 1900 :
1871 1845 2086 1899 Nullam
2117 1855 2284 1897 autem

699 1921 965 1987 apostolici
1011 1934 1186 1975 census
1230 1894 1801 1987 Ecblesianiinvenias,
1832 1932 1946 1987 qua:
1972 1918 2022 1970 in
2048 1916 2287 1987 Creatore
2316 1894 2362 1955 Β
2390 1894 2458 1984 ad
2511 1931 2794 1985 personam
2842 1917 3196 1971 ministrantis
3244 1926 3521 1985 spectante

699 1986 1057 2047 christianizet.
1110 1989 1243 2046 Vide
1286 1991 1448 2045 etiam
1483 1988 1576 2042 lib.
1607 1989 1670 2043 de
1696 1986 2015 2057 Prwsct°ipt.,
2049 2004 2164 2057 cap.
2196 1986 2283 2041 5‘2.

701 2062 941 2134 Itemque
992 2063 1047 2117 in
1091 2060 1176 2117 lib.
1216 2059 1284 2134 IV
1336 2061 1454 2134 adp.
1503 2058 1667 2134 Marc.
1694 2101 1709 2126 ,
1740 2074 1857 2134 cap.
1889 2060 1976 2125 bl),
2026 2058 2091 2134 de
2148 2058 2287 2113 tribu

699 2129 868 2189 Juda'
897 2137 1123 2204 loquens
1188 2132 1263 2186 ait
1318 2145 1334 2186 :
1393 2129 1684 2204 Ea:_cujus
1729 2131 1860 2184 tribu
1886 2130 2067 2204 carnis
2111 2146 2289 2204 census

703 2206 890 2261 Christi
934 2199 1296 2278 processurus,
1337 2199 1443 2278 etc.
1495 2199 1810 2278 Rursusque
1862 2202 2052 2278 Apol.,
2102 2215 2161 2278 c._
2202 2199 2287 2278 ιι),

703 2278 875 2345 inquit
903 2273 1023 2333 z'Ab
1050 2276 1138 2330 illo
1169 2273 1441 2345 (Saturno)
1486 2289 1661 2345 census
1708 2274 1857 2345 totius
1886 2315 1898 2339 ,
1928 2273 2003 2326 vel
2058 2273 2289 2341 potioris,

704 2343 792 2402 vel
810 2348 1019 2403 notioris
1062 2343 1358 2400 divinitatis.
1401 2343 1702 2414 Aliquando
1744 2343 1901 2398 etiam
1935 2358 2030 2414 pro
2058 2358 2290 2409 numero,

704 2418 797 2489 qui
841 2418 1151 2476 recensione
1194 2413 1540 2489 determinari
1578 2414 1803 2489 solebat,
1848 2413 2016 2489 accipi
2050 2423 2291 2489 constat;

704 2484 811 2559 quo
848 2505 1010 2548 sensu
1037 2490 1090 2545 in
1120 2490 1215 2544 lib.
1247 2487 1311 2543 de
1348 2487 1560 2543 Velanii.
1596 2484 1760 2557 Virg.,
1791 2501 1842 2542 c.
1870 2487 1923 2551 4,
1956 2489 2031 2539 ait
2064 2501 2077 2539 :
2113 2484 2293 2539 Omnis

706 2576 884 2618 census
904 2562 1286 2628 elementorum,
1315 2568 1419 2616 etc.

778 2633 1016 2690 Tandem
1062 2647 1191 2688 vero
1235 2645 1330 2702 pro
1372 2630 1657 2686 substantia
1686 2628 1767 2683 vel
1808 2628 2170 2702 facultatibus,
2198 2642 2293 2683 seu

707 2706 850 2762 bonis
884 2702 1043 2761 alicui
1090 2698 1633 2773 propriis,accipitur
1659 2742 1674 2768 ,
1718 2708 1774 2754 ut
1822 2700 1872 2752 in
1920 2699 2023 2773 lib.
2040 2699 2101 2753 de
2130 2698 2295 2753 Carne

704 2777 914 2845 Christi,
953 2793 1005 2833 c.
1035 2771 1131 2840 25,
1158 2773 1231 2830 ait
1280 2792 1296 2830 :
1350 2772 1437 2827 Ita
1478 2773 1739 2845 utriusque
1778 2771 2071 2845 substantia:
2098 2784 2293 2825 census

707 2841 958 2904 hominem
979 2859 1025 2903 et
1048 2847 1211 2902 Deum
1232 2845 1453 2901 exhibuit
1474 2861 1491 2909 ;
1513 2843 1752 2909 sequitur
1767 2841 1910 2896 enim
1931 2855 2048 2895 mox
2071 2850 2253 2909 postea
2276 2856 2290 2893 :

710 2921 837 2988 Qui}:
860 2921 1139 2993 preprietas
1165 2917 1545 2993 conditionum,
1574 2913 1757 2993 divince
1780 2922 1825 2966 et
1856 2913 2293 2993 hnntantcz‘wqua:

706 2983 875 3063 utique
898 2983 1094 3046 initura:
1122 2991 1347 3063 veritate_
1376 2986 1644 3063 cujusque
1669 2984 1938 3051 dispuncta
1967 2992 2060 3037 est.
2096 2983 2160 3037 Et
2190 2983 2294 3037 hoc

708 3055 888 3134 utique
909 3056 1383 3134 censu_commodo
1427 3055 1646 3125 intelligi
1697 3064 1867 3134 potest
1891 3063 2097 3134 poster
2124 3095 2144 3134 ,.
2171 3067 2295 3108 cum

708 3122 1037 3205 Bapti‘mum
1063 3131 1162 3205 Dei
1186 3145 1409 3193 censum,
1437 3122 1855 3199 tanquamiiuter
1885 3126 2015 3179 bona
2048 3122 2144 3178 Dei
2173 3140 2293 3195 pro-

711 3202 823 3278 pria
866 3202 1271 3278 numera_nd_um,
1301 3208 1474 3278 vocat.

782 3276 1038 3331 Dicatum.
1072 3272 1320 3348 Episcopi
1350 3269 1642 3348 proprium,
1673 3267 1828 3337 eique
1856 3266 2191 3338 peculitriter
2216 3275 2296 3319 at-
2323 3286 2368 3348 ρ

710 3348 969 3414 tributum,
998 3362 1061 3402 ac
1092 3341 1256 3399 a'Deo
1281 3341 1397 3413 ipso
1426 3341 1831 3414 sanctiﬁcatum.

784 3406 1025 3486 Episcopi
1051 3406 1742 3486 oﬁicinmXArgumenti_vis
1780 3410 1834 3486 in
1860 3424 1944 3486 eo
1984 3406 2153 3486 posita
2196 3416 2296 3473 cst,

712 3479 853 3562 quod
878 3479 995 3544 laici
1016 3479 1287 3562 captiuus
1314 3479 1725 3562 baptizandijus
1750 3479 2296 3562 vindicaredcbeant,

711 3549 832 3617 cum
861 3574 1034 3631 neque
1064 3558 1314 3631 iliaconis,
1341 3549 1513 3626 neque
1537 3549 1665 3624 ipsis
1690 3551 2012 3624 presbyteris,
2030 3549 2160 3605 illud
2183 3551 2300 3606 sine

712 3629 1033 3689 auctoritate
1063 3629 1305 3701 Episcopi
1348 3633 1636 3701 competat.

788 3690 1119 3759 JEmulatiof
1160 3690 1383 3766 Quidam
1451 3690 1517 3750 ita
1578 3690 2080 3766 interpungeudum.
2114 3698 2301 3761 putant

713 3775 856 3831 hunc
886 3776 1057 3828 locum
1104 3787 1118 3824 :
1163 3763 1398 3823 Dicalum
1429 3766 1696 3836 EpiscOpis
1718 3765 1935 3836 ofﬁcium
1958 3763 2297 3834 episcOpatus.

713 3844 1005 3901 JEntulatio
1033 3842 1393 3903 schismatum,
1424 3833 1529 3893 etc.
1578 3833 1647 3893 At
1694 3833 1813 3890 aliis
1855 3833 2303 3902 Ιιωσταυτοὶργία

714 3916 904 3973 merito
930 3916 1195 3986 ιίἱδνιιοοι.
1224 3909 1519 3966 Retinenda
1568 3906 1929 3986 igitnraextus
1972 3905 2128 3986 hujus
2157 3906 2301 3959 ordi~

713 3990 859 4045 natio
886 3997 986 4052 est,
1016 3977 1172 4058 quam
1199 3993 1383 4039 contra
1409 3977 1859 4058 ιιιιῃιιιξοοιιίεθιιι
1888 3978 2158 4058 reposui.‘
2249 4046 2259 4057 ι

790 4050 1128 4113 Schismat'um
1159 4066 1318 4108 mater
1345 4062 1437 4106 est.
1470 4050 1721 4115 Plurima,
1745 4051 1979 4116 Satisque
2027 4050 2212 4110 tristia,
2248 4050 2300 4101 in

716 4130 954 4187 Ecclesia
990 4137 1228 4198 prostant
1262 4123 1415 4195 hujus
1445 4122 2300 4198 rei_exet_nplanumeummeum-

717 4218 837 4259 rare
872 4190 1157 4271 liujusiloci
1186 4212 1292 4271 non
1321 4190 1425 4271 est.
1450 4191 1580 4271 Vide
1602 4191 1761 4271 eripui
1784 4190 2007 4245 Tertull.
2040 4199 2298 4258 nostrum,

718 4275 771 4329 in
799 4274 891 4328 lib.
923 4261 985 4325 de
1025 4269 1323 4335 Prwscript.
1370 4265 1433 4331 ρ.
1463 4264 1586 4317 Crit.
1620 4261 1707 4318 IV.

792 4344 1068 4415 Expedire.
1113 4330 1276 4415 Quasi
1326 4330 1505 4415 dicere
1549 4335 1745 4415 vellet:
1779 4353 1797 4415 ι
1836 4330 2059 4387 Etiamsi
2107 4340 2161 4386 et
2209 4330 2303 4385 lai-

717 4416 796 4471 cis
843 4408 1080 4486 potestas
1104 4408 1420 4486 baptizandi
1451 4413 1748 4486 competat,
1780 4414 1954 4486 tamen
1984 4417 2095 4486 non.
2133 4416 2300 4483 expe-

720 4472 881 4553 dire',
926 4495 983 4540 ut
1021 4472 1208 4540 eadem
1258 4489 1472 4553 utantur
1502 4518 1518 4542 ,
1568 4472 1620 4531 in
1668 4474 2028 4553 pra-judicium
2083 4472 2303 4553 honoris

720 4546 1001 4629 Episcopis
1039 4554 1201 4629 debiti
1225 4595 1240 4619 ,
1270 4550 1363 4606 sed
1392 4558 1665 4629 priestare,
1696 4557 1752 4629 unt
1781 4546 1847 4627 ab
1878 4546 2018 4599 illius
2045 4546 2303 4629 exercitio

720 4616 786 4685 in'
818 4616 1172 4685 reverentiam
1229 4616 1652 4694 prater—iuuenum
1702 4617 2091 4688 Episcoporum
2133 4616 2300 4671 absti-

721 4710 904 4757 neant.
938 4719 958 4753 υ

797 4771 989 4827 Ularis.
1035 4767 1161 4825 Haec
1206 4764 1334 4822 solis
1389 4760 1714 4835 presbyteris
1751 4768 1821 4835 et
1870 4757 2110 4835 diaconis
2141 4756 2304 4835 dicta

763 4852 873 4897 utat
917 4840 1125 4897 Junius.
1174 4838 1310 4906 Quin
1357 4828 1485 4909 vero
1537 4828 1803 4909 S._I3asil.
1849 4845 1877 4883 a
1926 4832 2074 4883 taleis
2116 4828 2303 4909 datum

763 4859 873 4897 Illi“
917 4859 1125 4897 Junius.
1174 4859 1310 4906 υυιιι
1359 4859 1485 4889 \‘CI'U
1537 4859 1595 4890 ο.
1646 4859 1803 4885 una".
1849 4859 1877 4883 ιι
1926 4859 2074 4883 salua
2122 4859 2303 4883 uatum

723 4859 985 4984 IIaptisma
1013 4912 1232 4984 omnino
1258 4906 1587 4984 invalidum,
1612 4904 1833 4984 ideoque
1875 4899 2223 4984 repetendum
2251 4900 2304 4953 in

859 4983 901 5039 l.
932 4981 1065 5057 Con.
1097 4982 1163 5057 ad
1185 4978 1509 5049 Antphiloch.
1549 4977 1674 5031 Cau.
1705 4972 2049 5057 I_,'eeusuissc
2077 4972 2304 5057 videtur.

724 5042 801 5113 ei
832 5058 931 5111 hoc
966 5055 1109 5108 enim
1138 5051 1255 5122 ipso
1280 5042 1595 5124 argumento
1628 5047 1851 5116 probare
1872 5044 2171 5124 contendit,
2189 5042 2309 5124 lue-

726 5112 1015 5183 reticorum
1058 5112 1317 5194 baptisma
1337 5112 1658 5175 finvalidum
1707 5131 1831 5194 esse
1865 5115 2133 5194 (natoque
2187 5112 2309 5194 huic

726 5198 1006 5253 sententia:
1034 5184 1152 5266 post
1188 5196 1247 5250 S.
1287 5193 1607 5266 Cypriqpum
1646 5184 2151 5266 cllm‘Ot‘icnta’Iibtts
2188 5184 2306 5266 aliis

726 5256 1056 5337 inhaeserat),
1079 5267 1219 5337 quod
1249 5265 1301 5337 hi
1331 5256 1414 5318 'a'b
1444 5260 1713 5337 Ecclesia
1743 5258 1952 5337 abrupti
2005 5256 2124 5328 (etsi
2177 5256 2309 5308 alias

726 5339 972 5409 Episcopi
1016 5331 1111 5392 aui
1162 5335 1495 5409 presbyteri,
1526 5331 1655 5409 etc.)
1705 5333 1754 5409 in
1807 5331 2306 5409 laieorum'statum

727 5399 1094 5467 reincid'erint.
1150 5399 1251 5471 Qui
1298 5399 1491 5459 a'utem'
1515 5399 1717 5471 abrupti
1762 5412 1918 5464 sunt,
1948 5399 2159 5470 inquit,
2193 5399 2310 5452 laici

728 5482 912 5550 e/fecti,
932 5497 1021 5535 nec
1044 5471 1354 5550 baptizandi,
1382 5474 1763 5550 uecordinandi
1786 5471 1967 5525 habent
1995 5480 2308 5541 potestatem.

728 5546 904 5621 Quare
946 5567 1039 5608 eos
1064 5593 1077 5615 ,
1110 5546 1202 5619 qui
1227 5548 1287 5602 ab
1316 5549 1438 5617 ipsis
1468 5546 1709 5621 baptismi
1738 5552 1904 5621 erant
1934 5585 1948 5610 ,
1984 5554 2229 5621 tanquam
2279 5556 2309 5594 a

728 5614 876 5680 ITticis
904 5614 1181 5694 baptizatos
1204 5662 1218 5686 ,
1247 5614 1501 5687 iusserunt
1530 5614 1597 5694 ad
1627 5616 1902 5694 Ecclesium
1929 5614 2311 5694 venientespero

730 5683 1605 5765 Ecclesia;baptistnateexpurgari.
1637 5688 1828 5765 Verum
1853 5686 2127 5765 superiora
2143 5683 2244 5765 illa
2282 5698 2310 5736 a

730 5757 1066 5823 Tertulliano'
1085 5764 1153 5820 de
1193 5762 1341 5817 laicis
1378 5757 1499 5817 esse
1536 5758 1716 5835 dicta,
1744 5757 1827 5812 rel
1881 5758 1995 5835 ipse
2031 5763 2312 5835 contextus

730 5838 964 5903 evincit,
995 5851 1115 5890 cum
1145 5849 1265 5891 mox
1296 5842 1474 5904 postea
1513 5846 1540 5885 a
1571 5832 1842 5902 Baptismo
1868 5872 1881 5895 ,
1911 5831 1961 5882 in
1992 5831 2312 5904 necessitate

732 5899 1186 5978 administrando,
1216 5899 1428 5963 nonnisi
1473 5899 1716 5960 ttetninas
1742 5904 2007 5959 excludat.
2056 5899 2120 5956 Et
2163 5908 2309 5956 certe

2100 381 2564 445 TERTULLIANI

3838 376 3990 438 1192

1785 496 1991 555 ndeutla
2025 500 2277 554 translata
2307 503 2357 562 Λ
2384 499 2782 555 vetustissimus
2822 510 3035 567 semper
3062 495 3114 552 in
3142 494 3378 553 Ecclesia
3410 508 3528 552 mos
3556 494 3670 561 fuit,
3697 503 3753 548 ιιι
3774 494 3826 549 in
3852 509 3989 550 casu

2386 570 2751 634 necessitatis,
2782 569 3092 623 absentibus
3133 569 3387 638 Episcopo
3412 610 3425 632 ,
3456 568 3758 638 presbyteris
3787 577 3835 621 et
3865 568 3990 619 dia-

2383 642 2545 705 conis,
2577 650 2709 705 etc.,
2740 639 2901 694 etiam
2929 640 3049 694 laici
3078 641 3435 709 haptizareut.

2453 714 2555 765 Ant
2577 714 2692 765 loci.
2729 710 2861 766 Cum
2902 710 2954 764 in
2977 711 3067 764 illo
3103 710 3225 766 loco
3251 726 3355 765 non
3380 710 3688 780 Episcopus,
3721 716 3811 762 aut
3839 724 3993 780 pres-

2387 785 2564 853 byler,
2597 791 2689 837 aut
2726 796 2900 850 neque
2957 781 3206 836 diaconus
3265 778 3503 853 prtesetis
3558 790 3679 847 est,
3731 778 3845 834 aut
3876 778 3992 834 alio

2386 852 2771 923 impedimento
2800 852 3049 907 detentus
3075 853 3252 907 vocari
3272 852 3399 907 non
3432 860 3626 921 potest.

2460 921 2557 977 Aut
2608 924 2869 993 temporis.
2910 923 3042 977 Cum
3074 923 3276 978 scilicet
3307 923 3358 977 in
3390 938 3533 977 mora
3560 962 3575 985 ,
3607 921 3848 975 morituri
3905 921 3996 975 in-

2390 1004 2534 1050 terea
2567 994 2888 1061 baptizandi,
2916 1008 3149 1061 prmsens
3175 994 3465 1064 periculum
3496 1002 3659 1047 esset.

2458 1063 2712 1120 Conditio.
2741 1065 2796 1120 Si
2823 1065 3025 1136 scilicet
3050 1065 3150 1119 alia
3176 1063 3427 1136 legitima
3458 1078 3617 1120 causa
3661 1063 3992 1132 baptismum

2389 1152 2511 1192 mox
2537 1134 2945 1205 impertiendum
2975 1145 3177 1206 urgeat.

2459 1206 2773 1262 Constantia.
2808 1205 3363 1261 Videtur’conslantia
3413 1206 3499 1262 hic
3539 1205 3677 1260 sumi
3725 1220 3821 1276 pro
3867 1205 3995 1258 ani-

2389 1280 2641 1345 mositate,
2680 1279 2839 1331 animi
2885 1279 3143 1347 ﬁrmitate,
3176 1288 3233 1332 ut
3273 1291 3463 1333 sensus
3510 1278 3579 1331 sit
3614 1296 3627 1330 :
3663 1276 3805 1330 Tunc
3854 1278 3996 1329 enim

2390 1350 2553 1403 licebit
2584 1349 2809 1403 animose
2833 1364 2894 1403 ac
2926 1350 3177 1418 intrepide
3201 1364 3503 1403 succurrere
3525 1391 3539 1411 ,
3584 1359 3711 1412 etc.,
3742 1358 3799 1400 ut
3830 1349 3997 1400 nimi-

2389 1436 2528 1483 rum,
2552 1420 2645 1474 lib.
2673 1418 2714 1474 V
2743 1421 2860 1474 adv.
2896 1418 3087 1485 Mam,
3112 1435 3161 1474 c.
3194 1422 3217 1475 I
3255 1438 3268 1473 :
3308 1418 3472 1473 Tanta
3498 1420 3780 1473 constantia
3826 1420 3997 1471 alium

2390 1492 2539 1544 deum
2566 1490 2787 1561 edicere,
2808 1492 2897 1544 ait.
2933 1489 3116 1546 Potest
3136 1492 3296 1546 etiam
3321 1506 3416 1561 pro
3442 1490 3668 1544 libertate
3693 1499 3784 1543 aut
3807 1505 3998 1543 conveo

2390 1562 2579 1615 utentia
2625 1560 2795 1632 accipi
2830 1580 2843 1611 :
2878 1561 2968 1631 qui
3019 1575 3210 1616 sensus
3257 1563 3413 1631 plane
3450 1562 3700 1631 congruit
3728 1577 3851 1615 cum
3901 1575 3993 1623 eo,

2389 1634 2530 1702 quod
2590 1648 2712 1687 mox
2758 1632 3111 1702 subjuugitur.
3151 1632 3281 1688 Vide
3311 1634 3471 1689 etiam
3527 1648 3646 1701 qua:
3693 1645 3877 1700 supra,
3922 1632 3997 1684 ad

2390 1718 2507 1774 cap.
2534 1704 2618 1769 lO,
2661 1704 2729 1759 de
2777 1718 2909 1774 voce
2950 1713 3238 1759 constanter
3275 1704 3527 1774 diximus.
3550 1703 3814 1770 Quidquid
3862 1717 4000 1757 vero

2390 1773 2466 1828 de
2507 1774 2588 1827 his
2640 1776 2729 1839 sit,
2779 1773 2961 1830 malim
3010 1783 3156 1829 certe
3210 1773 3566 1829 constantiam
3615 1775 3700 1827 hic
3745 1774 4002 1842 accipere

2396 1861 2493 1914 pro
2536 1845 2712 1901 stabili
2761 1854 2815 1900 et
2852 1846 3111 1902 canonice
3155 1846 3447 1901 constittno
3474 1843 3660 1899 ordine
3691 1859 3753 1899 ac
3784 1848 3998 1913 regula,

3574 1933 3587 1969 :
3641 1932 3760 1982 quze
3806 1915 4001 1983 regula

2393 1986 2575 2057 utique
2603 1989 2652 2040 iu
2682 2003 2807 2041 casu
2835 1988 3187 2054 necessitatis,
3214 1998 3272 2041 ut
3300 1988 3420 2042 alia!
3446 1988 3589 2058 leges
3608 1987 4004 2042 ecclesiastica:

2392 2067 2448 2115 et
2484 2058 2752 2121 humanae,
2785 2059 2959 2113 locum
2992 2074 3098 2113 non
3130 2058 3349 2115 habent.

2467 2128 2680 2182 Docere.
2726 2128 2928 2183 Alludit
2966 2144 3153 2184 rursus
3194 2130 3261 2183 ad
3307 2144 3371 2184 ca
3402 2144 3520 2199 quae
3571 2144 3730 2198 supra
3784 2143 3909 2199 cap.
3940 2129 4000 2194 1,

2396 2200 2461 2255 de
2517 2200 2772 2265 Quintil.,
2822 2201 3047 2269 ejusque
3100 2200 3364 2255 virulenta
3422 2201 3696 2265 doctrina,
3751 2214 4004 2255 comme—

2397 2272 2644 2341 moravit.
2695 2271 2774 2326 De
2809 2269 2909 2325 hac
2956 2271 3080 2325 item
3138 2271 3428 2341 petulantia
3474 2271 3766 2341 mulierum
3802 2271 3855 2324 in
3903 2270 4001 2325 lib.

2401 2342 2464 2396 de
2499 2340 2815 2410 Prwscript.,
2844 2355 2963 2410 cap.
2993 2340 3085 2409 Η,
3115 2340 3310 2397 acerbe
3333 2340 3596 2412 queritur.

2469 2412 2735 2484 Caeterum
2761 2428 2824 2467 ex
2850 2412 2952 2467 hoc
2972 2412 3092 2484 loco
3112 2411 3474 2484 quidam,’n_ec
3494 2414 3690 2480 inepte,
3715 2411 4002 2482 colligunt,

2399 2498 2430 2537 a
2458 2482 2807 2547 Tertulliano,
2832 2499 2952 2538 cum
2980 2482 3155 2539 adhuc
3176 2496 3299 2539 vere
3321 2482 3655 2539 orthodoxus
3679 2493 3825 2548 esset,
3854 2486 4003 2539 hunc

2401 2554 2596 2610 librutn
2641 2556 2704 2609 de
2749 2553 3017 2625 Baptismo
3058 2556 3420 2625 conscriptum
3460 2553 3626 2610 fuisse
3652 2595 3667 2617 ,
3713 2565 4002 2625 propterea

2400 2626 2541 2696 quod
2592 2624 2845 2695 deinceps
2881 2626 3200 2681 blontanista
3251 2624 3421 2696 lactus
3444 2666 3457 2691 ,
3486 2627 3643 2696 longe
3680 2624 3871 2696 niajori
3922 2626 4006 2678 iu-

2400 2695 2694 2767 dulgentia,
2719 2698 2844 2766 quin
2875 2706 2929 2751 et
2957 2697 3180 2767 nimium
3208 2695 3357 2750 molli
3379 2695 3697 2767 reverentia,
3728 2695 3781 2748 in
3807 2695 4004 2767 loqua-

2400 2764 2518 2821 ceni
2559 2768 2707 2822 illum
2738 2764 2937 2820 sexum
2969 2764 3162 2833 fuerit,
3194 2781 3353 2891 iptem
3400 2766 3597 2847 Paulus
3641 2766 3757 2845 ipse
3806 2766 3821 2817 Ι
3851 2764 4002 2832 Cor.,

2400 2836 2539 2891 XIV.
2568 2838 2657 2891 54.
2682 2836 2747 2891 ad
2780 2846 3094 2891 ocroetuum
3129 2838 3183 2891 in
3238 2838 3448 2891 .cclesua
3478 2838 3745 2891 silentium
3776 2836 4002 2891 damna-

2398 2836 2539 2903 XIV,
2568 2838 2657 2903 54,
2682 2836 2747 2891 ad
2780 2846 3094 2907 perpetuum
3129 2838 3183 2891 in
3211 2836 3448 2892 Ecclesia
3478 2838 3745 2892 silentium
3776 2836 4007 2891 damna-

2401 2912 2499 2972 vit,
2527 2917 2580 2964 et
2609 2924 2779 2978 neque
2809 2911 2887 2963 sic
2922 2908 3054 2963 satis
3081 2922 3430 2977 compescere
3456 2908 3644 2978 potuit.
3683 2907 3803 2978 Iluc
3835 2909 4007 2976 perli-

2402 2988 2532 3051 neut
2556 2976 2716 3051 etiam
2738 2994 2821 3051 ea,
2844 2995 2964 3050 quae
2993 2981 3046 3035 iu
3076 2978 3144 3047 ρ.
3167 2976 3295 3035 Crit.
3322 3021 3337 3047 ,
3360 2980 3428 3033 ad
3458 2976 3547 3034 lib.
3574 2981 3636 3035 de
3667 2976 4002 3051 Prwscript.,

2410 3050 2474 3118 ρ.
2507 3050 2572 3106 IV
2602 3060 2649 3106 el
2678 3050 2740 3116 V,
2768 3050 3020 3105 diximus.

2476 3121 2588 3175 Sibi
2646 3122 2828 3189 pariet.
2894 3120 3010 3194 Non
3061 3120 3366 3192 inelegans,
3421 3138 3595 3194 neque
3642 3133 3825 3180 autem
3886 3124 4004 3179 sine

2402 3207 2707 3255 sarcasmo,
2752 3194 2803 3247 in
2833 3193 3088 3247 mulieres
3117 3236 3131 3259 ,
3165 3196 3360 3262 passim
3403 3210 3487 3249 res
3511 3193 3702 3251 inovas
3740 3197 3793 3250 in
3830 3196 4005 3249 sacris

2403 3262 3196 3337 parturientes,__metaphora.
3256 3264 3519 3337 C_:etcrum
3577 3282 3695 3320 cum
3760 3269 3829 3321 de
3885 3268 4005 3337 jure

2402 3334 2657 3402 loquitur,
2692 3349 2796 3389 non
2819 3334 2959 3388 illico
2984 3349 3198 3389 onmem
3223 3351 3251 3387 a
3280 3334 3534 3401 heminis,
3565 3339 3754 3392 saltem
3788 3340 3843 3391 in
3872 3334 4002 3392 casu

2402 3415 2657 3460 extrema:
2681 3405 3034 3471 necessitatis,
3061 3405 3363 3476 baptizandi
3387 3406 3689 3463 facultatem
3720 3410 4000 3472 excludit;

2401 3478 2528 3547 quin
2553 3492 2685 3550 vero
2715 3476 2985 3550 baptizare
3014 3478 3143 3547 ipsis
3171 3478 3293 3533 licet
3316 3520 3331 3545 ,
3359 3488 3713 3550 tenenturque
3734 3523 3749 3545 ,
3779 3480 3826 3535 si
3855 3478 4005 3534 scili-

2401 3558 2488 3603 cet
2516 3549 2595 3620 vir
2618 3564 2721 3602 non
2749 3547 2997 3620 adfuerit,
3028 3559 3119 3602 aut
3160 3550 3481 3604 verecundia
3513 3547 3812 3620 prohibeat,
3839 3553 3912 3605 ab
3942 3565 4003 3607 co

2401 3618 2724 3690 baptismum
2764 3618 3149 3674 administrari.
3200 3622 3342 3675 Sane
3371 3618 3547 3676 autem
3577 3637 3761 3677 casum
3804 3637 4003 3677 ncces-

2402 3690 2579 3745 sitatis
2609 3690 2820 3762 (saltem
2860 3690 3140 3762 extremm)
3183 3706 3357 3762 neque
3386 3693 3618 3760 antiquis
3658 3693 3763 3746 illis
3792 3703 4004 3761 tempo-

2402 3762 2550 3833 ribus
2574 3760 2849 3833 egclusum
2874 3760 3071 3833 fuisse,
3106 3764 3236 3833 satis
3273 3760 3423 3832 patet
3449 3776 3515 3817 ex
3542 3762 3626 3819 Jo.
3652 3763 3861 3833 Moschi
3895 3760 4003 3833 (qui

2405 3831 2540 3885 διες.
2574 3830 2657 3886 \Il
2701 3830 2903 3898 ﬂoruit)
2930 3831 3093 3886 Prata
3130 3830 3364 3903 Spir.,c.
3391 3834 3443 3897 3,
3461 3833 3549 3887 ubi
3576 3832 3787 3899 asserit,
3812 3830 4003 3889 contra

2403 3904 2647 3959 Cauanes
2670 3917 2817 3969 esse,
2859 3904 3187 3959 diaconissas
3216 3904 3503 3974 baptizare,
3535 3914 3745 3972 excepta
3793 3905 4007 3959 scilicet

2403 3975 2722 4047 strictissime
2772 3975 3084 4047 necessitatis
3135 3991 3331 4040 causa;
3384 3975 3439 4030 in
3490 3991 3592 4047 qua
3643 3977 3825 4047 utique
3874 3976 4003 4030 illttd

2405 4046 2577 4117 ipsum
2604 4045 2916 4100 Tertulliani
2942 4047 3262 4116 principium
3290 4045 3598 4117 subingredi
3622 4045 3851 4103 necesse
3878 4058 3998 4104 est:

2409 4116 2666 4183 Quoniam
2688 4132 2803 4171 reus
2829 4117 2934 4171 erit
2954 4118 3133 4185 perditi
3161 4118 3398 4183 hominis,
3428 4116 3532 4172 etc.

2893 4186 3045 4241 Nota:
3073 4188 3140 4241 ad
3165 4187 3379 4257 caputX
3400 4186 3561 4242 VIII.

2476 4257 2737 4314 Pristinte.
2770 4257 2986 4314 Scilicet
3016 4258 3297 4326 Quintillw,
3342 4274 3500 4330 qutun
3544 4258 3700 4329 paulo
3744 4268 3875 4317 ante
3918 4276 4009 4317 su-

2403 4329 2654 4401 gillavit,
2686 4346 2827 4384 nunc
2868 4340 3047 4401 autem
3092 4329 3372 4401 pristinam
3397 4331 3563 4396 dicit,
3613 4330 3757 4400 quod
3822 4333 3894 4387 de
3941 4350 4004 4389 ea

2405 4416 2533 4475 mox
2558 4400 2624 4456 ad
2654 4401 2864 4475 initium
2902 4400 3062 4470 hujus
3089 4400 3206 4475 libri
3236 4404 3443 4458 locutus
3471 4410 3633 4475 esset,
3661 4411 3713 4475 et
3744 4402 3867 4471 ipsa
3890 4405 4004 4475 jam

2404 4472 2605 4528 diutius
2630 4482 2785 4527 antea
2814 4472 3143 4541 Baptismum
3169 4474 3430 4543 impetere
3456 4488 3584 4527 ausa
3607 4470 3819 4543 luisset.

2474 4544 2771 4613 Auferebat,
2796 4545 2831 4597 i.
2866 4560 2916 4597 e.
2940 4560 2971 4599 e
2998 4544 3172 4598 medio
3198 4544 3385 4599 tollere
3414 4556 3595 4598 conata
3626 4542 3818 4599 fuerat.

2478 4613 2581 4669 Per
2608 4629 2680 4668 se.
2711 4613 2923 4686 Suomet
2940 4615 3246 4684 jure:quod
3273 4630 3446 4686 neque
3466 4616 3521 4670 in
3544 4616 3676 4670 viris
3704 4616 3855 4671 laicis
3879 4615 4007 4675 hac-

2328 4680 2380 4740 D
2408 4696 2562 4742 tenus
2588 4686 2870 4741 toleratam
2904 4680 2956 4740 lu
2965 4689 3020 4739 it.

2480 4757 2759 4831 Perperapt
2785 4758 2997 4831 scripta,
3028 4756 3065 4811 i.
3084 4771 3144 4831 Ae.
3173 4761 3548 4831 ψευξεπίγραρα,
3581 4772 3691 4831 seu,
3718 4758 3855 4829 falso
3889 4760 4008 4830 cjus

2409 4826 2657 4901 nomine,
2695 4826 2909 4901 Perioai
2944 4828 3109 4901 I’anli
3153 4839 3201 4883 et
3250 4826 3481 4897 Theclte',
3537 4826 3827 4901 inscripta,
3885 4826 4006 4901 qua:

2408 4899 2620 4971 quidem
2651 4899 2990 4971 supposititia
3030 4914 3150 4954 esse
3180 4916 3338 4955 nemo
3372 4901 3482 4971 jam
3528 4900 3838 4955 criticorqu
3884 4899 4004 4957 am-

2410 4968 2546 5040 ptius
2571 4968 2795 5025 dubitat.
2824 4969 3174 5041 Cootincntur
3194 4972 3246 5025 in
3270 4972 3354 5026 his
3374 4968 3512 5027 actis
3532 4971 3778 5041 quaedam
3796 4974 4006 5027 doctri-

2412 5058 2495 5095 nae
2522 5042 2689 5114 sancti
2712 5040 2862 5095 Pauli
2888 5042 3106 5095 omnino
3135 5043 3356 5114 adversa
3379 5084 3393 5109 ,
3425 5040 3676 5113 pleraque
3700 5044 3801 5096 alia
3835 5046 4007 5114 peni—-

2412 5123 2496 5167 tus
2518 5113 2774 5175 fabulosa,
2799 5128 2880 5166 ex.
2911 5130 2989 5182 gr.
3023 5113 3165 5182 quod
3194 5114 3379 5168 Thecla
3405 5132 3433 5167 a
3464 5114 3627 5170 Paulo
3655 5114 3721 5169 ad
3747 5113 4009 5183 apostoli-

2410 5199 2533 5239 cum
2562 5184 2889 5255 prtedicandi
2917 5186 3186 5255 Evangelii
3214 5227 3227 5249 ,
3260 5196 3313 5240 ct
3341 5184 3639 5255 baptizandi
3663 5200 3858 5240 munus
3884 5202 4009 5241 evo-

2410 5199 2889 5309 cum‘prteuicanui
2917 5199 3186 5255 evangelii
3214 5227 3227 5249 ,
3260 5199 3313 5240 ct
3341 5199 3639 5255 baptizandi
3663 5200 3858 5240 munus
3884 5202 4005 5241 evo-

2409 5267 2525 5309 cata
2562 5254 2729 5326 fuerit,
2746 5268 2808 5309 ac
2828 5265 3109 5325 utrumque
3134 5256 3410 5326 plusquam
3436 5256 3657 5311 viriliter
3671 5261 4005 5323 exercuerit,

2409 5336 2512 5381 ctc.
2541 5325 2609 5382 de
2638 5327 2832 5396 quibus
2858 5337 3032 5381 tamen
3072 5325 3289 5382 sanctus
3320 5327 3468 5382 Ilier.
3508 5328 3570 5381 de
3607 5326 3800 5395 Script.
3856 5328 4009 5382 Eccl.

2413 5400 2483 5453 ita
2509 5400 2624 5452 ait:
2656 5396 2901 5452 Periodos
2936 5397 3094 5453 Pauli
3122 5408 3169 5453 et
3201 5398 3433 5466 Thecla,
3471 5407 3517 5453 et
3561 5407 3715 5451 totam
3754 5401 4016 5466 baptizati

2412 5467 2596 5523 Leonis
2624 5468 2903 5539 (hactenus
2926 5479 3103 5523 autem
3135 5471 3395 5525 neseitum
3421 5467 3595 5539 cujus)
3628 5470 3857 5540 fabulam
3881 5509 3896 5533 ,
3924 5472 4010 5524 in.

2411 5549 2485 5595 ter
2529 5540 2848 5610 apocryphas
2896 5541 3192 5609 Scripturas
3241 5549 3629 5609 computamus;
3678 5541 3728 5593 in
3773 5554 4008 5610 quarum

2413 5613 2629 5685 omnino
2650 5610 2876 5685 classem
2896 5627 2925 5665 a
2948 5610 3151 5685 Gelasio
3174 5611 3325 5683 Papa
3346 5613 3399 5669 in
3426 5611 3595 5685 Cone.
3620 5626 3755 5665 rom.
3780 5630 3870 5667 an.
3898 5612 4005 5669 494

2414 5682 2596 5737 habito
2615 5722 2629 5747 ,
2658 5682 2887 5753 rejeetas
2916 5684 3180 5738 novimus.

2484 5755 2554 5810 At
2575 5768 2700 5807 vero
2730 5755 2944 5823 spurius
2983 5755 3069 5809 hic
3096 5755 3231 5810 liber
3273 5754 3555 5823 diligenter
3598 5752 4007 5822 distinguendus

2414 5834 2495 5879 est
2519 5840 2547 5878 a
2576 5824 2722 5880 libris
2751 5826 2872 5880 aliis
2896 5866 2911 5891 ,
2938 5829 3292 5881 conuuuuitcr
3320 5825 3515 5879 Basilio
3533 5864 3549 5891 ,
3580 5824 3680 5896 Ep.
3702 5824 4003 5894 Seleuciae,

2413 5897 2505 5967 qui
2534 5896 2709 5956 media
2735 5911 2861 5953 saec.
2898 5897 2934 5953 V
2972 5898 3171 5969 ﬂoruit,
3201 5897 3522 5971 adscriptis:
3557 5902 3607 5952 in
3645 5897 3838 5969 quibus
3880 5914 4003 5955 uui-
