4202 6496
728 420 870 480 1195

2091 419 2178 475 TE
2190 417 2551 477 RTULLlA-Nl

3884 418 4029 477 1196

726 544 796 599 10
827 543 998 597 factus
1027 536 1446 596 catecltnmenus
1467 575 1481 600 ,
1513 535 1724 590 nonnisi
1756 535 1788 592 8
1813 536 1966 592 annis
1996 548 2176 605 postea
2221 541 2315 591 luit
2344 543 2392 598 Λ
2424 551 2700 607 nicapaces
2721 577 2734 597 ,
2772 535 2998 606 ideoque
3027 534 3166 592 ltnnc
3188 578 3202 604 ,
3235 550 3356 591 cum
3389 536 3452 592 ad
3479 550 3632 593 usum
3677 540 3905 595 rationis
3949 541 4029 594 illi

727 615 1022 684 baptizatus
1044 655 1057 677 ,
1088 621 1142 665 ιιι
1175 619 1400 684 testatur
1425 609 1548 664 Sev.
1596 610 1786 684 Sulpit.
1821 611 1878 684 iu
1914 611 2029 673 ejus
2067 610 2179 664 Vita
2209 613 2245 664 Ι.
2299 611 2314 662 I

725 679 841 753 cap.
873 685 927 738 9..
967 684 1140 751 Aliqui
1200 682 1264 735 ad
1319 681 1390 735 50
1433 695 1631 734 annum
1677 679 2026 753 tlili‘erebanl.
2070 683 2318 748 exempla

724 751 922 810 (LItt'isti
943 755 1104 810 innixi
1127 795 1140 814 ,
1162 763 1215 807 ut
1241 754 1418 806 videre
1449 762 1529 804 est
1559 752 1695 818 apud
1728 754 1780 806 S.
1816 751 1899 806 Gr.
1923 769 1972 817 g.
2001 753 2127 806 Νη.
2167 754 2310 807 Orat.

724 828 778 880 in
835 838 1060 880 sanctum
1087 825 1386 879 Lavacrum.
1417 824 1488 876 ile
1515 821 1844 875 (imis-tantine
1869 825 1990 887 imp.
2018 826 2317 879 «totittttttnis

722 900 832 968 jam
865 899 1045 966 opinio
1071 907 1174 958 est,
1191 912 1309 968 eum
1329 895 1488 968 paulo
1505 903 1626 968 ante
1651 904 1871 968 mortem
1895 893 2206 947 .\'itometlia'
2223 898 2315 968 ba-

725 965 977 1039 ptizatum
1009 968 1192 1022 fuisse.
1216 967 1305 1039 Sic
1330 966 1487 1039 etiam
1506 965 1831 1039 gotistantius
1856 966 1978 1039 imp.
2005 968 2202 1039 ultimis
2228 967 2318 1039 de

725 1035 870 1096 inum
894 1041 1005 1094 suis
1036 1038 1366 1106 temporibus
1397 1037 1462 1088 ab
1497 1035 1688 1088 Euzoio
1714 1037 2012 1090 Aulim-bne
2059 1037 2317 1105 baptizari

723 1115 911 1168 voluit.
937 1111 1072 1178 Quid
1106 1124 1233 1163 vero
1253 1151 1266 1172 ,
1296 1107 1434 1176 quod
1463 1110 1620 1160 etiam
1651 1106 1960 1160 Theodosius
1987 1107 2065 1162 Μ.
2089 1119 2207 1177 post
2231 1124 2318 1161 su-

723 1196 904 1252 perata
937 1183 990 1236 in
1021 1181 1174 1235 bellis
1207 1181 1424 1252 plurima
1462 1178 1695 1252 pericula
1726 1221 1740 1243 ,
1766 1179 2218 1252 Anltimordcmum
2265 1180 2316 1234 in

723 1250 940 1323 gravem
972 1252 1214 1306 morbum
1267 1250 1503 1323 incidens
1535 1250 1920 1323 ab_Aschol_io,
1954 1251 2047 1323 Ep.
2083 1252 2318 1323 'l'ltessa-

725 1319 986 1380 ionicensi
1010 1367 1022 1387 ,
1049 1339 1105 1377 se
1130 1323 1269 1375 ablui
1317 1320 1568 1390 petierit?
1609 1319 1766 1374 Forte
1793 1321 1931 1374 idem
1965 1321 2191 1384 Noster,
2228 1322 2319 1374 ba.

724 1399 975 1466 ptisntum
1021 1393 1304 1466 cunctando
1331 1393 1538 1466 longius
1569 1391 1765 1466 dill'erri
1802 1392 1994 1461 jnbens
2015 1435 2027 1453 ,
2075 1394 2124 1446 in
2146 1407 2317 1466 causa

723 1463 927 1528 luerat,
962 1476 1018 1520 nt
1046 1465 1228 1529 inulti,
1263 1479 1326 1517 ex
1366 1463 1525 1515 nimia
1570 1464 1825 1532 religione
1871 1475 1923 1517 et
1976 1465 2317 1518 conscientiae

725 1539 1042 1600 formidine,
1078 1537 1401 1607 baptismum
1429 1542 1615 1600 antea,
1667 1542 1723 1589 et
1763 1534 1900 1589 bona
1950 1537 2131 1605 utique
2178 1538 2314 1602 title,

723 1619 1057 1665 I'CCIISM'CIIL

801 1683 963 1736 Erant
992 1689 1202 1741 autem,
1235 1678 1321 1747 qui
1352 1692 1417 1732 eo
1446 1675 1613 1746 pejori
1649 1677 1752 1732 lide
1793 1678 2178 1733 cunctabantur
2220 1679 2315 1732 ba-

725 1755 972 1822 ptismum
1005 1751 1309 1822 suscipere,
1342 1765 1408 1803 nc
1441 1747 1685 1822 videlicet
1710 1752 1978 1803 severitati
2024 1750 2194 1819 legum
2226 1766 2316 1803 ee-

721 1820 1137 1878 clesiaSIiearnm
1159 1821 1414 1888 deinceps
1442 1820 1920 1889 adstringerentur,
1951 1824 2129 1890 sicque
2162 1823 2319 1876 inter-

720 1912 782 1950 ea
831 1910 896 1950 eo
921 1895 1138 1949 liberius
1160 1906 1382 1961 peccare
1413 1902 1646 1960 possent.
1676 1891 1785 1945 lloe
1811 1903 1986 1946 autem
2009 1893 2312 1947 consilium,

723 1979 971 2036 tanquam
1002 1964 1394 2036 itcmerarium,
1443 1964 1602 2015 sancti
1649 1961 1924 2036 Gregorius
1959 1963 2317 2017 Nazianzenus

721 2048 775 2092 et
800 2033 932 2092 alter
967 2035 1258 2106 Nyssenns,
1281 2034 1513 2103 itemque
1540 2043 1744 2106 sanctus
1774 2033 1998 2087 Joannes
2027 2038 2320 2104 Chrys-ostn-

722 2126 836 2162 mus
897 2119 952 2162 et
1016 2103 1105 2162 alii
1162 2106 1345 2160 Patres
1383 2146 1398 2170 ,
1457 2103 1650 2159 merito
1695 2146 1708 2169 ,
1767 2103 2143 2176 acerrinteque
2193 2123 2315 2176 pcr-

721 2181 1008 2235 strinxere.

791 2251 941 2318 Quod
978 2264 1105 2303 vero
1132 2248 1386 2307 aliorum.
1417 2262 1483 2302 ex
1525 2247 1641 2302 aliis
1668 2250 1844 2302 causis
1877 2249 2195 2316 baptismum
2241 2251 2318 2305 ni-

721 2324 888 2378 mium
913 2323 1002 2376 diu
1049 2321 1176 2375 olim
1225 2321 1726 2388 procraSIinantium
1755 2361 1768 2385 ,
1823 2321 2053 2388 exempla
2093 2322 2314 2382 attinet,

719 2410 782 2448 ea
814 2392 1082 2447 imitationi
1112 2406 1308 2445 nosu'a:
1342 2391 1564 2446 minimc
1595 2392 1864 2457 proposita
1891 2401 2032 2444 sunt.
2076 2391 2320 2446 Sufﬁciat

721 2465 875 2519 nobis
899 2465 1021 2518 inilc
1047 2464 1357 2532 gravitatem
1405 2461 1600 2530 negotii
1651 2462 1860 2526 metiri,
1905 2463 1970 2514 ad
2019 2469 2158 2531 quod
2212 2481 2316 2518 non

720 2537 898 2591 Subito
925 2537 1161 2597 irruere,
1197 2549 1296 2587 nec
1340 2532 1517 2586 taliter
1562 2533 1827 2586 irruentes
1875 2535 2175 2600 Suscipere,
2223 2538 2314 2588 sed

719 2621 978 2675 eousque,
1001 2605 1173 2660 donec
1193 2602 1519 2658 desiderium
1550 2604 1682 2655 satis
1704 2604 1952 2663 creverit,
1970 2617 2022 2659 et
2049 2605 2317 2659 sufﬁciens

720 2679 965 2748 probatio
992 2675 1356 2748 praecesserit,
1386 2675 1604 2748 dill'erre
1632 2684 1860 2742 Oportet.
1895 2675 2002 2729 lloc
2027 2676 2164 2730 idem
2191 2694 2317 2731 vero

720 2746 1040 2803 iacerecum
1067 2747 1318 2816 quisjam
1362 2760 1420 2799 se
1465 2746 1593 2798 Satis
1645 2756 1997 2814 pra-paratum
2051 2751 2271 2803 senserit
2299 2793 2312 2812 ,

721 2821 771 2874 id
797 2835 924 2875 vero
950 2819 1187 2890 periculo
1217 2833 1321 2871 non
1353 2818 1909 2890 vacat,‘snbrepentis
1935 2818 2132 2873 interea
2169 2835 2194 2873 ε
2233 2837 2316 2872 ιιι-

717 2887 1002 2952 nolentize,
1052 2898 1144 2942 aut
1191 2888 1489 2942 occasionis
1527 2887 1778 2952 deinceps
1832 2891 2155 2942 amittenda).
2213 2891 2318 2944 No-

719 2965 893 3016 vimus
922 2972 1088 3026 certe,
1112 2958 1548 3014 Valentinianum
1571 2956 1695 3012 Jun.
1726 2959 1857 3023 lmp.
1893 2961 2117 3014 violenta
2147 2973 2316 3016 morte

720 3043 1237 3104 prazventunt,_cum
1275 3029 1432 3083 nimis
1491 3029 1579 3104 diu
1620 3030 1916 3104 distulisset
1959 3031 2312 3104 baptismum,

719 3099 894 3160 adhuc
940 3101 1383 3158 catechumemun
1439 3115 1505 3154 ex
1554 3099 1653 3155 Itac
1703 3103 1803 3154 vita
1853 3111 2093 3170 ereptum
2131 3101 2312 3158 fuisse.

791 3175 1105 3230 Audienilus
1133 3172 1364 3238 denique
1394 3171 1447 3226 in
1481 3174 1616 3225 banc
1644 3187 1754 3224 rem
1787 3182 1870 3226 est
1915 3186 2132 3227 sanctus
2164 3174 2314 3228 Basi-

719 3248 820 3302 lius
850 3248 901 3302 itt
933 3245 1144 3300 Exhort.
1176 3245 1243 3298 ad
1269 3245 1407 3313 bapt.
1443 3243 1529 3296 ubi
1563 3243 1700 3296 inter
1727 3244 1826 3297 alia
1853 3245 2012 3297 multa
2045 3247 2122 3299 sic
2149 3247 2316 3312 loqui-

2425 611 2786 676 |‘.C|'\'t‘lti\SCl||
2815 650 2826 670 ,
2853 610 3201 676 repetendam
3227 625 3346 663 esse
3367 611 3675 665 censebant.
3701 611 4029 666 Di~suaden-

2424 683 2489 732 lis
2531 693 2706 734 autem
2755 680 2923 733 Solum
2963 679 3272 734 Tertulliani
3312 682 3398 734 illa
3448 698 3549 734 \‘ttx
3578 685 3780 745 luerat,
3827 696 3876 736 et
3923 682 4030 736 1ι·ιο

2421 751 2537 820 ipso
2567 753 2887 805 contrariam
2912 792 2924 811 ,
2968 752 3125 804 etiam
3156 753 3204 804 itt
3237 752 3363 818 ipsis
3401 751 3668 807 Africanis
3718 753 3980 808 Ecclesiis
4012 796 4025 818 ,

2422 833 2472 877 ct
2503 823 2689 876 iisdem
2722 821 2824 875 illis
2855 825 3182 892 temporibus
3207 865 3220 885 ,
3250 824 3688 877 consuetudinem
3725 825 3864 876 baud
3907 841 4030 877 am-

2422 894 2576 962 bigue
2600 893 2968 962 signiﬁcantis,
2999 910 3124 955 uno,
3155 909 3312 962 quem
3345 896 3561 958 Sl'llllllS,
3589 894 3926 948 Tertulliano
3958 896 4032 948 ei-

2421 965 2542 1019 dem
2571 965 2962 1020 eontranitente
2985 1007 2996 1027 ,
3028 977 3078 1018 et
3111 982 3173 1019 ex
3209 967 3501 1018 rationibus
3527 967 3742 1033 qualem
3767 968 3900 1020 nulli
3928 982 4027 1019 eo-

2421 1051 2684 1097 arvornm,
2718 1037 2988 1089 autetiam
3015 1038 3165 1090 alteri
3195 1045 3502 1090 sanctorum
3552 1037 3766 1090 Patrum
3792 1079 3802 1097 ,
3850 1053 4032 1104 neque

2421 1118 2592 1161 saneto
2623 1105 2908 1178 Cypriano,
2941 1108 3070 1159 alias
3091 1109 3232 1161 circa
3266 1107 3584 1173 bapIiSmum
3621 1119 3722 1160 tam
3753 1109 3986 1163 delicato
4014 1150 4028 1171 ,

2421 1181 2508 1248 qui
2541 1185 2718 1232 tamen
2762 1177 3180 1236 Terlttllianum,
3227 1189 3474 1248 tanquam
3525 1180 3823 1248 magistrum
3869 1196 4027 1233 suum

2421 1250 2636 1302 assiduo
2667 1249 2934 1303 volutasse
2981 1250 3320 1316 perhibetur,
3371 1250 3623 1316 probatis.
3677 1251 3890 1304 Etenim
3951 1253 4028 1313 is,

2422 1335 2540 1373 cum
2575 1319 2765 1382 Fidus,
2797 1322 3079 1388 cpiscopus
3099 1363 3114 1385 ,
3147 1337 3206 1375 ea
3234 1320 3301 1374 de
3329 1336 3385 1375 re
3409 1322 3758 1390 qtnnstiOnent
3789 1323 4028 1376 excitas-

2423 1404 2500 1444 set
2526 1433 2538 1451 ,
2570 1402 2727 1461 atque
2767 1392 3016 1458 parvulos
3055 1394 3267 1445 nonnisi
3310 1402 3425 1459 post
3458 1403 3696 1445 octavam
3744 1393 3887 1447 diem
3941 1395 4034 1445 ba-

2424 1463 2701 1530 ptizandus
2729 1476 2849 1516 esse
2872 1462 3264 1524 contendisset,
3311 1463 3451 1515 milia
3479 1466 3588 1532 jam
3619 1463 4029 1530 amplius‘Tcr-

2424 1535 2625 1587 tulliaui
2653 1535 2858 1586 ratione
2891 1534 3066 1586 habita
3096 1535 3147 1586 in
3173 1533 3326 1588 Conc.
3363 1532 3606 1603 Carthag.
3641 1534 3710 1589 66
3757 1537 4031 1602 ερίκομο-

2421 1621 2532 1656 rum
2560 1647 2573 1668 ,
2606 1621 2738 1658 anno
2760 1603 2867 1659 255
2897 1606 2962 1657 ita
2993 1605 3289 1659 conclusit:
3325 1603 3558 1673 Infantes
3585 1608 3760 1659 debere
3794 1607 4034 1674 baptiza-

2423 1677 2465 1727 ri
2498 1687 2690 1728 tantunt
2715 1686 2825 1746 post
2849 1687 3078 1729 octavum
3106 1695 3138 1730 a
3166 1678 3424 1728 nativitute
3446 1677 3576 1729 diem
3601 1719 3612 1741 ,
3642 1694 3786 1730 nemo
3816 1696 4035 1731 consen-

2421 1749 2513 1807 sit,
2558 1749 2644 1799 sed
2688 1748 2911 1801 universi
2959 1749 3124 1814 potius
3163 1749 3542 1817 judicavimus.
3591 1750 3717 1802 nulli
3764 1750 4034 1802 hominum

2423 1830 2542 1891 nato
2577 1819 2976 1891 misericordiam
3004 1819 3095 1872 Dei
3122 1831 3164 1873 et
3185 1821 3421 1891 gratiam
3479 1837 3590 1875 esse
3647 1823 4031 1891 denegandam.

2424 1888 2496 1941 Ita
2530 1891 2615 1943 ille
2641 1892 2688 1942 in
2721 1907 2812 1940 sua
2839 1889 2940 1958 Ep.
2977 1891 3044 1944 G9
3073 1893 3140 1943 ad
3169 1890 3379 1944 Fidum.

2497 1961 2663 2014 l’ot'ro
2685 1959 3172 2029 Picdobaptismum,
3203 1981 3293 2016 sett
3322 1965 3647 2030 parvulorum
3677 1963 3994 2017 ablutionem
4017 2007 4030 2030 ,

2423 2033 2488 2084 ab
2519 2035 2625 2097 ipsa
2660 2037 2802 2099 praxi
2837 2043 2888 2084 et
2921 2034 3204 2087 traditione
3231 2035 3520 2101 apoStolica
3551 2035 3900 2089 descendisse
3932 2049 4029 2086 tes-

2423 2105 2490 2157 tis
2521 2105 2754 2172 locuples.
2782 2113 3094 2158 cstsanctus
3127 2107 3473 2175 Augustinus,
3501 2110 3584 2175 qui
3618 2109 3668 2159 in
3693 2107 3866 2161 Serm.
3904 2107 3949 2159 Χ
3974 2111 4034 2160 de

2432 2175 2579 2228 i’erb.
2611 2187 2776 2242 apost.
2807 2175 2874 2228 de
2903 2177 3133 2244 parvulis
3180 2179 3400 2245 loquens
3440 2180 3511 2230 ait
3543 2197 3554 2228 :
3598 2177 3709 2246 Ipsi
3755 2191 4032 2246 portantur

2422 2250 2488 2297 ad
2518 2247 2821 2308 Ecclesium,
2851 2258 2927 2310 ct,
2954 2249 2997 2300 si
3028 2249 3236 2315 pedibus
3267 2249 3387 2302 illnc
3414 2265 3616 2301 currere
3652 2267 3752 2301 non
3782 2261 3999 2317 possunt
4018 2293 4029 2309 ,

2423 2319 2604 2370 alienis
2633 2327 2842 2371 currunt
2858 2357 2873 2383 ,
2894 2330 2946 2370 ut
2974 2329 3250 2382 sanentur;
3271 2321 3622 2372 accommodat
3639 2320 3742 2373 illis
3759 2331 3924 2372 mater
3941 2320 4035 2372 Ec-

2423 2391 2574 2442 clesia
2607 2391 2823 2442 aliorum
2855 2392 3033 2457 pedes.
3066 2401 3118 2442 ut
3151 2391 3370 2455 veniant,
3401 2391 3618 2444 aliorum
3658 2408 3778 2456 cor,
3829 2403 3884 2443 ut
3928 2409 4034 2444 crc-

2424 2466 2574 2524 dant,
2605 2462 2821 2533 aliorum
2851 2463 3079 2529 l'ngnam
3101 2504 3113 2526 ,
3154 2472 3206 2514 ut
3246 2467 3535 2529 fateantur;
3567 2473 3621 2515 nt
3654 2465 3900 2528 quoniam
3947 2464 4032 2533 qui

2423 2535 2544 2602 a’gri
2575 2545 2720 2597 sunt,
2771 2532 2872 2585 alio
2902 2533 3092 2601 (Adam
3128 2533 3395 2603 vitlclicet)
3427 2545 3666 2602 peccante
3692 2532 4031 2603 pra-gratan-

2425 2613 2543 2668 tur,
2568 2607 2636 2656 sic
2668 2621 2779 2657 cum
2809 2606 2859 2657 hi
2893 2605 3005 2657 sani
3025 2606 3308 2676 sunt,_alio
3336 2605 3571 2672 (patrino
3607 2605 3890 2676 nimirum)
3940 2623 4032 2672 pro

2423 2682 2494 2728 cis
2521 2677 2792 2742 conﬁtente
2843 2679 3118 2728 solventur.
3158 2674 3321 2728 Nemo
3351 2693 3470 2744 ergo
3495 2675 3630 2728 vobis
3659 2674 3891 2728 susurret
3920 2680 4034 2728 doc-

2424 2749 2580 2798 trinas
2611 2748 2824 2799 alienas.
2864 2745 2972 2800 llos
3011 2747 3241 2800 Ecclesia
3267 2762 3463 2815 semper
3487 2747 3693 2810 habuit,
3737 2762 3945 2815 semper
3969 2759 4032 2800 ιι·-

2423 2819 2530 2869 nuit
2554 2860 2566 2878 ,
2596 2819 2689 2869 hoc
2720 2835 2750 2870 a
2776 2820 3027 2887 majorum
3057 2819 3159 2885 fide
3186 2819 3400 2886 percipit
3420 2859 3434 2876 ,
3460 2817 3554 2870 hoc
3595 2833 3752 2883 usque
3788 2819 3841 2870 iu
3877 2821 4030 2884 [iacnt

2423 2897 2794 2956 perseveranter
2817 2888 3054 2940 custodit.
3091 2889 3155 2941 Et
3185 2892 3232 2942 ιιι
3255 2890 3288 2940 l.
3318 2888 3359 2942 Χ
3385 2890 3448 2942 de
3475 2889 3602 2943 Gen.
3628 2891 3694 2939 ad
3715 2887 3849 2950 Lit.,
3882 2904 3931 2942 c.
3961 2890 4032 2945 23

2423 2959 2563 3011 idem
2589 2964 2863 3013 conlirmat
2893 3003 2907 3021 ,
2941 2960 3185 3026 inquiens
3216 2979 3226 3010 :
3259 2960 3580 3013 Consuetudo
3614 2964 3794 3012 matris
3838 2958 4028 3013 Eccle-

2421 3030 2513 3082 sia:
2538 3032 2589 3082 in
2621 3031 2940 3099 baptizandis
2967 3031 3191 3097 part-alis
3227 3048 3543 3100 nequaquam
3588 3033 3883 3100 spernenda
3925 3042 4026 3093 est,

2421 3117 2580 3170 neque
2605 3102 2710 3154 ullo
2737 3104 2885 3154 modo
2915 3103 3172 3172 superflua
3196 3105 3489 3171 deputanda
3508 3145 3521 3168 ,
3546 3120 3636 3157 nec
3680 3105 3894 3156 omnino
3926 3120 4028 3156 cre-

2421 3172 2585 3244 denda
2610 3216 2622 3237 ,
2653 3174 2748 3225 nisi
2774 3175 3052 3242 apostolica
3076 3190 3180 3226 esse
3205 3177 3434 3228 traditio.
3471 3174 3632 3243 (Zujtts
3659 3191 3876 3244 quoque
3925 3185 4030 3228 tes-

2424 3243 2487 3296 tis
2514 3255 2594 3315 est
2626 3246 2791 3298 multo
2821 3247 3088 3315 antiqniOr
3119 3246 3402 3312 Origenes,
3433 3248 3519 3314 qui
3562 3249 3613 3298 in
3641 3243 3892 3313 cap.Xlll
3929 3246 4025 3314 lfp.

719 3330 842 3374 tur:
875 3318 934 3372 Si
959 3334 1142 3372 aurum
1172 3316 1398 3370 Ecclesia
1416 3314 1762 3386 distribueret,
1806 3333 1903 3367 non
1934 3319 2160 3386 profecto
2183 3318 2316 3370 dice—
2343 3323 2388 3386 ε
2423 3315 2490 3364 ad
2518 3313 2668 3367 Rom.
2692 3331 2709 3368 :
2730 3316 2932 3370 diserte
2955 3313 3032 3368 ait
3067 3333 3078 3368 :
3113 3317 3339 3369 Ecclesia
3367 3313 3687 3369 traditionem
3709 3316 3771 3368 ab
3800 3322 4027 3386 Apostoo

715 3407 796 3445 res
827 3406 844 3444 :
873 3388 1004 3444 Cras
1035 3390 1184 3442 mitte
1206 3429 1220 3452 ,
1247 3402 1366 3440 cras
1394 3385 1547 3456 dabis
1568 3401 1778 3456 ;_verum
1809 3397 1946 3438 tuam
1971 3385 2176 3440 sedulus
2197 3404 2318 3456 por-

719 3463 905 3515 tionem
949 3461 1182 3514 velocitcr
1232 3466 1459 3525 peteres,
1505 3453 1700 3520 differri
1741 3467 1904 3508 autem
1955 3473 2088 3526 a'gre
2134 3453 2308 3525 ferres.

721 3533 975 3600 Quoniam
1005 3545 1121 3583 vero
1148 3545 1247 3580 non
1291 3527 1513 3600 materia;
1541 3528 1760 3594 alicujus
1799 3531 1986 3597 fucum,
2027 3529 2115 3581 sed
2134 3532 2317 3584 anima:

717 3598 1067 3675 purgationem
1097 3599 1186 3675 tibi
1213 3615 1302 3675 re:c_
1333 3598 1600 3675 muniﬁcus
1633 3600 1926 3665 pollicetur,
1961 3617 2129 3675 mogas
2159 3619 2313 3655 ext-u-

714 3670 1032 3743 sationesque
1054 3671 1209 3744 nectis
1232 3711 1246 3735 ,
1281 3670 1638 3737 impedimenta
1678 3686 1958 3744 causasque
1995 3670 2183 3744 affers,
2229 3675 2317 3744 qui

717 3745 927 3798 debebas
952 3741 1024 3795 ad
1056 3743 1149 3796 hoc
1176 3741 1366 3794 donum
1394 3755 1676 3792 accurrere.
1703 3741 1768 3793 Et
1809 3750 1926 3808 post
1968 3744 2068 3794 alia
2102 3741 2315 3796 :Eniin-

717 3831 833 3870 vero
859 3819 900 3870 si
927 3814 1139 3884 publicis
1157 3813 1363 3884 tributis
1383 3811 1626 3866 obnoxius
1648 3827 1807 3884 esses,
1835 3812 2112 3864 debitorum
2146 3827 2314 3866 autem

717 3883 948 3940 remissio
977 3885 1076 3938 reis
1122 3883 1512 3952 circumquaque
1551 3883 1898 3954 nuntiaretur,
1944 3884 2124 3935 deinde
2170 3887 2311 3954 quis-

720 3959 856 4028 piam
882 3967 929 4012 te
959 3957 1053 4010 hoc
1084 3953 1284 4026 publico
1318 3967 1522 4028 munere
1545 3953 1743 4028 privare
1787 3966 2084 4012 conaretur.
2116 3953 2315 4011 doleres

717 4025 1091 4098 clamoresque,
1117 4025 1397 4080 communis
1434 4025 1614 4095 gratia:
1656 4035 1799 4094 parte
1850 4036 1896 4078 te
1941 4043 2028 4088 per
2076 4029 2314 4096 injurimn

720 4101 932 4168 privari.
972 4099 1245 4168 Postquam
1276 4113 1390 4149 vero
1408 4113 1506 4149 non
1537 4098 1701 4168 solum
1733 4101 2102 4162 pt'wteritorum
2136 4101 2317 4152 remis-

717 4166 822 4237 sio,
871 4171 958 4224 sed
1001 4166 1152 4223 etiam
1200 4171 1486 4238 futurorum
1532 4166 1666 4220 dona
1714 4171 1882 4234 palam
1929 4180 2310 4237 proponuntur,

720 4259 821 4295 non
851 4241 998 4295 audis
1019 4283 1033 4305 ,
1063 4238 1152 4294 sed
1179 4237 1225 4293 te
1252 4240 1356 4306 ipse
1383 4237 1530 4291 la'dis
1551 4277 1567 4301 ,
1595 4250 1840 4304 quantunt
1872 4257 1959 4292 nec
1983 4241 2176 4292 inimici
2203 4243 2310 4306 for-

718 4325 766 4368 te
794 4314 1052 4368 la'derent.
1097 4310 1400 4377 lterumque
1444 4317 1562 4377 post
1601 4324 1766 4379 pauca
1801 4326 1813 4362 :
1851 4310 1910 4363 Si
1942 4313 2052 4380 quis
2093 4316 2314 4366 medicus

716 4387 1009 4439 commentis
1035 4400 1094 4436 ac
1143 4380 1391 4434 machinis
1421 4381 1719 4450 quibusdam
1765 4392 1812 4434 te
1847 4383 2085 4449 juvenem
2128 4395 2174 4438 et
2199 4401 2315 4436 sene

715 4457 926 4509 reddere
953 4457 1006 4509 in
1033 4471 1087 4508 se
1127 4453 1408 4521 receperit,
1449 4452 1516 4503 ad
1565 4467 1676 4504 eam
1725 4456 1951 4522 profecto
1996 4455 2129 4507 diem
2176 4456 2312 4507 omni

721 4527 890 4580 studio
915 4527 1082 4580 venire
1111 4540 1312 4577 curares
1332 4564 1346 4589 ,
1377 4524 1429 4575 in
1457 4539 1556 4590 qua
1584 4526 1719 4577 a'tatt'
1750 4523 1950 4589 florida:
1974 4537 2018 4578 te
2045 4527 2308 4578 restitueno

725 4600 846 4650 dum
873 4597 1082 4651 videres.
1116 4595 1177 4648 At
1207 4611 1340 4647 nunc
1367 4611 1481 4646 cunt
1512 4597 1683 4646 anima
1714 4604 1832 4659 tua,
1862 4612 2010 4662 quant
2041 4599 2177 4649 onmi
2207 4614 2311 4649 sce—

720 4670 822 4724 lere
851 4669 1246 4722 contaminatam
1272 4664 1574 4727 reddidisti,
1619 4681 1705 4734 per
1739 4666 2042 4732 baptismum
2082 4670 2312 4721 renovari

719 4759 780 4794 ac
807 4742 1094 4812 regenerari
1136 4738 1392 4791 nuntietur
1417 4777 1449 4812 ,_
1478 4715 1678 4812 tantu'm
1717 4715 1933 4812 despicis
1973 4739 2267 4812 bene/icium
2296 4782 2308 4802 ,
2339 4715 2392 4776 Ῐ)

719 4829 808 4866 nec
836 4806 968 4866 ultro
1000 4825 1243 4881 properas
1266 4851 1278 4867 ,
1322 4807 1486 4881 autid
1518 4806 1808 4881 pollicenti,
1844 4807 1892 4860 F
1895 4812 1935 4863 is
1979 4811 2192 4864 obviam.
2251 4812 2317 4865 Et

722 4884 953 4951 denique
983 4878 1008 4934 τ’
1027 4881 1294 4951 Cunctatio
1315 4878 1381 4930 ad
1407 4879 1746 4944 baptismum,
1773 4881 1902 4933 nihil
1927 4882 2069 4933 aliud
2095 4885 2316 4936 clamare

721 4949 936 5013 videtur,
958 4969 1110 5022 quant
1148 4969 1164 5006 :
1191 4949 1256 5003 In
1280 4966 1356 5022 me
1380 4960 1494 5003 ante
1520 4961 1689 5020 regnet
1717 4963 1974 5020 peccatum
1991 4994 2004 5016 ,
2028 4952 2186 5006 donec
2211 4955 2311 5006 ali-

721 5027 927 5094 quando
947 5020 1117 5094 regnet
1147 5025 1300 5078 etiant
1326 5020 1569 5074 Dominus
1591 5039 1607 5086 ;
1629 5023 1796 5074 adsint
1826 5024 1948 5075 mihi
1979 5025 2199 5077 membra
2238 5026 2315 5078 in-

715 5093 960 5166 justititc,
984 5093 1029 5148 et
1061 5094 1338 5166 iniquitatis
1377 5109 1520 5145 arma
1541 5133 1554 5156 ,
1583 5093 1763 5166 deinde
1786 5111 2042 5147 assumant
2055 5097 2213 5166 etiam
2237 5113 2316 5149 ar-

726 5184 808 5220 ma
827 5166 1046 5240 justitia:
1077 5165 1184 5220 Deo
1205 5207 1218 5229 ,
1237 5175 1352 5240 _et_c‘.
1383 5170 1556 5240 Atque
1582 5165 1697 5240 tunc
1724 5177 1905 5240 contra
1937 5182 2026 5220 eos
2045 5164 2271 5240 Basilius
2297 5210 2311 5233 ,

718 5240 807 5306 qui
828 5236 852 5302 ⁷,
883 5239 991 5309 jam
1029 5249 1184 5291 antea
1221 5236 1398 5309 debite
1447 5237 1732 5309 instructi,
1767 5237 2083 5309 baptismum
2136 5239 2316 5309 (atque

721 5310 859 5364 idem
884 5306 969 5365 est
999 5310 1159 5364 etiam
1204 5308 1273 5364 de
1320 5317 1654 5362 sacramento
1704 5306 2060 5379 Paanitentiae)
2100 5306 2315 5364 as‘siduo

721 5380 938 5436 dilTerre
967 5383 1222 5450 cogitant.

793 5451 940 5506 Circa
991 5449 1249 5521 parvulos.
1294 5449 1417 5504 Ilaec
1467 5449 1710 5519 equidem
1757 5452 2022 5506 sententia
2071 5454 2157 5506 ιιιιί
2186 5452 2314 5506 Ter-

718 5525 938 5578 tulliano
966 5521 1126 5594 (sicut
1162 5524 1356 5586 etiam,
1401 5521 1576 5575 adhuc
1619 5524 1946 5589 catholicus,
1997 5528 2046 5578 in
2098 5524 2310 5578 nimiam

719 5611 934 5666 semper
965 5596 1274 5664 religionem
1303 5605 1460 5664 atque
1487 5597 1823 5666 severitatem
1854 5611 2149 5662 prepensns
2175 5597 2311 5666 erat.)

722 5673 931 5736 propria
955 5706 970 5732 ,
998 5680 1169 5734 neque
1193 5666 1257 5719 ab
1287 5666 1396 5718 ullo
1425 5665 1761 5787 antiquorum
1813 5665 2023 5721 Patrum
2064 5665 2311 5734 :ul0ptata

722 5736 900 5787 luerat.
931 5737 1097 5787 multo
1126 5739 1298 5787 minus
1327 5735 1543 5787 autem!
1572 5737 1858 5787 ent-iciunis.
1885 5737 2036 5787 Petro
2062 5739 2310 5787 Abeillar-

708 5735 900 5800 luerat,
931 5737 1097 5790 mttlto
1126 5739 1298 5790 minus
1327 5745 1499 5789 autem
1519 5735 1859 5800 IIem-iciunis,
1884 5737 2036 5791 Petro
2062 5739 2310 5791 Abeillar-

712 5810 809 5870 do,
864 5807 1011 5861 Petro
1040 5809 1101 5859 de
1135 5806 1342 5869 Brixia,
1384 5819 1468 5859 aut
1503 5809 1843 5878 Anabaptistis
1868 5851 1882 5870 ,
1915 5811 2101 5863 aliisve
2146 5815 2313 5865 lume-

714 5883 835 5934 ticrs
856 5880 1168 5952 ,_quidpiam
1203 5880 1432 5952 praesidii
1461 5880 1509 5932 in
1539 5898 1598 5932 ea
1631 5883 1948 5934 c:illoc:itum
1983 5890 2128 5940 erat,
2159 5885 2311 5952 quip-

709 5965 778 6020 pe
805 5950 891 6023 qui
927 5950 1156 6007 infantes
1202 5949 1446 6021 baptismi
1491 5951 1660 6008 valide
1733 5953 2051 6023 suscipiendi
2091 5949 2309 6009 enuntio

2422 3385 2484 3438 lis
2514 3389 2759 3452 suscepit,
2793 3387 2941 3438 etiant
2971 3389 3193 3454 parvulis
3223 3388 3345 3440 dare
3375 3387 3696 3454 baptismum.

2491 3456 2825 3525 QuaprOpter
2854 3458 3205 3512 saluberrime
3227 3501 3240 3521 ,
3285 3458 3580 3526 etquidem
3622 3459 3723 3512 sub
3765 3459 4028 3528 gravibus

2422 3530 2592 3600 poenis
2617 3530 2666 3581 iit
2695 3528 2932 3596 pluribus
2960 3530 3198 3582 conciliis
3229 3531 3493 3584 sancitum
3526 3530 3651 3593 fuit,
3678 3545 3744 3584 ne
3768 3531 4028 3600 parvulo-

2419 3594 2534 3651 rum
2567 3594 2858 3669 bapiismus
2903 3601 3046 3670 (quia
3081 3617 3273 3668 nempe
3318 3603 3592 3668 repentina
3834 3606 4028 3656 mortis

2419 3671 2651 3739 pericula
2687 3671 2872 3725 iisdem
2903 3678 3252 3740 supervenire
3281 3678 3524 3740 possunt)
3565 3671 3766 3726 diutius
3801 3671 4026 3727 differa-

2421 3751 2524 3793 tur.
2559 3742 2911 3811 Singularilcr
2943 3759 3067 3797 vero
3088 3756 3305 3797 sanctus
3336 3744 3562 3797 Carolus
3587 3742 3936 3798 BUI‘I‘OOIJHIS
3977 3745 4027 3797 in

2418 3811 2612 3865 Coucil.
2648 3813 2847 3865 mediol.
2869 3814 2888 3867 l
2909 3815 3217 3877 constituit,
3248 3823 3300 3865 ut
3329 3824 3505 3866 natum
3531 3815 3776 3882 infantem
3801 3816 3872 3874 ii,
3897 3832 4026 3882 quo-

2417 3899 2529 3954 rum
2556 3895 2627 3936 est
2657 3901 2716 3936 ea
2740 3901 2892 3943 cura,
2943 3895 3060 3938 ante
3105 3901 3292 3938 nonum
3338 3885 3474 3938 diem
3527 3886 3593 3938 ad
3641 3887 4027 3954 suscipiendum

2420 3953 2719 4020 baptismum
2751 3957 2801 4007 in
2847 3954 3126 4009 Ecclesium
3162 3956 3489 4025 deferendum
3530 3966 3722 4009 curent.
3778 3953 3936 4020 Quod
3984 3958 4028 4010 si

2418 4027 2746 4098 neglexerint,
2779 4029 3317 4082 cxcommunicationis
3340 4045 3539 4098 poenam
3570 4027 3804 4080 subeant.

2492 4096 2728 4151 Necesse.
2785 4099 2907 4153 llaec
2964 4101 3128 4154 verba
3161 4118 3172 4152 :
3204 4100 3263 4154 Si
3321 4096 3420 4153 non
3467 4109 3570 4152 tant
3635 4114 3867 4164 necesse,
3911 4109 4026 4154 tuto

2419 4169 2607 4222 abeSsc
2650 4185 2806 4237 posse
2861 4180 3007 4236 putat
3060 4171 3284 4235 Junius,
3341 4186 3508 4240 reque
3556 4172 3667 4241 ipsa
3736 4171 3790 4224 in
3838 4172 4027 4227 multis

2417 4241 2811 4308 CXt'tttplal‘ilms
2837 4241 3028 4312 deesse
3056 4249 3298 4295 testatur.
3333 4244 3401 4295 At
3439 4257 3534 4312 cur
3565 4258 3669 4295 non
3700 4257 3861 4312 mque
3892 4246 4024 4298 reti-

2419 4313 2530 4363 neri
2564 4314 2764 4379 poSsint
2784 4312 2806 4363 ‘2"
2830 4309 2969 4366 Sane
2996 4312 3138 4364 enitn
3168 4327 3386 4367 sensum
3419 4311 3548 4367 satis
3573 4309 3923 4368 commodum
3951 4313 4026 4370 fa-

2417 4383 2566 4436 ciunt
2599 4402 2610 4436 :
2645 4383 2704 4436 Si
2732 4401 2830 4436 non
2865 4383 3074 4437 aliunde
3102 4395 3242 4455 urget
3271 4386 3558 4438 necessitas.

2491 4455 2794 4522 Sponsores.
2827 4456 2974 4508 Alias
3004 4457 3191 4524 patriai
3220 4455 3469 4510 dicuntur
3497 4497 3513 4521 ,
3553 4455 3804 4524 quoniam
3857 4457 4022 4511 nimi-

2417 4541 2533 4579 rum
2587 4527 2726 4579 velut
2777 4538 2943 4594 patres
2981 4527 3271 4589 spirituales
3316 4540 3474 4589 sunt,
3523 4535 3615 4580 aut
3668 4528 4020 4595 ﬁdejnssores,

2417 4600 2483 4650 de
2515 4599 2708 4666 quibus
2737 4609 2951 4651 sanctus
2977 4597 3392 4668 Cltrysostomns
3417 4600 3468 4651 in
3499 4598 3683 4667 psalm.
3714 4597 3834 4652 XIV
3859 4641 3873 4662 ,
3903 4602 3974 4654 ait
4008 4619 4020 4653 :

2421 4668 2605 4722 Statim
2629 4671 2863 4721 sacerdos
2891 4672 3042 4739 exigit
3070 4671 3130 4722 ab
3153 4671 3356 4737 inﬁrma
3396 4680 3544 4723 wtate
3564 4680 3710 4738 pacta
3733 4685 4018 4734 conventa,

2419 4749 2461 4791 et
2510 4743 2715 4792 minoris
2763 4742 2922 4794 a'tatis
2953 4742 3302 4813 [idejussorem
3324 4751 3664 4811 susceptorem
3693 4743 4018 4813 interrogat,

2419 4822 2521 4864 etc.
2555 4815 2683 4878 Quia
2717 4813 2960 4865 nimirum
2992 4829 3086 4880 pro
3117 4812 3314 4868 infante
3340 4814 3588 4880 spondere
3611 4853 3625 4876 ,
3652 4822 3699 4866 el
3735 4812 4021 4878 respondes

2419 4899 2472 4933 re
2499 4883 2715 4956 debent,
2737 4893 2862 4946 etc.;
2882 4883 3024 4938 unde
3044 4901 3341 4952 sponsorum
3369 4900 3579 4954 quoque
3602 4885 3910 4952 supradicta
3927 4901 4022 4956 ap-

2421 4955 2638 5024 pellatio
2667 4955 2792 5023 ipsis
2825 4956 3068 5022 imposita
3101 4965 3201 5010 est.

2493 5027 2568 5079 Ex
2601 5026 2698 5079 hoc
2726 5042 2853 5078 sane
2880 5026 2996 5080 loco
3027 5025 3338 5080 Tertulliani
3387 5038 3563 5096 patet,
3615 5026 3858 5096 patrinos
3905 5028 4016 5097 iam

2419 5113 2479 5152 cx
2517 5098 2888 5166 antiquissimo
2915 5112 3009 5149 usu
3033 5139 3047 5164 ,
3080 5111 3126 5152 et
3163 5099 3230 5151 ab
3255 5100 3382 5168 ipsis
3412 5099 3664 5153 Ecclesia:
3692 5099 3836 5153 velut
3865 5100 4022 5155 incn-

2420 5169 2660 5230 nabalis,
2695 5171 2744 5221 in
2777 5169 3037 5237 baptismo
3067 5169 3307 5224 adhiberi
3335 5172 3552 5235 solitos,
3587 5179 3641 5223 ut
3677 5171 3840 5224 etiam
3888 5187 4017 5226 san-

2418 5251 2534 5293 ctus
2555 5240 2801 5312 Basilius,
2825 5241 3064 5309 lap.128,
3082 5250 3137 5294 et
3165 5251 3382 5295 sanctus
3412 5242 3756 5311 Augustinus,
3773 5247 4022 5312 complu-

2417 5314 2564 5366 ribus
2593 5315 2641 5365 in
2674 5311 2802 5366 locis
2823 5353 2837 5374 ,
2867 5312 3060 5379 aliique
3090 5313 3284 5380 passim
3327 5323 3607 5367 testantur.

2492 5382 2714 5436 Possunt
2787 5382 2841 5437 Si
2887 5384 3089 5436 scilicet
3144 5398 3432 5452 sponsores
3497 5386 3594 5453 ipsi
3673 5385 4016 5449 moriantur,

2425 5466 2708 5523 antequam
2761 5455 2933 5507 inl'ans
2974 5455 3279 5526 baptizatus
3322 5456 3386 5510 ad
3431 5472 3586 5509 usntn
3628 5457 3854 5510 rationis
3888 5473 4020 5526 per-

2427 5528 2664 5598 venerit,
2724 5537 2778 5578 ut
2827 5527 2893 5578 ab
2934 5525 3034 5579 illis
3076 5527 3352 5582 admoneri
3399 5529 3595 5596 possit,
3623 5542 3780 5598 quam
3807 5525 4017 5598 obliga-

2422 5599 2619 5650 tianetn
2650 5597 2698 5650 itt
2729 5597 2989 5666 baptismo
3017 5601 3382 5666 contraxerit,
3411 5609 3502 5654 aut
3529 5597 3656 5668 quid
3703 5600 3898 5668 patriai
3938 5597 4018 5655 tlli

2421 5686 2515 5740 pro
2539 5669 2653 5740 ipso
2681 5668 3081 5740 sp0ponderint.

2488 5737 2648 5796 Falli.
2707 5737 2760 5794 Si
2818 5740 2987 5797 infans
3039 5742 3239 5794 interea
3283 5739 3494 5795 adultus
3539 5741 3708 5797 laetus
3762 5741 4018 5810 baptiSini

2415 5815 2638 5882 gratiam
2670 5827 2764 5881 per
2815 5813 2974 5865 vitam
3032 5828 3244 5880 pravam
3303 5813 3570 5882 expellat,
3614 5828 3882 5882 porroque
3931 5831 4018 5868 re-

2418 5897 2540 5938 nuat
2589 5883 2703 5936 illas
2725 5887 3041 5952 sponsiones
3069 5901 3162 5954 per
3201 5884 3432 5956 seipsum
3456 5926 3471 5953 ,
3501 5899 3622 5940 cum
3667 5884 3775 5953 jam
3802 5897 4012 5955 posset,

2415 5956 2656 6026 implere,
2682 5965 2787 6013 etc.
