4202 6496
683 419 703 476 1
718 417 823 477 203

2101 411 2559 473 TERTULIJANI

3859 407 4005 469 1204

683 548 798 585 nem
830 527 1140 602 (quomodo
1168 537 1344 586 autem
1376 538 1575 601 petent,
1626 530 1728 586 nisi
1758 530 1845 585 illa
1879 529 2286 602 conﬁtentes?)
2321 534 2365 592 Λ
2398 536 2517 598 post
2545 526 2897 602 Baptisrmnn,
2918 525 3180 602 jejunium
3209 541 3361 582 suum
3375 524 3617 602 inctepit.

683 600 931 656 docentur
960 600 1100 657 nobis
1133 619 1231 655 una
1263 600 1581 669 precantibus
1622 612 1665 657 et
1689 604 2065 674 jejuuantibus.
2092 600 2291 674 Deinde

685 676 951 745 ducuntur
970 691 999 724 a
1026 674 1167 727 nobis
1195 675 1245 727 in
1288 675 1433 728 illum
1479 676 1664 739 locum,
1693 673 1781 727 ubi
1811 690 1945 745 aqua
1990 683 2083 745 est.
2116 673 2291 745 Atque

688 744 794 799 hoc
823 742 1102 799 conformo
1130 756 1225 816 est
1244 746 1327 805 iis.
1360 761 1480 816 qnze
1508 742 1912 814 antiquissumis
1940 744 2145 798 Anthor
2180 744 2291 813 (qui

690 816 816 870 olim
860 816 1179 886 credebatur
1206 815 1369 869 fuisse
1410 815 1467 871 S.
1506 816 1898 886 Hieronymus)
1943 816 2206 869 Sermonis
2238 816 2291 867 in

690 887 919 941 I’sal.“
954 887 1022 939 ml
1054 885 1349 957 Neap/rgias
1379 887 1538 941 habet
1572 906 1584 941 :
1614 885 1715 940 Per
1735 904 1929 940 omnem
1948 886 2295 954 quadragesi—

689 975 827 1011 mum
857 968 1155 1011 vacaverunt
1174 958 1411 1020 orationi,
1428 959 1820 1027 utquejejuuiis,
1844 958 1894 1010 iu
1910 974 2053 1011 succo
2071 966 2113 1011 et
2128 959 2296 1010 cinere

692 1029 1035 1093 dormierunt,
1070 1029 1341 1102 futuram_(
1369 1045 1460 1096 per
1491 1028 1860 1102 Baptismum)
1903 1031 2054 1102 vitam
2109 1042 2297 1102 pecca-

688 1110 865 1155 torum
916 1115 1133 1152 suorum
1177 1098 1516 1154 confessione
1563 1109 1808 1165 petentes,
1843 1098 1962 1153 'ete.
2007 1100 2180 1166 Atque
2225 1100 2297 1152 ita

692 1186 906 1242 quoque
938 1179 1292 1242 praeparatum
1323 1185 1721 1225 cossnxrixcu
1756 1187 1811 1224 tt.
1845 1171 2053 1242 Inpaad
2084 1170 2299 1242 Baptis-

691 1240 779 1297 ma
810 1240 1211 1310 suscipiendum
1260 1242 1571 1305 accessiss~,
1617 1242 1812 1295 Euseb.
1847 1243 1899 1295 in
1944 1240 2056 1293 Vita
2097 1240 2295 1310 ejusd.,

692 1332 740 1367 ι’.
770 1312 861 1376 61,
894 1312 1133 1380 perlubet
1165 1330 1176 1364 :
1210 1311 1337 1365 lla’c
1364 1330 1479 1365 cum
1507 1331 1674 1365 secum
1703 1324 2003 1381 reputasset,
2028 1313 2297 1382 genu/leae

696 1386 839 1437 humi
866 1383 1214 1452 procumbens,
1247 1384 1443 1437 reniam
1468 1403 1497 1436 u
1521 1400 1624 1438 uno
1651 1384 1867 1453 supplex
1899 1386 2147 1451 poposcit,
2184 1398 2300 1450 pec-

695 1467 813 1509 cata
838 1471 929 1508 sua
967 1455 1211 1521 conﬁtens
1246 1456 1297 1507 in
1330 1458 1744 1524 martyrio,ete.,
1784 1454 1901 1508 loCo
1934 1454 2210 1519 \‘tdCllt‘Cl,
2248 1454 2300 1506 in

691 1543 798 1597 quo
831 1535 1195 1591 mooumenta,
1216 1542 1308 1581 seu
1340 1527 1613 1595 sepulchra
1640 1526 1945 1595 .llartyrum,
1971 1527 2299 1597 visebantur.

775 1600 839 1651 Iit
866 1613 933 1652 ne
966 1607 1234 1665 putemus,
1268 1600 1572 1665 exemplum
1610 1606 1713 1650 tam
1771 1608 2053 1666 angustum
2084 1595 2301 1663 sequela

692 1669 1004 1724 destitutum
1040 1669 1221 1731 lui-sv,
1250 1668 1525 1722 audiamus
1552 1667 1846 1730 Socratem,
1878 1666 2014 1722 Szee.
2047 1666 2112 1724 V.
2160 1669 2305 1721 Scri-

696 1751 930 1810 ptorcm,
959 1741 1047 1808 qui
1101 1738 1166 1791 ι.
1223 1737 1261 1790 ν
1317 1738 1451 1793 (list.
1500 1739 1663 1810 licet,
1709 1756 1757 1792 c.
1802 1741 1888 1803 l7,
1923 1746 1989 1793 de
2037 1739 2305 1804 Serapidis

698 1808 899 1880 iemplo
926 1812 1183 1864 subverso
1206 1824 1389 1880 agens,
1424 1810 1499 1863 ait
1524 1829 1535 1863 :
1564 1808 1615 1862 Μ
1626 1811 1729 1863 ulto
1754 1810 1922 1874 plures
1957 1810 2024 1862 ad
2051 1809 2302 1863 Christia-

692 1899 816 1936 nam
850 1880 1162 1948 Religionem
1206 1897 1259 1934 se
1296 1883 1647 1946 contulerunt,
1682 1891 1729 1933 et
1762 1890 1977 1949 peccata
2008 1896 2101 1934 sua
2138 1881 2306 1934 conli-

699 1962 895 2016 tentes,
930 1951 1251 2023 liaptismum
1298 1952 1484 2006 Christi
1530 1962 1883 2023 susceperunt.
1908 1953 1989 2006 An
2028 1966 2155 2005 vero
2186 1951 2301 2003 haec

696 2022 1313 2093 confessio,Baptismo
1355 2023 1422 2077 ab
1466 2024 1661 2077 :ulultis
1705 2022 2099 2093 prmmittenda,
2147 2023 2307 2076 luerit

696 2107 1038 2168 peccatorum
1065 2095 1117 2147 in
1140 2096 1325 2164 specie,
1350 2110 1415 2146 an
1444 2096 1692 2168 generatis
1712 2096 1987 2155 duntaxat,
2013 2095 2306 2168 etiainnmn

696 2165 839 2222 inter
867 2167 1093 2221 Critieos
1123 2168 1561 2219 controvertitur.
1594 2166 1812 2220 Certum
1841 2177 2018 2219 autem
2045 2174 2147 2225 est,
2201 2165 2303 2218 Sa-

695 2238 997 2294 cramentali
1044 2247 1239 2291 nostra:
1288 2235 1623 2290 l’aniiteutim
1667 2238 1718 2290 in
1764 2235 2101 2303 Baptizantlis
2131 2236 2305 2290 locum

699 2326 811 2364 non
840 2309 1022 2373 fuisse,
1054 2322 1175 2362 cum
1207 2307 1513 2376 Baptismus
1562 2309 1675 2377 ipse
1706 2309 1771 2360 ad
1816 2308 2019 2376 reliqua
2051 2307 2308 2362 Ecclesia:

700 2389 903 2437 nostra:
946 2379 1292 2434 Sacramenta
1327 2380 1556 2433 initiatio
1596 2379 1839 2448 quaedam
1870 2379 1958 2443 sit,
1989 2378 2053 2432 ad
2100 2377 2187 2431 illa
2221 2393 2308 2430 va-

700 2453 806 2507 lide
834 2450 1189 2520 suscipienda,
1235 2460 1289 2505 et
1332 2450 1682 2516 conﬁcienda,
1724 2451 1924 2504 homini
1970 2450 2309 2519 capacitatem

699 2521 963 2578 tribuens.

777 2592 1075 2663 Expoaanl,
1110 2592 1143 2645 i.
1175 2607 1226 2647 e.
1256 2592 1524 2646 exhibeant
1569 2593 1700 2647 inse
1728 2593 2042 2662 exemplum,
2072 2601 2306 2661 sumpta,

709 2675 768 2720 ut
815 2667 888 2718 ait
929 2664 1118 2719 Junius
1157 2664 1208 2717 in
1252 2666 1306 2719 It.
1346 2665 1384 2718 ι.
1416 2665 1663 2733 prapolis,
1707 2679 1913 2719 merces
1968 2678 2092 2718 suas
2138 2679 2307 2731 expo-

706 2738 991 2799 nentihus,
1050 2736 1383 2804 metaphora.
1414 2756 1432 2785 ι
1486 2736 1665 2805 Itaque
1717 2737 1766 2788 in
1808 2735 2093 2805 Baptismo
2126 2745 2310 2787 nostro

708 2823 739 2863 a
769 2808 922 2862 nobis
978 2803 1692 2878 queque;exhibendas7est
1734 2804 2024 2878 Baptismas
2066 2803 2306 2869 Joannis,

705 2879 853 2933 velut
879 2875 1136 2946 Baptismi
1179 2875 1380 2931 Christi
1420 2876 1759 2946 prodromus.
1795 2877 1924 2931 Vide
1966 2891 2157 2947 supra,
2189 2891 2305 2944 cup.

708 2949 782 3014 Χ,
809 2960 915 3003 not.
951 2948 1411 3003 Prwmiuistrabat.

783 3020 985 3075 Delicta
1010 3038 1125 3076 sua.
1181 3019 1333 3073 Nunc
1388 3034 1482 3088 pro
1536 3034 1635 3072 non
1670 3018 1755 3073 hic
1796 3018 1923 3088 legit
1978 3016 2202 3081 Junius,
2251 3026 2310 3072 ut

717 3093 880 3147 etiam
930 3093 964 3147 Ι.
1003 3092 1051 3145 l.
1101 3092 1164 3145 de
1204 3090 1418 3146 Veland.
1476 3091 1627 3161 virg.,
1654 3107 1701 3145 c.
1749 3091 1801 3149 1.
1836 3090 1923 3144 ubi
1950 3091 2189 3160 plerique
2212 3104 2306 3143 co-

713 3164 863 3220 dices
891 3164 1117 3220 habent:
1156 3163 1308 3217 llauc
1342 3161 1661 3236 (Christum)
1706 3163 1791 3232 qui
1830 3162 2119 3228 audierunt,
2153 3178 2309 3236 usque

712 3250 819 3294 NON
864 3236 985 3290 olim
1028 3233 1451 3307 praphetautem,
1504 3233 2063 3307 virginescontegunt,
2110 3234 2307 3307 substi-

713 3307 973 3364 tuendum
1006 3304 1143 3362 NUNC
1168 3317 1382 3361 Censet:
1411 3305 1551 3372 quod
1582 3304 1709 3358 sane
1738 3305 1847 3372 ipsa
1874 3305 2009 3358 ratio
2038 3304 2311 3371 postulare

714 3380 946 3443 videtur,
976 3379 1270 3448 pr:e.~;ertim
1299 3375 1441 3446 quod
1473 3376 1518 3429 is
1549 3375 1886 3429 librariorum
1929 3390 2081 3429 error
2120 3376 2172 3429 in
2195 3374 2313 3429 aliis

718 3464 932 3520 quoque
987 3449 1201 3515 scriptis
1244 3461 1612 3518 Saepenutttero
1662 3461 1943 3502 occurrere
1994 3448 2196 3514 soleat,
2257 3454 2314 3500 ut

715 3522 883 3577 critici
922 3521 1221 3591 perhibent.

793 3589 969 3646 Enim.
1030 3591 1180 3646 Facit
1232 3590 1347 3647 hzec
1408 3589 1697 3661 particula,
1761 3599 1817 3643 ut
1880 3589 2310 3644 emendationem

720 3664 869 3717 Junii
931 3664 1183 3733 probem;
1228 3679 1347 3732 qune
1393 3660 1535 3716 enim
1583 3660 1717 3715 alias
1749 3732 1753 3733 ν
1782 3662 2088 3733 conﬂictatio
2145 3662 2313 3733 carnis

721 3744 769 3787 et
817 3736 1048 3803 spiritus,
1106 3735 1150 3788 si
1200 3749 1303 3788 nos
1345 3748 1479 3802 opus
1508 3742 1589 3787 est
1616 3732 1817 3801 publica
1842 3732 1930 3784 illa
1961 3732 2314 3803 confessione?

722 3802 989 3877 Caeterum
1041 3815 1217 3859 autem
1277 3821 1342 3857 ex
1410 3806 1523 3877 hoc
1579 3806 1696 3873 ipso
1749 3818 1911 3871 prope
1968 3802 2213 3867 inducor,
2258 3813 2315 3857 ut

723 3875 978 3941 credam,
1018 3877 1411 3931 confessionem
1470 3875 1616 3929 illam
1680 3885 1803 3929 tunc
1856 3877 2151 3943 temporis,
2208 3890 2310 3927 non

722 3949 1029 4018 generalem
1054 3950 1329 4011 duntaxat,
1348 3947 1442 4001 sed
1475 3947 1831 4016 particularem
1857 3960 2091 4015 quoque,
2123 3946 2311 4018 saltem

724 4017 1066 4090 peccatorum
1113 4020 1245 4073 alias
1281 4018 1391 4087 jam
1452 4019 1649 4088 publice
1714 4017 2311 4090 patratorum,luisse;

764 4106 843 4145 tta:
874 4092 1012 4143 enim
1053 4092 1184 4144 ahas
1207 4091 1260 4144 in
1290 4092 1380 4144 illa
1419 4092 1702 4145 dil'ticnltas
1738 4088 1969 4142 fuisset?
1998 4087 2132 4142 Vide
2154 4103 2315 4157 supra

786 4170 857 4214 οι.
886 4161 1212 4214 Delictorum.

800 4230 1208 4299 Cou/Iictatione,
1252 4234 1287 4288 i.
1332 4248 1383 4288 e.
1423 4232 1761 4300 morti/icatio,
1794 4246 1911 4301 quae
1948 4248 2011 4287 ex
2060 4231 2145 4284 illa
2203 4231 2313 4299 ipsa

728 4305 1105 4373 conﬂictatione
1131 4321 1344 4373 gravem
1376 4317 1575 4357 natura:
1601 4314 1796 4357 nostrae
1827 4304 2124 4357 molestiam
2156 4306 2313 4371 para;

727 4391 849 4429 caro
878 4377 1017 4429 enim
1047 4377 1350 4444 concupiscit
1376 4381 1614 4429 adversus
1636 4375 1889 4443 spiritum,
1915 4376 2121 4440 spiritus
2149 4389 2316 4426 autcm

730 4447 973 4501 adversus
992 4463 1218 4512 carnem;
1233 4452 1339 4501 hwc
1359 4449 1491 4500 enim
1519 4446 1613 4499 sibi
1642 4446 1852 4499 invicem
1877 4446 2229 4509 adversantur,
2249 4445 2315 4498 ad

732 4520 850 4575 Gal.
876 4520 941 4585 V,
976 4522 1061 4575 17.
1093 4520 1468 4588 Utriqueenim
1496 4518 2313 4590 humiliatioistagraviSaCCidit:

730 4593 1168 4663 Spirituiquidem
1191 4595 1261 4645 oh
1285 4594 1514 4645 nativam
1541 4608 1690 4645 suam
1731 4590 2063 4663 nobilitatem
2099 4606 2159 4643 ac
2177 4605 2315 4658 pra:-

731 4662 1007 4730 stantiam,
1040 4665 1146 4717 imo
1160 4673 1213 4719 et
1230 4663 1464 4717 innatam
1483 4679 1551 4718 ex
1577 4672 1797 4731 peccato
1814 4662 2119 4731 Superbiam
2140 4680 2150 4712 :
2170 4662 2315 4715 carni

729 4751 861 4791 vero
889 4736 959 4790 ob
999 4737 1229 4789 nativam
1257 4750 1406 4800 suam
1439 4736 1705 4799 inertiam,
1734 4749 2025 4803 generosos
2055 4732 2319 4803 ejusmodi

729 4822 892 4862 ausus
924 4806 1303 4877 refugientem;
1334 4822 1456 4860 nam
1479 4818 1531 4887 et
1553 4807 1620 4887 ad
1649 4804 1987 4887 lios__spiritus
2000 4804 2320 4887 quarumque

732 4888 1001 4949 promptus
1021 4874 1091 4931 est
1108 4919 1123 4941 ,
1152 4894 1271 4932 caro
1292 4888 1460 4949 autem
1482 4878 1706 4946 inﬁrma.
1728 4874 1926 4949 Matth.
1946 4918 1960 4944 ,
2000 4874 2166 4930 XXVI
2185 4917 2199 4941 ,
2228 4877 2317 4931 41.

807 4950 1225 5005 Consecuturum.
1292 4947 1381 5005 Sic
1458 4952 1600 5003 enim
1678 4948 1961 5013 Christus,
2036 4949 2084 5001 in
2143 4958 2323 5002 monte

732 5022 1065 5094 prmdicms,
1111 5020 1281 5094 beatos
1320 5035 1415 5075 eos
1455 5020 1628 5094 dixit,
1663 5022 1750 5094 qui
1798 5021 2185 5094 persecutionem
2227 5037 2320 5089 pu-

736 5089 928 5147 littutur
951 5100 1157 5161 prapler
1172 5090 1451 5160 justitiam,
1477 5092 1713 5157 quoniam
1730 5089 1960 5161 ipsorum
1988 5089 2324 5161 estlinguam

734 5160 996 5217 caelorum.
1049 5160 1194 5215 Beati
1239 5164 1356 5217 estis
1385 5162 1403 5234 (
1430 5164 1506 5217 sic
1536 5160 1768 5233 pergit),
1821 5179 1933 5215 cum
1972 5160 2322 5234 ntulcdixcriut

735 5236 895 5293 vobis,
914 5244 959 5286 et
987 5234 1204 5288 dixerint
1232 5249 1379 5287 omne
1395 5232 1589 5288 malum
1610 5232 1875 5287 adversum
1906 5249 2010 5295 vos,
2037 5242 2141 5286 etc.
2185 5232 2320 5285 Gau-

737 5306 848 5359 dete
877 5317 923 5358 et
949 5308 1170 5359 exultate
1190 5346 1203 5369 ,
1232 5306 1474 5372 quoniam
1518 5322 1705 5358 merces
1742 5314 1907 5359 vestra
1951 5304 2157 5373 capiosa
2178 5305 2321 5357 estin

736 5377 897 5440 caelis;
920 5378 992 5429 sic
1017 5378 1149 5430 enim
1178 5378 1550 5448 persecutisunt
1576 5374 1883 5448 PrOphetas,
1914 5387 2012 5429 etc.
2039 5374 2315 5448 .ll_attlt.,_\’,

737 5448 809 5503 10
845 5458 899 5501 et
925 5462 1075 5516 seqq.
1103 5444 1277 5515 Atque
1296 5448 1399 5502 hoc
1427 5457 1509 5502 cst
1530 5489 1544 5511 ,
1576 5444 1718 5517 quod
1752 5447 1947 5501 Paulus
1979 5456 2030 5499 et
2059 5444 2323 5500 Barnabas

735 5530 847 5573 tam
867 5519 1092 5573 sollicite
1118 5519 1229 5572 suis
1266 5518 1601 5573 inculcarunt
1619 5520 2002 5574 documentum
2029 5536 2039 5571 :
2069 5518 2321 5584 Quoniam

735 5606 829 5660 per
872 5592 1055 5662 inultas
1091 5588 1439 5644 tribulationes
1466 5589 1824 5662 (tentationes
1844 5593 2085 5662 )pportet
2117 5605 2207 5643 nos
2236 5589 2319 5642 iu-

739 5672 876 5713 trare
899 5661 950 5714 in
973 5676 1182 5730 regnum
1210 5676 1318 5715 DEI.
1346 5660 1519 5728 Aliqui
1548 5661 1793 5723 credunt,
1819 5678 1847 5713 a
1871 5660 2199 5714 Tertulliani»
2232 5675 2324 5728 po-

735 5732 842 5805 tius
871 5731 955 5805 hic
976 5731 1109 5805 illud
1140 5730 1526 5805 Mattli.,_XlX,
1558 5732 1651 5801 20,
1689 5733 1911 5805 respici:
1944 5730 2097 5786 Dives
2127 5731 2327 5802 difﬁcile

738 5802 946 5874 intrabit
968 5804 1018 5855 in
1038 5818 1250 5874 regnum
1274 5803 1532 5857 caelorum.

808 5874 853 5947 ᾼ
876 5872 1134 5939 Lavacro,
1173 5889 1267 5930 seu
1298 5884 1411 5947 post
1441 5875 1715 5931 lavacrum.

811 5944 1067 6017 Jejunare
1095 5944 1308 6017 oportet.
1358 5945 1507 6003 Sicut
1556 5946 1800 6007 Christus
1848 5964 1955 6006 non
2019 5955 2141 6004 ante
2172 5989 2186 6018 ,
2228 5946 2322 6002 scd

2336 1923 2383 1983 B

2470 600 2685 653 Salutis.
2727 599 2976 669 lntelligit
3021 600 3107 654 hic
3139 600 3328 654 festum
3367 598 3657 664 Paschalis,
3686 597 3827 668 quod
3860 597 3975 655 Sab

2397 672 2510 724 bato
2566 680 2777 737 sancto,
2847 680 3098 741 tanquam
3170 671 3277 727 dici
3327 671 3393 725 ad
3453 673 3747 725 Solemnem
3796 671 4011 741 Baptis-

2396 758 2540 813 mum
2595 740 3101 811 singularitcr’olim
3154 742 3409 809 deputan
3450 741 3617 813 (Cap.
3659 740 3842 813 jmec.)
3876 740 4010 795 im-

2399 812 2630 867 mediate
2682 814 3064 874 succedit;cst
3108 814 3250 868 enim
3302 814 3413 881 ipse
3466 812 3744 867 Paschalis
3793 812 4011 881 juhilus

2400 884 2688 952 gratulatio
2717 896 2898 938 mutua
2926 894 3124 938 nostra:
3156 886 3376 947 salutis,
3400 899 3560 953 quam
3583 884 3633 938 in
3658 882 3828 937 Adam
3860 899 4013 938 mor-

2402 957 2498 1020 tui,
2527 969 2647 1007 cum
2670 953 2883 1008 Christo
2910 964 3087 1008 autem
3117 957 3182 1008 ad
3213 971 3404 1009 novam
3438 956 3599 1009 vitam
3631 962 4009 1024 resurgentes,

2402 1028 2857 1093 recuperavimus.
2903 1025 3043 1080 Ecce
3079 1027 3237 1097 igitur
3272 1026 3383 1095 jam
3431 1025 3861 1097 mitiquissimam
3892 1030 4010 1080 ori-

2398 1097 2574 1165 ginem
2606 1098 3001 1167 gratulationum
3032 1095 3380 1159 l’aschulimn,
3404 1112 3558 1166 quas,
3586 1095 3866 1150 charitatis
3888 1113 4017 1151 mu-

2404 1178 2505 1221 tute
2549 1168 2687 1222 inter
2738 1168 3071 1222 Christianos
3119 1169 3249 1222 olim
3290 1180 3579 1233 tesseram,
3613 1168 3797 1221 saeculi
3844 1168 4014 1237 hujus

2402 1237 2549 1292 vafer
2578 1240 2764 1308 genius
2815 1239 3160 1293 linendacibus
3217 1240 3530 1308 plerumque
3574 1238 3862 1292 verborum
3892 1238 4011 1294 lor-

2404 1310 2562 1363 mulis
2588 1322 2640 1370 ct
2662 1310 2907 1365 inanibus
2938 1312 3277 1366 caeremoniis
3298 1353 3311 1374 ,
3343 1310 3615 1364 involvere
3656 1311 3817 1364 solet.

2478 1380 2647 1433 Porro
2695 1394 2871 1434 autem
2929 1380 3173 1436 Paschali
3226 1382 3425 1435 lanium
3462 1380 3790 1450 jejuniorum
3839 1380 4018 1435 tristi-

2406 1452 2476 1523 tia
2506 1452 2682 1506 nntius
2708 1453 2988 1515 convenit,
3016 1461 3177 1523 atque
3222 1452 3356 1506 adeo
3409 1453 3644 1506 Ecclesia
3688 1466 3755 1505 ex
3796 1450 3886 1505 his
3916 1467 4017 1506 so-

2406 1522 2709 1587 lemnibus,
2759 1526 2884 1587 quin
2944 1534 3000 1577 et
3046 1522 3157 1578 tcto
3207 1524 3452 1579 Paschali
3486 1533 3755 1591 tempore,
3801 1522 4017 1592 jejunia

2407 1604 2669 1665 expuncla
2714 1595 2903 1649 Voluit.
2965 1593 3188 1665 Insuper
3241 1611 3367 1649 vero
3406 1604 3462 1649 et
3516 1594 3658 1648 diem
3712 1595 4022 1661 quamlibet

2412 1664 2740 1719 Dominicam
2794 1668 3086 1735 (quoniam
3145 1674 3200 1721 et
3243 1665 3381 1720 hanc
3423 1664 3619 1720 Christi
3659 1665 4021 1734 ltesurgentis

2411 1739 2683 1789 memoria:
2730 1751 2935 1791 sacrum
2979 1753 3098 1791 esse
3158 1736 3362 1807 voluit)
3419 1736 3625 1806 jejunio
3682 1735 4020 1790 obnubilan-

2409 1808 2533 1860 dam
2578 1807 2714 1861 haud
2757 1823 2897 1873 esse,
2942 1809 3179 1863 Ecclesia
3219 1808 3516 1873 Constituit,
3559 1815 3617 1861 ut
3662 1822 3726 1861 ex
3758 1808 3894 1861 Cau.
3947 1808 4018 1862 15

2413 1877 2471 1932 S.
2499 1879 2639 1933 l’etri
2686 1879 3054 1943 Alex:indrini,
3096 1880 3184 1948 qui
3226 1878 3362 1933 Sine.
3391 1877 3478 1933 Ill.
3526 1878 3752 1933 cadente
3793 1879 4017 1948 ﬂoruit,

2413 1960 2644 2014 Constat,
2698 1952 2746 2003 in
2777 1965 2883 2019 quo
2914 1966 3035 2004 (ιιιιι
3059 1947 3264 2019 jejunia
3297 1949 3507 2004 Dicrum
3539 1948 3788 2002 Mercurii
3819 1960 3867 2001 et
3922 1947 4024 2003 Vc-

2411 2022 2543 2073 neris
2573 2020 2877 2087 probasset,
2902 2021 3007 2075 ait:
3038 2023 3149 2085 sed,
3178 2020 3349 2089 quoad
3397 2019 3543 2073 Diem
3564 2019 3917 2087 Dominicam,
3947 2030 4024 2074 est

2411 2092 2517 2146 dies
2545 2092 2757 2159 hilaris,
2798 2093 2920 2163 quia
2957 2092 3110 2146 Jesus
3136 2091 3367 2163 Christus
3392 2096 3445 2145 in
3484 2093 3575 2145 illa
3611 2092 4021 2163 dieresurrexit.

2411 2163 2550 2228 Quid
2583 2179 2708 2218 vero
2735 2164 2877 2234 quod
2926 2165 2977 2217 in
3026 2163 3194 2218 Cone.
3238 2162 3561 2232 Gangrensi,
3590 2164 3657 2216 Α.
3685 2162 3746 2217 C.
3780 2162 3895 2217 570
3923 2163 4020 2216 ha-

2414 2234 2548 2298 bito,
2583 2236 2712 2288 Can.
2745 2234 2832 2298 18,
2868 2235 3027 2289 etiam
3055 2234 3376 2287 anathemate
3406 2235 3680 2303 perculsos
3718 2246 3816 2287 eos
3862 2234 4022 2287 inve-

2413 2305 2623 2359 niamus
2646 2347 2661 2371 ,
2719 2307 2806 2375 qui
2850 2307 3004 2359 vitam
3042 2307 3369 2359 austeriorem
3418 2313 3748 2376 prretexenles
3786 2304 3885 2357 Die
3915 2303 4022 2358 Do-

2416 2376 2605 2430 minica
2642 2377 2885 2447 jejuuant
2910 2377 2936 2429 ?
2962 2376 3143 2447 Neque
3172 2376 3222 2430 id
3252 2375 3446 2430 mirum
3468 2376 3636 2431 videri
3661 2375 3846 2439 debet;
3880 2392 4019 2445 quo-

2412 2450 2554 2501 niam
2613 2448 2916 2502 .llanichazis
2962 2459 3008 2501 et
3050 2447 3483 2512 Priscillianistis,
3533 2448 3621 2517 qui
3677 2447 4019 2501 Dominicam

2408 2518 2615 2588 jejunio
2641 2521 2780 2573 velut
2810 2520 2953 2574 diem
2999 2519 3295 2589 legitimum
3326 2518 4019 2589 statuebant,_comtnuni-

2412 2587 2566 2645 easse
2587 2590 2963 2645 censebantur.
3011 2587 3160 2647 Unde
3191 2589 3254 2645 S.
3283 2588 3415 2659 Aug.
3450 2590 3504 2643 in
3537 2588 3635 2658 Ep.
3667 2587 3758 2643 86.
3808 2590 3882 2641 ad
3924 2590 4023 2642 Ca-

2413 2662 2650 2714 sulanmu
2697 2662 2758 2713 de
2802 2662 3002 2731 jejunio
3058 2661 3288 2725 Sabbati,
3332 2672 3464 2721 cte.,
3497 2674 3696 2731 agens,
3748 2661 4020 2725 ejusmodi

2409 2732 2610 2801 jejunia
2643 2748 2883 2802 magnum
2911 2732 3242 2795 scandalum,
3277 2741 3327 2786 ct
3360 2730 3603 2785 horribile
3622 2731 3884 2800 appellat.

2486 2803 2772 2871 lnipsum,
2816 2818 3011 2873 nempe
3062 2815 3379 2873 tentatorcm
3418 2803 3712 2873 diabolum.

2491 2874 2685 2929 Divinis
2727 2875 2916 2944 copiis.
2968 2874 3174 2929 scilicet
3232 2872 3428 2927 Manna
3478 2872 3547 2928 de
3573 2873 3729 2930 oculis
3774 2873 4020 2944 quotidie

2414 2945 2630 3015 depluo.
2659 2945 2825 2999 Exod.
2856 2944 2996 3011 XVI,
3020 2947 3053 3000 4
3079 2956 3123 2999 et
3150 2962 3289 3015 seqq.

2490 3017 2655 3082 Quam
2680 3016 2797 3071 Dei.
2843 3017 3066 3085 Quando
3099 3031 3291 3086 nempe
3326 3017 3565 3086 ingratus
3592 3015 3680 3073 ille
3708 3026 3764 3072 et
3793 3016 4020 3087 gulosus

2415 3088 2647 3160 populus
2698 3089 2986 3143 identidem
3032 3088 3464 3160 lamentahatur:
3494 3088 3623 3154 Quis
3683 3088 3825 3142 dabit
3877 3089 4021 3142 nobis

2415 3159 2483 3213 ad
2514 3162 2811 3214 vescendum
2835 3177 3012 3215 carnes
3030 3159 3124 3214 .9...
3161 3160 3346 3213 Anima
3369 3169 3543 3212 nostra
3574 3160 3721 3212 arida
3741 3170 3814 3212 est
3840 3175 3856 3213 :
3886 3161 4017 3212 nihil

2414 3230 2879 3302 aliudrespiciunt
2929 3232 3062 3285 oculi
3108 3230 3269 3285 nostri
3314 3231 3412 3285 nisi
3465 3228 3613 3284 Man.
3657 3228 3852 3299 Num.,
3906 3230 3974 3286 Xl
4004 3271 4018 3298 ,

2337 3300 2609 3376 cletG.

2488 3375 2705 3444 Aquam,
2739 3374 2773 3428 i.
2806 3388 2856 3429 e.
2885 3373 3215 3444 Baptismum
3256 3388 3408 3444 suum
3440 3373 3492 3427 in
3518 3370 3773 3428 Jordane.

2458 3442 2605 3527 .Dci.
2675 3445 2798 3501 llaec
2853 3442 2975 3500 vos
3006 3448 3198 3501 merito
3246 3443 3549 3500 redundare
3600 3446 3712 3499 visa
3768 3442 3875 3499 fuit
3918 3443 4012 3501 Ju-

2416 3532 2527 3571 Illo.

2501 3587 2680 3643 Verbo.
2729 3588 2848 3643 Non
2898 3590 2950 3642 in
2978 3588 3086 3643 solo
3132 3604 3261 3658 pane
3302 3588 3419 3641 vivit
3471 3587 3641 3658 homo,
3672 3587 3761 3658 sed
3798 3587 3857 3641 in
3882 3588 4019 3641 omni

2417 3661 2585 3724 verbo,
2612 3661 2751 3729 quod
2780 3659 3002 3726 procedit
3030 3660 3093 3713 de
3116 3656 3201 3713 ore
3228 3674 3334 3713 DEI.
3366 3658 3578 3729 Matth.,
3622 3656 3686 3710 IV
3709 3697 3723 3719 ,
3765 3658 3821 3712 4.
3855 3660 4014 3728 Atqui

2419 3730 2535 3784 ha-c
2563 3733 2824 3785 sententia
2863 3747 2893 3785 a
2931 3730 3144 3785 Chrism
3170 3745 3239 3784 ex
3274 3728 3425 3783 Deut.
3446 3728 3556 3783 Vlll
3578 3767 3592 3790 ,
3621 3730 3675 3793 3,
3708 3729 3817 3782 huc
3872 3739 4017 3781 tran-

2418 3801 2553 3854 slata
2595 3804 2801 3869 fuerat,
2855 3802 2941 3855 ubi
2994 3800 3203 3871 Moyses
3265 3800 3330 3854 ad
3386 3800 3675 3869 populum,
3710 3870 3715 3871 ί
3756 3798 4017 3854 bent-licia

2420 3889 2537 3937 DEI,
2562 3884 2612 3927 et
2642 3872 2959 3927 atllictiunes
3003 3870 3178 3927 eidem
3224 3871 3275 3925 in
3311 3871 3530 3926 deserto
3575 3870 3834 3935 immissa,
3867 3886 4016 3923 eom-

2419 3960 2757 4015 memoraus:
2813 3945 3001 4015 Aﬂlixit
3057 3954 3102 3997 te
3156 3944 3388 4015 penuria,
3434 3952 3493 4015 et
3541 3941 3679 4015 dedit
3719 3941 4017 4015 tibicibum

2420 4014 2655 4081 Manna;
2795 4014 3157 4070 utrosteuderet
3198 4014 3286 4068 tibi
3312 4057 3326 4079 ,
3358 4014 3496 4085 quod
3522 4030 3622 4066 non
3661 4014 3713 4065 in
3749 4014 3863 4066 salo
3893 4030 4022 4081 pauc

2418 4089 2547 4139 vivat
2602 4090 2767 4149 homo,
2829 4088 2916 4140 secl
2970 4089 3022 4139 in
3069 4087 3205 4139 omni
3263 4084 3441 4147 verba,
3493 4084 3628 4153 quod
3661 4084 3923 4153 egreditur
3961 4085 4020 4136 de

2420 4176 2505 4212 ore
2556 4175 2663 4212 DEI.
2702 4162 2877 4227 Atque
2922 4158 3035 4211 hare
3066 4168 3141 4211 est
3172 4156 3256 4210 illa
3300 4158 3466 4226 figura
3509 4155 3758 4227 Israelis,
3802 4172 3869 4209 ex
3920 4172 4019 4224 qua

2420 4246 2581 4299 supra
2634 4225 2823 4282 Noster
2853 4228 3013 4291 dicit,
3049 4225 3488 4297 exprobrationem
3514 4241 3544 4280 a
3576 4225 3791 4280 Christo
3822 4226 3874 4279 in
3911 4228 4018 4281 dta~

2420 4303 2602 4355 bolum
2632 4310 2867 4354 retortum
2914 4301 3100 4354 fuisse.

2494 4370 2654 4426 Etidi.
2701 4374 2926 4441 Etegans
2967 4368 3307 4441 metaphora!
3377 4367 3520 4422 Elidi
3569 4376 3748 4422 autem
3807 4371 4021 4438 prOpric

2420 4445 2709 4511 dicuntur,
2758 4445 2949 4513 quibus
3002 4458 3152 4496 venue
3202 4441 3322 4496 colli
3377 4441 3607 4509 majores
3662 4441 3842 4513 (qua:
3888 4442 4023 4496 alias

2422 4518 2550 4582 lisw,
2609 4508 2812 4570 Graecis
2862 4519 3173 4585 «τιςρςιγιι-ίδςςΔ
3197 4513 3456 4585 appellari
3505 4508 4023 4585 solent)'inciduu-

2422 4598 2528 4642 tur.
2561 4587 2650 4643 Sic
2671 4588 2814 4641 enim
2859 4582 3049 4639 Celsus
3076 4586 3113 4638 ι.
3146 4582 3173 4637 I
3196 4583 3229 4636 V
3286 4586 3348 4636 de
3376 4600 3430 4636 re
3470 4583 3681 4644 medica,
3735 4598 3780 4635 c.
3840 4584 3889 4647 1,
3918 4586 4019 4636 ait:

2425 4660 2558 4714 Sunt
2608 4669 2775 4711 autent
2828 4659 2953 4721 lisse,
3006 4665 3125 4709 teste
3180 4655 3403 4717 Donato,
3457 4668 3593 4706 vente
3634 4653 3858 4724 majores
3904 4666 4025 4721 gut-

2426 4732 2573 4796 turis,
2602 4731 2778 4799 quibus
2802 4726 3072 4782 iutersectis
3093 4725 3286 4780 animal
3307 4725 3574 4796 confestim
3601 4726 3871 4799 e_mor_itur;
3894 4729 4028 4799 unde

2424 4794 2637 4866 elisum,
2665 4802 2798 4869 quod
2826 4816 2887 4854 ea:
2907 4799 2996 4852 tati
3021 4814 3199 4851 caussa
3222 4794 3474 4851 mortuum
3497 4794 3678 4869 est.th
3701 4796 3776 4849 sic
3805 4796 3875 4849 de
3908 4798 4027 4869 aliis

2427 4889 2638 4944 quoque
2668 4867 2899 4944 ijiolenta
2933 4879 3119 4944 morte‘
3142 4869 3364 4944 sublatis
3385 4910 3399 4930 ,
3427 4883 3525 4944 eo:
3563 4867 3712 4944 elisos
3740 4882 3871 4944 esse
3894 4868 4027 4921 dici-

2426 4937 2567 5013 mus,
2599 4954 2655 4998 ut
2683 4943 2972 4998 Suetonius
3002 4943 3051 4993 in
3080 4939 3334 5013 Caligula,
3363 4956 3409 4993 ε.
3458 4939 3547 5013 26,
3583 4939 3747 5013 dicit:
3781 4937 4028 5013 Etianue

2427 5028 2541 5070 sunt
2553 5009 2650 5087 per
2672 5032 2784 5069 eum
2804 5009 3394 5087 tumultumannilius
3408 5009 3869 5087 equites‘Romani.
3887 5009 4025 5087 Quin

2428 5078 2585 5144 etiam
2608 5086 3034 5156 a’qrituttineclidi
3063 5078 3505 5156 'l‘nllius'fl'uscul.
3532 5081 3648 5147 QQ.
3667 5079 3727 5156 L_.
3751 5078 3813 5156 γ,
3843 5082 4025 5136 habet.

2502 5153 2731 5212 Natalis.
2782 5156 2875 5210 Est
2919 5157 3061 5211 enim
3126 5155 3384 5208 lavacrum
3434 5153 3874 5223 regenerationis,
3944 5168 4022 5207 sc-

2427 5231 2662 5287 cundum
2730 5228 2856 5283 illud
2923 5226 3117 5280 Christi
3176 5224 3245 5279 ad
3300 5220 3648 5279 Nicodetnum
3687 5241 3699 5277 :
3735 5220 3859 5275 Nisi
3914 5226 4023 5289 quis

2425 5314 2630 5357 renatus
2674 5302 2824 5371 fuerit
2873 5298 3205 5371 denuo,uon
3254 5305 3428 5371 potest
3461 5295 3641 5371 videre.
3671 5310 3887 5371 regnum
3939 5310 4021 5348 nm

2428 5373 2552 5445 (lo.
2594 5362 2694 5437 lll',
2742 5371 2823 5445 5)_.
2876 5369 3116 5423 Hominis
3170 5381 3297 5445 ergo
3354 5367 3556 5434 primus
3593 5362 3801 5445 Natalis
3848 5378 3933 5445 est
3961 5383 4021 5420 ex

2426 5436 2607 5507 iniure,
2630 5436 2804 5513 quoad
2817 5456 3002 5510 corpus
3021 5454 3038 5493 :
3055 5442 3321 5493 secundus
3341 5453 3405 5492 ex
3425 5451 3550 5513 nso,
3568 5436 3741 5505 quoad
3766 5437 4021 5513 auinam,

2425 5532 2546 5585 qua:
2593 5506 2829 5585 mortua
2856 5506 2950 5581 per
2992 5519 3303 5585 peccatum,
3347 5508 3657 5585 renascitur
3685 5522 3783 5576 per
3812 5506 4023 5585 Baptis:

2425 5576 2594 5642 mum.
2621 5588 2790 5654 Atque
2819 5576 2870 5637 hi
2898 5576 3041 5654 sunt,
3072 5581 3159 5653 qui
3175 5596 3285 5654 non
3299 5595 3375 5654 ea:
3398 5576 3751 5649 sanguinibus,
3780 5576 3915 5645 etc.,
3935 5578 4023 5634 sed

2427 5675 2497 5713 ex
2536 5672 2639 5712 nco
2670 5651 2791 5710 Νξιτι
2814 5663 2950 5709 sunt.
2980 5651 3154 5723 (Joan.
3175 5651 3195 5707 1
3217 5694 3233 5718 ,
3262 5652 3375 5718 15).

2502 5728 2741 5783 Matrem.
2790 5719 3086 5782 Commode
3140 5722 3229 5778 hic
3268 5720 3509 5777 Ecclesia
3565 5719 3788 5792 intelligi
3818 5730 4020 5790 potest,

2418 5816 2769 5872 .quwisursuia
2815 5807 2896 5872 est
2931 5794 3249 5862 Jerusalem,
3276 5810 3389 5865 qua:
3426 5803 3498 5847 est
3550 5807 3730 5848 ιιιιτειι
3783 5806 4015 5859 mosus,

2429 5870 2499 5929 ad
2530 5871 2648 5927 Gal.
2674 5870 2741 5927 IV
2766 5910 2783 5937 ,
2831 5870 2919 5925 17.

2505 5935 2790 5999 Fratribus.
2848 5939 2955 5999 Nos
3001 5948 3166 5996 autent
3215 5951 3486 6009 FRATRI-:5,
3544 5936 3824 5995 secundum
3872 5935 4023 5993 Isaac
