4202 6496
178 425 319 484 1205

178 545 535 612 promissionis
567 561 691 600 riui
716 561 910 599 sumus.
938 542 1015 596 Ib.
1049 561 1096 597 v.
1129 545 1220 600 28.

253 618 485 670 I’eculta.
529 617 640 670 Non
698 619 995 685 temporalia
1053 627 1302 682 tantum,
1359 616 1448 671 sed
1491 616 1777 686 spiritualia

177 690 432 750 maxime,
467 707 616 740 novze
647 690 768 742 huic
817 692 935 742 vitae
959 689 1319 745 sustentandie
1343 692 1662 752 necessaria,
1686 699 1774 741 aut

176 761 311 814 inire
339 760 716 814 conducentia.

252 833 500 896 Apertum
528 843 598 883 est
629 831 784 885 vobis.
831 830 1017 886 Matth.
1074 829 1192 894 VII,
1229 832 1293 887 10
1331 841 1378 886 et
1431 847 1567 900 seqq.
1627 829 1769 883 Tan-

175 903 409 972 demque
439 903 510 957 ibi
554 903 799 958 Christus
842 902 1088 972 subiicit:
1124 903 1184 959 Si
1217 920 1334 975 ergo
1364 919 1446 957 vos
1468 945 1480 965 ,
1507 919 1620 956 cum
1651 904 1770 955 mali

1256 429 1596 488 APPENDIX
1637 427 1928 498 QUINI'A,
1975 427 2436 487 DISSERTA'I'IO.

1803 545 1853 604 Α
1881 545 2010 607 sitis,
2057 547 2208 598 nostis
2264 547 2392 598 bona
2419 545 2539 596 (lata
2583 543 2704 596 dare
2745 543 2864 610 [iliis
2911 543 3084 598 vestris
3108 585 3122 608 ,
3151 554 3340 612 quanto
3369 561 3479 596 ma-

3341 425 3481 483 1206

1880 618 1956 686 gis
1981 633 2149 670 nimi
2171 627 2346 679 t'cstcr,
2371 617 2454 685 qui
2484 617 2530 668 in
2543 616 2678 668 (telis
2696 625 2786 676 cst,
2809 615 2942 669 dabit
2958 614 3088 667 bona
3101 615 3382 686 petentibus
3403 632 3475 668 se.

1954 687 2264 741 Perco/oris.
2318 687 2524 756 Insigne
2573 686 2886 741 humilitatis
2945 687 3250 755 specimen!
3305 689 3475 750 Quam

1879 771 2053 812 autem
2084 762 2215 814 alius
2243 776 2269 811 a
2303 776 2359 812 se
2393 761 2506 826 ipso
2559 758 2917 812 'l'crtullianus
2941 800 2955 822 ,
3003 759 3258 826 deinceps
3320 756 3474 810 Moti--

1876 833 1981 883 tam'
2027 832 2105 884 sui
2151 833 2333 902 spiritu
2386 832 2536 898 (non
2594 830 2796 900 amante
2841 831 3041 900 utique,
3094 829 3190 883 sed
3241 828 3477 903 inﬂante)

1878 903 2122 958 tumens!

3035 1063 3451 1078 s-—‘——--_

1241 1149 2311 1262 DISSERTATIO
2357 1232 2388 1274 .

172 1364 278 1426 DE
328 1363 826 1428 AFFINITATE
869 1363 1113 1426 INTER
1143 1361 1607 1426 BAPTISMUM
1652 1360 1753 1419 ET
1798 1360 2426 1435 ΡΟΕΝΙΤΕΝΤΙΑΜ,
2505 1360 2938 1437 SEQUENTIS
3020 1362 3235 1426 LIBRI
3287 1322 3478 1427 'AU-

1009 1464 1309 1539 THORE,
1352 1464 1454 1524 ET
1487 1461 1840 1524 EJUSDEM
1884 1461 2185 1523 SCRIPTI
2233 1462 2633 1526 TEMPOBE.

244 1616 284 1670 Ι.
328 1615 624 1686 Postquam
663 1631 789 1686 ergo
820 1616 1139 1671 Tertulliani
1184 1614 1389 1668 Librum
1415 1615 1476 1668 tle
1506 1612 1767 1680 Baptismo

169 1708 530 1774 absolvimus,
556 1722 660 1763 non
685 1719 834 1763 recto
887 1709 1103 1779 quidem
1149 1719 1204 1762 et
1255 1707 1526 1762 communi
1576 1705 1768 1760 Sacra.

167 1811 482 1857 mentorum
509 1812 816 1858 nostrorum
844 1803 1050 1868 ordine,
1083 1811 1317 1857 attamen
1347 1817 1518 1871 neque
1549 1817 1638 1870 per
1661 1799 1766 1853 sal-

1873 1620 2172 1663 mcnlorum
2209 1610 2398 1678 primi,
2432 1619 2484 1664 et
2515 1626 2634 1664 cum
2669 1609 2853 1680 primis
2884 1613 3204 1678 necessarii,
3228 1614 3469 1684 januam,

1872 1705 2142 1775 ingressus
2170 1715 2332 1773 patet.
2383 1705 2452 1758 At
2493 1721 2620 1759 vero
2667 1704 2987 1760 l‘mnitcntia
3037 1705 3337 1762 adhibenda
3387 1719 3470 1762 est

1876 1799 1941 1853 ad
1975 1797 2198 1852 delenda
2244 1809 2459 1867 peccata
2507 1799 2763 1863 actualia,
2810 1813 2872 1853 ac
2920 1800 3186 1868 praecipue
3227 1817 3320 1867 ea,
3353 1818 3472 1872 qua!

169 1905 312 1960 tum,
342 1893 412 1948 ad
440 1894 680 1962 ejusdem
711 1894 920 1948 Librum
947 1898 1010 1950 de
1031 1894 1362 1959 Paenitentia,
1407 1893 1603 1962 pariter
1634 1891 1772 1945 notis
1803 1871 1850 1930 Β
1881 1902 1996 1962 post
2026 1891 2350 1961 Baptisnnnn
2383 1892 2634 1962 deinceps
2660 1892 2946 1946 commissa
2978 1902 3120 1948 sunt.
3149 1892 3207 1946 2°
3264 1893 3471 1948 ratione

171 1988 499 2056 quibusdam
528 1987 925 2051 illustrandum,
951 1987 1259 2046 deferimur;
1287 2001 1408 2040 nam
1433 1993 1485 2038 et
1535 1985 1646 2052 ipse
1666 1983 1772 2036 Au-

166 2077 292 2126 thor
309 2073 657 2128 Sacramenta
675 2073 1010 2136 intermedia,
1031 2072 1134 2126 Con
1142 2073 1480 2140 ﬁrmationetn
1496 2078 1546 2122 et
1561 2067 1606 2120 E
1611 2069 1768 2120 uclta-

162 2167 388 2232 ristiam,
410 2181 515 2220 non
535 2167 749 2237 penitus
765 2168 1035 2230 transiliit,
1055 2167 1148 2222 sed
1169 2166 1312 2220 illam
1331 2164 1544 2234 quidem
1567 2165 1615 2217 in
1637 2164 1771 2232 prio-

163 2259 238 2311 ris
252 2259 337 2312 sui
353 2259 500 2313 Libri
519 2258 646 2330 Cap.
664 2259 730 2314 V'I
745 2269 800 2315 et
815 2259 903 2315 ΥΠ
919 2259 1343 2330 velutquoddam
1362 2256 1608 2328 Baptismi
1624 2272 1770 2312 com-

164 2350 526 2418 plementum,
586 2351 726 2406 haud
763 2353 1124 2422 perfunctorie
1158 2353 1406 2408 tractavit
1446 2353 1618 2406 :hanc
1643 2365 1768 2405 vero

164 2441 299 2512 Cap.
332 2442 455 2497 XVI
482 2443 578 2515 (ut
606 2445 675 2498 ibi
700 2445 1039 2516 notavimus)
1069 2446 1258 2501 saltem
1293 2445 1481 2500 leviter
1502 2446 1691 2515 attigit.

237 2535 306 2589 ll.
358 2535 458 2589 Est
503 2545 680 2591 autem
730 2548 989 2605 prmterea
1033 2537 1322 2608 singularis
1352 2539 1595 2606 quazdatn
1623 2578 1636 2599 ,
1685 2535 1766 2589 vel

165 2629 339 2700 ipsius
368 2630 706 2684 necessitatis
735 2631 966 2696 ratione,
989 2631 1126 2684 inter
1156 2629 1477 2699 Baptismunt
1509 2638 1560 2682 et
1590 2627 1765 2681 Panti-

165 2721 380 2774 tentiam
409 2722 700 2776 connexio.
730 2722 862 2777 Cum
894 2725 1037 2778 enim
1068 2739 1245 2778 rerum
1272 2722 1510 2778 omnium
1549 2724 1769 2777 (lreator

165 2814 316 2868 Deus
345 2813 584 2869 Primum
632 2815 914 2871 Hominem
950 2817 999 2870 in
1043 2816 1142 2870 hoc
1176 2817 1512 2880 Universum,
1545 2831 1642 2871 ceu
1676 2831 1768 2886 pa-

167 2906 532 2959 tentis:imum
565 2921 714 2960 mare
759 2907 1050 2976 quoddam,
1081 2908 1378 2973 elfudissct,
1412 2925 1474 2964 ac
1526 2909 1618 2962 toti
1664 2908 1764 2961 hu-

164 3016 327 3056 niano
345 3002 532 3069 generi
552 3000 807 3072 deinceps
821 3004 960 3056 velut
977 3003 1415 3057 Are/titltttlassum
1435 3001 1694 3066 dedisset,
1723 3004 1766 3056 is

164 3108 298 3148 vero
330 3093 507 3147 noxiae
528 3094 834 3163 cupiditatis
865 3110 974 3148 sua:
1007 3095 1254 3148 ﬂuctibus
1278 3094 1553 3164 abreptus,
1587 3094 1762 3148 navim

163 3201 320 3240 suam
400 3186 452 3240 in
501 3185 848 3241 durissimum
901 3187 1175 3256 sc0pu|nm
1239 3185 1444 3242 Peccati
1498 3187 1763 3258 originalis

1877 1988 2128 2054 effectus;
2159 1999 2280 2038 nam
2314 1984 2363 2037 in
2411 1984 2683 2053 Baptismo
2724 2000 2824 2038 una
2868 1999 2989 2039 cum
3039 1985 3191 2056 culpa
3233 1984 3473 2040 aufertur

1876 2091 2089 2145 quoque
2131 2077 2303 2130 omnis
2333 2088 2502 2130 reatus
2531 2093 2724 2145 ponite,
2759 2086 2865 2131 tam
2896 2089 3120 2142 asternaz,
3153 2095 3310 2148 quam
3343 2089 3470 2133 teni-

1876 2170 2097 2238 poralis:
2131 2169 2467 2225 Ptenitentia:
2497 2180 2671 2224 autem
2704 2170 2876 2239 quoad
2909 2172 3264 2240 posteriorem
3293 2173 3431 2228 hunc
3453 2215 3469 2238 ,

1875 2282 1980 2319 non
2009 2266 2118 2333 jam
2162 2264 2347 2318 eadem
2392 2263 2633 2320 efﬁcacia
2672 2272 2789 2318 est:
2835 2274 3078 2319 remanet
3122 2265 3263 2320 enim
3310 2283 3466 2336 perna

1875 2359 2186 2428 temporalis
2218 2359 2268 2412 in
2299 2359 2605 2430 purgatorio
2631 2357 3007 2426 persolvenda,
3033 2358 3134 2414 nisi
3163 2359 3212 2412 in
3239 2360 3337 2414 hac
3359 2362 3462 2414 viti

1876 2466 1972 2519 pro
2005 2452 2232 2519 pCt‘CaliS
2273 2451 2427 2516 plena
2467 2451 2749 2521 satisfactio
2794 2467 2889 2521 per
2928 2467 3090 2522 opera
3135 2453 3466 2522 ptenitenthe

1875 2545 2104 2611 [tl‘dlslllﬂ
2137 2545 2310 2598 fuerit.
2331 2546 2386 2600 5°
2416 2546 2623 2600 ratione
2652 2545 2954 2600 intrinscca:
2980 2561 3091 2601 sua:
3119 2557 3337 2612 tiaturw;
3367 2548 3471 2603 Ba.

1873 2635 2099 2706 piisntus
2129 2637 2270 2691 enim
2301 2641 2750 2708 estregeneratio,
2783 2639 3078 2709 spiritualis
3104 2641 3381 2706 nimirum,
3414 2651 3469 2697 et

1872 2731 2162 2784 secundum
2209 2732 2465 2794 animant,
2513 2748 2667 2800 qure,
2716 2733 2852 2787 sicut
2887 2734 3162 2803 generatio
3206 2737 3465 2802 carnalis,

1874 2824 2080 2876 nonnisi
2115 2823 2280 2877 semel
2335 2824 2445 2877 fieri
2495 2833 2686 2892 potest;
2719 2832 2877 2893 atque
2908 2824 3028 2880 ideo
3074 2825 3378 2895 Baptismus
3411 2829 3462 2881 in

1871 2929 1956 2977 co,
1989 2915 2077 2984 qui
2110 2914 2356 2969 eumdem
2399 2915 2563 2969 semel
2594 2914 2768 2970 valide
2811 2918 3076 2987 suscepit,
3108 2919 3338 2972 reiterari
3367 2936 3464 2972 ne-

1871 3008 1980 3075 quit
2011 3049 2024 3072 ,
2058 3006 2181 3061 hinc
2212 3008 2354 3061 velut
2386 3008 2647 3077 impresso
2673 3008 2904 3077 quodam
2936 3009 3111 3079 sigillo
3131 3053 3146 3076 ,
3177 3012 3466 3066 charactere

1872 3099 2154 3164 videlicet,
2186 3100 2515 3170 obsignatus.
2549 3101 2615 3154 At
2646 3099 2962 3156 l’ceniteutia
2995 3101 3050 3155 iit
3084 3101 3133 3155 in
3178 3103 3342 3158 forma
3366 3105 3464 3172 ju-

1871 3193 1990 3244 tlirii
2038 3193 2086 3245 in
2121 3207 2227 3261 quo
2258 3191 2416 3246 homo
2447 3201 2693 3261 tanquam
2724 3209 2869 3259 rcus,
2899 3193 3090 3263 snique
3117 3195 3277 3249 simul
3306 3213 3461 3249 accn-

164 3278 447 3345 allisisset,
481 3294 543 3333 ac
595 3295 700 3334 non
746 3281 828 3334 sui
867 3281 1054 3347 solius,
1098 3280 1192 3336 sed
1239 3292 1478 3336 nostrum
1525 3282 1761 3335 onmium
1793 3262 1836 3323 (ἶ
1872 3293 2030 3347 sator,
2078 3297 2105 3334 a
2147 3282 2353 3335 delictis
2396 3283 2505 3335 suis
2543 3283 2858 3337 absolvitur.
2916 3284 3065 3339 Sicut
3109 3295 3290 3341 autent
3339 3304 3463 3343 rcus

164 3372 536 3426 tniserrimum
592 3373 924 3443 naufragium
976 3375 1192 3430 fecisset
1220 3418 1234 3440 ,
1268 3375 1527 3430 immensa
1554 3374 1756 3430 Saua-

165 3479 323 3519 ronts
354 3465 525 3518 nostri
569 3464 799 3520 Boatns
828 3467 1047 3536 primam
1069 3468 1222 3522 nobis
1251 3469 1484 3535 porrexit
1514 3471 1760 3534 tabulam,

163 3556 498 3623 Barrtsuun,
523 3573 622 3628 qua
653 3569 863 3627 arrepta
883 3559 934 3613 in
959 3569 1166 3627 portum
1195 3561 1380 3615 salutis
1395 3561 1570 3614 denuo
1589 3577 1762 3615 emer-

160 3663 438 3718 geremus.
485 3651 556 3704 At
609 3664 736 3704 vero
778 3666 898 3704 cum
949 3651 1000 3704 in
1050 3653 1164 3721 ipso
1214 3653 1314 3707 hoc
1365 3654 1760 3723 portuplurinia

163 3741 488 3807 hominum,
545 3743 697 3796 novis
736 3759 923 3799 rursus
972 3744 1223 3801 ﬂuctibus
1282 3747 1760 3812 involvendot'um,

163 3837 447 3906 naufragia
497 3835 672 3890 futura
708 3849 1096 3906 prirnosceret,
1132 3840 1460 3894 labelactatte
1509 3841 1760 3894 nimium-

161 3947 270 4000 que
309 3931 543 3985 instabili
568 3931 826 3986 voluntati
855 3943 1075 3998 nostrae,
1121 3935 1259 3988 idem
1289 3933 1762 3990 Sacramentorum

162 4024 448 4079 Institutor
478 4023 722 4080 Christus
765 4027 1038 4080 secundum
1082 4039 1193 4098 post
1236 4031 1561 4100 naufragium
1617 4029 1763 4081 tabu-

164 4117 268 4170 lam
300 4133 704 4183 ruzmrsu'mn,
755 4119 909 4173 nobis
943 4119 1166 4190 projecit
1192 4162 1205 4182 ,
1236 4136 1336 4190 qua
1385 4121 1547 4190 adjoti
1587 4120 1765 4174 denuo

165 4213 216 4264 in
244 4227 495 4266 securum
526 4213 676 4267 littus
703 4221 1066 4268 enataretnus.
1096 4217 1266 4284 Atque
1311 4215 1394 4267 hic
1416 4214 1628 4283 quidem
1678 4214 1763 4266 ille

164 4323 454 4362 BAP‘I‘IﬂﬂJS
481 4316 562 4363 est
589 4349 602 4374 ,
633 4323 791 4377 quem
824 4308 989 4363 Cone.
1016 4308 1164 4363 Trid.
1202 4309 1341 4363 Sess.
1381 4307 1518 4375 XIV,
1548 4308 1674 4378 Cap.
1704 4306 1758 4360 '2.

163 4402 511 4457 LABOBIOSUII
556 4405 818 4472 appellat;
868 4404 918 4456 in
953 4419 1058 4472 quo
1107 4418 1232 4457 sane
1283 4417 1377 4471 per
1427 4403 1591 4457 ardua
1635 4402 1761 4458 Pa}.

165 4497 410 4548 nitentia:
451 4509 614 4564 opera
661 4495 1009 4549 vehementer
1037 4495 1419 4548 elaborandum
1450 4505 1550 4558 est,
1581 4504 1638 4548 ut
1668 4493 1762 4549 de-

167 4590 290 4644 licm
346 4603 451 4641 non
495 4589 604 4656 jam
645 4588 822 4640 alieno
874 4601 1132 4656 aquarum
1166 4587 1308 4641 l'onte
1335 4629 1350 4654 ,
1399 4587 1492 4641 sed
1537 4587 1763 4656 propriis

164 4680 372 4734 nostris
404 4679 656 4750 lacryinis
683 4680 949 4733 eluamus.

240 4772 332 4826 Ill.
369 4771 550 4841 Itaque
575 4785 806 4840 sequens
839 4771 1002 4825 Liber
1031 4771 1191 4839 priori
1237 4785 1302 4824 eo
1338 4771 1512 4839 aptius
1553 4785 1580 4822 a
1610 4770 1762 4824 nobis

164 4864 533 4933 Suhjnngitur.
561 4863 702 4934 quod
753 4865 898 4934 prior
938 4863 1026 4916 ille
1055 4863 1106 4916 in
1160 4862 1328 4931 ipsam
1363 4862 1760 4929 Paenitentiam,

169 4970 424 5027 tanquam
451 4958 894 5028 prmparatinncm
927 4956 1197 5027 Baptisino
1227 4957 1276 5010 in
1305 4955 1500 5010 adultis
1521 4970 1762 5010 necessa-

172 5051 334 5113 riam,
373 5048 614 5114 desierit,
661 5050 746 5104 hic
773 5066 921 5114 vero,
954 5049 1141 5103 idonea
1193 5050 1336 5102 velut
1385 5049 1760 5114 eonnnissura,

167 5141 402 5195 eandem
451 5140 609 5194 latius
649 5149 1024 5210 prosequatur,
1057 5150 1109 5195 et
1139 5140 1282 5193 illam
1325 5156 1536 5209 quoque
1585 5141 1761 5193 l’teni-

169 5235 417 5300 tentiam,
441 5250 561 5304 qua:
593 5245 710 5303 post
731 5234 1062 5304 Baptismum
1083 5235 1306 5304 relapsis
1336 5244 1602 5306 superest,
1633 5248 1764 5288 enu-

167 5328 399 5381 Cloatius
431 5336 738 5394 pertractet.

241 5417 333 5471 ιγ.
377 5415 492 5471 Non
531 5431 634 5471 una
663 5427 841 5471 autem
877 5419 1012 5472 inter
1039 5419 1370 5489 Baptismum
1412 5429 1464 5475 et
1496 5418 1766 5474 Pteniten-

169 5510 302 5562 tiam
333 5507 630 5563 differentia
645 5520 747 5564 est.
774 5511 829 5567 I"
858 5511 1074 5580 quidem
1105 5513 1310 5566 ratione
1340 5513 1490 5581 finis;
1517 5523 1599 5566 est
1623 5514 1764 5567 enim

173 5600 484 5668 Baptisinus
513 5600 786 5654 institutus
811 5603 1074 5671 praecipue
1105 5601 1170 5656 ad
1195 5602 1480 5656 delendum
1511 5614 1767 5670 peccatum

169 5693 461 5761 originale,
503 5701 554 5747 et
606 5693 810 5763 reliqua
861 5694 913 5747 in
963 5693 1160 5748 adultis
1203 5693 1377 5748 eidem
1409 5693 1764 5759 adhmrentia;

169 5783 368 5838 deinde
410 5793 466 5836 ut
512 5799 605 5852 per
645 5785 792 5839 illurn
839 5786 1000 5839 homo
1050 5799 1372 5858 aggregetur
1404 5788 1605 5858 Populo
1650 5789 1765 5850 Dl-Zl,

169 5874 376 5942 fiatque
417 5875 714 5930 membrum
775 5877 1063 5941 ECCICsltB;
1117 5894 1292 5947 neque
1333 5880 1474 5933 enim
1521 5880 1656 5933 alius
1703 5880 1770 5934 ad

171 5968 418 6025 eamdem
439 6007 455 6038 ,
488 5982 646 6039 quam
677 5984 772 6040 per
803 5972 938 6028 hanc
979 5970 1268 6043 Baptismi,
1301 5971 1536 6032 omnium
1575 5973 1770 6032 Sacra-

1875 3384 1991 3443 post
2029 3388 2222 3427 norum
2258 3375 2525 3443 quodlibet
2555 3374 2840 3443 delictum,
2868 3386 3029 3448 atque
3057 3379 3321 3450 relapsum
3343 3425 3356 3446 ,
3385 3382 3450 3435 ad

1873 3467 2101 3521 tribunal
2137 3467 2426 3522 lnnnantnn
2461 3471 2694 3538 pertrahi
2729 3481 2928 3540 potest,
2975 3473 3046 3527 ita
3087 3486 3206 3543 post
3248 3475 3454 3546 Baptis-

1871 3573 2018 3612 mum
2063 3559 2276 3627 lapsus,
2307 3575 2425 3614 cum
2471 3561 2639 3616 semel
2683 3563 3052 3632 [vtetiitentiam
3080 3567 3218 3635 egit,
3251 3569 3460 3635 eadem,

1871 3666 1992 3706 cmn
2040 3651 2217 3706 denuo
2267 3653 2508 3722 relapsus
2555 3653 2744 3722 fuerit,
2795 3655 2952 3711 toties
2996 3657 3170 3713 eidem
3222 3659 3461 3714 iteranda

1872 3755 1990 3812 est,
2023 3746 2248 3816 ideoque
2278 3762 2546 3817 nunquam
2588 3747 2900 3805 charactere
2940 3751 3170 3822 quodam
3217 3752 3467 3826 obsigna-

1872 3849 1988 3902 tur,
2023 3840 2271 3908 quoniam
2321 3854 2419 3894 nec
2459 3840 2825 3898 misericordia
2869 3858 2954 3898 DEI
2994 3843 3248 3916 deinceps
3287 3845 3462 3902 eidem

1870 3931 2188 3986 occluditur.
2240 3931 2296 3985 4°
2357 3931 2563 3988 ratione
2585 3935 2933 3999 necessitatis;
2976 3934 3281 4006 Baptismus
3320 3941 3462 3994 enim

1869 4022 2118 4076 omnibus
2151 4023 2488 4088 hominibus,
2524 4026 2684 4079 etiam
2715 4027 2940 4096 parvulis
2972 4029 3093 4098 (qui
3124 4038 3300 4085 tamen
3331 4046 3464 4086 non-

1869 4115 1970 4168 nisi
2016 4124 2221 4183 peccato
2261 4117 2501 4187 originali
2535 4117 2864 4188 eoinqttinttti
2909 4119 3078 4192 sunt)
3126 4121 3191 4176 ad
3235 4121 3459 4177 salutem

1870 4209 2209 4263 necessarius
2242 4218 2358 4264 est:
2389 4211 2703 4280 poenitentia
2752 4227 2880 4264 vero
2927 4212 3057 4268 solis
3105 4214 3315 4276 adultis.
3371 4217 3462 4286 qui

1872 4303 2105 4370 peccatis
2135 4302 2347 4372 proliria
2384 4302 2687 4372 voluntate,
2721 4319 2817 4359 seu
2855 4314 3010 4373 ante,
3040 4321 3134 4362 seu
3163 4318 3283 4376 post
3325 4307 3463 4378 Bap-

1871 4392 2088 4448 tismum
2137 4394 2478 4461 commissis,
2531 4393 2748 4449 obnoxii
2793 4406 2952 4461 sunt;
2999 4411 3098 4453 nec
3147 4398 3215 4456 de
3259 4415 3464 4471 peccato

1869 4487 2107 4557 originali
2137 4501 2263 4541 vera
2294 4501 2355 4540 ac
2387 4487 2599 4557 proprie
2625 4487 2762 4543 dicta
2799 4491 3113 4559 pmnitentia
3135 4534 3150 4558 ,
3193 4493 3286 4548 sed
3324 4510 3464 4548 non.

1869 4579 1968 4633 lllal
2004 4581 2054 4633 in
2087 4579 2260 4634 Iatiori
2294 4595 2454 4634 sensu
2475 4622 2488 4644 ,
2516 4581 2799 4652 cujuslibet
2829 4584 3081 4639 nimirum
3111 4585 3464 4655 displicentie

1795 4658 1842 4716 Ι)
1870 4687 1933 4727 ac
1963 4673 2338 4729 detestationis
2366 4674 2491 4728 mali
2524 4675 2787 4745 praiteriti
2810 4717 2825 4742 ,
2855 4676 2939 4746 agi
2969 4686 3160 4746 potest.
3207 4677 3463 4736 Consulto

1867 4777 2040 4821 autem
2072 4777 2336 4836 praetereo
2367 4769 2498 4822 alias
2527 4769 2892 4836 diﬂ‘erentias;
2925 4786 3046 4825 cum
3080 4773 3464 4842 impraesentia-

1866 4877 1982 4915 rum
2000 4860 2068 4916 de
2091 4861 2422 4916 Sacramento
2439 4860 2761 4917 Pwnitcntiw
2779 4863 3092 4920 abstrahere
3115 4867 3326 4922 animus
3373 4869 3462 4924 sit.

1941 4952 2006 5007 V.
2038 4952 2188 5008 Nunc
2216 4954 2281 5008 ad
2317 4970 2603 5010 aurnoneu
2637 4955 2794 5026 hujus
2822 4954 2969 5011 Libri
3000 4958 3320 5014 veniendum
3358 4971 3463 5018 est:

1867 5062 2025 5114 quem
2058 5047 2271 5117 quidem
2315 5047 2356 5101 Τ
2357 5051 2686 5103 ertullianum
2726 5063 2876 5117 esse,
2920 5064 3078 5106 nemo
3121 5065 3294 5122 neque
3333 5053 3460 5108 olim

1868 5137 2158 5204 dubitavit,
2208 5155 2381 5210 neque
2429 5156 2568 5194 nunc
2612 5140 2842 5196 dubitat.
2892 5138 3039 5196 Unus
3069 5151 3185 5197 erat
3210 5141 3461 5200 Erasmus

1870 5229 2268 5300 Rotcrodamus,
2313 5232 2558 5288 eumdem
2609 5233 2936 5289 Tertulliano
2976 5232 3261 5291 detrahere
3295 5251 3463 5291 cona-

1869 5332 1992 5388 tus,
2043 5339 2200 5392 quem
2251 5324 2462 5378 nonnisi
2515 5323 2706 5378 Beatus
2753 5323 3036 5380 Rhenanus
3080 5335 3298 5381 secutus
3341 5337 3462 5390 est.

1869 5426 2094 5485 uterque
2125 5418 2212 5470 uni
2247 5417 2370 5471 huic
2409 5425 2748 5486 argumento,
2795 5417 2925 5473 satis
2963 5418 3144 5488 utique
3188 5419 3457 5486 imbecilli,

1870 5508 2116 5573 innixus,
2167 5509 2284 5580 styli
2325 5510 2618 5564 diversitati.
2673 5511 2848 5582 Atque
2901 5510 3039 5565 hunc
3093 5511 3307 5581 quidem
3355 5528 3460 5567 non

1871 5616 2008 5670 nego
2057 5601 2108 5654 in
2151 5600 2253 5655 hoc
2294 5601 2426 5656 libro
2475 5601 2633 5671 paulo
2682 5601 2992 5671 ﬂoridiorem
3034 5617 3175 5668 esse,
3217 5602 3312 5658 sed
3355 5619 3460 5658 non

1870 5707 2062 5758 magna
2108 5708 2134 5744 a
2187 5692 2559 5763 reliquorum,
2605 5694 2772 5749 etiam
2823 5710 2956 5764 quos
3007 5703 3244 5751 extrema
3295 5696 3462 5751 l'erme

1873 5793 2028 5836 aetate
2064 5783 2310 5852 scripsit,
2357 5783 2698 5848 diversitate,
2730 5794 2778 5840 et
2821 5785 2994 5839 solum
3043 5788 3094 5840 in
3138 5786 3457 5857 quibusdam

1874 5875 2134 5944 allegoriis
2162 5891 2224 5930 ac
2253 5877 2560 5944 metap/tort's
2581 5875 2736 5946 paulo
2757 5875 3137 5934 illustrioribus
3154 5879 3274 5934 sita.
3304 5879 3459 5949 Quod

1877 5972 1923 6031 si
1942 5983 2070 6028 vero
2085 5969 2295 6028 similes
2317 5968 2570 6029 ﬂosculos
2586 5984 2650 6026 ex
2665 5969 2783 6031 aliis
2800 5969 3041 6041 ejusdem
3057 5977 3251 6038 arcolis
3268 5978 3460 6038 decet.
