4202 6496
727 406 857 465 1207

2139 404 2603 465 TERTULLIANI

3875 404 4018 461 {208

717 539 847 597 pere
875 534 1106 592 vacaret,
1134 524 1287 581 facile
1312 525 1545 597 integras
1583 524 1813 580 corollas
1838 532 2054 579 nectere
2081 538 2315 594 possem.
2347 525 2400 584 Λ
2425 538 2528 593 quc
2553 522 2889 582 cohaerentes
2917 524 3188 591 materias,
3210 524 3374 581 variis
3402 524 3731 596 temporibus
3760 564 3777 591 ,
3832 523 4023 578 annis-
4060 534 4067 541 '

792 620 874 676 γι.
923 619 1187 677 Cancrum
1230 636 1292 675 ex
1316 620 1428 675 sola
1467 629 1520 676 et
1560 634 1899 691 quacumque
1940 619 2058 687 styli
2100 618 2308 673 discor-

714 713 927 781 dantia,
962 715 1063 770 nisi
1092 715 1314 770 aliorum
1340 755 1354 779 ,
1400 725 1452 770 et
1498 715 1802 785 graviorum
1851 713 2102 783 quidem,
2143 727 2305 783 argu-

714 816 1020 862 mentorum
1052 806 1371 861 adminicula
1402 815 1749 870 concurrant,
1783 806 1873 859 vix
1904 805 2185 860 authorem
2215 820 2306 859 su-

716 911 958 971 spectum
992 899 1103 956 fleri
1124 941 1138 965 ,
1168 915 1234 954 ne
1262 900 1456 964 dicam,
1490 898 1689 969 aliquid
1720 906 1905 953 contra
1936 897 2183 953 eumdem
2212 896 2307 953 de—

715 994 864 1050 cerni
889 1006 1067 1062 posse,
1095 992 1299 1061 pridem
1328 1007 1545 1048 sensere
1573 991 1665 1046 alii
1687 992 1902 1060 optima:
1932 1001 2071 1045 notate
2094 990 2302 1055 Critici,

712 1099 778 1139 ex
813 1082 1005 1152 quibus
1033 1083 1115 1137 vel
1149 1100 1306 1137 unum
1337 1083 1544 1137 adduco
1572 1082 1900 1138 Guilielntmu
1932 1083 2180 1150 Cavetmt,
2213 1084 2304 1154 qui

712 1176 768 1230 itt
808 1174 940 1228 llist.
962 1189 1069 1228 suae
1090 1173 1250 1229 Liter.
1292 1174 1667 1245 Prolegomenis
1695 1174 1835 1229 Sect.
1868 1174 1957 1238 ιν,
1986 1192 2037 1229 u.
2069 1173 2158 1230 64.
2193 1184 2303 1229 tum

713 1264 930 1321 (lentum
960 1269 1201 1327 νοθεὺςιως
1224 1283 1314 1321 seu
1344 1266 1748 1337 suppositionis,
1772 1276 2142 1338 argumentum
2170 1283 2305 1338 pra:-

710 1357 825 1415 ltcri
854 1359 947 1423 ait,
974 1360 1016 1411 si
1041 1360 1222 1429 Μυίας,
1244 1360 1491 1429 totiusque
1518 1359 1761 1413 orationis
1781 1368 2066 1426 contextus,
2089 1362 2153 1413 sit
2180 1374 2305 1414 LON-

714 1466 781 1506 cs:
811 1466 1060 1506 utt'rtttsus
1088 1450 1147 1503 ab
1174 1467 1231 1504 eo
1265 1451 1464 1503 dicendi
1493 1452 1815 1512 charactere,
1847 1467 1944 1520 quo
1980 1451 2032 1503 in
2077 1451 2304 1522 genuinis

712 1542 817 1596 suis
840 1559 956 1597 usus
982 1553 1053 1596 est
1085 1552 1279 1595 (ιιιειυν.
1308 1543 1502 1613 Atquin
1532 1558 1659 1597 vero
1675 1541 1811 1597 adeo
1843 1558 1947 1595 nott
1972 1543 2119 1614 longe
2141 1543 2305 1597 diver-

710 1650 823 1689 sum
852 1636 1024 1705 quivis
1054 1636 1236 1707 legens
1269 1635 1654 1706 deprehendet,
1685 1645 1739 1690 ut
1769 1636 1941 1705 potius
1957 1646 2151 1706 prreter
2170 1652 2301 1706 pau-

712 1730 1074 1800 casquasdam
1130 1729 1368 1798 phrases,
1402 1730 1559 1802 paulo
1590 1731 1949 1791 exeitatiores,
1994 1740 2048 1785 et
2096 1730 2147 1784 in
2184 1729 2304 1785 aliis

711 1819 1024 1876 Tertulliani
1053 1823 1263 1893 scriptis
1294 1822 1377 1876 vix
1414 1832 1782 1886 occurrentes,
1816 1821 2001 1876 Afrum
2032 1821 2159 1876 illud
2192 1863 2206 1888 ,
2239 1837 2303 1877 ac

2413 632 2521 688 que
2548 618 2677 689 ipsis
2709 619 3079 689 interpolatas,
3113 619 3529 675 circumduxerit
3578 619 3866 673 calamum.
3925 617 4022 672 Est

2412 709 2556 764 enim
2584 711 2829 781 quasdam
2851 722 3037 780 suapte
3067 719 3257 766 natura
3287 711 3491 767 tristior
3521 720 3611 765 aut
3635 710 3909 773 humilior,
3936 716 4022 762 at.

2410 816 2512 872 que
2539 818 2772 859 exsucca
2798 805 2989 874 magis,
3015 820 3134 873 qua:
3155 804 3409 873 juvenilis
3436 818 3650 873 quoque
3708 802 3910 873 ingenii
3939 802 4019 855 vi-

2408 910 2591 968 gorem
2615 898 2743 952 satis
2773 897 3023 951 retundat
3044 907 3205 969 atque
3231 897 3518 967 deprimat,
3546 907 3599 951 et
3620 896 3683 951 ad
3706 912 3868 968 quam
3893 910 4021 949 suc-

2408 989 2618 1045 culenta
2639 990 2965 1061 crctcroquin
3001 991 3237 1045 virorum
3257 991 3563 1061 eloquentia
3591 1000 3871 1045 ett-arescat
3900 997 4022 1042 :est

2407 1089 2584 1137 autem
2611 1082 2712 1135 alia
2745 1098 2930 1136 rursus
2958 1082 3179 1138 materia
3208 1083 3423 1137 suavior
3450 1124 3464 1148 ,
3500 1081 3872 1151 atnteuiorque
3905 1123 3919 1143 ,
3966 1091 4021 1134 et

2408 1174 2575 1243 ipsius
2625 1175 2859 1228 auctoris
2897 1174 3055 1243 genio
3105 1173 3576 1238 accommodatior,
3629 1189 3746 1240 qure
3807 1173 4021 1239 langui-

2408 1265 2529 1321 dius
2559 1268 2883 1337 eaeteroquin
2910 1267 3177 1337 ingenium
3205 1267 3337 1321 satis
3367 1267 3605 1321 excitare
3643 1280 3705 1320 ac
3733 1266 4022 1320 stimulare

2417 1370 2577 1430 queat
2611 1378 2624 1415 :
2659 1370 2742 1416 est
2765 1360 2997 1430 denique
3026 1360 3095 1414 ita
3125 1362 3305 1424 vivax,
3334 1375 3397 1415 ac
3423 1359 3693 1414 radiosum
3737 1358 4020 1427 quidpiam

2405 1452 2731 1517 diffundens,
2772 1469 2891 1523 qure
2912 1452 3232 1508 scribentem
3260 1452 3471 1522 penitus
3490 1449 3796 1510 incendere.
3826 1466 3891 1504 ac
3943 1451 4024 1503 itt-

2406 1546 2701 1614 ﬂammare,
2723 1547 2848 1617 quin
2872 1555 3005 1601 etes
3037 1555 3315 1602 senectute
3360 1544 3580 1615 jamjam
3632 1545 3882 1599 cincritia
3929 1543 4021 1595 diu

2406 1640 2714 1710 conSopitos
2786 1639 3046 1710 igniculos
3123 1637 3445 1709 quandoque
3518 1636 3778 1691 suscitare
3819 1636 4021 1691 valeat.

2404 1733 2541 1789 Sunt
2570 1733 2766 1788 deinde
2798 1734 2902 1787 alia
2942 1748 3176 1802 quoque,
3204 1730 3460 1787 scribenti
3498 1730 3715 1785 aliunde
3737 1770 3751 1792 ,
3780 1743 3846 1783 ac
3872 1729 4021 1781 velut

2407 1843 2503 1896 per
2529 1826 2829 1897 obliquum,
2866 1824 3206 1880 advenientia
3232 1867 3245 1890 ,
3277 1839 3394 1893 qua:
3420 1834 3595 1878 tamen
3623 1821 3688 1877 ad
3718 1821 3841 1891 ejus
3875 1822 4023 1889 inge-

712 1914 988 1969 concisum
1017 1914 1415 1985 eloqaiigenus,
1467 1916 1556 1969 uni
1603 1916 1771 1969 ferme
1806 1913 2139 1968 Tertulliano
2185 1928 2304 1983 pro-
2337 1917 2384 1975 Β
2413 1920 2580 1983 nium,
2622 1928 2679 1973 ut
2709 1920 2778 1972 ita
2811 1918 3002 1983 dicam,
3039 1917 3369 1973 alterandnm
3393 1957 3407 1983 ,
3441 1915 3762 1987 quandoque
3790 1916 4021 1970 multum

709 2005 910 2076 prium,
945 2005 1029 2059 illa
1057 2005 1248 2061 deinde
1274 2007 1395 2077 Styli
1428 2006 1569 2059 velut
1591 2006 1832 2075 quaedam
1870 2005 2140 2075 tnajestas,
2184 2020 2307 2060 sen-

709 2098 1279 2168 suumqneinsiugulis
1305 2114 1467 2168 prope
1497 2099 1673 2154 verbis
1714 2099 1946 2161 ubertas,
1974 2098 2058 2152 illa
2089 2099 2306 2169 grandis

713 2191 1032 2260 elotptcntia,
1065 2206 1203 2260 quin,
1235 2200 1347 2244 utut
1374 2190 1507 2245 dura
1548 2192 1636 2256 sit,
1685 2190 1866 2245 nescio
1906 2190 2174 2261 quomodo
2231 2201 2307 2244 ta-

708 2299 835 2340 men
858 2284 1109 2340 lectorem
1131 2284 1456 2338 velinvitunt
1482 2284 1546 2339 ad
1587 2300 1646 2340 se
1697 2300 1889 2354 rapere
1938 2292 2144 2352 potest,
2200 2300 2304 2337 non

709 2377 892 2431 minus
918 2378 968 2430 itt
998 2375 1099 2431 hoc
1148 2376 1283 2431 libro
1314 2377 1636 2446 triumphet:
1671 2385 1729 2430 ut
1755 2376 1829 2430 nil
1876 2377 2049 2431 dicant
2076 2375 2142 2429 de
2188 2376 2307 2429 aliis

708 2468 1019 2539 phrasihus,
1042 2485 1104 2524 cx
1136 2469 1254 2523 aliis
1278 2468 1517 2538 ejusdem
1548 2469 1695 2521 libris
1725 2477 1829 2521 tant
1868 2468 2054 2522 sedulo
2081 2482 2304 2537 expres-

709 2562 807 2626 sis,
832 2576 965 2631 quas
991 2563 1101 2615 suis
1133 2560 1263 2616 locis
1282 2561 1458 2615 studio
1491 2576 1521 2615 e
1549 2554 1838 2615 annotabo.

784 2654 892 2710 VII.
913 2655 1132 2710 Fatetur
1156 2655 1276 2708 dein
1304 2656 1416 2724 ipse
1444 2656 1635 2710 Beatus
1666 2655 1954 2711 llhcnanus
1974 2698 1988 2721 ,
2042 2656 2309 2711 multarent

712 2748 868 2819 Imjns
892 2747 1006 2802 libri
1031 2747 1191 2801 verbis
1233 2757 1277 2800 et
1325 2749 1499 2818 ﬁguris
1528 2749 1708 2802 iisdem
1738 2750 1830 2813 uti,
1856 2760 1901 2803 et
1927 2750 2149 2820 quisquis
2204 2752 2311 2821 fue-

708 2844 795 2908 rit,
829 2842 1155 2911 efusiudubie
1185 2857 1291 2896 esse
1316 2840 1511 2906 sweuli,
1566 2852 1611 2895 et
1650 2840 1953 2896 Tertulliani
2001 2842 2311 2897 studiosissi-

710 2952 851 2989 mum
885 2934 1105 3004 ;qnidni
1143 2950 1270 2989 vero
1295 2949 1706 2989 TERTULIJANUM
1736 2934 1907 3005 ipsum
1932 2936 1957 2987 ?
1997 2936 2117 3006 quis
2166 2938 2308 2990 enim

710 3028 851 3082 alius
877 3026 1071 3098 stylnm
1098 3027 1235 3096 ejus,
1260 3037 1407 3083 cette
1438 3027 1780 3100 singularem,
1821 3036 1873 3081 et
1894 3028 1975 3081 vix
2004 3043 2034 3082 a
2062 3028 2309 3099 quopiam

709 3120 1049 3187 imitabilem,
1086 3130 1189 3175 tam
1217 3122 1349 3177 scite
1376 3124 1721 3193 expresserit,
1753 3130 1810 3176 ut
1847 3122 1986 3192 apud
2016 3121 2077 3177 S.
2125 3122 2313 3176 Pacia-

712 3231 855 3280 num,
891 3216 1028 3270 ειυς.
1057 3214 1140 3269 IV.
1173 3216 1509 3284 scriptorem,
1543 3232 1837 3286 omnesque
1864 3217 1999 3272 alios
2042 3233 2138 3288 per
2168 3217 2311 3286 plus-

2412 2020 2653 2081 possunt.
2688 2009 2826 2077 Quid
2879 2015 3073 2065 mirum
3124 2010 3283 2080 igitur
3307 2052 3322 2076 ,
3358 2010 3401 2064 si
3431 2025 3603 2079 neque
3652 2008 4022 2065 Tertullianus

2412 2103 2765 2174 undequaque
2790 2103 2889 2157 sibi
2918 2112 3151 2166 constet,
3174 2102 3290 2167 sed,
3319 2116 3436 2156 cum
3466 2102 3732 2171 primitus,
3759 2102 3889 2156 licet
3910 2103 4018 2169 jam

2410 2197 2659 2252 adultiori
2690 2207 2847 2252 :etate
2873 2239 2887 2261 ,
2921 2212 2979 2252 se
3008 2195 3073 2250 ad
3102 2195 3444 2251 scribendum
3474 2194 3700 2251 contulit
3724 2237 3739 2262 ,
3773 2196 4019 2249 nonnihil

2411 2289 2656 2343 alacriori
2685 2290 2826 2360 style
2853 2304 2978 2343 usus
3012 2289 3192 2354 fuerit,
3225 2288 3480 2356 deinceps
3507 2286 3558 2341 in
3583 2287 3701 2341 aliis
3729 2286 3850 2355 ejus
3872 2287 4022 2340 libris

2412 2379 2655 2434 nonnihil
2688 2380 2857 2449 magis
2886 2378 3217 2443 subsidente,
3243 2378 3539 2449 majorique
3569 2377 3893 2432 eruditionis
3923 2393 4019 2447 ap-

2414 2479 2599 2541 paratu
2651 2480 2897 2524 ornatum
2946 2470 3090 2525 velut
3140 2480 3539 2540 compcnsante.
3571 2470 3674 2526 Sed
3703 2470 3821 2525 haec
3889 2477 3949 2531 ὡς
3978 2478 4021 2525 ἰν

2414 2570 2950 2637 παρόδῳ,‹ιιιίιιι‹ιυειηι
2998 2564 3241 2620 nonnihil
3297 2564 3589 2635 prolixius,
3641 2562 3782 2619 dicta
3834 2575 4017 2619 sunto.

2484 2654 2554 2709 Χ.
2601 2655 2658 2709 Si
2686 2655 2797 2724 jam
2837 2670 2965 2711 vero
3010 2670 3215 2711 TEIPUS
3264 2656 3437 2724 ipsum
3476 2655 3815 2725 scriptionis,
3861 2656 4019 2725 paulo

2413 2750 2766 2821 propinquius
2796 2749 3138 2821 (quamquam
3170 2749 3220 2803 id
3250 2747 3471 2818 prtecisc
3502 2748 3615 2802 ﬁeri
3643 2750 3899 2821 nequeat)
3928 2749 4020 2805 dc-

2414 2840 2735 2911 signandum
2780 2842 2889 2905 sit,
2924 2840 2992 2895 ita
3021 2841 3246 2910 Opinor,
3281 2841 3415 2895 hanc
3446 2842 3822 2896 tractationem
3868 2855 4018 2897 certo

2413 2943 2540 2989 ante
2567 2934 2629 2986 A.
2658 2933 2718 2989 C.
2741 2932 2868 2995 200,
2897 2942 2952 2988 et
2972 2933 3331 2987 verisimiliter
3351 2947 3493 2987 anno
3526 2931 3648 2999 197,
3671 2942 3763 2987 aut
3787 2931 4019 2989 fortasse

2415 3025 2675 3080 maturius
2700 3068 2713 3091 ,
2744 3025 2913 3080 literis
2954 3023 3319 3095 consignatam
3367 3023 3553 3092 fuisse,
3578 3033 3727 3080 certe
3756 3034 3939 3080 autem
3966 3034 4019 3079 et

2417 3115 2606 3185 hujus,
2636 3124 2688 3171 et
2720 3116 2942 3171 alterius
2972 3116 3038 3171 de
3068 3116 3341 3187 Baptismo
3369 3115 3585 3187 scripti,
3627 3124 3844 3188 tempus
3877 3115 4016 3172 haud

2418 3208 2603 3278 procul
2636 3209 2863 3263 invicem
2897 3208 3121 3263 distare.

712 3325 872 3379 quam
903 3309 970 3364 XI
1004 3310 1205 3367 Saecula
1244 3310 1307 3364 ad
1344 3310 1611 3363 Eruantunt
1645 3327 1832 3381 usque,
1859 3312 2083 3380 proipso
2113 3310 2309 3365 Tertul-

2490 3299 2579 3355 Χῐ.
2615 3300 2695 3354 Au
2715 3316 2841 3353 vero
2866 3300 3058 3353 librum
3082 3300 3144 3354 de
3166 3298 3427 3369 Baptismo
3450 3298 3573 3353 huic
3598 3300 3660 3353 de
3689 3298 4015 3363 Ptenilentin,

717 3402 855 3456 (iano
880 3400 1148 3464 fefellerit,
1179 3413 1232 3456 et
1264 3403 1391 3455 nulli
1439 3419 1667 3471 unquam
1720 3418 1784 3457 ex
1823 3403 1943 3473 styli
2000 3402 2312 3457 diversitate

714 3494 985 3564 quidpiam
1017 3494 1084 3549 de
1116 3495 1217 3548 alio
1242 3494 1383 3549 Libri
1418 3493 1575 3564 hujus
1601 3493 1824 3549 authore
1847 3494 2187 3548 sulmluerit?

790 3584 921 3639 Vlll.
979 3585 1214 3641 Tandem
1271 3600 1401 3657 ergo
1457 3602 1519 3641 cx
1566 3586 1651 3641 illa
1698 3586 2052 3657 qualicunque
2097 3586 2312 3641 demum

719 3679 840 3752 styli
867 3678 1225 3735 discordantia
1261 3680 1380 3751 plus
1429 3681 1576 3749 argui
1623 3695 1728 3737 non
1769 3695 1928 3751 posse
1976 3696 2260 3736 censemus
2295 3721 2309 3745 ,

715 3786 877 3841 quam
904 3770 1315 3839 Tcrtullianum,
1343 3788 1464 3828 cum
1488 3772 1661 3828 adhuc
1688 3773 1941 3843 vegetiori
1973 3783 2118 3828 esset
2157 3781 2313 3827 mtate

716 3864 1081 3935 vivacioriquc
1120 3866 1353 3936 ingenio,
1426 3864 1563 3921 hanc
1604 3866 1950 3936 scriptiouem
1986 3866 2309 3936 suscepisse.

719 3957 908 4015 Solent
930 3958 1070 4013 enim
1092 3958 1299 4029 ingenia
1327 3959 1585 4029 ejusmodi
1625 3958 1823 4015 fervida
1852 3975 1914 4016 ac
1939 3960 2120 4030 agilia,
2144 3959 2315 4015 instar

718 4067 879 4122 apum
899 4067 992 4122 per
1020 4051 1195 4106 varios
1224 4051 1386 4107 llores
1415 4053 1862 4119 circumvolitare,
1893 4061 2053 4124 atque
2079 4068 2145 4108 ex
2185 4052 2315 4108 alie-

721 4144 807 4197 nis
824 4141 983 4197 etiam
1009 4142 1168 4198 rebus
1190 4144 1478 4215 allegorias
1513 4152 1567 4199 et
1613 4144 1956 4218 metaphoras
2005 4158 2265 4215 exsugere
2295 4186 2311 4212 ,

720 4250 987 4307 suumque
1016 4235 1065 4290 in
1102 4235 1282 4290 alvear
1299 4245 1655 4305 comportare,
1688 4244 1793 4292 etc.
1812 4237 1957 4292 Solet
1987 4236 2116 4291 item
2158 4244 2315 4291 aetate

723 4330 922 4383 sensim
939 4329 1255 4399 provectiori
1283 4328 1563 4385 subsidere
1583 4328 1773 4400 stylus,
1798 4331 2247 4400 temperatiorque
2262 4339 2317 4385 et

718 4420 992 4475 robustior
1023 4421 1157 4475 fieri.
1181 4421 1269 4476 Sic
1305 4436 1516 4492 quoque
1560 4422 1673 4493 ipse
1720 4420 2006 4478 Oratorum
2060 4422 2316 4493 Princeps

720 4528 945 4569 ’IULLIUS
978 4511 1260 4568 Orationes
1312 4529 1435 4568 suas
1474 4530 1568 4584 pro
1609 4513 1676 4568 P.
1718 4513 1976 4581 Quinctio,
2029 4524 2083 4570 et
2130 4514 2315 4571 Roscio

723 4606 965 4660 Amerino
1005 4606 1250 4675 (quarum
1282 4606 1540 4676 priorem,
1569 4607 1917 4677 omniumque
1943 4607 2189 4676 primam,
2216 4624 2314 4663 an-

2417 3406 2483 3446 an
2514 3390 2658 3446 hunc
2693 3392 2787 3455 illi,
2820 3392 3086 3447 scribendi
3116 3391 3326 3459 ordine,
3357 3392 3717 3463 subjunxerit,
3748 3396 3837 3448 vix
3864 3396 4017 3465 quid-

2416 3499 2573 3555 qnant
2614 3486 2959 3541 determinari
2999 3494 3191 3557 potest.
3225 3485 3578 3542 Verisitnilius
3618 3496 3841 3551 tamen,
3890 3490 4015 3542 mihi

2414 3576 2627 3647 quidem
2704 3577 2945 3645 videtttr,
2997 3579 3380 3649 subjunxisse;
3437 3581 3481 3634 si
3533 3580 3675 3634 enim
3728 3578 3878 3635 hunc
3951 3581 4016 3637 de

2416 3670 2735 3725 Pmnitentia
2781 3671 3146 3742 prtetnisissct,
3175 3670 3425 3736 credo,in
3452 3687 3568 3741 cap.
3591 3672 3858 3728 ultim.de
3881 3674 4015 3743 Bap-

2418 3762 2596 3829 tismo,
2615 3763 2700 3817 ubi
2715 3763 2783 3819 de
2802 3764 3121 3820 Paatiitentia
3140 3763 3409 3834 Baptismo
3425 3763 3595 3819 instar
3609 3766 4016 3836 prmparatiouis

2416 3855 2807 3926 przentittenda,
2835 3857 2961 3928 agit,
2989 3856 3147 3927 hujus
3165 3899 3182 3927 ,
3204 3871 3301 3913 ceu
3315 3857 3424 3928 jam
3441 3856 3565 3912 alibi
3590 3856 3759 3913 fusius
3782 3868 4017 3928 pertrac-

2418 3956 2561 4013 tatze,
2587 3948 2895 4005 nonnullam
2942 3952 3269 4007 mentionem
3312 3949 3574 4006 iacturum
3619 3950 3808 4007 fuisse.
3862 3951 4015 4008 Certe

2416 4047 2617 4105 autem,
2649 4040 2699 4094 in
2749 4039 2865 4111 ipso
2912 4040 3049 4097 libro
3077 4041 3146 4097 de
3172 4041 3467 4113 Baptismo,
3487 4041 3554 4097 ad
3583 4042 3739 4098 tinem
3764 4058 3889 4115 cap.
3924 4046 4011 4112 15,

2417 4130 2671 4188 Lectores
2696 4147 2821 4189 suos
2838 4132 2903 4189 ad
2923 4134 3085 4189 alium
3109 4134 3177 4191 de
3189 4134 3379 4191 eodem
3400 4145 3704 4202 tractatum,
3724 4136 3839 4206 jam
3861 4147 4013 4192 antea

2416 4237 2593 4293 graeco
2618 4238 2867 4280 sermone
2888 4235 3185 4293 exaratum,
3210 4227 3439 4284 solerter
3454 4231 3696 4285 remittit.
3734 4230 3871 4298 Quis
3890 4246 4015 4300 ergo

2417 4317 2557 4373 male
2583 4317 2850 4373 videbitur
2874 4318 3081 4389 opinari
3107 4361 3121 4386 ,
3150 4320 3196 4375 si
3239 4321 3517 4377 materiam
3559 4322 3697 4377 hanc
3738 4321 3809 4378 de
3836 4322 4014 4380 Pceni-

2419 4411 2582 4467 tentia
2604 4454 2617 4478 ,
2648 4426 2808 4483 quam
2835 4411 2901 4467 ad
2934 4412 3135 4468 calcem
3166 4412 3290 4469 libri
3336 4414 3405 4470 de
3437 4413 3589 4485 Bapt.
3620 4415 3869 4470 nonnihil
3898 4416 4015 4471 bre-

2417 4506 2537 4561 vius
2582 4506 3009 4576 perstrinxerat,
3058 4519 3198 4561 novo
3245 4508 3513 4575 consilio,
3559 4516 3615 4562 et
3648 4508 3701 4562 in
3752 4507 4013 4577 peculiari

2418 4598 2557 4653 libro
2582 4598 2895 4669 ampliorem
2925 4599 3042 4669 ejus
3083 4599 3451 4654 tractationem
3485 4609 3666 4670 postea
3709 4601 4014 4670 suscepisse

720 4712 844 4765 nos,
877 4704 933 4751 ut
963 4698 1029 4753 A.
1059 4696 1195 4752 Gell.
1230 4695 1387 4752 Noct.
1410 4697 1565 4755 Attic.
1621 4697 1714 4752 lib.
1737 4696 1854 4754 XV:
1885 4713 2001 4770 cap.
2039 4699 2129 4755 28.
2187 4715 2309 4769 per.
2337 4696 2391 4757 D
2418 4691 2629 4747 dicatur
2654 4734 2667 4757 ,
2701 4703 2755 4747 et
2784 4691 2996 4761 quidem
3027 4692 3219 4762 partim
3266 4691 3317 4746 itt
3346 4690 3874 4748 Catechumenorum
3898 4707 4015 4762 gra-

725 4786 895 4851 hibet,
936 4796 1088 4843 natus
1112 4788 1204 4853 26,
1236 4790 1459 4844 alteram
1518 4805 1644 4845 mox
1689 4805 1830 4845 anno
1880 4806 1994 4861 seq.
2027 4793 2077 4847 in
2115 4791 2317 4862 judicio

722 4879 955 4947 dixerat)
1009 4879 1212 4937 ﬂoridis
1262 4882 1523 4952 ejusmodi
1593 4884 1867 4954 elegantiis
1899 4926 1912 4950 ,
1966 4886 2313 4956 posteriorem

720 4974 1043 5042 praesertim,
1072 4974 1311 5029 nonnihil
1342 4975 1786 5046 intemperantius
1817 4978 2181 5049 conspersissc
2208 4978 2313 5049 (ni-

721 5066 917 5121 mirum
943 5082 974 5120 a
1001 5065 1229 5136 Μαιοηε,
1255 5067 1441 5123 ultimo
1467 5069 1722 5140 magistro
1744 5084 1842 5123 suo
1896 5069 1962 5125 ab
1991 5070 2088 5125 hac
2114 5085 2313 5127 sermo-

724 5158 809 5213 nis
839 5156 1081 5213 ubertate
1107 5141 1302 5213 l'rustra
1339 5159 1574 5216 cohibito
1603 5160 1746 5215 illius
1770 5170 1873 5215 tam
1904 5162 2080 5218 vivido
2108 5162 2310 5217 ﬂoren-

721 5252 869 5322 tique
896 5252 1131 5324 ingenio)
1157 5253 1477 5324 quibusdam
1505 5254 1734 5321 videtur,
1767 5255 1834 5309 ab
1856 5255 1975 5310 aliis
2022 5271 2151 5311 vero
2198 5255 2312 5311 lau-

723 5344 879 5400 datur
901 5347 1061 5401 etiam
1090 5365 1102 5411 ;
1138 5362 1260 5402 nam
1298 5347 1549 5404 adultiori
1579 5350 1776 5405 sensim
1805 5360 1982 5416 relate,
2015 5360 2312 5423 sponthue

722 5438 913 5496 decido
944 5438 1045 5493 hoc
1073 5438 1261 5495 ﬂorum
1291 5452 1482 5497 ornatu
1514 5443 1565 5497 in
1590 5442 1790 5498 fructus
1818 5459 1883 5499 eo
1924 5445 2314 5500 constantiores

720 5531 1131 5597 maturescebat,
1148 5542 1307 5603 atque
1326 5535 1472 5591 velut
1489 5535 1919 5592 consolidabatur
1934 5536 2144 5592 virilior
2168 5536 2313 5592 dein-

718 5637 844 5693 ceps
868 5622 1188 5694 eloquentia:
1217 5626 1452 5697 gravitas
1479 5642 1541 5683 ac
1573 5628 1847 5698 majestas.

789 5713 883 5769 IX.
911 5715 977 5769 Et
1003 5716 1236 5786 denique
1276 5717 1414 5774 baud
1462 5719 1615 5775 facile
1664 5721 1975 5790 scriptorem
2030 5723 2306 5794 quisquam

718 5805 976 5876 reperiet,
1001 5808 1088 5876 qui
1122 5818 1383 5880 perpetuo
1408 5811 1506 5867 sibi
1535 5822 1767 5875 constet,
1799 5816 2094 5886 praesertim
2125 5817 2168 5871 si
2198 5832 2303 5875 non

715 5912 823 5956 uno
849 5900 1103 5960 continuo
1125 5915 1289 5977 opere
1307 5906 1649 5975 protraxerit,
1679 5905 1771 5962 sed
1820 5922 1915 5978 per
1948 5908 2122 5966 varias
2144 5948 2159 5978 ,
2210 5924 2305 5966 ne-

2418 4785 2575 4852 tiam,
2612 4793 2669 4839 ut
2699 4785 2750 4839 lti
2782 4801 2846 4841 eo
2869 4785 3123 4856 majorem
3163 4785 3229 4841 de
3259 4784 3516 4855 Baptismi
3571 4786 3744 4856 pretio
3774 4788 4009 4840 :estima-

2417 4880 2615 4935 tionem
2636 4880 3000 4950 conciperent,
3026 4896 3182 4951 quem
3213 4880 3569 4951 intelligerent
3592 4888 3698 4934 tam
3729 4879 4013 4935 laboriosis

2418 4973 2749 5044 ptenilentitc
2812 4973 3067 5043 operibus
3122 4973 3541 5044 comparandum
3589 4972 3756 5027 esse?
3822 4973 4011 5042 Quidni

2417 5078 2546 5135 ergo
2573 5064 2625 5119 in
2655 5064 2735 5119 his
2766 5078 2824 5119 se
2866 5079 2932 5120 eo
2970 5063 3265 5122 ardentiori
3288 5065 3542 5135 deinceps
3574 5064 3755 5121 studio
3798 5081 4013 5122 exerce-

2415 5166 2568 5225 rent,
2602 5167 2658 5212 ut
2687 5166 2793 5213 tam
2821 5158 3038 5228 largiter
3066 5158 3395 5230 propositum
3422 5157 3676 5229 Baptismi
3704 5160 4009 5228 praemium,

2414 5252 2636 5322 ejusque
2663 5254 2889 5322 gratiam
2913 5296 2927 5320 ,
2958 5267 3026 5309 eo
3054 5254 3255 5310 certius
3299 5261 3793 5326 consequerentur,
3843 5271 4010 5327 eoque

2415 5346 2581 5399 tutius
2606 5344 2858 5415 deinceps
2885 5347 3308 5402 conservarent?

2489 5439 2605 5494 Xll.
2655 5440 2895 5511 Denique
2937 5455 3068 5496 vero
3109 5441 3423 5510 prteclarum
3455 5438 3523 5496 de
3560 5438 3664 5495 hoc
3706 5439 3847 5496 libro
3875 5438 4009 5511 judi-

2415 5534 2555 5589 cium
2587 5534 2911 5590 audiendum
2935 5543 3039 5601 est,
3066 5534 3207 5605 quod
3235 5534 3350 5605 ipse
3376 5533 3565 5589 beatus
3587 5533 3910 5600 Rhenanus,
3934 5534 4008 5589 vir

2414 5632 2590 5701 magni
2624 5631 2846 5701 judicii,
2885 5631 2939 5686 in
2975 5633 3250 5701 prtemisso
3296 5629 3363 5685 ad
3404 5629 3651 5685 eumdem
3692 5641 4005 5702 argumento

2412 5722 2568 5785 tulit,
2599 5738 2790 5793 nempe
2834 5722 3262 5779 Comntentarium
3311 5723 3444 5778 Imm:
3488 5738 3592 5778 esse
3634 5722 3925 5785 eiusmodi,
3955 5731 4005 5774 ut

2410 5816 2766 5889 theologicam
2798 5816 3008 5871 debeant
3048 5817 3116 5871 ad
3161 5834 3378 5889 unguem
3428 5816 3679 5881 ediscere;
3719 5835 3840 5871 nam
3867 5833 3999 5889 egre-

2407 5910 2569 5982 gium,
2604 5910 2805 5982 pergit,
2829 5921 3206 5966 monumentum
3234 5922 3306 5967 est
3330 5912 3681 5983 antiquitatis;
3710 5922 3815 5968 (aut
3841 5920 4004 5969 sancte
