4202 6496
208 426 348 483 1209

1020 417 1363 477 APPENDIX
1401 415 1677 487 QVINTA,
1724 413 1786 469 IN
1860 409 2115 469 ιιιιιιιξιι
2154 408 2245 466 DE
2284 406 2751 465 ΡΗΕΝΙΤΕΝΗΑ.

3379 405 3516 462 1210

200 546 370 605 docet,
398 552 502 593 tam
528 540 606 609 pic
630 538 825 601 suadet,
854 547 957 590 tant
976 535 1222 590 instanter
1244 542 1383 602 urget
1413 548 1516 584 rem
1545 529 1806 582 ecclt'sias-
1837 528 1889 588 Α
1916 524 2051 595 signi
2105 531 2292 577 contra
2347 530 2630 576 novatores
2691 528 2909 576 nostros
2967 518 3200 575 utilitate
3225 558 3239 584 ,
3292 518 3507 609 modum

200 636 318 687 lica:
339 634 630 702 disciplina:
660 646 976 700 summopere
1000 628 1358 688 necessariam,
1385 622 1807 693 exnmologesin,

200 730 297 781 hoc
323 737 418 789 est,
449 737 619 779 actum
644 766 658 788 ,
693 734 737 777 et
766 722 1099 776 ministerium
1132 718 1472 774 Pmnitenticv.
1520 714 1680 769 Certe
1708 728 1807 767 au-

200 828 311 874 tem
337 827 399 872 ut
432 817 631 885 passim
659 830 725 871 ex
746 813 1081 869 'l‘ertulliano
1121 811 1318 865 veteris
1351 806 1607 863 Ecclesia»
1638 803 1805 859 tradi-

200 914 381 967 tiones
409 919 466 966 et
496 908 830 979 disciplinam
873 905 1201 961 addiscimus
1226 944 1241 970 ,
1271 904 1340 957 ita
1372 905 1533 955 etiam
1567 898 1651 953 hic
1672 940 1686 964 ,
1721 897 1805 951 in-

1912 614 2133 686 agendae
2170 614 2501 684 poenitentiae
2521 656 2533 677 ,
2558 620 2717 683 prout
2744 626 2805 666 ea
2832 610 3019 680 primis
3047 624 3168 664 mox
3196 608 3431 671 suculis,
3461 618 3515 663 et

1913 710 2095 778 utique
2128 724 2193 762 ex
2226 706 2536 777 Apostolica
2581 704 2915 760 institutione
2940 746 2953 767 ,
3004 702 3088 772 agi
3132 712 3507 769 consueverat,

1912 800 2131 873 pulchre
2176 801 2455 871 solidoque
2489 799 2767 856 docemur.
2801 796 2904 855 Sed
2941 796 3049 867 jam
3084 796 3257 866 potius
3298 795 3364 850 ad
3394 811 3506 851 rem

1910 896 2082 967 ipsam
2119 910 2423 966 pergamus.

201 1042 3454 1084 Μ

838 1077 1067 1087 ἡ..-

206 1080 547 1090 ~—

552 1080 833 1091 __—_—

808 1204 1358 1318 LIBEB
1409 1203 1649 1316 DE
1699 1203 2984 1318 PGNI'I‘ENTIA.

195 1411 373 1483 Caput
407 1415 447 1469 l.
496 1418 853 1475 Pcenitcutiam
880 1420 943 1473 de
966 1418 1114 1472 malis
1143 1427 1361 1485 tantum,
1416 1432 1515 1470 non
1557 1417 1621 1470 de
1666 1416 1805 1471 bonis

272 1509 535 1577 operibus,
569 1529 672 1567 esse
698 1523 949 1583 Oporterc.

198 1596 263 1653 ll.
317 1600 504 1656 Veram
538 1602 894 1659 Pwnitentiam
920 1620 1047 1671 esse,
1072 1619 1186 1674 qua:
1211 1604 1272 1657 dc
1298 1602 1467 1670 malis,
1494 1618 1580 1657 seu
1601 1601 1807 1668 o/fensis

274 1708 391 1759 om,
435 1704 530 1748 est.

196 1784 285 1841 Ill.
335 1788 413 1842 De
444 1792 676 1845 omnibus
719 1792 938 1863 peccatis
962 1834 977 1858 ,
1024 1809 1113 1846 seu
1159 1792 1417 1859 externis,
1447 1807 1535 1846 seu
1565 1807 1697 1846 mere
1724 1790 1806 1846 in-

274 1882 447 1936 ternis
468 1924 483 1947 ,
538 1886 885 1952 pwuiteutiant
916 1887 1166 1955 agendam
1197 1901 1323 1940 essc.

200 1971 291 2027 IV.
338 1976 654 2030 Adltortatur
696 1979 764 2030 ad
814 1978 1173 2033 Pa'nitentiam
1229 1976 1664 2048 amplectendam,
1705 1984 1808 2029 tam

271 2069 615 2121 necessariam
642 2070 1078 2138 delinquentibus,
1109 2085 1263 2140 quant
1290 2069 1485 2122 utilem.

200 2159 269 2215 ν.
309 2159 676 2218 Pcrnitentium
700 2164 837 2218 noris
868 2165 1084 2233 peccatis
1109 2179 1207 2217 non
1237 2162 1624 2225 obliterandam,
1654 2175 1810 2229 neque

272 2258 449 2310 animo
476 2258 665 2325 solum,
695 2259 783 2312 sed
833 2260 945 2328 ipso
996 2274 1195 2328 quoque
1241 2273 1395 2328 opere
1432 2254 1801 2327 perliciendum

274 2364 402 2401 (δι’.

207 2437 294 2493 γι.
343 2437 462 2492 Non
516 2450 784 2510 prapterea
822 2441 1206 2496 Caterluunenis
1245 2457 1343 2495 non
1381 2457 1509 2508 opus
1555 2455 1661 2493 esse
1700 2454 1807 2506 pm-

277 2532 517 2600 nitcntia,
547 2534 683 2604 quod
714 2550 804 2603 per
824 2532 1144 2604 Buptismum
1174 2534 1340 2602 ipsum
1370 2541 1572 2602 peccatu
1598 2532 1810 2602 deniquc

658 2713 811 2770 Nota:
836 2715 905 2769 ad
934 2714 1095 2788 Caput
1126 2717 1366 2787 primum.

282 2899 666 2955 Pmniteutiam.
718 2901 1031 2957 Pmuitentia
1091 2900 1149 2957 S.
1204 2901 1371 2965 lsid.,
1428 2900 1526 2971 Ep.
1579 2900 1807 2970 llispal.,

205 2971 299 3025 lib.
332 2973 422 3028 IV.
454 2974 583 3039 Orig
611 3014 625 3034 ,
655 2987 703 3026 ο.
732 2972 797 3027 19
820 3015 833 3035 ,
882 2972 1142 3041 appellata
1184 2972 1277 3025 fuit
1323 2974 1470 3041 quasi
1512 2974 1806 3039 punienlia,

204 3060 263 3097 eo
293 3044 435 3106 quod
477 3044 587 3107 ipse
619 3044 767 3096 homo
793 3047 845 3096 in
873 3060 925 3096 se
956 3044 1137 3111 puniat
1178 3044 1486 3112 paenitendo,
1515 3044 1649 3110 quod
1680 3044 1811 3097 male

202 3115 433 3167 admisit.
482 3113 627 3167 Idem
662 3115 827 3169 ferme
878 3116 951 3166 ait
990 3125 1176 3167 auctor
1216 3115 1309 3167 lib.
1340 3114 1401 3167 de
1444 3113 1569 3166 l’rra
1600 3124 1646 3166 et
1678 3116 1809 3183 falsa

204 3187 381 3253 pmttil.
410 3184 565 3249 (olim
592 3186 648 3239 ὃ.
674 3186 968 3254 Augustino
994 3185 1292 3255 adscripti),
1319 3200 1365 3238 c.
1402 3186 1490 3247 lit,
1522 3186 1766 3254 inquiens
1796 3203 1806 3237 :

203 3256 481 3311 Pumitere
514 3256 645 3308 idem
674 3268 743 3309 est
774 3274 832 3309 ac
863 3272 1072 3324 poenam
1102 3267 1284 3310 tenete
1311 3299 1323 3317 ,
1363 3268 1414 3308 ut
1457 3274 1633 3324 nempe
1662 3257 1810 3310 homo

201 3344 401 3394 semper
425 3328 601 3394 puniat
625 3329 673 3379 in
696 3345 748 3381 se
768 3328 1074 3391 ulciscendo,
1098 3328 1233 3397 quod
1258 3330 1505 3382 commisit
1529 3330 1804 3397 peccando.

202 3398 407 3453 lirari-is
439 3398 635 3452 dicitur
676 3406 935 3466 μετάνιια,
976 3410 1186 3452 mutatio
1228 3401 1437 3457 mentis.
1482 3416 1574 3452 seu
1625 3400 1810 3467 prioris

199 3472 469 3522 sentcntiit'
491 3512 503 3531 ,
538 3486 565 3521 τι
596 3494 870 3539 μετειιιεᾱ,
908 3471 1044 3539 quod
1079 3479 1157 3523 est
1196 3482 1306 3533 post
1353 3470 1632 3538 intelligere
1656 3512 1669 3531 ,
1713 3487 1807 3525 seu

202 3553 314 3606 rust
346 3546 537 3609 factum
566 3559 756 3608 sapere.
795 3542 901 3593 lloc
940 3541 1127 3594 eodem
1172 3556 1334 3593 sensu
1378 3541 1571 3595 dicitur
1596 3556 1808 3610 quoque

200 3617 515 3677 μετίὶιίνωσις,
551 3620 808 3679 ptati-pota
851 3620 904 3666 et
938 3622 1244 3678 μεταμέλεια.

284 3682 399 3735 Hoc
426 3701 585 3753 genus
617 3684 895 3736 hominum.
926 3682 1185 3749 Gentiles,
1215 3698 1507 3754 eorumque
1537 3683 1806 3754 prmcipuc

208 3754 567 3823 philosophos
596 3754 679 3807 hic
706 3763 869 3808 taXut.

282 3824 439 3877 lletro
470 3827 680 3895 fuimus.
718 3824 851 3880 Nam
904 3825 1286 3890 Tertullianus,
1311 3825 1597 3896 gentilibus
1624 3840 1806 3894 paren-

200 3898 349 3950 tibus
392 3906 573 3958 ortus,
603 3904 760 3966 atque
819 3898 868 3951 in
907 3898 1213 3966 gentilismo
1260 3899 1517 3952 educatus
1544 3938 1559 3961 ,
1592 3899 1801 3952 nonnisi

197 3966 311 4035 jam
340 3979 423 4020 sat
462 3968 675 4036 grandis
703 3979 826 4022 natu
858 3968 923 4022 ad
961 3969 1260 4023 Christiana
1290 3983 1438 4022 sacra
1470 3983 1528 4022 se
1556 3969 1800 4035 contulit,

200 4048 261 4091 ιιι
287 4040 339 4092 in
382 4036 508 4092 Vita:
535 4038 650 4107 ejus
680 4040 912 4106 cpitome,
939 4039 1030 4093 lib.
1065 4040 1128 4094 de
1164 4039 1457 4107 Pra'scrtpt.
1501 4040 1799 4108 pra-missa,

200 4118 421 4183 suomet
447 4111 772 4177 testimonio,
800 4126 866 4165 ex
898 4110 1141 4183 Apolog.,
1164 4126 1211 4165 c.
1242 4112 1328 4176 18,
1348 4112 1691 4181 deprompto,
1723 4114 1803 4167 in-

201 4182 527 4235 dicaviinus.

278 4250 375 4304 Dei
431 4252 638 4305 tamine.
700 4251 830 4308 Fide
881 4252 1173 4319 nimirum,
1227 4268 1347 4323 qua:
1392 4253 1799 4323 supernaturale

202 4320 376 4375 lumen
406 4324 597 4377 animae
624 4335 725 4377 est.

276 4391 487 4446 Natura
524 4406 689 4461 tenus,
757 4396 792 4449 i.
825 4411 909 4463 0.,
967 4396 1257 4452 secundum
1292 4397 1504 4449 rationis
1549 4396 1796 4449 naturalis

199 4462 754 4539 ductuurduntaxat,
787 4462 1197 4539 seuquousque
1241 4483 1300 4522 se
1344 4466 1581 4523 extendit
1623 4467 1793 4535 ipsum

201 4535 382 4588 lmucn
434 4536 723 4592 intellectui
754 4535 1224 4595 nostro-innatum.

276 4607 554 4687 Sententia'
567 4609 781 4687 prio-ris.
798 4609 1075 4687 Generalis
1092 4610 1205 4664 luce
1224 4610 1462 4687 definitio
1478 4618 1577 4671 est.
1597 4624 1660 4664 ex
1676 4607 1795 4687 plti-
1819 4628 1872 4687 υ

202 4676 446 4745 losupbia
506 4676 691 4751 murali
727 4682 907 4748 petita.
954 4682 1130 4750 Itaque
1159 4683 1523 4751 paenitentiam
1564 4676 1687 4734 esse
1720 4680 1795 4734 ait

201 4758 394 4801 motum
419 4791 432 4811 ,
468 4748 845 4818 alterationem,
879 4754 961 4805 \‘el
1008 4748 1244 4818 allectum
1285 4752 1565 4821 quemdam
1607 4751 1790 4817 animi,

200 4832 324 4873 eum
348 4821 574 4873 molestia
599 4822 823 4889 quadam
851 4824 1189 4892 conjunctmn
1212 4866 1227 4891 ,
1252 4834 1533 4891 ortumque
1571 4836 1636 4876 ex
1676 4838 1792 4875 sen-

200 4892 372 4942 tcntia:
400 4932 412 4951 ,
441 4906 533 4944 seu
566 4893 817 4965 opinionis
845 4896 1055 4964 prioris,
1088 4912 1152 4949 ex
1184 4912 1283 4965 qua
1315 4894 1582 4964 quidpiam
1615 4902 1790 4947 actum

200 4972 279 5013 rst
315 5002 327 5023 ,
357 4964 711 5035 mersatioue.
743 4965 873 5019 Cum
915 4968 1055 5021 enim
1102 4964 1219 5035 quis
1261 4968 1372 5035 jam
1424 4965 1665 5034 intelligit
1689 5006 1702 5028 ,
1736 4978 1793 5018 se

202 5042 357 5106 antea
383 5033 567 5106 minus
590 5043 733 5090 recte
758 5038 931 5106 egisse
953 5079 965 5100 ,
1004 5033 1179 5105 itaque
1217 5033 1377 5092 etiam
1416 5037 1790 5090 detrimentum

202 5103 418 5172 aliquod
450 5105 528 5156 vel
559 5103 951 5162 incommbdum
984 5103 1269 5163 incurrisse
1294 5151 1307 5167 ,
1343 5109 1393 5161 in
1432 5110 1609 5161 animo
1640 5107 1791 5161 deiu-

202 5187 329 5239 (ξονς
362 5173 573 5250 (lpidam
604 5180 1031 5250 motus_exurgit,
1061 5195 1125 5234 ex
1152 5194 1313 5234 sensu
1359 5180 1500 5233 illius
1528 5178 1789 5243 molestior,

203 5260 297 5326 seu
341 5242 550 5326 oll'cnsa:
569 5255 737 5300 ortus.
783 5242 965 5318 Itaque
1010 5242 1329 5326 sententiam
1376 5266 1525 5326 suam
1557 5251 1790 5326 priorem

196 5320 308 5384 jam
332 5324 614 5391 mulat,_et
642 5326 920 5391 retractat,
954 5332 1211 5391 concepta
1244 5324 1296 5377 in
1324 5322 1566 5376 eamdem
1610 5320 1791 5386 diSpli-

203 5386 376 5461 uentis
406 5396 461 5440 et
486 5386 608 5461 odio
630 5389 857 5457 quodam
880 5433 893 5455 ,
920 5391 970 5445 in
1002 5408 1105 5461 quo
1125 5386 1309 5447 'veram
1334 5394 1593 5447 rationem
1625 5391 1793 5460 νωιιὶ-

205 5459 386 5534 ιςιιιὶριε
411 5460 635 5534 positam
661 5474 800 5534 esse,
826 5459 1125 5534 philosophi
1156 5464 1223 5517 illi
1246 5465 1589 5518 arbitrantur.
1622 5466 1793 5534 Atque

203 5528 281 5608 sic
310 5528 839 5608 panitet-etquidam'
873 5533 1010 5608 apud
1040 5528 1107 5589 Ἀ.
1141 5534 1305 5599 Gel|.,
1351 5536 1442 5590 lib.
1468 5534 1607 5589 XVII
1635 5528 1788 5608 Noct.

206 5599 337 5677 411.,
366 5614 415 5651 c.
455 5605 501 5661 1,
535 5600 704 5669 aiunt)
732 5612 833 5677 tum
885 5599 1048 5659 dicere
1097 5608 1313 5661 solemus
1338 5649 1351 5669 ,
1394 5623 1506 5659 cum
1546 5622 1656 5675 quo:
1693 5606 1793 5675 ipsi

202 5671 438 5746 [ec-imus,
467 5680 555 5722 aut
587 5689 713 5746 quin
734 5673 796 5728 de
818 5686 988 5728 nostra
1011 5677 1263 5731 voluntate
1294 5671 1564 5746 nostroque
1582 5671 1790 5730 coasilio

200 5741 338 5819 facta
358 5751 495 5822 sunt,
520 5756 579 5794 ea
600 5743 739 5795 nobis
763 5756 871 5822 post
892 5749 1137 5817 incipiunt
1164 5749 1447 5819 displicere,
1472 5741 1790 5802 sententiain-

199 5828 297 5883 que
320 5828 373 5862 ιιι
400 5819 462 5863 iis
493 5824 713 5867 nostram
738 5819 1070 5872 demutamus.

269 5880 513 5947 Ratione,
545 5900 639 5938 seu
671 5902 791 5940 vera
821 5890 1042 5951 notione,
1074 5905 1133 5945 ac
1161 5890 1472 5956 deﬁnitione.

278 5956 520 6009 Auctore.

591 5958 790 6027 Supple
842 5976 853 6013 :
905 5971 1035 6016 recte
1104 5966 1469 6033 cognoscendo.
1503 5964 1592 6040 .Et
1648 5980 1785 6034 quo-

1838 3220 1882 3282 C
1916 3254 1981 3310 In

1982 1419 2198 1471 delenda
2232 1419 2354 1473 sint.

1910 1507 2022 1563 VII.
2060 1508 2183 1563 Post
2209 1509 2530 1581 Ii’aptismum
2555 1510 2711 1580 lapsis
2741 1526 2915 1564 rursus
2958 1507 3301 1577 patuitentiam
3349 1524 3509 1580 agen-

1980 1603 2100 1655 dam
2128 1619 2253 1657 csse.

1908 1694 2045 1751 Vill.
2081 1695 2249 1751 Toties
2282 1695 2639 1752 Paenitentiam
2678 1696 2957 1768 agendam,
3006 1696 3199 1767 quoties
3236 1695 3347 1765 quis
3392 1711 3509 1766 pee-

1980 1790 2163 1843 carerit
2189 1831 2198 1852 ,
2229 1789 2475 1857 exemplis
2502 1788 2564 1843 S.
2600 1788 2887 1859 Scriptura:
2916 1788 3272 1857 conﬁrmatur.

1836 1859 1883 1921 Β
1910 1879 2003 1935 IX.
2053 1880 2191 1948 Quid
2233 1882 2297 1936 sit
2342 1880 2752 1953 I'Ixomologesis,
2786 1890 2833 1936 et
2860 1896 2975 1953 quce
3003 1882 3262 1953 μηδι-ἕρκη
3287 1879 3511 1948 eiusdem

1986 1991 2015 2028 0
2022 1991 2141 2041 pera
2164 1975 2189 2029 ?

1913 2063 1981 2120 Χ.
2026 2067 2403 2131 Confessionem
2433 2075 2755 2137 peccatorum
2797 2064 3050 2135 publicam
3079 2081 3180 2119 non
3211 2064 3509 2121 erubescen-

1984 2158 2136 2223 dum,
2180 2176 2269 2210 nec
2314 2159 2650 2223 cli/ferendam
2679 2175 2803 2213 esse.

1914 2251 2006 2307 ΧΙ.
2052 2251 2231 2323 Neque
2274 2255 2499 2324 corporis
2525 2253 2858 2308 incommodis
2893 2268 2985 2307 nos
3016 2252 3079 2306 ab
3121 2252 3318 2325 agenda
3345 2252 3480 2322 parui
3498 2282 3509 2291 ο

1989 2349 2140 2401 tentia
2166 2346 2437 2402 absterrcri
2465 2358 2717 2418 Oportere.

1914 2437 2030 2493 ΧΗ.
2062 2439 2364 2495 Adliortatio
2407 2441 2475 2494 ad
2529 2439 2910 2510 pwnitentiam,
2944 2438 3219 2509 prepositis
3265 2438 3511 2509 exemplis

1984 2549 2077 2587 con
2083 2534 2340 2600 ﬁrmatur.

1919 2686 2080 2741 modo
2133 2695 2553 2755 cognoscerent,
2606 2687 2694 2756 qui
2750 2684 2884 2739 adeo
2921 2692 3188 2756 escmcato
3243 2683 3510 2756 intellectu

1916 2769 2087 2820 erant.
2123 2767 2177 2811 ut
2208 2758 2541 2812 Divinitatem
2572 2754 2935 2815 insideribus,
2967 2754 3293 2816 hominibus,
3318 2754 3507 2821 brutis,

1915 2839 1971 2887 et
2000 2830 2264 2883 vilissimis
2292 2830 2615 2897 quibuslibet
2638 2827 2898 2883 creaturis
2920 2868 2934 2892 ,
2970 2826 3328 2896 reponerent?

1991 2900 2280 2954 Ordinarit.
2313 2901 2501 2955 Omnia
2535 2900 2676 2953 enim
2722 2900 2835 2955 ba'c
2882 2899 3005 2953 fecit
3052 2897 3344 2952 secundum
3379 2912 3508 2953 con-

1914 2972 2031 3028 sitia
2060 2972 2277 3027 lllﬁllilil:
2298 2971 2682 3027 SAPIISNTIAE
2704 2986 2834 3025 Stier.

1992 3042 2281 3109 ls‘rtraneis,
2317 3045 2351 3096 i.
2384 3059 2433 3097 e.
2457 3084 2471 3105 ,
2508 3040 2670 3096 lirtru
2713 3043 2822 3097 veri
2864 3041 2955 3096 Dei
2986 3041 3342 3113 cognitionem
3373 3042 3508 3113 posi-

1916 3115 2001 3177 tis,
2038 3130 2099 3167 ac
2128 3116 2194 3167 ab
2222 3115 2408 3169 eadem
2442 3114 2651 3168 alienis.

1992 3184 2300 3239 Proceltam.
2365 3186 2437 3239 De
2487 3185 2677 3240 ﬂorida
2714 3183 2812 3239 hac
2859 3182 3110 3255 allegoria
3133 3184 3242 3255 jam
3289 3184 3341 3239 in
3364 3182 3506 3239 Diss.

1988 3267 2110 3309 tere.
2137 3258 2389 3310 diximus.

1992 3326 2344 3382 "t’t‘t’t'settlttt'.
2410 3327 2522 3383 lloc
2586 3343 2796 3397 quoque
2838 3326 3003 3381 verbo
3067 3325 3234 3380 utitur
3297 3326 3347 3380 in
3412 3326 3503 3379 lib.

1912 3399 2029 3453 adv.
2062 3398 2337 3462 l'alentin.,
2356 3401 2511 3465 c.50,
2532 3399 2618 3454 ubi
2646 3418 2657 3453 :
2687 3398 3155 3466 Quiderersatusin
3177 3399 3504 3461 mundo,etc.

1911 3472 1981 3525 Λι
2008 3472 2094 3525 alii
2124 3471 2337 3525 Codices
2358 3513 2372 3536 ,
2403 3484 2450 3524 et
2484 3473 2664 3540 utique
2693 3471 2880 3525 melius
2901 3512 2915 3534 ,
2945 3470 3261 3524 dirersentur
3288 3470 3503 3522 habent.

1911 3542 2178 3597 Caeterum
2213 3543 2522 3596 utrmnlibet
2556 3559 2585 3595 a
2614 3542 2946 3595 Tot-tulliano
2971 3541 3171 3594 dictmu
3202 3540 3503 3603 credamus,

1909 3626 2124 3681 semper
2154 3615 2265 3667 hinc
2290 3613 2450 3668 dictio
2472 3629 2565 3683 per
2586 3622 2943 3668 conuersentur
2964 3612 3130 3680 magis
3152 3611 3313 3665 latine
3334 3626 3502 3681 expo-

1910 3694 2088 3739 nelur.

1984 3756 2263 3826 Iz'a'pedirc.
2294 3755 2397 3811 Pro
2439 3754 2703 3820 refellere,
2741 3762 2832 3809 aut
2885 3762 3036 3809 extra
3083 3751 3303 3809 dubium
3334 3752 3502 3809 collo-

1907 3839 1966 3881 οη
1976 3843 2051 3881 ΓΟ.

1981 3896 2044 3951 In
2073 3898 2380 3967 iugi-aliam,
2426 3912 2530 3969 seu
2565 3898 2845 3969 ingratum,
2895 3898 3176 3962 molestum,
3221 3896 3506 3969 atttpinju-

1905 3971 2124 4023 cuiu/um
2156 3970 2368 4024 accidit.
2414 3967 2647 4040 Ingratia
2689 3984 2816 4039 ergo
2846 3968 3103 4039 (obsoleta
3137 3968 3262 4040 rex)
3295 3967 3379 4021 hic
3415 3984 3505 4020 su-

1906 4041 2069 4093 mitur
2102 4055 2197 4109 pro
2225 4038 2549 4111 displicentia
2587 4044 2653 4095 de
2685 4043 2822 4094 facto
2859 4041 3096 4093 alterius.
3154 4038 3262 4111 llac
3291 4053 3504 4111 quoque

1903 4123 2036 4180 νοω
2082 4108 2226 4172 mox.
2275 4108 2392 4180 cup.
2443 4110 2512 4177 ‘2,
2546 4115 2728 4165 utitur.
2787 4110 3051 4164 Caeterum
3097 4108 3339 4178 geminus
3382 4109 3503 4180 Imic

1903 4178 2054 4235 locus
2100 4194 2182 4237 est
2212 4185 2250 4237 ι.
2300 4178 2347 4237 ΙΙ
2395 4185 2513 4237 adv.
2566 4182 2755 4245 Murc.,
2806 4197 2920 4249 cap.
2967 4180 3037 4235 9.5
3066 4222 3077 4242 ,
3111 4181 3196 4233 ubi
3230 4180 3296 4233 ita
3333 4197 3344 4232 :
3381 4179 3503 4233 Non

1902 4252 2036 4305 enim
2080 4256 2123 4305 si
2173 4255 2428 4308 hominem
2482 4272 2543 4309 ea:
2592 4252 2941 4307 recordatione
2980 4252 3253 4321 plurimum
3310 4252 3499 4315 drlicti,

1900 4322 2156 4394 interdum
2198 4335 2244 4379 et
2288 4342 2351 4380 ex
2387 4326 2606 4394 alicujus
2647 4325 2761 4378 boni
2802 4324 2968 4391 operis
3010 4325 3229 4393 ingratia
3277 4323 3499 4389 paenitet,

1898 4393 2013 4448 ideo
2040 4406 2085 4449 et
2108 4395 2270 4450 Deum
2295 4393 2525 4464 proinde.

1974 4465 2269 4536 lrrogntur.
2295 4462 2413 4521 Pro
2455 4466 2739 4532 adhibetur,
2780 4466 2861 4520 vel
2912 4464 3249 4536 impenditur,
3281 4471 3371 4516 aut
3404 4462 3501 4514 im-

1903 4535 2125 4608 ponitur,
2174 4538 2409 4606 infertur,
2438 4548 2523 4593 etc
2551 4579 2569 4606 ,
2602 4549 2656 4592 ut
2684 4537 2898 4593 Plautus
2927 4536 2976 4590 in
3010 4535 3204 4606 (.‘aptir.

1978 4608 2070 4661 llis
2092 4610 2222 4662 diem
2249 4610 2435 4675 dicam,
2468 4620 2513 4663 et
2543 4610 2777 4679 irrogabo
2806 4609 3071 4679 malitiam.

1971 4680 2035 4733 Et
2059 4697 2150 4747 pro
2182 4680 2331 4733 domo
2357 4698 2448 4734 sua
2482 4676 2673 4736 Cicero
2705 4699 2717 4733 :
2753 4681 2927 4734 l’etaut
2960 4678 3050 4733 XII
3101 4676 3335 4739 Tabula',
3367 4677 3501 4745 [rges

1898 4751 2105 4820 privatis
2151 4751 2434 4805 hominibus
2478 4753 2713 4821 irrogari.
2781 4751 2883 4805 Sed
2936 4760 2991 4805 et
3045 4748 3259 4804 Tacitus
3309 4750 3346 4802 l.
3411 4747 3497 4821 ιν.

1897 4819 2088 4875 Annal.
2121 4838 2166 4873 c.
2196 4822 2282 4887 10,
2314 4823 2380 4876 de
2408 4819 2702 4888 Druso'ait,
2734 4822 3214 4876 exltanstuvcneno
3243 4819 3502 4887 suspicio-

1897 4907 2018 4947 nem
2046 4892 2281 4957 auxisse,
2315 4904 2556 4964 tanquam
2588 4895 2782 4948 sibimet
2817 4895 3061 4964 irrogaret
3090 4902 3318 4954 mortem,
3350 4906 3500 4955 quam

1896 4965 2027 5034 patri
2059 4974 2329 5018 struxerat.
2358 4965 2562 5019 ltursus
2589 4966 2701 5020 Cie.
2720 4982 2814 5035 pro
2839 4964 3073 5029 Rabirio,
3087 4964 3286 5035 mulcta’
3308 4964 3500 5029 irroga-

1896 5034 2081 5107 tionem
2110 5036 2260 5089 dixit.
2297 5036 2396 5089 Alii
2424 5038 2654 5107 irrogare
2676 5034 2770 5106 pro
2798 5050 3007 5107 erogare
3031 5034 3312 5103 accipiunt,
3347 5047 3499 5107 Cujus

1896 5104 2036 5160 idem
2067 5106 2231 5160 lenne
2261 5122 2380 5161 cum
2416 5103 2575 5174 priori
2608 5103 2797 5162 sensus
2836 5103 2936 5161 est.
2985 5105 3058 5159 Dc
3087 5120 3215 5157 voce
3254 5103 3498 5174 erogandi

1892 5175 2001 5245 iam
2036 5177 2086 5229 in
2118 5178 2154 5231 Ι.
2196 5178 2258 5230 de
2292 5173 2513 5232 Prwscr.
2556 5178 2682 5248 Cap.
2715 5176 2778 5243 ll,
2830 5175 2955 5229 Not.
2986 5176 3051 5228 In
3076 5186 3209 5237 actu,
3263 5174 3356 5227 sed
3393 5173 3497 5227 alio

1895 5262 2078 5311 Sensu,
2106 5248 2356 5303 diximus.
2386 5249 2492 5305 Sed
2521 5250 2634 5303 bace
2664 5249 3131 5319 grammaticorum
3161 5255 3335 5319 sunto.

1968 5319 2174 5384 Contra,
2204 5322 2423 5374 omnino
2476 5315 2697 5376 accentu
2729 5319 3041 5385 notandum,
3096 5327 3152 5371 ut
3180 5315 3438 5383 signiticet
3470 5330 3497 5368 e

1894 5392 2171 5459 contrario,
2203 5392 2283 5448 vel
2312 5408 2374 5445 ex
2398 5392 2628 5448 adverso.

2409 5600 2565 5656 Nota:
2592 5601 2657 5656 ad
2685 5600 2850 5672 Caput
2879 5597 2969 5655 ll.

1968 5755 2218 5830 Rationis.
2250 5759 2456 5830 Quippe
2492 5780 2569 5817 res
2601 5762 2697 5818 Dri
2735 5766 2887 5829 ratio,
2946 5775 2994 5819 et
3038 5762 3219 5817 divino
3275 5773 3494 5816 munere

1893 5827 2043 5903 nobis
2083 5830 2227 5903 data,
2260 5827 2315 5885 ut
2349 5827 2505 5903 supra
2537 5834 2727 5889 Noster
2757 5827 2909 5891 dixit.

1925 5968 1937 5978 .
1966 5898 2172 5964 Merita,
2208 5902 2327 5978 i_.‘e.
2367 5898 2653 5973 momenta;
2684 5924 2793 5975 quo
2816 5923 2973 5964 sensu
3016 5904 3309 5977 iurisperiti
3384 5920 3491 5958 mc-

1890 5973 1989 6024 rila
2017 5988 2184 6028 causa:
2210 5973 2389 6032 dicere
2433 5977 2625 6034 solent.
2691 5973 2867 6036 Potest
2913 5973 3071 6035 etiam
3129 5973 3225 6047 pro
3276 5978 3498 6035 utilitate
