4202 6496
195 421 323 479 1213

909 416 1258 477 APPENDIX
1295 416 1573 489 QUINTA,
1616 416 1685 475 IN
1722 415 1978 477 LIBRUM
2018 417 2105 477 DE
2141 415 2610 477 ΡαεΝιΤΕΝτιΑ.

3340 415 3479 476 ΙΞΗ

193 541 285 603 tio,
336 538 447 593 lucc
474 538 767 610 disciplina,
800 536 909 592 lucc
958 552 1119 608 opera
1150 537 1397 610 celestis,
1432 546 1479 592 et
1508 552 1646 599 vera.
1680 545 1785 592 etc.
1818 538 1869 598 Α
1971 538 2267 607 Respectus.
2301 537 2461 594 Velut
2484 535 2650 593 radiis
2674 550 2703 592 a
2731 535 2862 605 Deo,
2886 531 3062 591 omnis
3107 531 3264 590 Lucis
3308 533 3475 602 fonte,

194 612 251 664 lit
284 611 332 663 in
368 610 407 664 L
466 613 530 663 de
558 608 773 666 Resurr.
809 626 951 663 corn.
995 624 1042 663 c.
1094 610 1162 663 15
1196 626 1207 660 :
1256 608 1454 677 Negcnt
1494 623 1777 677 operarum

192 684 494 747 societatem,
528 692 580 735 ut
612 682 787 735 merito
814 683 1005 751 possint
1027 681 1179 733 etiam
1212 681 1488 733 mercedem
1516 695 1720 749 negare.

264 751 717 823 llamiuipro/icit,
755 752 791 807 i.
816 750 971 823 'e.7ad
1011 752 1303 821 protectum
1343 751 1459 822 ejus
1505 750 1776 818 conducit,

190 834 243 878 ut
266 824 317 876 in
338 822 402 877 L.
430 822 499 877 de
518 823 669 893 Bapt.
698 822 825 893 Cap.
850 822 963 877 VII.

254 894 410 948 Ratio
437 897 567 965 ejus,
602 893 908 949 Paenitentiu
933 893 1203 949 videlicet.

258 964 535 1020 Discimus.
572 967 683 1020 Hoc
714 969 856 1021 enim
916 966 1161 1035 ignoran
1219 979 1398 1018 veram
1446 964 1778 1034 pmnitentiae

189 1038 449 1091 rationem
494 1037 726 1107 ignorari
768 1050 987 1092 necesse
1028 1047 1143 1107 est:
1179 1036 1297 1089 Vid.
1342 1052 1499 1105 supra
1551 1035 1681 1106 Cap.
1733 1035 1772 1103 Ι,

190 1109 280 1180 ubi
311 1126 324 1161 :
356 1106 531 1177 Igitur
557 1111 846 1180 ignorantes
887 1108 1072 1177 quique
1104 1106 1291 1171 Deum,
1322 1118 1427 1180 etc.

255 1177 591 1241 Iniicialurf
632 1179 1003 1235 Paenitentiam
1070 1179 1232 1233 etiam
1298 1179 1362 1233 ad
1441 1194 1598 1248 Opera
1647 1178 1779 1232 bona

187 1251 471 1316 violenter,
530 1266 593 1305 ac
640 1262 824 1305 contra
872 1259 1117 1305 naturam
1169 1265 1351 1317 suam,
1384 1249 1776 1319 detorquendo,

186 1323 440 1391 deinceps
470 1339 566 1392 per
598 1322 739 1376 illam
772 1322 1132 1392 impedienda.

256 1391 342 1457 Et,
382 1391 482 1461 pro
512 1395 681 1447 etiam.

266 1462 483 1517 Viderit.
552 1464 803 1519 Formula
851 1462 1104 1535 loquendi
1162 1464 1360 1535 passim
1418 1462 1609 1519 Nostro
1665 1462 1777 1517 frc-

184 1550 387 1601 qnens;
434 1543 494 1588 ut
522 1537 672 1605 Apol.
717 1553 834 1605 cap.
891 1533 977 1599 ili,
1011 1536 1085 1591 ait
1119 1533 1347 1589 :Viderit
1387 1536 1605 1601 habitus,
1658 1536 1779 1588 dum

184 1608 412 1659 materia:
478 1609 695 1675 qualitas
746 1608 921 1661 eadem
972 1608 1079 1673 sit;
1140 1608 1317 1659 viderit
1382 1608 1585 1669 forma,
1656 1608 1779 1660 dum

182 1677 408 1744 idipsum
439 1677 532 1731 Dei
562 1694 746 1747 corpus
771 1680 853 1742 sit,
874 1687 977 1733 etc.
1020 1688 1074 1732 et
1101 1678 1151 1731 in
1186 1678 1243 1731 L.
1276 1679 1339 1731 de
1361 1677 1481 1731 Put.
1514 1692 1632 1746 cap.
1662 1677 1732 1733 16
1762 1692 1775 1730 :

195 1747 425 1801 Viderint
460 1766 607 1803 suam
635 1754 734 1804 sui.
768 1749 827 1804 L.
864 1750 926 1803 de
958 1751 1128 1818 Spect.
1161 1766 1211 1802 c.
1244 1751 1309 1803 13
1340 1768 1350 1801 :
1377 1750 1565 1801 Viderit
1590 1750 1775 1814 princi-

184 1819 315 1889 palis
352 1821 530 1874 titulus
556 1822 865 1877 idololatria.
897 1832 1000 1875 etc.
1021 1820 1198 1891 Itaque
1221 1820 1320 1876 hac
1346 1820 1525 1890 pbrasi
1552 1821 1780 1891 plerum-

182 1907 285 1959 que
319 1893 539 1951 utimur,
570 1907 688 1947 Cttlll
716 1894 939 1948 alterum
980 1894 1030 1947 in
1068 1890 1335 1962 quoddam
1367 1892 1654 1947 discrimen
1680 1890 1778 1945 ad-

182 1961 427 2026 duetum,
463 1963 529 2017 de
556 1964 743 2018 eodem
770 1963 1006 2019 cavendo
1040 1961 1451 2032 pra-monemus,
1486 1971 1542 2015 ut
1566 1962 1641 2016 rei
1673 1977 1785 2017 sua:

182 2048 367 2086 cuiam
400 2034 613 2089 habeat.
642 2033 731 2089 Sic
754 2034 859 2089 Cic.
891 2038 941 2088 in
968 2035 1125 2089 Bruto
1148 2036 1249 2089 ait:
1272 2035 1343 2088 De
1367 2036 1460 2087 Iwc
1493 2043 1546 2085 tu
1573 2033 1784 2087 uideris:

180 2104 218 2157 i.
247 2119 299 2157 c.
334 2104 498 2173 hujus
526 2108 600 2160 rei
632 2122 813 2160 curam
847 2109 940 2161 tibi
973 2107 1237 2175 relinquo,
1266 2121 1357 2171 ne,
1388 2107 1433 2158 si
1462 2104 1587 2175 quid
1628 2118 1783 2175 secus

180 2172 462 2239 acciderit,
494 2177 623 2231 mihi
653 2179 902 2246 imputes.
932 2172 1302 2233 Et‘l‘erentius
1331 2178 1382 2230 in
1408 2172 1636 2245 Adelph.
1668 2172 1783 2246 Ego

178 2247 345 2318 istItoc
372 2248 573 2312 videro;
600 2250 751 2318 quasi
783 2248 1019 2303 diceret:
1052 2248 1227 2302 Istlioc
1255 2248 1379 2301 milii
1406 2263 1541 2300 cura:
1557 2249 1671 2299 erit.

254 2316 324 2371 In
350 2316 647 2387 ingratiam.
686 2320 817 2375 Vide
844 2321 972 2388 Cap.
1008 2320 1047 2372 Ι.
1098 2318 1225 2373 Not.
1265 2318 1519 2388 lngratia.
1561 2318 1698 2385 Quid
1736 2319 1781 2373 si

180 2404 312 2444 vero
336 2393 667 2461 sententiam
697 2392 775 2446 sic
801 2392 1080 2461 explicem:
1114 2411 1133 2442 ι
1162 2389 1363 2444 Viderit
1391 2404 1636 2461 perversa
1662 2390 1781 2458 opi-

184 2462 273 2514 nio
332 2460 651 2527 hominum,
702 2464 819 2516 aliis
868 2460 1051 2530 utique
1099 2462 1334 2532 ingrata?
1359 2473 1461 2515 etc.
1499 2460 1590 2532 Vel
1635 2462 1678 2514 si
1709 2464 1775 2526 ii,

179 2532 380 2600 quibus
431 2532 792 2588 bent-fecimus
817 2575 830 2596 ,
885 2531 1170 2603 diSpIicere
1230 2532 1385 2585 nobis
1409 2570 1423 2598 ,
1453 2546 1515 2585 ac
1546 2531 1733 2601 ingrati
1759 2573 1775 2601 ,

178 2617 275 2658 seu
307 2607 459 2658 exosi
488 2620 607 2659 esse
636 2606 913 2674 incipiunt.
952 2624 970 2655 ι

256 2676 621 2747 l’cettitenliam
652 2671 806 2747 cogit.
835 2678 1039 2733 Sensus
1065 2692 1185 2733 esse
1212 2674 1443 2731 videtur:
1475 2693 1494 2724 ι
1534 2671 1589 2729 Si
1615 2674 1777 2729 etiam

178 2746 244 2799 ad
299 2746 583 2802 malefacta
618 2746 1022 2817 paenitentiam,
1073 2749 1219 2802 velut
1275 2747 1663 2809 reluctantem,
1715 2762 1779 2801 ac

177 2827 369 2891 contra
398 2829 642 2873 naturam
675 2835 844 2891 suam,
879 2821 1043 2891 cogit,
1071 2820 1251 2890 adigit,
1284 2832 1347 2872 ac
1373 2818 1651 2891 detorquet.
1682 2838 1699 2891 ι

251 2889 497 2959 Captatio
538 2892 669 2959 ejus.
720 2890 913 2945 Gratia:
944 2889 1179 2959 captatio
1222 2899 1305 2945 est
1342 2889 1611 2959 appetitus
1649 2890 1779 2943 alic-

176 2976 265 3014 na:
316 2961 508 3029 gratia:
554 2972 607 3015 et
649 2963 1037 3017 benevolentia:
1106 2962 1211 3017 sibi
1277 2959 1667 3024 conciliandae,
1723 2969 1779 3015 ut

174 3032 335 3104 alteri
374 3033 712 3099 placeamus,
744 3036 902 3103 eique
945 3034 1099 3104 grati,
1134 3034 1187 3086 id
1213 3041 1291 3087 est
1314 3074 1329 3095 ,
1353 3030 1774 3104 acceptisimus.

173 3102 326 3157 Raro
356 3103 501 3155 enim
536 3101 835 3173 reperitun,
862 3101 987 3174 qui,
1019 3120 1139 3159 cmn
1170 3104 1320 3157 alteri
1352 3101 1669 3174 beneﬁcium
1700 3103 1777 3155 la-

173 3176 304 3236 ciat,
336 3184 430 3227 aut
460 3193 562 3228 non
594 3178 803 3245 pluet-re
832 3178 1039 3245 cupiat,
1071 3186 1159 3229 aut
1188 3191 1292 3228 non
1323 3173 1539 3240 aliquod
1572 3184 1772 3242 speret,

173 3255 469 3315 Captetqne
494 3249 953 3312 euiolumentuin,
996 3249 1063 3301 ad
1101 3263 1158 3301 se
1202 3246 1521 3300 rediturum.
1576 3245 1648 3299 Ita
1682 3260 1775 3298 no-

173 3325 350 3389 strum
386 3317 605 3373 ubilibet
634 3320 961 3389 nimiumque
990 3327 1233 3373 amantes
1260 3333 1464 3373 smnus.

250 3387 515 3461 Mortalis,
569 3391 605 3443 i.
638 3406 688 3444 e.
729 3387 1038 3461 temporalis
1059 3432 1074 3455 ,
1106 3401 1161 3445 et
1198 3390 1485 3459 aliquando
1513 3388 1769 3455 desitura,

175 3467 287 3532 tam
315 3460 488 3527 gratia
507 3474 723 3532 nempe,
756 3460 916 3531 quam
946 3462 1188 3532 ingratia.

246 3528 575 3595 Compendii.
608 3528 713 3586 Seu
744 3528 968 3601 quaestus
991 3528 1044 3588 et
1072 3533 1235 3598 lucri;
1262 3540 1317 3585 ut
1347 3530 1533 3601 optimi
1561 3529 1773 3586 Aulho-

170 3614 264 3656 res
298 3602 497 3668 passim
528 3601 745 3657 habent.

245 3671 563 3739 Debitorem,
612 3672 863 3730 Mercedis
894 3676 1166 3730 nimirum.

246 3742 475 3817 diutum,
523 3744 696 3800 Poena:
719 3748 918 3817 utique.

248 3813 643 3882 Remunerator,
681 3819 713 3870 i.
740 3834 789 3873 e.
814 3813 1107 3873 retributor.

248 3888 491 3959 sanciat,
528 3903 621 3956 pro
650 3899 837 3942 statuat
870 3906 888 3952 ;
941 3902 1023 3945 est
1070 3899 1246 3944 autem
1296 3889 1511 3954 sancire,
1547 3888 1767 3959 aliquid,

166 3958 320 4030 quod
356 3958 571 4030 impune
598 3961 781 4013 violari
812 3963 1018 4030 nequit,
1049 3961 1394 4014 constituere.

249 4028 613 4082 l’rwstandum
645 4046 768 4085 esse.
820 4028 1142 4100 Supremum
1199 4031 1292 4086 lus
1314 4031 1450 4100 ejus,
1510 4045 1605 4099 per
1647 4045 1771 4100 pec-

165 4111 290 4171 Catn
327 4102 544 4167 la-sum,
578 4103 938 4158 satislactione
969 4104 1284 4171 reparando.

246 4170 535 4244 Privatum.
569 4171 810 4229 Latinius
870 4170 1122 4244 privatum
1167 4175 1337 4238 delet,
1396 4183 1645 4243 tanquam
1692 4176 1769 4228 in-

164 4240 318 4309 signi
350 4242 483 4297 alias
535 4244 653 4299 loco
699 4240 1080 4302 obscuritatem
1137 4247 1387 4299 ulli-rens:
1424 4257 1475 4297 ut
1500 4240 1600 4314 ego
1640 4247 1770 4299 citra

164 4314 564 4387 olfendiculum
615 4319 832 4371 retineri
906 4335 1062 4387 posse
1107 4318 1377 4379 existimo,
1417 4326 1468 4369 et
1516 4319 1769 4383 privatum

164 4384 257 4457 hic
289 4395 539 4455 tanquam
573 4390 834 4457 proprium
877 4384 1137 4457 intelligo,
1189 4397 1245 4441 ut
1286 4387 1479 4440 Noster
1524 4390 1573 4440 in
1617 4387 1677 4439 L.
1708 4389 1771 4441 de

163 4456 353 4523 Spect.
382 4472 430 4509 ε.
460 4457 544 4521 10,
580 4456 1086 4531 explicatiusdtcit’:
1117 4476 1231 4529 qua?
1254 4460 1451 4531 privata
1480 4468 1525 4531 et
1556 4460 1767 4527 proliria

162 4538 291 4581 sunt
322 4542 502 4582 scente.
526 4539 632 4583 etc.
655 4528 726 4583 lit
749 4532 859 4588 Cic.
890 4530 953 4585 L.
990 4528 1317 4585 Illde’b'inib.
1351 4530 1445 4583 ait:
1484 4528 1654 4584 Verbis
1688 4542 1784 4583 (tt--

162 4615 289 4652 men
320 4600 372 4651 in
403 4601 616 4653 dicendo
644 4605 788 4671 quasi
815 4604 1035 4672 privatis
1064 4614 1297 4666 utuntur,
1326 4618 1386 4655 ac
1420 4602 1550 4655 suis.

245 4673 518 4741 Ol/icium.
586 4676 739 4744 Quod
809 4687 986 4731 autem
1060 4680 1276 4733 malitia:
1354 4677 1569 4746 o/Iieinm
1644 4688 1763 4727 esse

163 4754 391 4819 potest,
435 4747 536 4803 nisi
591 4749 641 4802 in
699 4750 793 4813 iis,
855 4750 923 4804 de
981 4750 1173 4819 quibus
1220 4751 1270 4803 in
1323 4749 1385 4802 L.
1422 4750 1439 4801 l
1480 4750 1542 4801 de
1612 4746 1757 4816 Oﬂic.

159 4818 261 4869 sub
318 4818 433 4873 init.
465 4820 539 4872 ait
565 4819 797 4877 Tullius:
832 4822 965 4875 Sunt
1000 4818 1266 4874 nonnulla
1300 4820 1617 4887 disciplintv,
1648 4833 1762 4883 qua:

163 4889 453 4957 propositis
481 4889 727 4944 bonorum
752 4902 799 4945 et
828 4894 1077 4946 malorum
1116 4893 1303 4959 finibus
1342 4893 1576 4946 ol'licinm
1617 4906 1763 4943 omne

163 4960 489 5028 perturbant.
532 4963 757 5017 Secutus
796 4976 971 5017 autem
1013 4964 1099 5018 hic
1135 4963 1326 5017 Noster
1359 4964 1531 5033 potius
1558 4962 1765 5016 videtur

160 5044 390 5101 ctymoo
413 5033 748 5095 nominis.dc
770 5052 874 5102 quo
896 5037 945 5089 S.
978 5035 1163 5089 Anthr.
1194 5033 1255 5087 L.
1285 5035 1301 5087 Ι
1337 5035 1399 5088 de
1433 5033 1537 5100 U/f.
1565 5051 1680 5102 cap.
1709 5037 1760 5097 8,

160 5106 255 5176 ait
290 5121 302 5155 :
332 5102 580 5157 Ollicium
617 5106 681 5158 ab
723 5106 1007 5161 alliciendo
1076 5108 1268 5159 dictum
1312 5117 1582 5176 putamus,
1625 5106 1770 5171 quasi

159 5172 429 5237 ofﬁcium,
460 5191 536 5228 etc
567 5216 582 5240 ,
613 5193 719 5246 quo
754 5194 913 5232 sensu
942 5182 1099 5233 etiam
1132 5172 1345 5231 malitiae.
1372 5193 1523 5231 suum
1554 5176 1771 5245 oﬂicium

158 5258 252 5299 est
277 5287 292 5310 ,
334 5246 428 5300 sed
470 5246 789 5317 improprie,
831 5259 884 5303 et
910 5250 1119 5304 nonnisi
1158 5249 1435 5302 secundum
1477 5264 1656 5300 nomen
1684 5249 1762 5301 di-

160 5326 339 5380 ctum,
364 5334 421 5390 re
439 5332 685 5373 vacuum.
705 5322 1039 5390 Quamquam
1066 5321 1259 5389 potius,
1295 5330 1351 5374 ut
1378 5335 1505 5372 ntux
1534 5332 1769 5386 sequen-

161 5390 241 5442 tia
290 5388 555 5452 suadent,
602 5393 681 5444 sic
726 5388 1126 5460 intelligendum
1172 5402 1383 5459 putem:
1437 5390 1765 5459 «Proprium

159 5474 294 5529 erga
348 5460 605 5533 malitiam
663 5462 897 5517 cilicium
931 5464 1030 5533 (ut
1068 5463 1275 5517 scilicet
1314 5463 1382 5516 de
1411 5463 1557 5517 malo
1597 5462 1761 5533 pugni.

161 5531 402 5601 teamus)
420 5600 433 5603 4
458 5531 619 5586 etiam
668 5531 1198 5603 impendit—bonitati,
1224 5548 1319 5588 seu
1342 5534 1485 5588 ionts
1506 5532 1762 5603 aperibus,

159 5617 231 5659 ac
264 5600 539 5673 beneﬁciis
568 5603 722 5657 alteri
744 5600 1026 5673 impensis.
1070 5626 1087 5653 ι

240 5672 570 5747 Negligatur.
603 5674 740 5732 Vide
765 5672 905 5733 dicta
932 5676 1060 5749 Cap.
1091 5677 1131 5733 Ι.
1160 5676 1229 5730 ad
1257 5676 1353 5746 fin.

678 5815 832 5874 Natat
856 5818 925 5873 ad
950 5816 1118 5890 Caput
1147 5816 1271 5875 Ill.

237 5953 494 6030 Spiritus.
526 5956 729 6030 Anima,
759 5972 852 6019 seu
882 5957 997 6031 ejus
1026 5957 1329 6017 intellectus.

1813 1935 1861 1994 B

1895 610 1947 665 in
1979 626 2101 664 eum
2133 610 2367 665 emissis.

1956 680 2220 751 Praecepta
2236 723 2249 745 ,
2279 682 2482 736 scilicet
2509 681 2876 751 cognoscenda.

1952 748 2331 819 Deputandum.
2365 751 2508 807 lnter
2537 748 2752 821 peccata
2792 748 3157 807 referendum.

1955 822 2125 877 Homo
2178 824 2268 877 sit.
2308 822 2583 894 Tanquam
2633 838 2701 878 ex
2744 838 2954 893 corpore
3009 831 3062 876 et
3124 820 3296 874 anima
3348 834 3478 877 con.

1882 905 2051 950 stans.

1958 966 2071 1021 Duo
2100 981 2256 1019 unum
2288 965 2523 1035 eﬂiciunl.
2552 964 2643 1021 Sic
2680 966 2823 1021 enim
2857 964 3030 1019 anima
3058 962 3340 1035 conjuncta
3362 980 3477 1017 cor-

1887 1039 2007 1109 pori
2029 1053 2191 1091 unum
2222 1036 2386 1109 elliisjt
2415 1037 2688 1090 hominem.

1957 1108 2312 1164 Notariorum.
2332 1107 2437 1163 Seu
2459 1109 2680 1178 partium
2697 1106 3156 1178 componentium,
3177 1122 3297 1178 qua:
3323 1106 3476 1161 totius

1884 1180 2030 1238 velut
2054 1181 2264 1233 materia
2295 1188 2439 1233 sunt.

1955 1251 2053 1305 Dei
2080 1268 2177 1306 res.
2216 1249 2504 1321 ULSIipra,
2539 1250 2667 1321 Cap.
2701 1248 2740 1321 l,
2777 1249 2942 1304 dixit:
2975 1248 3077 1303 Res
3110 1247 3217 1321 Dei
3241 1249 3389 1303 ratio.

1954 1322 2231 1393 Expressa.
2264 1318 2526 1375 Foratavit
2547 1318 2680 1393 enim
2708 1319 2844 1375 Deus
2872 1321 3122 1393 hominem
3146 1318 3221 1390 (id
3249 1328 3333 1377 est
3361 1335 3479 1376 cor-

1882 1410 1983 1465 pus
2006 1392 2159 1465 ejus)
2186 1398 2249 1447 de
2272 1394 2393 1446 limo
2420 1403 2586 1465 terra.
2614 1392 2749 1448 Gen.
2774 1392 3089 1465 2.7vers.i7.

1954 1467 2033 1519 Ad
2058 1463 2238 1534 ﬂatum
2258 1466 2386 1531 ejus.
2420 1463 2484 1518 Et
2532 1464 2794 1533 inspiravit
2834 1464 2888 1516 in
2928 1464 3107 1533 facient
3150 1465 3259 1534 ejus
3308 1465 3475 1534 spira-

1883 1537 2055 1591 culum
2075 1538 2209 1601 vitte,
2228 1546 2273 1589 et
2296 1537 2459 1600 [actus
2478 1546 2550 1590 est
2572 1549 2720 1590 nouo
2740 1535 2791 1588 in
2812 1536 3035 1588 animum
3056 1536 3314 1589 uiuentem.
3338 1535 3471 1590 Ibid.

1960 1606 2208 1674 Oﬂ‘eudit.
2261 1606 2376 1660 Non
2448 1606 2567 1661 ideo
2632 1606 2975 1661 Tertuliauus
3040 1606 3208 1662 voluit
3270 1616 3476 1677 peccatu

1883 1682 2081 1744 omnia,
2142 1688 2197 1732 ut
2253 1678 2417 1733 Stoici
2467 1678 2742 1746 putabant,
2787 1678 2934 1745 paria
2968 1692 3109 1743 esse,
3162 1676 3277 1731 sed
3309 1676 3359 1732 id
3388 1693 3474 1731 so-

1883 1752 1991 1805 lum
2010 1794 2024 1817 ,
2056 1765 2123 1805 ex
2151 1750 2283 1815 hoc,
2312 1749 2453 1818 quod
2480 1749 2580 1802 alia
2608 1749 2835 1802 carnalia
2864 1750 2967 1802 sint
2985 1789 2999 1811 ,
3031 1750 3132 1803 alia
3164 1750 3473 1816 spiritantia,

1883 1838 1977 1876 seu
2007 1822 2107 1875 alia
2140 1837 2352 1891 corpore
2382 1827 2788 1890 perpetrentur,
2819 1819 2924 1891 alia
2964 1820 3015 1873 in
3058 1822 3232 1874 anima
3271 1830 3324 1875 et
3359 1820 3477 1889 ejus

1886 1893 2162 1948 voluntate
2189 1893 2301 1945 sola
2328 1892 2617 1947 subsistant
2646 1932 2659 1953 ,
2692 1905 2798 1945 non
2834 1890 2955 1945 inde
2982 1892 3238 1959 majorem
3272 1892 3473 1961 peccati

1891 1965 2046 2019 nnins
2072 1980 2181 2033 prin
2202 1964 2375 2018 altero
2400 1963 2707 2033 gravitatem
2726 1962 3104 2017 dimetiendum
3128 1978 3269 2018 esse.

1962 2034 2027 2090 In
2062 2032 2339 2105 judicium.
2409 2034 2551 2105 Ignis
2625 2032 2877 2088 videlicet
2943 2034 3129 2105 aiterni
3166 2048 3476 2105 ,Hnamque

1877 2104 2133 2177 judicium
2166 2104 2494 2177 hiciopponit
2514 2105 2644 2177 vim,
2664 2104 3169 2177 eteriizenimirum.
3198 2104 3331 2177 \iide
3356 2122 3474 2176 quia

1885 2121 2133 2177 judicium
2166 2121 2249 2159 mc
2274 2121 2494 2229 opponit
2514 2121 2644 2167 vute.
2664 2121 2879 2159 eterna:
2898 2121 3169 2159 nimirum.
3205 2121 3331 2160 Viue
3356 2122 3474 2176 quae

1885 2177 2117 2233 diximus
2146 2178 2195 2231 in
2230 2176 2289 2229 L.
2363 2196 2389 2231 e
2415 2177 2568 2245 Bapt.
2603 2173 2732 2243 Cap.
2762 2174 2832 2231 Χ.
2870 2173 2997 2230 Not.
3035 2172 3100 2229 In
3116 2176 3395 2246 judicium.
3546 2196 3547 2199 ‘

1961 2248 2058 2303 Eo.
2094 2249 2197 2303 Pro
2223 2259 2511 2319 capropter.

1960 2318 2291 2391 Impendere.
2337 2318 2519 2389 Itaque
2560 2321 2625 2376 ad
2672 2318 3041 2391 paenitentiam
3069 2333 3299 2391 quoque
3332 2333 3473 2391 icor-

1888 2407 1985 2461 pus
2027 2400 2312 2446 concurrat
2364 2405 2585 2447 necesse
2639 2390 2742 2455 eSt,
2791 2405 2885 2459 per
2921 2390 3184 2445 sensibiles
3215 2390 3466 2445 nimirum

1884 2479 1948 2517 ac
1972 2473 2202 2517 externos
2224 2473 2375 2517 actus
2396 2474 2448 2517 et
2465 2462 2783 2519 atﬂictiones
2798 2463 3127 2531 corporales:
3152 2463 3329 2517 anima
3345 2476 3475 2517 vero

1882 2549 1979 2604 per
2000 2536 2253 2588 internum
2282 2534 2545 2602 dolorem,
2577 2546 2683 2590 etc.

1957 2604 2234 2659 Amborum
2283 2614 2375 2660 est.
2431 2604 2498 2659 Ut
2559 2608 2701 2660 enim
2763 2606 2986 2660 actiones
3049 2603 3297 2659 dicuntur
3353 2619 3473 2660 esse

1882 2679 2259 2747 suppositarum
2284 2717 2297 2737 ,
2333 2678 2539 2747 sicnec
2576 2692 2774 2747 corpus
2817 2687 3004 2746 pet-cat
3034 2677 3251 2740 solum,
3300 2692 3473 2746 neque

1882 2746 2058 2802 anima
2089 2749 2221 2809 sola,
2253 2747 2346 2801 sed
2375 2746 2564 2809 Itonia,
2592 2748 2679 2815 qui
2705 2749 3034 2818 compositus
3058 2755 3143 2802 est
3162 2763 3227 2815 es
3247 2762 3473 2817 cerporc

1882 2829 1935 2874 ct
1956 2822 2155 2883 anima,
2185 2819 2238 2873 in
2265 2834 2425 2872 unum
2453 2821 2792 2890 suppositum,
2822 2835 2915 2873 seu
2956 2835 3241 2887 personam,
3282 2835 3472 2874 exsur-

1880 2906 2031 2961 gens;
2064 2892 2186 2944 huic
2208 2891 2351 2946 enim
2373 2891 2631 2956 actiones,
2654 2902 2759 2947 tam
2783 2890 2959 2957 bonae,
2982 2905 3139 2961 quam
3169 2892 3344 2958 malae,
3374 2893 3472 2947 im-

1921 2972 2156 3016 utantur.

1883 2979 2156 3103 puiiagiiiiii
2180 3033 2393 3089 Scilicet
2413 3032 2823 3103 operequodam
2854 3042 3059 3087 externo
3101 3047 3166 3087 ac
3208 3033 3465 3089 sensibili.

1951 3104 2231 3174 Cogitatur.
2263 3104 2512 3173 Mcrcque
2536 3106 2673 3158 intra
2697 3114 2911 3157 mentem
2938 3106 3213 3159 retinetur.

1950 3176 2185 3245 Contingi
2224 3176 2390 3230 habet.
2438 3175 2670 3246 Contiugi
2699 3175 2783 3229 hic
2830 3190 2934 3229 non
2980 3176 3207 3229 sumitur
3224 3190 3323 3246 pro
3354 3176 3471 3230 solo

1879 3263 2040 3304 sensu
2073 3258 2255 3309 tactus,
2276 3248 2369 3302 sed
2392 3247 2615 3301 aliormn
2648 3262 2858 3316 quoque
2888 3262 3139 3301 sensuum
3168 3247 3468 3318 perceptio-

1801 3325 1847 3388 Ο
1882 3335 1966 3375 ne.
2003 3320 2269 3374 Cteterum
2302 3320 2525 3389 contingi
2555 3318 2724 3381 liabet,
2750 3333 2846 3387 pro
2868 3319 3089 3389 contingi
3113 3327 3310 3387 potest.
3340 3318 3467 3372 llel-

1881 3392 2140 3446 lenismus
2166 3402 2266 3454 est;
2298 3391 2472 3448 solent
2502 3392 2644 3444 enim
2675 3389 2849 3445 (ἶνωςί
2875 3389 3053 3445 dicere
3078 3404 3163 3444 ex.
3200 3404 3280 3459 gr.
3322 3393 3470 3451 εὕδεις

1882 3469 2033 3517 εἰπεῖν
2062 3472 2182 3531 εχει,
2216 3464 2387 3516 nullus
2417 3464 2585 3516 dicere
2616 3471 2796 3529 potest.

1951 3530 2131 3601 Neque
2152 3545 2363 3587 tenetur.
2394 3532 2549 3587 Nullo
2578 3532 2827 3587 videlicet
2851 3546 3010 3587 sensu
3049 3530 3347 3601 attingitur.

1960 3603 2246 3658 Voluntatis
2272 3605 2475 3657 delicta.
2504 3603 2647 3659 Mere
2672 3604 2869 3657 interna
2896 3603 3123 3659 scilicet.

1954 3676 2300 3730 Mediocritas.
2362 3674 2492 3744 Quae
2568 3675 2715 3729 velut
2759 3676 2810 3728 in
2833 3674 3081 3729 eonliniis
3130 3675 3342 3744 posita,
3388 3673 3469 3727 nl-

1879 3750 2047 3803 tcrius
2075 3759 2357 3817 penetrare
2377 3790 2389 3810 ,
2421 3747 2703 3817 ipsumque
2730 3746 2805 3801 rei
2834 3747 3175 3800 meditullium
3207 3745 3468 3815 attingi-re

1877 3821 2081 3887 nequit.
2113 3820 2239 3873 lla-c
2274 3819 2435 3887 igitur
2468 3820 2691 3871 humana
2722 3818 3039 3871 mediocritas
3071 3826 3151 3871 est
3172 3858 3185 3882 ,
3228 3826 3284 3870 ιιι
3325 3817 3469 3870 solos

1874 3901 2029 3961 actus
2056 3900 2289 3943 externos
2317 3889 2412 3961 (et
2446 3904 2513 3942 ne
2554 3889 2654 3942 bos
2698 3889 2911 3956 quidem
2955 3903 3190 3961 semper,
3229 3889 3467 3961 satisque

1878 3959 2012 4031 tuto)
2040 3958 2607 4031 perspiciut,intcrnos
2635 3973 2761 4013 vero
2792 3974 2963 4031 ncqu_c
2998 3960 3244 4027 inspicere
3272 3958 3463 4031 valeat.

1953 4029 2057 4085 I’ur
2080 4049 2179 4085 non
2208 4043 2297 4087 est.
2319 4030 2528 4086 Etenim
2551 4032 2661 4101 ipse
2683 4044 2896 4101 quoijuc
2918 4029 3120 4085 Prwtor
3143 4045 3243 4083 non
3264 4030 3465 4101 judicut

1873 4105 1937 4157 de
1962 4104 2191 4157 internis.

1947 4176 2055 4228 Sub
2084 4175 2211 4228 Deo.
2242 4174 2395 4230 Nullo
2423 4173 2672 4229 videlicet
2704 4173 2794 4229 Dei
2822 4182 3071 4242 respectu
3105 4172 3316 4227 habito.

1949 4246 2144 4313 Unde,
2198 4246 2233 4300 i.
2298 4264 2349 4301 e.
2423 4263 2512 4317 per
2585 4246 2764 4315 quod,
2836 4253 2891 4299 et
2985 4244 3467 4315 quoniudocunqnc

1873 4319 2110 4373 demum.

1945 4388 2195 4443 Decernat
2210 4389 2551 4458 injudiciutn.
2571 4385 2970 4442 Decernitenim
2990 4386 3135 4454 prius
3150 4383 3463 4457 injndiciuin

1874 4460 1973 4522 ire,
2001 4470 2287 4530 antequam
2314 4461 2365 4513 in
2396 4462 2511 4529 ipso
2525 4460 2722 4528 judicio
2748 4458 3023 4530 dccernat.
3064 4459 3305 4524 feratque
3340 4471 3467 4530 sen-

1872 4533 2116 4586 tentiam.
2143 4528 2247 4586 Aut
2273 4528 2500 4587 fortaSSe
2514 4530 2764 4600 judicium
2792 4528 2879 4584 hic
2910 4545 3004 4599 pro
3033 4530 3145 4597 ipSa
3178 4529 3466 4581 damnatio-

1873 4620 1954 4668 ne,
1990 4612 2043 4657 et
2094 4618 2248 4672 pmna
2302 4605 2437 4671 ignis
2473 4603 2679 4664 a'tcrni,
2718 4602 2933 4670 accipit,
2981 4611 3036 4653 ut
3076 4616 3234 4668 supra
3281 4615 3463 4672 exeni:

1875 4675 2017 4743 plum
2064 4669 2441 4737 occnrriltaut
2482 4673 2717 4742 denique
2759 4669 2878 4725 cum
2923 4690 2987 4725 eo
3024 4672 3299 4743 congruit,
3322 4669 3461 4738 quod

1868 4740 1996 4812 Cap.
2018 4762 2120 4812 seq.
2143 4745 2292 4799 initio
2316 4746 2559 4799 habetur:
2580 4740 2787 4797 I’tenam
2812 4758 3161 4798 PEMUDICIUI
3176 4740 3459 4795 destinarit.

1941 4815 2099 4886 Origo
2122 4831 2209 4868 est.
2242 4818 2390 4870 Alias
2406 4816 2550 4872 enim
2567 4824 2928 4869 nostrumesse
2947 4815 3176 4878 censeri,
3202 4812 3463 4883 nobisque

1865 4888 2113 4953 imputari
2140 4890 2341 4957 nequit.

1942 4959 2064 5014 Cum
2095 4976 2227 5028 ergo.
2258 4959 2489 5013 Subaudi
2514 4960 2748 5013 voluntas

1943 5025 2232 5083 Liberatur.
2284 5030 2586 5085 l'olcsthuc
2633 5028 2852 5097 intelligi
2894 5025 2961 5082 de
2998 5026 3290 5093 voluntate,
3344 5041 3464 5095 qum

1870 5119 1904 5156 α
1944 5102 2096 5170 culpa
2116 5103 2381 5163 liberatur,
2428 5118 2521 5156 seu
2567 5100 2865 5155 absolvitur:
2916 5100 2995 5152 vel
3029 5100 3094 5152 dc
3135 5098 3245 5166 ipsa
3288 5098 3461 5166 culptt,

1874 5188 1992 5243 quin
2024 5174 2287 5237 liberatur,
2324 5174 2373 5227 id
2395 5185 2498 5238 est,
2522 5174 2734 5227 tollitur.
2782 5169 2870 5225 Sic
2906 5172 3065 5224 etiam
3106 5172 3318 5243 liberare
3346 5186 3463 5236 pro-

1873 5240 2028 5299 missa
2050 5246 2302 5307 dicimur,
2336 5248 2547 5315 quando
2574 5260 2758 5299 eorum
2797 5243 3175 5313 obligatiOnem
3203 5240 3457 5295 tollimus.

1872 5330 1936 5370 ac
1958 5331 2301 5386 evacinimus,
2328 5317 2515 5371 eadem
2542 5316 2831 5386 implendo.

1948 5385 2235 5458 Intercipit.
2300 5386 2418 5453 Quo
2488 5383 2663 5441 minus
2713 5388 2918 5448 scilicet
2984 5385 3038 5439 in
3091 5398 3251 5458 opus»
3288 5383 3460 5452 ipsum

1870 5458 2044 5529 exire,
2100 5456 2151 5513 et
2192 5460 2553 5513 consummari
2597 5471 2801 5529 queat;
2870 5456 3348 5529 perpetrarcniin,
3393 5463 3465 5529 Aut

1870 5527 2063 5584 Festus
2086 5530 2181 5596 ait,
2206 5530 2295 5599 qui
2320 5545 2454 5598 Opus
2479 5524 2651 5599 ipsum
2680 5524 2904 5599 paragit.
2928 5524 2992 5583 ac
3025 5527 3257 5599 perlicit.
3288 5524 3464 5599 Potis-

1876 5602 2068 5654 simum
2092 5595 2269 5654 autem
2302 5595 2367 5655 de
2408 5595 2557 5655 malis
2577 5595 3151 5669 diciiurfqumnqitam
3192 5598 3350 5653 etiam
3397 5595 3465 5651 de

1876 5672 2020 5726 bonis
2044 5688 2424 5743 nonnunquam
2453 5674 2654 5728 dictum
2687 5673 3041 5730 inveniamus.

1950 5744 2111 5799 Suum
2133 5740 2315 5814 [κεναὶ.
2338 5745 2757 5811 Quantumerat
2796 5747 2847 5800 in
2884 5745 2997 5814 ipsa
3048 5740 3463 5814 voluntaleefll'

1874 5817 2075 5887 caeiter
2116 5812 2321 5887 aliquid
2372 5816 2606 5882 volente,
2648 5816 2759 5886 jam
2809 5813 3051 5887 perfecit.
3094 5816 3270 5883 Atque
3316 5812 3460 5875 hinc,

1875 5896 1935 5941 ut
1961 5885 2219 5957 Theologi
2247 5888 2415 5942 nostri
2441 5885 3012 5955 commu’niterdicunt,
3033 5894 3183 5941 actus
3208 5894 3463 5957 externus

1874 5958 2085 6016 interno
2111 5955 2303 6015 novatn
2337 5959 2535 6030 peccati
2565 5961 2777 6030 speciem
2806 5974 2913 6019 non
2954 5957 3316 6031 superinduct,
3345 5955 3460 6013 sedi
