4202 6496
723 413 861 475 I213

713 535 862 605 prior
891 534 976 592 ille
1006 533 1163 604 huius
1194 531 1842 605 merumcomplementum
1873 540 1973 584 est.

794 601 1135 672 Adfectioneitt
1182 609 1326 678 legis.
1369 604 1610 674 Namque
1643 613 1912 678 percepto
1965 601 1997 656 ϐ
2032 601 2302 678 Decalogi,

715 693 822 748 quo
856 678 1204 748 prohibentur
1229 673 1501 744 adulteria,
1527 673 1658 748 etc.,
1683 674 1842 730 etiam
1875 673 2302 748 novuuradjecit,

714 744 822 818 quo
851 744 1008 804 etiam
1040 753 1241 805 interna
1269 749 1524 813 voluntas,
1572 747 1693 801 licet
1719 760 1884 814 opetc
1910 744 2172 814 completa
2198 757 2304 799 non

714 819 896 886 fuerit,
927 825 1093 889 culpa:
1124 821 1424 890 subjicitur.

788 893 1046 947 Cominus.
1082 894 1187 948 Seu
1216 903 1334 946 actu
1359 893 1489 960 ipso.

786 963 1208 1020 Contaminasset.
1248 959 1426 1018 Omnis
1471 962 1557 1031 qui
1593 960 1772 1015 viderit
1797 960 2056 1012 mulierem
2080 959 2146 1010 ad
2177 973 2305 1031 con-

714 1037 1076 1106 cupiscendum
1123 1054 1231 1088 rant
1258 1078 1271 1097 ,
1317 1036 1429 1106 jam
1482 1029 1758 1106 haec/tatus
1799 1041 1868 1084 est
1922 1047 2032 1084 cum
2060 1032 2110 1082 in
2155 1029 2308 1084 corde

713 1102 826 1168 suo,
862 1112 936 1160 ait
960 1107 1202 1164 Christus
1231 1102 1484 1169 Ma'ttltwi,
1604 1119 1648 1157 υ.
1677 1102 1770 1158 28.

788 1179 1176 1244 Administrare,
1238 1180 1272 1232 i.
1304 1192 1354 1233 e.
1411 1192 1580 1247 agere,
1619 1176 1702 1230 vel
1729 1172 2213 1245 quomodoeunquc
2241 1171 2306 1225 ad

714 1250 966 1323 agendum
997 1265 1338 1305 concurrere.

786 1321 1069 1389 ιςπιηιηρὲι.
1117 1323 1243 1394 llaec
1297 1337 1394 1378 vox
1464 1317 1705 1373 nonnihil
1748 1315 2054 1394 diligentius
2105 1328 2308 1394 expett:

713 1391 891 1448 tlenda
922 1387 1025 1465 est,
1058 1409 1159 1462 qua
1203 1393 1398 1448 Noster
1443 1395 1656 1465 crebro
1685 1389 1873 1452 utitur,
1920 1397 1974 1441 et
2017 1401 2160 1465 quin,
2206 1387 2307 1465 nisi

712 1467 814 1520 rite
873 1459 1139 1520 intellecta
1197 1466 1389 1537 fuerit,
1466 1460 1692 1537 subinde
1743 1472 1963 1537 magnas
2012 1459 2304 1537 obscurita-

712 1546 796 1590 tes
824 1550 1009 1608 creare
1039 1547 1228 1605 potest.
1264 1529 1733 1608 Imprituisautem
1765 1529 2096 1608 notandum,
2137 1530 2306 1607 credi—

713 1617 844 1661 tores
870 1607 996 1662 olim
1029 1600 1242 1662 nomina
1273 1600 1492 1661 suorum
1523 1605 1800 1658 debitorum
1828 1603 1878 1654 in
1913 1600 2108 1652 tabulis
2133 1600 2307 1652 cereis

713 1679 855 1749 stylo
892 1679 1120 1750 quodam
1162 1679 1552 1750 descripsisse;
1595 1689 1881 1750 cutn_vero
1907 1672 2109 1750 eadem.
2127 1671 2307 1723 debita

710 1740 954 1804 cx'solut'a
987 1749 1243 1814 fuissent,
1285 1740 1467 1819 sicque
1499 1748 1587 1817 jus
1626 1745 1918 1819 creditoris
1948 1740 2304 1819 dissolutum,

712 1823 924 1895 nomina
961 1821 1048 1874 illa
1075 1833 1165 1876 aut
1194 1813 1395 1890 paucas
1422 1813 1692 1895 contigere
1715 1859 1727 1881 ,
1765 1825 1863 1895 ξιιμ-
1907 1813 2122 1895 inverso
2163 1815 2306 1895 style

711 1894 894 1958 delere,
925 1903 1083 1962 atque
1111 1885 1202 1948 sic.
1217 1909 1502 1964 expungere
1527 1885 1714 1964 solitos
1761 1886 1945 1964 fuisse.
1980 1885 2057 1964 lix
2085 1900 2189 1964 quo
2221 1892 2300 1936 Ia-

710 1942 1080 2028 abilities—lviii
1219 1942 1874 2033 titetaphoram
1917 1956 2039 2010 inde
2065 1942 2299 2020 ductam,
2332 1942 2379 2001 Β

711 2051 810 2108 pro
838 2038 1068 2104 implere,
1101 2051 1163 2091 ac
1195 2038 1436 2106 perﬁcere
1461 2043 1827 2108 usurpat-eluta

788 2099 978 2164 Verum
1009 2099 1251 2178 exempla
1277 2099 1384 2178 jam
1404 2122 1466 2180 ex
1491 2099 1717 2180 ipsumet
1750 2099 2088 2180 'l‘erlulliano
2115 2106 2300 2180 nostro

711 2180 1074 2250 proferamus,
1110 2167 1454 2248 ct'intpritnis
1486 2167 1813 2250 il'lud,_quod
1845 2172 1898 2224 in
1925 2169 1988 2223 L.
2020 2169 2136 2250 adv.
2169 2167 2300 2248 Jud.

711 2239 757 2308 ἓ.
794 2255 879 2307 Il.
917 2239 1106 2317 Itahei,
1152 2239 1470 2321 calorisque
1518 2239 1842 2302 luettle'ntius
1883 2254 1984 2322 est:
2037 2239 2214 2322 Neque
2248 2241 2300 2320 in

712 2325 922 2378 dubiant
967 2315 1248 2388 deducant,
1299 2315 1397 2377 vel.
1427 2331 1639 2391 negent,
1686 2332 1799 2386 qua:
1849 2315 2040 2381 scripta
2085 2315 2304 2391 proferi-

711 2414 844 2461 mus,
869 2426 940 2435 —
964 2408 1045 2463 ut,
1074 2412 1188 2464 qtae
1228 2384 1338 2464 post
1377 2384 1632 2464 Christum
1665 2384 1836 2464 futura
1860 2384 2302 2464 prccconebautur,

712 2454 998 2538 adimplcta
1033 2454 1422 2537 cognoscantur.
1467 2454 1814 2538 lvelllle_:t,’ltlm
1847 2457 1869 2538 .(
1890 2454 2098 2538 pergit)
2124 2454 2304 2538 dispo-

712 2543 826 2597 sitio
853 2532 1117 2610 expuncta
1147 2539 1451 2592 inveniretur
1469 2578 1482 2602 ,
1512 2536 1607 2610 nisi
1630 2532 1721 2610 ille
1747 2532 1994 2591 venisset,
2020 2533 2134 2596 post
2161 2541 2306 2610 quem

714 2595 962 2668 habebant
987 2613 1252 2681 expungi,
1289 2625 1405 2680 qua:
1445 2595 1835 2681 nuntiabantur,
1876 2612 1990 2681 qua:
2022 2595 2306 2681 completa

712 2701 819 2742 esse
856 2685 1005 2737 etiam
1045 2669 1399 2752 probareniur.
1437 2679 1524 2735 Sic
1564 2686 1615 2731 ct
1645 2675 1768 2752 ibid.
1802 2688 1850 2752 c._
1882 2669 2163 2752 llr-habet:
2196 2669 2307 2752 Cir-

713 2742 1277 2812 cumcisionis'carnalis
1301 2797 1315 2818 ,
1349 2765 1393 2807 et
1424 2753 1570 2824 Legis
1598 2747 1776 2802 veteris
1800 2742 2308 2826 abolitio-expuneta

713 2835 732 2904 (
758 2828 973 2898 impleta
1001 2844 1062 2884 ac
1090 2815 1456 2884 consummata
1479 2815 1516 2904 ί)’
1529 2826 1632 2904 suis
1662 2817 1966 2888 temporibus
1995 2815 2309 2904 demonstra-

714 2893 815 2958 iur.
837 2893 1162 2976 'llursusque
1192 2921 1310 2975 cap.
1335 2906 1369 2961 9
1403 2926 1415 2959 :
1447 2893 1576 2957 Tam
1606 2893 2311 2976 ξηισιιξθεηινι›ι’ρρ¹ιε¹¹¹¹,,ἶ”ῗέῗ

713 2979 966 3042 nuntiata,
993 2955 1143 3045 quiim
1175 2955 1393 3030 crcilitur
1417 2987 1695 3047 expuncto,
1726 2955 1838 3030 Lac.
1873 2971 2136 3040 intplelas-
2182 2955 2310 3010 Ιιθιιι

714 3051 842 3121 Cap.
865 3049 929 3104 I9.
951 3067 963 3102 :
993 3048 1112 3102 Non
1134 3060 1278 3102 erunt
1296 3052 1344 3102 in
1367 3049 1523 3121 alium
1543 3051 1865 3119 prophetam,
1887 3063 2035 3114 quant
2059 3061 2148 3121 per
2167 3059 2311 3121 quem

714 3114 975 3189 cxpuncta
1007 3122 1405 3175 consideramus.
1431 3114 1608 3176 Sed'et
1642 3114 1693 3174 in
1719 3121 1985 3190 Apologet.
2013 3114 2130 3170 adv.
2160 3114 2306 3170 (ient.

714 3195 998 3263 alipmties
1030 3195 1251 3263 recurrit
1280 3235 1291 3253 .
1327 3202 1382 3247 ut
1408 3209 1456 3247 c.
1485 3193 1520 3246 2
1556 3212 1567 3246 :
1603 3191 1781 3246 Debita
1799 3207 1959 3260 pana:
1986 3202 2182 3263 nocens
2207 3203 2310 3263 ra:-

715 3259 1013 3338 pungendas
1053 3274 1121 3316 est
1284 3280 1334 3319 e.
1360 3265 1596 3338 debitum
1640 3266 1766 3317 illud
1795 3264 1861 3338 ab
1887 3279 1950 3338 eo
1984 3259 2310 3338 itnplendntn

2127 415 2590 476 TERTL’LLIANI

3884 420 4030 476 ωδ

2489 533 2762 589 Saturans.
2795 535 2898 590 Pro
2924 534 3133 606 explens
3158 550 3220 592 ac
3252 535 3540 605 perﬁciens.

2489 606 2594 660 Pro
2618 611 2753 677 facto
2769 609 2936 674 cedat,
2968 610 3002 662 i.
3035 623 3085 663 e.
3121 625 3214 680 pro
3241 612 3379 680 facta
3426 609 3686 666 habeatur.

2915 770 3070 826 Nota:
3089 773 3157 826 ad
3187 770 3353 844 Caput
3381 772 3411 828 1
3427 773 3488 828 γ.

2488 907 2794 979 Spopondit.
2852 908 3064 964 Nullum
3121 926 3250 980 ergo
3304 925 3473 982 genus
3533 915 3785 982 peccati,
3844 929 4022 984 quan-

2415 989 2757 1057 tumcumque
2801 983 3017 1057 gravis,
3064 997 3102 1057 _a
3157 1000 3253 1050 spe
3298 985 3486 1050 veniae,
3536 996 3591 1040 et
3634 986 3808 1040 fructu
3841 983 4024 1057 panti-

2415 1053 2594 1106 tentite
2621 1053 2890 1115 excludit;
2935 1053 3074 1121 quod
3108 1057 3254 1109 claro
3285 1070 3472 1110 rursus
3503 1057 3699 1110 indicio
3725 1065 3807 1111 est
3825 1053 3858 1122 ,’
3891 1058 4025 1112 Ter-

2415 1125 2713 1187 tullianmn,
2764 1124 2888 1177 dum
2919 1123 3030 1178 hare
3077 1127 3357 1192 scriberet,
3412 1128 3644 1181 nondum
3694 1143 3722 1180 a
3764 1129 4024 1183 Montano

2413 1206 2720 1263 eorruptum
2756 1194 2942 1248 fuisse.
2987 1195 3195 1250 Nullam
3230 1199 3370 1252 enim
3423 1199 3526 1262 hic,
3561 1208 3615 1252 ut
3665 1199 3717 1252 in
3761 1197 3920 1253 Libro
3961 1201 4025 1252 de

2419 1263 2695 1340 Pudicitia,
2728 1283 2842 1340 cap.
2872 1265 2924 1340 2.
3001 1275 3126 1322 tunc
3150 1271 3260 1337 jam
3289 1279 3504 1338 apertus
3525 1269 3841 1325 Montanista
3868 1270 3889 1340 )
3913 1271 4026 1326 dis-

2415 1338 2730 1392 tinetionem
2784 1337 2909 1392 facit
2940 1337 3079 1392 inter
3111 1337 3337 1407 peceata
3359 1340 3683 1393 remissibilia
3713 1352 3768 1395 et
3792 1337 4023 1396 irremis-

2413 1407 2599 1461 sibilia.
2637 1407 2698 1461 Et
2726 1410 3183 1473 scentulum/iane,
3222 1413 3412 1481 pergit,
3447 1410 4024 1476 di/Ierentiamdclicto-

2412 1495 2525 1531 rum
2575 1485 2880 1547 paenitentia:
2920 1497 3117 1551 quoque
3159 1483 3383 1536 conditio
3442 1483 3846 1536 discriminatur.
3903 1486 4024 1538 Alia

2414 1551 2528 1614 erit,
2560 1568 2676 1620 qua:
2706 1554 2902 1606 veniant
2947 1555 3184 1622 consequi
3209 1556 3386 1624 possit,
3417 1555 3470 1607 in
3498 1555 3678 1612 delicto
3708 1556 3902 1608 scilicet
3942 1572 4024 1608 re-

2413 1623 2644 1694 niissibili
2671 1639 2688 1677 :
2716 1624 2820 1676 alia
2850 1639 2963 1693 qua:
2991 1623 3230 1694 consequi
3263 1626 3406 1678 nullo
3445 1628 3595 1678 modo
3627 1627 3803 1693 possit,
3834 1626 3887 1678 in
3931 1629 4025 1680 de-

2414 1691 2534 1745 licto
2559 1695 2749 1747 scilicet
2776 1691 3132 1750 irremissibili.
3155 1691 3226 1750 Ἐι
3255 1697 3330 1750 sic
3355 1711 3518 1765 porro
3539 1697 3603 1749 ad
3628 1691 4024 1752 examinandas

2418 1766 2972 1838 variasqpeccatoruin
3005 1768 3214 1836 species
3243 1768 3541 1822 descendit.
3576 1770 3894 1838 Quanquam
3922 1769 4022 1825 hac

2413 1833 2480 1888 de
2496 1850 2564 1909 re
2594 1833 2822 1892 fortasse
2848 1836 2972 1891 alibi
3008 1833 3248 1904 pluribus
3273 1853 3514 1909 agemus.

2487 1904 2758 1973 Poeaitere,
2797 1909 2832 1962 i.
2886 1922 2938 1964 e.
2978 1904 3331 1975 pcenitentiani
3366 1925 3494 1979 age;
3538 1924 3659 1963 nam
3719 1909 4020 1965 secundum

2409 1974 2550 2051 banc
2605 1979 2820 2048 phrasin
2879 1974 3133 2049 Vulgatus
3202 1974 3702 2050 nostcr'lnterpres
3766 1983 4019 2051 paniteor

2409 2050 2553 2119 verbi
2603 2051 2920 2119 deponentis
2967 2064 3125 2106 sensu
3174 2051 3250 2105 bis
3303 2053 3500 2116 utitur;
3553 2050 3802 2105 nimirum
3849 2052 4023 2105 Marri

2409 2117 2453 2186 Ι,
2511 2120 2598 2187 l5,
2650 2117 2736 2174 ubi
2796 2120 3041 2176 Christus
3085 2142 3097 2176 :
3138 2122 3464 2176 Pcrnitemini
3535 2123 3790 2188 (Gtmcus
3865 2123 4025 2177 habet

2407 2190 2740 2265 μετανᾳεῖτε),
2814 2204 2860 2245 et
2923 2194 3112 2247 credite
3165 2193 3469 2265 Evangelia.
3531 2195 3660 2248 Item
3723 2194 3862 2265 Δίκη
3915 2194 4019 2259 III,

2411 2262 2497 2329 19,
2532 2264 2618 2316 ubi
2649 2264 2705 2318 S.
2744 2265 2928 2318 Petrus
2960 2265 3025 2318 ad
3056 2262 3350 2334 populum}
3380 2264 3706 2319 Pwnitemini
3735 2264 3753 2335 (
3781 2282 4024 2332 μετινοτζο

2410 2335 2545 2400 σατι)
2575 2344 2620 2386 rt
2672 2337 3038 2400 convertimini,
3083 2345 3134 2387 ut
3168 2337 3433 2390 deleantur
3453 2346 3658 2405 peccata
3687 2347 3872 2389 vestra.
3917 2335 3990 2390 La
4010 2367 4023 2376 -

2414 2405 2507 2457 tini
2541 2405 2704 2459 verbo
2735 2407 2959 2476 paenitet,
3001 2418 3250 2477 tanquam
3301 2408 3654 2477 impersonali,
3686 2408 3864 2462 rarius
3906 2425 4026 2475 per-

2410 2477 2596 2550 sonati,
2628 2478 2713 2550 vi_x
2745 2494 2973 2547 unquam
3001 2495 3099 2532 ceu
3128 2479 3399 2550 deponenti
3422 2490 3656 2533 utuntur.

2497 2547 2636 2602 Vivo.
2671 2548 2921 2603 Fet-mula
2957 2551 3047 2605 Dei
3077 2547 3272 2620 saepius
3305 2551 3374 2604 ita
3402 2551 3633 2620 jar-antis
3675 2565 3770 2620 per
3798 2553 4028 2607 semeti-

2413 2633 2591 2689 psum.

2491 2689 2870 2744 Prwstmaiam.
2910 2690 3019 2745 Ilac
3046 2706 3176 2746 voce
3203 2692 3253 2746 in
3290 2691 3482 2746 malam
3505 2701 3705 2760 partem
3739 2705 3838 2761 pro
3857 2694 4029 2747 ercet-

2415 2759 2569 2814 lentia
2621 2761 2806 2825 utitur,
2838 2777 2943 2832 quo
2991 2777 3150 2818 sensu
3193 2765 3442 2818 nimirum
3473 2759 3531 2818 S.
3585 2759 3780 2817 Paulus
3817 2763 4026 2829 lTim.,

2419 2833 2469 2894 I,
2532 2833 2597 2899 5,
2652 2848 2710 2888 sc
2762 2835 2900 2888 inter
2960 2844 3267 2902 peccatores
3333 2836 3553 2905 prinnnn
3619 2835 3795 2899 dixit,
3875 2839 4030 2904 quasi

2416 2919 2605 2958 omnes
2635 2906 2768 2958 alios
2814 2916 3154 2975 peccatorum
3185 2923 3404 2961 suorum
3452 2907 3712 2978 gravitate
3758 2921 4028 2976 superatio

2418 2983 2520 3028 tetn
2532 3016 2544 3028 .

2490 3049 2740 3117 Agnosco.
2797 3049 2920 3104 Haec
2967 3050 3308 3115 Tertulliani,
3359 3050 3535 3105 adhuc
3568 3052 3846 3105 humiliter
3876 3051 3947 3105 de
3973 3067 4031 3105 se

2417 3121 2717 3184 sentientis,
2771 3138 2873 3174 non
2935 3123 3150 3191 superbi
3203 3121 3553 3184 Montanium.
3608 3138 3671 3177 ac
3729 3123 4032 3178 insolenter

2418 3201 2606 3263 contra
2653 3192 2944 3246 Ecclesium
2984 3194 3155 3258 ipsam
3197 3195 3538 3263 insurgentis,
3573 3210 3674 3248 vox
3719 3193 3918 3250 fuerat.

2497 3259 2716 3334 Fidem,
2752 3278 2847 3318 seu
2881 3265 3176 3330 ﬁdelitatem
3241 3265 3292 3318 in
3343 3259 3619 3318 saltando.
3672 3269 3846 3334 Atque
3905 3265 4031 3319 inde

714 3329 842 3399 est:
862 3354 953 3392 seu
986 3329 1246 3391 sententia
1280 3338 1330 3389 in
1362 3353 1481 3390 eum
1514 3337 1614 3390 lata
1647 3334 1948 3389 executioni
1983 3329 2307 3406 mandanda)
2341 3334 2384 3396 ρ
2419 3333 2733 3406 pantitentia
2764 3377 2777 3400 ,
2821 3329 3043 3388 secunda
3089 3345 3199 3403 post
3263 3335 3590 3406 naufragium
3632 3329 3809 3389 tabula
3876 3337 4032 3391 dein-

715 3426 816 3463 tton
847 3409 1161 3463 eximendus.
1196 3408 1260 3461 Ει
1285 3423 1401 3478 cap.
1440 3408 1523 3462 I5.
1560 3407 1817 3478 libidinem
1843 3408 2097 3478 expungi,
2131 3401 2178 3452 id
2207 3411 2309 3463 est,

714 3483 925 3549 expleri,
962 3495 1053 3553 seu
1083 3478 1257 3553 perﬁci
1279 3521 1291 3540 ,
1323 3473 1415 3532 ait.
1447 3478 1577 3533 Item
1604 3493 1722 3553 cap.
1753 3476 1859 3553 2t);
1893 3473 2063 3553 Unum
2088 3483 2160 3553 est
2189 3483 2315 3553 tem-

716 3547 810 3622 pus
841 3552 1156 3614 divinationi,
1193 3555 1369 3618 futura
1398 3551 1634 3618 prie/'anti
1662 3547 1803 3622 apud
1830 3547 2316 3622 honti_nrs,_siulort_e

715 3616 1065 3690 distinguitur,
1086 3616 1206 3674 dum
1231 3616 1576 3689 expungitur,
1601 3616 1704 3675 etc.
1727 3620 1790 3674 Et
1812 3637 1926 3686 cap.
1950 3618 2042 3690 2|,
2071 3616 2136 3690 dc
2158 3616 2310 3690 Chri-

717 3706 801 3750 sto
827 3683 900 3749 ait
925 3737 937 3756 ,
968 3683 1062 3774 qui
1087 3695 1201 3774 jam
1233 3683 1513 3774 expunctus
1555 3683 1626 3744 est
1657 3683 1974 3774 (implevit)
2015 3689 2063 3739 in
2108 3687 2316 3767 humili-

716 3775 818 3819 tate
847 3765 1150 3818 conditionis
1176 3765 1430 3818 humana).
1455 3763 1562 3818 Nec
1586 3777 1689 3815 n0:t
1719 3777 1768 3817 c.
1793 3763 1894 3832 55.:
1924 3762 2027 3812 Cur
2048 3762 2177 3812 enim
2206 3768 2317 3832 vota

716 3849 764 3891 et
790 3838 978 3905 gaudia
1007 3836 1268 3890 Cres-arum
1300 3835 1423 3888 casti
1449 3877 1462 3897 ,
1493 3846 1538 3887 et
1566 3833 1756 3899 sobrii,
1785 3844 1833 3888 et
1867 3829 2020 3901 'probi
2061 3829 2314 3905 expungi-

717 3901 872 3962 mus?
905 3908 1142 3978 Denique
1173 3908 1300 3974 Cap.
1333 3905 1403 3960 48
1435 3926 1445 3960 :
1486 3905 1628 3959 Tunc
1654 3907 1944 3959 restituetur
1973 3901 2314 3978 omne/mnta:

717 3997 839 4033 num
871 3997 1026 4051 genus
1055 3973 1124 4032 ad
1151 3973 1566 4049 expungendum,
1597 3979 1732 4048 quod
1763 3978 1813 4031 in
1840 3979 1935 4031 isto
1965 3991 2070 4030 (evo
2097 3974 2212 4027 boni
2242 3973 2318 4028 vel

717 4053 840 4105 ntali
872 4053 1065 4105 merttit.

792 4124 894 4176 Sed
928 4124 993 4176 de
1022 4120 1239 4191 reliquis
1273 4121 1513 4190 ejusdem
1555 4120 1728 4175 Libris
1772 4121 1973 4190 pariter
2019 4117 2313 4191 videamus.

719 4193 807 4248 Sic
830 4211 957 4263 ergo
985 4196 1034 4248 in
1071 4187 1222 4245 Lfde
1258 4187 1372 4244 Pot.
1408 4209 1453 4246 c.
1491 4193 1571 4256 ts,
1611 4187 1793 4244 habet}
1820 4191 2032 4263 Omnem
2063 4187 2321 4263 patientia:

719 4257 933 4332 speciem
963 4266 1203 4318 adversus
1227 4280 1423 4316 onmem
1451 4265 1637 4317 diaboli
1668 4267 1761 4316 vim
1789 4262 2054 4330 expanxit.
2089 4260 2152 4313 Et
2182 4261 2230 4332 in
2257 4257 2316 4312 L.

718 4331 786 4391 de
818 4336 940 4391 Cor.
968 4337 1079 4393 mil.
1106 4351 1154 4390 c.
1187 4337 1208 4390 I
1235 4353 1246 4388 :
1277 4334 1712 4403 Expungebantur
1732 4337 1782 4387 in
1802 4335 1976 4388 castris
2002 4332 2184 4384 milites
2208 4331 2322 4382 ltiti-

720 4412 882 4470 rcati;
911 4423 1032 4462 cum
1064 4408 1206 4462 enim
1237 4423 1329 4477 per
1359 4423 1615 4462 numeros
1643 4421 1742 4460 suo
1771 4407 1959 4460 ordine
2007 4406 2317 4477 transirent,

721 4480 1032 4533 donativum
1066 4474 1356 4548 accepturi,
1381 4494 1445 4532 eo
1475 4487 1716 4546 accepto,
1752 4478 2081 4547 singulorum
2106 4474 2320 4548 nomina

724 4553 811 4605 vel
861 4561 1058 4620 puncto
1103 4547 1444 4614 notabantur,
1478 4549 1556 4604 vel
1609 4552 1820 4618 penitus
1857 4547 2319 4620 expungebantur,

724 4617 872 4678 velut
901 4623 951 4675 in
984 4620 1178 4688 quibus
1213 4621 1295 4674 illa
1327 4621 1536 4691 largitio
1560 4617 1668 4688 jam
1708 4621 1937 4673 absoluta
1978 4635 2039 4672 ac
2073 4617 2322 4691 completa

721 4705 882 4749 esset.
919 4693 1052 4747 InL.
1078 4693 1143 4746 dc
1175 4689 1492 4746 Exliortfad
1537 4692 1687 4746 Mart.
1728 4707 1776 4746 c.
1811 4691 1879 4746 ϐε
1913 4691 2042 4756 Quot
2083 4707 2113 4741 (ι
2163 4689 2321 4740 latro-

2419 3419 2550 3471 ceps
2605 3405 2743 3458 dicta
2819 3407 2934 3460 l'uit.
3012 3407 3161 3460 IIunc
3212 3407 3314 3460 Ioc.
3382 3405 3670 3462 S.’Antbr.
3739 3406 3825 3462 vel
3895 3409 4033 3462 alios

2418 3475 2610 3548 author
2642 3477 2689 3528 in
2725 3477 2822 3544 lz'p.
2866 3479 2932 3530 ad
2967 3477 3108 3548 Virg.
3145 3479 3346 3546 lapsam
3377 3479 3597 3546 pulchre
3642 3480 3884 3533 imitatus
3909 3492 3992 3532 est
4017 3522 4030 3541 ,

2420 3546 2490 3599 ita
2534 3548 2775 3603 eamdem
2806 3546 3083 3619 alloquens
3115 3569 3126 3602 :
3159 3551 3284 3614 ,δρα
3311 3559 3384 3613 tu,
3417 3566 3531 3618 qua:
3559 3552 3672 3621 jam
3709 3551 3946 3621 ingressa
3981 3569 4033 3604 es

2418 3635 2630 3686 agonem
2688 3622 3019 3684 paenitentiae,
3083 3623 3258 3674 insiste
3306 3622 3489 3674 misera
3547 3623 3783 3692 fortiter,
3839 3623 4034 3674 ialm-re

2420 3699 2658 3751 tanquam
2705 3707 3011 3747 narrasses
3042 3707 3286 3746 unum.
3321 3693 3426 3746 Sed
3453 3707 3548 3746 nec.
3577 3694 3751 3745 minus
3793 3693 3851 3747 S.
3882 3694 4028 3746 Ilier.

2422 3761 2473 3814 itt
2510 3759 2608 3827 lfp.
2644 3761 2751 3814 VIII
2781 3763 2846 3814 ad
2893 3763 3264 3817 Demetriadem
3298 3763 3478 3816 itidetn
3509 3764 3570 3816 de.
3602 3763 3911 3815 I’arnitentia
3958 3765 4034 3819 lo-

2421 3847 2589 3899 quens
2622 3850 2632 3884 :
2667 3831 2791 3896 Illa,
2825 3835 2968 3897 quasi
3001 3849 3238 3888 SECUNDA
3288 3849 3418 3888 POS't'
3463 3849 3807 3889 sacratam!
3839 3836 4033 3887 miseris

2423 3904 2625 3976 tabula,
2657 3915 2752 3958 etc.
2791 3906 2962 3974 Atque
2999 3908 3076 3960 sic
3118 3905 3372 3976 deinceps
3401 3905 3488 3960 alii
3520 3906 3614 3962 SS.
3661 3905 3854 3960 Patres
3897 3905 4033 3960 Itane

2423 3975 2641 4046 phrasin
2671 3976 3013 4046 adtqitaruut.

2497 4045 2804 4103 Perlerabit.
2827 4049 3003 4119 Aliqui
3031 4047 3257 4103 CodiCes
3300 4048 3580 4118 perlavabit
3619 4047 3836 4119 legunt:
3874 4047 3926 4100 ui
3949 4048 4034 4102 nis

2425 4118 2639 4185 inepte;
2670 4136 2734 4171 an
2778 4118 2941 4178 enim.
2976 4121 3062 4189 qui
3122 4120 3374 4174 ﬂuctibus
3421 4118 3705 4175 immersus
3764 4119 4030 4183 subsedit,

2426 4203 2586 4258 porro
2629 4190 2958 4260 perlncmlns,
3016 4199 3108 4244 aut
3152 4207 3256 4245 non
3317 4192 3492 4261 potius
3543 4190 3919 4261 prolevandus,
3977 4203 4030 4245 et

2424 4261 2770 4314 extrahendus
2801 4264 2917 4316 est?

2500 4329 2800 4386 Protelabit.
2836 4334 3106 4387 l‘rotelare
3133 4342 3215 4388 est
3264 4333 3461 4403 aliquid
3519 4333 3738 4401 protelo,
3788 4345 3888 4387 seu
3919 4349 4038 4385 con-

2427 4405 2568 4456 tinuo
2619 4413 2806 4467 tractu,
2871 4420 3188 4469 promerere
3241 4416 3332 4460 aut
3387 4405 3709 4474 propellere,
3741 4412 3801 4457 ut
3843 4419 4038 4471 nempe

2426 4474 2610 4537 boves,
2641 4477 2814 4530 eidem
2843 4477 2970 4544 jngo
2999 4476 3262 4542 adstricti,
3300 4477 3410 4545 pari
3441 4486 3493 4530 et
3520 4475 3764 4544 :cquablli
3798 4476 4037 4544 impulsu

2429 4546 2722 4613 procedere
2754 4549 2942 4617 solent.
2981 4546 3133 4601 Unde
3167 4550 3324 4600 etiam
3355 4548 3526 4602 lorum
3558 4547 3684 4600 illud
3717 4546 4036 4617 oblongum,

2427 4618 2568 4686 quod
2595 4632 2688 4671 eos
2711 4618 2838 4686 jugo
2873 4616 3055 4684 illigat,
3098 4619 3347 4686 protelunt
3376 4618 3630 4686 appellari
3656 4617 3783 4672 olim
3808 4616 4042 4672 Consue-

2430 4690 2521 4740 vit.
2559 4689 2622 4742 Et
2647 4690 2767 4740 hinc
2795 4701 2876 4743 est
2909 4690 3035 4742 illud
3067 4691 3285 4744 Catenis
3312 4690 3380 4744 dc
3403 4689 3480 4744 lic
3513 4699 3642 4743 rust.
3681 4688 3898 4743 Protelo
3924 4691 4040 4742 trini

723 4765 872 4818 nibus
897 4769 1054 4836 ferro,
1081 4762 1141 4815 ab
1170 4762 1395 4836 hostibus
1421 4765 1572 4817 etiam
1605 4780 1770 4826 cruce,
1803 4733 2142 4836 ρπιίἦιειίβηηι
2162 4801 2176 4824 ,
2209 4761 2326 4836 torti
2351 4733 2403 4792 D
2431 4762 2575 4836 bores
2607 4769 2833 4812 aratrum
2863 4777 3016 4814 unum
3048 4761 3250 4836 ducent.
3286 4761 3434 4815 llautl
3467 4761 3687 4836 dubium
3719 4771 3905 4814 autem
3936 4772 4038 4836 est,

726 4830 1053 4905 priusiquin
1088 4844 1134 4887 ct
1174 4834 1310 4886 omni
1353 4835 1656 4887 contumelia
1686 4835 1966 4902 expuncti?
2012 4833 2060 4905 I._
2082 4830 2323 4905 c.__otuni

725 4901 1047 4962 contumelia
1076 4907 1126 4958 Ill
1159 4905 1262 4959 illis
1291 4906 1429 4959 velut
1456 4916 1826 4960 consummata.
1857 4906 1918 4958 I'lt
1947 4905 1995 4956 Ill
2044 4902 2105 4956 I..
2130 4901 2170 4955 II
2200 4901 2322 4954 adv.

727 4978 890 5034 Marc.
919 4994 970 5032 c.
1003 4976 1076 5031 20
1108 4995 1120 5031 :
1157 4977 1321 5030 Suam
1346 4978 1588 5047 papulum
1634 4978 1685 5029 in
1731 4986 1952 5042 tempore
1993 4973 2326 5047 expeditionis

727 5061 965 5121 angusto,
995 5048 1170 5121 aliquo
1197 5049 1379 5121 solatio
1411 5045 1576 5121 tacita:
1603 5047 2025 5121 compensationis
2057 5045 2325 5121 expuunt,

729 5114 823 5176 seu
855 5114 1111 5191 implevit.
1144 5119 1230 5173 Sic
1265 5121 1313 5172 in
1349 5119 1410 5173 L.
1439 5119 1504 5173 de
1542 5121 1692 5174 Orat.
1719 5114 1857 5187 ἵκει).
1895 5120 1945 5191 l,
1981 5114 2326 5191 I'Jvangeliutn

727 5188 1090 5261 expunctorem
1118 5191 1267 5244 totius
1293 5201 1425 5244 retro
1454 5193 1711 5244 vetustatis
1733 5190 1984 5260 appellat,
2016 5191 2064 5242 in
2096 5201 2200 5255 quo
2226 5188 2331 5238 sci-

727 5265 848 5319 licet
879 5281 972 5332 per
1008 5262 1291 5332 Christum
1329 5263 1565 5330 impleta,
1609 5273 1662 5316 et
1703 5271 2071 5317 consummata
2089 5270 2234 5332 _sunt
2265 5271 2327 5312 ea

726 5328 908 5390 omnia
931 5377 945 5396 .
988 5350 1107 5403 qua:
1158 5334 1210 5404 in
1254 5328 1431 5389 Veteri
1461 5334 1600 5404 Lege
1629 5333 2058 5403 priesignitieata.
2088 5328 2326 5383 Tandem

729 5407 891 5461 etiam
920 5408 973 5461 itt
1003 5404 1068 5459 L.
1096 5405 1159 5458 de
1185 5403 1326 5459 ldol.
1359 5421 1406 5462 c.
1439 5406 1525 5470 16,
1550 5403 1659 5459 ait:
1709 5405 1769 5460 Si
1798 5420 1885 5457 nec
1923 5404 2155 5456 invocata
2177 5443 2192 5466 ,
2240 5417 2330 5453 nec

730 5480 784 5532 in
813 5479 1067 5545 sacriﬁcio
1097 5477 1158 5530 sit
1189 5476 1365 5548 titulus
1386 5477 1532 5548 oﬂicii
1559 5487 1603 5529 et
1631 5491 1936 5548 oper-temere
1956 5471 2327 5548 expunetiolid

726 5557 830 5613 est,
863 5543 1144 5612 exhibitio,
1173 5554 1226 5601 ct
1253 5543 1730 5619 ofticifimpletio),
1766 5547 1886 5616 quid
1915 5547 2057 5600 tum?
2086 5553 2189 5599 etc.
2227 5543 2327 5619 Ubi

728 5619 878 5674 vides
904 5619 1081 5674 omnia
1112 5620 1225 5671 haec
1257 5619 1368 5674 loca
1403 5615 1568 5674 ferme
1593 5618 1658 5673 ad
1689 5615 1938 5673 eamdem
1978 5615 2321 5687 significatio-

731 5706 853 5745 nem
890 5693 1083 5746 rcdire.
1126 5689 1287 5759 Igitur
1327 5693 1484 5745 etiam
1528 5692 1627 5746 hac
1672 5691 1847 5759 phrasi
1889 5707 1975 5760 per
2013 5687 2320 5760 voluntatem

729 5765 977 5832 expungit
1008 5761 1274 5828 eﬂ'ectum,
1304 5762 1472 5818 voluit
1506 5762 1709 5826 dicere,
1739 5759 1896 5832 quod
1920 5763 2035 5830 ipsa
2075 5759 2320 5832 voluntas

731 5830 930 5903 aliquid
973 5833 1238 5888 eflieiendi
1282 5849 1379 5904 pro
1421 5836 1536 5904 ipso
1579 5833 1716 5888 laeto
1739 5830 1847 5902 jam
1883 5833 2102 5900 impleto
2130 5830 2325 5904 hahea—

733 5901 837 5966 tur,
891 5917 946 5960 ut
991 5901 1298 5958 contextus
1327 5901 1453 5975 ipse
1485 5901 1840 5961 demonstrat.
1891 5905 2020 5958 Vide
2060 5905 2221 5959 etiam
2263 5901 2325 5954 tle

731 5975 1025 6049 l’rwscript.
1053 5976 1180 6050 Cap.
1210 5975 1258 6028 X
1267 6016 1280 6030 .

2433 4831 2569 4884 lianc
2599 4847 2781 4886 vaecnt
2819 4848 3008 4901 gratae
3043 4833 3259 4901 originis
3285 4847 3427 4897 esse,
3468 4842 3522 4886 et
3558 4833 3797 4900 quidem,
3836 4842 3895 4886 ut.
3941 4832 4043 4884 [)6-

2431 4916 2581 4956 natus
2611 4909 2738 4967 vnit,
2770 4920 2797 4954 a
2828 4912 2997 4974 πρὸδυι
3026 4909 3143 4958 iiii-1
3169 4947 3183 4970 ,
3215 4904 3355 4972 quod
3384 4915 3464 4958 est
3488 4913 3604 4957 ante
3624 4911 3678 4957 et
3699 4904 3927 4968 trahere,
3954 4904 4042 4956 de-

2431 4976 2662 5029 ductam.
2698 4974 2797 5028 Atii
2827 4990 2952 5029 vero
2975 4989 3002 5026 a
3026 4985 3159 5038 τῖλε,
3188 4991 3283 5030 seu
3314 4980 3495 5038 mittat,
3540 4975 3679 5042 quod
3724 4984 3810 5029 est
3853 4975 4038 5045 longe,

2431 5047 2694 5110 derivant,
2745 5061 2812 5100 eo
2864 5045 3005 5114 quod
3054 5048 3261 5112 protelo
3305 5046 3505 5116 longior
3553 5045 3800 5113 quaedam
3851 5049 4042 5099 tractio

2433 5119 2542 5170 liat.
2576 5117 2749 5171 Varia:
2784 5119 3001 5186 insuper
3029 5118 3174 5171 vocis
3201 5118 3338 5171 illius
3369 5129 3491 5171 sunt
3519 5117 3908 5171 translationes
3932 5159 3947 5180 ,
3980 5117 4040 5170 de

2432 5188 2643 5258 quibus,
2677 5189 2720 5242 si
2752 5189 2942 5251 otium,
2974 5188 3187 5242 videndi
3220 5201 3340 5242 sunt
3371 5187 3740 5243 Grannnatici.

2507 5260 2815 5327 Ιηομὶηαιω.
2857 5259 3056 5313 Tabula
3089 5261 3230 5313 enim
3258 5276 3284 5311 a
3315 5262 3571 5329 naufrago
3613 5261 3808 5312 frustra
3843 5262 4039 5329 qna-ti-

2435 5341 2539 5394 tur,
2571 5334 2670 5386 nisi
2691 5335 2910 5400 jainjam
2941 5330 3349 5400 tIcSperautibus
3368 5331 3530 5386 subito
3559 5345 3616 5386 se
3645 5329 3859 5384 olferat.

2514 5405 2828 5467 Animorum,
2873 5406 2983 5456 i.e.
3036 5405 3375 5457 voluntatum.
3427 5404 3507 5457 An
3556 5402 3697 5456 enitn
3757 5402 3808 5453 id
3860 5402 4040 5456 famuli

2433 5475 2870 5599 sbsequ‘gttttt'qttis
2895 5475 3202 5540 wstimabit,
3235 5474 3377 5544 quod
3403 5474 3600 5529 ablteri
3641 5473 3724 5528 sui
3764 5473 4042 5527 voluntate

2473 5561 2609 5599 tscor
2652 5549 2735 5599 :tt'.

2431 5546 2744 5602 discordat?

2510 5617 2612 5671 Per
2637 5618 2752 5682 hoc,
2785 5619 2820 5671 i.
2864 5633 2913 5673 e.
2948 5628 3236 5689 prapterea.
3269 5615 3373 5689 Alii
3399 5615 3612 5672 codices
3651 5631 3745 5686 pro
3796 5617 3918 5681 hoc,
3951 5631 4041 5670 seu

2426 5705 2523 5762 pro
2552 5699 2693 5742 tanta
2720 5687 3014 5762 argumenti
3044 5687 3413 5762 amplitudine,
3444 5689 3658 5742 habent.

2499 5758 3013 5832 Angustiisrlngenii
3053 5761 3319 5823 videlicet,
3368 5770 3460 5813 aut
3497 5760 3760 5830 temporis,
3792 5758 3879 5815 vel
3913 5774 4040 5830 quo-

2427 5832 2722 5889 modolihet
2751 5835 3024 5901 pra-liniue
3055 5832 3450 5901 descriptionis.

2499 5903 2698 5957 Bonum
2721 5915 2812 5958 est.
2842 5904 3108 5974 Nobisquc
3133 5905 3273 5958 utile.

2503 5976 2818 6031 Auscultare.
2869 5977 2973 6032 l’ro
3025 5973 3234 6032 obedire
3293 5973 3381 6033 hic
3441 5973 3650 6045 accipit.
3705 5973 3815 6032 Sed
3844 5973 4038 6032 frustra
