4184 6496
711 402 848 460 {illi}

2148 395 2608 456 TEIITULLIANI

3886 394 4031 450 I220

711 524 852 579 tam,
928 528 1030 582 qua
1106 510 1426 568 valetudinis
1452 551 1467 574 ,
1504 582 1509 583 ί
1543 518 1635 564 aut
1685 509 1910 565 aliorum
1968 512 2303 581 negotiorum
2334 512 2383 572 Α
2414 511 2735 583 (duraturis,
2768 524 2940 582 neque
2962 509 3073 580 jam
3098 507 3328 583 amplius
3353 508 3623 580 delendis)
3653 509 3707 563 in
3729 518 3844 564 cute
3894 526 4033 577 νηη-

709 601 891 649 causa,
924 585 1249 654 aliquamdiu
1280 600 1309 638 a
1353 582 1545 638 castris
1572 583 1762 638 abesse
1796 584 1923 653 ipsis
1963 584 2105 647 licet,
2140 586 2306 654 signi-

715 660 897 711 ficans.
936 656 1237 725 Aliquando
1263 655 1423 709 etiam
1456 654 1794 725 lpSlllllillltltl
1843 655 2065 723 spatium
2110 666 2306 725 tempo-

709 730 802 793 ris,
831 743 936 797 quo
978 724 1149 791 miles,
1178 727 1502 797 aliquorsum
1532 724 1820 795 profectus,
1849 742 1878 779 a
1906 727 2097 781 castris
2132 724 2304 792 abest,

710 799 966 854 denotat:
1000 799 1107 851 imo
1138 807 1191 852 et
1223 814 1317 866 pro
1361 798 1470 865 ipsa
1504 812 1711 849 annona
1735 839 1749 862 ,
1796 797 1846 850 in
1890 799 2124 851 viaticum
2162 798 2307 862 data,

713 884 1090 939 nonnunquam
1117 869 1394 936 accipitur.
1422 867 1684 939 Exempla
1708 870 1845 936 apud
1876 868 2125 923 Nostrum
2158 886 2310 923 cont-

714 942 861 1011 plura
890 936 1132 995 exstant;
1160 948 1216 994 ut
1239 940 1418 1008 Apol.,
1446 954 1496 992 (ξ.
1518 939 1589 1011 ὃξ
1618 936 1761 992 :Vim
1783 942 2057 993 maximam
2080 942 2312 994 universo

711 1008 819 1065 orbi
846 1012 1255 1083 imminentem...
1294 1011 1514 1083 Romani
1555 1008 1767 1075 Imperii
1796 1022 2075 1064 commeatu
2106 1011 2125 1083 (
2149 1014 2311 1078 spatio

712 1084 970 1153 temporis,
1002 1082 1145 1153 quod
1174 1083 1335 1153 Deus,
1354 1080 1498 1136 velut
1520 1095 1765 1135 summus
1795 1080 2310 1151 Imperaturjeidem

710 1168 1069 1226 concessurus
1100 1152 1222 1226 est)
1256 1155 1445 1207 scimus
1486 1152 1770 1226 retardari.
1808 1154 2007 1207 liodcm
2051 1169 2211 1209 sensu
2259 1156 2312 1208 in

712 1225 773 1276 L.
808 1226 926 1279 adv.
962 1223 1150 1289 Prax.,
1192 1223 1237 1277 ὸ.
1273 1226 1326 1290 I,
1367 1225 1596 1296 sumitur
1621 1240 1649 1296 :_
1666 1223 1771 1278 Sed
1798 1235 1843 1278 et
1879 1227 2040 1277 denuo
2077 1226 2311 1279 eradica-

723 1297 858 1349 bitur
892 1296 945 1349 in
983 1297 1080 1349 isto
1120 1305 1448 1358 commeatu,
1491 1294 1595 1350 etc.
1622 1294 1712 1348 Sic
1757 1296 1808 1349 in
1858 1298 2033 1363 Apol.,
2068 1312 2185 1365 cap.
2217 1296 2309 1360 46,

711 1377 1045 1438 commeatum
1067 1366 1379 1421 deliberandi
1410 1382 1544 1437 stepe
1566 1370 1868 1438 frustratum
1894 1367 2045 1438 dicit.
2082 1368 2149 1422 Et
2175 1370 2223 1420 in
2251 1368 2311 1422 L.

714 1438 782 1491 tle
811 1437 952 1507 Fuga
985 1439 1034 1491 in
1062 1440 1302 1506 l’crsee.,
1331 1455 1380 1492 c.
1411 1439 1467 1505 9,
1486 1436 1685 1491 lucrari
1708 1455 1800 1491 nos
1823 1436 1927 1491 vult
1956 1450 2311 1493 commeatum.

719 1508 1029 1578 IltlrSIISque
1057 1511 1111 1563 in
1138 1508 1197 1561 L.
1226 1510 1287 1564 II.
1325 1509 1443 1562 adv.
1486 1508 1681 1571 Μαῖα,
1710 1525 1758 1561 c.
1790 1510 1878 1565 10.
1908 1511 1980 1562 ait
2005 1528 2015 1561 :
2043 1509 2310 1564 Commea-

702 1590 826 1635 .tnm
868 1580 1248 1653 operationibus
1279 1583 1387 1653 ejus
1417 1579 1755 1653 admetientlo.
1796 1582 2039 1653 rationem
2078 1582 2312 1635 bonitatis

708 1666 814 1705 sua:
838 1651 1202 1722 egit.Denique
1230 1652 1281 1705 in
1300 1651 1371 1706 'L.
1395 1652 1456 1705 de
1482 1668 1569 1705 an.
1598 1668 1642 1704 c.
1675 1652 1771 1705 50:
1804 1651 1937 1722 Quia
1958 1669 2046 1705 nec
2066 1657 2311 1720 pariasset

720 1726 738 1792 (
766 1720 1086 1793 par—fuisset,
1121 1732 1176 1777 et
1217 1740 1279 1777 ex
1310 1738 1463 1792 aequo
1496 1720 1832 1793 Congruens)
1866 1733 2194 1778 commeatus
2229 1726 2309 1777 hic

716 1795 830 1847 vita:
860 1792 1122 1857 milliaria,
1156 1797 1369 1863 tempori
1399 1794 1548 1864 longe
1568 1794 1757 1847 scilicet
1792 1792 2007 1848 brevior.
2041 1796 2309 1851 Caeterum

715 1875 836 1935 post
859 1876 1212 1920 commeatum
1235 1866 1574 1935 subintellige
1599 1866 1759 1935 magis
1783 1864 1869 1919 vel
1892 1866 2057 1933 potius
2082 1884 2098 1929 ;
2125 1876 2178 1920 et
2200 1866 2308 1919 lor-

716 1947 859 1991 tasse
901 1936 1014 1991 [nec
1058 1936 1243 1990 vocula
1275 1936 1473 1991 excidit
1499 1934 1563 1991 ex
1607 1934 1708 1989 hac
1738 1937 2173 2005 comparatione,
2218 1945 2310 1990 aut

714 2006 1061 2077 periellipsin,
1097 2006 1301 2061 Οτωςὶε
1328 2008 1683 2076 frequentem,
1712 2007 1882 2060 abeSI.

792 2076 957 2142 Quam
988 2078 1348 2151 paenitentiam.
1392 2077 1622 2151 llelcnda
1648 2078 1856 2151 videtur
1894 2078 2007 2134 lucc
2053 2078 2311 2151 particula

716 2163 891 2217 quam,
911 2163 1031 2218 qua:
1062 2148 1172 2203 fors
1200 2149 1479 2203 oscitantis
1505 2150 1703 2203 librarii
1735 2150 1850 2202 fuit.

786 2220 1067 2275 Sustinere.
1094 2220 1197 2274 Pro
1225 2229 1489 2290 expectare
1519 2225 1747 2289 positum
1778 2219 1989 2274 videtur
2015 2230 2071 2275 nt
2112 2222 2149 2276 l.
2194 2222 2309 2275 adv.

712 2290 878 2354 Jud.,
924 2306 974 2345 c.
1018 2290 1053 2346 6
1099 2291 1168 2345 de
1219 2291 1414 2346 Christi
1460 2290 1635 2344 futuro
1691 2290 1920 2345 adventu
1969 2292 2043 2346 ait
2088 2308 2103 2345 :
2153 2294 2314 2346 since-

714 2369 838 2414 ttum
884 2364 1037 2426 venit,
1084 2363 1426 2432 sustinendus
1464 2360 1857 2432 (expectandus)
1880 2374 1988 2427 est,
2034 2363 2314 2416 dummodo

716 2433 734 2505 (
758 2447 925 2505 usque
950 2431 1113 2503 dum)
1142 2433 1794 2505 manifestussitadventns
1820 2431 1952 2497 ejus.

786 2501 1002 2556 Manum
1032 2501 1291 2557 emittere.
1317 2502 1495 2558 Facile
1535 2502 1636 2557 hoc
1668 2506 1969 2572 exemplum
2006 2503 2116 2572 (hic
2151 2504 2313 2559 etiam

718 2588 878 2655 porro
930 2572 1330 2656 continuatum)
1381 2588 1665 2656 occurrere
1692 2584 1904 2656 peterat
1948 2574 2312 2656 Tertulliano,

716 2645 913 2716 quippe
936 2656 1090 2700 antea
1118 2644 1376 2700 causidico
1394 2686 1408 2710 ,
1437 2654 1490 2700 et
1520 2644 1570 2700 iu
1593 2646 1752 2701 rebus
1798 2647 2096 2703 forensibus
2121 2649 2316 2718 gnavi-

720 2727 801 2770 ter
832 2718 1150 2772 exercitato.

783 2787 1053 2842 Addicere.
1084 2788 1187 2843 Pro
1227 2787 1371 2842 dare.
1420 2787 1699 2858 Proprium
1746 2804 1930 2843 rursus
1989 2788 2103 2843 foro
2155 2804 2315 2843 voca-

717 2858 897 2913 bulum
942 2870 1081 2924 -est,
1138 2868 1194 2914 ut
1241 2858 1457 2913 Samuel
1531 2860 1757 2913 Pitiscus
1808 2860 1861 2913 in
1910 2876 2007 2913 suo
2037 2858 2223 2913 ιι»τίεο
2249 2864 2316 2915 ad

714 2929 865 2983 illam
905 2930 1200 2984 solemnem
1235 2929 1372 2998 juris
1413 2928 1654 2983 Przetorii
1699 2929 1979 2985 formulam
2029 2945 2128 2993 uo,
2164 2946 2315 2997 DICO,

714 3015 940 3063 ADDICO,
987 3000 1272 3071 quamdam
1315 3015 1381 3053 ex
1419 3001 1694 3055 veteribus
1718 3002 1887 3070 legem
1934 3003 2160 3055 recitat:
2197 3005 2321 3070 Qui-

721 3088 937 3141 cumque
958 3072 1285 3143 magistratus
1314 3071 1366 3124 in
1396 3087 1454 3125 ea
1479 3072 1676 3124 colonia
1690 3072 2035 3141 juredicundo
2066 3075 2269 3143 prccerit
2300 3116 2315 3140 ,

715 3143 826 3212 cjns
850 3145 1174 3214 magistratus
1194 3141 1257 3196 de
1277 3158 1334 3196 ea
1369 3158 1423 3196 re
1432 3143 1753 3212 jurisdictio,
1792 3141 2084 3213 judicisque
2127 3145 2271 3200 datio
2302 3188 2316 3209 ,

715 3229 965 3270 ADDICTIO
993 3224 1120 3269 esto.
1148 3214 1296 3269 Alias
1333 3224 1511 3269 autent
1537 3214 1772 3270 addicere
1812 3217 2025 3285 proprie
2075 3217 2318 3270 vendito-

719 3302 795 3339 I'IS
824 3297 926 3340 CSl.

786 3356 1037 3411 Instituit.
1061 3355 1165 3411 Pro
1190 3356 1466 3409 constituit.

788 3427 1224 3500 compensatione.
1264 3425 1404 3500 sane
1453 3434 1629 3481 autem
1677 3442 1773 3498 per
1818 3429 2185 3497 paenitentiam
2233 3430 2320 3500 jus

722 3498 1004 3564 Divinum,
1049 3508 1266 3568 peccato
1316 3499 1531 3563 luteum,
1560 3508 1881 3571 reparatur,
1920 3498 2319 3571 injuriaqueei-

719 3571 844 3624 tlem
890 3571 1030 3625 illata
1086 3579 1499 3641 compensatur,
1556 3570 1608 3622 in
1651 3580 1907 3636 quantum
1960 3570 2150 3641 nempe
2172 3584 2322 3627 actus

724 3642 1053 3709 pmnitentiae
1100 3642 1266 3709 ipsam
1313 3640 1508 3695 Christi
1539 3655 1638 3711 pro
1667 3642 1820 3696 nobis
1865 3640 2317 3709 satisfactionem,

719 3712 1068 3781 ejusdemque
1094 3712 1281 3766 merita
1309 3711 1411 3765 sibi
1441 3713 1629 3767 intime
1665 3714 1945 3781 conjuncta
1972 3715 2152 3769 habet.
2182 3716 2323 3771 Sane

719 3784 868 3836 multi
899 3783 1149 3851 deinceps
1172 3798 1239 3838 ex
1264 3782 1612 3837 Scholasticis
1634 3784 1800 3848 fuere,
1834 3801 2006 3854 neque
2041 3787 2199 3840 hodie
2224 3788 2320 3841 de-

715 3862 844 3927 sunt
864 3894 879 3919 ,
902 3855 1188 3920 docentes,
1222 3854 1470 3927 rationem
1498 3854 1797 3927 formalem,
1827 3866 1883 3910 ut
1906 3866 2128 3920 vocant,
2158 3859 2321 3927 pceni-

717 3925 884 3998 tentia:
924 3927 973 3998 in
1022 3924 1428 3998 compensatione
1469 3924 1733 3998 praedicta:
1772 3928 1975 3998 injuria:
2007 3924 2314 3984 consistere.

790 3995 874 4066 Ne
903 3997 1121 4049 adulter.
1174 3995 1277 4049 Per
1304 3996 1515 4065 ellipsin
1549 3997 1729 4066 utique
1768 3995 2192 4053 subaudiendum
2228 4003 2318 4054 sit.

796 4065 1085 4138 veritatem.
1124 4066 1233 4138 Ceu
1276 4067 1498 4122 inferius
1543 4065 1710 4138 magis
1749 4071 2179 4124 examinandum.

790 4136 1130 4191 Absolvimur.
1175 4136 1378 4191 Ironica
1416 4138 1531 4193 litec
1574 4136 1771 4194 locutio
1823 4150 1948 4205 est;
2005 4143 2153 4210 quasi
2198 4156 2324 4197 vero

716 4209 827 4281 ipsa
864 4210 1128 4281 absolutio
1185 4224 1324 4262 vera:
1373 4210 1726 4278 ptenitetitite,
1771 4221 1862 4264 attt
1881 4211 1990 4281 jam
2027 4209 2203 4279 aetat,
2234 4222 2326 4268 aut

712 4278 963 4350 a'gendze,
994 4280 1379 4335 demonstratio
1407 4289 1565 4335 esset.

796 4349 1075 4423 Prudente,
1101 4351 1140 4407 i.
1154 4367 1220 4423 ε.
1252 4351 1421 4405 adhuc
1440 4368 1705 4423 suspensa.

791 4421 1131 4489 Prospicitur.
1150 4421 1424 4493 Tanquam
1452 4421 1628 4479 adhuc
1664 4426 1966 4481 imminens.

789 4492 1019 4565 Mutatus
1062 4504 1154 4565 est.
1184 4492 1239 4546 ln
1284 4504 1477 4565 statum
1510 4496 1621 4565 jam
1653 4496 1812 4550 alium
1859 4498 2165 4553 translatus.
2216 4499 2327 4555 [loc

717 4580 879 4620 sensu
908 4564 1048 4620 idem
1071 4563 1260 4636 Noster
1291 4566 1344 4619 in
1374 4563 1456 4636 ι,
1482 4563 1544 4619 de
1570 4566 1779 4621 Resurr.
1833 4584 1976 4621 curn.
2013 4585 2059 4624 c.
2097 4571 2186 4636 57,
2214 4572 2321 4625 ait:

718 4636 822 4689 Uro
844 4647 890 4689 te
908 4678 922 4703 ,
956 4638 997 4690 si
1016 4635 1269 4707 [amittunt
1283 4646 1423 4689 tuum
1441 4635 1665 4691 libertate
1688 4642 1977 4706 mutaveris,
2004 4650 2108 4694 etc.

787 4684 922 4761 Sibi,
948 4684 1768 4777 .-'.;.',;.;a;iagnata;"ligata"
1802 4684 1895 4765 se"
1912 4684 2142 4781 ξιῖιῇἰῖιίς
2169 4728 2318 4767 reum
2349 4684 2401 4745 D

714 4793 1041 4851 agnoscens,
1074 4787 1129 4833 et
1156 4794 1230 4851 ea
1261 4789 1476 4850 propter
1501 4783 1867 4850 paenitentiam
1911 4792 2149 4838 acturus.
2181 4785 2318 4851 Quid

714 4859 897 4925 autem
917 4851 969 4904 in
1001 4850 1165 4925 furaci
1212 4851 1341 4925 hoc,
1399 4851 1721 4922 fugitivaque
1770 4853 2046 4908 hominum
2114 4850 2315 4925 genere

718 4920 846 4975 olim
877 4921 1246 4989 frequentius?

784 4990 1037 5047 Emissus.
1104 4992 1308 5068 Milites
1371 4992 1629 5068 confectis
1702 4995 1936 5066 legitimis
2006 4996 2306 5068 (certorum

715 5078 908 5132 nempe
931 5065 1214 5135 annorum)
1244 5064 1529 5134 stipendiis,
1575 5082 1601 5120 ε
1629 5064 1817 5121 castris
1843 5064 2180 5135 mittebantur,
2209 5085 2304 5124 seu

714 5154 744 5187 c
772 5136 957 5189 militia
983 5135 1362 5190 dimittebantur
1383 5178 1397 5201 ,
1428 5136 1731 5206 juratnento
1767 5153 1866 5194 suo
1910 5140 2123 5194 militari
2146 5142 2301 5195 dein-

712 5220 840 5275 Ccps
864 5207 1020 5262 soluti
1049 5227 1061 5260 ;
1087 5222 1206 5278 qua:
1234 5208 1405 5262 missio
1440 5208 1687 5275 honesta,-
1729 5211 1831 5264 alia
1878 5226 2035 5275 vero,
2067 5211 2137 5265 ob
2166 5227 2315 5266 mor-

716 5278 839 5354 luun
865 5320 878 5344 ,
908 5278 1117 5354 aliudve
1138 5279 1380 5354 corporis
1399 5279 1585 5333 vitium
1612 5279 1773 5348 facta,
1798 5283 2059 5337 caussaria
2083 5283 2313 5354 appella-

713 5348 897 5415 batur,
928 5350 1146 5405 honesta!
1165 5348 1517 5420 tequiparata.

785 5421 893 5474 Pro
935 5422 1085 5488 notis,
1126 5419 1301 5495 idest
1345 5422 1541 5478 delictis
1584 5424 1911 5492 militaribus,
1942 5426 2133 5495 quibus
2173 5426 2312 5484 male

715 5501 914 5546 notatus
941 5505 1104 5567 erat.
1148 5492 1453 5567 Simavis,
1506 5506 1649 5550 notas
1685 5496 1770 5551 hic
1792 5492 2056 5567 accipies,
2101 5512 2199 5567 pro
2245 5498 2310 5554 iis

716 5564 975 5636 punctaris
995 5606 1009 5631 ,
1044 5581 1137 5620 seu
1162 5564 1508 5636 stigmatibus,
1534 5567 1725 5636 quibus
1754 5564 1941 5623 tirones
1962 5612 1976 5635 ,
2004 5564 2207 5623 militia:
2231 5585 2309 5625 re.

718 5635 1141 5713 censadscripti,
1169 5635 1651 5713 signabantur,’ut,
1694 5640 1862 5709 siqua
1907 5640 2200 5710 fugissent,
2241 5658 2305 5696 ex

716 5705 783 5758 iis
809 5705 1065 5774 agnosci,
1095 5715 1254 5775 atque
1276 5708 1373 5761 sub
1406 5709 1552 5777 signa
1576 5724 1703 5777 sua,
1758 5705 1821 5764 ac
1876 5705 2061 5766 vexilla
2112 5705 2306 5767 retrahi

715 5786 959 5901 possqttt,
1006 5794 1071 5835 ex
1121 5778 1323 5834 militia:
1351 5780 1554 5848 legibus
1589 5784 1741 5850 suppl
1768 5785 1851 5835 ei»
1902 5786 2116 5838 militari
2148 5788 2311 5854 subji-

718 5861 856 5901 CICnt
878 5866 915 5901 ι.

718 5861 915 5903 ειοιιυι.

787 5920 864 5977 De
886 5920 1025 5979 notis
1052 5919 1135 5979 his
1162 5922 1236 5981 ita
1275 5919 1526 5996 Vegetius,
1564 5924 1602 5982 l.
1632 5923 1675 5981 ll
1699 5941 1746 5981 ο.
1769 5923 1804 5980 5
1852 5922 2053 5984 habet:
2099 5924 2313 5985 Victuris

2413 581 2506 637 ctis
2534 585 2717 638 milites
2745 583 2951 650 scripti,
2980 592 3026 637 et
3056 581 3340 637 matricnlis
3376 583 3550 636 inserti
3571 622 3587 647 ,
3641 582 3815 648 iurare
3838 582 4029 634 solent.

2415 655 2699 718 EtAetius,
2732 654 2951 710 Grtecus
2972 653 3190 724 quidam
3216 653 3451 708 Medicus
3471 696 3485 719 ,
3514 653 3655 723 apud
3696 652 3937 721 Lipsium
3961 652 4031 706 de

2414 725 2605 779 Militia
2634 725 2784 780 liam.
2803 727 2839 781 l.
2871 724 2907 787 I,
2934 725 3141 789 Dial.9,
3163 727 3230 779 ita
3250 725 3517 795 loquitur:
3547 734 3795 792 Στίγματα
3824 729 4031 777 ualeam

2413 806 2475 851 τὰ
2501 803 2576 853 ἐπὶ
2613 809 2697 856 ταῦ
2737 807 3005 869 προσώτσυ,
3034 804 3062 856 ἧ
3108 804 3255 851 ἄλλον
3299 806 3418 857 rivi;
3461 801 3629 867 μξρςυς
3673 803 3759 850 τοῦ
3786 804 4028 869 edim-ccc,

2413 867 2781 941 East-[pupbyc-m.
2808 871 2889 923 οἷα
2913 888 3001 925 τῶν
3023 879 3395 941 στρατευομένων
3422 876 3466 923 ἓν
3493 884 3590 927 τοῖς
3616 867 3902 941 χςρσίτιιοε
3915 874 4025 919 est:

2414 938 2650 1008 stigmata
2679 952 2856 994 vocant
2879 984 2891 1005 ,
2923 938 3102 1008 quatin
3125 943 3287 1009 facie,
3332 952 3420 993 aut
3443 940 3546 993 alia
3573 938 3803 1006 corporis
3847 949 4025 1005 parte,

2413 1013 2758 1067 inscribuntur
2779 1054 2792 1075 ,
2824 1011 2998 1081 qualia
3025 1008 3141 1066 sunt
3171 1011 3389 1065 militum
3412 1011 3462 1065 in
3503 1011 3753 1081 manibus.
3789 1008 3883 1064 llis
3942 1022 4031 1061 er-

2415 1097 2483 1153 go
2509 1086 2638 1137 notis
2664 1080 2891 1147 milites,
2924 1084 3158 1152 quandiu
3189 1085 3320 1152 ipsis
3350 1080 3683 1136 militandum
3711 1089 3830 1135 erat
3853 1122 3868 1144 ,
3901 1093 4029 1133 suo-

2416 1170 2533 1208 rum
2564 1154 2861 1209 ofliciorum
2894 1155 3149 1209 continuo
3174 1154 3601 1209 admonebantur
3622 1194 3637 1215 ,
3694 1161 3751 1207 et
3801 1166 4028 1206 eorum-

2416 1224 2539 1279 dem
2564 1226 3050 1295 trausgressoribus
3090 1227 3422 1297 gravissima:
3476 1224 3659 1295 utique
3705 1238 3885 1294 paena:
3919 1236 4032 1277 me-

2420 1296 2630 1350 tucudm
2657 1307 2830 1351 erant.

2490 1365 2703 1421 Inituris
2754 1385 2974 1438 aquant,
3016 1383 3109 1423 seu
3163 1368 3507 1435 baptizandis.
3564 1366 3716 1422 Tunc
3765 1365 4032 1435 temporis

2416 1446 2595 1493 autem
2632 1439 2932 1506 Baptismus
2976 1441 3335 1494 communiter
3381 1439 3544 1493 lit-.bat
3583 1454 3678 1507 per
3720 1438 4032 1493 lllllﬂCl'SlO-

2418 1525 2570 1574 nem,
2603 1521 2659 1563 ut
2687 1511 2791 1566 late
2820 1511 3111 1580 Dogmatici
3144 1512 3517 1581 nostri.lgitur
3561 1525 3697 1581 aqua
3745 1519 3876 1565 tunc
3920 1524 4029 1562 non

2416 1582 2654 1635 adeunda
2679 1624 2691 1644 ,
2713 1583 2806 1637 sed
2829 1583 2982 1651 plane
3003 1583 3226 1636 ineunda
3256 1582 3450 1638 fuerat.

2489 1651 2721 1707 Salvum.
2757 1654 3039 1717 Securum,
3069 1670 3129 1707 ac
3165 1665 3379 1708 certum.

2487 1725 2835 1792 Asperginem.
2887 1726 3061 1793 Aliqui
3105 1725 3441 1794 Asparginem
3492 1724 3712 1779 malunt.
3768 1724 3932 1779 Plura
3964 1724 4030 1779 de

2414 1793 2514 1848 liae
2555 1811 2685 1849 voce
2732 1794 2964 1849 diximus
3010 1798 3059 1849 in
3109 1796 3145 1848 l.
3180 1793 3244 1850 de
3281 1793 3482 1863 Baptis.
3541 1812 3586 1849 c.
3637 1796 3690 1850 5.
3754 1797 4027 1851 Czetcrtnn

2414 1866 2640 1951 videtur.
2670 1866 3033 1920 Tertulliauus
3076 1867 3177 1949 Ohic
3231 1868 3467 1949 alludere
3519 1867 3585 1921 ad
3613 1867 4026 1951 ..llaptistnutit,

2418 1939 2546 2009 plin:
2572 1938 2732 1990 etiam
2764 1953 2857 2006 per
2883 1938 3251 2008 aSpersionem
3273 1981 3287 2004 ,
3320 1940 3550 1992 maxime
3576 1938 3772 1993 clinicis
3795 1954 3891 1994 seu
3922 1956 4033 2009 gra-

2416 2001 2626 2062 batariis
2650 2051 2663 2073 ,
2702 2001 2995 2064 eullatnm':
3024 2024 3125 2079 qua
3156 2010 3221 2064 de
3252 2001 3306 2064 re
3330 2026 3515 2065 rursus
3549 2011 3763 2064 videndi
3794 2001 4031 2077 Dogma-

2418 2081 2546 2144 tici,
2606 2080 2673 2135 de
2730 2079 2946 2134 Materia
2998 2082 3233 2150 proxima
3278 2082 3532 2150 Baptismi
3566 2093 3807 2150 agentes.
3844 2082 4032 2135 Potest

2416 2162 2593 2205 autem
2624 2162 2675 2206 et
2702 2152 2779 2205 sic
2807 2152 3027 2221 intelligi
3055 2168 3066 2201 :
3103 2154 3177 2206 vel
3194 2154 3513 2222 asperginem
3566 2169 3718 2204 unum
3769 2152 4030 2204 duntaxat

2418 2223 2630 2292 (aqUam
2661 2223 2865 2277 scilicet
2890 2223 3121 2276 stillatim
3147 2222 3465 2294 asperSani),
3498 2239 3560 2276 ne
3580 2224 3747 2277 dicant
3773 2224 4030 2293 integrant

2417 2295 2618 2363 copiam
2643 2309 2808 2362 aqum,
2834 2302 2937 2347 etc.

2490 2363 2860 2437 Connnodabit.
2913 2364 3017 2418 Pro
3048 2364 3429 2437 rimpertietur;
3478 2380 3581 2419 non
3626 2367 3768 2421 enim
3832 2366 3885 2420 in
3934 2364 4032 2420 fo—

2418 2436 2561 2491 rensi
2585 2452 2778 2499 sensu,
2814 2450 2921 2505 quo
2971 2436 3090 2505 quis
3132 2452 3242 2491 rem
3284 2452 3431 2491 suam
3484 2437 3636 2491 alteri
3691 2439 3756 2491 ad
3816 2447 4032 2505 tempus

2419 2508 2742 2575 commodat,
2775 2522 2935 2576 porro
2964 2505 3291 2562 reddendam
3315 2550 3328 2570 ,
3377 2509 3470 2563 sed
3520 2519 3674 2579 prout
3709 2510 3983 2577 significat
4014 2551 4028 2573 ,

2418 2579 2742 2631 commodum
2763 2579 2914 2633 alteri
2946 2594 3041 2633 seu
3066 2579 3251 2634 utilem
3276 2594 3494 2649 operam
3526 2589 3770 2649 pra'slare
3791 2622 3807 2645 ,
3845 2579 3936 2634 hic
3970 2595 4030 2634 u-

2420 2661 2692 2717 surpatur.

2498 2719 2677 2791 If‘urto.
2708 2722 2809 2774 l‘ro
2858 2722 3043 2791 furtive
3077 2736 3140 2775 ae
3175 2722 3486 2775 clanculum.

2494 2790 2865 2865 Circumduci.’
2915 2793 3050 2865 Seth
3091 2792 3316 2865 fallaciis
3368 2803 3527 2865 atque
3576 2793 3780 2848 astutiis
3837 2794 4033 2865 obtegi;

2421 2878 2528 2932 quo
2568 2878 2727 2917 sensu
2771 2863 2932 2918 etiam
2985 2862 3176 2931 aliquis
3224 2864 3292 2919 ab
3341 2864 3513 2920 altero
3566 2866 3917 2919 circumscribi
3944 2862 4035 2919 aut

2423 2935 2772 3007 circumveniri
2811 2934 3024 2989 dicitur.
3055 2935 3231 3007 Omnis
3257 2936 3431 2999 enim,
3486 2944 3537 2989 ut
3564 2936 3615 2989 in
3665 2936 3705 2989 ι.
3728 2936 3793 2990 de
3825 2937 4031 3007 Baptis.

2422 3022 2468 3058 c.
2499 3005 2659 3060 XVIII
2687 3008 2791 3069 ait,
2832 3008 3008 3075 petitio
3031 3017 3075 3060 et
3099 3006 3329 3073 decipere
3351 3050 3365 3071 ,
3393 3018 3436 3061 et
3466 3007 3634 3075 decipi
3658 3018 3848 3075 potest.

2498 3076 2634 3148 ρεαδ
2666 3079 2831 3131 lumen
2852 3088 2943 3131 est.
2982 3078 3209 3148 Elegans
3240 3094 3369 3133 sane
3393 3079 3657 3134 sententia
3683 3080 3697 3131 !

2499 3144 2796 3217 Symbolum
2836 3150 3031 3213 mortis,
3063 3144 3102 3202 i:
3129 3164 3178 3202 e.
3212 3148 3562 3218 Baptismum,
3592 3165 3619 3201 a
3639 3149 3859 3205 Christo
3882 3151 4036 3206 insti-

2426 3226 2596 3272 tutum
2629 3220 2680 3273 iu
2705 3221 2910 3291 signum
2934 3221 3371 3273 rememorativum
3402 3220 3586 3274 Mortis
3627 3237 3738 3275 sua:
3785 3233 3841 3277 et
3864 3225 4034 3291 sepul-

2344 3290 2389 3354 C
2423 3299 2568 3354 turw,
2591 3291 2698 3343 into
2716 3301 2767 3343 et
2794 3289 3214 3355 Iiesurrectionis,
3245 3301 3305 3344 ut
3333 3302 3384 3346 et
3410 3306 3508 3346 nos
3540 3293 3589 3345 in
3614 3291 3788 3345 Adam
3820 3289 4031 3359 mortui,

2427 3360 2630 3414 Christo
2664 3362 2946 3426 consepulti
2977 3378 3064 3429 per
3106 3361 3449 3431 Baptismum,
3478 3379 3505 3413 a
3540 3373 3712 3416 morte
3742 3366 3949 3429 peccati
3982 3362 4033 3419 in

2423 3447 2586 3486 νιτΑιι
2614 3448 2825 3489 cunne
2853 3433 3312 3489 resuscitaremur.
3346 3433 3481 3490 Vide
3506 3434 3540 3486 l.
3574 3435 3635 3487 de
3664 3432 3821 3503 Bapt.
3856 3452 3903 3488 c.
3938 3434 4029 3502 XI,

2424 3520 2478 3557 n.
2508 3505 2629 3558 Sine
2650 3514 2912 3558 resurrect.
2946 3506 3073 3573 ejus,
3098 3517 3143 3559 et
3173 3522 3218 3559 ε.
3248 3504 3387 3570 XVI,
3420 3522 3472 3558 η.
3502 3505 3917 3572 Glori/icaretur.

2498 3576 2773 3629 Permittit.
2817 3575 2983 3631 Recte
3046 3575 3237 3630 Junius
3297 3576 3435 3647 legit
3468 3578 3739 3645 promittit;
3784 3578 4032 3647 quamvis

2424 3647 2584 3701 etiam
2634 3648 2895 3728 permittit,
2948 3648 3091 3718 quod
3156 3647 3211 3702 in
3245 3646 3367 3702 meo
3410 3646 3606 3703 Codice
3656 3659 3771 3714 est,
3808 3646 4029 3703 tolerari

2427 3733 2585 3786 posse
2608 3730 2935 3772 eststnnctn.

2501 3786 2777 3843 Excidunt.
2846 3790 2891 3843 Α
2943 3788 3123 3843 Gratia
3181 3789 3456 3855 nimirum,
3508 3789 3561 3844 in
3610 3790 3893 3858 Baptismo
3935 3790 4029 3845 ob-

2427 3866 2600 3919 tenta;
2638 3858 2851 3928 quando
2904 3863 3062 3915 etiam
3116 3860 3182 3917 ab
3245 3860 3535 3916 obtinenda
3589 3863 3810 3928 multos,
3856 3870 4030 3916 morte

2426 3944 2530 3983 non
2562 3946 2681 3983 raro
2714 3942 3033 3999 prmventus,
3099 3940 3153 3985 et
3202 3932 3488 3987 frustratus
3541 3932 3707 3988 fuisse
3752 3934 4024 3988 novimus.

2429 4000 2563 4057 Vide
2588 4002 2626 4055 l.
2662 4001 2725 4055 de
2744 4001 2922 4071 Bapt.,
2943 4021 2990 4057 c.
3014 4002 3198 4065 XVIII,
3228 4021 3282 4057 η.
3306 4002 3494 4058 Utilior
3518 4013 3609 4057 est.

2500 4074 2758 4144 Aggressi,
2805 4076 2839 4127 i.
2879 4091 2930 4130 e.
2986 4074 3269 4143 inﬁdelem,
3326 4091 3387 4129 ac
3441 4076 3837 4137 inconstantem,
3882 4076 4026 4129 idco-

2427 4159 2529 4211 que
2572 4159 2670 4199 nec
2708 4146 2922 4213 seriam,
2980 4160 3079 4201 nec
3132 4147 3381 4200 sinceram
3424 4146 3796 4217 paenitentiam
3867 4161 4026 4217 agen-

2429 4223 2531 4268 tes.

2501 4286 2795 4341 finiturum.
2844 4286 2989 4343 Talis
3040 4289 3291 4344 nimirum
3341 4288 3523 4343 similis
3563 4288 3656 4342 erit
3696 4289 3807 4343 viro
3846 4291 4022 4355 stulto,

2427 4358 2781 4485 quivﬁdieﬁé‘at
2824 4359 3029 4413 domum
3080 4377 3227 4414 suam
3271 4378 3420 4432 super
3447 4376 3673 4426 arenam,
3708 4370 3817 4416 etc.
3836 4359 4025 4415 Matth.

2428 4443 2477 4483 c.
2606 4472 2620 4485 .
2731 4470 2743 4482 .

2428 4443 2477 4483 c.
2514 4432 2620 4495 VII,
2651 4432 2743 4485 26.

2502 4502 2818 4555 Auditorum.
2842 4501 3031 4557 Certus
3058 4502 3143 4558 hic
3165 4500 3648 4558 Cateclmmcnorunt
3666 4502 3873 4574 gradus
3902 4512 3987 4558 cst
4012 4544 4025 4565 ,

2431 4570 2499 4645 de
2526 4588 2633 4641 quo
2656 4590 2816 4642 supra
2864 4586 2919 4629 et
2956 4575 3101 4645 alibi
3141 4574 3370 4629 fortasse
3413 4570 3691 4645 pluribus:
3707 4577 4029 4645 Quanquam

2432 4641 2516 4698 hic
2542 4641 2856 4712 sitnpliCiter
2903 4660 2999 4714 pro
3064 4641 3448 4699 Cateclutmenis
3502 4659 3688 4700 vocem
3748 4641 3906 4701 lianc'
3942 4662 4029 4699 ac-

2427 4714 2725 4793 cipieudant
2752 4726 2951 4787 putem,
3001 4731 3159 4787 quam
3192 4717 3351 4773 toties
3407 4716 3597 4773 eodem
3653 4731 3821 4772 sensu
3869 4731 4029 4788 repe-

2424 4793 2503 4839 ιιι.

2492 4854 2591 4931 βο.
2628 4858 2732 4931 Seu
2755 4875 2813 4913 ea
2848 4858 2912 4914 de
2931 4876 3106 4926 causa,
3151 4859 3235 4916 vel
3266 4868 3550 4931 prapterea.

2488 4927 2675 4983 Simul.
2707 4930 2810 4984 Pro
2828 4933 3223 5000 quamprimum.

2487 5000 2656 5053 Simul
2705 5002 3004 5071 inspexeris.
3054 5002 3163 5059 Seu
3204 5016 3329 5059 mox
3378 5016 3443 5057 ac
3486 5001 3745 5073 propius,
3781 5002 4027 5072 penitius—

2408 5086 2512 5142 que,
2551 5086 2670 5125 eum
2714 5074 3023 5142 cognoveris.

2490 5141 2729 5197 lncubas.
2757 5141 3046 5215 Porroque,
3071 5145 3216 5200 velut
3264 5160 3330 5200 ex
3375 5145 3596 5200 nimium
3632 5145 3809 5200 tenaci
3838 5144 4022 5200 habitu

2416 5225 2471 5269 et
2504 5216 2913 5287 consuetudine,
2954 5216 3224 5271 incumbis.
3248 5216 3383 5273 Vide
3433 5217 3474 5271 ι.
3521 5216 3584 5271 de
3616 5218 3773 5287 Bapt.
3832 5232 3885 5271 c.
3934 5216 4020 5283 XI,

2416 5301 2471 5339 η,
2500 5284 2962 5341 liesurrcctionem.
3186 5336 3195 5346 ,

2488 5356 2733 5426 Ignarus,
2786 5361 2822 5414 i.
2873 5374 2925 5415 e.
2972 5374 3094 5415 cum
3138 5358 3314 5415 adhuc
3356 5358 3523 5414 Deum
3568 5373 3675 5414 non
3725 5359 4019 5429 cognovis-

2414 5442 2522 5483 SCS.

2487 5500 2724 5572 Separat.
2767 5500 3067 5566 Pamelius,
3122 5511 3257 5556 teste
3298 5501 3495 5565 lanio,
3540 5516 3604 5556 ex
3647 5499 3819 5556 tribus
3869 5500 4016 5572 MSS.

2414 5570 2566 5642 legit'
2604 5591 2637 5627 a
2698 5577 2920 5644 perfecto
2967 5573 3059 5628 Dei
3103 5574 3271 5627 verba.
3326 5573 3620 5644 Quodnam
3656 5587 3786 5627 vero
3834 5570 4021 5626 istud?

2412 5645 2605 5699 Annon
2634 5642 2809 5699 autem
2835 5656 3049 5713 praestat
3077 5646 3357 5700 lectionem
3390 5646 3492 5698 mei
3525 5642 3726 5697 codicis
3752 5645 4013 5703 retinere.

2412 5717 2543 5769 satis
2573 5717 2855 5770 commode
2882 5717 2956 5770 sic
2980 5715 3350 5786 exponendam
3384 5735 3396 5769 :
3433 5716 3567 5782 Quid
3604 5726 3655 5769 te
3681 5729 3709 5766 a
3733 5731 3879 5768 servo
3900 5714 4011 5778 Dei,

2414 5800 2509 5857 per
2527 5787 2851 5865 liaptistnuut
2871 5787 2993 5865 jam
3016 5790 3241 5865 perfecto
3269 5829 3284 5854 ,
3318 5796 3551 5856 separat,
3596 5802 3691 5839 seu
3724 5786 4010 5865 distinguit,

2415 5856 2476 5909 ac
2504 5857 2973 5913 discriminat?Nec
2998 5856 3173 5914 autem
3201 5856 3606 5914 Catecltuntenus
3623 5870 3735 5925 pra:
3759 5856 4013 5927 baptizata

2415 5930 2669 5986 eximium
2703 5929 2977 6002 quidpiam
3023 5930 3228 6000 habet,
3271 5930 3425 5999 quasi
3455 5928 3543 5987 ille
3581 5929 3690 5987 sine
3718 5927 4015 6004 puniuntur
