4184 6496
165 409 292 466 1221

946 404 1295 464 APPENDIX
1333 405 1608 476 ΟΠΝΤᾹ,
1650 405 1715 462 l.\'
1755 403 2010 463 LIBRUM
2054 405 2140 462 DE
2180 403 2647 462 POENITENTIA.

3313 401 3455 457 12ἳῖ

170 527 234 579 ilo
263 525 498 594 peccatis
526 524 635 579 suis
655 523 885 594 prepriis
907 540 1027 579 mox
1063 527 1114 580 in
1172 526 1497 595 Baptismuin
1547 527 1752 580 irrucre
1779 524 1835 586 Α
1934 526 2087 579 Oncri'
2111 541 2233 578 esse.
2278 524 2686 595 Emphatieum,
2721 520 2772 577 id
2809 527 2894 578 est
2937 520 3193 578 acciendo
3240 520 3453 578 all'cctui

166 608 360 666 posset,
415 598 690 651 enimvero
744 597 866 651 huic
888 599 1077 652 saltem
1118 599 1312 668 prim-ia
1343 600 1599 651 attritione
1620 613 1753 667 opus

163 681 255 728 est,
282 668 347 721 ad
363 670 609 722 eumdem
634 670 886 732 [ructuose
907 669 1327 736 suscipiendum.

233 738 386 804 Fide,
423 741 542 810 i._e.
605 738 742 806 ﬁdeli
777 756 837 796 ac
870 756 984 793 cera
1015 741 1331 810 paenitentia
1365 781 1377 805 ,
1433 755 1536 794 non
1594 749 1650 794 ut
1708 754 1751 792 c.

162 828 340 882 ιιι-ατη
373 829 428 864 ri.
461 809 878 882 llypocritaruni.

233 883 350 935 Lati
397 898 598 934 simius.
653 881 858 934 Imcrnc
916 885 1164 936 nimirum
1200 900 1211 934 :
1243 897 1361 950 qure
1416 891 1596 935 tamen
1651 895 1756 934 non

161 969 373 1022 semper
404 964 488 1007 est
513 953 712 1024 ablatio
749 959 993 1023 perfecta,
1019 954 1112 1024 sed
1161 953 1476 1024 plerumque
1525 955 1759 1024 inclinata

161 1027 448 1078 duntaxat.
507 1023 822 1078 Ptnuitcntia
859 1026 1000 1076 enim
1041 1023 1130 1078 illa
1167 1023 1245 1077 ea;
1284 1033 1419 1076 metu
1479 1023 1713 1089 profecta
1742 1065 1755 1088 ,

161 1111 318 1164 quam
345 1095 576 1148 dicimus
600 1095 927 1158 attritionent,
961 1109 1024 1148 ex
1078 1109 1136 1149 se
1187 1112 1290 1148 non
1339 1096 1595 1163 justilicat
1636 1106 1760 1148 ante

162 1167 494 1236 ltaptismum
526 1179 646 1236 actu
679 1176 1008 1235 susceptum,
1041 1167 1133 1219 sed
1167 1167 1276 1220 sola
1299 1167 1533 1218 contritio
1564 1166 1763 1233 perlec-

163 1247 208 1290 ta
235 1235 298 1291 ex
330 1253 504 1289 amore
523 1235 614 1288 Dei
643 1253 797 1306 super
821 1239 1010 1289 omnia.
1038 1240 1289 1290 Attamen
1325 1239 1373 1288 in
1411 1247 1514 1288 tam
1548 1236 1760 1288 diutur-

163 1324 248 1371 na,
273 1324 394 1378 qum
415 1308 540 1361 olim
581 1322 608 1360 a
653 1306 1033 1362 Catecliuntenis
1066 1307 1337 1377 Baptismo
1391 1307 1760 1375 pricmittenda

162 1393 296 1442 erat,
328 1381 638 1446 paenitentia
671 1380 753 1431 vix
788 1382 899 1432 licri
953 1389 1162 1448 poterat
1211 1387 1268 1431 ut
1315 1393 1420 1430 non
1479 1378 1764 1445 aliquando

163 1452 212 1503 in
244 1452 626 1505 contritiouem
653 1451 942 1518 perlectam
972 1451 1116 1502 velut
1151 1465 1245 1516 per
1273 1448 1472 1518 gradus
1504 1449 1762 1518 quosdam

164 1524 444 1582 transiret,
475 1523 608 1575 adeo
640 1532 692 1574 ut
716 1522 912 1590 aliquis
930 1521 1164 1590 peceatis
1190 1521 1377 1574 deletis
1397 1522 1504 1589 jam
1559 1522 1765 1573 interno

158 1593 483 1662 justilimtns
511 1601 674 1653 esset,
708 1603 992 1661 antequam
1039 1592 1206 1660 ipsum
1267 1592 1593 1659 llaptismum
1645 1599 1764 1642 aztu

163 1666 483 1732 susciperet.
513 1663 693 1716 \‘ideri
750 1663 832 1715 l'ic
875 1670 1096 1731 possunt
1115 1677 1176 1715 ea
1229 1679 1346 1732 qua:
1386 1663 1552 1715 (Ione.
1612 1663 1762 1715 'l'rid.

163 1753 321 1802 supra
348 1747 436 1789 cit.
465 1750 494 1786 a
522 1751 644 1787 scss.
674 1733 727 1788 6.
779 1737 839 1787 de
883 1735 1061 1805 Justif.
1122 1750 1167 1785 c.
1221 1741 1270 1788 ϋ.
1318 1733 1551 1788 diluczde
1596 1749 1766 1800 expo-

166 1817 262 1858 litt.

239 1876 470 1946 Integer.
508 1875 763 1931 Siuccrus
835 1885 885 1930 et
939 1876 1239 1946 perlectus,
1291 1891 1443 1946 quem
1501 1877 1718 1942 primam

169 1949 217 2002 id
307 1961 436 2012 est,
509 1949 753 2000 initialem
835 1961 894 2002 ac
963 1949 1299 2013 inchoatam,

167 2029 250 2074 tea
306 2021 571 2080 diximus,
633 2021 1018 2082 intinctionem,
1086 2035 1179 2073 seu
1233 2019 1536 2088 baptismum
1593 2028 1766 2071 vocat.

243 2090 452 2156 Quoad.
487 2091 588 2144 Pro
616 2106 731 2142 mox
751 2106 812 2142 ac
836 2099 895 2143 ut
916 2105 1097 2159 supra.

242 2164 501 2225 Seuseris,
524 2176 617 2214 seu
646 2162 960 2230 cognoveris.

238 2234 316 2286 Ab
347 2237 511 2303 aquis,
538 2234 573 2286 i.
607 2249 657 2288 e.
715 2243 822 2299 post
867 2230 1207 2302 Baptismum,
1252 2246 1346 2287 seu
1398 2239 1676 2301 postquam
1709 2230 1768 2281 ab

167 2322 316 2373 aquis
341 2321 532 2358 rursus
551 2306 734 2374 egressi
759 2305 973 2359 fuiums.

240 2377 539 2429 lnduintus.
592 2376 689 2431 llic
745 2392 971 2445 namque
1015 2375 1270 2445 liapllSlltl
1323 2374 1660 2429 necessarius
1686 2386 1768 2437 ac,

167 2457 224 2501 ut
282 2463 536 2501 vocamus
566 2489 580 2512 ,
624 2464 684 2500 ea:
734 2463 883 2518 Opere
926 2459 1135 2512 operata
1174 2447 1392 2500 etlectus
1420 2456 1537 2518 est;
1583 2445 1774 2518 Sacra-

168 2529 350 2572 menta
380 2520 543 2580 eniin,
577 2521 742 2571 instar
768 2517 1047 2571 Causarum
1077 2517 1418 2584 naturalium,
1451 2517 1503 2570 in
1527 2517 1772 2586 subjecto

168 2603 319 2645 reete
348 2590 608 2658 disliosito
632 2590 936 2642 necessario
964 2600 1270 2657 epetautur.

247 2662 528 2726 οιιεινιιειὶ,
569 2661 602 2713 i.
638 2675 686 2714 e.
748 2659 1098 2729 undequaque
1129 2659 1392 2729 impediti.

244 2734 521 2802 Alligatus.
551 2731 628 2786 Ad
659 2731 859 2785 Novam
898 2733 1102 2785 scilicet
1144 2730 1339 2802 Legem
1371 2729 1568 2784 Christi
1601 2770 1629 2802 ,γ
1657 2736 1777 2797 post

169 2801 603 2857 reuuntiationem
648 2803 851 2856 diabolo
909 2814 955 2856 et
1027 2801 1258 2857 omnibus
1315 2802 1513 2872 pompis
1586 2801 1694 2870 ejus
1748 2815 1773 2852 a

171 2876 446 2942 baptizalo
468 2878 680 2929 laetam.

252 2948 355 3013 Qui
397 2948 530 2999 enim
563 2954 726 3015 optat.
758 2947 1044 3000 Antitlieses
1099 2954 1395 3016 sequuntur
1471 2959 1600 2998 sane
1650 2943 1779 2997 insi-

211 3035 330 3071 IICS.

211 3035 330 3071 nes.

171 3034 203 3088 ε
251 3089 604 3143 Timidiorein.
648 3086 850 3143 Timore
905 3087 1001 3141 Der
1045 3087 1286 3142 nonnihil
1339 3089 1508 3160 magis
1559 3100 1780 3141 concus-

173 3177 319 3216 sum.
360 3160 486 3215 Vide
509 3175 693 3228 supra.

252 3231 656 3301 Ilepromitterit.
709 3231 1036 3300 Simpliciter
1075 3247 1170 3301 pro
1212 3232 1546 3302 promitteret,
1577 3238 1633 3284 ut
1656 3242 1786 3283 nos-

177 3313 263 3358 ter
287 3305 479 3357 similia
502 3305 798 3372 composita
830 3304 1047 3372 passim.

263 3375 632 3428 Prwstuturus.
675 3374 843 3429 Recte
892 3375 1111 3427 omnino
1140 3390 1234 3442 pro
1279 3375 1619 3445 prwstiturus,
1659 3386 1779 3426 cum

183 3458 434 3518 prtestare
460 3461 558 3516 pro
579 3447 808 3516 implere,
842 3456 934 3499 aut
956 3448 1198 3515 per/icere
1219 3447 1493 3517 accipitur.

685 3559 840 3614 Nota:
865 3560 932 3612 ad
961 3558 1122 3626 Caput
1164 3557 1290 3612 VII.

256 3654 621 3709 Audientibus.
668 3653 810 3710 Satis
849 3651 1368 3722 signiticatAuthor,
1431 3666 1548 3721 qua:
1600 3653 1786 3722 hacte-

183 3745 288 3782 nus
346 3728 602 3797 pra'm'isit
632 3767 646 3791 ,
698 3721 942 3794 spectare
996 3723 1544 3797 pmuitentiam,ante
1589 3721 1790 3797 Baptis-

183 3795 422 3853 nium'ab
449 3799 802 3862 Audientibus,
852 3813 947 3851 seu
1001 3811 1031 3848 a
1058 3795 1462 3854 Catechumenis.
1503 3795 1784 3864 agendam.

183 3874 306 3928 Jain
336 3887 461 3925 vero
502 3871 568 3924 ad
611 3885 728 3924 eam
778 3869 1109 3936 pmnitentize
1161 3873 1392 3936 speciem
1435 3875 1786 3929 convertitur,

181 3943 562 4014 quaerclapsis
618 3950 728 4009 post
769 3937 1090 4014 Baptismum
1137 3937 1500 4014 amplectenda
1544 3945 1792 4014 superest

183 4006 287 4070 ἀνι]
313 4006 541 4082 jam,'ut
594 4006 752 4081 s‘upra
799 4006 1070 4072 diximus,
1119 4009 1340 4062 secunda
1398 4016 1516 4076 post
1572 4006 1790 4059 naufra-

184 4090 336 4157 giutii
356 4085 550 4157 tabula.

265 4153 417 4209 Nihil
459 4156 593 4223 jam.
641 4153 734 4209 Vel
789 4151 917 4205 nihil
979 4152 1092 4221 jam
1132 4158 1330 4219 Spectat
1391 4149 1456 4203 ad
1512 4163 1647 4215 eos,
1702 4149 1792 4217 qui

189 4237 317 4297 post
340 4227 666 4297 Baptismum
700 4226 896 4279 nullius
928 4225 1040 4294 jam
1070 4224 1311 4297 amplius
1352 4223 1435 4297 rei
1485 4223 1795 4297 pmnitentia

189 4292 369 4368 iligna:
412 4292 509 4353 sibi
540 4298 738 4353 conscii
767 4292 941 4368 sunt:
1000 4295 1079 4348 vel
1133 4296 1199 4368 ad
1248 4293 1511 4368 parvulos
1557 4292 1796 4368 referen-

190 4364 326 4424 dum
352 4378 453 4436 est,
496 4372 696 4439 peccati
736 4367 975 4432 actualis,
1011 4366 1340 4435 proindeque
1379 4366 1685 4434 paenitentia:
1715 4364 1796 4417 iii-

191 4456 443 4497 canaces.

261 4458 650 4574 Ii‘l'Etfijictantes,
684 4509 736 4565 id
767 4519 848 4565 est
869 4549 882 4573 ,
931 4517 1202 4562 tractantes
1225 4523 1243 4560 :
1276 4516 1332 4561 ut
1368 4507 1477 4576 jam
1511 4506 1685 4577 pigeat
1715 4515 1799 4561 to-

199 4587 308 4639 ties
333 4593 642 4638 annotasse.

277 4653 656 4716 Dentoustrare,
699 4653 736 4707 i.
781 4670 832 4706 e.
875 4653 1022 4707 velut
1065 4653 1346 4723 designare,
1381 4650 1530 4721 quasi
1584 4649 1650 4704 ad
1681 4665 1801 4719 por-

200 4744 266 4785 ro
292 4726 617 4794 peccamlum
651 4724 902 4779 invitatis.

282 4797 378 4851 Eo.
411 4797 513 4851 Pro
538 4812 780 4866 eousque,
807 4805 899 4849 aut
930 4806 1213 4866 propterea.

279 4868 405 4922 Jam
426 4883 559 4921 nunc
590 4864 778 4938 pateat.
810 4867 1047 4936 Spatium
1073 4864 1406 4938 suliiutelligc
1435 4864 1699 4937 (temporis
1721 4864 1799 4918 nio

203 4939 426 5010 mirum)
458 4937 729 5010 autjauua
759 4982 773 5006 ,
821 4939 1060 4993 simileve
1084 4937 1300 5008 aliquid.

281 5006 794 5066 Evadendi'liabebit.
826 5010 1089 5065 l’raiclusa
1119 5006 1318 5064 scilicet
1336 5007 1592 5063 evadendi
1626 5006 1729 5060 via.

285 5083 408 5137 Non
461 5082 678 5136 habebit.
712 5083 831 5154 Ipse
869 5083 1120 5136 nitnirum
1168 5079 1457 5146 olfendeudi
1493 5079 1647 5148 ﬁnem
1704 5078 1806 5134 sibi

205 5173 314 5214 non
339 5157 553 5210 iaciens.

285 5226 565 5282 Hactenus.
619 5223 896 5290 Hactenus,
925 5239 1019 5278 seu
1065 5238 1300 5290 eousque.
1334 5223 1439 5276 Aut
1489 5217 1622 5276 forte
1650 5221 1808 5276 Chri-

206 5299 372 5358 stiani
425 5298 886 5366 exspectabimus,
942 5305 999 5349 ut
1037 5295 1134 5364 ipsi
1180 5294 1420 5366 Gentiles
1461 5295 1616 5349 nobis
1644 5294 1808 5346 Deum

206 5389 368 5430 suum
400 5370 693 5424 Terminum
721 5370 737 5439 (
770 5367 900 5422 vah!
933 5381 1104 5436 neque
1145 5367 1261 5439 sine
1308 5365 1582 5439 impietate
1640 5366 1813 5418 nomi-

211 5442 482 5501 nandum!
509 5440 524 5508 )
557 5438 788 5509 peccatis
817 5439 1012 5492 nostris
1042 5438 1373 5506 praestituaut

290 5507 620 5568 Periculosis.
647 5510 900 5565 Periculis
936 5510 1117 5577 legunt
1166 5509 1293 5572 alii;
1351 5507 1558 5576 planius
1595 5507 1809 5576 quidem

214 5589 271 5646 id
299 5594 401 5652 est,
434 5601 538 5640 non
569 5597 713 5642 ,ναι-ο
760 5584 908 5647 tanti,
939 5591 994 5634 ut
1031 5596 1206 5634 meum
1242 5588 1520 5649 propterea
1571 5580 1811 5634 codicem

215 5664 472 5716 deserere
493 5671 672 5725 cogar.

292 5729 430 5782 Mari
477 5721 668 5781 dicunt.
729 5724 966 5796 Improbe
997 5722 1553 5796 Neptununtaccusat,
1584 5723 1691 5796 qui
1744 5721 1818 5776 bis

217 5801 550 5872 naufragium
603 5793 836 5872 patitur,
888 5798 962 5852 ait
1017 5797 1232 5872 Publius
1287 5793 1699 5872 Mimograplms.

298 5867 547 5926 Meritoria
578 5871 787 5944 periculi
816 5870 1065 5925 honorant
1105 5867 1243 5922 Sane
1273 5867 1814 5941 perquamelcgantcr

220 5947 424 6005 dictum
458 5944 472 6001 Ξ

1375 1915 1443 1930 ,ιη
1517 1915 1762 1936 "unum,

1375 1959 1430 2000 ΙΙΙ.
1489 1915 1613 2000 ΙῖὶΟΧ
1673 1919 1845 1997 1111·Β

1829 4703 1882 4763 D

1860 597 2130 651 idoneum.

1933 667 2219 720 lnculcare.
2260 666 2320 719 In
2372 667 2420 721 id
2479 667 2692 719 cali-are.
2746 665 2878 732 Quid
2934 680 3064 719 vero
3112 666 3330 718 multis?
3373 667 3452 718 iii-

1861 741 2062 791 culcure
2095 739 2512 807 hicsimpllcilcr
2541 755 2634 806 pro
2661 739 2888 802 calcare,
2934 752 3026 791 seu
3072 737 3303 790 calcibus
3363 754 3456 805 per

1861 826 2128 863 summum
2160 812 2524 878 contemptum
2555 809 2828 874 insultare,
2863 809 3066 878 accipio
3099 825 3110 860 :
3145 817 3199 863 et
3227 809 3346 878 quis
3368 823 3454 864 rc-

1863 880 2181 935 lraaabitur?

1967 952 2145 1015 lodus,
2180 952 2213 1004 i.
2246 967 2293 1005 c.
2327 951 2581 1017 coercitio,
2614 967 2706 1005 seu
2736 950 2993 1005 coliibitio.

1935 1021 2071 1075 Dum
2103 1023 2430 1092 extinguitur.
2457 1021 2817 1077 Pulcherrima
2839 1021 3139 1077 antithesis.

1938 1093 2120 1147 Mortis
2174 1110 2346 1162 Opera.
2413 1094 2540 1163 Ejus
2597 1094 2852 1165 nimirum
2887 1135 2899 1158 ,
2954 1110 3071 1163 qum
3132 1094 3267 1149 inter
3319 1094 3460 1165 ipsas

1865 1177 2050 1218 mortes
2097 1175 2181 1219 est
2205 1167 2428 1218 omnium
2464 1164 2850 1230 terribilissiina,
2872 1181 3017 1219 mors
3032 1166 3244 1221 animai.

1939 1235 2095 1289 Retro
2116 1252 2241 1290 sure.
2296 1238 2456 1289 Antea
2483 1252 2608 1300 sum,
2643 1236 2692 1288 id
2721 1245 2819 1302 est,
2850 1238 3168 1306 peccatoris.

1865 1309 2201 1361 Judicaturus
2255 1317 2347 1360 est.
2408 1306 2482 1360 Ita
2543 1308 2684 1361 enim
2736 1321 2950 1362 sanctus
2996 1308 3187 1362 Paulus
3241 1310 3291 1363 1.
3335 1308 3455 1364 Cor.

1868 1378 1959 1442 Vl,
1994 1380 2046 1442 5,
2071 1381 2144 1431 ait
2186 1397 2198 1431 :
2255 1377 2495 1444 Nescitis,
2538 1379 2776 1448 quoniam
2829 1381 3036 1447 angelos
3076 1381 3464 1450 judicabimus?

1869 1449 2020 1517 Quod
2049 1450 2114 1503 de
2159 1451 2304 1501 malis
2332 1465 2425 1502 seu
2479 1450 2742 1503 damnatis
2777 1450 3048 1520 spiritibus
3078 1449 3085 1450 ί
3112 1457 3465 1507 communiter

1874 1522 2198 1593 Interprctcs
2227 1521 2548 1593 intelligunt.
2586 1520 2656 1573 lli
2696 1536 2873 1591 nempe
2902 1532 3017 1574 sunt
3064 1523 3157 1593 (ait
3185 1525 3376 1579 Noster
3409 1526 3460 1577 iu

1871 1593 1906 1645 ι.
1939 1593 2000 1644 de
2033 1591 2164 1644 "ab.
2198 1593 2324 1652 ntul,
2358 1609 2402 1643 (ν.
2427 1592 2482 1663 ‘2)
2511 1609 2635 1660 quos
2659 1593 2940 1663 judicaturi
2991 1591 3162 1648 sumus
3209 1596 3301 1648 :lii
3350 1604 3465 1648 sunt

1871 1664 2058 1737 angeli,
2090 1663 2273 1737 quibus
2297 1665 2347 1737 in
2370 1669 2570 1737 lavacro
2597 1666 2964 1737 renuntiamus.
2999 1665 3074 1737 Et
3105 1666 3155 1718 in
3187 1668 3223 1720 ι.
3254 1671 3313 1720 de
3343 1672 3466 1737 fuga

1871 1735 1923 1787 in
1954 1751 2145 1804 perscc.
2175 1751 2219 1786 c.
2255 1734 2342 1796 10,
2372 1736 2440 1787 ita
2474 1735 2704 1803 loquitur
2732 1751 2749 1787 :
2778 1734 2942 1788 Times
2986 1736 3260 1806 hominem,
3289 1734 3464 1792 Chris-

1874 1808 2025 1876 tiane,
2060 1822 2203 1873 quem
2237 1806 2399 1858 timeri
2447 1817 2640 1875 Oportet
2679 1807 2741 1859 ab
2762 1808 2955 1875 angelis
2972 1809 3234 1876 (siquidem
3263 1811 3468 1876 angelos

1867 1875 2194 1944 judicaturus
2223 1879 2317 1939 es),
2337 1893 2481 1943 quem
2501 1879 2662 1928 timeri
2685 1890 2878 1942 oportet
2896 1895 2925 1930 a
2943 1875 3223 1944 dictitotiiis,
3249 1875 3351 1934 etc.
3395 1881 3469 1934 De

1878 1949 1973 2018 bis
1991 1948 2145 2017 igitur
2168 1948 2370 2016 angelis
2388 1950 2548 2001 etiam
2583 1949 2665 2000 hic
2684 1947 3044 2002 Tertullianus
3067 1949 3320 2018 loquitur.

1948 2017 2349 2072 Traditionibus.
2377 2020 2478 2071 Alii
2507 2020 2686 2092 legunt
2714 2019 3088 2073 conditionibus
3117 2017 3299 2092 :unod
3347 2037 3472 2092 pro-

1875 2090 2019 2163 hare
2066 2104 2169 2163 non
2237 2103 2452 2159 possmn
2490 2107 2506 2163 :7
2551 2091 2738 2163 Juniqs
2822 2090 3239 2148 traductionibus
3269 2136 3283 2158 ,
3347 2090 3471 2163 'quo

1875 2161 2135 2214 vocabulo
2163 2171 2346 2213 noster
2394 2163 2444 2213 in
2491 2162 2526 2214 ι.
2563 2162 2625 2213 de
2677 2159 2900 2214 Prwscr.
2951 2180 2998 2218 c.
3048 2164 3138 2216 22.
3195 2159 3472 2219 υιίιιιΓῙΕι

1875 2247 2006 2286 sane
2041 2234 2154 2285 lucc
2192 2233 2348 2285 lectio
2403 2234 2674 2286 contextui
2710 2235 2880 2302 magis
2906 2249 3204 2303 congruere
3234 2238 3462 2299 videtur,

1877 2305 2091 2374 preprie
2117 2306 2260 2356 enim
2289 2303 2520 2357 dicimus
2562 2304 2628 2356 de
2659 2306 2741 2356 via
2777 2345 2790 2368 ,
2815 2315 2907 2358 aut
2958 2318 3093 2360 recto
3142 2310 3341 2361 tramite
3375 2310 3470 2361 ali.

1875 2390 2034 2444 quem
2067 2379 2329 2428 traducere
2356 2376 2406 2428 iu
2430 2376 2562 2436 avia,
2598 2384 2702 2429 etc.

1951 2447 2080 2499 Sera
2112 2446 2388 2499 obstructa.
2439 2446 2622 2515 Neque
2675 2455 2853 2501 autem
2886 2463 2983 2500 vox
3018 2449 3272 2503 obstructa
3292 2450 3356 2503 ad
3389 2465 3475 2504 sc-

1878 2533 2014 2580 ram,
2044 2516 2138 2591 sed
2169 2517 2232 2591 ad
2253 2519 2468 2591 jauuam
2500 2515 2777 2591 referenda
2807 2528 2908 2591 est,
2943 2529 2997 2573 ut
3029 2536 3218 2576 sensus
3244 2524 3314 2575 sit
3346 2537 3357 2571 :
3385 2523 3476 2591 ja-

1878 2589 2424 2656 uuaperintinctionis,
2450 2603 2545 2642 seu
2572 2589 2818 2658 baptismi
2836 2608 2996 2644 seram
3020 2594 3288 2645 obstructa.
3315 2589 3477 2646 [lecte

1878 2670 2057 2713 autem
2091 2662 2162 2712 ita
2183 2659 2403 2720 dictum,
2445 2675 2511 2731 eo
2555 2661 2697 2729 quod
2753 2662 3045 2731 baptismus
3100 2666 3337 2718 reiterari
3384 2681 3476 2718 ne-

1879 2740 2058 2800 queat,
2090 2739 2252 2805 atque
2303 2731 2438 2783 adeo
2463 2730 2575 2805 hanc
2623 2736 2784 2805 janua
2829 2730 2997 2786 Semel
3056 2733 3322 2802 baptizato
3364 2735 3477 2805 jam

1882 2818 1985 2855 non
2018 2803 2249 2868 amplius
2267 2811 2444 2870 pateat
2473 2804 2537 2876 ad
2575 2802 2784 2876 veniant
2843 2811 2898 2857 et
2941 2805 3313 2860 remissionem
3357 2802 3479 2876 pec—

1881 2883 2145 2934 catorum,
2181 2887 2274 2940 per
2296 2887 2452 2939 quam
2477 2873 2557 2926 bis
2583 2873 2935 2941 ingrediatur.

1956 2943 2195 2998 Frustra.
2275 2944 2585 2998 Dm'iuscula
2639 2945 2752 2998 hmc
2802 2945 3034 3000 locutio:
3109 2963 3171 3003 ac
3239 2949 3282 3004 si
3353 2963 3480 3003 vero

1884 3018 2063 3089 etiam
2090 3015 2402 3084 pmuitentia
2427 3030 2458 3068 a
2489 3017 2768 3089 haptizatis
2811 3028 2927 3084 post
2977 3018 3198 3074 iteratos
3242 3021 3481 3089 relapsus

1887 3088 2068 3161 iterari
2102 3103 2208 3140 non
2231 3097 2431 3156 pesset,
2468 3087 2707 3161 adeoque
2745 3089 3003 3161 deinceps
3029 3093 3202 3145 omnis
3224 3087 3483 3161 spes'vc-

1887 3161 1987 3212 nia:
2014 3160 2192 3212 denuo
2217 3160 2610 3231 consequendic
2641 3160 2898 3231 praeclusa
2931 3171 3093 3214 esset.
3131 3160 3328 3216 Verum
3365 3165 3482 3231 plus

1888 3233 2068 3284 dicere
2088 3233 2196 3282 l'ors
2225 3230 2583 3304 'l'ertulliauus
2608 3246 2710 3304 non
2735 3230 2932 3294 voluit,
2965 3248 3122 3300 quam
3163 3250 3268 3304 quo
3289 3230 3484 3303 sa'pius

1809 3311 1854 3375 ρ
1888 3304 2008 3372 quis
2036 3302 2358 3375 peccaverit,
2383 3315 2446 3375 eo
2474 3301 2832 3375 dillrieilioretu
2869 3304 2982 3356 lieri
3007 3301 3202 3357 seriam
3220 3301 3484 3375 pinniten-

1892 3371 2041 3434 tiam,
2068 3388 2131 3426 ac
2163 3373 2499 3446 veniaqtotics
2527 3373 2759 3446 dignam.
2797 3371 2938 3446 Sane
2963 3385 3140 3428 autem
3173 3371 3482 3446 insequen-

1890 3446 2033 3516 tibus
2056 3459 2178 3516 mox
2211 3444 2492 3512 benignius
2526 3444 2775 3516 loquitur.
2794 3445 2908 3516 Sed
2953 3447 3071 3500 vide
3120 3451 3292 3516 potius
3332 3444 3485 3503 inl'ra

1890 3533 1936 3569 c.
1973 3515 2062 3581 IX,
2093 3515 2387 3567 Patrocinia
2417 3526 2630 3579 naturw,
2676 3515 2814 3570 1169
2845 3532 2896 3569 ι).

1966 3586 2117 3652 Quod
2147 3601 2434 3659 acceperas.
2463 3584 2658 3640 Gravis
2686 3592 2924 3656 proiecto
2968 3588 3250 3652 sententia,
3276 3591 3486 3659 alteque

1893 3657 2245 3728 imprimenda
2275 3657 2472 3728 animo.

1964 3725 2344 3782 Acconnnodat.
2396 3725 2500 3782 Pro
2568 3729 2912 3798 commodat,
2981 3742 3037 3787 et
3079 3731 3325 3788 concedit
3371 3733 3486 3787 usui

1893 3810 2004 3855 tuo.

1968 3872 2256 3935 Rcstituas,
2289 3886 2381 3926 seu
2414 3888 2702 3940 recuperes;
2724 3883 2814 3927 aut
2837 3885 3105 3930 restaures.

1970 3943 2178 3997 Nedum
2193 3945 2473 4014 ampliato.
2509 3942 2711 3997 Nedum
2747 3946 2830 3999 hic
2853 3947 3224 4014 exponendum
3251 3955 3334 4000 cst
3361 3950 3492 4001 inul-

1898 4015 2144 4084 tomagis.
2183 4013 2308 4067 Scio
2334 4023 2510 4087 autem
2562 4016 2724 4087 etiam
2783 4013 3387 4087 aliassigniﬁcationes,
3439 4029 3492 4072 ct

1898 4099 2219 4156 quandoque
2247 4086 2530 4155 negativam
2560 4085 2682 4140 huic
2717 4089 2940 4152 voculae,
2971 4085 3100 4144 satis
3142 4091 3272 4143 alias
3321 4091 3491 4144 ambi-

1898 4175 2036 4229 guae,
2070 4158 2247 4211 tribui.
2274 4159 2375 4212 Sed
2405 4158 2517 4211 haec
2543 4157 3026 4214 Grammaticorum
3055 4174 3234 4216 sunto.
3261 4163 3493 4230 Amplia-

1899 4242 1948 4282 to
1979 4238 2155 4303 autem
2187 4243 2283 4303 pro
2316 4241 2466 4303 aucto
2498 4231 2580 4284 vel
2629 4241 2854 4303 extenso,
2893 4230 3048 4287 facile
3097 4235 3356 4303 quispiam
3409 4235 3493 4286 hic

1901 4313 2094 4355 sinuet.
2120 4300 2254 4367 Quid
2283 4301 2462 4353 multis
2492 4302 2684 4370 igitur?
2715 4301 2918 4355 Nedum
2950 4303 3091 4358 idem
3114 4300 3251 4358 inibi
3282 4304 3366 4360 hic
3392 4313 3495 4359 erit

1901 4388 1964 4427 ac
1987 4389 2049 4425 ne
2065 4374 2231 4423 dicant
2261 4373 2537 4439 ampliato.

1978 4444 2145 4510 Quam
2203 4444 2344 4495 dare.
2375 4444 2637 4508 Quoniam
2681 4447 2767 4513 qui
2817 4446 3033 4498 restituit
3090 4447 3161 4501 bis
3181 4445 3307 4512 dat,
3361 4447 3493 4502 alle—

1903 4531 2020 4570 rum
2052 4513 2345 4568 ineandcm
2372 4514 2756 4581 conditionem,
2790 4532 2892 4588 qua
2923 4518 3140 4584 excidit,
3174 4535 3350 4573 rursus
3391 4530 3496 4573 sta-

1903 4588 2107 4640 tuendo.

1983 4657 2407 4731 Nonaccepisse.
2437 4656 2622 4731 lflcque
2671 4661 2810 4714 enim
2845 4661 3014 4726 abeo,
3049 4660 3139 4731 qui
3163 4661 3291 4715 nihil
3334 4676 3493 4716 acce-

1911 4729 2006 4801 pit,
2035 4730 2326 4803 quidquam
2366 4728 2562 4782 auferri
2597 4733 2784 4799 potuit,
2807 4734 3032 4803 ideoque
3063 4728 3161 4788 nec
3187 4747 3251 4787 ex
3298 4733 3498 4790 damno

1909 4801 2138 4872 quodam
2163 4801 2411 4853 miseriam
2429 4806 2610 4855 sentit.

1983 4872 2210 4925 lteratte.
2263 4872 2503 4926 Sinistra:
2542 4874 2830 4940 nimirum;
2885 4876 3188 4945 ambiguum
3229 4877 3371 4931 enim
3409 4894 3501 4930 va-

1911 4944 2165 4999 letudinis
2193 4957 2389 4998 nomen
2409 4958 2529 4998 esse
2555 4963 2710 4999 nemo
2752 4948 2943 5003 nescit.
2979 4944 3066 5002 su:
3110 4950 3267 5002 etiam
3302 4949 3354 5002 in
3382 4950 3418 5002 ι.
3439 4949 3502 5002 de

1910 5015 2065 5142 ἔαρι.
2099 5032 2147 5070 c.
2177 5014 2245 5083 ν,
2268 5017 2344 5071 ait
2378 5033 2392 5070 :
2425 5015 2766 5070 Observabam
2818 5020 2905 5088 qui
2948 5021 3284 5076 valetudinem
3323 5038 3503 5092 querc.

1947 5098 2118 5142 untur.

1947 5098 2118 5142 antur.

2391 5220 2544 5278 Nota:
2569 5224 2635 5277 ad
2665 5222 2829 5295 Caput
2870 5224 3033 5282 VIII.

1987 5360 2072 5416 Id.
2108 5361 2211 5418 Pro
2238 5363 2300 5418 de
2329 5380 2406 5418 eo.

1997 5434 2298 5506 Idolotliyia
2337 5437 2585 5492 dicuntur
2640 5447 2832 5489 carnes
2890 5433 3260 5506 victimarum,
3340 5441 3489 5494 idolis

1915 5505 2212 5572 immolatae,
2267 5508 2334 5562 ab
2387 5505 2575 5578 εἴδωλον
2617 5513 2674 5559 et
2725 5513 2851 5569 θύω,
2926 5510 3065 5577 quod
3133 5519 3216 5563 est
3249 5505 3497 5578 immolo,

1921 5594 2014 5632 seu
2031 5580 2288 5654 sacrifico.
2330 5581 2405 5654 Es
2443 5577 2532 5654 bis
2560 5578 3011 5654 ergo_i_m_t_m_t_latis
3046 5583 3366 5654 quicumque
3410 5577 3502 5636 co-

1922 5646 2231 5725 medisseut,
2271 5651 2543 5725 participes
2582 5650 2818 5725 sacriﬁcii
2848 5651 2988 5703 illius
3012 5692 3026 5715 ,
3058 5646 3294 5725 indeque
3316 5655 3500 5724 polluti

1921 5721 2305 5796 censebantur,
2371 5723 2516 5796 velut
2594 5721 2756 5788 ipsius
2807 5738 3016 5793 quoque
3082 5721 3348 5796 religionis
3395 5736 3502 5780 tam

1921 5794 2192 5862 sacriiegtn
2231 5794 2662 5848 communionem
2727 5809 2844 5845 cum
2893 5794 3196 5861 gentilibus
3224 5803 3483 5854 habentes

1923 5866 2257 5934 Quapropter
2287 5868 2335 5917 in
2370 5865 2572 5918 Com-il.
2605 5862 3000 5935 llterosolymit.
3031 5868 3181 5920 Actor
3211 5871 3299 5937 15,
3342 5870 3486 5924 ctian

1926 5939 2065 5993 inter
2092 5937 2197 5992 alia
2226 5938 2621 6008 idolotliytorum
2651 5951 2773 5992 esus
2802 5939 3201 6014 prohibebatur,
3254 5943 3508 6014 quoniam
