4184 6496
199 407 338 466 £353

998 401 1345 464 APPENDIX
1384 401 1662 470 QVINTA.
1706 400 1772 458 IN
1809 398 2065 459 LIBRUM
2108 401 2198 459 DE
2241 401 2705 461 ΡΟΕΝΙΤΕΝΤΙΛ.

3347 409 3485 466 1⁶254

193 518 464 586 republica
515 531 633 571 cum
667 525 927 587 potestate
953 515 1088 586 juris
1120 514 1334 569 dicundi
1367 530 1380 568 :
1420 523 1475 569 et
1505 513 1788 587 aliquando
1815 515 1868 575 Α
1895 513 1946 568 in
1969 515 2026 568 l..
2054 517 2120 570 de
2151 513 2303 570 Petit.
2339 516 2599 571 Consulat.
2630 519 2698 574 ita
2722 517 3070 576 instrtlentis:
3119 520 3270 577 Multi
3313 524 3484 577 homi-

194 591 331 657 ipsas
361 591 525 643 etiam
578 586 830 657 personas
859 588 1119 653 ejusmodi
1180 595 1441 657 potestate
1489 586 1780 654 fulgentes,

193 659 453 714 Romanis
474 661 822 730 significabat.
877 661 1004 713 Erat
1059 668 1234 713 autem
1295 657 1565 730 multiplex
1617 670 1785 725 genus

193 727 594 798 Magistratuum
627 740 813 785 :erant
835 731 1034 793 urbani,
1065 731 1152 799 qui
1183 729 1233 784 in
1284 729 1392 797 ipsa
1425 727 1565 799 urbe
1589 769 1604 791 ,
1637 730 1786 780 dein.

192 802 255 872 de
279 799 652 865 Provinciales,
685 801 772 870 qui
796 798 1090 872 provinciis
1105 799 1427 872 Reipublica:
1467 798 1624 852 Rom.
1659 799 1787 872 sub-

185 871 450 942 jectisjus
475 867 724 928 dicebant
759 891 771 925 :
798 867 860 926 ἰιι
892 869 1645 942 Ρωεοιωιιεε.γΡνοι-ιεριονεσ,
1682 867 1784 922 Le-

189 941 294 1014 gati
321 943 716 1008 Proconsulum,
743 951 796 997 ct
821 943 1201 1012 Proprmtorum
1247 941 1548 1014 Quatstorcs
1585 956 1785 1014 provin-

188 1012 361 1079 ciales,
382 1025 488 1069 cte.
525 1015 689 1070 Erant
715 1015 836 1068 item
850 1030 915 1068 ex
939 1014 1170 1070 Urbanis
1195 1015 1430 1082 majores,
1465 1013 1553 1079 qui
1571 1012 1787 1067 comitiis

188 1089 488 1142 centuriatis
508 1089 844 1146 creabantur,
867 1096 922 1139 ut
942 1085 1204 1142 Consules.
1222 1083 1484 1147 Censores,
1510 1081 1783 1149 Praetores,

189 1168 299 1212 etc.
355 1158 462 1212 Alii
511 1159 730 1212 minores
775 1156 972 1210 tributis
1017 1157 1230 1209 comitiis
1271 1157 1439 1208 creari
1493 1155 1632 1207 soliti
1659 1197 1673 1217 ,
1731 1163 1789 1208 ut

191 1227 481 1295 Quastores
501 1229 698 1292 urbani,
716 1227 928 1281 Tribuni
952 1228 1130 1296 plebis,
1149 1225 1351 1280 /Ediles
1374 1227 1552 1295 plebis,
1577 1237 1678 1280 etc.
1710 1225 1785 1278 Ex

185 1309 418 1370 utroque
448 1301 547 1355 hoc
575 1313 769 1370 genere
797 1308 952 1353 erant
998 1299 1326 1370 ordinariiet
1370 1297 1783 1370 extraordinarii.

187 1368 261 1425 De
285 1368 369 1425 his
401 1368 597 1427 diffuse
621 1380 675 1425 ct
711 1379 957 1425 accurate
1000 1378 1188 1424 tractat
1223 1368 1458 1423 Thomas
1481 1369 1788 1422 Demsterus

185 1439 248 1495 L.
285 1440 347 1494 γ.
372 1442 547 1513 Antig.
574 1443 721 1497 llam.
745 1457 791 1494 c.
811 1441 845 1496 5
869 1458 958 1511 per
983 1450 1075 1496 tot.

259 1513 446 1582 Neque
496 1509 692 1581 pudet,
731 1509 908 1583 neque
967 1516 1120 1583 piget.
1183 1509 1613 1583 De_Candidatis
1674 1509 1785 1577 jam

183 1580 434 1653 qtucdam
467 1580 517 1639 in
545 1586 581 1639 l.
605 1585 667 1638 de
713 1580 861 1653 Bapt.
903 1601 950 1640 c.
984 1582 1052 1648 X,
1101 1594 1206 1637 not.
1251 1580 1562 1636 Candidatus
1603 1583 1784 1634 remis-

185 1656 364 1720 sionis,
424 1657 697 1725 attigimus
753 1671 766 1708 :
819 1671 956 1708 nunc
1003 1664 1179 1708 autem
1237 1655 1302 1708 de
1355 1655 1472 1725 iis,
1517 1654 1665 1725 quasi
1719 1654 1786 1725 ab

181 1726 395 1796 origine
444 1723 548 1781 sua
593 1727 944 1787 revocandis,
981 1725 1211 1778 breviter
1258 1723 1783 1796 nonuulladiccnda

183 1795 456 1852 videntur.
511 1797 644 1852 Cum
703 1798 860 1867 igitur
900 1796 1234 1866 Magistratus
1281 1795 1332 1848 iu
1404 1795 1632 1867 comitiis
1690 1809 1785 1864 per

180 1867 440 1940 suffragia
476 1869 655 1940 populi
686 1865 856 1922 creari
893 1865 1009 1922 mos
1059 1877 1234 1940 esset,
1265 1881 1329 1921 ex
1365 1865 1565 1940 populo
1595 1876 1774 1940 autem

181 1936 432 2007 plerique
461 1936 603 2008 ipsas
630 1953 906 2008 personas,
937 1954 1056 2008 qua:
1103 1939 1166 1991 ad
1188 1938 1307 1993 illos
1363 1936 1595 1990 honores
1638 1939 1780 2006 aspi-

183 2010 399 2075 rabant,
424 2025 488 2064 ex
515 2012 658 2063 \‘ttlltt
687 2019 740 2063 et
771 2011 974 2063 meritis
996 2010 1105 2063 suis
1132 2010 1457 2077 ignorarent,
1488 2022 1625 2075 Opus
1669 2019 1784 2062 erat

183 2080 305 2143 illis,
333 2079 590 2151 suffragia
619 2081 796 2151 populi
820 2082 1134 2135 meritorum
1151 2094 1369 2134 suorum
1396 2093 1784 2151 commemora-

181 2151 348 2217 tione,
388 2150 735 2222 personaiqne
762 2153 927 2222 ipsius
949 2153 1251 2206 ostensione
1284 2150 1618 2218 conquirere.
1670 2150 1785 2204 Pri-

185 2237 273 2305 mo
297 2221 562 2305 igiturhut
583 2224 821 2305 dignosci
847 2231 1083 2305 possint,
1108 2221 1327 2303 candida
1357 2223 1668 2305 vc5te_(crat
1693 2237 1785 2274 au-

185 2299 290 2346 tem
321 2290 468 2361 inter
497 2290 712 2349 hanc-ct
734 2293 903 2346 albam
931 2294 979 2348 id
1012 2293 1354 2355 discriminis,
1388 2290 1528 2360 quod
1558 2292 1643 2344 illa
1683 2307 1784 2361 ope

185 2374 352 2418 creta:
379 2358 656 2432 cujusdam
703 2368 766 2417 ad
821 2365 1081 2418 illustrem
1128 2358 1495 2432 quemdamac
1526 2358 1783 2429 majorem

188 2436 423 2489 nitorem
456 2433 687 2506 expolita
711 2432 889 2505 luerit)
913 2436 1101 2499 induti,
1125 2450 1215 2500 per
1243 2435 1590 2506 trimoutinum
1620 2432 1784 2502 (quod

184 2517 300 2558 crat
331 2503 544 2576 tempus
569 2507 637 2560 27
668 2503 894 2568 dierum,
926 2521 1044 2559 nam
1096 2518 1237 2557 mmo
1270 2504 1506 2576 quolibet
1535 2503 1620 2576 die
1649 2521 1782 2555 nun-

187 2578 323 2630 diua:
353 2579 404 2631 in
439 2573 555 2631 foro
585 2581 663 2647 agi
693 2575 1106 2644 consueverant)
1130 2577 1180 2628 in
1212 2590 1402 2647 campo
1429 2573 1612 2626 Martio
1638 2589 1783 2629 com-

187 2650 456 2713 parebant
482 2645 642 2718 supcr
663 2651 843 2703 collem
867 2649 1184 2701 hortulorum
1213 2645 1448 2709 dictum,
1502 2655 1559 2698 ut
1593 2648 1784 2718 magis

185 2721 466 2786 COIISplClIl
492 2715 696 2787 essent,
730 2719 1071 2774 considentes
1104 2739 1114 2772 :
1151 2729 1258 2772 tum
1288 2732 1414 2770 vero
1446 2715 1645 2785 papula
1691 2716 1786 2770 ad-

187 2801 447 2845 ventante
472 2793 788 2854 circuihaut,
821 2790 1008 2843 obvios
1054 2803 1294 2858 quosque
1343 2787 1667 2850 salutando,
1723 2801 1786 2842 ac

187 2863 366 2915 omnis
393 2864 608 2931 generis
627 2863 818 2916 ol'liciis
833 2861 1176 2915 demerendo.

266 2928 585 2987 llme'autem
630 2933 806 3002 populi
850 2933 948 2986 sibi
984 2930 1299 2985 conciliandi
1344 2930 1479 2984 ratio
1519 2929 1562 3002 .t_
1601 2928 1786 3002 praeci-

189 3017 295 3072 pne
323 3004 564 3068 partibus
607 3000 990 3058 conﬁciebatur
1023 3021 1036 3056 :
1070 3002 1487 3066 nontenclatioue,
1514 3000 1780 3065 blanditia,

188 3075 506 3139 assiduitate,
533 3085 586 3129 et
605 3076 923 3143 benignitate.

266 3144 626 3200 Nomenclatio
649 3148 699 3200 in
726 3164 789 3200 eo
818 3147 986 3215 posita
1011 3154 1146 3207 erat,
1179 3153 1234 3200 ut
1259 3143 1553 3215 quemlibet
1588 3144 1782 3197 civium

191 3215 352 3284 (alias
375 3219 518 3270 enim
561 3234 618 3272 se
642 3221 899 3273 hacteth
928 3218 1201 3287 neglectos
1230 3257 1244 3279 ,
1294 3224 1388 3269 aut
1439 3228 1544 3268 non
1602 3230 1783 3284 parem

1893 602 1979 639 nos
2010 587 2209 665 urbani,
2231 588 2489 653 industrii,
2535 590 2680 643 multi
2736 590 2975 654 libertini,
3021 594 3232 661 gratiosi
3266 595 3320 648 in
3364 599 3480 665 [ora

1888 659 2131 732 gnavique
2178 671 2458 732 versantur,
2489 677 2613 730 quos
2658 678 2748 730 per
2777 670 2859 727 te,
2901 659 3039 732 quos”
3063 680 3150 732 per
3192 659 3486 722 communes

1891 731 2078 782 amicos
2103 730 2285 797 poteris
2311 746 2512 802 sumere
2531 747 2550 785 :
2571 748 2712 795 cura,
2746 743 2800 786 ut
2848 730 2922 786 tui
2938 730 3110 802 cupidi
3137 736 3232 789 sint
3265 751 3283 790 :
3308 737 3483 790 elabo-

1889 809 2021 873 rato,
2050 803 2295 873 appetito,
2321 801 2564 872 allegato,
2595 820 2788 857 summa
2813 803 3055 872 bene/icio
3077 815 3122 859 te
3145 804 3284 873 a/fici
3311 817 3481 861 osten-

1889 870 2026 948 dito._
2063 869 2255 924 Deinde
2281 869 2458 926 habeto
2475 875 2732 948 rationem
2778 869 3112 948 urbisg'totius
3141 917 3154 941 ,
3178 869 3481 948 "collegium

1889 943 2112 1017 omnium
2142 958 2406 1017 pagorum,
2439 945 2784 1000 vicinitatum:
2805 961 2867 1000 ea:
2891 945 2954 999 iis
2980 947 3235 1017 principes
3255 949 3321 1001 ad
3342 943 3482 1002 nmi-

1890 1014 2060 1086 citium
2090 1022 2228 1086 tuam
2249 1013 2290 1065 si
2317 1013 2634 1086 adjunxeris,
2663 1033 2753 1086 per
2779 1032 2862 1070 eos
2902 1013 3159 1080 reliquam
3197 1019 3485 1073 multitudi-

1890 1099 2003 1136 nem
2026 1084 2176 1151 facile
2205 1085 2410 1138 tenebis.
2442 1084 2628 1140 Postea
2657 1084 2812 1140 totam
2838 1087 3044 1143 Italiam
3062 1091 3145 1154 [ac
3167 1101 3220 1142 ut
3234 1091 3285 1143 in
3306 1093 3482 1144 animo

1889 1165 1935 1206 et
1958 1156 2199 1229 inemoria
2229 1155 2569 1229 tibigtributim
2599 1156 2718 1228 (per
2745 1157 2962 1227 Tribus)
3002 1161 3302 1229 descriptam
3339 1179 3485 1215 cont-

1892 1227 2285 1300 preltensamque
2313 1226 2516 1300 habeas,
2548 1226 2767 1300 nequod
2794 1226 3136 1300 municipium
3155 1226 3174 1294 ζ
3195 1233 3480 1299 coloniam,

1891 1297 2282 1374 prail‘ecturam,
2315 1299 2487 1374 locum
2505 1300 2716 1374 denique
2741 1298 2766 1352 1
2775 1300 2911 1354 talia:
2939 1297 3006 1354 ne
3028 1318 3174 1371 quem
3195 1320 3301 1357 esse
3320 1297 3486 1374 patia-

1890 1383 1946 1420 re
1997 1369 2048 1420 in
2108 1384 2205 1442 quo
2234 1384 2348 1442 _non
2400 1369 2586 1442 habeas
2633 1372 3009 1437 ﬁrmamentum
3041 1369 3478 1442 'quantum'satis

1889 1453 1994 1492 esse
2017 1440 2200 1514 possit.
2226 1437 2496 1511 Perquiras
2522 1441 2693 1506 etiam,
2740 1453 2788 1497 et
2830 1437 3091 1514 investiges
3135 1444 3362 1498 homines
3419 1462 3482 1500 ea:

1889 1511 2026 1562 omni
2053 1511 2275 1583 regione,
2309 1526 2502 1583 eosque
2549 1528 2843 1582 cognoscas,
2876 1511 3088 1583 appetas
3110 1556 3123 1578 ,
3168 1516 3436 1583 conﬁrmes
3461 1557 3479 1583 ,

1889 1596 2051 1653 cures,
2081 1591 2131 1632 ut
2158 1582 2211 1653 in
2238 1582 2342 1634 suis
2367 1583 2704 1653 vicinitatibus
2731 1583 2819 1636 tibi
2870 1582 3066 1653 petant,
3096 1596 3141 1639 et
3183 1582 3272 1639 tua
3325 1582 3480 1641 causa

1887 1652 2032 1728 quasi
2047 1651 2314 1728 candidati
2335 1651 2458 1728 sint.
2493 1654 2722 1728 Putasne
2744 1651 2891 1728 vero,
2925 1655 3007 1709 his
3036 1657 3266 1727 denique
3318 1673 3484 1728 nego-

1891 1723 2017 1774 tium
2046 1721 2145 1797 hoc
2173 1731 2272 1776 rite
2299 1723 2603 1797 absolutum
2629 1725 2833 1780 fuisse?
2860 1727 2978 1797 imo
3032 1721 3197 1782 multo
3251 1721 3480 1797 supci'c-

1889 1802 2010 1846 rant
2037 1793 2205 1859 plura,
2234 1808 2353 1862 quae
2369 1809 2433 1850 ex
2463 1795 2650 1849 eodem
2669 1797 2926 1852 Cicerone
2945 1796 3068 1852 ibid.
3102 1793 3340 1854 exactius
3368 1799 3452 1854 dis
3470 1828 3484 1840 -

1888 1878 1998 1922 ces.
2023 1879 2183 1934 quem
2214 1865 2404 1933 legisse
2426 1866 2618 1936 volupe
2641 1869 2765 1922 erit.

1960 1936 2065 1989 Sed
2097 1949 2348 2010 quorsum
2383 1936 2497 1991 haec
2522 1938 2718 1996 omnia.
2743 1950 2794 1994 et
2836 1948 2940 1992 tam
2995 1940 3203 2010 prolixe
3244 1954 3484 1995 comme—

1887 2008 2117 2081 morata?
2140 2005 2395 2081 Nimirum
2423 2017 2482 2081 ut
2495 2024 2564 2065 eo
2589 2011 2754 2081 magis
2783 2005 3050 2080 penetrari
3080 2013 3158 2066 vis
3183 2012 3486 2081 argumenti

1886 2076 2240 2151 valeat,quod
2267 2077 2628 2135 Tertullianus
2673 2076 2757 2136 hic
2785 2076 3080 2151 tantopere
3129 2076 3298 2151 urge't.
3359 2083 3486 2137 llazc

1887 2149 2135 2220 nimirum
2162 2159 2265 2200 tam
2283 2151 2483 2217 gravia,
2517 2161 2622 2205 tam
2667 2153 2911 2217 molesta,
2943 2149 3047 2207 tam
3078 2149 3349 2220 diuturna,
3375 2162 3481 2207 tam

1887 2218 2479 2293 fermeinsuperabilis,
2517 2222 2720 2275 Virisiu
2749 2223 3040 2292 Republica
3078 2224 3314 2278 Romana
3337 2218 3487 2293 gra-

1887 2289 2138 2364 vissimis,
2156 2289 2223 2344 de
2243 2291 2430 2344 eadem
2471 2294 2572 2358 iam
2625 2293 2754 2348 alias
2783 2289 2876 2348 diu
2919 2303 2974 2349 et
2995 2298 3196 2364 optime
3237 2289 3442 2350 meritis
3467 2336 3481 2358 ,

1887 2359 2184 2425 subeunda,
2217 2372 2268 2415 et
2304 2373 2408 2415 tam
2442 2364 2721 2426 industrie,
2754 2375 2861 2419 tam
2913 2359 3197 2430 laboriose,
3250 2375 3358 2419 tam
3405 2368 3492 2420 lu-

1887 2431 2075 2484 benter
2099 2447 2330 2501 quoque,
2362 2435 2629 2488 exantlata
2658 2434 2819 2490 luisse
2844 2478 2860 2502 ,
2900 2450 3113 2492 omnem
3163 2437 3486 2491 erubescen-

1889 2503 2013 2554 tiam
2051 2502 2203 2556 lacile
2240 2504 2500 2557 honorum
2524 2519 2618 2574 spe
2641 2507 2984 2574 pervinccnte
3013 2548 3026 2570 ,
3074 2515 3131 2562 et
3179 2508 3327 2560 nullo
3375 2509 3482 2560 alio

1889 2586 2128 2639 pramuo,
2157 2588 2317 2642 quam
2340 2583 2572 2638 terreno,
2591 2589 2644 2630 et
2671 2578 3012 2644 iaconstanti,
3041 2587 3095 2632 et
3139 2578 3294 2632 subiu
3324 2578 3482 2632 nimis

1887 2644 1993 2718 cito
2018 2653 2347 2718 transeunte,
2410 2655 2466 2701 et
2507 2659 2614 2701 tam
2644 2650 2843 2712 nmltis,
2875 2660 2980 2702 tam
3007 2649 3260 2718 gravibus
3287 2651 3480 2702 mutes-

1889 2713 1995 2776 liis,
2026 2724 2080 2767 et
2107 2714 2342 2770 adversis
2369 2718 2564 2780 cincto,
2594 2732 2656 2771 ac
2685 2727 2742 2770 ut
2769 2719 2836 2771 ita
2867 2713 3062 2783 dicam,
3102 2719 3355 2782 redimita,
3407 2722 3491 2774 in-

1887 2785 2105 2839 vitatam
2133 2803 2146 2848 ;
2177 2785 2282 2839 Nos
2297 2797 2479 2841 contra
2495 2803 2797 2844 CBRISTIAM
2818 2791 3190 2844 erubescimus
3208 2790 3484 2844 Christum

1885 2856 2057 2936 sequi,
2085 2860 2790 2944 quemIOport‘uit‘btecnpatl,
2843 2863 3214 2944 et.ttaintrare
3264 2867 3315 2915 in
3368 2861 3489 2944 glo-

1885 2926 2016 3000 riam
2045 2944 2213 2993 suam,
2241 2927 2367 2983 Luc.
2402 2929 2593 2993 XXVI.
2620 2926 2710 2986 26.
2762 2934 2918 3000 Atqui
2943 2948 3069 2988 vero
3094 2947 3215 2988 cum
3237 2926 3489 2988 candida-

1887 2999 1922 3051 ti
1943 2997 2014 3052 illi
2036 2999 2104 3051 τιἰὲ
2134 3003 2497 3074 peccavisseut
2521 3004 2570 3055 iu
2597 2997 3017 3070 llempublicam,
3036 3006 3122 3072 qui
3140 3005 3207 3060 de
3232 3019 3293 3060 ea
3315 3005 3490 3074 potius

1887 3076 2090 3144 optimc
2119 3071 2296 3144 literiti
2327 3073 2572 3136 fuissent,
2597 3075 2748 3127 nobis
2773 3073 2842 3127 de
2868 3077 3019 3130 venia
3045 3071 3364 3144 peccatorum
3425 3092 3486 3128 a-

1886 3141 2116 3208 gendum
2143 3152 2241 3198 est.
2266 3141 2331 3195 de
2349 3145 2514 3214 gratia
2547 3145 2767 3198 inuohis
2790 3141 3246 3211 restaurauda,de
3289 3160 3480 3202 GLonta

1887 3227 2154 3287 omnes“,
2185 3227 2280 3281 per
2308 3218 2443 3268 hanc
2470 3217 2864 3286 conscquenda,
2889 3219 3012 3272 etin
3039 3230 3284 3272 veternum
3316 3217 3488 3287 possi-

188 3281 315 3339 cum
343 3287 462 3342 aliis
488 3304 673 3343 eorum
703 3291 960 3344 rationem
990 3281 1222 3342 habitam
1280 3287 1442 3341 fuisse
1467 3329 1480 3348 .
1529 3281 1782 3355 conqueri
1810 3289 1854 3352 ί]
1887 3281 2081 3355 demta.

189 3361 463 3429 poterant)
487 3363 702 3413 nomine
723 3374 819 3416 Suo
849 3359 1169 3422 compellare
1201 3368 1440 3412 nossent.
1468 3356 1601 3412 Cum
1655 3372 1782 3411 vero

191 3429 242 3481 id
278 3430 330 3482 in
365 3438 508 3483 unita
538 3432 716 3499 populi
766 3431 1102 3486 umltitudinc
1153 3429 1310 3482 nimis
1351 3429 1575 3481 arduum
1609 3435 1779 3490 esset,

189 3502 371 3569 quivis
399 3502 714 3556 candidatus
733 3515 856 3558 suos
887 3502 987 3557 sibi
1014 3499 1374 3563 adsciscebat,
1429 3499 1516 3570 qui
1574 3499 1783 3567 petitori

188 3571 524 3640 singulorum
559 3575 988 3641 prxtercuntium
1020 3573 1233 3626 nomina
1263 3579 1607 3641 suggererent
1630 3612 1644 3634 ,
1688 3585 1780 3622 uo-

189 3644 533 3697 menclatores
555 3640 704 3711 dicti,
727 3661 755 3697 a
793 3644 910 3698 Cic.
933 3659 1061 3698 vero
1090 3644 1141 3695 in
1193 3641 1341 3695 Orat.
1371 3640 1496 3710 pro
1551 3640 1786 3695 Muncna

189 3718 489 3778 monitorcs,
508 3729 534 3766 a
565 3713 723 3770 Festo
753 3718 987 3787 fartores,
1003 3713 1152 3787 quod
1184 3714 1232 3765 in
1259 3712 1661 3787 candidatorum
1672 3727 1785 3787 _au_-

186 3800 281 3840 res
304 3788 519 3839 nomina
559 3783 909 3841 civium'clam
933 3786 1079 3841 velut
1127 3785 1463 3855 infarcirent;
1512 3783 1784 3853 appellati.

185 3855 460 3910 Btanditia
483 3857 914 3919 dicebatur,cum
945 3872 1050 3911 non
1083 3856 1298 3926 proprio
1326 3856 1583 3909 duntaxat
1611 3855 1785 3908 uomi-

185 3943 278 3991 ne,
314 3927 407 3982 sed
433 3927 691 3982 blandiori
712 3930 892 3990 etiam,
922 3936 1144 3999 patrum,
1168 3931 1402 3997 fratrum,
1437 3937 1785 3999 patronorum,

183 4009 296 4053 etc.
323 4014 423 4053 ceu
455 3999 648 4068 quibus
675 3997 975 4054 aretissimc
1003 3999 1242 4053 adstricti
1273 4009 1474 4062 essent,
1502 3997 1788 4064 compella-

187 4073 341 4124 tione
381 4070 703 4124 salutabant.
765 4071 1049 4125 Assiduitas
1097 4070 1360 4139 praecipue
1409 4070 1458 4122 in
1497 4069 1783 4137 ambiendo,

184 4143 503 4210 prensando,
531 4152 584 4195 et
612 4141 860 4212 rogando,
888 4142 1236 4196 consistebat.
1275 4141 1541 4194 dtubibaut
1586 4151 1786 4212 autem,

183 4227 286 4266 seu
316 4212 593 4266 circuibant
616 4210 682 4266 iu
699 4212 887 4282 plateis
917 4226 1129 4282 quoque
1148 4226 1216 4282 ac
1245 4213 1393 4276 vicis,
1449 4218 1502 4266 et
1533 4227 1637 4268 :ten
1678 4210 1786 4264 Ro-

183 4298 290 4335 ma:
311 4283 508 4347 solum,
539 4283 633 4338 sed
665 4281 717 4338 in
735 4286 854 4337 aliis
879 4299 1092 4354 quoque
1135 4281 1305 4337 Italia
1340 4283 1643 4337 civitatibus
1672 4324 1686 4348 ,
1733 4283 1787 4337 in

183 4354 385 4426 quibus
408 4357 555 4426 cives
587 4355 781 4409 multos
805 4353 1106 4426 negotiandi
1156 4368 1314 4409 causa
1362 4354 1562 4408 versari
1627 4367 1790 4426 nove.

185 4437 330 4480 rant.
360 4425 670 4482 Circuibant
707 4441 834 4479 vero
863 4425 955 4480 aut
983 4440 1078 4495 per
1104 4435 1294 4490 semet,
1323 4434 1414 4479 aut
1461 4426 1593 4479 alios
1653 4425 1789 4479 ami-

183 4511 306 4562 cos,
335 4496 401 4548 ad
425 4496 579 4566 hujus
605 4495 764 4551 ol‘llcii
792 4506 994 4566 partem
1021 4495 1275 4567 adscitos,
1321 4497 1549 4567 illucque
1572 4496 1785 4562 missos,

183 4577 284 4621 aut
304 4567 436 4621 alias
465 4565 658 4624 ibidem
688 4565 1028 4622 constitutos.
1056 4565 1323 4622 Prensatio
1362 4565 1522 4622 [iebat
1545 4609 1559 4630 ,
1612 4567 1790 4634 singu-

185 4638 363 4692 larum
389 4638 637 4695 dexteras
662 4638 1035 4707 prehendenda,
1065 4638 1359 4703 osculando,
1411 4638 1788 4706 dissuaviando,

184 4718 297 4765 etc.
318 4707 531 4780 Rogatio
547 4709 843 4770 dicebatur.
861 4726 979 4765 cum
1000 4709 1134 4764 inter
1151 4724 1356 4780 preces,
1377 4725 1484 4764 non
1505 4723 1624 4765 raro
1641 4725 1795 4779 pror-

186 4795 286 4834 sus
308 4779 489 4848 putide
517 4779 781 4841 humiles.
835 4779 1329 4838 commemorabant
1379 4781 1630 4836 beneticia
1684 4782 1794 4850 jam

185 4850 327 4906 alias
355 4865 385 4904 a
411 4851 602 4922 pepulo
620 4865 838 4922 accepta
863 4895 878 4918 ,
929 4852 1270 4908 denudabaut
1319 4852 1478 4906 etiam
1518 4853 1795 4909 cicatrices

187 4936 342 4988 suas,
372 4937 505 4991 quas
526 4920 666 4977 forte
717 4920 812 4992 pro
831 4925 998 4992 patria
1041 4923 1273 4978 adverso
1319 4932 1535 4990 pectore
1596 4925 1647 4977 iu
1679 4923 1795 4982 acie

186 5002 672 5064 acceperant,etc..
695 5005 803 5048 tum
835 5009 962 5049 vero
989 5003 1047 5048 ut
1073 4993 1371 5064 hujusmodi
1403 5010 1580 5049 rerum
1601 4995 1794 5051 intuitu

186 5063 445 5135 suffragia
475 5065 574 5135 sibi
624 5065 914 5129 deterrent,
960 5063 1277 5135 rogitabant,
1301 5073 1402 5118 etc.
1441 5066 1684 5135 Atqnein
1710 5066 1795 5122 his

188 5149 315 5190 cum
348 5134 714 5190 solisuflicere
742 5151 848 5190 non
877 5134 1115 5204 possent.
1141 5139 1300 5190 etiam
1323 5135 1457 5190 alios
1489 5134 1664 5191 claros
1712 5138 1790 5190 vi-

190 5220 286 5261 ros
318 5204 654 5278 adhibebant
680 5206 1045 5278 suifragatores
1065 5209 1256 5268 dictos.
1285 5208 1372 5278 qui
1422 5208 1646 5262 virtutes
1695 5222 1789 5277 pe-

192 5277 421 5332 tentium
455 5278 646 5346 populo
672 5277 1180 5341 commemorabam,
1197 5289 1300 5333 etc.
1321 5277 1413 5331 His
1432 5293 1643 5348 quoque
1669 5279 1758 5333 ot"
1777 5308 1790 5322 -

191 5351 292 5402 ciis
318 5349 609 5420 accedebat
635 5350 937 5420 benignitas,
971 5365 1072 5418 qua
1103 5350 1350 5419 populum
1376 5363 1469 5417 per
1505 5349 1785 5420 congiaria,

191 5418 435 5491 missilia,
454 5421 698 5485 convivia,
725 5418 872 5474 ludos
889 5418 1243 5491 gladiatorias,
1262 5418 1615 5491 pecuniarum,
1642 5427 1788 5488 prius

191 5489 336 5558 apud
363 5500 661 5557 sequestres.
694 5492 813 5545 tidei
831 5489 1010 5557 causa,
1043 5489 1478 5561 deponendarum
1504 5534 1518 5554 ,
1568 5493 1788 5546 divisio-

195 5561 378 5621 nibus,
405 5571 534 5627 etc.,
558 5561 990 5626 demerebantur,
1014 5562 1310 5631 cujusmodi
1337 5563 1648 5616 muneribus
1691 5563 1788 5617 ali-

190 5646 334 5701 quos
363 5632 568 5703 integra
594 5648 686 5687 sua
713 5634 1027 5703 patrimonia
1077 5647 1454 5702 nonnunquam
1475 5633 1789 5692 exhausisse

193 5714 534 5771 compertum
569 5706 687 5760 fuit.

266 5772 348 5829 Ne
375 5789 505 5830 vero
527 5775 746 5832 nimium
774 5783 887 5831 haec
904 5790 934 5831 a
959 5776 1112 5832 nobis
1129 5787 1443 5848 exaggerata
1464 5776 1625 5832 fuisse
1640 5777 1786 5844 quis-

193 5859 358 5915 quam
397 5847 690 5914 existimet,
717 5863 846 5903 sane
874 5863 978 5902 non
1001 5849 1096 5903 abs
1125 5864 1180 5902 re
1207 5847 1411 5905 videtur
1438 5849 1689 5904 nonnulla
1717 5864 1781 5905 ex

192 5916 439 5976 Cicerone
464 5919 910 5986 huctranst'erre,
945 5918 1012 5986 Ω.
1054 5919 1316 5990 Tullium,
1364 5922 1580 5978 fratrem
1624 5937 1779 5978 suum

1820 4681 1874 4743 D

1958 3350 2306 3426 contumeliis.
2335 3357 2465 3426 Quis
2513 3359 2655 3414 enim
2706 3361 2921 3426 credat,
2966 3361 3267 3417 candidatos
3312 3360 3410 3416 hos
3455 3375 3486 3413 a

1886 3425 2227 3499 quibusdam.
2277 3425 2412 3484 torte
2462 3431 2702 3490 inimicis.
2735 3425 3007 3487 autminns
3038 3433 3234 3499 amicis,
3278 3448 3384 3487 non
3427 3447 3488 3486 a—

1887 3495 2139 3564 liquando
2166 3497 2365 3574 (proca
2394 3513 2516 3554 tunc
2561 3504 2734 3570 pupilli
2767 3503 2997 3574 licentia)
3025 3495 3485 3564 contumeliosius.

1887 3577 1981 3620 aut
2006 3571 2395 3644 astiernantius,
2422 3582 2510 3624 aut
2537 3577 2602 3623 ah
2647 3573 2834 3627 amicis
2879 3571 3146 3644 alioquin,
3178 3575 3318 3630 inter
3364 3582 3484 3644 tan-

1891 3647 1941 3691 ta
1973 3642 2426 3715 ,taiiiquedivisa
2465 3644 2658 3715 studia,
2713 3642 3064 3715 llt‘g‘llgclllllls
3106 3645 3319 3701 habitos
3352 3642 3488 3698 fuis-

1889 3711 1986 3764 se?
2011 3710 2116 3786 Sed
2146 3712 2422 3786 audiamus
2454 3714 2706 3767 Sanctum
2738 3710 3081 3786 Cyprianum.
3101 3717 3152 3769 in
3170 3715 3272 3784 Ep.
3297 3716 3363 3768 ad
3379 3715 3488 3768 Do-

1891 3791 2066 3853 natum
2094 3783 2205 3853 hacc
2256 3784 2672 3853 elegantissime,
2714 3783 2953 3841 nt'solet
2984 3828 2996 3849 ,
3043 3783 3482 3843 describentem:

1893 3851 1994 3915 Qui
2008 3851 2192 3929 tnnictu
2213 3851 2430 3929 clariore
2446 3858 2745 3926 conspicuus
2769 3858 2961 3929 fulgere
2977 3858 3073 3929 sibi
3087 3858 3283 3912 videtur
3293 3859 3346 3912 in
3363 3873 3487 3924 pur-

1892 3938 2041 3999 pura,
2072 3924 2252 3990 quibus
2283 3927 2376 3980 hoc
2399 3924 2629 3981 sordibus
2658 3924 2798 3993 emil,
2830 3924 2883 3981 ut
2914 3928 3145 3999 fulgeat!
3172 3945 3298 3999 quos
3332 3944 3484 3982 arro-

1889 3995 2120 4070 gantium
2149 3999 2309 4070 fastus
2339 3999 2477 4066 prius
2494 3999 2698 4070 pertulit
2727 4000 2748 4052 .'
2774 4015 2898 4068 quas
2915 3995 3162 4070 superbas
3184 3995 3331 4070 'fores
3369 4014 3483 4052 ma-

1892 4065 2079 4118 tutinus
2094 4065 2355 4142 salutator
2380 4065 2570 4142 obsedit
2598 4069 2618 4122 !
2645 4081 2764 4142 quot
2786 4065 3105 4123 tumentium
3152 4065 3484 4125 contumelio-

1889 4151 1946 4188 sa
1977 4137 2188 4211 vestigia
2217 4181 2231 4201 ,
2261 4141 2476 4207 stipatus
2496 4137 2753 4194 clientium
2806 4141 2979 4195 cuneis
3021 4151 3158 4203 ante,
3205 4143 3481 4211 prwcessit,

1892 4218 1943 4257 ut
1969 4207 2136 4281 ipsum
2182 4211 2333 4281 etiam
2382 4213 2692 4265 salutantum
2713 4227 2878 4265 comes
2929 4207 3252 4281 postmodum
3299 4228 3484 4280 pompa

1891 4279 2213 4358 praecederet,
2238 4280 2456 4335 obnoxia
2479 4300 2578 4337 non
2605 4283 2817 4349 homini,
2840 4279 2937 4336 sed
2951 4282 3184 4352 potestati
3213 4281 3240 4335 2’
3295 4281 3363 4338 Et
3405 4279 3484 4338 sic

1891 4347 2086 4419 ibidem
2118 4365 2297 4419 porro.

1977 4418 2236 4487 Votorum,
2269 4424 2306 4478 i.
2333 4440 2384 4479 e.
2409 4425 2791 4481 desideriorum.

1963 4489 2312 4571 ignobilitates
2341 4497 2569 4571 vestium.
2601 4500 2666 4552 At
2697 4512 2796 4571 ego
2828 4497 3045 4571 quidem
3063 4499 3202 4571 nihil
3249 4493 3484 4571 ignobile.

1893 4564 2226 4644 in_ipso_t_ioc
2261 4568 2484 4644 vestitus
2521 4564 3130 4644 genere'dcprehendo;
3179 4564 3307 4644 quin
3341 4582 3487 4644 Avero

1897 4634 2055 4688 etiam
2077 4634 2229 4701 alias,
2255 4638 2346 4709 qui
2370 4634 2664 4695 honestiori
2694 4634 2849 4696 inter'
2868 4634 3139 4698 Romanos
3155 4634 3480 4699 conditione.

1899 4716 2085 4779 etnon
2115 4721 2146 4761 e
2174 4710 2328 4779 vulgo
2355 4712 2728 4777 censebantur,
2761 4713 2812 4767 in
2840 4713 3079 4768 vestibus
3103 4710 3338 4766 candidis
3362 4724 3486 4764 esse

1900 4776 2164 4853 solebant,
2190 4776 2316 4853 qua:
2338 4797 2442 4836 non
2475 4783 2526 4837 in
2562 4776 2962 4853 MagiStratuum
2993 4783 3252 4838 duuuixat
3273 4781 3485 4853 petitio-

1900 4862 1986 4910 ne,
2011 4849 2103 4902 sed
2129 4849 2288 4905 etiam
2323 4852 2374 4905 in
2402 4855 2579 4919 sacris,
2612 4849 2672 4908 iri
2693 4855 2934 4908 conviviis
2962 4849 3396 4913 solemnioribus,
3430 4851 3483 4905 in

1898 4919 2106 4995 nuptiis,
2142 4922 2190 4976 in
2215 4923 2491 4995 ntilitia,in
2515 4925 2784 4992 triumphis
2814 4937 3064 4995 tauquam
3093 4939 3292 4978 morum
3339 4922 3480 4992 puri-

1895 4989 2034 5067 tatis,
2060 4991 2379 5067 iimocentite,
2409 4994 2617 5058 thitite,
2651 4989 2978 5067 integritatis,
2999 4997 3313 5067 acgvictorltr
3335 4989 3486 5067 sym-

1897 5057 2083 5136 bolum
2104 5063 2351 5136 adhiberi
2372 5057 2783 5130 consueverant:
2818 5076 2876 5136 ut
2901 5057 3040 5136 apud
3056 5065 3139 5121 Jo.
3171 5065 3319 5136 Guil.
3359 5057 3486 5118 Stu-

1895 5128 2120 5206 kium_in
2149 5135 2394 5206 Antiquit.
2426 5136 2670 5190 convivat.
2714 5136 2751 5189 l.
2771 5128 2852 5202 ill,
2882 5128 3049 5200 c526,
3070 5137 3279 5206 prolixe
3308 5135 3488 5203 legere

1893 5211 1994 5277 est.
2029 5203 2210 5260 Potius
2236 5203 2363 5276 ergo
2389 5205 2730 5277 crediderim.
2757 5217 2850 5262 aut
2888 5203 3143 5277 reliquam
3177 5206 3484 5263 vestimenti

1893 5271 2069 5341 hujus,
2096 5291 2204 5344 quo
2229 5271 2483 5331 candidati
2531 5278 2818 5333 utebantur
2863 5271 3090 5334 formam
3136 5279 3204 5332 ab
3253 5277 3481 5330 aliorum

1892 5346 2010 5419 aliis
2035 5345 2371 5419 discordasse
2397 5357 2574 5402 autex
2604 5349 2799 5415 viliori,
2855 5364 2963 5417 quo
3017 5349 3250 5419 ignobile
3295 5345 3484 5419 vulgus

1888 5415 1964 5470 uti
1994 5417 2235 5490 solebat:
2250 5434 2424 5490 panno
2455 5419 2638 5483 luisse,
2670 5432 2762 5473 aut
2786 5415 2928 5490 quod
2976 5415 3106 5475 sane
3143 5418 3488 5490 verisimilius

1889 5489 2165 5559 existimo,
2197 5489 2676 5544 Tcrtullianumdc
2703 5491 2767 5544 iis
2805 5488 3134 5559 temporibus
3177 5489 3342 5557 loqui,
3368 5488 3495 5556 qui--

1892 5556 1992 5612 bus
2017 5559 2126 5627 jam
2153 5560 2556 5617 candidatorum
2583 5559 2820 5615 conditio
2847 5556 2985 5628 apud
3029 5561 3174 5630 ipsos
3214 5556 3487 5614 Romanos

1892 5630 2171 5703 eviluerat,
2204 5644 2362 5703 atque
2391 5631 2637 5702 ignobilis
2676 5631 2856 5687 habita
2888 5629 3079 5695 fuerat,
3110 5641 3482 5703 tanquamam-

1892 5702 2078 5756 bitione
2103 5700 2653 5772 omnia—jam'nimium
2677 5706 3023 5772 depravante,
3056 5711 3111 5756 et
3137 5703 3188 5755 in
3218 5700 3481 5772 publicam

1890 5772 2217 5842 Reipublica:
2258 5769 2618 5845 corruptelam
2667 5769 2972 5845 declinante
2997 5813 3012 5839 ,
3049 5769 3230 5845 quam
3259 5769 3484 5843 publicis

1883 5860 2102 5971 guoque
2128 5846 2328 5918 legibus
2351 5843 2535 5902 contra
2576 5844 2823 5899 ambitum
2886 5845 3002 5901 tatis
3043 5843 3299 5900 vindicari
3347 5855 3484 5911 opus

1904 5927 2073 5971 uorat.

1904 5931 2026 5972 uora
2034 5927 2073 5970 ι.
