4184 6496
660 337 798 394 1233

2068 332 2526 391 TERTULLIANI

3808 321 3955 387 1256

730 456 1002 523 Alfectant.
1051 454 1208 511 Aliud
1264 451 1484 509 omnino
1550 460 1633 509 est
1678 467 1805 522 erga
1848 467 1960 508 rem
2011 453 2243 524 aliquam
2274 456 2323 515 Λ
2352 456 2449 508 bet.
2482 454 2649 509 Homo
2680 457 2945 520 pecuniam
2975 469 3066 525 pro
3110 453 3324 524 pecunia
3376 452 3631 523 reposcit,
3684 468 3800 520 qua:
3847 470 3956 509 non

659 529 821 597 afﬁci,
875 528 1222 597 moderateque
1263 527 1506 597 eamdem
1548 534 1785 597 appetere
1830 542 1847 579 :
1898 525 2041 579 aliud
2091 525 2246 592 olfec-

658 595 785 660 tare,
801 614 895 654 seu
923 595 1190 652 immodico
1222 599 1270 651 in
1294 598 1436 651 illam
1468 596 1717 651 desiderio
1755 595 1881 650 ferri
1908 638 1923 660 ,
1968 598 2247 667 ipsumque

658 669 897 736 allectum
930 671 1065 725 ttltra
1091 670 1225 735 :L-qni
1258 669 1699 738 limitesnitninm
1755 669 1968 721 curiose
2017 684 2207 738 urgere
2227 708 2243 732 ,

658 752 717 794 nt
740 742 774 794 ii
800 742 994 805 solent,
1023 741 1275 811 qniparia
1328 737 1873 811 desideratisimerita
1899 779 1913 803 ,
1963 748 2054 792 aut
2091 737 2248 794 dotes

660 814 881 867 idoneas
913 827 1015 866 non
1038 810 1285 872 alterunt,
1332 821 1386 866 et
1423 819 1598 863 tamen
1645 810 1942 862 desiderata
1997 812 2248 865 omnibus

660 884 836 937 modis
856 884 1110 951 consequi
1152 882 1385 943 student,
1420 880 1557 934 haud
1589 881 1863 935 absimiles
1912 880 2087 933 avium
2127 882 2246 949 pul-

661 956 728 1009 lis
742 956 829 1023 qtti
852 954 1086 1008 nondum
1110 954 1549 1020 satpennatis,ac
1577 951 1945 1019 intempestive
1975 952 2072 1004 sibi
2096 953 2250 1020 plau-

660 1022 912 1080 dentibus
951 1025 1072 1091 alis,
1105 1025 1433 1094 nimiumque
1456 1025 1742 1077 immatura
1767 1022 1979 1085 fiducia,
2012 1024 2247 1077 volatum

658 1095 900 1163 a/I'eclare
920 1106 1230 1150 cernuntur.

734 1167 1139 1222 Satutationibus
1155 1174 1419 1235 occupant.
1437 1164 1509 1219 Ita
1531 1177 1658 1229 ergo
1676 1164 1953 1217 nocturnis
1970 1179 2181 1231 quoque
2196 1172 2251 1220 et

663 1238 824 1293 nimis
853 1238 1211 1308 pertinacibus
1238 1238 1429 1290 studiis
1457 1247 1710 1304 patronos
1739 1248 1866 1289 suos
1884 1236 2246 1308 sectabantur,

663 1311 823 1365 etiam
849 1306 1019 1369 atriis,
1036 1310 1079 1363 si
1104 1324 1222 1377 qua:
1250 1308 1428 1374 patula
1445 1309 1791 1369 invenissent,
1810 1321 1867 1359 se
1898 1306 2249 1367 infundendo,

662 1389 754 1433 aut
802 1379 1120 1435 intrudeudo
1160 1381 1359 1441 verius,
1387 1389 1440 1432 et
1479 1388 1680 1431 unitum
1727 1392 1831 1431 non
1882 1377 2247 1446 irrutnpendo.

662 1450 861 1506 Crutlas
891 1459 1068 1505 autem
1094 1451 1223 1504 dicit
1246 1450 1594 1511 salutationes,
1625 1448 1831 1502 scilicet
1878 1448 2009 1502 cibis
2040 1464 2070 1503 e
2097 1464 2251 1503 omna

663 1523 898 1577 nomium
928 1525 1061 1577 bene
1090 1522 1348 1586 excoctis,
1380 1520 1598 1579 ell‘usas,
1627 1528 1717 1572 ant
1760 1520 1934 1573 verius
1960 1530 2248 1574 eructatas.

735 1592 1112 1647 Decrescentes.
1166 1592 1281 1646 Non
1341 1592 1449 1657 jam
1499 1591 1665 1655 capite
1696 1631 1710 1654 ,
1758 1589 1850 1643 sed
1922 1599 2032 1644 toto
2090 1592 2251 1645 etiam

663 1680 894 1731 corpore.
919 1663 1157 1729 ejusdem
1212 1662 1486 1731 profundis
1526 1660 1916 1725 inllexionibus,
1971 1678 1999 1713 a
2058 1674 2253 1715 semet-

664 1736 797 1803 ipsis
838 1735 1097 1801 diminuti,
1123 1750 1187 1789 ac
1210 1733 1652 1789 cbamadeontum
1683 1732 1850 1786 instar
1867 1732 2143 1802 captanda:
2161 1750 2251 1802 po-

663 1806 773 1874 puli
798 1820 944 1859 aura:
965 1805 1249 1859 inhiantes.

745 1875 919 1929 Nullis
948 1876 1188 1929 conviviis
1226 1875 1463 1929 celebres.
1490 1875 1776 1929 Enimvero
1816 1874 1925 1943 jam
1957 1889 2117 1942 supra
2144 1885 2251 1928 not.

669 1946 852 2015 Neque
900 1946 1092 2016 pudet,
1125 1962 1282 2014 neque
1323 1947 1478 2016 piget,
1513 1947 1894 2000 insinuavimus
1942 1946 2257 1998 candidatos

667 2018 918 2089 (florente
934 2017 1331 2089 sciliceteornm
1348 2017 1520 2071 adlmc
1541 2016 1869 2089 conditione)
1888 2016 2033 2085 larga
2054 2018 2259 2089 populo

667 2088 1084 2158 Sumptuosaque
1120 2088 1437 2157 quandoque
1483 2088 1796 2141 exhibuisse
1850 2088 2119 2158 convivia.
2149 2098 2256 2141 etc.

669 2162 741 2215 At
767 2170 974 2228 postea,
1002 2157 1124 2213 eum
1142 2158 1303 2213 etiam
1320 2157 1509 2226 plebeii
1527 2158 1819 2212 candidatis
1840 2157 2119 2212 admisceri
2149 2172 2260 2213 rot-

673 2239 883 2298 perant,
909 2231 962 2283 in
999 2231 1238 2284 tenuiore
1276 2229 1605 2298 nimiumque
1636 2228 1873 2283 famelica
1910 2228 2121 2283 illorum
2145 2228 2257 2282 for-

672 2313 797 2354 lttna
830 2302 957 2367 ipsa:
980 2301 1139 2355 etiam
1190 2301 1383 2355 culina:
1433 2298 1733 2367 frigidiores
1761 2309 1934 2353 erant.

745 2370 1046 2442 Congreges.
1107 2369 1176 2426 Ut
1223 2386 1401 2442 segrea;
1444 2371 1658 2436 dicitur,
1709 2368 1900 2442 quiin
1946 2384 2108 2438 grege
2154 2384 2258 2423 non

672 2452 776 2506 cst,
810 2440 901 2495 sed
926 2442 1200 2495 solitarius
1226 2440 1351 2511 agit,
1389 2440 1456 2493 ita
1483 2456 1754 2510 congreges
1782 2441 1867 2492 hic
1892 2441 2147 2509 appellat,
2169 2442 2261 2509 qtti

669 2528 774 2568 una
789 2527 909 2566 cum
931 2512 1050 2564 aliis
1074 2522 1462 2582 congregantur,
1494 2526 1592 2582 seu
1636 2514 1687 2564 in
1712 2527 1859 2582 grege
1874 2521 2017 2573 sunt,
2046 2515 2265 2580 utApu-

671 2584 811 2653 leius
836 2582 874 2635 l.
901 2582 1016 2636 VIII
1052 2582 1116 2635 de
1143 2581 1301 2636 Asino
1322 2598 1475 2636 aureo
1493 2581 1654 2638 habet
1680 2599 1699 2637 :
1727 2581 1812 2635 Me
1827 2598 2122 2653 congregem
2140 2600 2262 2652 pas-

672 2654 1003 2725 tor_egregius
1028 2654 1299 2712 aliquando
1330 2654 1573 2723 permisit.

751 2723 914 2779 Unius
954 2726 1076 2777 anni
1123 2726 1391 2778 volaticum
1433 2726 1697 2792 gaudium.
1738 2723 2075 2791 Magistratus
2119 2726 2263 2777 enim

672 2798 810 2865 apud
828 2796 1113 2865 ltotnauos,
1131 2796 1531 2849 Atheniensium
1549 2796 2027 2864 exemplo,nonnisi
2045 2812 2260 2857 annuos,

673 2864 800 2921 raro
818 2864 1051 2919 ctfertne
1080 2866 1288 2919 nonnisi
1317 2869 1417 2919 sub
1440 2865 1789 2932 Tiberiolinp.
1808 2864 1955 2935 (vide
1977 2866 2143 2919 Tacit.
2174 2868 2210 2919 ι.
2244 2866 2265 2919 l

676 2937 866 2990 Annal.
889 2953 934 2990 c.
951 2935 1041 3006 80)
1055 2935 1120 2990 ad
1138 2937 1316 3005 plures
1332 2951 1500 2990 annos
1523 2945 1835 3006 prorogatos
1858 2936 2017 2989 fuisse
2034 2946 2262 2990 constat.

677 3006 976 3075 Imperandi
1002 3008 1135 3062 enim
1160 3008 1257 3078 (ait
1280 3007 1433 3061 Dion.
1465 3007 1918 3077 l’lalicarn.Antiq.
1949 3007 2154 3061 ltom.l.
2175 3006 2263 3073 IV,

680 3095 728 3132 c.
759 3079 849 3148 79)
891 3081 1201 3149 parendique
1221 3079 1532 3144 vicissitudo,
1564 3090 1609 3132 et
1642 3082 1900 3149 potestatis
1934 3123 1949 3145 ,
1998 3092 2270 3149 antequam

677 3160 970 3219 corrumpat
1019 3153 1265 3214 anintum,
1295 3150 1564 3218 depositio,
1594 3150 1788 3204 cohibet
1842 3152 2042 3221 ingenia
2087 3160 2267 3203 contu-

679 3223 865 3287 macia,
891 3237 982 3275 nec
1010 3223 1127 3275 sinit
1156 3237 1318 3275 mores
1350 3221 1775 3292 (imperantium)
1822 3222 2064 3274 inebriari
2111 3222 2269 3275 nimia
2296 3227 2341 3292 ρ

676 3293 897 3345 licentia.

756 3364 1020 3416 Securium
1050 3364 1400 3433 virgarumque
1426 3363 1624 3433 petitio,
1661 3363 1695 3416 i.
1726 3378 1773 3417 e.
1803 3362 2145 3429 Consulatus,
2180 3373 2271 3418 aut

680 3434 908 3489 aliorum
936 3434 1333 3504 Magistratunm
1362 3436 1566 3504 petitio;
1596 3436 1811 3504 ponitur
1840 3436 1982 3490 enim
2030 3436 2115 3489 hic
2155 3452 2271 3490 me-

681 3506 947 3575 tonymice
970 3506 1171 3575 signunt
1199 3522 1290 3574 pro
1318 3523 1390 3560 re.

768 3550 769 3553 η
815 3522 947 3559 nuce
970 3522 1171 3575 signum
1199 3522 1290 3574 pro
1318 3523 1390 3560 re.

768 3522 934 3646 anga-
966 3588 1141 3629 autem
1170 3587 1319 3630 erant
1348 3576 1523 3630 bacilli
1552 3576 1749 3643 aliquot
1780 3586 1997 3633 teretes.
2055 3576 2170 3629 loro
2218 3578 2270 3630 in

685 3645 884 3701 fascem
907 3648 1137 3717 colligati
1162 3689 1176 3711 ,
1207 3649 1290 3701 cui
1321 3649 1509 3701 securis
1540 3648 1695 3700 infixa
1718 3658 1835 3701 erat
1858 3691 1872 3710 ,
1905 3648 2027 3701 inde
2067 3649 2271 3716 promi-

687 3734 845 3789 nens.
882 3719 942 3772 lii
970 3733 1098 3789 ergo
1124 3717 1296 3772 fasces
1330 3719 1553 3788 insignia
1580 3716 1960 3789 Magistratibus
1982 3720 2274 3789 majoribus

688 3788 796 3842 dati
830 3799 973 3852 sunt,
993 3788 1183 3856 quibus
1203 3790 1512 3843 earumdem
1533 3800 1753 3857 potestas
1770 3793 1889 3843 vita:
1910 3799 1964 3842 et
1997 3788 2143 3844 "eois
2181 3805 2276 3858 per

688 3862 925 3921 securim,
960 3859 1217 3913 Imiorum
1240 3859 1547 3924 criminum,
1572 3870 1625 3913 et
1646 3858 1809 3928 ﬂagra
1840 3862 2274 3915 cotmneritorum

693 3947 786 3997 per
818 3934 979 4001 virgas
1008 3933 1286 3999 castigatio
1303 3928 1724 4000 significabatur.
1749 3930 2073 3985 Consulibus
2098 3941 2273 3985 autem

687 4016 812 4055 cunt
839 4000 1180 4070 in'puhlieum
1200 4001 1592 4070 procedendum
1620 4001 1751 4068 ipsis
1774 4010 1910 4065 erat,
1940 4004 2101 4069 fasces
2154 4017 2275 4056 cum

686 4074 944 4126 securibus
967 4089 996 4124 a
1052 4072 1269 4143 totidem
1315 4074 1569 4127 lictoribus
1626 4072 2063 4142 praeferebantur,
2116 4087 2279 4143 porro

691 4157 811 4195 cum
841 4143 914 4195 illi
941 4143 1026 4209 jus
1055 4142 1109 4196 in
1130 4142 1247 4196 foro
1284 4144 1544 4213 dicereut,
1575 4159 1713 4213 pone
1749 4144 2082 4197 abstantibus
2114 4142 2129 4195 ξ
2172 4161 2279 4212 quo

693 4228 843 4266 more
874 4216 1042 4281 prima
1070 4213 1304 4268 creditur
1352 4230 1442 4266 usa
1488 4212 1650 4269 fuisse
1699 4213 1985 4279 Vetulonia,
2021 4216 2281 4269 llctruriie

690 4284 901 4348 civitas,
928 4285 995 4338 de
1018 4301 1117 4353 qua
1138 4284 1235 4341 Sil.
1266 4286 1380 4339 Ital.
1406 4283 1604 4340 LVIII:

851 4376 1172 4438 Mgt-oniteque
1196 4376 1348 4426 decus
1366 4376 1607 4438 quondam
1626 4373 1888 4438 Vetulonia
1910 4376 2095 4436 gentis,

845 4436 1072 4501 pissenos
1089 4436 1194 4487 haec
1216 4442 1367 4501 prima
1383 4436 1521 4488 dedit
1542 4437 1821 4501 praecedere
1842 4436 2014 4500 fasces,

846 4500 909 4551 Et
922 4500 1089 4563 junxit
1108 4500 1311 4551 totidem
1332 4502 1479 4551 tacito
1494 4507 1691 4550 terrore
1710 4512 1924 4552 secures.

765 4580 1114 4638 JEternitatis.
1144 4581 1319 4637 Ptzate
1362 4583 1613 4653 nimirum
1637 4591 1882 4649 aiternae,
1911 4581 2011 4635 nisi
2043 4596 2138 4651 per
2167 4596 2284 4653 pa;-

703 4654 984 4710 nitentiam
1018 4654 1070 4708 in
1095 4664 1335 4723 tempore
1358 4652 1745 4723 resipuerimus
1769 4653 2068 4723 addicendi.

705 4799 718 4811 ο
768 4724 1162 4810 Castigationem
1210 4722 1390 4781 victus.
1427 4722 1558 4793 Quae
1581 4723 1641 4779 ﬁt
1679 4740 1773 4796 per
1809 4722 2166 4796 frequentiora
2189 4726 2288 4796 je-

721 4815 840 4852 unta
848 4838 860 4849 .

688 4816 969 4935 Junéitltus,
1003 4869 1040 4923 i.
1073 4884 1123 4923 e.
1150 4869 1372 4925 cultum
1421 4869 1673 4937 vestium,
1726 4883 1844 4940 qua:
1889 4883 1984 4939 per
2023 4884 2192 4922 saccos
2241 4876 2289 4923 et

695 4940 865 4993 cilicia
889 4950 1141 4994 aretatur.

772 5011 883 5064 Sibi
907 5011 1153 5081 irrogant.
1175 5011 1249 5067 lta
1289 5025 1417 5083 ergo
1447 5009 1734 5066 Christiani
1765 5025 2140 5081 nonnunquam
2163 5026 2287 5081 erga

696 5080 945 5135 homines
979 5080 1233 5151 ,qttibus
1275 5080 1417 5151 saepe
1466 5084 1613 5137 nullo
1662 5080 2015 5152 gratitudinis’
2050 5080 2281 5149 vinculo,

699 5152 850 5207 nullo
924 5152 1157 5207 lmsionis
1231 5154 1544 5223 reparandzr.
1612 5154 1791 5208 debito
1863 5154 2281 5223 adstringimur,

696 5226 869 5279 multo
898 5224 1246 5288 Iiberaliores,
1265 5236 1423 5293 atque
1444 5225 1579 5280 adeo
1590 5225 1818 5295 prodigi,
1838 5226 1889 5279 in
1912 5226 2072 5280 rebus
2089 5226 2284 5281 nostris

693 5296 1080 5364 profundendis
1104 5309 1226 5350 esse
1252 5295 1507 5361 solemus,
1542 5306 1599 5349 ut
1629 5297 1824 5351 nostris
1879 5296 2148 5350 beneficiis
2177 5312 2282 5350 non

697 5374 805 5420 tam
830 5368 1104 5437 cumulati,
1136 5382 1293 5435 quam
1322 5371 1527 5422 onerati
1567 5368 1730 5421 videri
1758 5369 1999 5437 possint:
2033 5368 2139 5420 imo
2189 5382 2285 5422 nos

698 5438 968 5491 nobismet
998 5436 1320 5505 ipsis'nimio
1342 5440 1491 5494 oneri
1508 5453 1711 5502 smnus,
1730 5436 1939 5493 interim
1958 5439 2083 5493 illud
2099 5439 2284 5492 Chris-

699 5508 735 5559 ti
750 5509 935 5581 jngum
955 5525 1106 5581 suave
1129 5521 1175 5562 et
1201 5525 1328 5562 onus
1352 5509 1455 5563 leve
1478 5510 1683 5581 (Matth.
1734 5508 1823 5575 XI,
1857 5509 1945 5581 50)
1975 5512 2143 5581 nimis
2187 5511 2286 5563 iut-

697 5579 962 5647 patienter
988 5580 1235 5646 ferentes,
1282 5591 1373 5634 aut
1413 5579 1631 5634 omnino
1675 5579 2050 5635 detrectantes.
2103 5580 2285 5650 Neque

697 5659 896 5722 autem,
926 5651 970 5704 si
992 5656 1111 5719 quis
1141 5651 1249 5705 Deo
1280 5667 1376 5717 pro
1402 5653 1588 5722 injuria
1616 5652 1823 5706 debitor
1861 5650 2022 5706 fuerit
2049 5694 2063 5716 ,
2108 5652 2285 5707 eidem

698 5720 1086 5789 desperandum
1118 5732 1219 5787 est,
1243 5720 1488 5792 tanquam
1515 5723 1771 5778 solvendo
1799 5737 1901 5777 non
1920 5731 2081 5777 esset.
2104 5723 2287 5777 Enim-

698 5792 991 5867 veroiplura
1019 5793 1407 5867 (utsehmbr.
1438 5796 1477 5867 ί.
1511 5794 1551 5847 Il
1581 5795 1642 5847 de
1667 5793 1817 5848 Poen.
1850 5810 1897 5849 c.
1931 5794 1963 5849 9
1990 5794 2122 5867 ait)
2178 5794 2285 5848 sol-

688 5864 836 5917 vendi
865 5868 1007 5918 habet
1039 5865 1283 5931 subsidia,
1316 5865 1402 5936 qui
1426 5863 1555 5933 Deo,
1584 5883 1735 5936 qttam
1773 5870 1835 5934 is,
1865 5867 1948 5936 qui
1977 5863 2169 5920 homini
2193 5867 2283 5920 de-

2285 1848 2335 1907 B

2309 4623 2364 4684 D

2350 543 2548 597 semper
2570 527 2779 579 debitori
2804 537 2992 597 pra'sto
3015 535 3086 580 est
3117 543 3134 578 :
3165 525 3302 579 Deus
3328 524 3565 593 a/fectum
3590 527 3761 593 exigit,
3792 527 3881 593 qui
3902 528 3955 580 in

2352 609 2440 650 tua
2461 596 2722 666 potestate
2744 608 2837 650 est.
2875 596 3040 650 Nemo
3070 614 3265 667 pauper
3285 608 3376 659 est,
3406 598 3489 663 qui
3518 611 3621 650 uso
3646 600 3821 659 debet,
3855 598 3957 651 nisi

2350 672 2436 738 qui
2456 670 2675 737 seipsunt
2709 685 2981 737 pauperem
3013 669 3203 735 fecerit.
3242 667 3305 721 Et
3357 670 3401 721 si
3444 684 3543 719 non
3594 667 3785 731 habet,
3840 684 3959 737 qua:

2353 741 2555 804 vendat;
2587 740 2752 803 habet,
2784 756 2898 811 qtae
2922 740 3098 793 solvat.
3137 739 3316 791 Oratio
3344 781 3359 803 ,
3390 740 3630 809 lacryma:
3657 781 3671 804 ,
3710 740 3919 807 jejunio
3938 780 3955 804 ,

2352 811 2591 863 debitoris
2621 812 2739 863 boni
2761 810 2937 863 census
2965 820 3037 864 est
3064 852 3076 875 ,
3126 812 3382 880 multoque
3425 810 3624 863 uberior
3646 852 3662 875 ,
3712 827 3866 877 quam
3915 812 3959 864 si

2351 883 2463 950 quis
2485 898 2547 935 ex
2574 884 2749 951 pretiis
2780 883 3060 952 fundorum
3111 883 3375 951 pecuniam
3422 880 3531 934 sine
3583 881 3687 949 ﬁde
3729 881 3957 950 deferat.

2354 953 2534 1022 Itaque
2566 955 2703 1005 milia
2734 953 3032 1007 debitorum
3057 952 3293 1007 conditio
3316 952 3523 1016 melior,
3554 967 3712 1019 quam
3760 954 3961 1020 quilms

2356 1024 2466 1077 Deo
2511 1024 2725 1077 obnoxii
2772 1038 2976 1077 sumus.
3012 1024 3148 1087 Non,
3174 1036 3451 1091 propterea
3481 1032 3535 1075 ut
3561 1023 3812 1076 creditori
3845 1023 3962 1076 Deo

2354 1096 2668 1157 satisfacias,
2696 1096 2988 1148 venumdari
3013 1104 3083 1159 te,
3126 1095 3410 1161 omniaque
3437 1104 3524 1146 tua
3573 1108 3795 1147 necesse
3848 1105 3958 1147 εει.

2354 1166 2599 1218 Uraodus
2627 1175 2707 1217 est
2734 1176 2910 1219 autem
2941 1166 3078 1219 Deus
3100 1180 3219 1218 cum
3240 1180 3396 1217 servo
3418 1164 3742 1233 Evangelico
3762 1164 3957 1219 Matth.

2355 1234 2543 1297 XVIII,
2560 1236 2657 1290 '16:
2693 1236 2971 1290 Procidens
2992 1247 3159 1289 autem
3179 1251 3350 1289 servus
3375 1234 3479 1299 ille,
3507 1235 3682 1288 orabat
3709 1252 3845 1299 eunt,
3882 1236 3963 1288 di-

2354 1323 2505 1361 cens:
2539 1307 2850 1360 Patientiatn
2881 1307 3007 1360 habe
3030 1308 3209 1367 inme,
3236 1317 3283 1359 et
3328 1307 3501 1359 omnia
3553 1306 3763 1358 reddam
3818 1308 3910 1359 tibi
3937 1308 3963 1359 ?

2355 1377 2490 1445 Quid
2509 1378 2665 1447 ergo?
2699 1378 2937 1431 Misenus
2963 1389 3130 1431 autem
3155 1376 3409 1431 Dominus
3425 1378 3554 1430 servi
3579 1378 3739 1441 illius,
3764 1378 3961 1431 dimisit

2357 1465 2490 1515 eum,
2516 1460 2559 1502 et
2582 1450 2806 1502 debitum
2832 1450 3023 1503 dimisit
3051 1451 3113 1504 ei.
3161 1448 3444 1515 Quomodo
3486 1463 3612 1518 ergo
3666 1448 3964 1502 redditurus

2356 1530 2469 1573 erat
2487 1562 2502 1585 ,
2526 1523 2613 1589 qui
2646 1538 2747 1574 non
2773 1520 2981 1574 habebat
3008 1521 3143 1573 unde
3170 1520 3402 1573 redderet
3429 1520 3453 1573 ?
3492 1518 3824 1573 Redditurus
3846 1530 3967 1574 erat

2359 1607 2462 1643 non
2492 1608 2553 1644 ea:
2578 1609 2690 1654 suo,
2710 1592 2801 1646 sed
2827 1607 2893 1645 ea:
2917 1591 3106 1650 alieno,
3136 1606 3200 1645 ex
3234 1591 3428 1644 Christi
3462 1590 3629 1644 nostri
3654 1592 3862 1644 meritis
3911 1600 3966 1644 et

2358 1662 2745 1729 satisfactione,
2775 1671 2828 1716 et
2856 1677 3029 1733 neque
3053 1663 3246 1725 aliena,
3276 1661 3369 1716 sed
3398 1677 3554 1731 quam
3586 1670 3816 1715 nostram
3840 1675 3965 1716 esse

2360 1734 2545 1787 \oluit.

2436 1803 2615 1873 Itaque
2636 1818 2762 1858 cum
2817 1803 3084 1858 ambitiosi
3135 1802 3211 1857 illi
3260 1803 3621 1857 Romanorum
3675 1801 3968 1859 Candidati

2366 1883 2471 1928 tam
2498 1876 2738 1929 lubenter
2761 1884 2936 1928 tantos
2960 1874 3169 1928 labores
3218 1888 3315 1939 pro
3358 1873 3702 1941 adipiscenda
3748 1875 3967 1945 fugitiva

2364 1947 2608 2016 dignitate
2632 1946 2912 2009 subierint,
2934 1954 3136 2014 quanto
3162 1946 3352 1998 melius
3379 1954 3432 1998 et
3460 1945 3741 2015 benignius
3776 1946 3961 1999 nobis-

2364 2032 2485 2069 cum
2507 2016 2703 2086 agitur,
2735 2017 2919 2070 eadem
2950 2031 3135 2083 opera,
3161 2016 3436 2083 multoque
3480 2016 3696 2078 leviore,
3723 2026 3778 2070 et
3805 2018 3971 2070 satis-

2366 2087 2562 2151 facere,
2592 2088 2743 2141 nobis
2769 2088 2926 2141 simul
2952 2086 3200 2141 fteoerari
3230 2090 3497 2155 possimus
3536 2090 3764 2156 gratiam
3796 2128 3810 2151 ,
3881 2103 3969 2141 re-

2363 2174 2526 2229 gnum
2558 2158 2798 2220 eteleste,
2843 2166 2896 2211 et
2924 2173 3154 2229 CLORIAII
3199 2172 3593 2211 seuptrsnnsu.
3644 2156 3784 2229 Eant
3830 2175 3972 2211 nunc

2364 2228 2689 2298 magistratus
2721 2230 2967 2300 (siccum
3008 2230 3064 2283 S.
3114 2228 3380 2299 Cypriano
3426 2230 3476 2281 in
3533 2229 3692 2297 alleg.
3741 2228 3843 2299 Ep.
3906 2231 3976 2282 ad

2367 2297 2557 2352 Donat.
2608 2297 2943 2370 concludo),
2986 2309 3032 2352 et
3082 2297 3362 2363 Consules,
3415 2300 3517 2370 sive
3565 2297 3901 2370 proconsules
3954 2317 3974 2354 :

2367 2386 2559 2424 annum
2621 2369 2904 2441 dignitatis
2946 2370 3225 2441 insignibus
3266 2411 3281 2435 ,
3332 2380 3380 2424 et
3444 2369 3513 2424 12
3578 2372 3803 2441 fascibus
3851 2372 3973 2442 gla-

2366 2453 2579 2495 rtentur.

2440 2511 2665 2585 Procero
2675 2512 2820 2585 quasi
2833 2516 2954 2582 fune
2970 2520 3194 2566 nectunt.
3217 2511 3376 2566 Forte
3405 2511 3532 2585 illud
3553 2511 3779 2585 I’rovNi,
3802 2512 3876 2565 εξ
3893 2512 3975 2585 (I)

2368 2584 2617 2651 respicit:
2644 2582 2943 2652 lniquitates
2969 2598 3076 2635 sua:
3090 2585 3289 2651 capient
3318 2584 3551 2656 impium,
3568 2594 3612 2637 et
3628 2584 3839 2656 funibus
3862 2582 3981 2648 pec-

2370 2664 2599 2706 calorum
2645 2670 2853 2707 suorum
2904 2656 3280 2723 constringitur.
3316 2655 3525 2708 l’rt-ceri
3552 2654 3683 2709 sane
3721 2656 3775 2707 lti
3822 2654 3981 2710 funes

2370 2734 2493 2779 sunt
2532 2735 2585 2777 et
2630 2728 2711 2777 vix
2742 2725 2849 2790 jam
2877 2724 3105 2792 amplius
3136 2725 3522 2793 disrumpendi.
3577 2724 3661 2779 Ea:
3711 2724 3980 2780 voluntate

2370 2812 2600 2865 perversa
2618 2796 2709 2867 (ait
2728 2796 2956 2867 Sanctus
2976 2796 3303 2865 Augustinus
3331 2796 3368 2850 I.
3406 2794 3514 2849 VIII
3535 2795 3685 2865 Conf.
3715 2812 3762 2848 c.
3794 2797 3829 2850 5
3856 2811 3981 2866 pro-

2371 2866 3021 2938 priorexperimcntolucc
3074 2868 3233 2938 nimis
3276 2867 3654 2938 comprobaus)
3708 2868 3852 2934 facta
3910 2879 3980 2921 est

2373 2936 2529 3009 libido
2557 2954 2574 2990 :
2602 2950 2648 2992 et
2678 2938 2797 2991 dum
2822 2939 3037 3009 servitur
3075 2937 3294 3003 libidini,
3329 2941 3464 3009 facta
3494 2946 3565 2990 est
3614 2936 3935 2991 consuetudo
3965 2955 3983 2993 :

2371 3018 2418 3062 et
2449 3008 2568 3080 dum
2596 3008 2946 3062 consuetudini
2966 3025 3066 3062 non
3094 3008 3358 3070 resistitur,
3386 3010 3520 3080 facta
3564 3019 3634 3063 est
3667 3011 3979 3080 necessitas,

2372 3079 2527 3151 nullis
2554 3083 2721 3146 utique
2749 3082 2981 3133 humanis
3000 3079 3208 3151 viribus,
3236 3082 3323 3135 sed
3353 3077 3441 3151 per
3461 3083 3621 3135 solum
3650 3079 3721 3134 Π.
3755 3078 3831 3133 Ν.
3853 3077 3890 3133 Ι
3895 3097 3981 3134 esu

2373 3148 2559 3205 Christi
2585 3168 2816 3207 GRATIAI
2847 3150 3161 3219 superanda.

2878 3223 3030 3279 Nota:
3053 3225 3120 3277 ad
3150 3222 3316 3295 Caput
3340 3221 3481 3276 XII.

2450 3293 2735 3358 Retractas,
2757 3309 2852 3362 pro
2876 3306 3081 3360 tractas,
3100 3306 3157 3349 nt
3183 3293 3479 3365 sepissime
3506 3293 3656 3348 alias.
3688 3293 3869 3349 Mente
3890 3310 3984 3348 au-

2379 3375 2483 3421 tem
2515 3376 2722 3430 tractat,
2757 3367 2843 3435 qui
2881 3366 2947 3420 de
2993 3377 3327 3436 peccatorum
3381 3381 3599 3421 suorum
3638 3365 3984 3421 confessione

2377 3438 2593 3506 cogitat,
2618 3438 2946 3506 jamjamque
2996 3439 3230 3491 animum
3258 3453 3415 3491 suum
3466 3438 3532 3491 ad
3562 3438 3808 3492 eamdem
3843 3440 3984 3492 serio

2376 3518 2431 3562 ct
2459 3506 2744 3562 efficaciter
2772 3509 3017 3577 applicat.

2450 3577 2759 3633 Gelietmam.
2814 3579 3053 3633 Gehenna
3101 3580 3339 3645 minime,
3373 3588 3429 3633 ιιι
3454 3579 3668 3650 quidam
3700 3589 3981 3650 potarum,

2378 3664 2572 3704 nomen
2600 3650 2842 3704 Grateunt
2874 3660 2973 3712 est,
3009 3651 3101 3705 sed
3140 3650 3466 3721 ilebraicum
3501 3693 3516 3716 ,
3568 3652 3819 3721 idemque
3859 3667 3982 3704 cunt

2378 3726 2509 3774 D'Do'l
2534 3726 2635 3793 7N};
2679 3721 2819 3793 quod
2849 3723 3108 3791 signiIiCat
3138 3720 3329 3775 Vallem
3362 3721 3593 3793 Eunoni,
3620 3723 3688 3777 de
3730 3720 3835 3793 Qua
3889 3722 3982 3774 Jc-

2377 3809 2501 3844 rem.
2533 3792 2619 3847 VII
2648 3833 2661 3854 ,
2693 3792 2762 3847 50
2810 3803 2855 3845 et
2902 3795 2959 3848 5|
3022 3793 3246 3846 habetur
3272 3808 3291 3845 :
3326 3792 3761 3861 zEdi/icavernnt
3787 3798 3986 3848 excelsa

2380 3862 2596 3931 Top/tet,
2628 3880 2740 3934 qua:
2766 3873 2837 3917 est
2876 3866 2926 3917 in
2955 3871 3047 3918 nu
3083 3880 3249 3918 \‘ALLE
3281 3864 3377 3932 filii
3417 3868 3570 3934 (Din)
3627 3863 3829 3917 Ennom
3866 3906 3880 3929 ,
3934 3877 3986 3916 ut

2381 3936 2700 3988 incenderent
2729 3936 2862 4002 filios
2890 3952 3006 3989 suos
3032 3946 3077 3988 et
3096 3938 3231 4005 ﬁlias
3251 3952 3367 3989 suas
3396 3938 3522 4005 igni,
3564 3946 3667 3991 etc.
3708 3934 3833 3988 Ideo
3879 3953 3989 3987 cmi

2382 4006 2487 4058 dies
2511 4008 2735 4070 veniunt,
2764 4016 2808 4059 et
2835 4023 2935 4059 non
2963 4007 3156 4060 dicetur
3179 4006 3399 4075 amplius
3418 4006 3633 4077 Tophet,
3669 4016 3714 4059 et
3744 4011 3835 4060 κη
3858 4022 3989 4059 vn.-

2384 4091 2464 4131 LIS
2491 4078 2585 4142 [illi
2633 4082 2742 4129 Dr!
2769 4092 2963 4141 annos,
2994 4084 3080 4133 sed
3111 4078 3257 4130 vallis
3287 4079 3666 4147 interfectionis,
3699 4086 3805 4131 etc.
3865 4078 3991 4129 'l‘ra-

2384 4148 2509 4200 dunt
2537 4159 2700 4221 autem
2732 4147 2931 4221 llebraei
2959 4149 3048 4221 (ait
3078 4149 3131 4203 S.
3158 4149 3381 4221 llier.iu
3405 4150 3544 4202 hunc
3572 4149 3750 4221 ipsum
3776 4147 3985 4221 Jereni.

2387 4219 2611 4287 textum)
2640 4235 2700 4272 ea:
2729 4218 2821 4272 hoc
2848 4216 2975 4274 loco'
2999 4225 3109 4273 DJ-‘l
3163 4224 3252 4274 κη
3297 4220 3315 4291 (
3345 4234 3410 4288 ge
3433 4216 3692 4291 hinuom)
3752 4218 3991 4291 appella-

2387 4304 2489 4344 tam
2514 4305 2818 4356 causamn,
2864 4292 3001 4359 quod
3051 4293 3238 4344 scilicet
3299 4289 3458 4344 omnis
3509 4289 3725 4359 papulas
3776 4289 3994 4343 Judazo-

2386 4378 2497 4416 runt
2535 4362 2601 4414 ibi
2644 4363 2863 4430 perierit,
2900 4362 3159 4429 offendens
3193 4361 3377 4416 Deum.
3426 4361 3754 4431 Explicatius
3806 4371 3990 4414 autent

2389 4438 2441 4491 in
2482 4434 2665 4489 Matth.
2697 4452 2743 4488 c.
2768 4434 2818 4488 Χ
2870 4443 3282 4499 commentatur,
3306 4430 3550 4502 inquiens
3577 4450 3589 4484 :
3616 4430 3745 4486 Hac
3772 4434 3923 4485 uallis
3946 4443 3992 4484 ct

2388 4522 2545 4579 parva
2566 4508 2730 4575 campi
2752 4507 3008 4579 planities,
3034 4508 3231 4577 irrigua
3259 4514 3389 4579 erat,
3422 4514 3468 4557 et
3486 4520 3784 4579 nemorosa,_
3806 4504 3989 4579 plena-

2390 4575 2486 4649 que
2514 4580 2725 4639 deliciis,
2756 4578 2997 4649 lucusque
3016 4580 3070 4631 in
3093 4575 3153 4631 ea
3180 4579 3317 4630 idolo
3353 4576 3586 4649 (nomen
3619 4617 3635 4641 ,
3691 4575 3853 4629 toties
3880 4590 3910 4627 a
3934 4575 3989 4629 S.

2391 4646 2661 4721 Scriptura
2688 4646 2965 4719 execrate)
3007 4659 3327 4703 consecratus
3360 4646 3485 4721 erat.
3516 4646 3580 4699 In
3602 4656 3799 4699 tantam
3823 4657 3993 4721 autem

2392 4718 2695 4777 dem—entiam
2722 4718 3165 4790 papulusvenerat
3193 4762 3209 4787 ,
3253 4729 3307 4772 ut
3337 4718 3535 4772 deserta
3556 4732 3771 4790 TnuPLt
3805 4718 3993 4790 vicinia

2395 4796 2531 4865 (erat
2550 4793 2690 4847 enim
2706 4788 2856 4845 Vallis
2888 4794 2999 4846 lure
3014 4790 3063 4844 Η
3069 4792 3381 4865 ierosolyma:
3402 4789 3686 4865 proxima),
3704 4789 3773 4841 ibi
3800 4788 3993 4841 hostias

2390 4860 2709 4920 inmtolarent
2732 4906 2745 4927 ,
2765 4865 3055 4934 etrigorem
3086 4864 3105 4932 (
3138 4860 3424 4917 immanem
3444 4860 3637 4934 utique
3665 4875 3993 4934 prorsusqne

2390 4937 2673 4993 nefandam
2702 4931 3097 5002 crudelitatem)
3132 4934 3391 5003 religionis
3433 4931 3807 4997 (idololatrira:
3834 4931 3994 4983 nimi-

2391 5006 2532 5079 rum)
2560 5007 2752 5061 delicia
2782 5004 2905 5075 (loti
2933 5007 3069 5079 illius
3096 5020 3337 5079 'l‘OPltE'l'll
3368 5018 3398 5079 a
3424 5002 3995 5079 ueucusdicti)_vince-

2389 5090 2497 5133 rent
2507 5073 2523 5139 ,”
2543 5079 2772 5146 ﬁliosque
2792 5073 2915 5131 suos
2931 5078 3193 5130 dtemoniis
3214 5074 3554 5137 incenderent,
3585 5074 3663 5146 vel
3684 5073 3993 5146 initiaret”.

2388 5150 2457 5204 Et
2478 5144 3020 5219 appellabatur(addit)
3045 5149 3184 5202 locus
3201 5148 3286 5219 ille
3306 5160 3609 5219 nonestnon,
3638 5144 3691 5196 id
3711 5154 3994 5219 est‘vsctts

2388 5215 2609 5291 ﬁliorum
2636 5215 2865 5273 nENNOI'.
2893 5218 2965 5291 Ita
2998 5215 3066 5272 ibi
3097 5220 3153 5273 S.
3190 5218 3333 5291 Hicr.
3363 5235 3381 5266 α
3403 5218 3531 5291 _A_Iii
3556 5215 3888 5291 Ieru_nl_a_(:tit
3917 5216 3993 5291 iuo

2390 5285 2594 5363 terpres
2623 5292 2841 5363 Latinus
2867 5290 3088 5345 Calmuti
3115 5289 3281 5363 nostri
3315 5292 3365 5342 in
3401 5289 3630 5363 Diction.
3654 5285 3799 5363 ‘Bibl.
3853 5287 3990 5363 verb.

2390 5358 2701 5428 Gehennom)
2761 5382 2779 5412 ι
2810 5362 2862 5414 in
2881 5376 2943 5415 ca
2972 5363 3108 5416 valle
3131 5361 3367 5415 cloacam
3392 5360 3538 5413 urbis
3558 5358 3801 5413 extitisse
3834 5398 3850 5422 ,
3905 5358 3991 5409 ubi

2394 5453 2413 5487 ι
2447 5427 2716 5506 perpetuus
2736 5432 2867 5503 ignis
2889 5432 3201 5487 morticiniis
3230 5440 3283 5485 et
3309 5430 3660 5485 immunditiis
3690 5427 3956 5483 absumen
3977 5456 3991 5465 ο

2394 5526 2414 5560 ‹
2450 5506 2531 5561 dis
2556 5507 2900 5559 detineretur.
2923 5522 2942 5555 ι

2464 5576 2584 5631 Νοη
2614 5576 2827 5630 dubites.
2869 5575 3071 5630 Sensus
3091 5582 3177 5629 est
3208 5591 3221 5624 :
3252 5582 3307 5627 ut
3349 5588 3452 5627 non
3479 5572 3568 5625 diu
3598 5580 3762 5625 tecum
3790 5570 3996 5625 delibe-

2388 5664 2476 5705 res
2498 5650 2560 5702 de
2585 5647 2804 5702 remedio
2836 5649 2928 5701 hoc
2948 5645 3261 5717 arripiendo,
3294 5654 3382 5699 aut
3405 5644 3593 5698 diutius
3612 5641 3915 5709 differendo.

2462 5790 2541 5861 (ι)
2569 5789 2681 5844 Imo
2702 5792 2876 5859 potius
2905 5788 3056 5855 Isai.,
3080 5804 3127 5843 e.
3152 5788 3217 5857 ν,
3250 5804 3296 5843 v.
3325 5785 3415 5861 li}.
3441 5785 3587 5861 Vide
3606 5784 3903 5861 _L_a_cet11am
3941 5786 3997 5839 in

2390 5856 2533 5921 hunc
2557 5856 2754 5929 locum,
2797 5861 2956 5933 hujus
2983 5861 3182 5932 operis,
3210 5870 3340 5917 tom.
3368 5858 3408 5927 l,
3431 5858 3539 5917 col.
3569 5857 3731 5913 1247.
3764 5856 3862 5912 En.
