4184 6496
177 415 310 476 123⁷

986 414 1331 480 APPENDIX
1366 417 1644 491 QUINTA,
1685 418 1753 476 IN
1791 415 2048 478 LIBRUM
2087 420 2176 478 DE
2218 420 2685 479 POENITENTIA.

3320 424 3459 483 19.58

247 535 562 612 T/ifsaurum
595 535 957 612 ignismterni.
977 536 1057 612 lta
1078 539 1370 612 gelirnmnn,
1395 538 1767 612 setiinfrrnum
1795 539 1844 597 A
1872 538 2237 612 expediisset.
2274 540 2412 593 illius
2437 541 2691 594 ambitum
2735 539 2807 596 50
2854 544 3010 612 ferme
3040 559 3275 608 passuum
3331 546 3452 599 mil-

173 602 420 676 appellat.
451 602 828 678 quem'parilet'
857 610 904 659 in
930 602 1210 669 llpolfadr.
1237 627 1350 676 qun.
1376 625 1423 660 c.
1442 610 1508 662 47
1531 602 1660 677 ignis
1679 626 1766 661 ar-

173 696 282 730 cam
323 686 709 732 subterraneum
759 680 825 730 ad
889 696 1086 748 pmnmn
1142 696 1458 735 TllESAL'lttIn
1508 680 1764 734 nominat.

173 749 350 814 Neque
395 750 443 801 id
466 752 678 810 mirum,
708 765 828 803 cum
856 766 1045 805 omnes
1091 767 1176 805 res
1203 791 1217 815 ,
1275 751 1325 803 in
1395 751 1766 806 reconditoriis

173 819 489 890 quihusdam
517 831 822 883 asservatzn,
847 822 1066 892 thesauri
1089 822 1403 892 quandoque
1432 823 1645 876 nomine
1673 837 1764 877 ve-

174 893 337 952 niant;
371 893 452 944 sic
483 893 624 958 enim
648 892 837 946 Cicero
857 891 923 946 de
953 891 1198 958 Oratore,
1247 895 1558 947 memoriam
1598 910 1766 946 rerum

174 964 399 1014 omnium
453 956 746 1015 thesaurum
770 964 1022 1032 appellat.
1053 956 1191 1030 Quin
1225 975 1275 1018 et
1325 965 1463 1032 apud
1520 965 1763 1018 Plautum

171 1034 466 1085 thesaurum
497 1033 844 1087 malidit'tum
894 1036 1123 1088 invenio.
1166 1036 1260 1088 list
1307 1036 1448 1088 enim
1497 1050 1597 1088 vox
1656 1038 1766 1089 licet:

171 1103 480 1180 Grynei-rum
506 1104 634 1158 alias
663 1107 895 1180 propria,
924 1106 1115 1180 quibus
1179 1111 1406 1171 θησαυρός
1443 1106 1588 1173 juxta
1635 1121 1767 1160 non-

171 1176 341 1248 nullos
365 1191 396 1228 a
425 1181 610 1232 τιθέναι
638 1181 704 1238 εἰς
733 1176 896 1241 ιῧριον
926 1178 1186 1248 (reponere
1239 1180 1288 1229 in
1343 1180 1635 1237 ri'ustinnm,
1671 1195 1764 1230 seu

171 1246 342 1300 futura
379 1257 667 1318 tempora),
701 1250 820 1302 aliis
864 1246 962 1302 ἀπὸ
1003 1265 1092 1308 τῆς
1141 1256 1324 1315 θέσεως,
1360 1250 1603 1316 positione
1652 1249 1766 1300 miri

172 1319 450 1380 nimirum,
495 1318 720 1375 deducta
769 1319 996 1381 videtur,
1046 1320 1188 1390 quod
1234 1335 1420 1373 aurum
1479 1320 1763 1388 pra-cipue,

171 1390 396 1458 aliaeque
425 1390 687 1460 ejusmodi
731 1404 815 1446 res
847 1393 1097 1459 pretiosa:
1123 1391 1376 1446 abscondi
1433 1392 1498 1442 ab
1525 1391 1692 1443 oculis
1713 1402 1769 1445 et

169 1462 352 1514 notitia
375 1462 652 1516 hominum
679 1463 926 1527 aliorum,
951 1461 1252 1529 arctiusque
1270 1461 1521 1516 custodiri
1538 1463 1762 1515 soleant.

168 1537 342 1602 Atque
368 1534 532 1589 etiam
558 1533 829 1593 formicas.
862 1535 1068 1600 aliaque
1095 1534 1358 1594 animalia,
1392 1533 1490 1584 sibi
1528 1534 1768 1586 alimenta

169 1606 219 1657 in
251 1605 502 1672 hycmem
532 1609 768 1674 parantia
798 1619 858 1658 ac
905 1605 1231 1659 defodietttia
1257 1647 1268 1666 ,
1303 1607 1647 1673 οησειυριστικὰ
1679 1622 1766 1666 τῆς

167 1691 339 1744 τρορῦμς
369 1688 493 1741 ζῶσι,
523 1691 550 1729 a
583 1675 783 1731 Graecis
810 1676 944 1729 dicta
979 1679 1204 1744 reperio.
1244 1678 1370 1728 lissi:
1401 1687 1575 1729 autem
1625 1679 1765 1729 circa

167 1758 414 1800 centrum
472 1758 626 1802 terra:
670 1748 936 1816 ingentem
996 1762 1301 1809 cavernam,
1353 1749 1507 1815 Ἔπη
1537 1748 1765 1815 quodam

173 1819 322 1872 velut
361 1819 597 1880 Oceano.
631 1821 900 1888 perpetuis
954 1817 1252 1873 turbinibus
1292 1817 1522 1882 furente,
1584 1819 1764 1887 reple-

169 1897 296 1952 tam,
322 1891 625 1944 communis
646 1890 992 1960 Physicorum
1027 1890 1298 1958 persuasio
1329 1898 1428 1944 est.
1464 1890 1630 1943 Porro
1675 1906 1766 1941 au-

167 1961 436 2015 tetnhunc
465 1961 981 2031 ipsumt-sselnferni
1005 1963 1197 2016 locum.
1224 1977 1410 2014 onmes
1439 1961 1513 2015 illi
1538 1960 1631 2014 SS.
1663 1960 1762 2015 Pa-

168 2039 278 2084 tres
310 2033 558 2096 innuunt,
615 2035 703 2102 qui
759 2032 1074 2093 credidere.
1133 2037 1338 2086 animas
1391 2033 1760 2086 dznnnatorum

169 2116 297 2172 vero
347 2118 411 2156 ac
462 2104 720 2158 materiali
768 2107 886 2172 igne
952 2106 1229 2172 torqueri,
1280 2117 1474 2172 nempe
1507 2146 1520 2166 ,
1580 2115 1638 2156 ut
1689 2105 1763 2157 ait

165 2169 407 2242 S.Cypr.
426 2175 476 2226 in
503 2173 562 2226 L.
588 2174 654 2228 de
679 2169 860 2228 Laude
884 2169 1138 2243 Martyrii,
1170 2169 1511 2227 cruciantibus
1538 2176 1762 2243 ﬂammis

165 2259 258 2309 per
284 2245 591 2297 horrendam
621 2248 795 2312 spissa:
820 2247 1052 2314 caliginis
1080 2256 1272 2296 nortem
1289 2286 1304 2308 ,
1335 2255 1378 2297 et
1410 2260 1542 2297 sicea
1568 2263 1762 2314 semper

164 2314 408 2388 incendia
434 2316 617 2388 camini
641 2318 910 2388 {amanti},
943 2325 1046 2371 etc.
1071 2314 1211 2386 Lege
1240 2317 1317 2371 vel
1339 2316 1510 2370 solum
1543 2317 1600 2371 ὃ.
1619 2321 1756 2388 Aug.

167 2386 203 2438 ι.
241 2384 386 2439 XXI.
408 2385 472 2438 de
498 2384 604 2438 Civ.
637 2385 706 2439 υ.
733 2403 777 2439 c.
812 2387 900 2440 10.

236 2454 402 2509 Certe
427 2464 603 2510 autem
621 2457 767 2510 illum
792 2459 926 2525 ignis
943 2457 1213 2512 infernalis
1239 2462 1529 2513 thesaurum
1556 2459 1607 2513 in
1631 2460 1758 2514 sub-

167 2527 818 2598 terraneoquodamloco,
845 2530 1076 2598 ipsisque
1097 2542 1250 2584 terra:
1273 2532 1564 2586 visceribus
1583 2548 1763 2585 recon-

161 2597 335 2672 ditum
368 2613 507 2662 esse,
541 2597 1097 2672 tamdiudicendutn
1119 2604 1220 2653 erit
1248 2642 1262 2665 ,
1292 2602 1543 2668 quamdiu
1590 2604 1764 2672 aptior

163 2669 316 2742 locus
335 2670 879 2742 nonroccurritalius,
911 2685 1067 2739 quam
1089 2670 1192 2735 hic,
1222 2687 1250 2722 a
1288 2674 1424 2725 Sede
1448 2673 1529 2726 illa
1561 2669 1761 2742 Supre—

165 2755 251 2791 ma
303 2739 739 2810 l.tcidiss'intamte
796 2741 1076 2795 Beatorum
1122 2756 1278 2809 quam
1330 2739 1714 2797 remotissimus
1745 2785 1760 2808 ,

165 2811 254 2862 ubi
285 2813 499 2864 nonnisi
529 2813 706 2865 umbra
729 2814 901 2864 mortis
921 2823 968 2866 et
995 2815 1327 2876 sempiternus
1359 2816 1538 2867 horror
1564 2815 1764 2868 inhabi-

164 2890 238 2952 tat
265 2880 410 2949 (Job,
440 2883 508 2945 Χ,
540 2883 654 2952 ‘32).
683 2882 822 2937 Sane
849 2895 1173 2937 autem.cum
1201 2883 1313 2951 ipse
1344 2895 1546 2951 patrum
1571 2887 1764 2940 limbus

164 2951 218 3004 in
249 2967 411 3019 quem
441 2951 683 3007 Christus
701 2954 951 3007 descendit
981 2955 1047 3006 ad
1106 2954 1294 3022 inferos
1317 2996 1328 3016 ,
1383 2961 1763 3011 subterraneus

162 3023 386 3091 quidam
414 3024 564 3078 locus
583 3023 759 3090 fuerit,
798 3025 978 3094 quidni
1005 3026 1239 3078 otnnimn
1279 3026 1413 3078 intra
1447 3036 1600 3080 terra:
1657 3029 1762 3081 vis-

163 3110 289 3148 cera
346 3096 608 3168 infimum,
653 3105 708 3149 et
769 3095 1234 3165 profundissimam
1278 3101 1473 3166 inferno
1531 3100 1767 3168 assigne-

165 3181 310 3231 mus,
338 3167 426 3220 ubi
450 3168 708 3220 matcriali
730 3168 847 3236 igne
879 3185 981 3220 non
1010 3169 1215 3234 spiritus
1242 3168 1316 3220 illi
1338 3177 1383 3220 et
1416 3170 1598 3221 unione
1618 3172 1764 3222 dant-

166 3247 309 3288 nata:
338 3237 618 3303 duntaxat,
643 3237 752 3307 jam
785 3254 924 3291 nunc
968 3239 1106 3290 miris
1139 3239 1228 3291 sed
1262 3239 1390 3291 veris
1441 3240 1612 3293 modis
1659 3252 1764 3293 tor-

1874 608 1973 684 lia;
1992 609 2402 684 profunditatem
2433 612 2541 666 800
2581 629 2757 677 passus
2782 608 3057 669 continere
3081 615 3455 684 deprehendit.

1943 680 2119 754 Pergit
2151 683 2375 754 deinde:
2415 703 2432 735 ι
2462 684 2609 738 Mons
2639 685 2868 753 undique
2896 680 3193 754 prterupttis
3220 687 3269 740 in
3297 703 3456 742 exca-

1877 770 1893 801 ι
1923 753 2026 804 vati
2057 753 2282 826 rytindri
2314 752 2558 815 formam,
2597 765 2711 825 πρὸς
2742 752 2824 818 rei;
2850 761 2988 826 ὁρῦὰς
3018 752 3216 810 ambitu
3243 760 3455 813 suode-

1877 842 1894 873 ι
1921 824 2226 876 scendebat.
2251 823 2306 877 In
2327 834 2512 878 centro
2545 823 2686 879 fundi
2709 823 2894 880 natura
2921 842 3074 881 suum
3099 829 3256 882 veluti
3281 830 3454 884 locum

1876 911 1894 944 ι
1920 894 2260 949 Constituisse
2290 895 2595 962 videbatur,
2623 912 2751 951 vere
2772 897 3038 952 Volcanire
3068 899 3257 952 culime
3287 901 3456 952 offici-

1876 986 1893 1016 ι
1922 980 2064 1038 nam,
2093 966 2422 1034 sempiterno
2450 966 2579 1021 fttttti
2600 967 3038 1038 llannnarumque
3069 971 3334 1034 profluvio
3363 971 3459 1024 fer-

1877 1055 1895 1088 ι
1920 1035 2115 1102 vidam,
2138 1046 2266 1103 etc.,
2288 1039 2338 1091 in
2361 1038 2718 1106 decoquendis
2733 1035 2995 1108 sulphure,
3017 1041 3276 1106 bitumine,
3295 1052 3458 1095 caete-

1877 1125 1894 1158 ι
1921 1108 2100 1176 risque
2128 1109 2462 1163 mineralium
2489 1112 2768 1176 Speciebus
2794 1112 3111 1180 eliquaudis,
3133 1114 3454 1166 exurendis-

1877 1198 1895 1229 α
1919 1181 2259 1251 que,ocmtlto
2276 1181 2502 1247 qumlam
2522 1181 3153 1250 molimine,foncstisque
3169 1185 3455 1251 stragibus,

1877 1270 1894 1301 ι
1924 1250 2076 1316 paulo
2106 1259 2222 1318 post
2249 1252 2469 1305 edendis
2495 1294 2508 1316 ,
2552 1263 2861 1319 occupatam
2886 1270 2898 1313 ;
2945 1253 3207 1322 siquidem
3261 1256 3455 1308 halitus

1877 1339 1895 1371 ‹
1923 1322 2344 1395 ἱηιιιςγειιηᾱιιςί,
2377 1322 2449 1395 uti
2479 1324 2741 1395 contineri
2773 1325 2956 1386 nescii,
2983 1326 3052 1378 ita
3088 1337 3232 1378 tanto
3259 1328 3459 1395 impetu

1879 1411 1894 1442 ι
1919 1403 1971 1445 ct
2003 1394 2355 1466 vehementia.
2386 1393 2665 1447 horrendis
2695 1393 2991 1464 fragoribus
3017 1397 3218 1451 sociata
3241 1438 3254 1461 ,
3288 1393 3460 1466 impo-

1877 1481 1895 1514 ι
1923 1465 2080 1516 situm
2110 1465 2207 1518 sibi
2236 1479 2372 1516 onus
2394 1466 2768 1530 discutiebant,
2795 1477 2851 1519 ttt
2875 1481 3027 1520 mons
3053 1477 3206 1520 torrte
3225 1465 3456 1522 tremore

1833 1570 1845 1582 .
1877 1536 2100 1602 «agitari
2150 1536 2452 1599 videretur;
2507 1535 2645 1604 quod
2685 1537 3108 1606 quandocumjue
3160 1539 3455 1602 aeridebat,

1877 1626 1894 1656 ι
1925 1616 2100 1673 partes
2117 1621 2378 1674 supremze
2403 1609 2596 1660 montis
2620 1609 2909 1670 molliores,
2931 1618 3163 1663 tremore
3185 1626 3460 1665 concussa:

1876 1697 1894 1730 ι
1917 1678 2230 1747 solutaque,
2265 1678 2478 1731 collimn
2514 1679 2678 1731 instar
2710 1680 2760 1732 in
2792 1679 3024 1732 barathri
3067 1679 3285 1734 fundunt
3330 1696 3460 1734 con--

1878 1768 1894 1800 ι
1921 1748 2191 1810 eidcntes,
2242 1763 2305 1802 ex
2339 1751 2479 1802 varia
2524 1750 2637 1802 soni
2688 1750 2976 1804 rellexione
3019 1765 3138 1804 eum
3174 1753 3457 1820 fragorem,

1877 1829 2173 1889 «quantum
2215 1821 2476 1887 quispiam
2525 1823 2682 1874 etiam
2728 1822 3070 1889 imperterriti
3123 1824 3348 1889 pectoris
3383 1826 3462 1876 \‘ir

1878 1910 1895 1942 ι
1922 1892 2183 1944 sustinere
2215 1892 2298 1942 vix
2333 1901 2549 1959 posset,
2580 1893 2935 1945 concitabant.
2967 1893 3211 1958 Materia,
3244 1911 3362 1962 quze
3391 1911 3455 1948 rx

1879 1983 1894 2014 ι
1923 1971 2106 2015 (:t-Iltt'o
2134 1961 2329 2015 montis
2357 1965 2608 2015 Continuo
2639 1965 2979 2017 eructabatur
2999 2003 3014 2028 ,
3049 1978 3246 2018 novum
3266 1961 3273 1962 ί
3296 1967 3457 2019 veluti

1876 2054 1893 2085 ι
1921 2043 2155 2086 montem
2189 2032 2474 2095 efficiebat,
2507 2035 2636 2087 mira
2666 2035 2920 2088 striarum
2967 2037 3219 2089 varietate
3260 2036 3454 2104 prasdi-

1875 2124 1892 2156 ι
1923 2116 2054 2167 tum,
2084 2118 2239 2172 quem
2271 2106 2410 2157 varia
2437 2105 2768 2159 mineralium
2793 2104 3196 2174 liquefactorum
3221 2107 3459 2161 ebullitio

1875 2196 1892 2230 ι
1920 2177 1968 2228 iu
1992 2190 2179 2248 otnues
2202 2175 2646 2248 circumferentia:
2669 2185 2845 2245 partes
2864 2177 3009 2230 fluxu
3030 2192 3126 2230 suo
3147 2179 3456 2248 coloreque,

1873 2268 1891 2300 ι
1919 2261 2059 2300 nunc
2087 2247 2237 2298 viridi
2267 2260 2465 2311 exwre,
2489 2247 2646 2301 modo
2663 2248 2801 2314 fulvo
2829 2263 2891 2301 ex
2921 2248 3180 2316 sulphure,
3205 2247 3454 2314 arsenico,

1875 2341 1891 2373 ι
1915 2331 1968 2374 et
1997 2318 2351 2388 sandaracha,
2359 2317 2467 2386 jam
2497 2318 2648 2372 rubro
2677 2335 2739 2372 ex
2763 2319 3025 2372 cinnabari
3051 2321 3320 2388 minioque.
3347 2322 3457 2386 jam

1873 2412 1893 2444 ι
1919 2392 2061 2457 nigp'o
2093 2406 2155 2444 ex
2185 2387 2384 2442 vitriolo
2414 2389 2568 2458 aquis
2601 2393 2789 2451 mixto,
2823 2391 2902 2444 vel
2942 2405 3005 2444 ex
3049 2391 3177 2458 ipsis
3211 2387 3460 2445 cineribus

1875 2484 1892 2515 ι
1918 2463 2172 2524 cineririo,
2196 2462 2471 2531 ingenioso
2491 2471 2691 2513 naturae
2709 2461 2955 2531 penicillo
2969 2460 3416 2525 elformabat,ete.
3435 2486 3452 2513 ι

1869 2537 2040 2598 Atque
2071 2532 2184 2585 ΙΜξο
2200 2530 2270 2584 de
2288 2534 2562 2600 ['umariolo
2586 2532 2674 2585 illo
2708 2530 2984 2586 Vesuviano
3010 2531 3321 2586 Kit'cherns.
3343 2533 3456 2587 Non

1870 2608 2253 2658 mirmnaotem
2273 2603 2438 2655 videri
2468 2602 3038 2668 debet,abaliisaliter
3061 2605 3283 2656 crateris
3316 2604 3456 2658 illius

1868 2673 2274 2742 amplitudinem
2304 2682 2358 2726 et
2386 2675 2647 2726 internatn
2675 2675 3109 2728 constitutionem
3137 2673 3456 2743 descriptam

1869 2749 2032 2800 fuisse
2052 2785 2066 2808 ,
2100 2759 2220 2797 eum
2251 2753 2367 2810 post
2395 2744 2601 2813 singula
2631 2745 2873 2799 incemlia
2896 2787 2909 2809 ,
2942 2754 2998 2798 ut
3028 2744 3141 2798 fieri
3172 2760 3452 2801 necessum

1868 2827 2004 2878 erat,
2039 2817 2198 2869 aliam
2227 2815 2415 2868 faciem
2449 2816 2682 2869 induisse
2712 2817 3076 2884 deprehensus
3108 2817 3283 2869 fuerit.

1942 2890 2046 2944 Sed
2078 2886 2197 2938 vide
2222 2886 2329 2954 jam
2361 2887 2506 2939 aliud
2547 2887 2807 2953 ejusmodi
2848 2888 3212 2957 ftttttatiolultt,
3267 2903 3457 2943 AiTNA)!

1870 2961 2082 3021 Sicilire,
2119 2957 2186 3011 ab
2215 2958 2401 3011 eodem
2432 2957 2734 3019 Athanasio,
2758 2968 2890 3012 teste
2906 2973 3086 3011 rursus
3109 2961 3342 3028 αὐτεπτῃ,
3369 2961 3460 3014 de-

1868 3034 2146 3101 scriptum;
2181 3029 2246 3082 de
2267 3043 2381 3101 quo
2414 3028 2474 3081 L.
2509 3028 2595 3090 IV,
2627 3029 2702 3082 Μ.
2738 3029 2798 3083 S.
2832 3030 2967 3082 Sect.
2999 3028 3038 3082 ι.
3075 3045 3120 3081 c.
3156 3029 3188 3101 8
3216 3040 3260 3081 ct
3290 3032 3355 3095 υ,
3383 3033 3461 3085 sit:

1870 3100 2117 3174 loquitur:
2145 3119 2163 3150 ι
2197 3100 2274 3174 Ad
2299 3116 2572 3174 summum
2587 3101 2842 3174 verticem
2868 3115 2958 3168 per
2983 3100 3339 3174 vastissimum
3393 3103 3460 3155 12

1876 3195 1893 3224 ι
1922 3170 2222 3227 milliarium
2241 3170 2366 3224 ltul.
2397 3174 2446 3225 in
2472 3172 2672 3225 ambitu
2696 3181 2955 3225 craterem
2982 3171 3204 3225 fatiscit»
3235 3171 3342 3240 (alii
3366 3174 3455 3237 50,

1871 3259 2186 3313 rursumque
2210 3245 2296 3297 alii
2313 3245 2381 3296 40
2413 3244 2574 3295 millia
2596 3259 2856 3311 passuum,
2876 3243 3035 3308 aliqui
3071 3245 3457 3310 veropaueiura

163 3319 422 3385 quenter,
463 3313 556 3364 sed
585 3311 711 3362 olim
733 3324 942 3385 quoque
966 3309 1046 3362 ha:
1077 3311 1124 3360 in
1150 3311 1375 3385 receptis
1404 3312 1513 3363 suis
1569 3328 1758 3381 corpo-
1786 3322 1829 3385 C
1864 3309 2304 3373 circumferentia:
2327 3315 2566 3383 ejusdem
2590 3309 2880 3382 assignant,
2900 3309 3326 3385 scilicetrratere
3359 3313 3458 3367 hoc

165 3379 319 3431 ribus
347 3396 442 3448 per
469 3397 680 3435 omnem
710 3384 1058 3434 mter-nitatem
1077 3379 1353 3444 at‘debunt,
1378 3396 1591 3451 semper
1611 3379 1760 3437 uren-

165 3450 241 3512 di,
262 3460 327 3520 et
355 3467 622 3520 nunquam
655 3451 1027 3506 comburendi‘.’

243 3519 575 3574 l’umariola.
636 3525 708 3576 Ita
761 3537 856 3591 per
904 3524 1118 3595 ironiam
1175 3532 1328 3595 vorat
1384 3522 1581 3577 Montes
1626 3527 1760 3595 igni-

165 3606 341 3665 vomos
369 3595 989 3665 perterranidispersos,
1011 3603 1063 3646 et
1084 3593 1192 3665 jam
1217 3593 1524 3665 Tertulliani
1558 3593 1762 3665 tenipo-

167 3661 321 3714 ribus
344 3662 629 3735 terribiles,
680 3661 943 3735 Vesuvium
972 3664 1234 3735 przeeipue
1264 3679 1326 3717 ac
1354 3664 1587 3729 ίΕιηωη,
1629 3661 1762 3735 quos

169 3749 267 3805 pro
298 3733 514 3786 caminis
538 3734 723 3805 inferni
753 3748 818 3788 ex
869 3734 1108 3804 Physicis
1161 3735 1297 3787 haud
1348 3751 1498 3803 pauet
1542 3733 1759 3791 habent.

167 3803 338 3857 Aiunt
367 3806 532 3867 enint,
563 3803 851 3878 centralem
891 3803 1153 3878 terraqua:
1198 3818 1394 3860 nostra:
1449 3810 1621 3877 ignem
1670 3824 1764 3878 per

168 3892 463 3950 pyrugogos
489 3878 701 3930 carnales
731 3877 782 3930 in
815 3878 952 3950 varia
976 3877 1086 3950 alia
1109 3882 1461 3946 receptacula,
1486 3896 1579 3933 seu
1614 3877 1764 3950 pyro-

170 3948 436 4019 phylucin,
470 3963 684 4019 sursum
719 3948 976 4017 protrudi,
1002 3948 1230 4017 indeque
1289 3965 1447 4017 porro
1496 3967 1590 4019 per
1631 3948 1763 4004 alios

169 4018 439 4086 ejusmodi
468 4017 677 4080 ductus,
711 4021 852 4072 varie
887 4019 1180 4086 implexos,
1230 4021 1295 4071 ad
1340 4017 1507 4088 usque
1561 4022 1763 4075 telluris

169 4100 372 4142 nostra:
391 4090 726 4158 superficiem
754 4089 949 4159 urgeri,
967 4089 1136 4143 donec
1159 4090 1368 4143 tandem
1397 4109 1487 4158 per
1505 4096 1762 4147 montimn

169 4160 388 4214 illorum
420 4174 710 4213 cavernosa
742 4160 1005 4228 Spiracula
1037 4164 1236 4214 exitum
1272 4166 1503 4229 reperiat
1535 4207 1548 4226 ,
1575 4181 1634 4218 ae
1685 4167 1765 4218 in-

168 4229 418 4301 credibili
451 4245 834 4300 nonnunquam
865 4232 910 4285 \‘i
938 4247 1056 4286 sese
1089 4234 1138 4285 in
1161 4244 1372 4301 apertas
1395 4251 1549 4287 auras
1566 4251 1766 4289 exone-

172 4311 278 4354 ret.
314 4300 451 4355 Sunt
493 4303 652 4356 etiam
700 4305 790 4372 qui
840 4304 1070 4367 dicunt,
1131 4319 1512 4373 nonnunquam
1572 4308 1623 4358 in
1681 4307 1762 4362 his

172 4373 450 4426 montibus
503 4375 790 4425 animarum
848 4378 1202 4427 damnatarum
1259 4376 1486 4444 ejulatus
1543 4378 1760 4432 audiri:

169 4445 315 4512 quod
347 4444 466 4498 aliis
494 4446 712 4498 onmino
740 4445 1050 4498 fabulosum.
1087 4444 1261 4499 Facile
1307 4457 1483 4501 autem
1529 4447 1641 4500 fieri
1675 4465 1766 4516 po-

172 4517 345 4568 tuisse
368 4515 572 4584 judico,
605 4528 661 4589 ut
682 4516 1013 4571 subterranei
1036 4517 1224 4589 horum
1248 4519 1505 4589 montium
1536 4515 1766 4589 mugitus

169 4602 547 4654 sazpenumero
565 4587 724 4641 etiam
748 4589 1004 4643 remotius
1022 4587 1204 4651 auditi,
1223 4588 1456 4643 credulis
1475 4605 1536 4644 ac
1564 4587 1765 4646 terrore

172 4657 442 4728 perculsis
466 4660 733 4713 mentibus
763 4660 1049 4713 terrificum
1075 4660 1175 4714 hoc
1202 4659 1417 4728 phasma
1448 4663 1762 4716 incuterent.

251 4727 317 4782 Ut
345 4731 822 4802 autent/'unmriolu
859 4733 972 4784 haec
1014 4713 1243 4800 penititis
1267 4713 1551 4785 noscamus
1575 4713 1767 4802 ζέω-
1792 4713 1843 4773 Ῑ)

172 4799 301 4853 dam
333 4815 401 4854 ex
427 4801 638 4854 oculato
671 4812 824 4863 teste,
853 4799 1136 4856 immortali
1168 4804 1279 4855 viro
1305 4804 1584 4857 Athanasio
1638 4799 1766 4858 Κίν-

173 4872 350 4945 choro,
365 4872 586 4945 ejusque
605 4871 815 4940 Prwj'at.
837 4873 903 4924 ad
921 4872 971 4925 Μ
982 4875 1171 4926 undum
1185 4889 1335 4927 suum
1349 4874 1608 4929 subterran
1620 4915 1631 4927 .
1653 4893 1773 4945 pro-

181 4943 314 5010 priis
337 4942 574 5010 ejusdem
605 4945 803 5016 v_erbis,
839 4960 905 4998 ne
930 4947 1052 5014 quid
1071 4945 1336 4998 addidisse
1353 4947 1551 5011 videar,
1582 4942 1773 5016 depro-

177 5028 330 5067 mere
354 5016 578 5080 jurabit.
612 5013 743 5070 Cum
775 5013 1039 5086 igiturrei
1088 5016 1318 5069 visenda:
1370 5013 1776 5075 desidet-tosti-

176 5086 437 5157 mutatus,
472 5097 589 5155 post
616 5097 889 5156 superatas
912 5088 1150 5157 ingentes
1170 5089 1508 5143 diflieultates
1527 5089 1576 5143 in
1619 5107 1780 5146 vesu-

175 5172 274 5216 νη,
311 5154 611 5225 Campania:
632 5154 826 5212 montis
848 5202 863 5226 ,
892 5154 1193 5213 summitate
1238 5160 1500 5215 eluctatus
1546 5164 1726 5216 fuisset
1760 5180 1775 5218 :

183 5249 200 5279 ι
246 5229 548 5292 Cratcrem,
579 5232 671 5304 ait,
707 5241 870 5285 totutn
903 5230 1024 5300 igne
1053 5231 1398 5302 (horrendum
1424 5234 1613 5304 dictu!)
1657 5236 1774 5289 illu-

183 5321 201 5352 ι
236 5304 498 5354 minatum
525 5300 648 5367 vidi,
679 5317 800 5356 cum
831 5300 1146 5356 intolerabili
1174 5304 1443 5372 sulphuris
1464 5313 1516 5359 et
1561 5300 1777 5359 bitumi-

185 5391 202 5422 ς
247 5375 332 5426 nis
362 5373 598 5427 ardentis
649 5375 889 5443 mephiti.
937 5372 1033 5427 llic
1087 5389 1305 5442 prorsus
1355 5375 1418 5428 ad
1474 5377 1779 5432 inusitatum

189 5465 206 5496 ι
248 5445 326 5499 rei
381 5446 740 5514 spectaculum
782 5449 1036 5500 attOnitus
1065 5485 1081 5510 ,
1136 5443 1422 5512 lnferorum
1467 5448 1780 5501 domicilium

188 5535 208 5568 ι
248 5531 337 5569 me
364 5517 555 5571 intueri
573 5518 876 5579 credebam,
904 5519 952 5570 in
978 5533 1083 5587 quo
1113 5526 1304 5584 praeter
1332 5517 1618 5572 dwmonum
1653 5519 1779 5573 hor-

189 5609 209 5639 ‹
250 5588 414 5641 renda
429 5590 702 5656 phasmata
720 5588 788 5641 nil
803 5589 937 5642 adeo
953 5587 1096 5640 aliud
1116 5588 1304 5642 deesse
1331 5589 1623 5645 videbatur.
1650 5592 1785 5645 lior-

192 5680 212 5712 ι
255 5659 407 5712 rendi
433 5659 857 5732 pereipiebantitr
873 5659 1070 5714 montis
1086 5660 1316 5728 mugitus
1327 5669 1381 5714 et
1403 5661 1659 5721 fremitus.
1682 5679 1781 5732 pu-

191 5753 208 5783 ι
249 5740 332 5783 ιυι·
363 5729 763 5802 inexplicabilis,
795 5729 940 5784 fumo
964 5732 1226 5786 subfuscis
1244 5731 1440 5799 ignium
1455 5733 1623 5802 globis
1649 5729 1781 5789 mix-

193 5822 212 5855 ι
253 5813 330 5863 to,
361 5816 496 5870 quos
517 5817 582 5856 ex
606 5802 662 5856 11
697 5801 924 5857 diversis
953 5801 1082 5856 locis
1129 5814 1237 5856 tum
1265 5803 1477 5867 fundus,
1509 5816 1616 5858 tmn
1648 5805 1780 5860 lateo

191 5893 211 5926 ς
244 5888 304 5928 ra
325 5876 541 5939 montis,
581 5875 839 5928 continuo
864 5877 1193 5928 eructabant.
1237 5893 1255 5925 ι
1280 5874 1414 5928 Cum
1447 5889 1572 5929 vero
1594 5888 1776 5943 panto-

187 5956 408 6000 metrum
429 5958 582 6001 suum
607 5944 673 6000 ad
706 5945 956 6002 terribilis
983 5947 1121 6000 illius
1141 5946 1360 6002 Crateris
1386 5945 1776 6006 ditneusionetn

1867 3388 2134 3449 infernali,
2172 3401 2262 3454 pro
2299 3387 2460 3439 variis
2491 3385 2838 3450 temporibus,
2871 3397 2933 3436 ac
2965 3384 3232 3437 horribilis
3262 3387 3339 3436 sui
3375 3387 3456 3438 fu-

1866 3462 2000 3516 roris
2020 3458 2435 3512 circinnstmtiis
2453 3468 2504 3510 et
2520 3455 2817 3520 effectibus,
2834 3457 3000 3523 magis
3019 3455 3262 3508 minusve
3282 3457 3458 3510 hiante

1866 3543 2025 3600 atque
2065 3529 2333 3597 distento)
2368 3549 2386 3580 ‹
2410 3531 2497 3597 qui
2526 3527 2698 3581 arduo
2735 3527 3026 3600 introrsum
3070 3527 3212 3600 clivo
3255 3530 3454 3600 sesein

1873 3622 1890 3652 ι
1922 3596 2112 3654 tartara
2149 3596 2320 3669 usque
2343 3596 2609 3669 angustat;
2647 3597 3001 3668 praecipitium
3032 3596 3146 3669 visu
3178 3597 3454 3662 horribile,

1874 3691 1893 3724 ι
1923 3670 2178 3728 flainmis.
2213 3668 2380 3734 fumo,
2417 3668 2524 3725 tum
2551 3687 2613 3726 ex
2644 3671 2775 3731 imo,
2807 3679 2914 3721 tum
2942 3682 3008 3721 ex
3041 3668 3206 3723 latere
3235 3671 3453 3734 montis,

1874 3762 1892 3795 ι
1926 3758 2044 3798 cum
2077 3741 2582 3810 horrendomugitu.
2607 3739 2976 3796 tonitruisnon
3006 3739 3256 3799 absimili,
3280 3754 3454 3793 erum—

1875 3835 1893 3867 ι
1925 3814 2190 3886 pentibus,
2211 3814 2348 3866 adeo
2374 3811 2792 3886 formidandum,
2819 3820 2874 3864 ut
2900 3810 2985 3865 vel
3011 3811 3123 3886 ipsa
3150 3811 3458 3880 imaginatio

1875 3906 1892 3938 ι
1913 3882 2132 3954 jamjam
2168 3885 2412 3954 instantis
2457 3885 2586 3953 ignis
2617 3899 2680 3939 ac
2710 3886 2912 3954 ruina},
2943 3882 3234 3954 neminem,
3266 3897 3454 3950 quan-.-

1871 3973 1892 4007 ι
1916 3952 2110 4008 tumvis
2136 3952 2543 4008 audacissimum
2578 3963 2632 4008 et
2661 3953 3002 4022 intrepidum,
3030 3967 3132 4004 non
3156 3952 3328 4020 primo
3349 3963 3459 4005 sta-

1873 4045 1891 4079 t
1926 4027 2015 4080 tim
2045 4034 2373 4087 consternet,
2403 4034 2567 4094 atque
2596 4040 2624 4077 a
2652 4026 2881 4094 quodam
2912 4025 3056 4078 velut
3084 4023 3325 4077 inlernali
3356 4025 3450 4076 bc.-

1873 4115 1893 4149 ι
1924 4098 2103 4151 t'athro
2130 4106 2354 4152 avertat.
2388 4115 2407 4147 ι
2650 4144 2653 4148 ,

1940 4169 2008 4223 Ει
2038 4179 2157 4238 post
2181 4170 2339 4222 aliain
2367 4169 2611 4224 immensi
2641 4167 2800 4236 lmjus
2831 4165 3452 4238 hiatusdescriptionem

1866 4243 1944 4297 sic
1975 4237 2339 4309 prosequitur:
2382 4259 2399 4291 ι
2435 4240 2639 4309 Vorago
2668 4249 2771 4293 tam
2801 4237 3062 4309 profunda
3087 4245 3170 4291 est
3194 4279 3208 4301 ,
3239 4248 3294 4290 ut
3335 4252 3454 4290 Otii-

1873 4331 1894 4364 ε
1925 4327 2044 4365 nrm
2075 4308 2242 4363 visum
2270 4312 2503 4377 effugiat.
2535 4308 2767 4380 seopulis
2795 4314 2844 4362 in
2873 4308 3087 4362 modmn
3117 4309 3453 4380 pyramidum

1874 4403 1893 4436 ι
1921 4399 1985 4437 ex
2004 4382 2257 4436 lateribus
2270 4379 2679 4450 exsurgentibns
2708 4381 3011 4435 metuenda:
3034 4391 3088 4432 et
3118 4394 3238 4450 eum
3267 4379 3453 4446 latera,

1874 4473 1892 4506 ι
1920 4464 2065 4509 recto
2093 4465 2146 4507 et
2174 4448 2596 4523 perpendiculari
2624 4453 2965 4522 scopulorum
3004 4450 3167 4523 ductu
3201 4448 3453 4523 deorsum

1874 4545 1892 4576 ι
1925 4525 2176 4594 parallelo
2202 4522 2465 4580 descensu
2493 4535 2732 4593 vergant,
2760 4524 2911 4592 juxta
2941 4522 3146 4594 opticas
3173 4528 3348 4577 tamen
3379 4522 3456 4577 Ie-

1875 4615 1893 4648 ι
1922 4593 2035 4658 ges.
2061 4613 2123 4650 ex
2148 4597 2307 4650 nimia
2328 4596 2663 4658 distantia,in
2681 4605 2867 4649 centro
2891 4595 3037 4648 coire
3057 4593 3323 4656 videntur,
3345 4602 3453 4647 ctc.

1875 4688 1894 4720 ι
1925 4665 1980 4722 In
2012 4668 2176 4723 fundo
2203 4669 2222 4737 (
2245 4669 2436 4722 mirtnn
2467 4667 2610 4721 dictu
2631 4667 2643 4719 !
2668 4665 2687 4736 )
2717 4682 2782 4720 ex
2812 4666 3063 4719 centinua
3091 4665 3454 4737 materizenii-

1877 4760 1894 4791 ι
1928 4742 2124 4793 neralis
2149 4734 2500 4804 eructatione,
2532 4734 2846 4804 etc.,'veluti
2875 4737 3116 4789 lacunam
3144 4734 3452 4802 quamdam,

1879 4830 1895 4862 ι
1932 4811 2210 4879 liquefacto
2241 4811 2457 4865 metallo
2477 4823 2774 4872 cornseam,
2803 4821 3014 4873 semper
3037 4821 3120 4879 me
3141 4807 3457 4860 observasse

1881 4902 1899 4935 ι
1931 4877 2163 4935 memini.
2184 4881 2370 4936 Latera
2403 4881 2598 4950 passim
2628 4895 2721 4947 per
2744 4877 3225 4946 corrcSpondentes
3251 4887 3459 4932 meatus

1883 4972 1902 5006 ς
1931 4963 2239 5022 perpetuum
2269 4955 2467 5006 funium
2493 4954 2547 5005 in
2572 4952 2812 5020 plurimis
2846 4952 2974 5022 locis
2995 4957 3452 5022 ey_omunt_._quetn

1884 5043 1903 5077 ι
1929 5017 2088 5078 noctu
2128 5026 2392 5099 ﬂammam
2424 5017 2704 5099 accensnn
2736 5017 3206 5099 deprehendimus.
3244 5017 3456 5099 vorago

1887 5115 1905 5148 ι
1931 5111 2194 5164 nunquam
2213 5097 2326 5148 sine
2345 5094 2558 5148 fremitu
2577 5103 2631 5148 et
2649 5093 2936 5162 mugitibus
2950 5101 3054 5158 est,
3078 5104 3213 5158 quos
3229 5090 3457 5144 subinde

1888 5186 1907 5220 ‹
1939 5177 2043 5219 tam
2073 5166 2364 5221 horrendos
2395 5166 2539 5228 edit,
2572 5174 2626 5218 ut
2658 5164 2738 5219 vel
2770 5166 2939 5231 ipsum
2985 5171 3222 5215 montem
3266 5169 3458 5215 treme-

1889 5257 1908 5290 ι
1936 5239 2145 5291 faciant.
2181 5237 2375 5300 Verbo,
2409 5236 2498 5305 qui
2527 5237 2889 5289 admirandam
2920 5247 3007 5305 net
3032 5231 3328 5305 θυι-Μαι
3359 5248 3459 5300 po-

1891 5329 1909 5361 (
1938 5311 2155 5363 tentiam
2203 5310 2392 5362 intueri
2430 5303 2743 5370 desiderat,
2796 5307 2840 5359 is
2889 5303 3195 5374 hujusmodi
3247 5312 3455 5374 montes

1892 5399 1910 5434 ι
1940 5381 2133 5443 adeat,
2163 5388 2216 5433 et
2246 5391 2446 5433 natura:
2475 5377 2848 5431 miraculorum
2893 5371 3172 5430 effectibus
3216 5371 3457 5426 ineffabi-

1893 5471 1910 5503 ι
1937 5451 2074 5505 libus
2117 5452 2372 5504 attonitus
2415 5447 2880 5519 stupefactusque,
2931 5445 3221 5519 identidem
3271 5446 3458 5497 intimo

1894 5543 1912 5576 ι
1942 5523 2117 5576 cordis
2142 5521 2331 5576 all'eetu
2370 5517 2713 5589 pronuntiare
2745 5529 2991 5587 cogetur:
3088 5529 3353 5596 Αιτιτρυο
3381 5530 3458 5568 tn-

1894 5613 1912 5647 ι
1942 5609 2192 5648 νιτιΑιιωι
2223 5607 2511 5647 εΑΡιεΝτιις
2536 5601 2584 5644 et
2614 5604 2868 5645 seruans
2908 5589 3029 5644 DEI!
3076 5603 3226 5655 quam
3266 5589 3460 5638 incom-

1894 5685 1914 5718 ι
1945 5665 2299 5734 prehenstbilia
2324 5673 2438 5717 sunt
2465 5663 2664 5734 judicia
2699 5671 2807 5734 tua,
2837 5671 2883 5714 et
2911 5674 3066 5734 quam
3093 5658 3460 5728 inuestigabilrs

1891 5756 1910 5790 ο
1939 5729 2031 5791 trite
2059 5748 2175 5800 tute,
2210 5737 2337 5817 etc!
2377 5754 2395 5786 ι
2559 5735 2711 5816 liam.
2736 5731 2827 5796 XI,
2856 5729 3070 5812 v.33»).
3273 5800 3283 5810 '

1956 5807 2099 5859 Ictus
2129 5817 2390 5859 suscuant.
2466 5806 2706 5859 errtbtles
2751 5818 2880 5858 sane
2929 5803 2998 5856 ab
3023 5798 3283 5859 eiusmodi

1956 5807 2099 5862 lctus
2129 5798 2390 5861 suscitant.
2421 5798 2706 5860 Terribiles
2751 5818 2880 5858 sane
2929 5803 2998 5856 ab
3023 5798 3285 5872 ejusmodi
3309 5813 3463 5853 mon-

1883 5881 2056 5946 tibus,
2099 5881 2299 5949 imcgra
2357 5877 2598 5933 incendia
2639 5889 3036 5949 nonnumquam
3075 5875 3462 5949 eructantilms,

1879 5967 1942 6009 ae
1995 5943 2140 6009 velut
2189 5943 2452 6008 infernum
2501 5949 2672 6019 ipsum
2711 5943 3079 6004 evomentibus
3129 5943 3466 6014 (quanquam
