  <div class='ocr_page' id='page_1' title='image "/cluster/home/n/w/nwhite01/storage/ocr_20150623/2/hvd.32044015466741/691.png"; bbox 0 0 4184 6496; ppageno 0'>
   <div class='ocr_carea' id='block_1_1' title="bbox 706 388 847 447">
    <p class='ocr_par' dir='ltr' id='par_1_1' title="bbox 706 388 847 447">
     <span class='ocr_line' id='line_1_1' title="bbox 706 388 847 447; baseline 0 -1"><span class='ocrx_word' id='word_1_1' title='bbox 706 388 847 447; x_wconf 67' lang='grc'><strong>1259</strong></span> 
     </span>
    </p>
   </div>
   <div class='ocr_carea' id='block_1_2' title="bbox 2089 397 2553 457">
    <p class='ocr_par' dir='ltr' id='par_1_2' title="bbox 2089 397 2553 457">
     <span class='ocr_line' id='line_1_2' title="bbox 2089 397 2553 457; baseline 0.004 -3"><span class='ocrx_word' id='word_1_2' title='bbox 2089 397 2553 457; x_wconf 73' lang='lat' dir='ltr'><strong>TERTULLIANI</strong></span> 
     </span>
    </p>
   </div>
   <div class='ocr_carea' id='block_1_3' title="bbox 3859 408 4002 464">
    <p class='ocr_par' dir='ltr' id='par_1_3' title="bbox 3859 408 4002 464">
     <span class='ocr_line' id='line_1_3' title="bbox 3859 408 4002 464; baseline 0 0"><span class='ocrx_word' id='word_1_3' title='bbox 3859 408 4002 464; x_wconf 64' lang='lat'><strong>12.50</strong></span> 
     </span>
    </p>
   </div>
   <div class='ocr_carea' id='block_1_4' title="bbox 705 511 4007 597">
    <p class='ocr_par' dir='ltr' id='par_1_4' title="bbox 705 511 4007 597">
     <span class='ocr_line' id='line_1_4' title="bbox 705 511 4007 597; baseline 0.004 -31"><span class='ocrx_word' id='word_1_4' title='bbox 705 512 906 597; x_wconf 66' lang='lat' dir='ltr'><strong>rectius</strong></span> <span class='ocrx_word' id='word_1_5' title='bbox 933 527 961 566; x_wconf 91' lang='lat' dir='ltr'><strong>a</strong></span> <span class='ocrx_word' id='word_1_6' title='bbox 998 511 1195 597; x_wconf 52' lang='lat' dir='ltr'><strong>Nostro</strong></span> <span class='ocrx_word' id='word_1_7' title='bbox 1227 511 1414 568; x_wconf 89' lang='lat' dir='ltr'><strong>inferni</strong></span> <span class='ocrx_word' id='word_1_8' title='bbox 1438 514 1658 597; x_wconf 44' lang='lat' dir='ltr'><strong>.nonnisi</strong></span> <span class='ocrx_word' id='word_1_9' title='bbox 1681 513 1922 596; x_wconf 68' lang='lat' dir='ltr'><strong>scintilla.-</strong></span> <span class='ocrx_word' id='word_1_10' title='bbox 1964 515 2121 597; x_wconf 80' lang='lat' dir='ltr'><strong>paulo</strong></span> <span class='ocrx_word' id='word_1_11' title='bbox 2173 525 2296 586; x_wconf 88' lang='lat' dir='ltr'><strong>post</strong></span> <span class='ocrx_word' id='word_1_12' title='bbox 2323 517 2374 576; x_wconf 82' lang='grc' dir='ltr'><strong>Α</strong></span> <span class='ocrx_word' id='word_1_13' title='bbox 2401 535 2512 597; x_wconf 75' lang='lat' dir='ltr'><strong>rum</strong></span> <span class='ocrx_word' id='word_1_14' title='bbox 2535 519 2830 597; x_wconf 82' lang='lat' dir='ltr'><strong>perlegere,</strong></span> <span class='ocrx_word' id='word_1_15' title='bbox 2856 522 3021 591; x_wconf 88' lang='lat' dir='ltr'><strong>quod,</strong></span> <span class='ocrx_word' id='word_1_16' title='bbox 3046 521 3303 597; x_wconf 83' lang='lat' dir='ltr'><strong>spondeo,</strong></span> <span class='ocrx_word' id='word_1_17' title='bbox 3331 537 3436 578; x_wconf 89' lang='lat' dir='ltr'><strong>non</strong></span> <span class='ocrx_word' id='word_1_18' title='bbox 3454 524 3574 597; x_wconf 82' lang='lat' dir='ltr'><strong>sine</strong></span> <span class='ocrx_word' id='word_1_19' title='bbox 3601 525 3786 590; x_wconf 89' lang='lat' dir='ltr'><strong>animi,</strong></span> <span class='ocrx_word' id='word_1_20' title='bbox 3815 526 3860 579; x_wconf 92' lang='lat' dir='ltr'><strong>si</strong></span> <span class='ocrx_word' id='word_1_21' title='bbox 3887 528 4007 595; x_wconf 84' lang='lat' dir='ltr'><strong>quis</strong></span> 
     </span>
    </p>
   </div>
   <div class='ocr_carea' id='block_1_5' title="bbox 706 584 2296 655">
    <p class='ocr_par' dir='ltr' id='par_1_5' title="bbox 706 584 2296 655">
     <span class='ocr_line' id='line_1_5' title="bbox 706 584 2296 655; baseline 0.003 -17"><span class='ocrx_word' id='word_1_22' title='bbox 706 584 848 638; x_wconf 91' lang='lat' dir='ltr'><strong>dicta</strong></span> <span class='ocrx_word' id='word_1_23' title='bbox 883 585 1113 645; x_wconf 91' lang='lat' dir='ltr'><strong>fuerint)</strong></span> <span class='ocrx_word' id='word_1_24' title='bbox 1164 593 1369 655; x_wconf 87' lang='lat' dir='ltr'><strong>strages</strong></span> <span class='ocrx_word' id='word_1_25' title='bbox 1419 585 1572 640; x_wconf 88' lang='lat' dir='ltr'><strong>datas</strong></span> <span class='ocrx_word' id='word_1_26' title='bbox 1623 585 1815 652; x_wconf 92' lang='lat' dir='ltr'><strong>fuisse,</strong></span> <span class='ocrx_word' id='word_1_27' title='bbox 1875 584 2110 640; x_wconf 90' lang='lat' dir='ltr'><strong>omnium</strong></span> <span class='ocrx_word' id='word_1_28' title='bbox 2151 584 2296 642; x_wconf 84' lang='lat' dir='ltr'><strong>retro</strong></span> 
     </span>
    </p>
   </div>
   <div class='ocr_carea' id='block_1_6' title="bbox 711 655 2296 713">
    <p class='ocr_par' dir='ltr' id='par_1_6' title="bbox 711 655 2296 713">
     <span class='ocr_line' id='line_1_6' title="bbox 711 655 2296 713; baseline 0.001 -3"><span class='ocrx_word' id='word_1_29' title='bbox 711 656 1029 710; x_wconf 63' lang='lat' dir='ltr'><strong>saeculorum</strong></span> <span class='ocrx_word' id='word_1_30' title='bbox 1085 655 1322 710; x_wconf 64' lang='lat' dir='ltr'><strong>historia:</strong></span> <span class='ocrx_word' id='word_1_31' title='bbox 1365 665 1648 711; x_wconf 90' lang='lat' dir='ltr'><strong>testantur.</strong></span> <span class='ocrx_word' id='word_1_32' title='bbox 1700 657 1788 711; x_wconf 86' lang='lat' dir='ltr'><strong>Sic</strong></span> <span class='ocrx_word' id='word_1_33' title='bbox 1841 659 1980 710; x_wconf 84' lang='lat' dir='ltr'><strong>enim</strong></span> <span class='ocrx_word' id='word_1_34' title='bbox 2035 658 2296 713; x_wconf 90' lang='lat' dir='ltr'><strong>Diodorus</strong></span> 
     </span>
    </p>
   </div>
   <div class='ocr_carea' id='block_1_7' title="bbox 709 725 2297 798">
    <p class='ocr_par' dir='ltr' id='par_1_7' title="bbox 709 725 2297 798">
     <span class='ocr_line' id='line_1_7' title="bbox 709 725 2297 798; baseline 0.001 -16"><span class='ocrx_word' id='word_1_35' title='bbox 709 725 927 782; x_wconf 87' lang='lat' dir='ltr'><strong>Siculus</strong></span> <span class='ocrx_word' id='word_1_36' title='bbox 960 725 1157 781; x_wconf 82' lang='lat' dir='ltr'><strong>Hister.</strong></span> <span class='ocrx_word' id='word_1_37' title='bbox 1196 725 1258 782; x_wconf 91' lang='lat' dir='ltr'><strong>L.</strong></span> <span class='ocrx_word' id='word_1_38' title='bbox 1290 725 1354 790; x_wconf 83' lang='lat' dir='ltr'><strong>V,</strong></span> <span class='ocrx_word' id='word_1_39' title='bbox 1390 728 1588 794; x_wconf 88' lang='lat' dir='ltr'><strong>refert,</strong></span> <span class='ocrx_word' id='word_1_40' title='bbox 1631 743 1751 782; x_wconf 91' lang='lat' dir='ltr'><strong>cum</strong></span> <span class='ocrx_word' id='word_1_41' title='bbox 1802 729 1929 782; x_wconf 89' lang='lat' dir='ltr'><strong>olim</strong></span> <span class='ocrx_word' id='word_1_42' title='bbox 1982 729 2162 783; x_wconf 78' lang='lat' dir='ltr'><strong>Sicilia</strong></span> <span class='ocrx_word' id='word_1_43' title='bbox 2203 745 2297 798; x_wconf 86' lang='lat' dir='ltr'><strong>per</strong></span> 
     </span>
    </p>
   </div>
   <div class='ocr_carea' id='block_1_8' title="bbox 715 798 2295 860">
    <p class='ocr_par' dir='ltr' id='par_1_8' title="bbox 715 798 2295 860">
     <span class='ocr_line' id='line_1_8' title="bbox 715 798 2295 860; baseline 0.001 -7"><span class='ocrx_word' id='word_1_44' title='bbox 715 812 932 854; x_wconf 66' lang='lat' dir='ltr'><strong>Sicanos</strong></span> <span class='ocrx_word' id='word_1_45' title='bbox 980 798 1210 852; x_wconf 73' lang='lat' dir='ltr'><strong>habitata</strong></span> <span class='ocrx_word' id='word_1_46' title='bbox 1259 799 1481 860; x_wconf 89' lang='lat' dir='ltr'><strong>fuisset,</strong></span> <span class='ocrx_word' id='word_1_47' title='bbox 1530 798 1780 854; x_wconf 74' lang='lat' dir='ltr'><strong>incendio</strong></span> <span class='ocrx_word' id='word_1_48' title='bbox 1813 799 2047 854; x_wconf 61' lang='lat' dir='ltr'><strong>Etltnmi</strong></span> <span class='ocrx_word' id='word_1_49' title='bbox 2099 803 2295 854; x_wconf 84' lang='lat' dir='ltr'><strong>montis</strong></span> 
     </span>
    </p>
   </div>
   <div class='ocr_carea' id='block_1_9' title="bbox 715 870 2298 940">
    <p class='ocr_par' dir='ltr' id='par_1_9' title="bbox 715 870 2298 940">
     <span class='ocr_line' id='line_1_9' title="bbox 715 870 2298 940; baseline 0.002 -16"><span class='ocrx_word' id='word_1_50' title='bbox 715 884 904 924; x_wconf 85' lang='lat' dir='ltr'><strong>omnes</strong></span> <span class='ocrx_word' id='word_1_51' title='bbox 935 884 1120 924; x_wconf 90' lang='lat' dir='ltr'><strong>eorum</strong></span> <span class='ocrx_word' id='word_1_52' title='bbox 1153 883 1358 924; x_wconf 84' lang='lat' dir='ltr'><strong>messes</strong></span> <span class='ocrx_word' id='word_1_53' title='bbox 1387 881 1608 924; x_wconf 75' lang='lat' dir='ltr'><strong>exustas</strong></span> <span class='ocrx_word' id='word_1_54' title='bbox 1631 910 1646 932; x_wconf 90' lang='lat'><strong>,</strong></span> <span class='ocrx_word' id='word_1_55' title='bbox 1678 870 2059 940; x_wconf 85' lang='lat' dir='ltr'><strong>cineribusque</strong></span> <span class='ocrx_word' id='word_1_56' title='bbox 2085 872 2298 927; x_wconf 86' lang='lat' dir='ltr'><strong>univer-</strong></span> 
     </span>
    </p>
   </div>
   <div class='ocr_carea' id='block_1_10' title="bbox 711 940 2297 1010">
    <p class='ocr_par' dir='ltr' id='par_1_10' title="bbox 711 940 2297 1010">
     <span class='ocr_line' id='line_1_10' title="bbox 711 940 2297 1010; baseline 0.003 -16"><span class='ocrx_word' id='word_1_57' title='bbox 711 955 826 994; x_wconf 90' lang='lat' dir='ltr'><strong>sam</strong></span> <span class='ocrx_word' id='word_1_58' title='bbox 859 940 1102 994; x_wconf 84' lang='lat' dir='ltr'><strong>viciniam</strong></span> <span class='ocrx_word' id='word_1_59' title='bbox 1134 951 1240 994; x_wconf 87' lang='lat' dir='ltr'><strong>tam</strong></span> <span class='ocrx_word' id='word_1_60' title='bbox 1270 943 1378 994; x_wconf 92' lang='lat' dir='ltr'><strong>alte</strong></span> <span class='ocrx_word' id='word_1_61' title='bbox 1407 942 1673 1010; x_wconf 88' lang='lat' dir='ltr'><strong>oppletam</strong></span> <span class='ocrx_word' id='word_1_62' title='bbox 1701 941 1865 996; x_wconf 90' lang='lat' dir='ltr'><strong>fuisse</strong></span> <span class='ocrx_word' id='word_1_63' title='bbox 1887 983 1900 1003; x_wconf 87' lang='lat'><strong>,</strong></span> <span class='ocrx_word' id='word_1_64' title='bbox 1931 950 1990 995; x_wconf 87' lang='lat' dir='ltr'><strong>ut</strong></span> <span class='ocrx_word' id='word_1_65' title='bbox 2019 957 2178 1010; x_wconf 91' lang='lat' dir='ltr'><strong>porro</strong></span> <span class='ocrx_word' id='word_1_66' title='bbox 2204 943 2297 999; x_wconf 87' lang='lat' dir='ltr'><strong>de-</strong></span> 
     </span>
    </p>
   </div>
   <div class='ocr_carea' id='block_1_11' title="bbox 717 1011 2298 1080">
    <p class='ocr_par' dir='ltr' id='par_1_11' title="bbox 717 1011 2298 1080">
     <span class='ocr_line' id='line_1_11' title="bbox 717 1011 2298 1080; baseline 0.001 -14"><span class='ocrx_word' id='word_1_67' title='bbox 717 1019 926 1080; x_wconf 87' lang='lat' dir='ltr'><strong>sperata</strong></span> <span class='ocrx_word' id='word_1_68' title='bbox 955 1011 1053 1066; x_wconf 91' lang='lat' dir='ltr'><strong>soli</strong></span> <span class='ocrx_word' id='word_1_69' title='bbox 1101 1013 1180 1066; x_wconf 91' lang='lat' dir='ltr'><strong>sui</strong></span> <span class='ocrx_word' id='word_1_70' title='bbox 1224 1011 1430 1064; x_wconf 78' lang='lat' dir='ltr'><strong>cultura</strong></span> <span class='ocrx_word' id='word_1_71' title='bbox 1457 1053 1472 1073; x_wconf 89' lang='lat'><strong>,</strong></span> <span class='ocrx_word' id='word_1_72' title='bbox 1521 1027 1580 1066; x_wconf 92' lang='lat' dir='ltr'><strong>se</strong></span> <span class='ocrx_word' id='word_1_73' title='bbox 1624 1012 1893 1066; x_wconf 71' lang='lat' dir='ltr'><strong>ininsula:</strong></span> <span class='ocrx_word' id='word_1_74' title='bbox 1934 1012 2298 1070; x_wconf 82' lang='lat' dir='ltr'><strong>occidentales</strong></span> 
     </span>
    </p>
   </div>
   <div class='ocr_carea' id='block_1_12' title="bbox 711 1083 2299 1155">
    <p class='ocr_par' dir='ltr' id='par_1_12' title="bbox 711 1083 2299 1155">
     <span class='ocr_line' id='line_1_12' title="bbox 711 1083 2299 1155; baseline 0.003 -21"><span class='ocrx_word' id='word_1_75' title='bbox 711 1093 893 1152; x_wconf 86' lang='lat' dir='ltr'><strong>partes</strong></span> <span class='ocrx_word' id='word_1_76' title='bbox 922 1083 1119 1155; x_wconf 84' lang='lat' dir='ltr'><strong>procul</strong></span> <span class='ocrx_word' id='word_1_77' title='bbox 1145 1083 1403 1155; x_wconf 85' lang='lat' dir='ltr'><strong>amentis</strong></span> <span class='ocrx_word' id='word_1_78' title='bbox 1449 1083 1589 1137; x_wconf 90' lang='lat' dir='ltr'><strong>illius</strong></span> <span class='ocrx_word' id='word_1_79' title='bbox 1639 1083 1907 1138; x_wconf 91' lang='lat' dir='ltr'><strong>furoribus</strong></span> <span class='ocrx_word' id='word_1_80' title='bbox 1953 1099 2012 1137; x_wconf 91' lang='lat' dir='ltr'><strong>se</strong></span> <span class='ocrx_word' id='word_1_81' title='bbox 2060 1086 2299 1155; x_wconf 82' lang='lat' dir='ltr'><strong>recipere</strong></span> 
     </span>
    </p>
   </div>
   <div class='ocr_carea' id='block_1_13' title="bbox 709 1153 2298 1221">
    <p class='ocr_par' dir='ltr' id='par_1_13' title="bbox 709 1153 2298 1221">
     <span class='ocr_line' id='line_1_13' title="bbox 709 1153 2298 1221; baseline 0.003 -15"><span class='ocrx_word' id='word_1_82' title='bbox 709 1155 883 1207; x_wconf 80' lang='lat' dir='ltr'><strong>coacti</strong></span> <span class='ocrx_word' id='word_1_83' title='bbox 913 1153 1130 1216; x_wconf 87' lang='lat' dir='ltr'><strong>fuerint,</strong></span> <span class='ocrx_word' id='word_1_84' title='bbox 1163 1154 1331 1207; x_wconf 80' lang='lat' dir='ltr'><strong>donec</strong></span> <span class='ocrx_word' id='word_1_85' title='bbox 1365 1155 1544 1207; x_wconf 92' lang='lat' dir='ltr'><strong>multis</strong></span> <span class='ocrx_word' id='word_1_86' title='bbox 1575 1163 1756 1221; x_wconf 89' lang='lat' dir='ltr'><strong>postea</strong></span> <span class='ocrx_word' id='word_1_87' title='bbox 1786 1156 1996 1209; x_wconf 69' lang='lat' dir='ltr'><strong>smeulis</strong></span> <span class='ocrx_word' id='word_1_88' title='bbox 2025 1153 2298 1210; x_wconf 75' lang='lat' dir='ltr'><strong>novalia-</strong></span> 
     </span>
    </p>
   </div>
   <div class='ocr_carea' id='block_1_14' title="bbox 710 1223 2295 1294">
    <p class='ocr_par' dir='ltr' id='par_1_14' title="bbox 710 1223 2295 1294">
     <span class='ocr_line' id='line_1_14' title="bbox 710 1223 2295 1294; baseline 0.001 -16"><span class='ocrx_word' id='word_1_89' title='bbox 710 1223 798 1278; x_wconf 80' lang='lat' dir='ltr'><strong>Iia:</strong></span> <span class='ocrx_word' id='word_1_90' title='bbox 823 1237 974 1294; x_wconf 86' lang='lat' dir='ltr'><strong>gens,</strong></span> <span class='ocrx_word' id='word_1_91' title='bbox 999 1239 1187 1281; x_wconf 71' lang='lat' dir='ltr'><strong>snccu.</strong></span> <span class='ocrx_word' id='word_1_92' title='bbox 1215 1226 1603 1292; x_wconf 68' lang='lat' dir='ltr'><strong>prieteritorum</strong></span> <span class='ocrx_word' id='word_1_93' title='bbox 1635 1225 1894 1279; x_wconf 91' lang='lat' dir='ltr'><strong>malorum</strong></span> <span class='ocrx_word' id='word_1_94' title='bbox 1920 1225 2060 1279; x_wconf 89' lang='lat' dir='ltr'><strong>velut</strong></span> <span class='ocrx_word' id='word_1_95' title='bbox 2093 1227 2295 1294; x_wconf 82' lang='lat' dir='ltr'><strong>ignara,</strong></span> 
     </span>
    </p>
   </div>
   <div class='ocr_carea' id='block_1_15' title="bbox 715 1295 2298 1353">
    <p class='ocr_par' dir='ltr' id='par_1_15' title="bbox 715 1295 2298 1353">
     <span class='ocr_line' id='line_1_15' title="bbox 715 1295 2298 1353; baseline 0.003 -5"><span class='ocrx_word' id='word_1_96' title='bbox 715 1310 909 1349; x_wconf 88' lang='lat' dir='ltr'><strong>novam</strong></span> <span class='ocrx_word' id='word_1_97' title='bbox 943 1303 1092 1349; x_wconf 87' lang='lat' dir='ltr'><strong>trans</strong></span> <span class='ocrx_word' id='word_1_98' title='bbox 1125 1298 1316 1348; x_wconf 84' lang='lat' dir='ltr'><strong>fretum</strong></span> <span class='ocrx_word' id='word_1_99' title='bbox 1349 1296 1613 1349; x_wconf 91' lang='lat' dir='ltr'><strong>coloniam</strong></span> <span class='ocrx_word' id='word_1_100' title='bbox 1660 1296 1711 1350; x_wconf 92' lang='lat' dir='ltr'><strong>in</strong></span> <span class='ocrx_word' id='word_1_101' title='bbox 1759 1295 2031 1351; x_wconf 86' lang='lat' dir='ltr'><strong>desertam</strong></span> <span class='ocrx_word' id='word_1_102' title='bbox 2079 1297 2298 1353; x_wconf 66' lang='lat' dir='ltr'><strong>IEtlinzc</strong></span> 
     </span>
    </p>
   </div>
   <div class='ocr_carea' id='block_1_16' title="bbox 712 1365 2302 1436">
    <p class='ocr_par' dir='ltr' id='par_1_16' title="bbox 712 1365 2302 1436">
     <span class='ocr_line' id='line_1_16' title="bbox 712 1365 2302 1436; baseline 0.004 -20"><span class='ocrx_word' id='word_1_103' title='bbox 712 1367 963 1420; x_wconf 79' lang='lat' dir='ltr'><strong>viciniam</strong></span> <span class='ocrx_word' id='word_1_104' title='bbox 990 1365 1317 1421; x_wconf 75' lang='lat' dir='ltr'><strong>deduxisset.</strong></span> <span class='ocrx_word' id='word_1_105' title='bbox 1348 1365 1482 1420; x_wconf 84' lang='lat' dir='ltr'><strong>Vide</strong></span> <span class='ocrx_word' id='word_1_106' title='bbox 1509 1367 1630 1422; x_wconf 90' lang='lat' dir='ltr'><strong>dein</strong></span> <span class='ocrx_word' id='word_1_107' title='bbox 1653 1406 1669 1433; x_wconf 95' lang='lat'><strong>,</strong></span> <span class='ocrx_word' id='word_1_108' title='bbox 1699 1382 1817 1436; x_wconf 72' lang='lat' dir='ltr'><strong>qum</strong></span> <span class='ocrx_word' id='word_1_109' title='bbox 1842 1367 1909 1422; x_wconf 90' lang='lat' dir='ltr'><strong>de</strong></span> <span class='ocrx_word' id='word_1_110' title='bbox 1941 1369 2198 1423; x_wconf 89' lang='lat' dir='ltr'><strong>immensa</strong></span> <span class='ocrx_word' id='word_1_111' title='bbox 2226 1370 2302 1422; x_wconf 83' lang='lat' dir='ltr'><strong>ci-</strong></span> 
     </span>
    </p>
   </div>
   <div class='ocr_carea' id='block_1_17' title="bbox 712 1437 2298 1508">
    <p class='ocr_par' dir='ltr' id='par_1_17' title="bbox 712 1437 2298 1508">
     <span class='ocr_line' id='line_1_17' title="bbox 712 1437 2298 1508; baseline 0.003 -18"><span class='ocrx_word' id='word_1_112' title='bbox 712 1452 903 1492; x_wconf 80' lang='lat' dir='ltr'><strong>uerum</strong></span> <span class='ocrx_word' id='word_1_113' title='bbox 933 1439 980 1489; x_wconf 92' lang='lat' dir='ltr'><strong>vi</strong></span> <span class='ocrx_word' id='word_1_114' title='bbox 1015 1453 1077 1491; x_wconf 79' lang='lat' dir='ltr'><strong>ex</strong></span> <span class='ocrx_word' id='word_1_115' title='bbox 1108 1437 1350 1504; x_wconf 82' lang='lat' dir='ltr'><strong>ejusdem</strong></span> <span class='ocrx_word' id='word_1_116' title='bbox 1381 1439 1576 1493; x_wconf 91' lang='lat' dir='ltr'><strong>montis</strong></span> <span class='ocrx_word' id='word_1_117' title='bbox 1611 1439 1816 1492; x_wconf 74' lang='lat' dir='ltr'><strong>exustis</strong></span> <span class='ocrx_word' id='word_1_118' title='bbox 1858 1440 2149 1494; x_wconf 88' lang='lat' dir='ltr'><strong>viseerilms</strong></span> <span class='ocrx_word' id='word_1_119' title='bbox 2184 1440 2298 1508; x_wconf 89' lang='lat' dir='ltr'><strong>eje-</strong></span> 
     </span>
    </p>
   </div>
   <div class='ocr_carea' id='block_1_18' title="bbox 713 1508 2302 1577">
    <p class='ocr_par' dir='ltr' id='par_1_18' title="bbox 713 1508 2302 1577">
     <span class='ocr_line' id='line_1_18' title="bbox 713 1508 2302 1577; baseline -0.001 -14"><span class='ocrx_word' id='word_1_120' title='bbox 713 1517 823 1572; x_wconf 90' lang='lat' dir='ltr'><strong>cta,</strong></span> <span class='ocrx_word' id='word_1_121' title='bbox 852 1522 912 1560; x_wconf 89' lang='lat' dir='ltr'><strong>ac</strong></span> <span class='ocrx_word' id='word_1_122' title='bbox 943 1511 1034 1560; x_wconf 88' lang='lat' dir='ltr'><strong>toti</strong></span> <span class='ocrx_word' id='word_1_123' title='bbox 1067 1508 1170 1561; x_wconf 86' lang='lat' dir='ltr'><strong>late</strong></span> <span class='ocrx_word' id='word_1_124' title='bbox 1203 1510 1408 1562; x_wconf 72' lang='grc' dir='ltr'><strong>νὶρίιιὶω</strong></span> <span class='ocrx_word' id='word_1_125' title='bbox 1434 1508 1569 1564; x_wconf 89' lang='lat' dir='ltr'><strong>adeo</strong></span> <span class='ocrx_word' id='word_1_126' title='bbox 1619 1510 1819 1577; x_wconf 88' lang='lat' dir='ltr'><strong>spissas</strong></span> <span class='ocrx_word' id='word_1_127' title='bbox 1861 1510 2108 1563; x_wconf 81' lang='lat' dir='ltr'><strong>tenebras</strong></span> <span class='ocrx_word' id='word_1_128' title='bbox 2149 1512 2302 1564; x_wconf 89' lang='lat' dir='ltr'><strong>indu-</strong></span> 
     </span>
    </p>
   </div>
   <div class='ocr_carea' id='block_1_19' title="bbox 715 1579 2297 1651">
    <p class='ocr_par' dir='ltr' id='par_1_19' title="bbox 715 1579 2297 1651">
     <span class='ocr_line' id='line_1_19' title="bbox 715 1579 2297 1651; baseline 0.001 -19"><span class='ocrx_word' id='word_1_129' title='bbox 715 1590 890 1651; x_wconf 66' lang='lat' dir='ltr'><strong>cente,</strong></span> <span class='ocrx_word' id='word_1_130' title='bbox 921 1589 985 1651; x_wconf 69' lang='lat' dir='ltr'><strong>ut</strong></span> <span class='ocrx_word' id='word_1_131' title='bbox 1006 1595 1092 1647; x_wconf 83' lang='lat' dir='ltr'><strong>per</strong></span> <span class='ocrx_word' id='word_1_132' title='bbox 1120 1579 1327 1651; x_wconf 69' lang='lat' dir='ltr'><strong>biduum</strong></span> <span class='ocrx_word' id='word_1_133' title='bbox 1356 1597 1500 1634; x_wconf 88' lang='lat' dir='ltr'><strong>nemo</strong></span> <span class='ocrx_word' id='word_1_134' title='bbox 1532 1581 1785 1633; x_wconf 80' lang='lat' dir='ltr'><strong>hominem</strong></span> <span class='ocrx_word' id='word_1_135' title='bbox 1815 1580 1963 1633; x_wconf 83' lang='lat' dir='ltr'><strong>homo</strong></span> <span class='ocrx_word' id='word_1_136' title='bbox 1985 1592 2297 1651; x_wconf 80' lang='lat' dir='ltr'><strong>agnosceret,</strong></span> 
     </span>
    </p>
   </div>
   <div class='ocr_carea' id='block_1_20' title="bbox 711 1648 2302 1706">
    <p class='ocr_par' dir='ltr' id='par_1_20' title="bbox 711 1648 2302 1706">
     <span class='ocr_line' id='line_1_20' title="bbox 711 1648 2302 1706; baseline 0.002 -3"><span class='ocrx_word' id='word_1_137' title='bbox 711 1650 824 1703; x_wconf 81' lang='lat' dir='ltr'><strong>Cic.</strong></span> <span class='ocrx_word' id='word_1_138' title='bbox 854 1649 898 1703; x_wconf 87' lang='lat' dir='ltr'><strong><em>L</em></strong></span> <span class='ocrx_word' id='word_1_139' title='bbox 947 1649 1008 1704; x_wconf 94' lang='lat' dir='ltr'><strong>Il.</strong></span> <span class='ocrx_word' id='word_1_140' title='bbox 1042 1650 1104 1703; x_wconf 82' lang='lat' dir='ltr'><strong>de</strong></span> <span class='ocrx_word' id='word_1_141' title='bbox 1130 1648 1254 1702; x_wconf 86' lang='lat' dir='ltr'><strong>Nat.</strong></span> <span class='ocrx_word' id='word_1_142' title='bbox 1280 1649 1433 1704; x_wconf 87' lang='lat' dir='ltr'><strong>Deor.</strong></span> <span class='ocrx_word' id='word_1_143' title='bbox 1456 1661 1860 1706; x_wconf 83' lang='lat' dir='ltr'><strong>Commemorat.</strong></span> <span class='ocrx_word' id='word_1_144' title='bbox 1894 1650 1996 1705; x_wconf 89' lang='lat' dir='ltr'><strong>Sed</strong></span> <span class='ocrx_word' id='word_1_145' title='bbox 2019 1648 2074 1705; x_wconf 71' lang='grc' dir='ltr'>ὀι</span> <span class='ocrx_word' id='word_1_146' title='bbox 2111 1653 2166 1706; x_wconf 88' lang='lat' dir='ltr'><strong>S.</strong></span> <span class='ocrx_word' id='word_1_147' title='bbox 2195 1657 2302 1706; x_wconf 72' lang='lat' dir='ltr'><strong>Au—</strong></span> 
     </span>
    </p>
   </div>
   <div class='ocr_carea' id='block_1_21' title="bbox 709 1720 2297 1791">
    <p class='ocr_par' dir='ltr' id='par_1_21' title="bbox 709 1720 2297 1791">
     <span class='ocr_line' id='line_1_21' title="bbox 709 1720 2297 1791; baseline 0.004 -20"><span class='ocrx_word' id='word_1_148' title='bbox 709 1731 850 1791; x_wconf 81' lang='lat' dir='ltr'><strong>gust.</strong></span> <span class='ocrx_word' id='word_1_149' title='bbox 882 1721 945 1775; x_wconf 86' lang='lat' dir='ltr'><strong>L.</strong></span> <span class='ocrx_word' id='word_1_150' title='bbox 975 1720 1065 1791; x_wconf 23' lang='lat' dir='ltr'><strong>Illi.</strong></span> <span class='ocrx_word' id='word_1_151' title='bbox 1100 1722 1162 1773; x_wconf 80' lang='lat' dir='ltr'><strong>tle</strong></span> <span class='ocrx_word' id='word_1_152' title='bbox 1193 1723 1248 1773; x_wconf 74' lang='grc' dir='ltr'><strong>(ἰ.</strong></span> <span class='ocrx_word' id='word_1_153' title='bbox 1290 1721 1352 1776; x_wconf 85' lang='grc' dir='ltr'><strong>υ.</strong></span> <span class='ocrx_word' id='word_1_154' title='bbox 1395 1738 1440 1774; x_wconf 88' lang='lat' dir='ltr'><strong>c.</strong></span> <span class='ocrx_word' id='word_1_155' title='bbox 1490 1723 1584 1775; x_wconf 90' lang='lat' dir='ltr'><strong>ult.</strong></span> <span class='ocrx_word' id='word_1_156' title='bbox 1633 1723 1700 1775; x_wconf 91' lang='lat' dir='ltr'><strong>ita</strong></span> <span class='ocrx_word' id='word_1_157' title='bbox 1747 1731 1970 1776; x_wconf 90' lang='lat' dir='ltr'><strong>testatur</strong></span> <span class='ocrx_word' id='word_1_158' title='bbox 2000 1741 2011 1775; x_wconf 92' lang='lat'><strong>:</strong></span> <span class='ocrx_word' id='word_1_159' title='bbox 2039 1725 2297 1791; x_wconf 78' lang='lat' dir='ltr'><strong>Legimus,</strong></span> 
     </span>
    </p>
   </div>
   <div class='ocr_carea' id='block_1_22' title="bbox 713 1790 2303 1866">
    <p class='ocr_par' dir='ltr' id='par_1_22' title="bbox 713 1790 2303 1866">
     <span class='ocr_line' id='line_1_22' title="bbox 713 1790 2303 1866; baseline 0.003 -22"><span class='ocrx_word' id='word_1_160' title='bbox 713 1790 854 1866; x_wconf 76' lang='lat' dir='ltr'><strong>apud</strong></span> <span class='ocrx_word' id='word_1_161' title='bbox 883 1808 965 1846; x_wconf 89' lang='lat' dir='ltr'><strong>eos</strong></span> <span class='ocrx_word' id='word_1_162' title='bbox 995 1790 1252 1846; x_wconf 63' lang='lat' dir='ltr'><strong>fEt/inaris</strong></span> <span class='ocrx_word' id='word_1_163' title='bbox 1270 1793 1488 1866; x_wconf 80' lang='lat' dir='ltr'><strong>ignibus,</strong></span> <span class='ocrx_word' id='word_1_164' title='bbox 1516 1793 1577 1866; x_wconf 83' lang='lat' dir='ltr'><strong>ab</strong></span> <span class='ocrx_word' id='word_1_165' title='bbox 1598 1799 1708 1863; x_wconf 85' lang='lat' dir='ltr'><strong>ipso</strong></span> <span class='ocrx_word' id='word_1_166' title='bbox 1737 1795 1919 1846; x_wconf 88' lang='lat' dir='ltr'><strong>montis</strong></span> <span class='ocrx_word' id='word_1_167' title='bbox 1945 1790 2123 1866; x_wconf 70' lang='lat' dir='ltr'><strong>uertice</strong></span> <span class='ocrx_word' id='word_1_168' title='bbox 2147 1811 2303 1866; x_wconf 82' lang='lat' dir='ltr'><strong>usque</strong></span> 
     </span>
    </p>
   </div>
   <div class='ocr_carea' id='block_1_23' title="bbox 714 1864 2302 1934">
    <p class='ocr_par' dir='ltr' id='par_1_23' title="bbox 714 1864 2302 1934">
     <span class='ocr_line' id='line_1_23' title="bbox 714 1864 2302 1934; baseline 0.002 -18"><span class='ocrx_word' id='word_1_169' title='bbox 714 1864 782 1916; x_wconf 85' lang='lat' dir='ltr'><strong>ad</strong></span> <span class='ocrx_word' id='word_1_170' title='bbox 803 1864 943 1916; x_wconf 91' lang='lat' dir='ltr'><strong>littus</strong></span> <span class='ocrx_word' id='word_1_171' title='bbox 966 1866 1250 1931; x_wconf 75' lang='lat' dir='ltr'><strong>proximum</strong></span> <span class='ocrx_word' id='word_1_172' title='bbox 1274 1864 1671 1929; x_wconf 71' lang='lat' dir='ltr'><strong>decurrentibus,</strong></span> <span class='ocrx_word' id='word_1_173' title='bbox 1697 1865 1768 1918; x_wconf 87' lang='lat' dir='ltr'><strong>ita</strong></span> <span class='ocrx_word' id='word_1_174' title='bbox 1799 1865 2041 1934; x_wconf 78' lang='lat' dir='ltr'><strong>ferbuisse</strong></span> <span class='ocrx_word' id='word_1_175' title='bbox 2065 1864 2225 1929; x_wconf 82' lang='lat' dir='ltr'><strong>mare,</strong></span> <span class='ocrx_word' id='word_1_176' title='bbox 2251 1881 2302 1919; x_wconf 88' lang='lat' dir='ltr'><strong>ut</strong></span> 
     </span>
    </p>
   </div>
   <div class='ocr_carea' id='block_1_24' title="bbox 713 1935 2306 2004">
    <p class='ocr_par' dir='ltr' id='par_1_24' title="bbox 713 1935 2306 2004">
     <span class='ocr_line' id='line_1_24' title="bbox 713 1935 2306 2004; baseline 0.001 -16"><span class='ocrx_word' id='word_1_177' title='bbox 713 1951 867 2003; x_wconf 83' lang='lat' dir='ltr'><strong>rupes</strong></span> <span class='ocrx_word' id='word_1_178' title='bbox 897 1947 1239 1999; x_wconf 74' lang='lat' dir='ltr'><strong>exurerentur,</strong></span> <span class='ocrx_word' id='word_1_179' title='bbox 1259 1947 1303 1988; x_wconf 90' lang='lat' dir='ltr'><strong>et</strong></span> <span class='ocrx_word' id='word_1_180' title='bbox 1335 1938 1466 2004; x_wconf 84' lang='lat' dir='ltr'><strong>pices</strong></span> <span class='ocrx_word' id='word_1_181' title='bbox 1498 1938 1698 1988; x_wconf 74' lang='lat' dir='ltr'><strong>uarium</strong></span> <span class='ocrx_word' id='word_1_182' title='bbox 1725 1935 2052 1998; x_wconf 80' lang='lat' dir='ltr'><strong>solverentur,</strong></span> <span class='ocrx_word' id='word_1_183' title='bbox 2071 1947 2173 1992; x_wconf 90' lang='lat' dir='ltr'><strong>etc.</strong></span> <span class='ocrx_word' id='word_1_184' title='bbox 2213 1936 2306 1990; x_wconf 76' lang='lat' dir='ltr'><strong>Eo-</strong></span> 
     </span>
    </p>
   </div>
   <div class='ocr_carea' id='block_1_25' title="bbox 713 2005 2307 2076">
    <p class='ocr_par' dir='ltr' id='par_1_25' title="bbox 713 2005 2307 2076">
     <span class='ocr_line' id='line_1_25' title="bbox 713 2005 2307 2076; baseline 0.003 -18"><span class='ocrx_word' id='word_1_185' title='bbox 713 2005 830 2058; x_wconf 87' lang='lat' dir='ltr'><strong>dem</strong></span> <span class='ocrx_word' id='word_1_186' title='bbox 856 2022 1031 2060; x_wconf 84' lang='lat' dir='ltr'><strong>rursus</strong></span> <span class='ocrx_word' id='word_1_187' title='bbox 1057 2015 1181 2059; x_wconf 65' lang='lat' dir='ltr'><strong>atstu</strong></span> <span class='ocrx_word' id='word_1_188' title='bbox 1209 2009 1404 2076; x_wconf 83' lang='lat' dir='ltr'><strong>ignium</strong></span> <span class='ocrx_word' id='word_1_189' title='bbox 1434 2019 1572 2060; x_wconf 87' lang='lat' dir='ltr'><strong>tanta</strong></span> <span class='ocrx_word' id='word_1_190' title='bbox 1599 2008 1644 2059; x_wconf 85' lang='lat' dir='ltr'><strong>ri</strong></span> <span class='ocrx_word' id='word_1_191' title='bbox 1688 2007 1877 2074; x_wconf 76' lang='lat' dir='ltr'><strong>favilla:</strong></span> <span class='ocrx_word' id='word_1_192' title='bbox 1914 2008 2170 2075; x_wconf 88' lang='lat' dir='ltr'><strong>oppletant</strong></span> <span class='ocrx_word' id='word_1_193' title='bbox 2202 2027 2307 2062; x_wconf 87' lang='lat' dir='ltr'><strong>esse</strong></span> 
     </span>
    </p>
   </div>
   <div class='ocr_carea' id='block_1_26' title="bbox 717 2077 2306 2147">
    <p class='ocr_par' dir='ltr' id='par_1_26' title="bbox 717 2077 2306 2147">
     <span class='ocr_line' id='line_1_26' title="bbox 717 2077 2306 2147; baseline 0.001 -17"><span class='ocrx_word' id='word_1_194' title='bbox 717 2077 955 2130; x_wconf 77' lang='lat' dir='ltr'><strong>Sicilians</strong></span> <span class='ocrx_word' id='word_1_195' title='bbox 979 2117 992 2138; x_wconf 90' lang='lat'><strong>,</strong></span> <span class='ocrx_word' id='word_1_196' title='bbox 1037 2089 1090 2130; x_wconf 87' lang='lat' dir='ltr'><strong>ut</strong></span> <span class='ocrx_word' id='word_1_197' title='bbox 1122 2079 1403 2130; x_wconf 75' lang='lat' dir='ltr'><strong>Catinensis</strong></span> <span class='ocrx_word' id='word_1_198' title='bbox 1431 2080 1566 2131; x_wconf 82' lang='lat' dir='ltr'><strong>urbis</strong></span> <span class='ocrx_word' id='word_1_199' title='bbox 1595 2088 1726 2130; x_wconf 86' lang='lat' dir='ltr'><strong>tecta</strong></span> <span class='ocrx_word' id='word_1_200' title='bbox 1752 2078 1932 2130; x_wconf 88' lang='lat' dir='ltr'><strong>obruta</strong></span> <span class='ocrx_word' id='word_1_201' title='bbox 1972 2088 2016 2131; x_wconf 89' lang='lat' dir='ltr'><strong>et</strong></span> <span class='ocrx_word' id='word_1_202' title='bbox 2062 2094 2306 2147; x_wconf 77' lang='lat' dir='ltr'><strong>Oppressa</strong></span> 
     </span>
    </p>
   </div>
   <div class='ocr_carea' id='block_1_27' title="bbox 714 2147 2305 2219">
    <p class='ocr_par' dir='ltr' id='par_1_27' title="bbox 714 2147 2305 2219">
     <span class='ocr_line' id='line_1_27' title="bbox 714 2147 2305 2219; baseline 0.002 -19"><span class='ocrx_word' id='word_1_203' title='bbox 714 2148 948 2219; x_wconf 72' lang='lat' dir='ltr'><strong>tliruerit.</strong></span> <span class='ocrx_word' id='word_1_204' title='bbox 978 2147 1090 2214; x_wconf 86' lang='lat' dir='ltr'><strong>Qua</strong></span> <span class='ocrx_word' id='word_1_205' title='bbox 1115 2149 1405 2202; x_wconf 70' lang='lat' dir='ltr'><strong>i-alrnnitate</strong></span> <span class='ocrx_word' id='word_1_206' title='bbox 1431 2151 1641 2218; x_wconf 83' lang='lat' dir='ltr'><strong>permoti</strong></span> <span class='ocrx_word' id='word_1_207' title='bbox 1661 2149 2052 2201; x_wconf 78' lang='lat' dir='ltr'><strong>misericorditer</strong></span> <span class='ocrx_word' id='word_1_208' title='bbox 2081 2151 2305 2219; x_wconf 81' lang='lat' dir='ltr'><strong>ejusdem</strong></span> 
     </span>
    </p>
   </div>
   <div class='ocr_carea' id='block_1_28' title="bbox 714 2217 2304 2284">
    <p class='ocr_par' dir='ltr' id='par_1_28' title="bbox 714 2217 2304 2284">
     <span class='ocr_line' id='line_1_28' title="bbox 714 2217 2304 2284; baseline 0.002 -13"><span class='ocrx_word' id='word_1_209' title='bbox 714 2220 838 2272; x_wconf 87' lang='lat' dir='ltr'><strong>anni</strong></span> <span class='ocrx_word' id='word_1_210' title='bbox 867 2217 1107 2272; x_wconf 87' lang='lat' dir='ltr'><strong>tributum</strong></span> <span class='ocrx_word' id='word_1_211' title='bbox 1134 2220 1174 2271; x_wconf 82' lang='lat' dir='ltr'><strong>ei</strong></span> <span class='ocrx_word' id='word_1_212' title='bbox 1208 2217 1555 2273; x_wconf 71' lang='lat' dir='ltr'><strong>relaxaverant</strong></span> <span class='ocrx_word' id='word_1_213' title='bbox 1589 2219 1824 2272; x_wconf 81' lang='lat' dir='ltr'><strong>Roniani.</strong></span> <span class='ocrx_word' id='word_1_214' title='bbox 1843 2221 1941 2284; x_wconf 78' lang='lat' dir='ltr'><strong>Qui</strong></span> <span class='ocrx_word' id='word_1_215' title='bbox 1972 2217 2146 2273; x_wconf 83' lang='lat' dir='ltr'><strong>autem</strong></span> <span class='ocrx_word' id='word_1_216' title='bbox 2169 2231 2304 2274; x_wconf 86' lang='lat' dir='ltr'><strong>teni-</strong></span> 
     </span>
    </p>
   </div>
   <div class='ocr_carea' id='block_1_29' title="bbox 715 2288 2309 2360">
    <p class='ocr_par' dir='ltr' id='par_1_29' title="bbox 715 2288 2309 2360">
     <span class='ocr_line' id='line_1_29' title="bbox 715 2288 2309 2360; baseline 0.002 -18"><span class='ocrx_word' id='word_1_217' title='bbox 715 2290 940 2360; x_wconf 80' lang='lat' dir='ltr'><strong>poribns</strong></span> <span class='ocrx_word' id='word_1_218' title='bbox 972 2293 1244 2360; x_wconf 66' lang='lat' dir='ltr'><strong>utriusque</strong></span> <span class='ocrx_word' id='word_1_219' title='bbox 1286 2290 1465 2354; x_wconf 79' lang='lat' dir='ltr'><strong>Plinii,</strong></span> <span class='ocrx_word' id='word_1_220' title='bbox 1495 2291 1546 2344; x_wconf 95' lang='lat' dir='ltr'><strong>id</strong></span> <span class='ocrx_word' id='word_1_221' title='bbox 1578 2300 1678 2352; x_wconf 86' lang='lat' dir='ltr'><strong>est,</strong></span> <span class='ocrx_word' id='word_1_222' title='bbox 1714 2288 1847 2343; x_wconf 64' lang='grc' dir='ltr'><strong>δαῖε.</strong></span> <span class='ocrx_word' id='word_1_223' title='bbox 1884 2289 1921 2351; x_wconf 87' lang='grc'><strong>1,</strong></span> <span class='ocrx_word' id='word_1_224' title='bbox 1948 2307 2036 2344; x_wconf 91' lang='lat' dir='ltr'><strong>au.</strong></span> <span class='ocrx_word' id='word_1_225' title='bbox 2063 2292 2152 2354; x_wconf 83' lang='lat'><strong>76,</strong></span> <span class='ocrx_word' id='word_1_226' title='bbox 2183 2291 2309 2345; x_wconf 86' lang='lat' dir='ltr'><strong>lior-</strong></span> 
     </span>
    </p>
   </div>
   <div class='ocr_carea' id='block_1_30' title="bbox 717 2359 2307 2429">
    <p class='ocr_par' dir='ltr' id='par_1_30' title="bbox 717 2359 2307 2429">
     <span class='ocr_line' id='line_1_30' title="bbox 717 2359 2307 2429; baseline 0.002 -15"><span class='ocrx_word' id='word_1_227' title='bbox 717 2359 904 2415; x_wconf 75' lang='lat' dir='ltr'><strong>ribiles</strong></span> <span class='ocrx_word' id='word_1_228' title='bbox 950 2359 1184 2415; x_wconf 65' lang='lat' dir='ltr'><strong>Ethnici</strong></span> <span class='ocrx_word' id='word_1_229' title='bbox 1235 2363 1431 2415; x_wconf 88' lang='lat' dir='ltr'><strong>montis</strong></span> <span class='ocrx_word' id='word_1_230' title='bbox 1472 2361 1679 2415; x_wconf 86' lang='lat' dir='ltr'><strong>furores</strong></span> <span class='ocrx_word' id='word_1_231' title='bbox 1723 2360 1951 2427; x_wconf 88' lang='lat' dir='ltr'><strong>fuerint,</strong></span> <span class='ocrx_word' id='word_1_232' title='bbox 1983 2378 2044 2415; x_wconf 76' lang='lat' dir='ltr'><strong>ex</strong></span> <span class='ocrx_word' id='word_1_233' title='bbox 2093 2361 2307 2429; x_wconf 73' lang='lat' dir='ltr'><strong>Nepotis</strong></span> 
     </span>
    </p>
   </div>
   <div class='ocr_carea' id='block_1_31' title="bbox 729 2430 2309 2503">
    <p class='ocr_par' dir='ltr' id='par_1_31' title="bbox 729 2430 2309 2503">
     <span class='ocr_line' id='line_1_31' title="bbox 729 2430 2309 2503; baseline 0.001 -19"><span class='ocrx_word' id='word_1_234' title='bbox 729 2430 934 2485; x_wconf 87' lang='lat' dir='ltr'><strong>duabus</strong></span> <span class='ocrx_word' id='word_1_235' title='bbox 959 2432 1198 2501; x_wconf 88' lang='lat' dir='ltr'><strong>epistolis</strong></span> <span class='ocrx_word' id='word_1_236' title='bbox 1220 2435 1283 2487; x_wconf 90' lang='lat' dir='ltr'><strong>ad</strong></span> <span class='ocrx_word' id='word_1_237' title='bbox 1308 2432 1537 2486; x_wconf 89' lang='lat' dir='ltr'><strong>Tacitum</strong></span> <span class='ocrx_word' id='word_1_238' title='bbox 1566 2433 1584 2503; x_wconf 95' lang='lat'>(</span> <span class='ocrx_word' id='word_1_239' title='bbox 1599 2448 1714 2502; x_wconf 74' lang='lat' dir='ltr'><strong>qum</strong></span> <span class='ocrx_word' id='word_1_240' title='bbox 1737 2431 1802 2485; x_wconf 61' lang='lat' dir='ltr'><strong>la.</strong></span> <span class='ocrx_word' id='word_1_241' title='bbox 1825 2431 1912 2497; x_wconf 88' lang='lat' dir='ltr'><strong>VI,</strong></span> <span class='ocrx_word' id='word_1_242' title='bbox 1947 2433 2230 2486; x_wconf 76' lang='lat' dir='ltr'><strong>sextlecima</strong></span> <span class='ocrx_word' id='word_1_243' title='bbox 2256 2444 2309 2488; x_wconf 88' lang='lat' dir='ltr'><strong>et</strong></span> 
     </span>
    </p>
   </div>
   <div class='ocr_carea' id='block_1_32' title="bbox 715 2503 2305 2574">
    <p class='ocr_par' dir='ltr' id='par_1_32' title="bbox 715 2503 2305 2574">
     <span class='ocr_line' id='line_1_32' title="bbox 715 2503 2305 2574; baseline 0.002 -18"><span class='ocrx_word' id='word_1_244' title='bbox 715 2503 957 2573; x_wconf 77' lang='lat' dir='ltr'><strong>vigesima</strong></span> <span class='ocrx_word' id='word_1_245' title='bbox 991 2503 1138 2571; x_wconf 89' lang='lat' dir='ltr'><strong>sunt)</strong></span> <span class='ocrx_word' id='word_1_246' title='bbox 1162 2505 1435 2574; x_wconf 79' lang='lat' dir='ltr'><strong>discimus,</strong></span> <span class='ocrx_word' id='word_1_247' title='bbox 1453 2503 1633 2574; x_wconf 80' lang='lat' dir='ltr'><strong>utique</strong></span> <span class='ocrx_word' id='word_1_248' title='bbox 1666 2520 1768 2558; x_wconf 92' lang='lat' dir='ltr'><strong>non</strong></span> <span class='ocrx_word' id='word_1_249' title='bbox 1789 2505 1904 2558; x_wconf 92' lang='lat' dir='ltr'><strong>sine</strong></span> <span class='ocrx_word' id='word_1_250' title='bbox 1930 2503 2126 2572; x_wconf 80' lang='lat' dir='ltr'><strong>ingenti</strong></span> <span class='ocrx_word' id='word_1_251' title='bbox 2152 2521 2305 2558; x_wconf 90' lang='lat' dir='ltr'><strong>men-</strong></span> 
     </span>
    </p>
   </div>
   <div class='ocr_carea' id='block_1_33' title="bbox 717 2573 2304 2644">
    <p class='ocr_par' dir='ltr' id='par_1_33' title="bbox 717 2573 2304 2644">
     <span class='ocr_line' id='line_1_33' title="bbox 717 2573 2304 2644; baseline 0.003 -17"><span class='ocrx_word' id='word_1_252' title='bbox 717 2576 792 2628; x_wconf 89' lang='lat' dir='ltr'><strong>tis</strong></span> <span class='ocrx_word' id='word_1_253' title='bbox 814 2575 1176 2628; x_wconf 83' lang='lat' dir='ltr'><strong>comtnntione</strong></span> <span class='ocrx_word' id='word_1_254' title='bbox 1206 2573 1443 2642; x_wconf 84' lang='lat' dir='ltr'><strong>legendis</strong></span> <span class='ocrx_word' id='word_1_255' title='bbox 1465 2616 1479 2640; x_wconf 94' lang='lat'><strong>,</strong></span> <span class='ocrx_word' id='word_1_256' title='bbox 1514 2573 1613 2628; x_wconf 86' lang='lat' dir='ltr'><strong>nisi</strong></span> <span class='ocrx_word' id='word_1_257' title='bbox 1652 2575 1940 2644; x_wconf 77' lang='lat' dir='ltr'><strong>spectaculi</strong></span> <span class='ocrx_word' id='word_1_258' title='bbox 1971 2575 2119 2630; x_wconf 90' lang='lat' dir='ltr'><strong>illius</strong></span> <span class='ocrx_word' id='word_1_259' title='bbox 2159 2585 2304 2632; x_wconf 88' lang='lat' dir='ltr'><strong>atro-</strong></span> 
     </span>
    </p>
   </div>
   <div class='ocr_carea' id='block_1_34' title="bbox 715 2645 1896 2716">
    <p class='ocr_par' dir='ltr' id='par_1_34' title="bbox 715 2645 1896 2716">
     <span class='ocr_line' id='line_1_34' title="bbox 715 2645 1896 2716; baseline -0.002 -16"><span class='ocrx_word' id='word_1_260' title='bbox 715 2645 934 2716; x_wconf 79' lang='lat' dir='ltr'><strong>citatem</strong></span> <span class='ocrx_word' id='word_1_261' title='bbox 963 2647 1082 2713; x_wconf 86' lang='lat' dir='ltr'><strong>styli</strong></span> <span class='ocrx_word' id='word_1_262' title='bbox 1111 2647 1365 2715; x_wconf 74' lang='lat' dir='ltr'><strong>elegantis</strong></span> <span class='ocrx_word' id='word_1_263' title='bbox 1393 2647 1582 2701; x_wconf 88' lang='lat' dir='ltr'><strong>lenitas</strong></span> <span class='ocrx_word' id='word_1_264' title='bbox 1610 2648 1896 2716; x_wconf 80' lang='lat' dir='ltr'><strong>mitigaret.</strong></span> 
     </span>
    </p>
   </div>
   <div class='ocr_carea' id='block_1_35' title="bbox 794 2715 2308 2786">
    <p class='ocr_par' dir='ltr' id='par_1_35' title="bbox 794 2715 2308 2786">
     <span class='ocr_line' id='line_1_35' title="bbox 794 2715 2308 2786; baseline 0.003 -17"><span class='ocrx_word' id='word_1_265' title='bbox 794 2715 909 2770; x_wconf 86' lang='lat' dir='ltr'><strong>Non</strong></span> <span class='ocrx_word' id='word_1_266' title='bbox 959 2725 1138 2770; x_wconf 88' lang='lat' dir='ltr'><strong>autem</strong></span> <span class='ocrx_word' id='word_1_267' title='bbox 1188 2731 1427 2772; x_wconf 89' lang='lat' dir='ltr'><strong>memoro</strong></span> <span class='ocrx_word' id='word_1_268' title='bbox 1473 2717 1558 2770; x_wconf 86' lang='lat' dir='ltr'><strong>hic</strong></span> <span class='ocrx_word' id='word_1_269' title='bbox 1605 2715 1746 2770; x_wconf 87' lang='lat' dir='ltr'><strong>illud</strong></span> <span class='ocrx_word' id='word_1_270' title='bbox 1781 2716 2120 2782; x_wconf 89' lang='lat' dir='ltr'><strong>iucemlium,</strong></span> <span class='ocrx_word' id='word_1_271' title='bbox 2167 2717 2308 2786; x_wconf 91' lang='lat' dir='ltr'><strong>quod</strong></span> 
     </span>
    </p>
   </div>
   <div class='ocr_carea' id='block_1_36' title="bbox 722 2787 2308 2856">
    <p class='ocr_par' dir='ltr' id='par_1_36' title="bbox 722 2787 2308 2856">
     <span class='ocr_line' id='line_1_36' title="bbox 722 2787 2308 2856; baseline 0.001 -15"><span class='ocrx_word' id='word_1_272' title='bbox 722 2803 810 2841; x_wconf 88' lang='lat' dir='ltr'><strong>an.</strong></span> <span class='ocrx_word' id='word_1_273' title='bbox 844 2787 968 2851; x_wconf 73' lang='grc'><strong>812,</strong></span> <span class='ocrx_word' id='word_1_274' title='bbox 998 2802 1246 2842; x_wconf 61' lang='lat' dir='ltr'><strong>cuneum</strong></span> <span class='ocrx_word' id='word_1_275' title='bbox 1276 2788 1346 2842; x_wconf 81' lang='grc' dir='ltr'><strong>Μ.</strong></span> <span class='ocrx_word' id='word_1_276' title='bbox 1380 2788 1725 2856; x_wconf 77' lang='lat' dir='ltr'><strong>imperterriti</strong></span> <span class='ocrx_word' id='word_1_277' title='bbox 1757 2789 1987 2854; x_wconf 82' lang='lat' dir='ltr'><strong>pectoris</strong></span> <span class='ocrx_word' id='word_1_278' title='bbox 2015 2803 2308 2844; x_wconf 68' lang='lat' dir='ltr'><strong>intestino—</strong></span> 
     </span>
    </p>
   </div>
   <div class='ocr_carea' id='block_1_37' title="bbox 721 2859 2310 2927">
    <p class='ocr_par' dir='ltr' id='par_1_37' title="bbox 721 2859 2310 2927">
     <span class='ocr_line' id='line_1_37' title="bbox 721 2859 2310 2927; baseline 0.003 -15"><span class='ocrx_word' id='word_1_279' title='bbox 721 2874 856 2925; x_wconf 73' lang='lat' dir='ltr'><strong>nau,</strong></span> <span class='ocrx_word' id='word_1_280' title='bbox 887 2875 918 2914; x_wconf 92' lang='lat' dir='ltr'><strong>e</strong></span> <span class='ocrx_word' id='word_1_281' title='bbox 947 2859 1127 2911; x_wconf 77' lang='lat' dir='ltr'><strong>Sicilia</strong></span> <span class='ocrx_word' id='word_1_282' title='bbox 1173 2862 1224 2912; x_wconf 94' lang='lat' dir='ltr'><strong>in</strong></span> <span class='ocrx_word' id='word_1_283' title='bbox 1272 2859 1480 2911; x_wconf 83' lang='lat' dir='ltr'><strong>Italiam</strong></span> <span class='ocrx_word' id='word_1_284' title='bbox 1529 2859 1793 2927; x_wconf 69' lang='lat' dir='ltr'><strong>proiiulit;</strong></span> <span class='ocrx_word' id='word_1_285' title='bbox 1843 2859 2068 2912; x_wconf 90' lang='lat' dir='ltr'><strong>alterum</strong></span> <span class='ocrx_word' id='word_1_286' title='bbox 2117 2860 2310 2916; x_wconf 91' lang='lat' dir='ltr'><strong>deinde</strong></span> 
     </span>
    </p>
   </div>
   <div class='ocr_carea' id='block_1_38' title="bbox 721 2930 2308 3000">
    <p class='ocr_par' dir='ltr' id='par_1_38' title="bbox 721 2930 2308 3000">
     <span class='ocr_line' id='line_1_38' title="bbox 721 2930 2308 3000; baseline 0.002 -18"><span class='ocrx_word' id='word_1_287' title='bbox 721 2931 864 3000; x_wconf 85' lang='lat' dir='ltr'><strong>quod</strong></span> <span class='ocrx_word' id='word_1_288' title='bbox 892 2947 977 2983; x_wconf 86' lang='lat' dir='ltr'><strong>an.</strong></span> <span class='ocrx_word' id='word_1_289' title='bbox 1017 2930 1176 2991; x_wconf 70' lang='lat'><strong>1357,</strong></span> <span class='ocrx_word' id='word_1_290' title='bbox 1209 2940 1314 2983; x_wconf 91' lang='lat' dir='ltr'><strong>tam</strong></span> <span class='ocrx_word' id='word_1_291' title='bbox 1343 2931 1626 2984; x_wconf 75' lang='lat' dir='ltr'><strong>iu&#39;imanem</strong></span> <span class='ocrx_word' id='word_1_292' title='bbox 1664 2931 1962 2984; x_wconf 78' lang='lat' dir='ltr'><strong>favillarum</strong></span> <span class='ocrx_word' id='word_1_293' title='bbox 1991 2940 2045 2985; x_wconf 88' lang='lat' dir='ltr'><strong>et</strong></span> <span class='ocrx_word' id='word_1_294' title='bbox 2067 2931 2308 2986; x_wconf 88' lang='lat' dir='ltr'><strong>cinermn</strong></span> 
     </span>
    </p>
   </div>
   <div class='ocr_carea' id='block_1_39' title="bbox 725 3001 2310 3070">
    <p class='ocr_par' dir='ltr' id='par_1_39' title="bbox 725 3001 2310 3070">
     <span class='ocr_line' id='line_1_39' title="bbox 725 3001 2310 3070; baseline 0.001 -16"><span class='ocrx_word' id='word_1_295' title='bbox 725 3003 935 3069; x_wconf 87' lang='lat' dir='ltr'><strong>copiam</strong></span> <span class='ocrx_word' id='word_1_296' title='bbox 960 3003 1220 3063; x_wconf 88' lang='lat' dir='ltr'><strong>evomuit,</strong></span> <span class='ocrx_word' id='word_1_297' title='bbox 1250 3011 1305 3055; x_wconf 93' lang='lat' dir='ltr'><strong>nt</strong></span> <span class='ocrx_word' id='word_1_298' title='bbox 1329 3001 1488 3056; x_wconf 88' lang='lat' dir='ltr'><strong>etiam</strong></span> <span class='ocrx_word' id='word_1_299' title='bbox 1521 3011 1665 3055; x_wconf 91' lang='lat' dir='ltr'><strong>trans</strong></span> <span class='ocrx_word' id='word_1_300' title='bbox 1689 3017 1837 3054; x_wconf 87' lang='lat' dir='ltr'><strong>mare</strong></span> <span class='ocrx_word' id='word_1_301' title='bbox 1862 3002 1911 3053; x_wconf 92' lang='lat' dir='ltr'><strong>iu</strong></span> <span class='ocrx_word' id='word_1_302' title='bbox 1949 3001 2151 3056; x_wconf 87' lang='lat' dir='ltr'><strong>Italiam</strong></span> <span class='ocrx_word' id='word_1_303' title='bbox 2189 3018 2310 3070; x_wconf 61' lang='lat' dir='ltr'><strong>per.</strong></span> 
     </span>
    </p>
   </div>
   <div class='ocr_carea' id='block_1_40' title="bbox 721 3071 2306 3144">
    <p class='ocr_par' dir='ltr' id='par_1_40' title="bbox 721 3071 2306 3144">
     <span class='ocr_line' id='line_1_40' title="bbox 721 3071 2306 3144; baseline 0.004 -24"><span class='ocrx_word' id='word_1_304' title='bbox 721 3074 996 3137; x_wconf 75' lang='lat' dir='ltr'><strong>vascrint,</strong></span> <span class='ocrx_word' id='word_1_305' title='bbox 1025 3081 1108 3133; x_wconf 87' lang='lat' dir='ltr'><strong>et.</strong></span> <span class='ocrx_word' id='word_1_306' title='bbox 1142 3075 1185 3126; x_wconf 86' lang='lat' dir='ltr'><strong>si</strong></span> <span class='ocrx_word' id='word_1_307' title='bbox 1218 3072 1466 3144; x_wconf 87' lang='lat' dir='ltr'><strong>Varentio</strong></span> <span class='ocrx_word' id='word_1_308' title='bbox 1508 3071 1564 3125; x_wconf 58' lang='grc' dir='ltr'>ιι.</span> <span class='ocrx_word' id='word_1_309' title='bbox 1595 3071 1636 3125; x_wconf 93' lang='lat' dir='ltr'><strong>I.</strong></span> <span class='ocrx_word' id='word_1_310' title='bbox 1667 3071 1850 3144; x_wconf 78' lang='lat' dir='ltr'><strong>Geogr.</strong></span> <span class='ocrx_word' id='word_1_311' title='bbox 1882 3089 1927 3124; x_wconf 78' lang='grc' dir='ltr'><strong>ε.</strong></span> <span class='ocrx_word' id='word_1_312' title='bbox 1961 3074 2046 3136; x_wconf 78' lang='grc'><strong>10,</strong></span> <span class='ocrx_word' id='word_1_313' title='bbox 2079 3089 2224 3144; x_wconf 88' lang='lat' dir='ltr'><strong>prap.</strong></span> <span class='ocrx_word' id='word_1_314' title='bbox 2256 3075 2306 3138; x_wconf 85' lang='lat'><strong>5,</strong></span> 
     </span>
    </p>
   </div>
   <div class='ocr_carea' id='block_1_41' title="bbox 725 3143 2310 3208">
    <p class='ocr_par' dir='ltr' id='par_1_41' title="bbox 725 3143 2310 3208">
     <span class='ocr_line' id='line_1_41' title="bbox 725 3143 2310 3208; baseline 0 -10"><span class='ocrx_word' id='word_1_315' title='bbox 725 3144 1029 3202; x_wconf 84' lang='lat' dir='ltr'><strong>credimus,</strong></span> <span class='ocrx_word' id='word_1_316' title='bbox 1067 3161 1085 3194; x_wconf 78' lang='grc' dir='ltr'><strong>ι</strong></span> <span class='ocrx_word' id='word_1_317' title='bbox 1119 3158 1279 3196; x_wconf 81' lang='lat' dir='ltr'><strong>naves</strong></span> <span class='ocrx_word' id='word_1_318' title='bbox 1309 3143 1359 3195; x_wconf 91' lang='lat' dir='ltr'><strong>in</strong></span> <span class='ocrx_word' id='word_1_319' title='bbox 1387 3146 1551 3208; x_wconf 88' lang='lat' dir='ltr'><strong>mari,</strong></span> <span class='ocrx_word' id='word_1_320' title='bbox 1581 3158 1701 3198; x_wconf 91' lang='lat' dir='ltr'><strong>cum</strong></span> <span class='ocrx_word' id='word_1_321' title='bbox 1729 3143 1836 3198; x_wconf 70' lang='lat'><strong>201)</strong></span> <span class='ocrx_word' id='word_1_322' title='bbox 1877 3144 2043 3198; x_wconf 81' lang='lat' dir='ltr'><strong>leucis</strong></span> <span class='ocrx_word' id='word_1_323' title='bbox 2077 3160 2105 3197; x_wconf 93' lang='lat' dir='ltr'><strong>a</strong></span> <span class='ocrx_word' id='word_1_324' title='bbox 2132 3143 2310 3198; x_wconf 67' lang='lat' dir='ltr'><strong>Sicilia</strong></span> 
     </span>
    </p>
   </div>
   <div class='ocr_carea' id='block_1_42' title="bbox 731 3213 2312 3283">
    <p class='ocr_par' dir='ltr' id='par_1_42' title="bbox 731 3213 2312 3283">
     <span class='ocr_line' id='line_1_42' title="bbox 731 3213 2312 3283; baseline 0.002 -17"><span class='ocrx_word' id='word_1_325' title='bbox 731 3233 750 3266; x_wconf 82' lang='grc' dir='ltr'><strong>ι</strong></span> <span class='ocrx_word' id='word_1_326' title='bbox 782 3215 1061 3278; x_wconf 88' lang='lat' dir='ltr'><strong>abessent,</strong></span> <span class='ocrx_word' id='word_1_327' title='bbox 1091 3224 1145 3268; x_wconf 92' lang='lat' dir='ltr'><strong>et</strong></span> <span class='ocrx_word' id='word_1_328' title='bbox 1169 3215 1234 3268; x_wconf 79' lang='lat' dir='ltr'><strong>ad</strong></span> <span class='ocrx_word' id='word_1_329' title='bbox 1270 3213 1497 3269; x_wconf 84' lang='lat' dir='ltr'><strong>Venetias</strong></span> <span class='ocrx_word' id='word_1_330' title='bbox 1526 3216 1798 3270; x_wconf 72' lang='lat' dir='ltr'><strong>tenderent</strong></span> <span class='ocrx_word' id='word_1_331' title='bbox 1819 3257 1832 3277; x_wconf 88' lang='lat'><strong>,</strong></span> <span class='ocrx_word' id='word_1_332' title='bbox 1861 3215 2111 3269; x_wconf 88' lang='lat' dir='ltr'><strong>damnum</strong></span> <span class='ocrx_word' id='word_1_333' title='bbox 2143 3231 2312 3283; x_wconf 72' lang='lat' dir='ltr'><strong>passa:</strong></span> 
     </span>
    </p>
   </div>
   <div class='ocr_carea' id='block_1_43' title="bbox 732 3285 2384 3359">
    <p class='ocr_par' dir='ltr' id='par_1_43' title="bbox 732 3285 2384 3359">
     <span class='ocr_line' id='line_1_43' title="bbox 732 3285 2384 3359; baseline 0.002 -22"><span class='ocrx_word' id='word_1_334' title='bbox 732 3286 999 3359; x_wconf 58' lang='lat' dir='ltr'><strong>«fuerint.</strong></span> <span class='ocrx_word' id='word_1_335' title='bbox 1035 3303 1053 3336; x_wconf 84' lang='lat' dir='ltr'><strong>s</strong></span> <span class='ocrx_word' id='word_1_336' title='bbox 1082 3285 1185 3339; x_wconf 72' lang='lat' dir='ltr'><strong>Sed</strong></span> <span class='ocrx_word' id='word_1_337' title='bbox 1221 3300 1318 3340; x_wconf 91' lang='lat' dir='ltr'><strong>nec</strong></span> <span class='ocrx_word' id='word_1_338' title='bbox 1357 3285 1648 3359; x_wconf 67' lang='lat' dir='ltr'><strong>quidquam</strong></span> <span class='ocrx_word' id='word_1_339' title='bbox 1675 3286 1742 3342; x_wconf 90' lang='lat' dir='ltr'><strong>de</strong></span> <span class='ocrx_word' id='word_1_340' title='bbox 1774 3287 2011 3354; x_wconf 84' lang='lat' dir='ltr'><strong>pluribus</strong></span> <span class='ocrx_word' id='word_1_341' title='bbox 2045 3286 2310 3355; x_wconf 87' lang='lat' dir='ltr'><strong>ejusmodi</strong></span> <span class='ocrx_word' id='word_1_342' title='bbox 2340 3296 2384 3359; x_wconf 74' lang='grc' dir='ltr'><strong>ρ</strong></span> 
     </span>
    </p>
   </div>
   <div class='ocr_carea' id='block_1_44' title="bbox 726 3356 2314 3426">
    <p class='ocr_par' dir='ltr' id='par_1_44' title="bbox 726 3356 2314 3426">
     <span class='ocr_line' id='line_1_44' title="bbox 726 3356 2314 3426; baseline -0.001 -17"><span class='ocrx_word' id='word_1_343' title='bbox 726 3356 878 3419; x_wconf 89' lang='lat' dir='ltr'><strong>aliis,</strong></span> <span class='ocrx_word' id='word_1_344' title='bbox 903 3369 1157 3426; x_wconf 84' lang='lat' dir='ltr'><strong>certeque</strong></span> <span class='ocrx_word' id='word_1_345' title='bbox 1179 3372 1284 3409; x_wconf 91' lang='lat' dir='ltr'><strong>non</strong></span> <span class='ocrx_word' id='word_1_346' title='bbox 1314 3357 1635 3426; x_wconf 87' lang='lat' dir='ltr'><strong>imparibus.</strong></span> <span class='ocrx_word' id='word_1_347' title='bbox 1665 3373 2045 3411; x_wconf 86' lang='lat' dir='ltr'><strong>commemoro.</strong></span> <span class='ocrx_word' id='word_1_348' title='bbox 2079 3359 2190 3410; x_wconf 76' lang='lat' dir='ltr'><strong>lino</strong></span> <span class='ocrx_word' id='word_1_349' title='bbox 2223 3374 2314 3408; x_wconf 86' lang='lat' dir='ltr'><strong>ati—</strong></span> 
     </span>
    </p>
   </div>
   <div class='ocr_carea' id='block_1_45' title="bbox 725 3427 2316 3496">
    <p class='ocr_par' dir='ltr' id='par_1_45' title="bbox 725 3427 2316 3496">
     <span class='ocr_line' id='line_1_45' title="bbox 725 3427 2316 3496; baseline 0.001 -15"><span class='ocrx_word' id='word_1_350' title='bbox 725 3438 870 3489; x_wconf 86' lang='lat' dir='ltr'><strong>tcm,</strong></span> <span class='ocrx_word' id='word_1_351' title='bbox 895 3445 1010 3496; x_wconf 72' lang='lat' dir='ltr'><strong>qua:</strong></span> <span class='ocrx_word' id='word_1_352' title='bbox 1041 3429 1284 3496; x_wconf 79' lang='lat' dir='ltr'><strong>proximo</strong></span> <span class='ocrx_word' id='word_1_353' title='bbox 1315 3431 1524 3482; x_wconf 69' lang='lat' dir='ltr'><strong>Saeenlo</strong></span> <span class='ocrx_word' id='word_1_354' title='bbox 1549 3429 1813 3492; x_wconf 83' lang='lat' dir='ltr'><strong>accidere,</strong></span> <span class='ocrx_word' id='word_1_355' title='bbox 1850 3427 2094 3496; x_wconf 75' lang='lat' dir='ltr'><strong>exempla</strong></span> <span class='ocrx_word' id='word_1_356' title='bbox 2123 3438 2316 3495; x_wconf 63' lang='lat' dir='ltr'><strong>praue-</strong></span> 
     </span>
    </p>
   </div>
   <div class='ocr_carea' id='block_1_46' title="bbox 725 3497 2315 3569">
    <p class='ocr_par' dir='ltr' id='par_1_46' title="bbox 725 3497 2315 3569">
     <span class='ocr_line' id='line_1_46' title="bbox 725 3497 2315 3569; baseline 0.001 -17"><span class='ocrx_word' id='word_1_357' title='bbox 725 3501 836 3552; x_wconf 88' lang='lat' dir='ltr'><strong>rire</strong></span> <span class='ocrx_word' id='word_1_358' title='bbox 881 3516 982 3550; x_wconf 89' lang='lat' dir='ltr'><strong>non</strong></span> <span class='ocrx_word' id='word_1_359' title='bbox 1030 3514 1270 3569; x_wconf 83' lang='lat' dir='ltr'><strong>possunt.</strong></span> <span class='ocrx_word' id='word_1_360' title='bbox 1318 3502 1393 3554; x_wconf 84' lang='lat' dir='ltr'><strong>Ac</strong></span> <span class='ocrx_word' id='word_1_361' title='bbox 1434 3501 1662 3567; x_wconf 87' lang='lat' dir='ltr'><strong>primum</strong></span> <span class='ocrx_word' id='word_1_362' title='bbox 1699 3499 1914 3566; x_wconf 85' lang='lat' dir='ltr'><strong>quidem</strong></span> <span class='ocrx_word' id='word_1_363' title='bbox 1957 3514 2017 3550; x_wconf 72' lang='lat' dir='ltr'><strong>ex</strong></span> <span class='ocrx_word' id='word_1_364' title='bbox 2059 3497 2123 3552; x_wconf 80' lang='grc' dir='ltr'><strong>ι).</strong></span> <span class='ocrx_word' id='word_1_365' title='bbox 2175 3497 2315 3553; x_wconf 86' lang='lat' dir='ltr'><strong>Petri</strong></span> 
     </span>
    </p>
   </div>
   <div class='ocr_carea' id='block_1_47' title="bbox 731 3570 2314 3639">
    <p class='ocr_par' dir='ltr' id='par_1_47' title="bbox 731 3570 2314 3639">
     <span class='ocr_line' id='line_1_47' title="bbox 731 3570 2314 3639; baseline 0 -15"><span class='ocrx_word' id='word_1_366' title='bbox 731 3570 1039 3639; x_wconf 73' lang='lat' dir='ltr'><strong>Squillarii,</strong></span> <span class='ocrx_word' id='word_1_367' title='bbox 1093 3572 1431 3625; x_wconf 87' lang='lat' dir='ltr'><strong>cataueeusis</strong></span> <span class='ocrx_word' id='word_1_368' title='bbox 1481 3570 1786 3626; x_wconf 88' lang='lat' dir='ltr'><strong>Sacerdotis</strong></span> <span class='ocrx_word' id='word_1_369' title='bbox 1816 3612 1831 3633; x_wconf 93' lang='lat'><strong>,</strong></span> <span class='ocrx_word' id='word_1_370' title='bbox 1882 3570 1970 3638; x_wconf 92' lang='lat' dir='ltr'><strong>qui</strong></span> <span class='ocrx_word' id='word_1_371' title='bbox 2026 3570 2314 3624; x_wconf 84' lang='lat' dir='ltr'><strong>calamitati</strong></span> 
     </span>
    </p>
   </div>
   <div class='ocr_carea' id='block_1_48' title="bbox 729 3639 2314 3708">
    <p class='ocr_par' dir='ltr' id='par_1_48' title="bbox 729 3639 2314 3708">
     <span class='ocr_line' id='line_1_48' title="bbox 729 3639 2314 3708; baseline 0.001 -14"><span class='ocrx_word' id='word_1_372' title='bbox 729 3641 859 3695; x_wconf 92' lang='lat' dir='ltr'><strong>Imic</strong></span> <span class='ocrx_word' id='word_1_373' title='bbox 885 3643 995 3705; x_wconf 69' lang='lat' dir='ltr'><strong>ip~e</strong></span> <span class='ocrx_word' id='word_1_374' title='bbox 1028 3642 1268 3695; x_wconf 82' lang='lat' dir='ltr'><strong>interfuit</strong></span> <span class='ocrx_word' id='word_1_375' title='bbox 1293 3683 1307 3705; x_wconf 90' lang='lat'><strong>,</strong></span> <span class='ocrx_word' id='word_1_376' title='bbox 1333 3643 1677 3696; x_wconf 79' lang='lat' dir='ltr'><strong>enarratione</strong></span> <span class='ocrx_word' id='word_1_377' title='bbox 1699 3683 1712 3705; x_wconf 91' lang='lat'><strong>,</strong></span> <span class='ocrx_word' id='word_1_378' title='bbox 1749 3651 1808 3694; x_wconf 90' lang='lat' dir='ltr'><strong>ut</strong></span> <span class='ocrx_word' id='word_1_379' title='bbox 1831 3639 1970 3708; x_wconf 87' lang='lat' dir='ltr'><strong>apml</strong></span> <span class='ocrx_word' id='word_1_380' title='bbox 1998 3639 2314 3696; x_wconf 83' lang='lat' dir='ltr'><strong>Kireliernm</strong></span> 
     </span>
    </p>
   </div>
   <div class='ocr_carea' id='block_1_49' title="bbox 733 3710 2313 3782">
    <p class='ocr_par' dir='ltr' id='par_1_49' title="bbox 733 3710 2313 3782">
     <span class='ocr_line' id='line_1_49' title="bbox 733 3710 2313 3782; baseline 0.001 -18"><span class='ocrx_word' id='word_1_381' title='bbox 733 3710 848 3764; x_wconf 82' lang='lat' dir='ltr'><strong>Lib.</strong></span> <span class='ocrx_word' id='word_1_382' title='bbox 880 3710 940 3764; x_wconf 84' lang='lat' dir='ltr'><strong>IV</strong></span> <span class='ocrx_word' id='word_1_383' title='bbox 978 3712 1200 3766; x_wconf 75' lang='lat' dir='ltr'><strong>Section.</strong></span> <span class='ocrx_word' id='word_1_384' title='bbox 1231 3712 1269 3775; x_wconf 89' lang='lat' dir='ltr'><strong>I,</strong></span> <span class='ocrx_word' id='word_1_385' title='bbox 1297 3729 1412 3782; x_wconf 90' lang='lat' dir='ltr'><strong>cap.</strong></span> <span class='ocrx_word' id='word_1_386' title='bbox 1441 3712 1495 3771; x_wconf 85' lang='lat'><strong>9,</strong></span> <span class='ocrx_word' id='word_1_387' title='bbox 1525 3711 1784 3782; x_wconf 86' lang='lat' dir='ltr'><strong>habetur,</strong></span> <span class='ocrx_word' id='word_1_388' title='bbox 1814 3726 2064 3779; x_wconf 81' lang='lat' dir='ltr'><strong>excerpo.</strong></span> <span class='ocrx_word' id='word_1_389' title='bbox 2115 3731 2132 3763; x_wconf 83' lang='lat' dir='ltr'><strong>i</strong></span> <span class='ocrx_word' id='word_1_390' title='bbox 2179 3712 2313 3766; x_wconf 82' lang='lat' dir='ltr'><strong>Cum</strong></span> 
     </span>
    </p>
   </div>
   <div class='ocr_carea' id='block_1_50' title="bbox 735 3781 2318 3850">
    <p class='ocr_par' dir='ltr' id='par_1_50' title="bbox 735 3781 2318 3850">
     <span class='ocr_line' id='line_1_50' title="bbox 735 3781 2318 3850; baseline 0.001 -15"><span class='ocrx_word' id='word_1_391' title='bbox 735 3802 756 3835; x_wconf 72' lang='grc' dir='ltr'><strong>ι</strong></span> <span class='ocrx_word' id='word_1_392' title='bbox 788 3783 948 3850; x_wconf 82' lang='lat' dir='ltr'><strong>igitur</strong></span> <span class='ocrx_word' id='word_1_393' title='bbox 962 3784 1135 3836; x_wconf 78' lang='lat' dir='ltr'><strong>omnis</strong></span> <span class='ocrx_word' id='word_1_394' title='bbox 1155 3783 1258 3837; x_wconf 86' lang='lat' dir='ltr'><strong>late</strong></span> <span class='ocrx_word' id='word_1_395' title='bbox 1274 3784 1462 3838; x_wconf 87' lang='lat' dir='ltr'><strong>vicinia</strong></span> <span class='ocrx_word' id='word_1_396' title='bbox 1481 3781 1767 3837; x_wconf 84' lang='lat' dir='ltr'><strong>horrendis</strong></span> <span class='ocrx_word' id='word_1_397' title='bbox 1784 3793 1938 3836; x_wconf 81' lang='lat' dir='ltr'><strong>terra:</strong></span> <span class='ocrx_word' id='word_1_398' title='bbox 1954 3783 2318 3838; x_wconf 80' lang='lat' dir='ltr'><strong>succussioui-</strong></span> 
     </span>
    </p>
   </div>
   <div class='ocr_carea' id='block_1_51' title="bbox 740 3854 2317 3923">
    <p class='ocr_par' dir='ltr' id='par_1_51' title="bbox 740 3854 2317 3923">
     <span class='ocr_line' id='line_1_51' title="bbox 740 3854 2317 3923; baseline 0.001 -17"><span class='ocrx_word' id='word_1_399' title='bbox 740 3873 759 3906; x_wconf 74' lang='grc' dir='ltr'><strong>ι</strong></span> <span class='ocrx_word' id='word_1_400' title='bbox 791 3855 890 3908; x_wconf 76' lang='lat' dir='ltr'><strong>litis</strong></span> <span class='ocrx_word' id='word_1_401' title='bbox 909 3854 1128 3923; x_wconf 82' lang='lat' dir='ltr'><strong>jainjant</strong></span> <span class='ocrx_word' id='word_1_402' title='bbox 1155 3855 1445 3910; x_wconf 86' lang='lat' dir='ltr'><strong>avertenda</strong></span> <span class='ocrx_word' id='word_1_403' title='bbox 1471 3855 1771 3918; x_wconf 90' lang='lat' dir='ltr'><strong>videbatur,</strong></span> <span class='ocrx_word' id='word_1_404' title='bbox 1794 3855 2008 3908; x_wconf 82' lang='lat' dir='ltr'><strong>tandem</strong></span> <span class='ocrx_word' id='word_1_405' title='bbox 2036 3856 2093 3908; x_wconf 79' lang='lat' dir='ltr'><strong>ll</strong></span> <span class='ocrx_word' id='word_1_406' title='bbox 2118 3857 2317 3909; x_wconf 89' lang='lat' dir='ltr'><strong>mensis</strong></span> 
     </span>
    </p>
   </div>
   <div class='ocr_carea' id='block_1_52' title="bbox 738 3924 2314 3995">
    <p class='ocr_par' dir='ltr' id='par_1_52' title="bbox 738 3924 2314 3995">
     <span class='ocr_line' id='line_1_52' title="bbox 738 3924 2314 3995; baseline 0.001 -17"><span class='ocrx_word' id='word_1_407' title='bbox 738 3944 756 3978; x_wconf 79' lang='grc' dir='ltr'><strong>ι</strong></span> <span class='ocrx_word' id='word_1_408' title='bbox 791 3927 964 3978; x_wconf 84' lang='lat' dir='ltr'><strong>Martii</strong></span> <span class='ocrx_word' id='word_1_409' title='bbox 995 3926 1192 3993; x_wconf 84' lang='lat' dir='ltr'><strong>(minus</strong></span> <span class='ocrx_word' id='word_1_410' title='bbox 1229 3936 1406 3980; x_wconf 87' lang='lat' dir='ltr'><strong>autem</strong></span> <span class='ocrx_word' id='word_1_411' title='bbox 1449 3935 1564 3980; x_wconf 90' lang='lat' dir='ltr'><strong>erat</strong></span> <span class='ocrx_word' id='word_1_412' title='bbox 1597 3941 1627 3979; x_wconf 89' lang='lat' dir='ltr'><strong>a</strong></span> <span class='ocrx_word' id='word_1_413' title='bbox 1669 3926 1727 3980; x_wconf 71' lang='grc' dir='ltr'><strong>(ἱ.</strong></span> <span class='ocrx_word' id='word_1_414' title='bbox 1760 3924 1834 3978; x_wconf 85' lang='grc' dir='ltr'><strong>Ν.</strong></span> <span class='ocrx_word' id='word_1_415' title='bbox 1867 3927 2028 3995; x_wconf 78' lang='grc'><strong>1669)</strong></span> <span class='ocrx_word' id='word_1_416' title='bbox 2057 3928 2233 3980; x_wconf 83' lang='lat' dir='ltr'><strong>subito</strong></span> <span class='ocrx_word' id='word_1_417' title='bbox 2263 3927 2314 3980; x_wconf 92' lang='lat' dir='ltr'><strong>in</strong></span> 
     </span>
    </p>
   </div>
   <div class='ocr_carea' id='block_1_53' title="bbox 739 3995 2313 4066">
    <p class='ocr_par' dir='ltr' id='par_1_53' title="bbox 739 3995 2313 4066">
     <span class='ocr_line' id='line_1_53' title="bbox 739 3995 2313 4066; baseline 0.003 -20"><span class='ocrx_word' id='word_1_418' title='bbox 739 4013 760 4046; x_wconf 64' lang='grc' dir='ltr'><strong>ε</strong></span> <span class='ocrx_word' id='word_1_419' title='bbox 790 4006 900 4049; x_wconf 89' lang='lat' dir='ltr'><strong>tres</strong></span> <span class='ocrx_word' id='word_1_420' title='bbox 930 3996 1193 4050; x_wconf 84' lang='lat' dir='ltr'><strong>terribiles</strong></span> <span class='ocrx_word' id='word_1_421' title='bbox 1236 3996 1411 4048; x_wconf 86' lang='lat' dir='ltr'><strong>hiatus</strong></span> <span class='ocrx_word' id='word_1_422' title='bbox 1441 3995 1718 4052; x_wconf 87' lang='lat' dir='ltr'><strong>fatiscenie</strong></span> <span class='ocrx_word' id='word_1_423' title='bbox 1750 4006 1946 4062; x_wconf 83' lang='lat' dir='ltr'><strong>monte,</strong></span> <span class='ocrx_word' id='word_1_424' title='bbox 1993 3996 2196 4066; x_wconf 89' lang='lat' dir='ltr'><strong>primus</strong></span> <span class='ocrx_word' id='word_1_425' title='bbox 2222 4012 2313 4050; x_wconf 82' lang='lat' dir='ltr'><strong>co-</strong></span> 
     </span>
    </p>
   </div>
   <div class='ocr_carea' id='block_1_54' title="bbox 740 4066 2315 4137">
    <p class='ocr_par' dir='ltr' id='par_1_54' title="bbox 740 4066 2315 4137">
     <span class='ocr_line' id='line_1_54' title="bbox 740 4066 2315 4137; baseline 0.003 -19"><span class='ocrx_word' id='word_1_426' title='bbox 740 4086 761 4118; x_wconf 74' lang='lat' dir='ltr'><strong>i</strong></span> <span class='ocrx_word' id='word_1_427' title='bbox 789 4084 903 4122; x_wconf 89' lang='lat' dir='ltr'><strong>rum</strong></span> <span class='ocrx_word' id='word_1_428' title='bbox 937 4066 1219 4123; x_wconf 79' lang='lat' dir='ltr'><strong>evomebat</strong></span> <span class='ocrx_word' id='word_1_429' title='bbox 1247 4068 1530 4134; x_wconf 89' lang='lat' dir='ltr'><strong>plurimum</strong></span> <span class='ocrx_word' id='word_1_430' title='bbox 1563 4068 1728 4136; x_wconf 85' lang='lat' dir='ltr'><strong>ignis,</strong></span> <span class='ocrx_word' id='word_1_431' title='bbox 1762 4068 2060 4137; x_wconf 90' lang='lat' dir='ltr'><strong>multosque</strong></span> <span class='ocrx_word' id='word_1_432' title='bbox 2090 4068 2315 4136; x_wconf 85' lang='lat' dir='ltr'><strong>lapides,</strong></span> 
     </span>
    </p>
   </div>
   <div class='ocr_carea' id='block_1_55' title="bbox 739 4137 2312 4209">
    <p class='ocr_par' dir='ltr' id='par_1_55' title="bbox 739 4137 2312 4209">
     <span class='ocr_line' id='line_1_55' title="bbox 739 4137 2312 4209; baseline 0.001 -19"><span class='ocrx_word' id='word_1_433' title='bbox 739 4157 762 4190; x_wconf 81' lang='grc'><strong>‹</strong></span> <span class='ocrx_word' id='word_1_434' title='bbox 787 4155 1012 4208; x_wconf 89' lang='lat' dir='ltr'><strong>quorum</strong></span> <span class='ocrx_word' id='word_1_435' title='bbox 1047 4139 1128 4192; x_wconf 76' lang='lat' dir='ltr'><strong>vel</strong></span> <span class='ocrx_word' id='word_1_436' title='bbox 1162 4137 1363 4192; x_wconf 89' lang='lat' dir='ltr'><strong>ntittitni</strong></span> <span class='ocrx_word' id='word_1_437' title='bbox 1393 4140 1673 4208; x_wconf 74' lang='lat' dir='ltr'><strong>:Bqnahant</strong></span> <span class='ocrx_word' id='word_1_438' title='bbox 1705 4140 1912 4209; x_wconf 84' lang='lat' dir='ltr'><strong>pondus</strong></span> <span class='ocrx_word' id='word_1_439' title='bbox 1951 4142 1983 4194; x_wconf 78' lang='lat'><strong>5</strong></span> <span class='ocrx_word' id='word_1_440' title='bbox 2014 4151 2312 4202; x_wconf 82' lang='lat' dir='ltr'><strong>cantarunt,</strong></span> 
     </span>
    </p>
   </div>
   <div class='ocr_carea' id='block_1_56' title="bbox 739 4209 2316 4278">
    <p class='ocr_par' dir='ltr' id='par_1_56' title="bbox 739 4209 2316 4278">
     <span class='ocr_line' id='line_1_56' title="bbox 739 4209 2316 4278; baseline 0.004 -20"><span class='ocrx_word' id='word_1_441' title='bbox 739 4229 758 4258; x_wconf 73' lang='grc' dir='ltr'><strong>ι</strong></span> <span class='ocrx_word' id='word_1_442' title='bbox 790 4226 883 4261; x_wconf 77' lang='lat' dir='ltr'><strong>seu</strong></span> <span class='ocrx_word' id='word_1_443' title='bbox 916 4210 1132 4262; x_wconf 78' lang='lat' dir='ltr'><strong>totidem</strong></span> <span class='ocrx_word' id='word_1_444' title='bbox 1161 4209 1609 4263; x_wconf 85' lang='lat' dir='ltr'><strong>ceutcnariornin.</strong></span> <span class='ocrx_word' id='word_1_445' title='bbox 1659 4209 1870 4263; x_wconf 79' lang='lat' dir='ltr'><strong>Materia</strong></span> <span class='ocrx_word' id='word_1_446' title='bbox 1916 4225 2044 4264; x_wconf 89' lang='lat' dir='ltr'><strong>vero</strong></span> <span class='ocrx_word' id='word_1_447' title='bbox 2085 4211 2220 4278; x_wconf 82' lang='lat' dir='ltr'><strong>ignis</strong></span> <span class='ocrx_word' id='word_1_448' title='bbox 2264 4211 2316 4266; x_wconf 93' lang='lat' dir='ltr'><strong>in</strong></span> 
     </span>
    </p>
   </div>
   <div class='ocr_carea' id='block_1_57' title="bbox 742 4278 2314 4351">
    <p class='ocr_par' dir='ltr' id='par_1_57' title="bbox 742 4278 2314 4351">
     <span class='ocr_line' id='line_1_57' title="bbox 742 4278 2314 4351; baseline 0.004 -21"><span class='ocrx_word' id='word_1_449' title='bbox 742 4300 761 4330; x_wconf 75' lang='grc' dir='ltr'><strong>ι</strong></span> <span class='ocrx_word' id='word_1_450' title='bbox 790 4280 954 4351; x_wconf 79' lang='lat' dir='ltr'><strong>altum</strong></span> <span class='ocrx_word' id='word_1_451' title='bbox 1002 4281 1236 4347; x_wconf 70' lang='lat' dir='ltr'><strong>projecta</strong></span> <span class='ocrx_word' id='word_1_452' title='bbox 1275 4280 1343 4351; x_wconf 87' lang='lat' dir='ltr'><strong>ad</strong></span> <span class='ocrx_word' id='word_1_453' title='bbox 1387 4278 1422 4331; x_wconf 75' lang='grc'>2</span> <span class='ocrx_word' id='word_1_454' title='bbox 1465 4281 1770 4333; x_wconf 85' lang='lat' dir='ltr'><strong>milliarium</strong></span> <span class='ocrx_word' id='word_1_455' title='bbox 1814 4284 2063 4351; x_wconf 86' lang='lat' dir='ltr'><strong>(semper</strong></span> <span class='ocrx_word' id='word_1_456' title='bbox 2106 4283 2314 4336; x_wconf 83' lang='lat' dir='ltr'><strong>nonnisi</strong></span> 
     </span>
    </p>
   </div>
   <div class='ocr_carea' id='block_1_58' title="bbox 743 4349 2316 4420">
    <p class='ocr_par' dir='ltr' id='par_1_58' title="bbox 743 4349 2316 4420">
     <span class='ocr_line' id='line_1_58' title="bbox 743 4349 2316 4420; baseline 0.004 -20"><span class='ocrx_word' id='word_1_457' title='bbox 743 4369 761 4400; x_wconf 76' lang='grc' dir='ltr'><strong>ι</strong></span> <span class='ocrx_word' id='word_1_458' title='bbox 795 4349 979 4403; x_wconf 81' lang='lat' dir='ltr'><strong>Italica</strong></span> <span class='ocrx_word' id='word_1_459' title='bbox 1012 4351 1247 4420; x_wconf 81' lang='lat' dir='ltr'><strong>intelligo</strong></span> <span class='ocrx_word' id='word_1_460' title='bbox 1273 4352 1287 4411; x_wconf 96' lang='lat'><strong>)</strong></span> <span class='ocrx_word' id='word_1_461' title='bbox 1317 4349 1621 4404; x_wconf 84' lang='lat' dir='ltr'><strong>distantiam</strong></span> <span class='ocrx_word' id='word_1_462' title='bbox 1666 4349 2003 4406; x_wconf 82' lang='lat' dir='ltr'><strong>dividebatur</strong></span> <span class='ocrx_word' id='word_1_463' title='bbox 2043 4354 2093 4405; x_wconf 88' lang='lat' dir='ltr'><strong>in</strong></span> <span class='ocrx_word' id='word_1_464' title='bbox 2140 4351 2316 4406; x_wconf 84' lang='lat' dir='ltr'><strong>minu-</strong></span> 
     </span>
    </p>
   </div>
   <div class='ocr_carea' id='block_1_59' title="bbox 743 4422 2320 4492">
    <p class='ocr_par' dir='ltr' id='par_1_59' title="bbox 743 4422 2320 4492">
     <span class='ocr_line' id='line_1_59' title="bbox 743 4422 2320 4492; baseline 0.004 -20"><span class='ocrx_word' id='word_1_465' title='bbox 743 4439 762 4472; x_wconf 76' lang='grc' dir='ltr'><strong>ι</strong></span> <span class='ocrx_word' id='word_1_466' title='bbox 796 4422 1028 4475; x_wconf 76' lang='lat' dir='ltr'><strong>tissimus</strong></span> <span class='ocrx_word' id='word_1_467' title='bbox 1057 4422 1361 4488; x_wconf 87' lang='lat' dir='ltr'><strong>particulas,</strong></span> <span class='ocrx_word' id='word_1_468' title='bbox 1395 4432 1446 4474; x_wconf 88' lang='lat' dir='ltr'><strong>et</strong></span> <span class='ocrx_word' id='word_1_469' title='bbox 1477 4426 1655 4491; x_wconf 82' lang='lat' dir='ltr'><strong>specie</strong></span> <span class='ocrx_word' id='word_1_470' title='bbox 1689 4423 1824 4492; x_wconf 82' lang='lat' dir='ltr'><strong>ignei</strong></span> <span class='ocrx_word' id='word_1_471' title='bbox 1855 4423 2041 4476; x_wconf 91' lang='lat' dir='ltr'><strong>imbris</strong></span> <span class='ocrx_word' id='word_1_472' title='bbox 2067 4424 2320 4478; x_wconf 72' lang='lat' dir='ltr'><strong>saeviebat</strong></span> 
     </span>
    </p>
   </div>
   <div class='ocr_carea' id='block_1_60' title="bbox 741 4493 2320 4560">
    <p class='ocr_par' dir='ltr' id='par_1_60' title="bbox 741 4493 2320 4560">
     <span class='ocr_line' id='line_1_60' title="bbox 741 4493 2320 4560; baseline 0.003 -18"><span class='ocrx_word' id='word_1_473' title='bbox 741 4510 760 4542; x_wconf 73' lang='grc' dir='ltr'><strong>ι</strong></span> <span class='ocrx_word' id='word_1_474' title='bbox 792 4494 843 4546; x_wconf 88' lang='lat' dir='ltr'><strong>itt</strong></span> <span class='ocrx_word' id='word_1_475' title='bbox 871 4493 1163 4560; x_wconf 77' lang='lat' dir='ltr'><strong>subjectum</strong></span> <span class='ocrx_word' id='word_1_476' title='bbox 1193 4494 1289 4546; x_wconf 90' lang='lat' dir='ltr'><strong>sibi</strong></span> <span class='ocrx_word' id='word_1_477' title='bbox 1324 4494 1588 4546; x_wconf 87' lang='lat' dir='ltr'><strong>tellurem.</strong></span> <span class='ocrx_word' id='word_1_478' title='bbox 1613 4494 1834 4560; x_wconf 79' lang='lat' dir='ltr'><strong>Quando</strong></span> <span class='ocrx_word' id='word_1_479' title='bbox 1856 4495 2028 4549; x_wconf 88' lang='lat' dir='ltr'><strong>dictus</strong></span> <span class='ocrx_word' id='word_1_480' title='bbox 2050 4509 2203 4548; x_wconf 88' lang='lat' dir='ltr'><strong>mons</strong></span> <span class='ocrx_word' id='word_1_481' title='bbox 2235 4511 2320 4548; x_wconf 86' lang='lat' dir='ltr'><strong>ra-</strong></span> 
     </span>
    </p>
   </div>
   <div class='ocr_carea' id='block_1_61' title="bbox 743 4563 2321 4635">
    <p class='ocr_par' dir='ltr' id='par_1_61' title="bbox 743 4563 2321 4635">
     <span class='ocr_line' id='line_1_61' title="bbox 743 4563 2321 4635; baseline 0.003 -21"><span class='ocrx_word' id='word_1_482' title='bbox 743 4583 762 4614; x_wconf 75' lang='grc' dir='ltr'>σ</span> <span class='ocrx_word' id='word_1_483' title='bbox 793 4563 946 4618; x_wconf 86' lang='lat' dir='ltr'><strong>bidus</strong></span> <span class='ocrx_word' id='word_1_484' title='bbox 973 4563 1317 4622; x_wconf 62' lang='lat' dir='ltr'><strong>dehiscebat.</strong></span> <span class='ocrx_word' id='word_1_485' title='bbox 1363 4574 1566 4618; x_wconf 82' lang='lat' dir='ltr'><strong>tantum</strong></span> <span class='ocrx_word' id='word_1_486' title='bbox 1614 4563 1876 4620; x_wconf 81' lang='lat' dir='ltr'><strong>inferebat</strong></span> <span class='ocrx_word' id='word_1_487' title='bbox 1916 4567 2216 4635; x_wconf 75' lang='lat' dir='ltr'><strong>fragorem,</strong></span> <span class='ocrx_word' id='word_1_488' title='bbox 2264 4575 2321 4620; x_wconf 90' lang='lat' dir='ltr'><strong>et</strong></span> 
     </span>
    </p>
   </div>
   <div class='ocr_carea' id='block_1_62' title="bbox 743 4635 2316 4706">
    <p class='ocr_par' dir='ltr' id='par_1_62' title="bbox 743 4635 2316 4706">
     <span class='ocr_line' id='line_1_62' title="bbox 743 4635 2316 4706; baseline 0.004 -20"><span class='ocrx_word' id='word_1_489' title='bbox 743 4654 764 4686; x_wconf 71' lang='grc' dir='ltr'><strong>ι</strong></span> <span class='ocrx_word' id='word_1_490' title='bbox 797 4645 952 4689; x_wconf 72' lang='lat' dir='ltr'><strong>terra:</strong></span> <span class='ocrx_word' id='word_1_491' title='bbox 981 4646 1214 4700; x_wconf 91' lang='lat' dir='ltr'><strong>motum,</strong></span> <span class='ocrx_word' id='word_1_492' title='bbox 1249 4645 1303 4688; x_wconf 93' lang='lat' dir='ltr'><strong>ut</strong></span> <span class='ocrx_word' id='word_1_493' title='bbox 1329 4651 1587 4706; x_wconf 67' lang='lat' dir='ltr'><strong>nequeam</strong></span> <span class='ocrx_word' id='word_1_494' title='bbox 1617 4635 1739 4689; x_wconf 91' lang='lat' dir='ltr'><strong>ullis</strong></span> <span class='ocrx_word' id='word_1_495' title='bbox 1766 4637 1942 4690; x_wconf 83' lang='lat' dir='ltr'><strong>verbis</strong></span> <span class='ocrx_word' id='word_1_496' title='bbox 1977 4640 2096 4706; x_wconf 90' lang='lat' dir='ltr'><strong>ejus</strong></span> <span class='ocrx_word' id='word_1_497' title='bbox 2131 4636 2316 4692; x_wconf 78' lang='lat' dir='ltr'><strong>horro-</strong></span> 
     </span>
    </p>
   </div>
   <div class='ocr_carea' id='block_1_63' title="bbox 2403 589 4006 657">
    <p class='ocr_par' dir='ltr' id='par_1_63' title="bbox 2403 589 4006 657">
     <span class='ocr_line' id='line_1_63' title="bbox 2403 589 4006 657; baseline 0.004 -15"><span class='ocrx_word' id='word_1_498' title='bbox 2403 589 2456 642; x_wconf 92' lang='lat' dir='ltr'><strong>in</strong></span> <span class='ocrx_word' id='word_1_499' title='bbox 2489 599 2539 644; x_wconf 90' lang='lat' dir='ltr'><strong>te</strong></span> <span class='ocrx_word' id='word_1_500' title='bbox 2569 589 2816 657; x_wconf 17' lang='lat' dir='ltr'><strong>pinsiest.</strong></span> <span class='ocrx_word' id='word_1_501' title='bbox 2849 589 3086 648; x_wconf 81' lang='lat' dir='ltr'><strong>tremore</strong></span> <span class='ocrx_word' id='word_1_502' title='bbox 3110 593 3292 656; x_wconf 87' lang='lat' dir='ltr'><strong>facies,</strong></span> <span class='ocrx_word' id='word_1_503' title='bbox 3324 596 3553 652; x_wconf 81' lang='lat' dir='ltr'><strong>maxime</strong></span> <span class='ocrx_word' id='word_1_504' title='bbox 3579 589 3780 656; x_wconf 68' lang='lat' dir='ltr'><strong>autem,</strong></span> <span class='ocrx_word' id='word_1_505' title='bbox 3809 599 3858 652; x_wconf 86' lang='lat' dir='ltr'><strong>si</strong></span> <span class='ocrx_word' id='word_1_506' title='bbox 3895 589 4006 650; x_wconf 77' lang='lat' dir='ltr'><strong>tum</strong></span> 
     </span>
    </p>
   </div>
   <div class='ocr_carea' id='block_1_64' title="bbox 2406 658 4010 730">
    <p class='ocr_par' dir='ltr' id='par_1_64' title="bbox 2406 658 4010 730">
     <span class='ocr_line' id='line_1_64' title="bbox 2406 658 4010 730; baseline 0.005 -18"><span class='ocrx_word' id='word_1_507' title='bbox 2406 658 2562 714; x_wconf 80' lang='lat' dir='ltr'><strong>Pauli</strong></span> <span class='ocrx_word' id='word_1_508' title='bbox 2589 661 2849 728; x_wconf 80' lang='lat' dir='ltr'><strong>Boccanii,</strong></span> <span class='ocrx_word' id='word_1_509' title='bbox 2877 666 3039 719; x_wconf 88' lang='lat' dir='ltr'><strong>Siculi</strong></span> <span class='ocrx_word' id='word_1_510' title='bbox 3075 665 3458 730; x_wconf 81' lang='lat' dir='ltr'><strong>Panormitam,</strong></span> <span class='ocrx_word' id='word_1_511' title='bbox 3491 677 3599 721; x_wconf 91' lang='lat' dir='ltr'><strong>tum</strong></span> <span class='ocrx_word' id='word_1_512' title='bbox 3630 667 3774 721; x_wconf 85' lang='lat' dir='ltr'><strong>Petri</strong></span> <span class='ocrx_word' id='word_1_513' title='bbox 3805 669 4010 721; x_wconf 46' lang='lat' dir='ltr'><strong>illic/io-</strong></span> 
     </span>
    </p>
   </div>
   <div class='ocr_carea' id='block_1_65' title="bbox 2401 733 4007 808">
    <p class='ocr_par' dir='ltr' id='par_1_65' title="bbox 2401 733 4007 808">
     <span class='ocr_line' id='line_1_65' title="bbox 2401 733 4007 808; baseline 0.006 -24"><span class='ocrx_word' id='word_1_514' title='bbox 2401 733 2498 808; x_wconf 70' lang='lat' dir='ltr'><strong>nii,</strong></span> <span class='ocrx_word' id='word_1_515' title='bbox 2519 743 2843 808; x_wconf 88' lang='lat' dir='ltr'><strong>aut__mutato</strong></span> <span class='ocrx_word' id='word_1_516' title='bbox 2873 737 3087 808; x_wconf 89' lang='lat' dir='ltr'><strong>nomine</strong></span> <span class='ocrx_word' id='word_1_517' title='bbox 3118 736 3242 790; x_wconf 82' lang='lat' dir='ltr'><strong>Abb.</strong></span> <span class='ocrx_word' id='word_1_518' title='bbox 3270 736 3605 802; x_wconf 84' lang='lat' dir='ltr'><strong>Bourdelotii,</strong></span> <span class='ocrx_word' id='word_1_519' title='bbox 3636 739 3909 808; x_wconf 77' lang='lat' dir='ltr'><strong>Epistolas</strong></span> <span class='ocrx_word' id='word_1_520' title='bbox 3941 739 4007 793; x_wconf 90' lang='lat' dir='ltr'><strong>de</strong></span> 
     </span>
    </p>
   </div>
   <div class='ocr_carea' id='block_1_66' title="bbox 2399 803 4001 877">
    <p class='ocr_par' dir='ltr' id='par_1_66' title="bbox 2399 803 4001 877">
     <span class='ocr_line' id='line_1_66' title="bbox 2399 803 4001 877; baseline 0.004 -20"><span class='ocrx_word' id='word_1_521' title='bbox 2399 803 2590 858; x_wconf 90' lang='lat' dir='ltr'><strong>eodem</strong></span> <span class='ocrx_word' id='word_1_522' title='bbox 2614 805 2700 859; x_wconf 93' lang='lat' dir='ltr'><strong>illo</strong></span> <span class='ocrx_word' id='word_1_523' title='bbox 2723 807 2967 860; x_wconf 89' lang='lat' dir='ltr'><strong>incendio</strong></span> <span class='ocrx_word' id='word_1_524' title='bbox 2991 808 3351 877; x_wconf 81' lang='lat' dir='ltr'><strong>conjunxeris.</strong></span> <span class='ocrx_word' id='word_1_525' title='bbox 3380 809 3516 863; x_wconf 87' lang='lat' dir='ltr'><strong>Tum</strong></span> <span class='ocrx_word' id='word_1_526' title='bbox 3540 803 3822 864; x_wconf 75' lang='lat' dir='ltr'><strong>enimvero</strong></span> <span class='ocrx_word' id='word_1_527' title='bbox 3851 810 4001 863; x_wconf 80' lang='lat' dir='ltr'><strong>Mau-</strong></span> 
     </span>
    </p>
   </div>
   <div class='ocr_carea' id='block_1_67' title="bbox 2401 881 4006 949">
    <p class='ocr_par' dir='ltr' id='par_1_67' title="bbox 2401 881 4006 949">
     <span class='ocr_line' id='line_1_67' title="bbox 2401 881 4006 949; baseline 0.004 -21"><span class='ocrx_word' id='word_1_528' title='bbox 2401 883 2619 949; x_wconf 88' lang='lat' dir='ltr'><strong>tuanum</strong></span> <span class='ocrx_word' id='word_1_529' title='bbox 2653 887 2859 941; x_wconf 89' lang='lat' dir='ltr'><strong>vatem,</strong></span> <span class='ocrx_word' id='word_1_530' title='bbox 2895 895 2996 932; x_wconf 90' lang='lat' dir='ltr'><strong>non</strong></span> <span class='ocrx_word' id='word_1_531' title='bbox 3026 890 3194 934; x_wconf 69' lang='lat' dir='ltr'><strong>(nstro</strong></span> <span class='ocrx_word' id='word_1_532' title='bbox 3223 881 3388 934; x_wconf 91' lang='lat' dir='ltr'><strong>nimio</strong></span> <span class='ocrx_word' id='word_1_533' title='bbox 3437 882 3728 949; x_wconf 88' lang='lat' dir='ltr'><strong>percitum,</strong></span> <span class='ocrx_word' id='word_1_534' title='bbox 3766 882 4006 934; x_wconf 78' lang='lat' dir='ltr'><strong>terribile</strong></span> 
     </span>
    </p>
   </div>
   <div class='ocr_carea' id='block_1_68' title="bbox 2400 948 4008 1073">
    <p class='ocr_par' dir='ltr' id='par_1_68' title="bbox 2400 948 4008 1073">
     <span class='ocr_line' id='line_1_68' title="bbox 2400 948 4008 1073; baseline 0.006 -76"><span class='ocrx_word' id='word_1_535' title='bbox 2400 960 2552 1073; x_wconf 57' lang='lat' dir='ltr'><strong>:IIUIII:</strong></span> <span class='ocrx_word' id='word_1_536' title='bbox 2581 948 2650 1028; x_wconf 82' lang='lat' dir='ltr'><strong>de</strong></span> <span class='ocrx_word' id='word_1_537' title='bbox 2683 949 2780 1004; x_wconf 91' lang='lat' dir='ltr'><strong>hoc</strong></span> <span class='ocrx_word' id='word_1_538' title='bbox 2810 961 2988 1004; x_wconf 90' lang='lat' dir='ltr'><strong>monte</strong></span> <span class='ocrx_word' id='word_1_539' title='bbox 3018 965 3253 1018; x_wconf 82' lang='lat' dir='ltr'><strong>carmen,</strong></span> <span class='ocrx_word' id='word_1_540' title='bbox 3283 948 3496 1004; x_wconf 71' lang='lat' dir='ltr'><strong>Ai&#39;ueitl.</strong></span> <span class='ocrx_word' id='word_1_541' title='bbox 3531 949 3594 1006; x_wconf 91' lang='lat' dir='ltr'><strong>L.</strong></span> <span class='ocrx_word' id='word_1_542' title='bbox 3631 949 3715 1017; x_wconf 91' lang='lat' dir='ltr'><strong>III,</strong></span> <span class='ocrx_word' id='word_1_543' title='bbox 3749 953 4008 1008; x_wconf 74' lang='lat' dir='ltr'><strong>elIudiSse</strong></span> 
     </span>
     <span class='ocr_line' id='line_1_69' title="bbox 2421 1028 2690 1073; baseline 0.015 -4"><span class='ocrx_word' id='word_1_544' title='bbox 2421 1028 2506 1072; x_wconf 86' lang='lat' dir='ltr'><strong>ate</strong></span> <span class='ocrx_word' id='word_1_545' title='bbox 2551 1035 2690 1073; x_wconf 90' lang='lat' dir='ltr'><strong>eris:</strong></span> 
     </span>
    </p>
   </div>
   <div class='ocr_carea' id='block_1_69' title="bbox 2421 1028 2690 1075">
    <p class='ocr_par' dir='ltr' id='par_1_69' title="bbox 2421 1028 2690 1075">
     <span class='ocr_line' id='line_1_70' title="bbox 2421 1028 2690 1075; baseline 0.011 -6"><span class='ocrx_word' id='word_1_546' title='bbox 2421 1028 2658 1075; x_wconf 82' lang='lat' dir='ltr'><strong>atcbcrts</strong></span> <span class='ocrx_word' id='word_1_547' title='bbox 2679 1037 2690 1072; x_wconf 90' lang='lat'><strong>:</strong></span> 
     </span>
    </p>
   </div>
   <div class='ocr_carea' id='block_1_70' title="bbox 2555 1178 3442 1243">
    <p class='ocr_par' dir='ltr' id='par_1_70' title="bbox 2555 1178 3442 1243">
     <span class='ocr_line' id='line_1_71' title="bbox 2555 1178 3442 1243; baseline 0.007 -17"><span class='ocrx_word' id='word_1_548' title='bbox 2555 1211 2673 1243; x_wconf 92' lang='lat'><strong>._</strong></span> <span class='ocrx_word' id='word_1_549' title='bbox 2699 1178 2932 1243; x_wconf 78' lang='lat' dir='ltr'><strong>horriﬁcis</strong></span> <span class='ocrx_word' id='word_1_550' title='bbox 2955 1186 3090 1229; x_wconf 88' lang='lat' dir='ltr'><strong>tonat</strong></span> <span class='ocrx_word' id='word_1_551' title='bbox 3112 1179 3252 1230; x_wconf 68' lang='lat' dir='ltr'><strong>Etna</strong></span> <span class='ocrx_word' id='word_1_552' title='bbox 3272 1182 3442 1243; x_wconf 90' lang='lat' dir='ltr'><strong>ruinis,</strong></span> 
     </span>
    </p>
   </div>
   <div class='ocr_carea' id='block_1_71' title="bbox 2559 1240 3882 1309">
    <p class='ocr_par' dir='ltr' id='par_1_71' title="bbox 2559 1240 3882 1309">
     <span class='ocr_line' id='line_1_72' title="bbox 2559 1240 3882 1309; baseline 0.008 -21"><span class='ocrx_word' id='word_1_553' title='bbox 2559 1240 2910 1309; x_wconf 75' lang='lat' dir='ltr'><strong>_I_nte_rdum_que</strong></span> <span class='ocrx_word' id='word_1_554' title='bbox 2936 1246 3083 1290; x_wconf 87' lang='lat' dir='ltr'><strong>etiattt</strong></span> <span class='ocrx_word' id='word_1_555' title='bbox 3101 1247 3371 1306; x_wconf 87' lang='lat' dir='ltr'><strong>prorumpit</strong></span> <span class='ocrx_word' id='word_1_556' title='bbox 3398 1240 3444 1309; x_wconf 77' lang='lat' dir='ltr'><strong>in</strong></span> <span class='ocrx_word' id='word_1_557' title='bbox 3470 1245 3653 1295; x_wconf 40' lang='lat' dir='ltr'><strong>aithera</strong></span> <span class='ocrx_word' id='word_1_558' title='bbox 3673 1248 3882 1309; x_wconf 88' lang='lat' dir='ltr'><strong>nubem,</strong></span> 
     </span>
    </p>
   </div>
   <div class='ocr_carea' id='block_1_72' title="bbox 2556 1302 3774 1368">
    <p class='ocr_par' dir='ltr' id='par_1_72' title="bbox 2556 1302 3774 1368">
     <span class='ocr_line' id='line_1_73' title="bbox 2556 1302 3774 1368; baseline 0.006 -19"><span class='ocrx_word' id='word_1_559' title='bbox 2556 1303 2775 1368; x_wconf 84' lang='lat' dir='ltr'><strong>&#39;I‘urbine</strong></span> <span class='ocrx_word' id='word_1_560' title='bbox 2798 1302 3062 1368; x_wconf 79' lang='lat' dir='ltr'><strong>fumantem</strong></span> <span class='ocrx_word' id='word_1_561' title='bbox 3081 1302 3239 1368; x_wconf 81' lang='lat' dir='ltr'><strong>piceo,</strong></span> <span class='ocrx_word' id='word_1_562' title='bbox 3260 1302 3313 1355; x_wconf 74' lang='lat' dir='ltr'><strong>et</strong></span> <span class='ocrx_word' id='word_1_563' title='bbox 3328 1308 3570 1356; x_wconf 87' lang='lat' dir='ltr'><strong>candente</strong></span> <span class='ocrx_word' id='word_1_564' title='bbox 3596 1311 3774 1368; x_wconf 78' lang='lat' dir='ltr'><strong>favilla,</strong></span> 
     </span>
    </p>
   </div>
   <div class='ocr_carea' id='block_1_73' title="bbox 2464 1365 3857 1429">
    <p class='ocr_par' dir='ltr' id='par_1_73' title="bbox 2464 1365 3857 1429">
     <span class='ocr_line' id='line_1_74' title="bbox 2464 1365 3857 1429; baseline 0.006 -17"><span class='ocrx_word' id='word_1_565' title='bbox 2464 1408 2479 1424; x_wconf 80' lang='grc'><em>,</em></span> <span class='ocrx_word' id='word_1_566' title='bbox 2557 1365 2848 1429; x_wconf 47' lang='lat' dir='ltr'><strong>attollitque</strong></span> <span class='ocrx_word' id='word_1_567' title='bbox 2873 1367 3046 1427; x_wconf 77' lang='lat' dir='ltr'><strong>globos</strong></span> <span class='ocrx_word' id='word_1_568' title='bbox 3069 1365 3385 1429; x_wconf 78' lang='lat' dir='ltr'><strong>ﬂammarum,</strong></span> <span class='ocrx_word' id='word_1_569' title='bbox 3411 1379 3462 1419; x_wconf 86' lang='lat' dir='ltr'><strong>et</strong></span> <span class='ocrx_word' id='word_1_570' title='bbox 3479 1371 3641 1420; x_wconf 86' lang='lat' dir='ltr'><strong>sidera</strong></span> <span class='ocrx_word' id='word_1_571' title='bbox 3668 1365 3857 1423; x_wconf 73' lang='lat' dir='ltr'><strong>lambit.</strong></span> 
     </span>
    </p>
   </div>
   <div class='ocr_carea' id='block_1_74' title="bbox 2558 1427 3790 1493">
    <p class='ocr_par' dir='ltr' id='par_1_74' title="bbox 2558 1427 3790 1493">
     <span class='ocr_line' id='line_1_75' title="bbox 2558 1427 3790 1493; baseline 0.007 -19"><span class='ocrx_word' id='word_1_572' title='bbox 2558 1427 2807 1493; x_wconf 73' lang='lat' dir='ltr'><strong>Interdum</strong></span> <span class='ocrx_word' id='word_1_573' title='bbox 2831 1429 3072 1493; x_wconf 79' lang='lat' dir='ltr'><strong>seopulos,</strong></span> <span class='ocrx_word' id='word_1_574' title='bbox 3097 1427 3575 1493; x_wconf 23' lang='lat' dir='ltr'><strong>avulsaque’viseera</strong></span> <span class='ocrx_word' id='word_1_575' title='bbox 3611 1439 3790 1483; x_wconf 86' lang='lat' dir='ltr'><strong>montis</strong></span> 
     </span>
    </p>
   </div>
   <div class='ocr_carea' id='block_1_75' title="bbox 2559 1489 3791 1555">
    <p class='ocr_par' dir='ltr' id='par_1_75' title="bbox 2559 1489 3791 1555">
     <span class='ocr_line' id='line_1_76' title="bbox 2559 1489 3791 1555; baseline 0.004 -18"><span class='ocrx_word' id='word_1_576' title='bbox 2559 1489 2716 1555; x_wconf 60' lang='lat' dir='ltr'><strong>[Erigit</strong></span> <span class='ocrx_word' id='word_1_577' title='bbox 2741 1497 2982 1555; x_wconf 77' lang='lat' dir='ltr'><strong>eructans,</strong></span> <span class='ocrx_word' id='word_1_578' title='bbox 3005 1489 3362 1555; x_wconf 77' lang='lat' dir='ltr'><strong>liquefactaque</strong></span> <span class='ocrx_word' id='word_1_579' title='bbox 3382 1507 3498 1543; x_wconf 74' lang='lat' dir='ltr'><strong>sava</strong></span> <span class='ocrx_word' id='word_1_580' title='bbox 3523 1497 3613 1544; x_wconf 86' lang='lat' dir='ltr'><strong>sub</strong></span> <span class='ocrx_word' id='word_1_581' title='bbox 3645 1510 3791 1545; x_wconf 81' lang='lat' dir='ltr'><strong>auras</strong></span> 
     </span>
    </p>
   </div>
   <div class='ocr_carea' id='block_1_76' title="bbox 2559 1551 3849 1618">
    <p class='ocr_par' dir='ltr' id='par_1_76' title="bbox 2559 1551 3849 1618">
     <span class='ocr_line' id='line_1_77' title="bbox 2559 1551 3849 1618; baseline 0.005 -16"><span class='ocrx_word' id='word_1_582' title='bbox 2559 1551 2676 1602; x_wconf 87' lang='lat' dir='ltr'><strong>Cum</strong></span> <span class='ocrx_word' id='word_1_583' title='bbox 2698 1553 2884 1614; x_wconf 77' lang='lat' dir='ltr'><strong>gemitu</strong></span> <span class='ocrx_word' id='word_1_584' title='bbox 2909 1551 3168 1614; x_wconf 79' lang='lat' dir='ltr'><strong>glomerat,</strong></span> <span class='ocrx_word' id='word_1_585' title='bbox 3198 1551 3444 1618; x_wconf 75' lang='lat' dir='ltr'><strong>fundoque</strong></span> <span class='ocrx_word' id='word_1_586' title='bbox 3471 1568 3712 1609; x_wconf 75' lang='lat' dir='ltr'><strong>exzcstuat</strong></span> <span class='ocrx_word' id='word_1_587' title='bbox 3734 1562 3849 1609; x_wconf 89' lang='lat' dir='ltr'><strong>imo.</strong></span> 
     </span>
    </p>
   </div>
   <div class='ocr_carea' id='block_1_77' title="bbox 2479 1701 4013 1777">
    <p class='ocr_par' dir='ltr' id='par_1_77' title="bbox 2479 1701 4013 1777">
     <span class='ocr_line' id='line_1_78' title="bbox 2479 1701 4013 1777; baseline 0.005 -22"><span class='ocrx_word' id='word_1_588' title='bbox 2479 1701 2543 1755; x_wconf 80' lang='lat' dir='ltr'><strong>Et</strong></span> <span class='ocrx_word' id='word_1_589' title='bbox 2575 1711 2750 1777; x_wconf 85' lang='lat' dir='ltr'><strong>tamen</strong></span> <span class='ocrx_word' id='word_1_590' title='bbox 2785 1701 2860 1756; x_wconf 92' lang='lat' dir='ltr'><strong>illi</strong></span> <span class='ocrx_word' id='word_1_591' title='bbox 2896 1705 3104 1777; x_wconf 83' lang='lat' dir='ltr'><strong>nonnisi</strong></span> <span class='ocrx_word' id='word_1_592' title='bbox 3136 1705 3230 1756; x_wconf 82' lang='lat' dir='ltr'><strong>riri</strong></span> <span class='ocrx_word' id='word_1_593' title='bbox 3249 1717 3410 1777; x_wconf 84' lang='lat' dir='ltr'><strong>erant</strong></span> <span class='ocrx_word' id='word_1_594' title='bbox 3438 1707 3667 1763; x_wconf 82' lang='lat' dir='ltr'><strong>fornacis</strong></span> <span class='ocrx_word' id='word_1_595' title='bbox 3703 1710 3862 1777; x_wconf 87' lang='lat' dir='ltr'><strong>hujus</strong></span> <span class='ocrx_word' id='word_1_596' title='bbox 3885 1711 4013 1763; x_wconf 75' lang='lat' dir='ltr'><strong>sub-</strong></span> 
     </span>
    </p>
   </div>
   <div class='ocr_carea' id='block_1_78' title="bbox 2408 1774 4014 1845">
    <p class='ocr_par' dir='ltr' id='par_1_78' title="bbox 2408 1774 4014 1845">
     <span class='ocr_line' id='line_1_79' title="bbox 2408 1774 4014 1845; baseline 0.005 -18"><span class='ocrx_word' id='word_1_597' title='bbox 2408 1782 2668 1837; x_wconf 72' lang='lat' dir='ltr'><strong>terrante,</strong></span> <span class='ocrx_word' id='word_1_598' title='bbox 2701 1774 2959 1826; x_wconf 89' lang='lat' dir='ltr'><strong>immensa</strong></span> <span class='ocrx_word' id='word_1_599' title='bbox 3003 1775 3050 1828; x_wconf 94' lang='lat' dir='ltr'><strong>vi</strong></span> <span class='ocrx_word' id='word_1_600' title='bbox 3094 1775 3496 1845; x_wconf 85' lang='lat' dir='ltr'><strong>liquefactorum</strong></span> <span class='ocrx_word' id='word_1_601' title='bbox 3539 1774 3880 1834; x_wconf 86' lang='lat' dir='ltr'><strong>mineralium</strong></span> <span class='ocrx_word' id='word_1_602' title='bbox 3929 1799 4014 1838; x_wconf 78' lang='lat' dir='ltr'><strong>re-</strong></span> 
     </span>
    </p>
   </div>
   <div class='ocr_carea' id='block_1_79' title="bbox 2409 1845 4012 1919">
    <p class='ocr_par' dir='ltr' id='par_1_79' title="bbox 2409 1845 4012 1919">
     <span class='ocr_line' id='line_1_80' title="bbox 2409 1845 4012 1919; baseline 0.007 -25"><span class='ocrx_word' id='word_1_603' title='bbox 2409 1846 2582 1919; x_wconf 63' lang='lat' dir='ltr'><strong>pleta}.</strong></span> <span class='ocrx_word' id='word_1_604' title='bbox 2608 1845 2740 1910; x_wconf 82' lang='lat' dir='ltr'><strong>Quid</strong></span> <span class='ocrx_word' id='word_1_605' title='bbox 2765 1847 3024 1919; x_wconf 85' lang='lat' dir='ltr'><strong>autent,si</strong></span> <span class='ocrx_word' id='word_1_606' title='bbox 3052 1847 3187 1919; x_wconf 83' lang='lat' dir='ltr'><strong>alios</strong></span> <span class='ocrx_word' id='word_1_607' title='bbox 3217 1864 3426 1919; x_wconf 90' lang='lat' dir='ltr'><strong>quoque</strong></span> <span class='ocrx_word' id='word_1_608' title='bbox 3458 1860 3684 1915; x_wconf 88' lang='lat' dir='ltr'><strong>montes,</strong></span> <span class='ocrx_word' id='word_1_609' title='bbox 3711 1852 3873 1905; x_wconf 66' lang='lat' dir='ltr'><strong>A‘Ltua</strong></span> <span class='ocrx_word' id='word_1_610' title='bbox 3907 1870 4012 1906; x_wconf 87' lang='lat' dir='ltr'><strong>non</strong></span> 
     </span>
    </p>
   </div>
   <div class='ocr_carea' id='block_1_80' title="bbox 2335 1911 4013 1991">
    <p class='ocr_par' dir='ltr' id='par_1_80' title="bbox 2335 1911 4013 1991">
     <span class='ocr_line' id='line_1_81' title="bbox 2335 1911 4013 1991; baseline 0.002 -21"><span class='ocrx_word' id='word_1_611' title='bbox 2335 1911 2382 1970; x_wconf 90' lang='lat' dir='ltr'><strong>B</strong></span> <span class='ocrx_word' id='word_1_612' title='bbox 2412 1911 2597 1991; x_wconf 69' lang='lat' dir='ltr'><strong>minus</strong></span> <span class='ocrx_word' id='word_1_613' title='bbox 2617 1915 2953 1991; x_wconf 82' lang='lat' dir='ltr'><strong>quandoque</strong></span> <span class='ocrx_word' id='word_1_614' title='bbox 2981 1911 3280 1991; x_wconf 78' lang='lat' dir='ltr'><strong>terribiles,</strong></span> <span class='ocrx_word' id='word_1_615' title='bbox 3326 1911 3682 1991; x_wconf 62' lang='lat' dir='ltr'><strong>adjunxeris‘l</strong></span> <span class='ocrx_word' id='word_1_616' title='bbox 3718 1923 3838 1977; x_wconf 86' lang='lat' dir='ltr'><strong>Non</strong></span> <span class='ocrx_word' id='word_1_617' title='bbox 3887 1925 4013 1976; x_wconf 84' lang='lat' dir='ltr'><strong>diro</strong></span> 
     </span>
    </p>
   </div>
   <div class='ocr_carea' id='block_1_81' title="bbox 2423 1986 4011 2062">
    <p class='ocr_par' dir='ltr' id='par_1_81' title="bbox 2423 1986 4011 2062">
     <span class='ocr_line' id='line_1_82' title="bbox 2423 1986 4011 2062; baseline 0.005 -23"><span class='ocrx_word' id='word_1_618' title='bbox 2423 1986 2686 2062; x_wconf 78' lang='lat' dir='ltr'><strong>Vesuvium</strong></span> <span class='ocrx_word' id='word_1_619' title='bbox 2703 1987 3028 2062; x_wconf 63' lang='lat' dir='ltr'><strong>Campaniae,</strong></span> <span class='ocrx_word' id='word_1_620' title='bbox 3058 1989 3152 2043; x_wconf 87' lang='lat' dir='ltr'><strong>sed</strong></span> <span class='ocrx_word' id='word_1_621' title='bbox 3184 1986 3516 2062; x_wconf 54' lang='lat' dir='ltr'><strong>Strongulam</strong></span> <span class='ocrx_word' id='word_1_622' title='bbox 3547 2003 3595 2047; x_wconf 90' lang='lat' dir='ltr'><strong>et</strong></span> <span class='ocrx_word' id='word_1_623' title='bbox 3641 1993 3925 2048; x_wconf 68' lang='lat' dir='ltr'><strong>Vulcanum</strong></span> <span class='ocrx_word' id='word_1_624' title='bbox 3963 1998 4011 2047; x_wconf 93' lang='lat' dir='ltr'><strong>in</strong></span> 
     </span>
    </p>
   </div>
   <div class='ocr_carea' id='block_1_82' title="bbox 2412 2057 4012 2131">
    <p class='ocr_par' dir='ltr' id='par_1_82' title="bbox 2412 2057 4012 2131">
     <span class='ocr_line' id='line_1_83' title="bbox 2412 2057 4012 2131; baseline 0.004 -19"><span class='ocrx_word' id='word_1_625' title='bbox 2412 2059 2600 2113; x_wconf 89' lang='lat' dir='ltr'><strong>in-ulis</strong></span> <span class='ocrx_word' id='word_1_626' title='bbox 2629 2057 2964 2131; x_wconf 66' lang='lat' dir='ltr'><strong>Liparitauis,</strong></span> <span class='ocrx_word' id='word_1_627' title='bbox 2999 2069 3051 2113; x_wconf 91' lang='lat' dir='ltr'><strong>et</strong></span> <span class='ocrx_word' id='word_1_628' title='bbox 3083 2057 3503 2127; x_wconf 59' lang='lat' dir='ltr'><strong>prieterea&#39;alios</strong></span> <span class='ocrx_word' id='word_1_629' title='bbox 3533 2067 3795 2131; x_wconf 85' lang='lat' dir='ltr'><strong>ejusmodi</strong></span> <span class='ocrx_word' id='word_1_630' title='bbox 3832 2067 4012 2118; x_wconf 82' lang='lat' dir='ltr'><strong>fulmi-</strong></span> 
     </span>
    </p>
   </div>
   <div class='ocr_carea' id='block_1_83' title="bbox 2412 2128 4012 2198">
    <p class='ocr_par' dir='ltr' id='par_1_83' title="bbox 2412 2128 4012 2198">
     <span class='ocr_line' id='line_1_84' title="bbox 2412 2128 4012 2198; baseline 0.005 -15"><span class='ocrx_word' id='word_1_631' title='bbox 2412 2145 2541 2183; x_wconf 89' lang='lat' dir='ltr'><strong>neos</strong></span> <span class='ocrx_word' id='word_1_632' title='bbox 2573 2138 2781 2183; x_wconf 88' lang='lat' dir='ltr'><strong>montes</strong></span> <span class='ocrx_word' id='word_1_633' title='bbox 2813 2129 2862 2180; x_wconf 91' lang='lat' dir='ltr'><strong>in</strong></span> <span class='ocrx_word' id='word_1_634' title='bbox 2898 2128 3122 2184; x_wconf 73' lang='lat' dir='ltr'><strong>Teneris</strong></span> <span class='ocrx_word' id='word_1_635' title='bbox 3149 2141 3201 2186; x_wconf 91' lang='lat' dir='ltr'><strong>et</strong></span> <span class='ocrx_word' id='word_1_636' title='bbox 3229 2132 3464 2187; x_wconf 87' lang='lat' dir='ltr'><strong>Canariis</strong></span> <span class='ocrx_word' id='word_1_637' title='bbox 3489 2175 3502 2198; x_wconf 95' lang='lat'><strong>,</strong></span> <span class='ocrx_word' id='word_1_638' title='bbox 3547 2128 3706 2189; x_wconf 78' lang='lat' dir='ltr'><strong>Maris</strong></span> <span class='ocrx_word' id='word_1_639' title='bbox 3755 2138 4012 2191; x_wconf 74' lang='lat' dir='ltr'><strong>Atlantici</strong></span> 
     </span>
    </p>
   </div>
   <div class='ocr_carea' id='block_1_84' title="bbox 2411 2200 4010 2273">
    <p class='ocr_par' dir='ltr' id='par_1_84' title="bbox 2411 2200 4010 2273">
     <span class='ocr_line' id='line_1_85' title="bbox 2411 2200 4010 2273; baseline 0.006 -20"><span class='ocrx_word' id='word_1_640' title='bbox 2411 2200 2628 2264; x_wconf 86' lang='lat' dir='ltr'><strong>insulis,</strong></span> <span class='ocrx_word' id='word_1_641' title='bbox 2662 2204 2968 2273; x_wconf 64' lang='lat' dir='ltr'><strong>innumeros</strong></span> <span class='ocrx_word' id='word_1_642' title='bbox 2996 2203 3150 2268; x_wconf 89' lang='lat' dir='ltr'><strong>alios,</strong></span> <span class='ocrx_word' id='word_1_643' title='bbox 3181 2203 3224 2256; x_wconf 85' lang='lat' dir='ltr'><strong>si</strong></span> <span class='ocrx_word' id='word_1_644' title='bbox 3253 2204 3482 2273; x_wconf 84' lang='lat' dir='ltr'><strong>denique</strong></span> <span class='ocrx_word' id='word_1_645' title='bbox 3513 2207 3711 2261; x_wconf 68' lang='lat' dir='ltr'><strong>ultima:</strong></span> <span class='ocrx_word' id='word_1_646' title='bbox 3739 2206 4010 2268; x_wconf 67' lang='lat' dir='ltr'><strong>Islandia-t.</strong></span> 
     </span>
    </p>
   </div>
   <div class='ocr_carea' id='block_1_85' title="bbox 2409 2271 4014 2340">
    <p class='ocr_par' dir='ltr' id='par_1_85' title="bbox 2409 2271 4014 2340">
     <span class='ocr_line' id='line_1_86' title="bbox 2409 2271 4014 2340; baseline 0.006 -18"><span class='ocrx_word' id='word_1_647' title='bbox 2409 2275 2558 2340; x_wconf 84' lang='lat' dir='ltr'><strong>quasi</strong></span> <span class='ocrx_word' id='word_1_648' title='bbox 2590 2275 2700 2340; x_wconf 89' lang='lat' dir='ltr'><strong>ipsa</strong></span> <span class='ocrx_word' id='word_1_649' title='bbox 2732 2271 2892 2339; x_wconf 76' lang='lat' dir='ltr'><strong>glacie</strong></span> <span class='ocrx_word' id='word_1_650' title='bbox 2919 2283 3187 2327; x_wconf 54' lang='lat' dir='ltr'><strong>Concreto}</strong></span> <span class='ocrx_word' id='word_1_651' title='bbox 3209 2315 3222 2338; x_wconf 96' lang='lat'><strong>,</strong></span> <span class='ocrx_word' id='word_1_652' title='bbox 3256 2271 3549 2330; x_wconf 83' lang='lat' dir='ltr'><strong>terribilem</strong></span> <span class='ocrx_word' id='word_1_653' title='bbox 3597 2279 3742 2331; x_wconf 88' lang='lat' dir='ltr'><strong>illum</strong></span> <span class='ocrx_word' id='word_1_654' title='bbox 3794 2278 4014 2332; x_wconf 78' lang='lat' dir='ltr'><strong>[lectum</strong></span> 
     </span>
    </p>
   </div>
   <div class='ocr_carea' id='block_1_86' title="bbox 2410 2344 4015 2420">
    <p class='ocr_par' dir='ltr' id='par_1_86' title="bbox 2410 2344 4015 2420">
     <span class='ocr_line' id='line_1_87' title="bbox 2410 2344 4015 2420; baseline 0.005 -24"><span class='ocrx_word' id='word_1_655' title='bbox 2410 2344 2755 2420; x_wconf 81' lang='lat' dir='ltr'><strong>evocaveris?</strong></span> <span class='ocrx_word' id='word_1_656' title='bbox 2776 2353 2978 2420; x_wconf 73' lang='lat' dir='ltr'><strong>quanta</strong></span> <span class='ocrx_word' id='word_1_657' title='bbox 3020 2344 3438 2420; x_wconf 81' lang='lat' dir='ltr'><strong>cred_is_igniu_m</strong></span> <span class='ocrx_word' id='word_1_658' title='bbox 3485 2349 3846 2404; x_wconf 89' lang='lat' dir='ltr'><strong>immensitate</strong></span> <span class='ocrx_word' id='word_1_659' title='bbox 3875 2366 4015 2420; x_wconf 90' lang='lat' dir='ltr'><strong>opus</strong></span> 
     </span>
    </p>
   </div>
   <div class='ocr_carea' id='block_1_87' title="bbox 2411 2413 4012 2484">
    <p class='ocr_par' dir='ltr' id='par_1_87' title="bbox 2411 2413 4012 2484">
     <span class='ocr_line' id='line_1_88' title="bbox 2411 2413 4012 2484; baseline 0.005 -17"><span class='ocrx_word' id='word_1_660' title='bbox 2411 2429 2532 2468; x_wconf 90' lang='lat' dir='ltr'><strong>esse</strong></span> <span class='ocrx_word' id='word_1_661' title='bbox 2579 2414 2645 2469; x_wconf 90' lang='lat' dir='ltr'><strong>ad</strong></span> <span class='ocrx_word' id='word_1_662' title='bbox 2694 2413 2912 2468; x_wconf 87' lang='lat' dir='ltr'><strong>totidem</strong></span> <span class='ocrx_word' id='word_1_663' title='bbox 2973 2416 3350 2484; x_wconf 85' lang='lat' dir='ltr'><strong>capacissimas</strong></span> <span class='ocrx_word' id='word_1_664' title='bbox 3375 2417 3621 2474; x_wconf 88' lang='lat' dir='ltr'><strong>fornaces</strong></span> <span class='ocrx_word' id='word_1_665' title='bbox 3662 2413 4012 2475; x_wconf 75' lang='lat' dir='ltr'><strong>inﬂamman-</strong></span> 
     </span>
    </p>
   </div>
   <div class='ocr_carea' id='block_1_88' title="bbox 2412 2484 4013 2560">
    <p class='ocr_par' dir='ltr' id='par_1_88' title="bbox 2412 2484 4013 2560">
     <span class='ocr_line' id='line_1_89' title="bbox 2412 2484 4013 2560; baseline 0.003 -21"><span class='ocrx_word' id='word_1_666' title='bbox 2412 2484 2507 2560; x_wconf 65' lang='lat' dir='ltr'><strong>das</strong></span> <span class='ocrx_word' id='word_1_667' title='bbox 2529 2527 2542 2551; x_wconf 95' lang='lat'><strong>,</strong></span> <span class='ocrx_word' id='word_1_668' title='bbox 2577 2501 2707 2554; x_wconf 86' lang='lat' dir='ltr'><strong>quas</strong></span> <span class='ocrx_word' id='word_1_669' title='bbox 2737 2487 2998 2560; x_wconf 77' lang='lat' dir='ltr'><strong>siomnes</strong></span> <span class='ocrx_word' id='word_1_670' title='bbox 3020 2488 3078 2560; x_wconf 87' lang='lat' dir='ltr'><strong>in</strong></span> <span class='ocrx_word' id='word_1_671' title='bbox 3110 2504 3268 2540; x_wconf 92' lang='lat' dir='ltr'><strong>unum</strong></span> <span class='ocrx_word' id='word_1_672' title='bbox 3298 2491 3644 2556; x_wconf 72' lang='lat' dir='ltr'><strong>eonjunxeris</strong></span> <span class='ocrx_word' id='word_1_673' title='bbox 3665 2534 3679 2556; x_wconf 90' lang='lat'><strong>,</strong></span> <span class='ocrx_word' id='word_1_674' title='bbox 3708 2494 3836 2560; x_wconf 88' lang='lat' dir='ltr'><strong>quid</strong></span> <span class='ocrx_word' id='word_1_675' title='bbox 3871 2494 4013 2544; x_wconf 70' lang='lat' dir='ltr'><strong>aliud</strong></span> 
     </span>
    </p>
   </div>
   <div class='ocr_carea' id='block_1_89' title="bbox 2414 2555 4012 2629">
    <p class='ocr_par' dir='ltr' id='par_1_89' title="bbox 2414 2555 4012 2629">
     <span class='ocr_line' id='line_1_90' title="bbox 2414 2555 4012 2629; baseline 0.006 -21"><span class='ocrx_word' id='word_1_676' title='bbox 2414 2555 2651 2620; x_wconf 61' lang='lat' dir='ltr'><strong>zEtnam,</strong></span> <span class='ocrx_word' id='word_1_677' title='bbox 2682 2558 2807 2626; x_wconf 88' lang='lat' dir='ltr'><strong>quid</strong></span> <span class='ocrx_word' id='word_1_678' title='bbox 2848 2557 3135 2623; x_wconf 82' lang='lat' dir='ltr'><strong>Vesuvium,</strong></span> <span class='ocrx_word' id='word_1_679' title='bbox 3167 2575 3325 2626; x_wconf 90' lang='lat' dir='ltr'><strong>quam</strong></span> <span class='ocrx_word' id='word_1_680' title='bbox 3359 2555 3500 2615; x_wconf 84' lang='lat' dir='ltr'><strong>illius</strong></span> <span class='ocrx_word' id='word_1_681' title='bbox 3529 2563 3664 2629; x_wconf 87' lang='lat' dir='ltr'><strong>ignei</strong></span> <span class='ocrx_word' id='word_1_682' title='bbox 3697 2555 3926 2625; x_wconf 78' lang='lat' dir='ltr'><strong>Oceani,</strong></span> <span class='ocrx_word' id='word_1_683' title='bbox 3963 2567 4012 2617; x_wconf 85' lang='lat' dir='ltr'><strong>iii</strong></span> 
     </span>
    </p>
   </div>
   <div class='ocr_carea' id='block_1_90' title="bbox 2413 2629 4016 2702">
    <p class='ocr_par' dir='ltr' id='par_1_90' title="bbox 2413 2629 4016 2702">
     <span class='ocr_line' id='line_1_91' title="bbox 2413 2629 4016 2702; baseline 0.004 -21"><span class='ocrx_word' id='word_1_684' title='bbox 2413 2629 2768 2702; x_wconf 81' lang='lat' dir='ltr'><strong>abditioribus</strong></span> <span class='ocrx_word' id='word_1_685' title='bbox 2799 2639 2956 2702; x_wconf 59' lang='lat' dir='ltr'><strong>terra:</strong></span> <span class='ocrx_word' id='word_1_686' title='bbox 2985 2632 3288 2702; x_wconf 84' lang='lat' dir='ltr'><strong>recessibus</strong></span> <span class='ocrx_word' id='word_1_687' title='bbox 3311 2674 3326 2696; x_wconf 93' lang='lat'><strong>,</strong></span> <span class='ocrx_word' id='word_1_688' title='bbox 3360 2634 3668 2702; x_wconf 88' lang='lat' dir='ltr'><strong>intimisque</strong></span> <span class='ocrx_word' id='word_1_689' title='bbox 3711 2635 4016 2689; x_wconf 84' lang='lat' dir='ltr'><strong>visceribus</strong></span> 
     </span>
    </p>
   </div>
   <div class='ocr_carea' id='block_1_91' title="bbox 2415 2699 4014 2771">
    <p class='ocr_par' dir='ltr' id='par_1_91' title="bbox 2415 2699 4014 2771">
     <span class='ocr_line' id='line_1_92' title="bbox 2415 2699 4014 2771; baseline 0.003 -17"><span class='ocrx_word' id='word_1_690' title='bbox 2415 2699 2644 2755; x_wconf 78' lang='lat' dir='ltr'><strong>furentis</strong></span> <span class='ocrx_word' id='word_1_691' title='bbox 2665 2739 2678 2761; x_wconf 94' lang='lat'><strong>,</strong></span> <span class='ocrx_word' id='word_1_692' title='bbox 2712 2701 2989 2771; x_wconf 76' lang='lat' dir='ltr'><strong>[innariola</strong></span> <span class='ocrx_word' id='word_1_693' title='bbox 3017 2701 3261 2755; x_wconf 70' lang='lat' dir='ltr'><strong>dixeris?</strong></span> <span class='ocrx_word' id='word_1_694' title='bbox 3287 2707 3493 2766; x_wconf 75' lang='lat' dir='ltr'><strong>Quanta</strong></span> <span class='ocrx_word' id='word_1_695' title='bbox 3523 2699 3702 2758; x_wconf 82' lang='lat' dir='ltr'><strong>autem</strong></span> <span class='ocrx_word' id='word_1_696' title='bbox 3731 2707 3843 2770; x_wconf 88' lang='lat' dir='ltr'><strong>jam</strong></span> <span class='ocrx_word' id='word_1_697' title='bbox 3866 2747 3882 2771; x_wconf 95' lang='lat'><strong>,</strong></span> <span class='ocrx_word' id='word_1_698' title='bbox 3915 2707 4014 2758; x_wconf 90' lang='lat' dir='ltr'><strong>ob-</strong></span> 
     </span>
    </p>
   </div>
   <div class='ocr_carea' id='block_1_92' title="bbox 2415 2773 4015 2840">
    <p class='ocr_par' dir='ltr' id='par_1_92' title="bbox 2415 2773 4015 2840">
     <span class='ocr_line' id='line_1_93' title="bbox 2415 2773 4015 2840; baseline 0.003 -14"><span class='ocrx_word' id='word_1_699' title='bbox 2415 2787 2588 2835; x_wconf 87' lang='lat' dir='ltr'><strong>secro,</strong></span> <span class='ocrx_word' id='word_1_700' title='bbox 2617 2783 2760 2828; x_wconf 89' lang='lat' dir='ltr'><strong>tanta</strong></span> <span class='ocrx_word' id='word_1_701' title='bbox 2787 2783 3000 2840; x_wconf 84' lang='lat' dir='ltr'><strong>Iamque</strong></span> <span class='ocrx_word' id='word_1_702' title='bbox 3029 2773 3286 2827; x_wconf 89' lang='lat' dir='ltr'><strong>immensa</strong></span> <span class='ocrx_word' id='word_1_703' title='bbox 3317 2775 3657 2840; x_wconf 83' lang='lat' dir='ltr'><strong>metallorum,</strong></span> <span class='ocrx_word' id='word_1_704' title='bbox 3685 2779 4015 2831; x_wconf 84' lang='lat' dir='ltr'><strong>mincralium</strong></span> 
     </span>
    </p>
   </div>
   <div class='ocr_carea' id='block_1_93' title="bbox 2417 2845 4016 2916">
    <p class='ocr_par' dir='ltr' id='par_1_93' title="bbox 2417 2845 4016 2916">
     <span class='ocr_line' id='line_1_94' title="bbox 2417 2845 4016 2916; baseline 0.003 -20"><span class='ocrx_word' id='word_1_705' title='bbox 2417 2845 2559 2916; x_wconf 74' lang='lat' dir='ltr'><strong>(qua:</strong></span> <span class='ocrx_word' id='word_1_706' title='bbox 2590 2847 2793 2914; x_wconf 80' lang='lat' dir='ltr'><strong>singula</strong></span> <span class='ocrx_word' id='word_1_707' title='bbox 2825 2861 2918 2915; x_wconf 91' lang='lat' dir='ltr'><strong>per</strong></span> <span class='ocrx_word' id='word_1_708' title='bbox 2948 2859 3066 2898; x_wconf 89' lang='lat' dir='ltr'><strong>sese</strong></span> <span class='ocrx_word' id='word_1_709' title='bbox 3093 2860 3360 2898; x_wconf 92' lang='lat' dir='ltr'><strong>summum</strong></span> <span class='ocrx_word' id='word_1_710' title='bbox 3391 2847 3623 2900; x_wconf 89' lang='lat' dir='ltr'><strong>calorem</strong></span> <span class='ocrx_word' id='word_1_711' title='bbox 3656 2849 3898 2901; x_wconf 80' lang='lat' dir='ltr'><strong>excitare</strong></span> <span class='ocrx_word' id='word_1_712' title='bbox 3927 2864 4016 2900; x_wconf 86' lang='lat' dir='ltr'><strong>so-</strong></span> 
     </span>
    </p>
   </div>
   <div class='ocr_carea' id='block_1_94' title="bbox 2416 2915 4021 2986">
    <p class='ocr_par' dir='ltr' id='par_1_94' title="bbox 2416 2915 4021 2986">
     <span class='ocr_line' id='line_1_95' title="bbox 2416 2915 4021 2986; baseline 0.004 -16"><span class='ocrx_word' id='word_1_713' title='bbox 2416 2915 2584 2986; x_wconf 87' lang='lat' dir='ltr'><strong>lent),</strong></span> <span class='ocrx_word' id='word_1_714' title='bbox 2616 2917 2949 2985; x_wconf 87' lang='lat' dir='ltr'><strong>aliarumque</strong></span> <span class='ocrx_word' id='word_1_715' title='bbox 2973 2916 3426 2971; x_wconf 90' lang='lat' dir='ltr'><strong>combustibilium</strong></span> <span class='ocrx_word' id='word_1_716' title='bbox 3461 2919 3837 2985; x_wconf 88' lang='lat' dir='ltr'><strong>materiarum,</strong></span> <span class='ocrx_word' id='word_1_717' title='bbox 3868 2921 4021 2976; x_wconf 88' lang='lat' dir='ltr'><strong>velut</strong></span> 
     </span>
    </p>
   </div>
   <div class='ocr_carea' id='block_1_95' title="bbox 2416 2990 4015 3057">
    <p class='ocr_par' dir='ltr' id='par_1_95' title="bbox 2416 2990 4015 3057">
     <span class='ocr_line' id='line_1_96' title="bbox 2416 2990 4015 3057; baseline 0.001 -14"><span class='ocrx_word' id='word_1_718' title='bbox 2416 2990 2468 3043; x_wconf 88' lang='lat' dir='ltr'><strong>iti</strong></span> <span class='ocrx_word' id='word_1_719' title='bbox 2502 3007 2658 3044; x_wconf 90' lang='lat' dir='ltr'><strong>ttuam</strong></span> <span class='ocrx_word' id='word_1_720' title='bbox 2691 3003 2919 3042; x_wconf 89' lang='lat' dir='ltr'><strong>massam</strong></span> <span class='ocrx_word' id='word_1_721' title='bbox 2951 3001 3386 3042; x_wconf 77' lang='lat' dir='ltr'><strong>eoat-ervatarnm</strong></span> <span class='ocrx_word' id='word_1_722' title='bbox 3418 2992 3496 3043; x_wconf 91' lang='lat' dir='ltr'><strong>vis</strong></span> <span class='ocrx_word' id='word_1_723' title='bbox 3521 3030 3536 3052; x_wconf 96' lang='lat'><strong>,</strong></span> <span class='ocrx_word' id='word_1_724' title='bbox 3576 3003 3807 3057; x_wconf 87' lang='lat' dir='ltr'><strong>quantus</strong></span> <span class='ocrx_word' id='word_1_725' title='bbox 3841 2992 4015 3057; x_wconf 88' lang='lat' dir='ltr'><strong>furor,</strong></span> 
     </span>
    </p>
   </div>
   <div class='ocr_carea' id='block_1_96' title="bbox 2417 3057 4021 3132">
    <p class='ocr_par' dir='ltr' id='par_1_96' title="bbox 2417 3057 4021 3132">
     <span class='ocr_line' id='line_1_97' title="bbox 2417 3057 4021 3132; baseline 0 -16"><span class='ocrx_word' id='word_1_726' title='bbox 2417 3072 2686 3130; x_wconf 66' lang='lat' dir='ltr'><strong>mstusqne</strong></span> <span class='ocrx_word' id='word_1_727' title='bbox 2727 3060 2880 3129; x_wconf 79' lang='lat' dir='ltr'><strong>hujus</strong></span> <span class='ocrx_word' id='word_1_728' title='bbox 2912 3057 3112 3114; x_wconf 90' lang='lat' dir='ltr'><strong>Oceani</strong></span> <span class='ocrx_word' id='word_1_729' title='bbox 3159 3062 3310 3132; x_wconf 85' lang='lat' dir='ltr'><strong>erat!</strong></span> <span class='ocrx_word' id='word_1_730' title='bbox 3355 3061 3644 3131; x_wconf 89' lang='lat' dir='ltr'><strong>quantillus</strong></span> <span class='ocrx_word' id='word_1_731' title='bbox 3686 3063 3871 3132; x_wconf 88' lang='lat' dir='ltr'><strong>(quod</strong></span> <span class='ocrx_word' id='word_1_732' title='bbox 3907 3074 4021 3118; x_wconf 80' lang='lat' dir='ltr'><strong>stu-</strong></span> 
     </span>
    </p>
   </div>
   <div class='ocr_carea' id='block_1_97' title="bbox 2420 3131 4021 3203">
    <p class='ocr_par' dir='ltr' id='par_1_97' title="bbox 2420 3131 4021 3203">
     <span class='ocr_line' id='line_1_98' title="bbox 2420 3131 4021 3203; baseline 0.005 -22"><span class='ocrx_word' id='word_1_733' title='bbox 2420 3133 2646 3201; x_wconf 85' lang='lat' dir='ltr'><strong>penduin</strong></span> <span class='ocrx_word' id='word_1_734' title='bbox 2677 3133 2834 3188; x_wconf 84' lang='lat' dir='ltr'><strong>sane!</strong></span> <span class='ocrx_word' id='word_1_735' title='bbox 2862 3135 2879 3202; x_wconf 72' lang='lat'><strong><em>)</em></strong></span> <span class='ocrx_word' id='word_1_736' title='bbox 2910 3132 3047 3202; x_wconf 90' lang='lat' dir='ltr'><strong>apud</strong></span> <span class='ocrx_word' id='word_1_737' title='bbox 3082 3131 3277 3186; x_wconf 88' lang='lat' dir='ltr'><strong>multos</strong></span> <span class='ocrx_word' id='word_1_738' title='bbox 3316 3143 3627 3203; x_wconf 90' lang='lat' dir='ltr'><strong>peccatores</strong></span> <span class='ocrx_word' id='word_1_739' title='bbox 3663 3131 3911 3202; x_wconf 82' lang='lat' dir='ltr'><strong>ejusdem</strong></span> <span class='ocrx_word' id='word_1_740' title='bbox 3956 3138 4021 3189; x_wconf 87' lang='lat' dir='ltr'><strong>ti-</strong></span> 
     </span>
    </p>
   </div>
   <div class='ocr_carea' id='block_1_98' title="bbox 2419 3203 4020 3276">
    <p class='ocr_par' dir='ltr' id='par_1_98' title="bbox 2419 3203 4020 3276">
     <span class='ocr_line' id='line_1_99' title="bbox 2419 3203 4020 3276; baseline 0.001 -19"><span class='ocrx_word' id='word_1_741' title='bbox 2419 3219 2536 3257; x_wconf 89' lang='lat' dir='ltr'><strong>mor</strong></span> <span class='ocrx_word' id='word_1_742' title='bbox 2562 3206 2676 3259; x_wconf 88' lang='lat' dir='ltr'><strong>est!</strong></span> <span class='ocrx_word' id='word_1_743' title='bbox 2710 3205 2843 3261; x_wconf 84' lang='lat' dir='ltr'><strong>Vide</strong></span> <span class='ocrx_word' id='word_1_744' title='bbox 2876 3215 3077 3267; x_wconf 88' lang='lat' dir='ltr'><strong>autem,</strong></span> <span class='ocrx_word' id='word_1_745' title='bbox 3104 3203 3228 3272; x_wconf 90' lang='lat' dir='ltr'><strong>quid</strong></span> <span class='ocrx_word' id='word_1_746' title='bbox 3261 3205 3401 3276; x_wconf 88' lang='lat' dir='ltr'><strong>apud</strong></span> <span class='ocrx_word' id='word_1_747' title='bbox 3428 3206 3654 3262; x_wconf 87' lang='lat' dir='ltr'><strong>miseros</strong></span> <span class='ocrx_word' id='word_1_748' title='bbox 3690 3207 3815 3262; x_wconf 92' lang='lat' dir='ltr'><strong>illos</strong></span> <span class='ocrx_word' id='word_1_749' title='bbox 3860 3207 4020 3261; x_wconf 86' lang='lat' dir='ltr'><strong>Cata-</strong></span> 
     </span>
    </p>
   </div>
   <div class='ocr_carea' id='block_1_99' title="bbox 2419 3277 4013 3347">
    <p class='ocr_par' dir='ltr' id='par_1_99' title="bbox 2419 3277 4013 3347">
     <span class='ocr_line' id='line_1_100' title="bbox 2419 3277 4013 3347; baseline 0.003 -20"><span class='ocrx_word' id='word_1_750' title='bbox 2419 3292 2622 3329; x_wconf 88' lang='lat' dir='ltr'><strong>neeuses</strong></span> <span class='ocrx_word' id='word_1_751' title='bbox 2664 3279 2850 3330; x_wconf 90' lang='lat' dir='ltr'><strong>mortis</strong></span> <span class='ocrx_word' id='word_1_752' title='bbox 2875 3277 3473 3347; x_wconf 73' lang='lat' dir='ltr'><strong>duntaxattemporalis</strong></span> <span class='ocrx_word' id='word_1_753' title='bbox 3519 3285 3694 3333; x_wconf 91' lang='lat' dir='ltr'><strong>metus</strong></span> <span class='ocrx_word' id='word_1_754' title='bbox 3737 3281 4013 3347; x_wconf 86' lang='lat' dir='ltr'><strong>potuerit!</strong></span> 
     </span>
    </p>
   </div>
   <div class='ocr_carea' id='block_1_100' title="bbox 2426 3345 4020 3422">
    <p class='ocr_par' dir='ltr' id='par_1_100' title="bbox 2426 3345 4020 3422">
     <span class='ocr_line' id='line_1_101' title="bbox 2426 3345 4020 3422; baseline 0.001 -22"><span class='ocrx_word' id='word_1_755' title='bbox 2426 3369 2443 3400; x_wconf 83' lang='lat' dir='ltr'><strong>i</strong></span> <span class='ocrx_word' id='word_1_756' title='bbox 2479 3347 2724 3422; x_wconf 59' lang='lat' dir='ltr'><strong>Planctus</strong></span> <span class='ocrx_word' id='word_1_757' title='bbox 2792 3350 2919 3422; x_wconf 76' lang='lat' dir='ltr'><strong>(ita</strong></span> <span class='ocrx_word' id='word_1_758' title='bbox 2948 3348 3090 3422; x_wconf 84' lang='lat' dir='ltr'><strong>enim</strong></span> <span class='ocrx_word' id='word_1_759' title='bbox 3139 3345 3414 3422; x_wconf 83' lang='lat' dir='ltr'><strong>historiam</strong></span> <span class='ocrx_word' id='word_1_760' title='bbox 3477 3363 3628 3401; x_wconf 90' lang='lat' dir='ltr'><strong>suam</strong></span> <span class='ocrx_word' id='word_1_761' title='bbox 3671 3345 4020 3419; x_wconf 78' lang='lat' dir='ltr'><strong>presequitur</strong></span> 
     </span>
    </p>
   </div>
   <div class='ocr_carea' id='block_1_101' title="bbox 2425 3418 4018 3494">
    <p class='ocr_par' dir='ltr' id='par_1_101' title="bbox 2425 3418 4018 3494">
     <span class='ocr_line' id='line_1_102' title="bbox 2425 3418 4018 3494; baseline 0.013 -24"><span class='ocrx_word' id='word_1_762' title='bbox 2425 3438 2444 3470; x_wconf 73' lang='grc' dir='ltr'><strong>ι</strong></span> <span class='ocrx_word' id='word_1_763' title='bbox 2473 3418 2838 3494; x_wconf 76' lang='lat' dir='ltr'><strong>SquillaCius),</strong></span> <span class='ocrx_word' id='word_1_764' title='bbox 2870 3418 3160 3494; x_wconf 70' lang='lat' dir='ltr'><strong>disciplina,</strong></span> <span class='ocrx_word' id='word_1_765' title='bbox 3178 3418 3862 3494; x_wconf 46' lang='grc' dir='ltr'><strong>ργαιὶοῃςενρτοεεεέὶυηαέ</strong></span> <span class='ocrx_word' id='word_1_766' title='bbox 3883 3425 4018 3494; x_wconf 45' lang='lat' dir='ltr'><strong>fill&quot;</strong></span> 
     </span>
    </p>
   </div>
   <div class='ocr_carea' id='block_1_102' title="bbox 2426 3489 4016 3557">
    <p class='ocr_par' dir='ltr' id='par_1_102' title="bbox 2426 3489 4016 3557">
     <span class='ocr_line' id='line_1_103' title="bbox 2426 3489 4016 3557; baseline 0.004 -16"><span class='ocrx_word' id='word_1_767' title='bbox 2426 3509 2444 3541; x_wconf 78' lang='grc' dir='ltr'><strong>ι</strong></span> <span class='ocrx_word' id='word_1_768' title='bbox 2472 3492 2556 3543; x_wconf 86' lang='lat' dir='ltr'><strong>uia</strong></span> <span class='ocrx_word' id='word_1_769' title='bbox 2578 3533 2590 3554; x_wconf 92' lang='lat'><strong>,</strong></span> <span class='ocrx_word' id='word_1_770' title='bbox 2624 3493 2942 3553; x_wconf 85' lang='lat' dir='ltr'><strong>abstinentia,</strong></span> <span class='ocrx_word' id='word_1_771' title='bbox 2974 3491 3309 3557; x_wconf 77' lang='lat' dir='ltr'><strong>expositiones</strong></span> <span class='ocrx_word' id='word_1_772' title='bbox 3347 3489 3417 3544; x_wconf 77' lang='grc'><strong>40</strong></span> <span class='ocrx_word' id='word_1_773' title='bbox 3460 3491 3736 3555; x_wconf 85' lang='lat' dir='ltr'><strong>horarum,</strong></span> <span class='ocrx_word' id='word_1_774' title='bbox 3772 3494 3824 3545; x_wconf 87' lang='lat' dir='ltr'><strong>iii</strong></span> <span class='ocrx_word' id='word_1_775' title='bbox 3858 3489 4016 3550; x_wconf 56' lang='lat' dir='ltr'><strong>n&#39;nllis</strong></span> 
     </span>
    </p>
   </div>
   <div class='ocr_carea' id='block_1_103' title="bbox 2426 3563 4014 3632">
    <p class='ocr_par' dir='ltr' id='par_1_103' title="bbox 2426 3563 4014 3632">
     <span class='ocr_line' id='line_1_104' title="bbox 2426 3563 4014 3632; baseline 0.003 -20"><span class='ocrx_word' id='word_1_776' title='bbox 2426 3580 2443 3612; x_wconf 79' lang='grc' dir='ltr'><strong>ι</strong></span> <span class='ocrx_word' id='word_1_777' title='bbox 2479 3564 2727 3618; x_wconf 67' lang='grc' dir='ltr'><strong>Ιίςςιθςιίε</strong></span> <span class='ocrx_word' id='word_1_778' title='bbox 2745 3572 3046 3626; x_wconf 82' lang='lat' dir='ltr'><strong>cessabant,</strong></span> <span class='ocrx_word' id='word_1_779' title='bbox 3074 3571 3385 3630; x_wconf 87' lang='lat' dir='ltr'><strong>tantumque</strong></span> <span class='ocrx_word' id='word_1_780' title='bbox 3405 3563 3646 3616; x_wconf 91' lang='lat' dir='ltr'><strong>dolorem</strong></span> <span class='ocrx_word' id='word_1_781' title='bbox 3673 3565 4014 3632; x_wconf 77' lang='lat' dir='ltr'><strong>ingerebant,</strong></span> 
     </span>
    </p>
   </div>
   <div class='ocr_carea' id='block_1_104' title="bbox 2426 3633 4015 3707">
    <p class='ocr_par' dir='ltr' id='par_1_104' title="bbox 2426 3633 4015 3707">
     <span class='ocr_line' id='line_1_105' title="bbox 2426 3633 4015 3707; baseline 0.001 -23"><span class='ocrx_word' id='word_1_782' title='bbox 2426 3653 2444 3684; x_wconf 74' lang='grc' dir='ltr'><strong>ι</strong></span> <span class='ocrx_word' id='word_1_783' title='bbox 2476 3642 2533 3688; x_wconf 84' lang='grc' dir='ltr'><strong>ιιι</strong></span> <span class='ocrx_word' id='word_1_784' title='bbox 2570 3649 2694 3688; x_wconf 72' lang='lat' dir='ltr'><strong>saxa</strong></span> <span class='ocrx_word' id='word_1_785' title='bbox 2741 3637 3186 3707; x_wconf 82' lang='lat' dir='ltr'><strong>laerymarentur.</strong></span> <span class='ocrx_word' id='word_1_786' title='bbox 3213 3653 3229 3684; x_wconf 75' lang='grc' dir='ltr'><strong>ι</strong></span> <span class='ocrx_word' id='word_1_787' title='bbox 3259 3633 3325 3687; x_wconf 83' lang='grc' dir='ltr'>Ει</span> <span class='ocrx_word' id='word_1_788' title='bbox 3349 3635 3458 3702; x_wconf 89' lang='lat' dir='ltr'><strong>jam</strong></span> <span class='ocrx_word' id='word_1_789' title='bbox 3487 3633 3857 3707; x_wconf 82' lang='lat' dir='ltr'><strong>induralorum</strong></span> <span class='ocrx_word' id='word_1_790' title='bbox 3881 3653 4015 3704; x_wconf 86' lang='lat' dir='ltr'><strong>quo-</strong></span> 
     </span>
    </p>
   </div>
   <div class='ocr_carea' id='block_1_105' title="bbox 2420 3705 4018 3776">
    <p class='ocr_par' dir='ltr' id='par_1_105' title="bbox 2420 3705 4018 3776">
     <span class='ocr_line' id='line_1_106' title="bbox 2420 3705 4018 3776; baseline 0.001 -18"><span class='ocrx_word' id='word_1_791' title='bbox 2420 3707 2664 3758; x_wconf 91' lang='lat' dir='ltr'><strong>rumdam</strong></span> <span class='ocrx_word' id='word_1_792' title='bbox 2684 3705 3020 3774; x_wconf 83' lang='lat' dir='ltr'><strong>peccatorum</strong></span> <span class='ocrx_word' id='word_1_793' title='bbox 3047 3705 3322 3774; x_wconf 89' lang='lat' dir='ltr'><strong>plusquam</strong></span> <span class='ocrx_word' id='word_1_794' title='bbox 3353 3720 3511 3760; x_wconf 82' lang='lat' dir='ltr'><strong>saxea</strong></span> <span class='ocrx_word' id='word_1_795' title='bbox 3537 3705 3698 3759; x_wconf 82' lang='lat' dir='ltr'><strong>Corda</strong></span> <span class='ocrx_word' id='word_1_796' title='bbox 3721 3716 3870 3769; x_wconf 88' lang='lat' dir='ltr'><strong>sunt,</strong></span> <span class='ocrx_word' id='word_1_797' title='bbox 3900 3725 4018 3776; x_wconf 85' lang='lat' dir='ltr'><strong>qua:</strong></span> 
     </span>
    </p>
   </div>
   <div class='ocr_carea' id='block_1_106' title="bbox 2421 3777 3977 3848">
    <p class='ocr_par' dir='ltr' id='par_1_106' title="bbox 2421 3777 3977 3848">
     <span class='ocr_line' id='line_1_107' title="bbox 2421 3777 3977 3848; baseline 0.001 -18"><span class='ocrx_word' id='word_1_798' title='bbox 2421 3779 2609 3830; x_wconf 89' lang='lat' dir='ltr'><strong>tuortis</strong></span> <span class='ocrx_word' id='word_1_799' title='bbox 2639 3791 2852 3830; x_wconf 73' lang='lat' dir='ltr'><strong>a-terna-</strong></span> <span class='ocrx_word' id='word_1_800' title='bbox 2886 3777 3184 3848; x_wconf 87' lang='lat' dir='ltr'><strong>formidine</strong></span> <span class='ocrx_word' id='word_1_801' title='bbox 3203 3791 3269 3830; x_wconf 89' lang='lat' dir='ltr'><strong>ne</strong></span> <span class='ocrx_word' id='word_1_802' title='bbox 3298 3789 3708 3830; x_wconf 88' lang='lat' dir='ltr'><strong>commoventur</strong></span> <span class='ocrx_word' id='word_1_803' title='bbox 3736 3779 3977 3848; x_wconf 92' lang='lat' dir='ltr'><strong>quidem.</strong></span> 
     </span>
    </p>
   </div>
   <div class='ocr_carea' id='block_1_107' title="bbox 2492 3847 4020 3918">
    <p class='ocr_par' dir='ltr' id='par_1_107' title="bbox 2492 3847 4020 3918">
     <span class='ocr_line' id='line_1_108' title="bbox 2492 3847 4020 3918; baseline 0 -15"><span class='ocrx_word' id='word_1_804' title='bbox 2492 3849 2597 3903; x_wconf 90' lang='lat' dir='ltr'><strong>Sed</strong></span> <span class='ocrx_word' id='word_1_805' title='bbox 2640 3864 2768 3903; x_wconf 91' lang='lat' dir='ltr'><strong>ecce</strong></span> <span class='ocrx_word' id='word_1_806' title='bbox 2820 3863 3004 3902; x_wconf 82' lang='lat' dir='ltr'><strong>rursus</strong></span> <span class='ocrx_word' id='word_1_807' title='bbox 3048 3847 3188 3900; x_wconf 88' lang='lat' dir='ltr'><strong>aliud</strong></span> <span class='ocrx_word' id='word_1_808' title='bbox 3233 3850 3600 3918; x_wconf 80' lang='lat' dir='ltr'><strong>fumariolum,</strong></span> <span class='ocrx_word' id='word_1_809' title='bbox 3645 3847 3810 3916; x_wconf 81' lang='lat' dir='ltr'><strong>atque</strong></span> <span class='ocrx_word' id='word_1_810' title='bbox 3851 3865 3919 3904; x_wconf 78' lang='lat' dir='ltr'><strong>ex</strong></span> <span class='ocrx_word' id='word_1_811' title='bbox 3953 3865 4020 3904; x_wconf 87' lang='lat' dir='ltr'><strong>eo</strong></span> 
     </span>
    </p>
   </div>
   <div class='ocr_carea' id='block_1_108' title="bbox 2421 3919 4017 3990">
    <p class='ocr_par' dir='ltr' id='par_1_108' title="bbox 2421 3919 4017 3990">
     <span class='ocr_line' id='line_1_109' title="bbox 2421 3919 4017 3990; baseline 0 -16"><span class='ocrx_word' id='word_1_812' title='bbox 2421 3935 2710 3990; x_wconf 81' lang='lat' dir='ltr'><strong>erumpens</strong></span> <span class='ocrx_word' id='word_1_813' title='bbox 2741 3921 3088 3978; x_wconf 85' lang='lat' dir='ltr'><strong>incendium.</strong></span> <span class='ocrx_word' id='word_1_814' title='bbox 3136 3919 3222 3990; x_wconf 83' lang='lat' dir='ltr'><strong>cui</strong></span> <span class='ocrx_word' id='word_1_815' title='bbox 3265 3919 3644 3988; x_wconf 82' lang='lat' dir='ltr'><strong>restinguendo</strong></span> <span class='ocrx_word' id='word_1_816' title='bbox 3687 3936 3754 3973; x_wconf 88' lang='lat' dir='ltr'><strong>ne</strong></span> <span class='ocrx_word' id='word_1_817' title='bbox 3799 3921 4017 3989; x_wconf 88' lang='lat' dir='ltr'><strong>quidem</strong></span> 
     </span>
    </p>
   </div>
   <div class='ocr_carea' id='block_1_109' title="bbox 2419 3988 4020 4061">
    <p class='ocr_par' dir='ltr' id='par_1_109' title="bbox 2419 3988 4020 4061">
     <span class='ocr_line' id='line_1_110' title="bbox 2419 3988 4020 4061; baseline 0 -15"><span class='ocrx_word' id='word_1_818' title='bbox 2419 3988 2663 4048; x_wconf 83' lang='lat' dir='ltr'><strong>Oceanus</strong></span> <span class='ocrx_word' id='word_1_819' title='bbox 2692 3995 2802 4061; x_wconf 90' lang='lat' dir='ltr'><strong>ipse</strong></span> <span class='ocrx_word' id='word_1_820' title='bbox 2837 4007 2929 4061; x_wconf 88' lang='lat' dir='ltr'><strong>par</strong></span> <span class='ocrx_word' id='word_1_821' title='bbox 2958 3992 3154 4061; x_wconf 70' lang='lat' dir='ltr'><strong>fuerat.</strong></span> <span class='ocrx_word' id='word_1_822' title='bbox 3190 3988 3490 4061; x_wconf 81' lang='lat' dir='ltr'><strong>Incredibili</strong></span> <span class='ocrx_word' id='word_1_823' title='bbox 3538 3989 3662 4045; x_wconf 90' lang='lat' dir='ltr'><strong>huic</strong></span> <span class='ocrx_word' id='word_1_824' title='bbox 3706 3988 4020 4060; x_wconf 86' lang='lat' dir='ltr'><strong>spectaculo</strong></span> 
     </span>
    </p>
   </div>
   <div class='ocr_carea' id='block_1_110' title="bbox 2422 4059 4016 4131">
    <p class='ocr_par' dir='ltr' id='par_1_110' title="bbox 2422 4059 4016 4131">
     <span class='ocr_line' id='line_1_111' title="bbox 2422 4059 4016 4131; baseline -0.001 -14"><span class='ocrx_word' id='word_1_825' title='bbox 2422 4059 2914 4118; x_wconf 71' lang='lat' dir='ltr'><strong>niaxiiiianrtainen</strong></span> <span class='ocrx_word' id='word_1_826' title='bbox 2945 4061 3103 4116; x_wconf 80' lang='lat' dir='ltr'><strong>fidem</strong></span> <span class='ocrx_word' id='word_1_827' title='bbox 3137 4060 3264 4115; x_wconf 92' lang='lat' dir='ltr'><strong>facit</strong></span> <span class='ocrx_word' id='word_1_828' title='bbox 3290 4060 3356 4114; x_wconf 89' lang='lat' dir='ltr'><strong>P.</strong></span> <span class='ocrx_word' id='word_1_829' title='bbox 3392 4059 3694 4115; x_wconf 76' lang='lat' dir='ltr'><strong>Ilicciardus</strong></span> <span class='ocrx_word' id='word_1_830' title='bbox 3722 4059 3786 4117; x_wconf 90' lang='lat' dir='ltr'><strong>S.</strong></span> <span class='ocrx_word' id='word_1_831' title='bbox 3815 4061 3875 4116; x_wconf 80' lang='lat' dir='ltr'><strong>J.</strong></span> <span class='ocrx_word' id='word_1_832' title='bbox 3903 4066 4016 4131; x_wconf 89' lang='lat' dir='ltr'><strong>qui,</strong></span> 
     </span>
    </p>
   </div>
   <div class='ocr_carea' id='block_1_111' title="bbox 2421 4132 4016 4190">
    <p class='ocr_par' dir='ltr' id='par_1_111' title="bbox 2421 4132 4016 4190">
     <span class='ocr_line' id='line_1_112' title="bbox 2421 4132 4016 4190; baseline -0.004 0"><span class='ocrx_word' id='word_1_833' title='bbox 2421 4145 2479 4190; x_wconf 91' lang='lat' dir='ltr'><strong>ut</strong></span> <span class='ocrx_word' id='word_1_834' title='bbox 2505 4135 2796 4189; x_wconf 80' lang='lat' dir='ltr'><strong>Kircherns</strong></span> <span class='ocrx_word' id='word_1_835' title='bbox 2829 4133 2887 4186; x_wconf 92' lang='lat' dir='ltr'><strong>L.</strong></span> <span class='ocrx_word' id='word_1_836' title='bbox 2922 4133 2986 4187; x_wconf 87' lang='lat' dir='ltr'><strong>IV</strong></span> <span class='ocrx_word' id='word_1_837' title='bbox 3022 4133 3205 4186; x_wconf 82' lang='lat' dir='ltr'><strong>Mund.</strong></span> <span class='ocrx_word' id='word_1_838' title='bbox 3237 4132 3449 4189; x_wconf 86' lang='lat' dir='ltr'><strong>subter..</strong></span> <span class='ocrx_word' id='word_1_839' title='bbox 3480 4135 3529 4185; x_wconf 93' lang='lat' dir='ltr'><strong>in</strong></span> <span class='ocrx_word' id='word_1_840' title='bbox 3573 4134 3688 4188; x_wconf 67' lang='lat' dir='ltr'><strong>haec</strong></span> <span class='ocrx_word' id='word_1_841' title='bbox 3731 4133 3897 4189; x_wconf 83' lang='lat' dir='ltr'><strong>verba</strong></span> <span class='ocrx_word' id='word_1_842' title='bbox 3939 4145 4016 4187; x_wconf 79' lang='lat' dir='ltr'><strong>te-</strong></span> 
     </span>
    </p>
   </div>
   <div class='ocr_carea' id='block_1_112' title="bbox 2421 4204 4020 4269">
    <p class='ocr_par' dir='ltr' id='par_1_112' title="bbox 2421 4204 4020 4269">
     <span class='ocr_line' id='line_1_113' title="bbox 2421 4204 4020 4269; baseline 0 -10"><span class='ocrx_word' id='word_1_843' title='bbox 2421 4217 2591 4260; x_wconf 85' lang='lat' dir='ltr'><strong>statur</strong></span> <span class='ocrx_word' id='word_1_844' title='bbox 2611 4224 2622 4258; x_wconf 89' lang='lat'><strong>:</strong></span> <span class='ocrx_word' id='word_1_845' title='bbox 2644 4205 2876 4259; x_wconf 73' lang='lat' dir='ltr'><strong>Prwseus</strong></span> <span class='ocrx_word' id='word_1_846' title='bbox 2906 4206 3076 4257; x_wconf 88' lang='lat' dir='ltr'><strong>omnia</strong></span> <span class='ocrx_word' id='word_1_847' title='bbox 3103 4204 3264 4256; x_wconf 85' lang='lat' dir='ltr'><strong>oculis</strong></span> <span class='ocrx_word' id='word_1_848' title='bbox 3294 4205 3398 4256; x_wconf 86' lang='lat' dir='ltr'><strong>suis</strong></span> <span class='ocrx_word' id='word_1_849' title='bbox 3425 4205 3568 4269; x_wconf 80' lang='lat' dir='ltr'><strong>vidit,</strong></span> <span class='ocrx_word' id='word_1_850' title='bbox 3598 4215 3643 4256; x_wconf 79' lang='lat' dir='ltr'><strong>et</strong></span> <span class='ocrx_word' id='word_1_851' title='bbox 3671 4204 3838 4258; x_wconf 85' lang='lat' dir='ltr'><strong>Roma</strong></span> <span class='ocrx_word' id='word_1_852' title='bbox 3867 4209 4020 4260; x_wconf 80' lang='lat' dir='ltr'><strong>totius</strong></span> 
     </span>
    </p>
   </div>
   <div class='ocr_carea' id='block_1_113' title="bbox 2420 4275 4021 4344">
    <p class='ocr_par' dir='ltr' id='par_1_113' title="bbox 2420 4275 4021 4344">
     <span class='ocr_line' id='line_1_114' title="bbox 2420 4275 4021 4344; baseline -0.001 -13"><span class='ocrx_word' id='word_1_853' title='bbox 2420 4279 2494 4331; x_wconf 84' lang='lat' dir='ltr'><strong>rei</strong></span> <span class='ocrx_word' id='word_1_854' title='bbox 2519 4289 2744 4331; x_wconf 85' lang='lat' dir='ltr'><strong>eventum</strong></span> <span class='ocrx_word' id='word_1_855' title='bbox 2771 4277 2894 4329; x_wconf 83' lang='lat' dir='ltr'><strong>milii</strong></span> <span class='ocrx_word' id='word_1_856' title='bbox 2916 4292 3002 4328; x_wconf 91' lang='lat' dir='ltr'><strong>ore</strong></span> <span class='ocrx_word' id='word_1_857' title='bbox 3018 4286 3158 4328; x_wconf 85' lang='lat' dir='ltr'><strong>tenus</strong></span> <span class='ocrx_word' id='word_1_858' title='bbox 3197 4275 3514 4344; x_wconf 88' lang='lat' dir='ltr'><strong>postmodum</strong></span> <span class='ocrx_word' id='word_1_859' title='bbox 3540 4276 3732 4339; x_wconf 86' lang='lat' dir='ltr'><strong>retulit,</strong></span> <span class='ocrx_word' id='word_1_860' title='bbox 3757 4286 3804 4329; x_wconf 86' lang='lat' dir='ltr'><strong>et</strong></span> <span class='ocrx_word' id='word_1_861' title='bbox 3829 4282 4021 4344; x_wconf 82' lang='lat' dir='ltr'><strong>scripto</strong></span> 
     </span>
    </p>
   </div>
   <div class='ocr_carea' id='block_1_114' title="bbox 2423 4345 4022 4417">
    <p class='ocr_par' dir='ltr' id='par_1_114' title="bbox 2423 4345 4022 4417">
     <span class='ocr_line' id='line_1_115' title="bbox 2423 4345 4022 4417; baseline -0.001 -14"><span class='ocrx_word' id='word_1_862' title='bbox 2423 4350 2702 4404; x_wconf 85' lang='lat' dir='ltr'><strong>testimonio</strong></span> <span class='ocrx_word' id='word_1_863' title='bbox 2728 4349 3005 4417; x_wconf 85' lang='lat' dir='ltr'><strong>posteritati</strong></span> <span class='ocrx_word' id='word_1_864' title='bbox 3028 4357 3197 4401; x_wconf 89' lang='lat' dir='ltr'><strong>notum</strong></span> <span class='ocrx_word' id='word_1_865' title='bbox 3220 4361 3324 4400; x_wconf 88' lang='lat' dir='ltr'><strong>esse</strong></span> <span class='ocrx_word' id='word_1_866' title='bbox 3344 4347 3516 4417; x_wconf 71' lang='lat' dir='ltr'><strong>uoluit.</strong></span> <span class='ocrx_word' id='word_1_867' title='bbox 3546 4347 3618 4401; x_wconf 88' lang='lat' dir='ltr'><strong>Ita</strong></span> <span class='ocrx_word' id='word_1_868' title='bbox 3643 4361 3771 4401; x_wconf 90' lang='lat' dir='ltr'><strong>vero</strong></span> <span class='ocrx_word' id='word_1_869' title='bbox 3801 4345 3867 4400; x_wconf 77' lang='grc' dir='ltr'><strong>ι».</strong></span> <span class='ocrx_word' id='word_1_870' title='bbox 3901 4348 4022 4402; x_wconf 78' lang='lat' dir='ltr'><strong>Ric-</strong></span> 
     </span>
    </p>
   </div>
   <div class='ocr_carea' id='block_1_115' title="bbox 2421 4416 4022 4484">
    <p class='ocr_par' dir='ltr' id='par_1_115' title="bbox 2421 4416 4022 4484">
     <span class='ocr_line' id='line_1_116' title="bbox 2421 4416 4022 4484; baseline -0.003 -10"><span class='ocrx_word' id='word_1_871' title='bbox 2421 4422 2612 4484; x_wconf 81' lang='lat' dir='ltr'><strong>ciardi,</strong></span> <span class='ocrx_word' id='word_1_872' title='bbox 2646 4416 2846 4474; x_wconf 88' lang='lat' dir='ltr'><strong>nteant</strong></span> <span class='ocrx_word' id='word_1_873' title='bbox 2900 4418 3297 4473; x_wconf 76' lang='lat' dir='ltr'><strong>laudatissimns</strong></span> <span class='ocrx_word' id='word_1_874' title='bbox 3337 4416 3618 4472; x_wconf 80' lang='lat' dir='ltr'><strong>Kirrlierus</strong></span> <span class='ocrx_word' id='word_1_875' title='bbox 3664 4435 3762 4471; x_wconf 87' lang='lat' dir='ltr'><strong>suo</strong></span> <span class='ocrx_word' id='word_1_876' title='bbox 3807 4420 4022 4472; x_wconf 89' lang='lat' dir='ltr'><strong>calamo</strong></span> 
     </span>
    </p>
   </div>
   <div class='ocr_carea' id='block_1_116' title="bbox 2422 4489 4017 4561">
    <p class='ocr_par' dir='ltr' id='par_1_116' title="bbox 2422 4489 4017 4561">
     <span class='ocr_line' id='line_1_117' title="bbox 2422 4489 4017 4561; baseline -0.001 -15"><span class='ocrx_word' id='word_1_877' title='bbox 2422 4493 2747 4561; x_wconf 87' lang='lat' dir='ltr'><strong>posteritatis</strong></span> <span class='ocrx_word' id='word_1_878' title='bbox 2780 4493 3052 4545; x_wconf 80' lang='lat' dir='ltr'><strong>memoria:</strong></span> <span class='ocrx_word' id='word_1_879' title='bbox 3093 4491 3522 4554; x_wconf 89' lang='lat' dir='ltr'><strong>commendavit,</strong></span> <span class='ocrx_word' id='word_1_880' title='bbox 3554 4491 3792 4544; x_wconf 89' lang='lat' dir='ltr'><strong>narratio</strong></span> <span class='ocrx_word' id='word_1_881' title='bbox 3833 4489 4017 4546; x_wconf 86' lang='lat' dir='ltr'><strong>habet:</strong></span> 
     </span>
    </p>
   </div>
   <div class='ocr_carea' id='block_1_117' title="bbox 2428 4561 4021 4633">
    <p class='ocr_par' dir='ltr' id='par_1_117' title="bbox 2428 4561 4021 4633">
     <span class='ocr_line' id='line_1_118' title="bbox 2428 4561 4021 4633; baseline -0.001 -17"><span class='ocrx_word' id='word_1_882' title='bbox 2428 4584 2446 4616; x_wconf 75' lang='grc' dir='ltr'><strong>ι</strong></span> <span class='ocrx_word' id='word_1_883' title='bbox 2476 4564 2530 4620; x_wconf 89' lang='lat' dir='ltr'><strong>Si</strong></span> <span class='ocrx_word' id='word_1_884' title='bbox 2565 4579 2794 4633; x_wconf 89' lang='lat' dir='ltr'><strong>unquam</strong></span> <span class='ocrx_word' id='word_1_885' title='bbox 2827 4563 2974 4632; x_wconf 81' lang='lat' dir='ltr'><strong>ignes</strong></span> <span class='ocrx_word' id='word_1_886' title='bbox 3005 4563 3081 4617; x_wconf 93' lang='lat' dir='ltr'><strong>illi</strong></span> <span class='ocrx_word' id='word_1_887' title='bbox 3124 4561 3365 4614; x_wconf 90' lang='lat' dir='ltr'><strong>conclusi</strong></span> <span class='ocrx_word' id='word_1_888' title='bbox 3410 4562 3460 4614; x_wconf 90' lang='lat' dir='ltr'><strong>in</strong></span> <span class='ocrx_word' id='word_1_889' title='bbox 3513 4570 3668 4615; x_wconf 80' lang='lat' dir='ltr'><strong>terra:</strong></span> <span class='ocrx_word' id='word_1_890' title='bbox 3716 4563 4021 4616; x_wconf 90' lang='lat' dir='ltr'><strong>visceribus</strong></span> 
     </span>
    </p>
   </div>
   <div class='ocr_carea' id='block_1_118' title="bbox 2430 4633 4022 4702">
    <p class='ocr_par' dir='ltr' id='par_1_118' title="bbox 2430 4633 4022 4702">
     <span class='ocr_line' id='line_1_119' title="bbox 2430 4633 4022 4702; baseline -0.001 -14"><span class='ocrx_word' id='word_1_891' title='bbox 2430 4655 2448 4687; x_wconf 82' lang='grc' dir='ltr'><strong>ι</strong></span> <span class='ocrx_word' id='word_1_892' title='bbox 2479 4637 2583 4688; x_wconf 90' lang='lat' dir='ltr'><strong>vim</strong></span> <span class='ocrx_word' id='word_1_893' title='bbox 2617 4649 2766 4688; x_wconf 92' lang='lat' dir='ltr'><strong>suam</strong></span> <span class='ocrx_word' id='word_1_894' title='bbox 2799 4642 3302 4698; x_wconf 79' lang='lat' dir='ltr'><strong>esercuerunt,tum</strong></span> <span class='ocrx_word' id='word_1_895' title='bbox 3332 4634 3593 4698; x_wconf 78' lang='lat' dir='ltr'><strong>maxime,</strong></span> <span class='ocrx_word' id='word_1_896' title='bbox 3622 4633 3837 4702; x_wconf 89' lang='lat' dir='ltr'><strong>quando</strong></span> <span class='ocrx_word' id='word_1_897' title='bbox 3873 4635 4022 4686; x_wconf 82' lang='lat' dir='ltr'><strong>Anno</strong></span> 
     </span>
    </p>
   </div>
   <div class='ocr_carea' id='block_1_119' title="bbox 742 4684 4020 4777">
    <p class='ocr_par' dir='ltr' id='par_1_119' title="bbox 742 4684 4020 4777">
     <span class='ocr_line' id='line_1_120' title="bbox 742 4684 4020 4777; baseline 0.001 -21"><span class='ocrx_word' id='word_1_898' title='bbox 742 4684 764 4756; x_wconf 64' lang='grc' dir='ltr'><em>ᾇ</em></span> <span class='ocrx_word' id='word_1_899' title='bbox 793 4684 916 4760; x_wconf 55' lang='lat' dir='ltr'><strong>ista</strong></span> <span class='ocrx_word' id='word_1_900' title='bbox 935 4684 1302 4774; x_wconf 59' lang='lat' dir='ltr'><strong>eg&#39;.‘.’.-i.&#39;..&#39;ar2.:.&#39;</strong></span> <span class='ocrx_word' id='word_1_901' title='bbox 1331 4684 2321 4777; x_wconf 46' lang='lat' dir='ltr'><strong>iii-iga};i.&quot;;i.gasinatura;1;-</strong></span> <span class='ocrx_word' id='word_1_902' title='bbox 2345 4684 2399 4746; x_wconf 79' lang='grc' dir='ltr'><strong>Β</strong></span> <span class='ocrx_word' id='word_1_903' title='bbox 2432 4684 2450 4760; x_wconf 68' lang='grc' dir='ltr'><strong>ὲ</strong></span> <span class='ocrx_word' id='word_1_904' title='bbox 2482 4684 2784 4770; x_wconf 30' lang='lat' dir='ltr'><strong>termini}:</strong></span> <span class='ocrx_word' id='word_1_905' title='bbox 2807 4684 3282 4777; x_wconf 55' lang='grc' dir='ltr'><strong>ἕλ”ἑὲῥιξῖιὲιῇυέ</strong></span> <span class='ocrx_word' id='word_1_906' title='bbox 3307 4702 3374 4757; x_wconf 87' lang='lat' dir='ltr'><strong>ad</strong></span> <span class='ocrx_word' id='word_1_907' title='bbox 3417 4684 3799 4777; x_wconf 54' lang='lat' dir='ltr'><strong>sociata;</strong></span> <span class='ocrx_word' id='word_1_908' title='bbox 3823 4684 4020 4774; x_wconf 51' lang='lat' dir='ltr'><strong>agat;</strong></span> 
     </span>
    </p>
   </div>
   <div class='ocr_carea' id='block_1_120' title="bbox 742 4777 2323 4846">
    <p class='ocr_par' dir='ltr' id='par_1_120' title="bbox 742 4777 2323 4846">
     <span class='ocr_line' id='line_1_121' title="bbox 742 4777 2323 4846; baseline 0.002 -14"><span class='ocrx_word' id='word_1_909' title='bbox 742 4777 1034 4832; x_wconf 89' lang='lat' dir='ltr'><strong>mentantis</strong></span> <span class='ocrx_word' id='word_1_910' title='bbox 1065 4778 1243 4846; x_wconf 88' lang='lat' dir='ltr'><strong>populi</strong></span> <span class='ocrx_word' id='word_1_911' title='bbox 1275 4777 1604 4832; x_wconf 80' lang='lat' dir='ltr'><strong>Cataueeasis</strong></span> <span class='ocrx_word' id='word_1_912' title='bbox 1626 4817 1641 4842; x_wconf 89' lang='lat'><strong>,</strong></span> <span class='ocrx_word' id='word_1_913' title='bbox 1671 4779 1756 4832; x_wconf 91' lang='lat' dir='ltr'><strong>cui</strong></span> <span class='ocrx_word' id='word_1_914' title='bbox 1789 4777 2066 4833; x_wconf 90' lang='lat' dir='ltr'><strong>videbatur</strong></span> <span class='ocrx_word' id='word_1_915' title='bbox 2095 4779 2323 4836; x_wconf 90' lang='lat' dir='ltr'><strong>mundus</strong></span> 
     </span>
    </p>
   </div>
   <div class='ocr_carea' id='block_1_121' title="bbox 736 4849 2320 4919">
    <p class='ocr_par' dir='ltr' id='par_1_121' title="bbox 736 4849 2320 4919">
     <span class='ocr_line' id='line_1_122' title="bbox 736 4849 2320 4919; baseline 0.001 -17"><span class='ocrx_word' id='word_1_916' title='bbox 736 4849 980 4903; x_wconf 88' lang='lat' dir='ltr'><strong>interire.</strong></span> <span class='ocrx_word' id='word_1_917' title='bbox 1016 4849 1191 4918; x_wconf 80' lang='lat' dir='ltr'><strong>Ignem</strong></span> <span class='ocrx_word' id='word_1_918' title='bbox 1218 4857 1273 4903; x_wconf 87' lang='lat' dir='ltr'><strong>et</strong></span> <span class='ocrx_word' id='word_1_919' title='bbox 1295 4863 1515 4903; x_wconf 85' lang='lat' dir='ltr'><strong>arenam</strong></span> <span class='ocrx_word' id='word_1_920' title='bbox 1543 4856 1684 4903; x_wconf 89' lang='lat' dir='ltr'><strong>tanta</strong></span> <span class='ocrx_word' id='word_1_921' title='bbox 1711 4850 1862 4919; x_wconf 87' lang='lat' dir='ltr'><strong>copia</strong></span> <span class='ocrx_word' id='word_1_922' title='bbox 1888 4849 2068 4904; x_wconf 87' lang='lat' dir='ltr'><strong>hiatus</strong></span> <span class='ocrx_word' id='word_1_923' title='bbox 2093 4851 2165 4905; x_wconf 93' lang='lat' dir='ltr'><strong>illi</strong></span> <span class='ocrx_word' id='word_1_924' title='bbox 2191 4866 2320 4906; x_wconf 86' lang='lat' dir='ltr'><strong>evo-</strong></span> 
     </span>
    </p>
   </div>
   <div class='ocr_carea' id='block_1_122' title="bbox 743 4919 2321 4990">
    <p class='ocr_par' dir='ltr' id='par_1_122' title="bbox 743 4919 2321 4990">
     <span class='ocr_line' id='line_1_123' title="bbox 743 4919 2321 4990; baseline 0.003 -16"><span class='ocrx_word' id='word_1_925' title='bbox 743 4919 996 4984; x_wconf 88' lang='lat' dir='ltr'><strong>mebant,</strong></span> <span class='ocrx_word' id='word_1_926' title='bbox 1031 4928 1088 4972; x_wconf 92' lang='lat' dir='ltr'><strong>ut</strong></span> <span class='ocrx_word' id='word_1_927' title='bbox 1114 4920 1287 4989; x_wconf 86' lang='lat' dir='ltr'><strong>campi</strong></span> <span class='ocrx_word' id='word_1_928' title='bbox 1316 4919 1441 4974; x_wconf 85' lang='lat' dir='ltr'><strong>vivo</strong></span> <span class='ocrx_word' id='word_1_929' title='bbox 1467 4920 1715 4975; x_wconf 88' lang='lat' dir='ltr'><strong>incendio</strong></span> <span class='ocrx_word' id='word_1_930' title='bbox 1756 4921 2038 4984; x_wconf 79' lang='lat' dir='ltr'><strong>i-nlierent.</strong></span> <span class='ocrx_word' id='word_1_931' title='bbox 2083 4932 2137 4976; x_wconf 92' lang='lat' dir='ltr'><strong>ct</strong></span> <span class='ocrx_word' id='word_1_932' title='bbox 2172 4925 2321 4990; x_wconf 83' lang='lat' dir='ltr'><strong>appi-</strong></span> 
     </span>
    </p>
   </div>
   <div class='ocr_carea' id='block_1_123' title="bbox 739 4990 2320 5062">
    <p class='ocr_par' dir='ltr' id='par_1_123' title="bbox 739 4990 2320 5062">
     <span class='ocr_line' id='line_1_124' title="bbox 739 4990 2320 5062; baseline 0.006 -22"><span class='ocrx_word' id='word_1_933' title='bbox 739 4992 866 5044; x_wconf 86' lang='lat' dir='ltr'><strong>dum</strong></span> <span class='ocrx_word' id='word_1_934' title='bbox 895 5009 914 5062; x_wconf 76' lang='grc' dir='ltr'><strong>ι</strong></span> <span class='ocrx_word' id='word_1_935' title='bbox 952 4991 1218 5062; x_wconf 74' lang='lat' dir='ltr'><strong>(Cotonea,</strong></span> <span class='ocrx_word' id='word_1_936' title='bbox 1238 4990 1273 5045; x_wconf 70' lang='grc'><strong>4</strong></span> <span class='ocrx_word' id='word_1_937' title='bbox 1295 4991 1607 5046; x_wconf 88' lang='lat' dir='ltr'><strong>milliaribus</strong></span> <span class='ocrx_word' id='word_1_938' title='bbox 1631 4993 1698 5046; x_wconf 89' lang='lat' dir='ltr'><strong>ab</strong></span> <span class='ocrx_word' id='word_1_939' title='bbox 1721 4991 1879 5046; x_wconf 70' lang='lat' dir='ltr'><strong>AZtna</strong></span> <span class='ocrx_word' id='word_1_940' title='bbox 1907 4993 2144 5062; x_wconf 88' lang='lat' dir='ltr'><strong>distans)</strong></span> <span class='ocrx_word' id='word_1_941' title='bbox 2171 4997 2320 5062; x_wconf 88' lang='lat' dir='ltr'><strong>quasi</strong></span> 
     </span>
    </p>
   </div>
   <div class='ocr_carea' id='block_1_124' title="bbox 744 5061 2322 5135">
    <p class='ocr_par' dir='ltr' id='par_1_124' title="bbox 744 5061 2322 5135">
     <span class='ocr_line' id='line_1_125' title="bbox 744 5061 2322 5135; baseline 0.005 -22"><span class='ocrx_word' id='word_1_942' title='bbox 744 5081 765 5113; x_wconf 84' lang='grc'><strong>‹</strong></span> <span class='ocrx_word' id='word_1_943' title='bbox 793 5061 1283 5135; x_wconf 71' lang='lat' dir='ltr'><strong>denigratisarenis</strong></span> <span class='ocrx_word' id='word_1_944' title='bbox 1303 5063 1698 5135; x_wconf 78' lang='lat' dir='ltr'><strong>o_periretur.—-</strong></span> <span class='ocrx_word' id='word_1_945' title='bbox 1713 5065 1899 5119; x_wconf 84' lang='lat' dir='ltr'><strong>Oumis</strong></span> <span class='ocrx_word' id='word_1_946' title='bbox 1922 5080 2048 5118; x_wconf 89' lang='lat' dir='ltr'><strong>vero</strong></span> <span class='ocrx_word' id='word_1_947' title='bbox 2071 5066 2159 5121; x_wconf 90' lang='lat' dir='ltr'><strong>ille</strong></span> <span class='ocrx_word' id='word_1_948' title='bbox 2187 5061 2322 5135; x_wconf 76' lang='lat' dir='ltr'><strong>ignis</strong></span> 
     </span>
    </p>
   </div>
   <div class='ocr_carea' id='block_1_125' title="bbox 741 5131 2319 5207">
    <p class='ocr_par' dir='ltr' id='par_1_125' title="bbox 741 5131 2319 5207">
     <span class='ocr_line' id='line_1_126' title="bbox 741 5131 2319 5207; baseline 0.006 -23"><span class='ocrx_word' id='word_1_949' title='bbox 741 5153 760 5184; x_wconf 75' lang='grc' dir='ltr'><strong>ι</strong></span> <span class='ocrx_word' id='word_1_950' title='bbox 790 5132 968 5207; x_wconf 85' lang='lat' dir='ltr'><strong>abibat</strong></span> <span class='ocrx_word' id='word_1_951' title='bbox 993 5132 1042 5185; x_wconf 93' lang='lat' dir='ltr'><strong>in</strong></span> <span class='ocrx_word' id='word_1_952' title='bbox 1070 5131 1106 5184; x_wconf 72' lang='grc'>2</span> <span class='ocrx_word' id='word_1_953' title='bbox 1128 5136 1270 5186; x_wconf 85' lang='lat' dir='ltr'><strong>rivos</strong></span> <span class='ocrx_word' id='word_1_954' title='bbox 1295 5133 1760 5207; x_wconf 71' lang='lat' dir='ltr'><strong>(ﬂuminarectius</strong></span> <span class='ocrx_word' id='word_1_955' title='bbox 1781 5135 2046 5207; x_wconf 78' lang='lat' dir='ltr'><strong>dixisset),</strong></span> <span class='ocrx_word' id='word_1_956' title='bbox 2087 5131 2319 5192; x_wconf 78' lang='lat' dir='ltr'><strong>medium</strong></span> 
     </span>
    </p>
   </div>
   <div class='ocr_carea' id='block_1_126' title="bbox 744 5203 2316 5277">
    <p class='ocr_par' dir='ltr' id='par_1_126' title="bbox 744 5203 2316 5277">
     <span class='ocr_line' id='line_1_127' title="bbox 744 5203 2316 5277; baseline 0.003 -21"><span class='ocrx_word' id='word_1_957' title='bbox 744 5223 764 5256; x_wconf 72' lang='grc' dir='ltr'><strong>ι</strong></span> <span class='ocrx_word' id='word_1_958' title='bbox 789 5203 1172 5277; x_wconf 83' lang='lat' dir='ltr'><strong>amplectentes</strong></span> <span class='ocrx_word' id='word_1_959' title='bbox 1201 5218 1272 5277; x_wconf 80' lang='lat' dir='ltr'><strong>ac</strong></span> <span class='ocrx_word' id='word_1_960' title='bbox 1290 5205 1792 5277; x_wconf 85' lang='lat' dir='ltr'><strong>circumlambentes</strong></span> <span class='ocrx_word' id='word_1_961' title='bbox 1823 5203 2316 5277; x_wconf 78' lang='lat' dir='ltr'><strong>Montempilierumi</strong></span> 
     </span>
    </p>
   </div>
   <div class='ocr_carea' id='block_1_127' title="bbox 740 5273 2321 5345">
    <p class='ocr_par' dir='ltr' id='par_1_127' title="bbox 740 5273 2321 5345">
     <span class='ocr_line' id='line_1_128' title="bbox 740 5273 2321 5345; baseline 0.004 -17"><span class='ocrx_word' id='word_1_962' title='bbox 740 5277 760 5345; x_wconf 71' lang='grc' dir='ltr'>ζ</span> <span class='ocrx_word' id='word_1_963' title='bbox 783 5273 934 5343; x_wconf 89' lang='lat' dir='ltr'><strong>enjus</strong></span> <span class='ocrx_word' id='word_1_964' title='bbox 966 5283 1140 5328; x_wconf 90' lang='lat' dir='ltr'><strong>tamen</strong></span> <span class='ocrx_word' id='word_1_965' title='bbox 1169 5275 1426 5328; x_wconf 90' lang='lat' dir='ltr'><strong>ambitum</strong></span> <span class='ocrx_word' id='word_1_966' title='bbox 1455 5277 1818 5331; x_wconf 80' lang='lat' dir='ltr'><strong>semimilliaris</strong></span> <span class='ocrx_word' id='word_1_967' title='bbox 1846 5294 1964 5333; x_wconf 86' lang='lat' dir='ltr'><strong>esse</strong></span> <span class='ocrx_word' id='word_1_968' title='bbox 1993 5273 2146 5333; x_wconf 88' lang='lat' dir='ltr'><strong>antea</strong></span> <span class='ocrx_word' id='word_1_969' title='bbox 2173 5280 2321 5334; x_wconf 81' lang='lat' dir='ltr'><strong>dixe-</strong></span> 
     </span>
    </p>
   </div>
   <div class='ocr_carea' id='block_1_128' title="bbox 735 5345 2320 5418">
    <p class='ocr_par' dir='ltr' id='par_1_128' title="bbox 735 5345 2320 5418">
     <span class='ocr_line' id='line_1_129' title="bbox 735 5345 2320 5418; baseline 0.003 -19"><span class='ocrx_word' id='word_1_970' title='bbox 735 5345 850 5416; x_wconf 89' lang='lat' dir='ltr'><strong>rat)</strong></span> <span class='ocrx_word' id='word_1_971' title='bbox 887 5362 905 5395; x_wconf 77' lang='grc' dir='ltr'><strong>ι</strong></span> <span class='ocrx_word' id='word_1_972' title='bbox 935 5346 1022 5414; x_wconf 93' lang='lat' dir='ltr'><strong>qni</strong></span> <span class='ocrx_word' id='word_1_973' title='bbox 1056 5346 1222 5418; x_wconf 90' lang='lat' dir='ltr'><strong>instar</strong></span> <span class='ocrx_word' id='word_1_974' title='bbox 1251 5346 1457 5418; x_wconf 70' lang='lat' dir='ltr'><strong>insulto,</strong></span> <span class='ocrx_word' id='word_1_975' title='bbox 1484 5349 1564 5401; x_wconf 91' lang='lat' dir='ltr'><strong>vel</strong></span> <span class='ocrx_word' id='word_1_976' title='bbox 1593 5351 1764 5418; x_wconf 88' lang='lat' dir='ltr'><strong>rupis,</strong></span> <span class='ocrx_word' id='word_1_977' title='bbox 1791 5349 1841 5402; x_wconf 91' lang='lat' dir='ltr'><strong>in</strong></span> <span class='ocrx_word' id='word_1_978' title='bbox 1875 5349 2051 5404; x_wconf 89' lang='lat' dir='ltr'><strong>medio</strong></span> <span class='ocrx_word' id='word_1_979' title='bbox 2078 5349 2320 5404; x_wconf 83' lang='lat' dir='ltr'><strong>flamina-</strong></span> 
     </span>
    </p>
   </div>
   <div class='ocr_carea' id='block_1_129' title="bbox 741 5417 2323 5483">
    <p class='ocr_par' dir='ltr' id='par_1_129' title="bbox 741 5417 2323 5483">
     <span class='ocr_line' id='line_1_130' title="bbox 741 5417 2323 5483; baseline 0.006 -17"><span class='ocrx_word' id='word_1_980' title='bbox 741 5436 760 5466; x_wconf 73' lang='lat' dir='ltr'><strong>i</strong></span> <span class='ocrx_word' id='word_1_981' title='bbox 792 5431 908 5469; x_wconf 91' lang='lat' dir='ltr'><strong>rum</strong></span> <span class='ocrx_word' id='word_1_982' title='bbox 924 5417 1735 5483; x_wconf 79' lang='lat' dir='ltr'><strong>prominebat.—I’rimariorum</strong></span> <span class='ocrx_word' id='word_1_983' title='bbox 1766 5435 1896 5474; x_wconf 84' lang='lat' dir='ltr'><strong>vero</strong></span> <span class='ocrx_word' id='word_1_984' title='bbox 1923 5424 2157 5475; x_wconf 88' lang='lat' dir='ltr'><strong>rivormu</strong></span> <span class='ocrx_word' id='word_1_985' title='bbox 2187 5423 2323 5476; x_wconf 87' lang='lat' dir='ltr'><strong>alter</strong></span> 
     </span>
    </p>
   </div>
   <div class='ocr_carea' id='block_1_130' title="bbox 745 5486 2322 5561">
    <p class='ocr_par' dir='ltr' id='par_1_130' title="bbox 745 5486 2322 5561">
     <span class='ocr_line' id='line_1_131' title="bbox 745 5486 2322 5561; baseline 0.005 -23"><span class='ocrx_word' id='word_1_986' title='bbox 745 5505 764 5538; x_wconf 79' lang='grc' dir='ltr'><strong>ι</strong></span> <span class='ocrx_word' id='word_1_987' title='bbox 799 5486 1248 5561; x_wconf 80' lang='lat' dir='ltr'><strong>obruebatvillam</strong></span> <span class='ocrx_word' id='word_1_988' title='bbox 1275 5488 1731 5561; x_wconf 65' lang='lat' dir='ltr'><strong>Montispilieri,nt</strong></span> <span class='ocrx_word' id='word_1_989' title='bbox 1757 5494 1934 5545; x_wconf 89' lang='lat' dir='ltr'><strong>omnia</strong></span> <span class='ocrx_word' id='word_1_990' title='bbox 1967 5492 2204 5561; x_wconf 73' lang='lat' dir='ltr'><strong>ersdem</strong></span> <span class='ocrx_word' id='word_1_991' title='bbox 2235 5509 2322 5546; x_wconf 87' lang='lat' dir='ltr'><strong>ve-</strong></span> 
     </span>
    </p>
   </div>
   <div class='ocr_carea' id='block_1_131' title="bbox 741 5557 2318 5632">
    <p class='ocr_par' dir='ltr' id='par_1_131' title="bbox 741 5557 2318 5632">
     <span class='ocr_line' id='line_1_132' title="bbox 741 5557 2318 5632; baseline 0.008 -24"><span class='ocrx_word' id='word_1_992' title='bbox 741 5577 760 5608; x_wconf 73' lang='grc'><strong>(</strong></span> <span class='ocrx_word' id='word_1_993' title='bbox 790 5558 940 5632; x_wconf 85' lang='lat' dir='ltr'><strong>stigia</strong></span> <span class='ocrx_word' id='word_1_994' title='bbox 968 5558 1167 5632; x_wconf 79' lang='lat' dir='ltr'><strong>abolita</strong></span> <span class='ocrx_word' id='word_1_995' title='bbox 1199 5557 1624 5632; x_wconf 70' lang='lat' dir='ltr'><strong>fuerint.—&#39;I‘ota</strong></span> <span class='ocrx_word' id='word_1_996' title='bbox 1642 5577 1814 5616; x_wconf 85' lang='lat' dir='ltr'><strong>massa</strong></span> <span class='ocrx_word' id='word_1_997' title='bbox 1847 5557 2010 5628; x_wconf 73' lang='lat' dir='ltr'><strong>ignea</strong></span> <span class='ocrx_word' id='word_1_998' title='bbox 2034 5564 2318 5632; x_wconf 86' lang='lat' dir='ltr'><strong>protende-</strong></span> 
     </span>
    </p>
   </div>
   <div class='ocr_carea' id='block_1_132' title="bbox 742 5627 2318 5688">
    <p class='ocr_par' dir='ltr' id='par_1_132' title="bbox 742 5627 2318 5688">
     <span class='ocr_line' id='line_1_133' title="bbox 742 5627 2318 5688; baseline 0.005 -8"><span class='ocrx_word' id='word_1_999' title='bbox 742 5647 762 5679; x_wconf 76' lang='grc' dir='ltr'><strong>ι</strong></span> <span class='ocrx_word' id='word_1_1000' title='bbox 799 5627 1016 5681; x_wconf 89' lang='lat' dir='ltr'><strong>baturin</strong></span> <span class='ocrx_word' id='word_1_1001' title='bbox 1033 5628 1363 5684; x_wconf 87' lang='lat' dir='ltr'><strong>latitudinem</strong></span> <span class='ocrx_word' id='word_1_1002' title='bbox 1385 5630 1419 5684; x_wconf 87' lang='lat'><strong>6</strong></span> <span class='ocrx_word' id='word_1_1003' title='bbox 1441 5631 1737 5685; x_wconf 85' lang='lat' dir='ltr'><strong>milliarium</strong></span> <span class='ocrx_word' id='word_1_1004' title='bbox 1764 5645 1816 5687; x_wconf 91' lang='lat' dir='ltr'><strong>et</strong></span> <span class='ocrx_word' id='word_1_1005' title='bbox 1842 5627 1982 5688; x_wconf 89' lang='lat' dir='ltr'><strong>circa</strong></span> <span class='ocrx_word' id='word_1_1006' title='bbox 2009 5627 2152 5688; x_wconf 83' lang='lat' dir='ltr'><strong>initia</strong></span> <span class='ocrx_word' id='word_1_1007' title='bbox 2183 5637 2318 5688; x_wconf 84' lang='lat' dir='ltr'><strong>dno-</strong></span> 
     </span>
    </p>
   </div>
   <div class='ocr_carea' id='block_1_133' title="bbox 743 5699 2318 5775">
    <p class='ocr_par' dir='ltr' id='par_1_133' title="bbox 743 5699 2318 5775">
     <span class='ocr_line' id='line_1_134' title="bbox 743 5699 2318 5775; baseline 0.007 -24"><span class='ocrx_word' id='word_1_1008' title='bbox 743 5719 761 5751; x_wconf 75' lang='grc' dir='ltr'><strong>ι</strong></span> <span class='ocrx_word' id='word_1_1009' title='bbox 808 5714 924 5775; x_wconf 78' lang='lat' dir='ltr'><strong>rum</strong></span> <span class='ocrx_word' id='word_1_1010' title='bbox 951 5699 1248 5775; x_wconf 80' lang='lat' dir='ltr'><strong>altitudinis</strong></span> <span class='ocrx_word' id='word_1_1011' title='bbox 1294 5705 1443 5756; x_wconf 86' lang='lat' dir='ltr'><strong>canui</strong></span> <span class='ocrx_word' id='word_1_1012' title='bbox 1473 5704 1530 5762; x_wconf 71' lang='grc'><strong>4.</strong></span> <span class='ocrx_word' id='word_1_1013' title='bbox 1575 5705 1693 5772; x_wconf 89' lang='lat' dir='ltr'><strong>plus</strong></span> <span class='ocrx_word' id='word_1_1014' title='bbox 1723 5706 1920 5772; x_wconf 91' lang='lat' dir='ltr'><strong>minus,</strong></span> <span class='ocrx_word' id='word_1_1015' title='bbox 1955 5721 2052 5775; x_wconf 91' lang='lat' dir='ltr'><strong>pro</strong></span> <span class='ocrx_word' id='word_1_1016' title='bbox 2081 5707 2318 5762; x_wconf 83' lang='lat' dir='ltr'><strong>locorum</strong></span> 
     </span>
    </p>
   </div>
   <div class='ocr_carea' id='block_1_134' title="bbox 742 5769 1188 5826">
    <p class='ocr_par' dir='ltr' id='par_1_134' title="bbox 742 5769 1188 5826">
     <span class='ocr_line' id='line_1_135' title="bbox 742 5769 1188 5826; baseline 0.004 -4"><span class='ocrx_word' id='word_1_1017' title='bbox 742 5791 760 5822; x_wconf 75' lang='grc' dir='ltr'><strong>ι</strong></span> <span class='ocrx_word' id='word_1_1018' title='bbox 797 5769 1130 5826; x_wconf 84' lang='lat' dir='ltr'><strong>diversitate.</strong></span> <span class='ocrx_word' id='word_1_1019' title='bbox 1171 5791 1188 5824; x_wconf 75' lang='grc' dir='ltr'><strong>ο</strong></span> 
     </span>
    </p>
   </div>
   <div class='ocr_carea' id='block_1_135' title="bbox 808 5839 2319 5914">
    <p class='ocr_par' dir='ltr' id='par_1_135' title="bbox 808 5839 2319 5914">
     <span class='ocr_line' id='line_1_136' title="bbox 808 5839 2319 5914; baseline 0.004 -16"><span class='ocrx_word' id='word_1_1020' title='bbox 808 5839 914 5898; x_wconf 86' lang='lat' dir='ltr'><strong>Sed</strong></span> <span class='ocrx_word' id='word_1_1021' title='bbox 943 5851 1161 5914; x_wconf 70' lang='lat' dir='ltr'><strong>prmstat</strong></span> <span class='ocrx_word' id='word_1_1022' title='bbox 1193 5850 1358 5897; x_wconf 87' lang='lat' dir='ltr'><strong>totam</strong></span> <span class='ocrx_word' id='word_1_1023' title='bbox 1385 5843 1520 5900; x_wconf 88' lang='lat' dir='ltr'><strong>hanc</strong></span> <span class='ocrx_word' id='word_1_1024' title='bbox 1549 5847 1946 5902; x_wconf 85' lang='lat' dir='ltr'><strong>enarrationem</strong></span> <span class='ocrx_word' id='word_1_1025' title='bbox 1968 5891 1982 5914; x_wconf 96' lang='lat'><strong>,</strong></span> <span class='ocrx_word' id='word_1_1026' title='bbox 2017 5849 2180 5903; x_wconf 89' lang='lat' dir='ltr'><strong>multa</strong></span> <span class='ocrx_word' id='word_1_1027' title='bbox 2218 5851 2319 5905; x_wconf 89' lang='lat' dir='ltr'><strong>alia</strong></span> 
     </span>
    </p>
   </div>
   <div class='ocr_carea' id='block_1_136' title="bbox 743 5911 2318 5990">
    <p class='ocr_par' dir='ltr' id='par_1_136' title="bbox 743 5911 2318 5990">
     <span class='ocr_line' id='line_1_137' title="bbox 743 5911 2318 5990; baseline 0.006 -23"><span class='ocrx_word' id='word_1_1028' title='bbox 743 5911 846 5968; x_wconf 86' lang='lat' dir='ltr'><strong>huc</strong></span> <span class='ocrx_word' id='word_1_1029' title='bbox 873 5912 1190 5980; x_wconf 82' lang='lat' dir='ltr'><strong>pertinentia</strong></span> <span class='ocrx_word' id='word_1_1030' title='bbox 1220 5913 1481 5986; x_wconf 82' lang='lat' dir='ltr'><strong>prolixius</strong></span> <span class='ocrx_word' id='word_1_1031' title='bbox 1509 5929 1863 5989; x_wconf 78' lang='lat' dir='ltr'><strong>exponentem</strong></span> <span class='ocrx_word' id='word_1_1032' title='bbox 1883 5961 1897 5987; x_wconf 94' lang='lat'><strong>,</strong></span> <span class='ocrx_word' id='word_1_1033' title='bbox 1924 5911 2066 5990; x_wconf 84' lang='lat' dir='ltr'><strong>apud</strong></span> <span class='ocrx_word' id='word_1_1034' title='bbox 2102 5921 2318 5977; x_wconf 83' lang='lat' dir='ltr'><strong>Kirclie-</strong></span> 
     </span>
    </p>
   </div>
   <div class='ocr_carea' id='block_1_137' title="bbox 2430 4775 4020 4843">
    <p class='ocr_par' dir='ltr' id='par_1_137' title="bbox 2430 4775 4020 4843">
     <span class='ocr_line' id='line_1_138' title="bbox 2430 4775 4020 4843; baseline -0.001 -12"><span class='ocrx_word' id='word_1_1035' title='bbox 2430 4797 2449 4831; x_wconf 76' lang='grc' dir='ltr'><strong>ι</strong></span> <span class='ocrx_word' id='word_1_1036' title='bbox 2485 4781 2624 4834; x_wconf 90' lang='lat' dir='ltr'><strong>tibus</strong></span> <span class='ocrx_word' id='word_1_1037' title='bbox 2654 4787 2708 4831; x_wconf 91' lang='lat' dir='ltr'><strong>et</strong></span> <span class='ocrx_word' id='word_1_1038' title='bbox 2752 4786 2857 4831; x_wconf 91' lang='lat' dir='ltr'><strong>tam</strong></span> <span class='ocrx_word' id='word_1_1039' title='bbox 2900 4775 3266 4843; x_wconf 78' lang='lat' dir='ltr'><strong>frequentibus</strong></span> <span class='ocrx_word' id='word_1_1040' title='bbox 3311 4785 3467 4829; x_wconf 67' lang='lat' dir='ltr'><strong>terra:</strong></span> <span class='ocrx_word' id='word_1_1041' title='bbox 3509 4775 3740 4829; x_wconf 88' lang='lat' dir='ltr'><strong>motibus</strong></span> <span class='ocrx_word' id='word_1_1042' title='bbox 3781 4775 4020 4830; x_wconf 87' lang='lat' dir='ltr'><strong>Insulam</strong></span> 
     </span>
    </p>
   </div>
   <div class='ocr_carea' id='block_1_138' title="bbox 2433 4845 4020 4918">
    <p class='ocr_par' dir='ltr' id='par_1_138' title="bbox 2433 4845 4020 4918">
     <span class='ocr_line' id='line_1_139' title="bbox 2433 4845 4020 4918; baseline -0.003 -13"><span class='ocrx_word' id='word_1_1043' title='bbox 2433 4871 2452 4904; x_wconf 76' lang='grc' dir='ltr'>σ</span> <span class='ocrx_word' id='word_1_1044' title='bbox 2482 4851 2626 4905; x_wconf 90' lang='lat' dir='ltr'><strong>illam</strong></span> <span class='ocrx_word' id='word_1_1045' title='bbox 2649 4867 2668 4901; x_wconf 71' lang='grc' dir='ltr'><strong>ι</strong></span> <span class='ocrx_word' id='word_1_1046' title='bbox 2701 4847 3224 4918; x_wconf 84' lang='lat' dir='ltr'><strong>(Santeriniumluit,</strong></span> <span class='ocrx_word' id='word_1_1047' title='bbox 3250 4861 3280 4900; x_wconf 84' lang='lat' dir='ltr'><strong>a</strong></span> <span class='ocrx_word' id='word_1_1048' title='bbox 3311 4845 3372 4900; x_wconf 90' lang='lat' dir='ltr'><strong>S.</strong></span> <span class='ocrx_word' id='word_1_1049' title='bbox 3404 4845 3561 4900; x_wconf 86' lang='lat' dir='ltr'><strong>lrena</strong></span> <span class='ocrx_word' id='word_1_1050' title='bbox 3588 4845 3652 4899; x_wconf 85' lang='lat' dir='ltr'><strong>V.</strong></span> <span class='ocrx_word' id='word_1_1051' title='bbox 3679 4857 3732 4901; x_wconf 92' lang='lat' dir='ltr'><strong>et</strong></span> <span class='ocrx_word' id='word_1_1052' title='bbox 3760 4845 3830 4901; x_wconf 80' lang='grc' dir='ltr'><strong>Μ.</strong></span> <span class='ocrx_word' id='word_1_1053' title='bbox 3867 4849 4020 4916; x_wconf 87' lang='lat' dir='ltr'><strong>cujus</strong></span> 
     </span>
    </p>
   </div>
   <div class='ocr_carea' id='block_1_139' title="bbox 2427 4917 4019 4988">
    <p class='ocr_par' dir='ltr' id='par_1_139' title="bbox 2427 4917 4019 4988">
     <span class='ocr_line' id='line_1_140' title="bbox 2427 4917 4019 4988; baseline -0.006 -9"><span class='ocrx_word' id='word_1_1054' title='bbox 2427 4922 2627 4979; x_wconf 90' lang='lat' dir='ltr'><strong>nomini</strong></span> <span class='ocrx_word' id='word_1_1055' title='bbox 2655 4917 2804 4975; x_wconf 88' lang='lat' dir='ltr'><strong>sacra</strong></span> <span class='ocrx_word' id='word_1_1056' title='bbox 2835 4929 2938 4982; x_wconf 89' lang='lat' dir='ltr'><strong>est,</strong></span> <span class='ocrx_word' id='word_1_1057' title='bbox 2967 4920 3045 4973; x_wconf 90' lang='lat' dir='ltr'><strong>sic</strong></span> <span class='ocrx_word' id='word_1_1058' title='bbox 3068 4917 3207 4973; x_wconf 91' lang='lat' dir='ltr'><strong>dicta</strong></span> <span class='ocrx_word' id='word_1_1059' title='bbox 3235 4919 3252 4988; x_wconf 94' lang='lat'><strong>)</strong></span> <span class='ocrx_word' id='word_1_1060' title='bbox 3288 4936 3307 4969; x_wconf 75' lang='grc' dir='ltr'><strong>ι</strong></span> <span class='ocrx_word' id='word_1_1061' title='bbox 3336 4928 3748 4982; x_wconf 87' lang='lat' dir='ltr'><strong>concusserunt,</strong></span> <span class='ocrx_word' id='word_1_1062' title='bbox 3783 4930 3843 4972; x_wconf 93' lang='lat' dir='ltr'><strong>ut</strong></span> <span class='ocrx_word' id='word_1_1063' title='bbox 3872 4918 4019 4972; x_wconf 85' lang='lat' dir='ltr'><strong>San-</strong></span> 
     </span>
    </p>
   </div>
   <div class='ocr_carea' id='block_1_140' title="bbox 2431 4989 4019 5060">
    <p class='ocr_par' dir='ltr' id='par_1_140' title="bbox 2431 4989 4019 5060">
     <span class='ocr_line' id='line_1_141' title="bbox 2431 4989 4019 5060; baseline -0.004 -12"><span class='ocrx_word' id='word_1_1064' title='bbox 2431 5014 2450 5048; x_wconf 78' lang='lat' dir='ltr'><strong>i</strong></span> <span class='ocrx_word' id='word_1_1065' title='bbox 2481 4994 2752 5046; x_wconf 85' lang='lat' dir='ltr'><strong>terinenses</strong></span> <span class='ocrx_word' id='word_1_1066' title='bbox 2774 5033 2787 5056; x_wconf 96' lang='lat'><strong>,</strong></span> <span class='ocrx_word' id='word_1_1067' title='bbox 2838 4993 3047 5046; x_wconf 88' lang='lat' dir='ltr'><strong>ruinam</strong></span> <span class='ocrx_word' id='word_1_1068' title='bbox 3097 4989 3393 5060; x_wconf 80' lang='lat' dir='ltr'><strong>proximam</strong></span> <span class='ocrx_word' id='word_1_1069' title='bbox 3434 4990 3534 5042; x_wconf 92' lang='lat' dir='ltr'><strong>sibi</strong></span> <span class='ocrx_word' id='word_1_1070' title='bbox 3568 4998 3897 5052; x_wconf 87' lang='lat' dir='ltr'><strong>metuentes,</strong></span> <span class='ocrx_word' id='word_1_1071' title='bbox 3931 4991 4019 5043; x_wconf 93' lang='lat' dir='ltr'><strong>diu</strong></span> 
     </span>
    </p>
   </div>
   <div class='ocr_carea' id='block_1_141' title="bbox 2433 5059 4016 5134">
    <p class='ocr_par' dir='ltr' id='par_1_141' title="bbox 2433 5059 4016 5134">
     <span class='ocr_line' id='line_1_142' title="bbox 2433 5059 4016 5134; baseline -0.004 -14"><span class='ocrx_word' id='word_1_1072' title='bbox 2433 5086 2451 5120; x_wconf 79' lang='grc' dir='ltr'><strong>ι</strong></span> <span class='ocrx_word' id='word_1_1073' title='bbox 2482 5075 2746 5134; x_wconf 89' lang='lat' dir='ltr'><strong>noctuque</strong></span> <span class='ocrx_word' id='word_1_1074' title='bbox 2775 5063 2882 5116; x_wconf 88' lang='lat' dir='ltr'><strong>aris</strong></span> <span class='ocrx_word' id='word_1_1075' title='bbox 2906 5059 3177 5132; x_wconf 80' lang='lat' dir='ltr'><strong>supplices</strong></span> <span class='ocrx_word' id='word_1_1076' title='bbox 3203 5059 3634 5134; x_wconf 83' lang='lat' dir='ltr'><strong>advolverentur.</strong></span> <span class='ocrx_word' id='word_1_1077' title='bbox 3665 5065 3865 5134; x_wconf 82' lang='lat' dir='ltr'><strong>Attice</strong></span> <span class='ocrx_word' id='word_1_1078' title='bbox 3892 5063 4016 5124; x_wconf 86' lang='lat' dir='ltr'><strong>dici,</strong></span> 
     </span>
    </p>
   </div>
   <div class='ocr_carea' id='block_1_142' title="bbox 2431 5133 4016 5204">
    <p class='ocr_par' dir='ltr' id='par_1_142' title="bbox 2431 5133 4016 5204">
     <span class='ocr_line' id='line_1_143' title="bbox 2431 5133 4016 5204; baseline -0.003 -13"><span class='ocrx_word' id='word_1_1079' title='bbox 2431 5157 2450 5191; x_wconf 75' lang='grc' dir='ltr'><strong>ι</strong></span> <span class='ocrx_word' id='word_1_1080' title='bbox 2481 5151 2579 5191; x_wconf 89' lang='lat' dir='ltr'><strong>nec</strong></span> <span class='ocrx_word' id='word_1_1081' title='bbox 2597 5133 2849 5204; x_wconf 77' lang='lat' dir='ltr'><strong>explicari</strong></span> <span class='ocrx_word' id='word_1_1082' title='bbox 2875 5142 3072 5204; x_wconf 84' lang='lat' dir='ltr'><strong>potest,</strong></span> <span class='ocrx_word' id='word_1_1083' title='bbox 3093 5143 3319 5202; x_wconf 87' lang='lat' dir='ltr'><strong>quantus</strong></span> <span class='ocrx_word' id='word_1_1084' title='bbox 3346 5133 3508 5204; x_wconf 77' lang='lat' dir='ltr'><strong>timor</strong></span> <span class='ocrx_word' id='word_1_1085' title='bbox 3527 5146 3714 5186; x_wconf 91' lang='lat' dir='ltr'><strong>omnes</strong></span> <span class='ocrx_word' id='word_1_1086' title='bbox 3737 5133 4016 5196; x_wconf 85' lang='lat' dir='ltr'><strong>invaserit,</strong></span> 
     </span>
    </p>
   </div>
   <div class='ocr_carea' id='block_1_143' title="bbox 2432 5202 4017 5277">
    <p class='ocr_par' dir='ltr' id='par_1_143' title="bbox 2432 5202 4017 5277">
     <span class='ocr_line' id='line_1_144' title="bbox 2432 5202 4017 5277; baseline -0.003 -15"><span class='ocrx_word' id='word_1_1087' title='bbox 2432 5229 2450 5262; x_wconf 82' lang='lat' dir='ltr'><strong>i</strong></span> <span class='ocrx_word' id='word_1_1088' title='bbox 2479 5223 2598 5262; x_wconf 92' lang='lat' dir='ltr'><strong>cum</strong></span> <span class='ocrx_word' id='word_1_1089' title='bbox 2624 5202 2794 5277; x_wconf 79' lang='lat' dir='ltr'><strong>rttptis</strong></span> <span class='ocrx_word' id='word_1_1090' title='bbox 2822 5202 3063 5261; x_wconf 80' lang='lat' dir='ltr'><strong>obicibus</strong></span> <span class='ocrx_word' id='word_1_1091' title='bbox 3089 5205 3334 5258; x_wconf 81' lang='lat' dir='ltr'><strong>victrices</strong></span> <span class='ocrx_word' id='word_1_1092' title='bbox 3359 5203 3461 5277; x_wconf 75' lang='lat' dir='ltr'><strong>illa:</strong></span> <span class='ocrx_word' id='word_1_1093' title='bbox 3486 5202 3712 5258; x_wconf 81' lang='lat' dir='ltr'><strong>ﬂantnue</strong></span> <span class='ocrx_word' id='word_1_1094' title='bbox 3741 5205 3886 5277; x_wconf 79' lang='lat' dir='ltr'><strong>viain</strong></span> <span class='ocrx_word' id='word_1_1095' title='bbox 3919 5205 4017 5260; x_wconf 87' lang='lat' dir='ltr'><strong>sibi</strong></span> 
     </span>
    </p>
   </div>
   <div class='ocr_carea' id='block_1_144' title="bbox 2433 5275 4018 5348">
    <p class='ocr_par' dir='ltr' id='par_1_144' title="bbox 2433 5275 4018 5348">
     <span class='ocr_line' id='line_1_145' title="bbox 2433 5275 4018 5348; baseline -0.003 -14"><span class='ocrx_word' id='word_1_1096' title='bbox 2433 5302 2451 5334; x_wconf 82' lang='lat' dir='ltr'><strong>i</strong></span> <span class='ocrx_word' id='word_1_1097' title='bbox 2481 5279 2657 5334; x_wconf 87' lang='lat' dir='ltr'><strong>facere</strong></span> <span class='ocrx_word' id='word_1_1098' title='bbox 2686 5275 2777 5348; x_wconf 79' lang='lat' dir='ltr'><strong>per</strong></span> <span class='ocrx_word' id='word_1_1099' title='bbox 2808 5279 3012 5332; x_wconf 90' lang='lat' dir='ltr'><strong>medias</strong></span> <span class='ocrx_word' id='word_1_1100' title='bbox 3050 5277 3286 5348; x_wconf 64' lang='lat' dir='ltr'><strong>argueris</strong></span> <span class='ocrx_word' id='word_1_1101' title='bbox 3327 5275 3500 5348; x_wconf 77' lang='lat' dir='ltr'><strong>undas</strong></span> <span class='ocrx_word' id='word_1_1102' title='bbox 3539 5275 3944 5348; x_wconf 82' lang='lat' dir='ltr'><strong>contenderunt</strong></span> <span class='ocrx_word' id='word_1_1103' title='bbox 3987 5278 4018 5330; x_wconf 72' lang='grc'><strong>4</strong></span> 
     </span>
    </p>
   </div>
   <div class='ocr_carea' id='block_1_145' title="bbox 2433 5346 4020 5404">
    <p class='ocr_par' dir='ltr' id='par_1_145' title="bbox 2433 5346 4020 5404">
     <span class='ocr_line' id='line_1_146' title="bbox 2433 5346 4020 5404; baseline -0.003 0"><span class='ocrx_word' id='word_1_1104' title='bbox 2433 5346 2695 5404; x_wconf 72' lang='lat' dir='ltr'><strong>«circiter</strong></span> <span class='ocrx_word' id='word_1_1105' title='bbox 2737 5349 3054 5403; x_wconf 87' lang='lat' dir='ltr'><strong>milliaribus</strong></span> <span class='ocrx_word' id='word_1_1106' title='bbox 3102 5347 3270 5402; x_wconf 90' lang='lat' dir='ltr'><strong>Italic.</strong></span> <span class='ocrx_word' id='word_1_1107' title='bbox 3319 5347 3387 5401; x_wconf 91' lang='lat' dir='ltr'><strong>ab</strong></span> <span class='ocrx_word' id='word_1_1108' title='bbox 3435 5346 3610 5401; x_wconf 91' lang='lat' dir='ltr'><strong>Insula</strong></span> <span class='ocrx_word' id='word_1_1109' title='bbox 3657 5347 4020 5402; x_wconf 81' lang='lat' dir='ltr'><strong>Santerinensi</strong></span> 
     </span>
    </p>
   </div>
   <div class='ocr_carea' id='block_1_146' title="bbox 2432 5419 4019 5490">
    <p class='ocr_par' dir='ltr' id='par_1_146' title="bbox 2432 5419 4019 5490">
     <span class='ocr_line' id='line_1_147' title="bbox 2432 5419 4019 5490; baseline -0.002 -14"><span class='ocrx_word' id='word_1_1110' title='bbox 2432 5443 2450 5476; x_wconf 77' lang='grc' dir='ltr'><strong>ι</strong></span> <span class='ocrx_word' id='word_1_1111' title='bbox 2480 5435 2667 5476; x_wconf 90' lang='lat' dir='ltr'><strong>versus</strong></span> <span class='ocrx_word' id='word_1_1112' title='bbox 2695 5420 2969 5474; x_wconf 88' lang='lat' dir='ltr'><strong>Orientem</strong></span> <span class='ocrx_word' id='word_1_1113' title='bbox 2996 5439 3010 5483; x_wconf 89' lang='lat'>;</span> <span class='ocrx_word' id='word_1_1114' title='bbox 3041 5419 3303 5488; x_wconf 89' lang='lat' dir='ltr'><strong>siquidem</strong></span> <span class='ocrx_word' id='word_1_1115' title='bbox 3335 5428 3556 5490; x_wconf 89' lang='lat' dir='ltr'><strong>repente</strong></span> <span class='ocrx_word' id='word_1_1116' title='bbox 3584 5432 3732 5472; x_wconf 88' lang='lat' dir='ltr'><strong>mare</strong></span> <span class='ocrx_word' id='word_1_1117' title='bbox 3766 5419 4019 5474; x_wconf 90' lang='lat' dir='ltr'><strong>intumuit</strong></span> 
     </span>
    </p>
   </div>
   <div class='ocr_carea' id='block_1_147' title="bbox 2431 5489 4018 5560">
    <p class='ocr_par' dir='ltr' id='par_1_147' title="bbox 2431 5489 4018 5560">
     <span class='ocr_line' id='line_1_148' title="bbox 2431 5489 4018 5560; baseline 0 -14"><span class='ocrx_word' id='word_1_1118' title='bbox 2431 5513 2451 5546; x_wconf 75' lang='grc' dir='ltr'><strong>ι</strong></span> <span class='ocrx_word' id='word_1_1119' title='bbox 2477 5489 2543 5547; x_wconf 87' lang='lat' dir='ltr'><strong>ad</strong></span> <span class='ocrx_word' id='word_1_1120' title='bbox 2577 5492 2646 5548; x_wconf 83' lang='grc'><strong>50</strong></span> <span class='ocrx_word' id='word_1_1121' title='bbox 2671 5508 2883 5547; x_wconf 85' lang='lat' dir='ltr'><strong>sursum</strong></span> <span class='ocrx_word' id='word_1_1122' title='bbox 2912 5494 3104 5545; x_wconf 86' lang='lat' dir='ltr'><strong>cubitos</strong></span> <span class='ocrx_word' id='word_1_1123' title='bbox 3123 5531 3138 5558; x_wconf 97' lang='lat'><strong>,</strong></span> <span class='ocrx_word' id='word_1_1124' title='bbox 3167 5493 3378 5560; x_wconf 87' lang='lat' dir='ltr'><strong>lateque</strong></span> <span class='ocrx_word' id='word_1_1125' title='bbox 3404 5506 3498 5559; x_wconf 83' lang='lat' dir='ltr'><strong>per</strong></span> <span class='ocrx_word' id='word_1_1126' title='bbox 3525 5491 3727 5544; x_wconf 88' lang='lat' dir='ltr'><strong>vicinas</strong></span> <span class='ocrx_word' id='word_1_1127' title='bbox 3755 5499 3932 5544; x_wconf 84' lang='lat' dir='ltr'><strong>terras</strong></span> <span class='ocrx_word' id='word_1_1128' title='bbox 3962 5507 4018 5546; x_wconf 87' lang='lat' dir='ltr'><strong>se</strong></span> 
     </span>
    </p>
   </div>
   <div class='ocr_carea' id='block_1_148' title="bbox 2431 5561 4015 5632">
    <p class='ocr_par' dir='ltr' id='par_1_148' title="bbox 2431 5561 4015 5632">
     <span class='ocr_line' id='line_1_149' title="bbox 2431 5561 4015 5632; baseline -0.001 -14"><span class='ocrx_word' id='word_1_1129' title='bbox 2431 5585 2450 5618; x_wconf 74' lang='grc' dir='ltr'><strong>ι</strong></span> <span class='ocrx_word' id='word_1_1130' title='bbox 2477 5563 2772 5618; x_wconf 71' lang='lat' dir='ltr'><strong>estendens</strong></span> <span class='ocrx_word' id='word_1_1131' title='bbox 2793 5563 2946 5617; x_wconf 87' lang='lat' dir='ltr'><strong>obvia</strong></span> <span class='ocrx_word' id='word_1_1132' title='bbox 2971 5577 3196 5632; x_wconf 63' lang='lat' dir='ltr'><strong>quasque</strong></span> <span class='ocrx_word' id='word_1_1133' title='bbox 3220 5563 3400 5626; x_wconf 87' lang='lat' dir='ltr'><strong>vertit,</strong></span> <span class='ocrx_word' id='word_1_1134' title='bbox 3425 5561 3560 5615; x_wconf 87' lang='lat' dir='ltr'><strong>adeo</strong></span> <span class='ocrx_word' id='word_1_1135' title='bbox 3581 5571 3635 5613; x_wconf 91' lang='lat' dir='ltr'><strong>ut</strong></span> <span class='ocrx_word' id='word_1_1136' title='bbox 3659 5562 3709 5614; x_wconf 94' lang='lat' dir='ltr'><strong>in</strong></span> <span class='ocrx_word' id='word_1_1137' title='bbox 3737 5561 3858 5628; x_wconf 90' lang='lat' dir='ltr'><strong>ipso</strong></span> <span class='ocrx_word' id='word_1_1138' title='bbox 3881 5562 4015 5616; x_wconf 80' lang='lat' dir='ltr'><strong>Can-</strong></span> 
     </span>
    </p>
   </div>
   <div class='ocr_carea' id='block_1_149' title="bbox 2432 5631 4016 5704">
    <p class='ocr_par' dir='ltr' id='par_1_149' title="bbox 2432 5631 4016 5704">
     <span class='ocr_line' id='line_1_150' title="bbox 2432 5631 4016 5704; baseline -0.002 -14"><span class='ocrx_word' id='word_1_1139' title='bbox 2432 5657 2451 5690; x_wconf 87' lang='grc'><strong><em>‹</em></strong></span> <span class='ocrx_word' id='word_1_1140' title='bbox 2480 5636 2578 5690; x_wconf 78' lang='lat' dir='ltr'><strong>dia:</strong></span> <span class='ocrx_word' id='word_1_1141' title='bbox 2621 5643 2796 5704; x_wconf 82' lang='lat' dir='ltr'><strong>portu,</strong></span> <span class='ocrx_word' id='word_1_1142' title='bbox 2827 5635 2913 5704; x_wconf 90' lang='lat' dir='ltr'><strong>qui</strong></span> <span class='ocrx_word' id='word_1_1143' title='bbox 2949 5631 3124 5688; x_wconf 85' lang='lat' dir='ltr'><strong>tamen</strong></span> <span class='ocrx_word' id='word_1_1144' title='bbox 3150 5633 3220 5690; x_wconf 91' lang='lat'><strong>80</strong></span> <span class='ocrx_word' id='word_1_1145' title='bbox 3249 5634 3458 5687; x_wconf 87' lang='lat' dir='ltr'><strong>milliar.</strong></span> <span class='ocrx_word' id='word_1_1146' title='bbox 3486 5632 3609 5687; x_wconf 90' lang='lat' dir='ltr'><strong>inde</strong></span> <span class='ocrx_word' id='word_1_1147' title='bbox 3634 5631 3818 5694; x_wconf 78' lang='lat' dir='ltr'><strong>distat.</strong></span> <span class='ocrx_word' id='word_1_1148' title='bbox 3847 5645 3905 5689; x_wconf 87' lang='lat' dir='ltr'><strong>et</strong></span> <span class='ocrx_word' id='word_1_1149' title='bbox 3936 5635 4016 5687; x_wconf 88' lang='lat' dir='ltr'><strong>tri-</strong></span> 
     </span>
    </p>
   </div>
   <div class='ocr_carea' id='block_1_150' title="bbox 2430 5704 4016 5775">
    <p class='ocr_par' dir='ltr' id='par_1_150' title="bbox 2430 5704 4016 5775">
     <span class='ocr_line' id='line_1_151' title="bbox 2430 5704 4016 5775; baseline 0 -15"><span class='ocrx_word' id='word_1_1150' title='bbox 2430 5728 2448 5760; x_wconf 86' lang='grc'><strong>‹</strong></span> <span class='ocrx_word' id='word_1_1151' title='bbox 2479 5722 2656 5762; x_wconf 86' lang='lat' dir='ltr'><strong>remes</strong></span> <span class='ocrx_word' id='word_1_1152' title='bbox 2681 5718 2734 5761; x_wconf 87' lang='lat' dir='ltr'><strong>et</strong></span> <span class='ocrx_word' id='word_1_1153' title='bbox 2765 5720 2923 5761; x_wconf 83' lang='lat' dir='ltr'><strong>naves</strong></span> <span class='ocrx_word' id='word_1_1154' title='bbox 2959 5708 3240 5775; x_wconf 91' lang='lat' dir='ltr'><strong>repentino</strong></span> <span class='ocrx_word' id='word_1_1155' title='bbox 3282 5709 3483 5772; x_wconf 89' lang='lat' dir='ltr'><strong>impetu</strong></span> <span class='ocrx_word' id='word_1_1156' title='bbox 3519 5704 3871 5773; x_wconf 78' lang='lat' dir='ltr'><strong>confregerit.</strong></span> <span class='ocrx_word' id='word_1_1157' title='bbox 3913 5707 4016 5760; x_wconf 87' lang='lat' dir='ltr'><strong>Aer</strong></span> 
     </span>
    </p>
   </div>
   <div class='ocr_carea' id='block_1_151' title="bbox 2430 5777 4017 5847">
    <p class='ocr_par' dir='ltr' id='par_1_151' title="bbox 2430 5777 4017 5847">
     <span class='ocr_line' id='line_1_152' title="bbox 2430 5777 4017 5847; baseline 0 -16"><span class='ocrx_word' id='word_1_1158' title='bbox 2430 5799 2448 5831; x_wconf 86' lang='lat' dir='ltr'><strong>i</strong></span> <span class='ocrx_word' id='word_1_1159' title='bbox 2477 5795 2602 5832; x_wconf 90' lang='lat' dir='ltr'><strong>vero</strong></span> <span class='ocrx_word' id='word_1_1160' title='bbox 2631 5780 2914 5847; x_wconf 89' lang='lat' dir='ltr'><strong>vaporibus</strong></span> <span class='ocrx_word' id='word_1_1161' title='bbox 2945 5777 3049 5832; x_wconf 90' lang='lat' dir='ltr'><strong>illis</strong></span> <span class='ocrx_word' id='word_1_1162' title='bbox 3081 5777 3492 5833; x_wconf 90' lang='lat' dir='ltr'><strong>inaleolentibus</strong></span> <span class='ocrx_word' id='word_1_1163' title='bbox 3517 5786 3572 5830; x_wconf 91' lang='lat' dir='ltr'><strong>et</strong></span> <span class='ocrx_word' id='word_1_1164' title='bbox 3594 5777 3909 5842; x_wconf 86' lang='lat' dir='ltr'><strong>sulphureis</strong></span> <span class='ocrx_word' id='word_1_1165' title='bbox 3939 5780 4017 5831; x_wconf 84' lang='lat' dir='ltr'><strong>in-</strong></span> 
     </span>
    </p>
   </div>
   <div class='ocr_carea' id='block_1_152' title="bbox 2429 5848 4014 5914">
    <p class='ocr_par' dir='ltr' id='par_1_152' title="bbox 2429 5848 4014 5914">
     <span class='ocr_line' id='line_1_153' title="bbox 2429 5848 4014 5914; baseline 0 -11"><span class='ocrx_word' id='word_1_1166' title='bbox 2429 5870 2446 5903; x_wconf 78' lang='lat' dir='ltr'><strong>i</strong></span> <span class='ocrx_word' id='word_1_1167' title='bbox 2480 5849 2669 5914; x_wconf 90' lang='lat' dir='ltr'><strong>lectus,</strong></span> <span class='ocrx_word' id='word_1_1168' title='bbox 2689 5862 2740 5903; x_wconf 92' lang='lat' dir='ltr'><strong>et</strong></span> <span class='ocrx_word' id='word_1_1169' title='bbox 2772 5849 3312 5913; x_wconf 85' lang='lat' dir='ltr'><strong>obtenchrescerc,et</strong></span> <span class='ocrx_word' id='word_1_1170' title='bbox 3339 5849 3644 5902; x_wconf 89' lang='lat' dir='ltr'><strong>innumeras</strong></span> <span class='ocrx_word' id='word_1_1171' title='bbox 3674 5848 3877 5901; x_wconf 84' lang='lat' dir='ltr'><strong>formas</strong></span> <span class='ocrx_word' id='word_1_1172' title='bbox 3904 5863 4014 5903; x_wconf 72' lang='lat' dir='ltr'><strong>ca:-</strong></span> 
     </span>
    </p>
   </div>
   <div class='ocr_carea' id='block_1_153' title="bbox 2429 5921 4011 5995">
    <p class='ocr_par' dir='ltr' id='par_1_153' title="bbox 2429 5921 4011 5995">
     <span class='ocr_line' id='line_1_154' title="bbox 2429 5921 4011 5995; baseline 0 -19"><span class='ocrx_word' id='word_1_1173' title='bbox 2429 5942 2448 5976; x_wconf 83' lang='lat' dir='ltr'><strong>i</strong></span> <span class='ocrx_word' id='word_1_1174' title='bbox 2476 5924 2552 5995; x_wconf 91' lang='lat' dir='ltr'><strong>pit</strong></span> <span class='ocrx_word' id='word_1_1175' title='bbox 2582 5922 2822 5980; x_wconf 90' lang='lat' dir='ltr'><strong>induere.</strong></span> <span class='ocrx_word' id='word_1_1176' title='bbox 2869 5922 2998 5978; x_wconf 93' lang='lat' dir='ltr'><strong>llinc</strong></span> <span class='ocrx_word' id='word_1_1177' title='bbox 3025 5921 3240 5978; x_wconf 86' lang='lat' dir='ltr'><strong>lanceas</strong></span> <span class='ocrx_word' id='word_1_1178' title='bbox 3269 5922 3472 5993; x_wconf 77' lang='lat' dir='ltr'><strong>igneas,</strong></span> <span class='ocrx_word' id='word_1_1179' title='bbox 3501 5929 3553 5977; x_wconf 89' lang='lat' dir='ltr'><strong>et</strong></span> <span class='ocrx_word' id='word_1_1180' title='bbox 3588 5934 3748 5976; x_wconf 88' lang='lat' dir='ltr'><strong>enses</strong></span> <span class='ocrx_word' id='word_1_1181' title='bbox 3782 5921 4011 5976; x_wconf 62' lang='lat' dir='ltr'><strong>stamini-</strong></span> 
     </span>
    </p>
   </div>
  </div>
