4184 6496
193 415 315 473 19.ῑὶ

986 415 1328 474 APPENDIX
1368 416 1644 484 QUINTA,
1689 415 1752 472 IN
1791 414 2046 474 LIBRUM
2088 411 2174 473 DE
2215 415 2682 474 I‘GZNITENTIA.

3341 416 3481 474 I242

193 549 212 581 α
241 545 427 586 romos
453 531 672 598 vibrari,
700 531 805 587 illic
833 542 1176 586 coruscanles
1204 533 1420 601 sagittas
1443 533 1633 596 emitti,
1656 532 1778 586 hinc
1809 533 1855 594 Λ
1885 531 2130 602 finitione,
2161 531 2232 584 ita
2262 540 2316 584 ut
2344 547 2540 585 omnem
2569 547 2732 585 aerem
2763 531 3082 598 obscuraret,
3109 533 3480 603 occultaret/pte

193 621 210 651 ι
240 604 385 673 velut
411 605 679 659 terribiles
702 613 984 673 serpentes
1004 612 1059 657 et
1079 604 1338 658 dracones
1362 605 1606 663 volitare.
1635 605 1778 658 illinc

191 672 462 728 «fulmina
531 686 586 729 rt
659 672 865 745 fulgura
938 675 1089 740 cieri,
1145 686 1274 738 etc.,
1315 687 1417 729 elc.
1460 695 1477 726 ι
1552 675 1776 729 Tantam

185 756 359 797 autem
388 786 403 807 ,
439 748 649 816 pergit,
679 745 945 814 pumicum
975 747 1078 798 vim
1106 748 1257 816 ignea
1285 747 1372 800 illa
1415 761 1612 815 vorago
1651 761 1778 800 evo-

183 815 332 873 muit.
365 825 421 869 ut
451 815 614 869 totam
643 817 812 886 pelagi
836 815 1173 888 superﬁciem
1198 825 1564 886 contegerent.
1590 816 1777 888 Smyr-

183 901 300 939 nam
331 902 504 953 usqne
529 899 583 940 et
612 888 789 942 CPlim
821 888 1026 941 delatos
1050 887 1234 948 fuisse.
1271 889 1557 958 Iittoraque
1597 887 1775 945 omnia

181 958 538 1030 complet-isse
563 960 925 1012 certissimum
953 969 1055 1013 est.
1086 959 1175 1012 Vis
1202 969 1378 1013 autem
1406 959 1636 1014 incendii
1666 962 1777 1030 pri-

180 1029 278 1100 mis
306 1029 509 1083 duobus
535 1030 785 1082 mensibus
806 1040 921 1082 erat
957 1030 1218 1091 maxima;
1255 1029 1684 1100 quandoquidem
1722 1042 1775 1086 et

180 1099 371 1154 bullire
394 1101 632 1154 vicinum
658 1115 806 1154 mare
833 1102 999 1154 instar
1032 1103 1286 1155 ferventis
1312 1101 1432 1155 ollre
1470 1102 1770 1168 videbatur,

178 1180 228 1243 et
259 1172 350 1224 diu
380 1181 652 1243 noctuque
683 1173 930 1241 ingentes
975 1171 1309 1226 flammarum
1356 1172 1496 1242 globi
1537 1172 1773 1243 fumique

176 1241 487 1295 densissimi
515 1241 880 1312 emergebant,
905 1255 1032 1306 etc.,
1066 1253 1169 1297 etc.

243 1312 386 1378 Quid
418 1315 584 1367 vero?
604 1329 677 1386 an
707 1313 1150 1386 dissimulandum
1171 1325 1346 1383 putem
1375 1314 1769 1386 Catastropltcn

174 1385 425 1443 alteram,
456 1385 614 1452 priori
638 1385 894 1449 similem,
919 1385 1027 1438 imo
1052 1385 1287 1438 omnium
1308 1385 1477 1440 multo
1499 1385 1772 1441 truciden-

175 1456 465 1519 tissitnam,
495 1471 652 1525 quam
679 1455 926 1510 Oceanus
948 1455 1082 1525 ipse,
1116 1472 1216 1526 qua
1248 1457 1450 1511 Insulas
1476 1460 1663 1512 Azores
1691 1461 1771 1511 iu-

174 1526 612 1598 teilluiti,_priori
641 1527 1336 1598 stertilopra-bueratiiEn
1384 1529 1542 1598 igitur
1584 1545 1770 1583 rursus

172 1597 339 1669 ipsius
370 1596 701 1669 KircberiL.
729 1597 792 1651 ll.
823 1596 897 1650 M.
1009 1595 1136 1665 Cap.
1160 1597 1272 1662 XII,
1303 1598 1330 1669 §
1358 1595 1425 1664 ὀί
1445 1601 1637 1654 verba:
1670 1619 1688 1652 ‹
1725 1602 1771 1656 Α

177 1686 194 1718 t
239 1668 367 1722 I’ico
399 1669 581 1738 (vulgo
607 1667 733 1722 Pico
761 1669 890 1722 delle
914 1668 1180 1722 Camerina
1209 1670 1280 1735 )6
1311 1667 1621 1725 inilliaribus
1661 1672 1772 1726 dis-

182 1757 198 1789 ι
236 1740 374 1792 situs
402 1749 486 1793 est
515 1741 662 1794 locus
683 1782 696 1804 ,
724 1739 897 1793 dictus
925 1741 973 1792 la
1005 1739 1242 1793 Ferreria
1265 1782 1280 1807 ,
1311 1741 1361 1794 in
1394 1742 1548 1809 cujus
1569 1743 1767 1799 Oceani

175 1829 192 1859 ι
223 1809 474 1866 districta
506 1810 593 1864 die
622 1811 835 1883 Sabbati
865 1812 1067 1883 mensis
1092 1810 1222 1864 Julii
1253 1812 1402 1866 Anno
1438 1813 1573 1868 1638
1632 1816 1767 1883 ignis

175 1899 192 1930 ‹
226 1896 348 1933 cum
395 1891 504 1952 tam
559 1881 916 1952 inexplicabili
950 1882 1236 1942 violentia.
1274 1898 1379 1936 non
1407 1881 1758 1939 obstante—di-

174 1971 190 2002 ι
217 1955 288 2004 ι-ιῆ
323 1954 427 2006 loci
455 1950 653 2006 Oceani
688 1950 815 2007 '120
857 1953 1007 2018 pedd.
1055 1952 1303 2006 Geonietr.
1341 1969 1370 2008 a
1412 1955 1760 2022 piscatoribus

172 2041 190 2072 ι
221 2025 457 2096 antehac
495 2023 689 2096 sa‘pius
728 2024 1000 2096 explorata
1047 2026 1432 2096 profunditate,
1467 2029 1673 2096 erupit,
1707 2039 1761 2082 ut

172 2113 189 2143 ι
219 2093 282 2147 ad
335 2103 541 2147 tantum
587 2093 1003 2164 extinguendum
1055 2095 1362 2149 incendium
1413 2112 1480 2151 ne
1515 2093 1761 2154 Oceanus

169 2184 186 2213 ι
219 2164 439 2232 quidem
474 2165 763 2220 sufficeret.
807 2164 1049 2232 Spatium
1075 2206 1088 2229 ,
1137 2166 1278 2236 quod
1325 2166 1460 2233 ignis
1500 2170 1758 2224 ebulliens

167 2253 185 2284 ι
217 2237 550 2304 occupabat,
596 2246 798 2290 tantum
843 2247 992 2300 erat,
1037 2248 1292 2306 quantum
1335 2237 1370 2291 2
1407 2241 1590 2292 modiis
1645 2239 1758 2294 fru-

167 2324 185 2355 ι
214 2311 381 2359 menti
402 2306 814 2361 disseminandis
843 2305 1162 2371 sufﬁciebat,
1187 2323 1307 2362 cum
1332 2319 1475 2364 tanta
1508 2312 1756 2364 violentia

170 2398 188 2428 ι
213 2393 534 2451 erumpens,
565 2386 642 2444 ut,
673 2394 777 2431 non
811 2379 1060 2434 obstante
1086 2379 1224 2433 dicta
1256 2382 1453 2435 Oceani
1488 2381 1760 2451 profundi-

171 2469 187 2497 ι
222 2458 353 2514 tale,
389 2449 620 2501 nubibus
649 2463 769 2503 sese
801 2459 1071 2518 :equaret,
1106 2452 1156 2504 in
1187 2465 1470 2515 supernam
1490 2449 1637 2507 aeris
1668 2469 1756 2508 re-

164 2539 180 2569 ι
209 2520 425 2587 gionem
455 2521 648 2584 elatus,
681 2529 864 2574 evecta
893 2535 1074 2574 secum
1106 2522 1215 2589 ipsa
1247 2538 1404 2591 aqua,
1434 2539 1617 2589 arena,
1653 2536 1758 2578 ter-

162 2609 180 2640 ί
210 2607 286 2649 ra,
322 2591 490 2653 saxis,
526 2591 749 2663 aliisque
781 2593 1081 2661 ingentibus
1109 2595 1370 2659 molibus,
1401 2606 1518 2663 qua:
1548 2598 1758 2650 eminus

163 2682 180 2711 ι
207 2663 390 2724 (triste
421 2662 749 2716 intuentibus
777 2663 1189 2730 spectaculum!)
1217 2662 1595 2734 comparebant
1623 2666 1754 2720 ﬂoc-

160 2751 177 2782 ι
207 2747 395 2785 eorum
415 2733 481 2784 ad
506 2733 672 2803 instar
695 2735 1109 2803 gossipiuorum;
1135 2736 1185 2788 in
1213 2733 1360 2789 mare
1383 2752 1509 2791 vero
1539 2753 1755 2793 reversa

159 2821 178 2854 ι
209 2805 436 2876 ιγιιτιιριῆᾳ
483 2802 765 2873 liquefacta
809 2805 967 2873 pultis
1001 2822 1108 2874 [πω
1153 2821 1211 2859 se
1257 2806 1457 2860 ferebat
1497 2811 1754 2876 speciem.

161 2892 180 2923 ι
211 2875 459 2929 Subinde
485 2877 619 2928 adeo
650 2877 922 2930 immensae
945 2878 1323 2946 magnitudinis
1346 2893 1470 2932 saxa
1507 2875 1554 2934 in
1579 2883 1612 2935 3
1641 2883 1752 2934 lau-

160 2963 177 2995 ε
205 2961 429 2998 cearmu
484 2946 817 2999 altitudinem
873 2949 1190 3017 projieiebat
1237 2950 1506 3006 s:evientis
1553 2964 1756 3010 natura:

160 3035 178 3066 ι
211 3018 292 3068 vis
315 3057 331 3080 ,
376 3025 449 3092 ut,
473 3031 601 3092 non_
621 3031 744 3092 saxa
771 3059 786 3083 ,
818 3019 910 3092 sed
942 3031 1152 3074 montes
1181 3021 1416 3091 integros
1445 3024 1644 3092 ejectos
1671 3027 1755 3080 di-

158 3106 177 3137 s
208 3102 389 3163 ceres.
428 3087 747 3163 Arccdebar
767 3089 854 3163 ad,
889 3089 1168 3145 horrorem
1205 3093 1255 3146 id
1280 3087 1315 3158 ,⁷
1335 3087 1490 3163 quod
1515 3098 1757 3152 reciden-

160 3177 179 3210 ι
217 3167 321 3220 tes,
357 3160 407 3231 in
439 3159 604 3211 altum
637 3159 857 3228 projecti
889 3163 1033 3214 saxei
1065 3174 1306 3231 montes,
1337 3159 1387 3218 in
1418 3166 1581 3231 alios,
1611 3183 1640 3221 e
1671 3169 1753 3223 vi-

157 3248 175 3280 ι
206 3229 457 3308 secribus
485 3232 646 3285 maris
676 3233 927 3308 eviratos,
960 3234 1107 3299 illisi,
1134 3250 1253 3289 cum
1287 3229 1507 3292 terribili
1543 3229 1752 3308 fragore

157 3319 174 3350 ε
205 3303 257 3352 in
321 3300 478 3381 1000.
509 3314 684 3370 partes
730 3304 1063 3381 dissilircnt,
1109 3323 1228 3376 qua:
1276 3320 1457 3377 postea
1507 3300 1750 3366 manibus
1778 3319 1822 3381 C

155 3390 174 3420 s
207 3373 518 3446 accep;:_ein
551 3388 768 3428 arenam
802 3373 1470 3446 nigram.conterebantur.
1493 3382 1658 3436 Porro
1685 3401 1748 3438 ex

157 3463 174 3492 ι
208 3445 358 3494 varia
414 3444 778 3520 inuneusaque
829 3444 1331 3516 rejectamentorum
1388 3455 1747 3520 multitudine,

155 3534 172 3561 ε
207 3528 574 3587 saxortunque
606 3517 1030 3587 innumerorum
1087 3526 1492 3578 coacervatione
1518 3567 1530 3587 ,
1582 3517 1749 3580 insula

155 3604 172 3634 ι
209 3586 450 3660 un_va_in
499 3585 674 3660 medio
698 3627 713 3648 ,
761 3605 930 3658 coque
971 3591 1386 3660 profundissimo
1413 3585 1626 3649 Ore-auo
1653 3640 1666 3660 ,
1699 3600 1750 3652 iu

155 3675 173 3705 ι
207 3673 254 3722 pi
275 3655 474 3723 incipio
503 3657 715 3733 quidem
752 3655 906 3727 parva
931 3703 943 3722 ,
971 3655 1014 3716 ’5
1049 3665 1310 3733 jugerum,
1340 3677 1392 3718 at
1423 3668 1473 3719 iu
1506 3667 1619 3722 dies
1650 3655 1748 3722 au-

152 3745 170 3774 ι
199 3736 477 3790 gmrtltata
512 3729 562 3780 in
597 3739 796 3783 tantum
829 3729 1183 3794 excrevit,vttt
1211 3736 1406 3790 abhinc
1457 3740 1522 3791 14
1563 3739 1750 3794 diebus

152 3819 170 3845 ι
200 3800 437 3876 θμειιίιιιι)
471 3799 816 3876 longitudinis
867 3804 899 3855 5
922 3804 1233 3876 milliarium
1261 3809 1555 3876 occuparit.
1583 3810 1748 3864 Tanta

151 3888 170 3917 ι
201 3880 387 3920 atllt'm
422 3869 520 3950 hoc
551 3870 798 3926 incendio
825 3875 1107 3950 multitudo
1135 3879 1356 3944 piscium
1387 3869 1561 3948 periit,
1584 3897 1753 3950 quan-

153 3959 170 3989 ι
201 3949 428 4018 tamur:
475 3942 521 4018 8_
555 3955 716 3996 naves
743 3947 1002 4018 oneraria:
1043 3942 1236 4000 Indica:
1279 3942 1467 4018 capere
1510 3942 1746 4018 possent,

150 4031 167 4060 ι
198 4011 294 4090 qui
327 4012 481 4079 longe
511 4012 720 4090 lateque
752 4015 1104 4090 per_lusnlam
1135 4011 1385 4090 dispersi,
1417 4037 1481 4074 ne
1512 4011 1751 4090 putrefaL

151 4104 167 4133 ι
197 4084 386 4162 ctione
407 4083 1033 4163 contagionem‘aliquam
1061 4083 1362 4163 causaieut,
1390 4094 1456 4146 ab
1487 4083 1750 4163 indigenis

152 4175 169 4205 ε
201 4156 254 4206 iu
307 4151 740 4221 profundissimis
783 4151 984 4223 foveis,
1026 4161 1088 4213 ad
1122 4162 1186 4214 18
1243 4163 1456 4216 milliar.
1517 4151 1741 4219 circum-

149 4247 166 4276 ι
197 4227 345 4305 circa
372 4225 862 4305 collecti-,usepulti
907 4242 1046 4305 sunt.
1080 4233 1240 4305 Odor
1266 4244 1442 4288 autem
1474 4236 1749 4305 sulphuris

148 4319 165 4346 ς
201 4298 380 4362 spatio
423 4297 494 4352 24
535 4298 747 4353 milliar.
779 4303 1176 4356 sentiebatur.»
1224 4304 1301 4358 Ita
1347 4297 1639 4361 Kit'chcrus
1683 4324 1748 4362 ex

143 4367 293 4440 fideli
323 4367 538 4420 Patrum
561 4368 619 4422 S.
651 4370 700 4425 «I.
726 4372 830 4426 κατ’
857 4378 1084 4440 «propter:
1110 4375 1390 4430 relatione.

217 4436 347 4517 {om
379 4439 534 4517 nulla:
573 4452 782 4517 eastent.
826 4436 1092 4500 luter'lias
1121 4449 1301 4515 utique
1338 4447 1581 4517 Pompeia
1611 4461 1745 4512 erat,

141 4512 440 4587 ut_fertur,
475 4511 542 4563 ab
575 4509 1032 4587 llerculeieondita
1062 4560 1074 4580 ,
1104 4509 1340 4587 olinique
1381 4509 1745 4575 Romanorum

138 4580 369 4653 colonia
410 4579 474 4632 de
501 4597 600 4648 qua
635 4584 772 4637 idem
801 4585 991 4640 Noster
1024 4579 1073 4642 in
1107 4587 1168 4642 L.
1202 4579 1267 4642 de
1296 4589 1434 4645 Pall.
1465 4607 1510 4644 c.
1545 4590 1601 4653 2,
1633 4595 1744 4647 ait:

140 4653 230 4732 Ida:
274 4651 841 4732 hujuscemodinubilo
880 4668 925 4711 et
955 4657 1170 4732 T/tuscia
1202 4662 1464 4732 Volsinios
1506 4651 1746 4732 pristinos

138 4726 351 4787 deusta,
370 4739 490 4803 “quo
519 4725 678 4803 magis
708 4727 770 4803 tle
798 4731 1049 4803 montibus
1090 4734 1194 4786 suis
1237 4725 1516 4802 Campania
1556 4747 1742 4803 speret,

138 4806 333 4872 ειοιτρὲιΔ
367 4793 670 4872 Pompeios.
723 4799 853 4872 Item
905 4801 956 4854 in
999 4803 1146 4871 Apol.
1181 4819 1300 4872 cap.
1329 4793 1421 4865 40.
1457 4804 1543 4858 ubi
1573 4793 1593 4858 τ’
1641 4793 1746 4861 Sed

139 4883 236 4918 nec
265 4865 492 4945 Tlinsc_i_a
515 4908 531 4945 ,
559 4876 741 4945 _at_que_
758 4865 1125 4945 Campanique
1153 4865 1454 4929 Christianis
1494 4877 1741 4945 quereba-

138 4949 248 5000 tur,
279 4953 395 4988 cum
432 4936 682 4994 Volsinios
707 4940 770 4994 de
806 4936 930 4995 cwlo
955 4985 969 5008 ,
1014 4943 1282 5008 Pompeios
1338 4947 1400 5000 de
1437 4936 1529 5000 suo
1578 4960 1745 5005 monte

139 5007 403 5085 perfudit.
427 5009 498 5064 De
538 5009 621 5063 bis
667 5007 1017 5085 itetnTacit.
1046 5014 1110 5068 L.
1147 5007 1237 5072 XV
1272 5017 1457 5072 Annal.
1492 5035 1539 5071 c.
1569 5019 1660 5085 22,
1689 5024 1740 5075 iu

138 5082 263 5160 hate
292 5080 455 5160 ver-ha
487 5089 741 5160 testatur:
776 5083 920 5137 Motu
949 5097 1096 5140 terra:
1121 5090 1309 5142 celebre
1335 5089 1632 5160 Campania:
1647 5080 1742 5158 op-

139 5151 348 5230 prditui,
381 5150 640 5220 Pompeii,
670 5171 856 5232 magna
883 5172 944 5232 ea;
970 5169 1113 5232 parte
1135 5161 1347 5232 proruit.
1377 5150 1481 5216 Sed
1510 5165 1594 5232 qui
1625 5150 1739 5218 [nec

137 5222 578 5298 ex:t_c_t_ius_no_sse
607 5222 774 5295 cupit,
806 5229 943 5297 apud
972 5222 1198 5283 Dionem
1224 5231 1374 5286 Cass.
1411 5222 1550 5286 Hist'.
1582 5233 1734 5290 Rom.

139 5293 203 5373 L.
242 5290 360 5346 XVI
389 5293 439 5344 in
470 5290 888 5375 ‘T'ito,_reperie't.
935 5300 1073 5375 Quid
1103 5302 1342 5375 prohibet
1375 5314 1574 5369 autem,
1599 5320 1737 5375 quo-

140 5362 484 5445 ιιὶξιιιιοδειηρι
515 5362 750 5447 prolixus
779 5383 902 5424 esse
931 5362 1068 5442 coepi
1097 5362 1117 5435 ξ
1162 5371 1526 5447 Notarumque
1559 5362 1738 5447 'aiigu-

135 5439 272 5488 stias
298 5439 409 5502 jam
443 5440 674 5516 perrupi,
709 5439 824 5516 tunc
864 5458 926 5496 ex
976 5439 1091 5512 ipso
1137 5444 1380 5500 Authore
1421 5439 1732 5516 excerpere,

134 5523 261 5576 qua:
293 5516 348 5558 et
375 5508 691 5574 supradictis
719 5510 877 5567 fidem
909 5508 1140 5580 faciunt,
1171 5531 1292 5569 cum
1324 5517 1552 5572 viderint
1572 5508 1598 5576 ,’
1619 5508 1734 5574 Iree

134 5592 245 5650 non
275 5591 410 5650 nova
437 5593 577 5642 esse,
607 5582 700 5637 sed
725 5583 832 5650 jam
865 5585 1034 5640 ferme
1065 5586 1199 5641 XVII
1244 5589 1366 5642 inde
1395 5589 1615 5642 διυςυιίς
1643 5606 1732 5642 ac-

132 5649 358 5728 cidisse.
376 5647 451 5728 Ita
479 5666 607 5728 ergo
636 5669 700 5708 ex
725 5647 830 5708 suo
861 5657 1024 5710 Dione
1056 5656 1359 5724 Xiphilinus
1389 5660 1420 5711 li
1442 5658 1730 5714 ibetzbein

133 5735 281 5774 mare
301 5721 451 5802 simul
475 5721 708 5802 fremere,
734 5743 876 5780 onme
898 5731 1079 5782 cozluin
1105 5721 1207 5782 una
1230 5748 1434 5788 sonare.
1460 5732 1732 5802 ingensque

129 5803 180 5846 et
207 5797 498 5866 repentinus
537 5797 734 5866 fragor,
775 5802 919 5866 quasi
961 5810 1152 5855 montes
1197 5803 1349 5854 simul
1389 5797 1724 5863 considerent.

131 5862 393 5920 exaudiri.
426 5862 557 5942 Tum
583 5862 759 5922 eiilire
787 5862 1002 5942 primum
1031 5874 1260 5925 immensi
1289 5874 1488 5942 lapides
1511 5915 1526 5938 ,
1578 5886 1620 5926 et
1660 5878 1728 5929 ad

129 5950 360 5994 sunnnos
391 5939 598 5994 uertices
632 5941 888 6011 pervenire
913 5983 927 6013 ,
956 5942 1138 6000 deinde
1167 5939 1352 6016 magna
1393 5946 1542 6015 capia
1592 5946 1726 6015 ignis

1883 603 2062 667 solem,
2095 619 2193 657 non
2217 603 2381 668 aliter,
2399 619 2457 656 ac
2482 603 2526 656 si
2552 604 2832 672 defecisset,
2860 615 2952 658 etc.
2982 605 3082 658 Alii
3106 605 3478 671 existimabant,

1883 685 1970 744 aut
1999 676 2242 727 ntundum
2269 677 2320 727 in
2349 676 2502 728 chaos
2528 675 2810 744 redigi,aut
2840 677 2955 744 igne
2979 677 3226 739 consumi,
3243 687 3475 740 etc.,etc.

1885 743 2049 798 Tanta
2074 762 2188 800 vero
2211 754 2316 798 erat
2344 746 2489 812 copia
2509 743 2712 807 cineris,
2738 755 2789 798 ut
2815 743 3018 808 terram,
3046 763 3297 813 mareque,
3328 758 3477 817 atque

1881 817 2009 870 adeo
2039 817 2204 884 ipsum
2230 832 2393 870 aerem
2423 817 2719 886 compleret:
2744 832 2857 885 qua:
2877 833 2956 870 res
2981 818 3139 871 multa
3166 819 3353 872 tlainna
3379 823 3475 872 im-

1879 889 2096 961 portavit
2119 929 2131 948 ,
2166 903 2278 961 non
2307 888 2468 961 solum
2497 887 2783 941 hominibus
2807 929 2822 951 ,
2853 889 3153 958 prwdiisque
3171 929 3187 954 ,
3227 906 3287 942 ac
3317 907 3471 961 peco-

1877 959 2049 1020 ribus,
2085 959 2174 1012 sed
2198 961 2348 1012 etiam
2397 959 2583 1026 pisces,
2636 961 2962 1028 volucresque
3002 976 3172 1014 omnes
3215 959 3467 1029 peremit,

1878 1029 2105 1101 duasque
2133 1031 2353 1100 integras
2379 1030 2542 1090 urbes.
2577 1044 2955 1101 usucuuuun,
2989 1040 3035 1084 et
3065 1046 3339 1090 muratos.
3374 1050 3469 1101 po-

1877 1100 2000 1172 pulo
2027 1101 2229 1155 sedente
2254 1103 2306 1154 in
2340 1101 2534 1153 theatro
2565 1100 2583 1172 (
2607 1115 2710 1155 non
2741 1103 2922 1171 utique
2951 1102 3240 1170 spectamdi
3289 1100 3470 1172 cujus-

1877 1171 1998 1225 dam
2022 1214 2036 1237 ,
2070 1173 2162 1227 sed
2194 1181 2422 1242 sperata:
2451 1171 2755 1225 securitatis
2787 1187 2976 1232 causa.
3026 1172 3234 1243 locique
3278 1171 3464 1230 contra

1877 1246 2056 1296 ruinas
2089 1248 2254 1313 magis
2279 1244 2592 1298 communiti
2629 1243 2841 1312 ﬁducia)
2875 1255 3071 1310 penitus
3102 1245 3286 1298 obruit.

1949 1321 2122 1384 Atque
2156 1318 2254 1369 hoc
2283 1315 2453 1384 ipsum
2481 1313 2590 1383 jam
2625 1323 2706 1368 est
2738 1315 2860 1367 illtnl
2889 1357 2903 1379 ,
2944 1330 3036 1369 seu
3079 1313 3424 1370 Herculanum
3451 1359 3467 1382 ,

1874 1397 1969 1439 seu
2005 1384 2396 1448 Herculaneum,
2427 1385 2567 1453 quod
2591 1386 2658 1438 ab
2688 1384 2908 1440 Hercule
2930 1397 3047 1453 post
3074 1387 3466 1454 expeditionem

1874 1465 2025 1508 Suam
2062 1457 2402 1524 IIiSpanicam
2443 1457 2715 1510 conditum
2773 1458 3057 1527 Dionysius
3105 1457 3275 1512 Halic.
3329 1457 3390 1512 L.
3425 1458 3465 1514 I.

1874 1527 2046 1596 Antiq.
2083 1527 2230 1581 Rom.
2263 1543 2372 1595 cap.
2409 1528 2500 1581 Ην.
2535 1529 2745 1594 refert,
2775 1543 2838 1582 ac
2866 1544 2986 1582 cum
3033 1531 3096 1583 A.
3130 1527 3189 1583 l3.
3222 1530 3310 1596 63,
3368 1530 3468 1584 sub

1873 1594 2083 1652 Nerone
2110 1594 2452 1652 vehementer
2469 1598 2803 1662 couvulsum,
2834 1615 3022 1668 magna
3049 1601 3128 1653 sui
3163 1594 3313 1668 parte
3337 1615 3470 1655 con-

1872 1669 2180 1734 cidisset,et
2204 1673 2348 1723 circa
2378 1669 2441 1724 A.
2473 1671 2533 1722 (3.
2563 1668 2633 1724 80
2656 1668 2866 1738 penitus
2918 1670 3226 1738 absorptum
3258 1671 3459 1738 fuisset,

1868 1740 1978 1810 jam
2007 1755 2148 1795 anno
2179 1741 2338 1804 1715,
2382 1739 2624 1810 adeoque
2670 1751 2789 1808 post
2837 1742 3039 1810 integra
3096 1740 3212 1796 XVI
3255 1742 3462 1797 Saecula

1871 1809 2161 1876 detectum,
2195 1813 2462 1881 ingentem
2495 1809 2676 1865 Veteri
2711 1809 2963 1865 Historia:
2990 1812 3161 1866 lucem
3193 1813 3460 1876 accendit,

1871 1897 1931 1936 ac
1953 1881 2422 1952 Neapolitanarum
2456 1881 2846 1952 Autiquitatum
2871 1883 3309 1952 gazophylacium
3339 1888 3461 1940 novi

1790 1929 1838 1989 Β
1867 1929 3462 2023 ᾗ[ιιέέῖί’ὲίέέι’ἰ›’ίίἷέξιὶὲἶίιὲέξῐέῗίῖιειίεέἶωῖξῖιιρῖοέείοῖιῖἰὶἑιεὶ’Ῐόὶ

1863 2026 2184 2092 capletavit,
2219 2025 2403 2094 cujus,
2431 2024 2540 2093 jam
2572 2023 2672 2078 sub
2701 2026 2868 2092 prarlo
2894 2024 3167 2088 sudantis,
3206 2026 3456 2094 plenissi-

1864 2111 2006 2168 mam
2032 2098 2571 2150 commnnicationem
2613 2103 2755 2150 totus
2792 2094 3057 2150 literarius
3083 2095 3242 2153 Orbis
3268 2099 3456 2168 ingen-

1864 2166 2004 2220 tibus
2031 2167 2313 2220 desideriis
2343 2175 2639 2234 exspectat.

1937 2236 2012 2289 De
2042 2239 2140 2290 die.
2174 2238 2348 2291 Voluit
2393 2239 2573 2291 dicere
2622 2238 2674 2290 in
2701 2236 2827 2302 dies,
2869 2252 2962 2292 seu
2989 2238 3230 2306 quotidie,
3264 2248 3374 2304 aut,
3405 2250 3463 2295 ut

1861 2307 1993 2361 alias
2017 2308 2196 2363 dicere
2217 2309 2472 2372 solemus,
2498 2310 2560 2360 tle
2580 2310 2662 2361 die
2685 2309 2735 2360 in
2763 2310 2920 2378 diem;
2940 2323 3048 2378 quo
3093 2325 3254 2364 sensu
3298 2313 3458 2365 etiam

1861 2377 2054 2433 Noster
2076 2380 2125 2432 iit
2151 2383 2301 2446 Apol.
2329 2397 2444 2446 cap.
2482 2379 2570 2444 16,
2606 2380 2769 2447 inquit
2814 2396 2826 2431 :
2861 2377 3006 2432 Nave
3034 2382 3098 2433 tle
3144 2381 3226 2434 die
3278 2383 3457 2436 vivitis.

1860 2452 2135 2522 Atquesic
2157 2452 2317 2505 etiam
2342 2450 2643 2512 Terentius,
2665 2451 2712 2502 in
2731 2450 3005 2519 Adelphis,
3028 2452 3364 2522 Appararetle
3380 2453 3462 2508 die

1861 2520 2105 2592 (singulis
2133 2523 2380 2575 nimirum
2412 2522 2622 2590 diebus)
2653 2523 2932 2574 convivium
2963 2520 3114 2576 dixit.

1935 2596 2195 2662 Spereut,
2269 2607 2362 2647 seu
2421 2596 2646 2646 timeant.
2722 2592 2852 2646 N-un
2916 2609 3120 2660 sperare
3183 2593 3278 2664 (ut
3329 2595 3461 2650 alias

1859 2678 2118 2744 cpescum
2151 2665 2328 2746 timore
2353 2674 2538 2730 suapte
2571 2665 3184 2746 natura"conjungiturj
3229 2665 3280 2718 iu
3309 2665 3458 2720 (Ιοιυ-

1859 2737 1987 2789 riori
2019 2750 2227 2805 quoque
2256 2735 2358 2787 hoc
2387 2749 2548 2787 sensu
2580 2734 2968 2805 apud_Veteres
3009 2734 3180 2805 accipi
3231 2750 3459 2792 consue-

1859 2805 1970 2860 vit:
2002 2802 2057 2859 ut
2083 2802 2168 2860 est
2198 2805 2322 2858 illud
2353 2802 2653 2871 Mari-nispl
2688 2802 2929 2859 rEneid.:

2012 2917 2060 2966 Si
2083 2931 2243 2980 genus
2264 2917 2544 2980 humanum,
2571 2922 2655 2965 attt
2677 2915 2892 2980 mortalia
2921 2919 3138 2966 temnitis
3161 2930 3311 2978 arma,

2017 2978 2296 3044 At'sperate
2318 2979 2465 3040 Deos,
2489 2991 2733 3029 memores
2753 2978 2880 3028 fandi
2899 2985 3050 3043 atque
3067 2980 3282 3031 nefandi.

1929 3085 2165 3154 Itemque
2192 3084 2254 3138 L.
2287 3084 2386 3140 IV:

2013 3198 2156 3250 Hunc
2175 3213 2270 3264 ego
2295 3202 2334 3250 si
2360 3202 2494 3264 potui
2519 3205 2703 3250 tantum
2727 3213 2931 3261 sperare
2948 3198 3166 3252 dolorem

1929 3309 2074 3380 Ignis
2117 3311 2418 3365 intrinsecus
2449 3314 2588 3381 fleta.
2619 3312 2698 3364 An
2723 3317 2935 3381 montes
2933 3310 3030 3380 ipsi
3055 3319 3178 3364 sunt
3198 3309 3360 3380 fana?
3382 3312 3450 3367 Αι

1856 3379 1974 3449 quis
2005 3391 2206 3435 tantum
2234 3379 2629 3437 Grammaticus
2662 3383 2864 3449 lapstnn
2895 3379 3224 3436 Tértulliauo
3255 3383 3449 3452 impin-

1854 3469 1981 3526 gere
2007 3454 2172 3508 ausit?
2204 3456 2282 3507 An
2317 3454 2622 3526 legendum,
2653 3455 2793 3526 ignis
2806 3453 3106 3526 intrinsecus
3131 3454 3266 3526 freti?
3289 3465 3343 3506 at
3371 3456 3449 3509 sic

1855 3523 2041 3578 rursus
2068 3526 2369 3593 ambigutnu
2402 3524 2562 3582 foret.
2597 3539 2662 3576 an
2690 3525 2795 3592 farti
2825 3523 2891 3576 ad
2925 3533 3141 3586 montes,
3171 3525 3260 3593 qui
3291 3526 3444 3592 ignis,

1853 3605 1940 3648 aut
1970 3599 2142 3663 potius
2169 3592 2284 3664 igne
2312 3598 2418 3664 [ιειὶ
2449 3605 2572 3648 sunt
2591 3635 2605 3658 ,
2640 3611 2705 3648 an
2733 3593 2799 3647 ad
2828 3594 2959 3664 ignis
2987 3592 3329 3648 referendum
3361 3612 3447 3649 es-

1854 3675 1953 3723 set.
1973 3669 2118 3734 quasi
2150 3669 2259 3736 ipse
2278 3668 2409 3737 ignis
2431 3665 2698 3734 sulplmre,
2721 3674 2850 3729 etc.,
2867 3668 3016 3736 fatus
3035 3677 3196 3719 esset.
3214 3668 3294 3719 An
3319 3681 3449 3720 vero

1854 3751 1974 3791 cmn
2019 3737 2229 3792 Latinio
2270 3742 2435 3808 magis
2452 3739 2626 3807 placet
2653 3743 2810 3808 fietu,
2843 3752 2938 3791 seu
2968 3741 3155 3804 fictura
3176 3777 3191 3801 ,
3227 3737 3446 3806 legere?

1855 3808 2140 3862 Enichro
2168 3811 2247 3863 sic
2275 3813 2386 3878 ipse
2416 3819 2561 3876 puto.

1934 3879 2094 3931 Nobis
2110 3876 2319 3950 judicii‘,
2367 3881 2400 3932 i.
2443 3896 2492 3933 e.
2525 3880 2784 3950 supplicii,
2814 3893 2908 3933 seu
2941 3893 3116 3949 ptente
3145 3876 3443 3936 infernalis.

1856 3948 1986 4002 Vide
2015 3948 2172 4020 supra
2201 3951 2329 4020 Cap.
2364 3951 2449 4011 Ill,
2487 3948 2611 4004 Not.
2646 3949 2710 4004 In
2729 3948 3008 4020 judicium.

1930 4019 2205 4090 Nunquam
2231 4034 2397 4078 tamen
2423 4026 2688 4089 ﬁniuntur.
2717 4019 2927 4076 Nullum
2955 4021 3210 4077 atecnlum
3233 4030 3333 4086 est,
3352 4037 3445 4077 cus

1848 4092 1938 4163 jus
1960 4093 2175 4148 historia
2198 4096 2331 4150 tales
2363 4097 2617 4148 montium
2649 4096 2854 4147 furores
2883 4109 2986 4147 non
3016 4101 3262 4163 enarret,
3293 4103 3348 4146 ut
3378 4095 3445 4150 de

1859 4165 2067 4220 Vesuvii
2081 4167 2296 4235 quidem
2316 4165 2540 4219 incendii
2559 4165 2846 4235 Kircherus
2859 4165 3118 4234 ejusmodi
3135 4162 3443 4220 Chronicon

1853 4237 2045 4296 habet,
2079 4234 2163 4290 tibi
2189 4252 2218 4290 a
2249 4237 2418 4305 primo
2453 4239 2689 4304 ingressu
2714 4234 3085 4306 Janigenarum
3115 4236 3168 4290 in
3198 4235 3438 4290 Siciliam

1853 4308 1922 4362 I8
1969 4308 2336 4361 tumultuantis
2375 4306 2588 4360 zEtlinte
2613 4308 2858 4374 exempla
2891 4317 3151 4361 recenset.
3183 4307 3284 4361 Alii
3313 4321 3443 4361 vero

1852 4379 2112 4448 ejusmodi
2143 4379 2310 4432 tristia
2348 4377 2547 4432 Vesuvii
2577 4377 2816 4448 exempla
2845 4420 2858 4440 ,
2889 4393 2917 4429 a
2948 4377 3143 4431 Christi
3178 4379 3405 4444 tempori
3431 4415 3433 4417 ι

1852 4447 1951 4505 bus
1982 4463 2147 4518 usque
2172 4448 2236 4502 ad
2266 4458 2444 4504 nostra
2468 4449 2601 4513 lucc,
2622 4452 2753 4502 ultra
2785 4447 2857 4503 20
2897 4455 3196 4502 recement.
3226 4450 3291 4502 At
3317 4464 3443 4502 vero

1852 4521 2114 4576 immanes
2143 4519 2241 4574 hos
2266 4522 2504 4574 caminos
2534 4528 2787 4589 perpetuo
2813 4523 2933 4590 igne
2959 4533 3250 4574 succenses
3294 4534 3436 4584 esse,

1851 4593 1976 4663 fumi
1999 4594 2268 4656 continua,
2285 4591 2584 4663 densaque,
2607 4594 2766 4646 etiam
2790 4592 2842 4646 in
2864 4593 3042 4660 quiete
3063 4605 3177 4651 sua,
3197 4601 3437 4646 eructata

1852 4662 2122 4718 volumina
2149 4662 2293 4716 enini
2324 4663 2444 4719 luce
2469 4663 2666 4719 clarius
2693 4663 3054 4718 manifesmut.

1922 4736 2186 4790 Cmterum
2226 4736 2401 4803 gravis
2430 4733 2514 4788 hic
2542 4734 2766 4804 quzestio
2789 4733 2897 4804 jam
2927 4734 3015 4788 diu
3045 4731 3282 4788 exercuit
3316 4730 3437 4804 Plii-

1849 4807 2124 4876 I050phos,
2153 4808 2293 4859 unde
2314 4803 2636 4875 sempiterna
2667 4805 2750 4859 illa
2773 4804 3033 4874 ejusmodi
3063 4804 3321 4858 montium
3353 4803 3434 4876 in-

1845 4877 2059 4942 cendia,
2086 4887 2138 4930 et
2165 4877 2502 4936 inexhausta.
2535 4878 2693 4931 tantis
2722 4877 2983 4932 incendiis
3014 4890 3108 4946 per
3135 4883 3212 4928 tot
3238 4875 3432 4929 smcula

1846 4949 2112 5010 fovendis,
2145 4949 2356 5018 pabula.
2395 4947 2570 5003 Videri
2599 4949 2740 5001 enim
2773 4956 2984 5018 posset,
3014 4947 3195 5000 omnia
3221 4946 3433 4999 subter-

1844 5024 2035 5076 restria
2067 5019 2478 5091 pyrophylacia,
2511 5017 3116 5091 ipsumqueinlernum,
3149 5027 3435 5091 quantum-

1844 5093 1926 5146 vis
1955 5087 2307 5151 itnmeusum'.
2341 5107 2436 5161 per
2467 5087 2728 5161 ignivoma
2757 5089 2841 5142 illa
2869 5089 3135 5161 spiracula
3173 5088 3308 5161 jaur
3329 5087 3435 5161 pri-

1843 5163 1966 5219 dem
1995 5157 2355 5218 exoneratam
2378 5157 2557 5216 luisse.
2577 5159 2704 5223 Nos,
2722 5157 2970 5228 quoniam
3001 5160 3208 5228 longior
3236 5157 3309 5210 rei
3336 5157 3434 5210 Ittl-

1839 5235 1928 5308 jus
1959 5235 2202 5289 tractatio
2226 5245 2391 5308 extra
2421 5246 2655 5308 przesens
2693 5232 2989 5308 institutum
3008 5243 3113 5308 Δεει
3132 5240 3428 5308 ,Ληιεῃμξηι

1842 5300 2081 5363 nostram
2123 5305 2332 5360 nonnisi
2381 5305 2613 5357 breviter
2659 5303 2946 5372 aperimus.
2994 5301 3070 5354 Ac
3125 5300 3186 5372 l"_
3215 5301 3429 5368 quidem

1843 5388 2092 5433 notamus
2115 5417 2131 5441 ,
2177 5373 2460 5429 horrendis
2486 5374 2590 5428 illis
2616 5370 2795 5429 .‘Etnze
2829 5370 3274 5426 concussiOuibus
3307 5385 3432 5438 cge-

1841 5461 1978 5504 stam
2013 5448 2288 5501 materiam
2332 5447 2561 5499 maxime
2600 5446 2650 5498 in
2692 5443 2966 5512 crepidine
3012 5443 3179 5511 ipsius
3222 5442 3431 5494 crateris

1839 5520 2160 5573 accumulari
2183 5559 2197 5581 ,
2227 5526 2282 5572 et
2309 5516 2593 5585 aliquando
2623 5518 2676 5570 in
2723 5524 2924 5569 tantam
2967 5513 3302 5569 altitudinem
3325 5551 3339 5574 ,
3372 5522 3429 5565 ut

1839 5605 2011 5644 novus
2038 5587 2356 5657 quandoque
2388 5602 2575 5653 mons,
2608 5597 2699 5642 aut
2723 5595 2870 5657 certe
2911 5587 3105 5657 montis
3148 5599 3251 5637 non
3295 5597 3428 5657 con-

1838 5653 2121 5716 temnenda
2156 5653 2308 5728 pars,
2339 5658 2506 5713 videri
2541 5661 2726 5728 possit.
2781 5656 2840 5710 2°
2875 5657 2972 5710 llic
3000 5656 3263 5717 cinerum,
3294 5653 3426 5707 alio-

1832 5747 2060 5803 rumque
2091 5729 2882 5805 rejectameutorumcumulus
2908 5728 3016 5796 jam
3054 5743 3150 5805 per
3176 5741 3298 5781 sese
3333 5741 3424 5805 va-

1833 5806 1930 5860 riis
1956 5798 2163 5858 salibus
2197 5803 2462 5867 imbutus,
2507 5803 2657 5856 novis
2696 5815 2908 5870 quoque
2950 5813 3013 5853 ac
3057 5798 3422 5853 subterraneis

1831 5875 2228 5930 accessionibus
2261 5890 2356 5944 per
2380 5874 2649 5940 occultos,
2692 5887 2755 5926 ex
2801 5872 2934 5926 mari
2977 5871 3274 5944 prtecipue,
3322 5880 3422 5922 nec

1829 5963 1936 6003 non
1980 5961 2045 6001 ex
2094 5941 2344 6002 resolutis
2387 5945 2641 6013 nivibus,
2680 5944 2914 6017 quibus,
2956 5943 3186 6001 vertices
3227 5941 3420 5997 borum
