4184 6496
709 409 849 468 1245

709 599 1030 653 balinitroso
1057 614 1200 658 aere.
1226 609 1352 660 etc.,
1381 597 1669 650 neeundari
1716 597 1872 654 solet.
1917 611 2083 664 usque
2127 596 2298 649 donec

711 669 934 738 subjecti
967 669 1248 738 ignisa'stu
1278 678 1516 728 excocta,
1554 683 1614 721 ac
1644 667 1788 720 velut
1821 669 1869 720 in
1904 667 2100 733 pultem
2136 669 2301 736 lique-

711 741 850 796 facta
884 741 1103 794 materia
1127 781 1141 802 ,
1176 757 1270 808 per
1310 740 1657 792 subterranea
1690 752 1970 792 ventorum
2010 739 2296 806 spiracula,

711 822 804 867 aut
830 813 989 866 etiam
1020 827 1170 880 aqua:
1197 827 1262 866 ex
1307 810 1741 881 hydropbylaciis
1790 810 2014 874 illapsu,
2062 810 2110 862 in
2154 825 2302 861 sum-

712 899 860 938 n'tum
911 884 1145 936 furerent
1192 893 1398 951 agatur,
1425 892 1525 934 etc.
1577 882 1840 947 Quantum
1883 897 2010 933 vero
2037 881 2116 933 vel
2148 883 2299 934 unica

713 969 867 1023 aqua:
921 963 1090 1024 gutta,
1137 954 1352 1006 tnetallo
1409 954 1483 1024 in,
1519 954 1817 1005 fornacibus
1871 953 2084 1005 lusoriis
2138 953 2300 1006 lluido

713 1023 972 1091 aspersa,
1005 1034 1059 1079 et
1085 1041 1242 1093 quam
1268 1023 1632 1079 incredibilem
1682 1025 1970 1076 tunmltutn
2018 1024 2253 1076 excitare
2283 1065 2297 1087 ,

711 1113 870 1166 quam
913 1097 1234 1150 horrendam
1265 1098 1501 1148 omnium
1551 1111 1728 1148 rerum
1763 1106 1994 1164 Stragcm
2025 1094 2184 1147 cdere
2211 1110 2302 1148 va-

712 1170 838 1234 lc:tt,
874 1183 976 1222 non
1007 1169 1179 1238 pauci.
1205 1177 1258 1221 et
1285 1167 1421 1221 haud
1453 1167 1663 1222 modico
1689 1181 1786 1220 suo
1810 1167 2026 1230 danmo,
2056 1181 2302 1220 nonnun-

712 1257 873 1310 quam
905 1241 1107 1308 experti
1142 1248 1278 1292 sunt.

787 1312 1051 1381 Supplicia
1066 1312 1263 1364 ittlnrint
1281 1311 1544 1364 montium.
1564 1308 1834 1378 Supplicia
1853 1309 2108 1362 montium
2127 1319 2298 1373 vocat,

711 1382 905 1436 damna
955 1383 1021 1436 ab
1073 1383 1200 1452 ipsis
1244 1382 1325 1436 his
1374 1383 1641 1435 montilms
1670 1382 1847 1445 illata,
1896 1381 2189 1449 prazsertim
2234 1381 2299 1434 ad

713 1463 1052 1524 peccatorum
1081 1455 1510 1522 Castigationem,
1543 1464 1647 1506 etc.

786 1525 905 1578 Non
927 1526 1131 1594 jndicii.
1152 1524 1301 1578 Haud
1329 1525 1555 1578 obscure
1583 1523 1753 1577 innuit
1779 1523 1907 1578 illud
1937 1538 2177 1578 JUDICIL‘M
2208 1538 2302 1577 ex-

716 1606 968 1657 trcnnnn,
998 1597 1050 1650 in
1101 1613 1206 1665 qtto
1251 1597 1532 1650 universus
1571 1596 1737 1659 orbis,
1773 1605 1829 1648 ut
1859 1597 1908 1648 in
1942 1595 2002 1646 L.
2034 1600 2096 1648 de
2146 1595 2294 1663 Bnpt.

711 1686 757 1722 ρ’.
797 1667 926 1721 VIII.
966 1667 1088 1722 Not.
1139 1667 1256 1739 lgni
1300 1668 1598 1732 destinatur,
1632 1667 1884 1726 diximus.
1917 1666 2297 1736 conﬂagralnt,

711 1740 1045 1809 anditnrique
1067 1751 1192 1793 sunt
1216 1740 1448 1793 damnati
1474 1740 1766 1792 terribilem
1791 1739 1932 1790 illam
1957 1741 2297 1792 sente:.tiam:

712 1810 984 1875 Discedite,
1006 1811 1277 1875 maledicti,
1305 1812 1357 1864 in
1384 1826 1546 1866 text-zu
1565 1825 1847 1874 τετεηκωι,
1873 1825 1990 1873 etc.,
2012 1824 2170 1877 quem
2199 1811 2300 1874 iam

710 1897 851 1936 nunc
879 1897 1149 1937 seruemus
1178 1898 1342 1937 senex
1387 1897 1479 1950 per
1513 1881 1995 1935 ﬂamntivomorum
2039 1883 2295 1936 tnontium

709 1953 954 2008 incendia
985 1956 1364 2007 connninatur.

789 2023 1084 2092 Deputabit.
1143 2024 1469 2094 Simpliciter
1518 2038 1615 2093 pro
1661 2025 1872 2092 putabit,
1920 2038 2011 2076 seu
2060 2023 2298 2078 aestima-

711 2095 804 2148 bit.
837 2095 910 2166 Ita
961 2096 1156 2150 Noster
1213 2111 1423 2166 quoque
1482 2097 1532 2149 in
1575 2094 1791 2148 Exhort.
1840 2097 1906 2148 ad
1947 2094 2125 2149 Castit.
2159 2112 2203 2147 ε.
2241 2100 2292 2162 ti,

709 2168 817 2221 ait:
842 2165 966 2219 Erat
995 2178 1130 2222 vetus
1158 2165 1439 2237 dispositio,
1463 2183 1575 2234 qua:
1599 2169 1650 2220 in
1679 2166 1951 2236 Evangelia
1981 2184 2109 2220 nova
2140 2171 2300 2236 depu-

711 2249 864 2302 tatur,
884 2242 1082 2295 etc.Sie
1108 2251 1161 2294 et
1189 2241 1402 2293 I’Iautus
1432 2238 1633 2292 dudum
1664 2251 1820 2292 antea
1853 2239 1904 2292 in
1936 2240 2188 2306 Amp/tina
2218 2240 2301 2292 di—

711 2319 889 2363 xerat:
925 2309 1034 2364 Nec
1062 2311 1335 2378 quidquam
1363 2312 1460 2373 sit,
1492 2311 1611 2375 quin
1642 2327 1718 2363 me
1745 2326 1916 2363 omnes
1946 2327 2052 2363 esse
2089 2312 2300 2380 dignum

711 2383 966 2505 dipntent.
998 2384 1165 2450 Quem
1194 2393 1247 2437 et
1278 2382 1564 2437 Terentius
1602 2383 1653 2435 in
1702 2380 1904 2452 Hecyra
1943 2393 2156 2436 secutus
2195 2391 2299 2447 est,

714 2468 745 2505 u
771 2470 838 2505 n:

714 2468 802 2506 lIIII
826 2471 838 2506 ζ

772 2541 995 2607 Edepol,
1025 2558 1100 2594 me
1122 2557 1279 2593 meam
1298 2545 1447 2594 herus
1463 2557 1661 2606 operam
1683 2543 1884 2607 deputat
1913 2545 2044 2608 parvi
2071 2546 2232 2607 pretii.

785 2653 1066 2708 Scintillas.
1099 2655 1298 2710 Eodem
1326 2657 1588 2726 jnre,quo
1632 2657 1924 2710 immensos
1971 2657 2090 2710 illos
2145 2673 2301 2711 mon-

713 2725 844 2778 tium
892 2726 1284 2795 iguiVomorum
1326 2725 1564 2783 erateres
1596 2727 1870 2796 fumariola
1896 2726 2130 2790 dixerat,
2163 2744 2302 2781 nunc

713 2797 926 2849 illorum
987 2797 1230 2852 incendia
1287 2798 1535 2852 scintillas
1591 2800 1842 2867 appellat.
1903 2799 1969 2853 Et
2031 2809 2156 2852 sunt
2217 2815 2303 2851 sa-

715 2884 800 2928 ne,
831 2868 876 2921 si
907 2883 1027 2921 cum
1062 2869 1326 2923 immenso
1356 2871 1447 2923 illo
1478 2885 1686 2923 INI‘ERNI
1719 2871 1965 2923 inccndio
1994 2882 2303 2936 comparata

713 2939 927 2993 fuerint.
960 2939 1106 2994 Nunc
1133 2957 1260 2994 Vt'l‘O
1285 2943 1522 2996 scintillte
1550 2953 1744 2995 ιιυδιτιυ
1772 2958 1892 2995 cum
1913 2945 2047 2995 forte
2074 2941 2305 2995 adurunt

713 3025 904 3082 manus
928 3053 941 3071 ,
974 3013 1053 3064 Ine
1082 3013 1164 3066 vel
1192 3013 1259 3066 ad
1302 3015 1531 3082 primum
1563 3022 1818 3066 attactum
1869 3029 1977 3082 pra:
2005 3013 2190 3066 dolore
2224 3030 2306 3066 re-

716 3080 1036 3154 trahuntur:
1069 3080 1313 3137 nondum
1331 3096 1531 3149 autem,
1561 3099 1664 3136 non
1693 3080 1877 3136 dicam
1897 3085 2117 3154 plumbo
2145 3085 2306 3152 lique-

715 3152 1062 3224 I'ath(qttaiit
1093 3155 1206 3208 leve
1233 3155 1444 3208 enimid
1464 3159 1660 3224 esset!)
1679 3155 1769 3208 sed
1801 3152 1970 3224 neque
2001 3156 2106 3208 illis
2132 3154 2308 3208 zls‘tua:

714 3232 804 3297 aut
839 3221 1035 3277 Vesuvii
1065 3227 1391 3280 torrentibus
1419 3227 1585 3291 igneis
1613 3221 1697 3296 (id
1727 3234 1808 3280 est
1833 3221 2086 3297 scintillis)
2119 3243 2306 3281 manus

2085 405 2543 465 TERTULLIANI

709 526 970 581 montium
1006 523 1173 580 ferme
1215 522 1431 580 assiduo
1469 521 1737 587 candent,
1781 538 1844 577 ex
1887 522 2200 578 circumlluo
2242 538 2304 577 ac
2333 525 2380 582 A

2329 1919 2377 1978 Β

3869 405 4008 463 ΕΗ

2484 523 2643 576 Mula:
2689 522 2910 592 quidem.
2964 521 3134 577 Mittas
3187 521 3348 591 dicit,
3397 537 3515 595 qua:
3568 524 3843 580 articulata
3893 540 4016 580 voce

2409 594 2787 649 destituuntur.

2475 669 2686 719 .Inimte.
2721 668 2929 720 Animas
2984 665 3072 721 hic
3130 681 3225 736 pro
3279 667 3586 723 animalibus
3639 669 3809 739 ponit,
3865 671 4017 725 velut

2402 749 2604 806 partem
2638 754 2732 806 pro
2765 747 2896 792 toto.

2473 811 2784 875 Agnoscunt.
2832 811 2902 862 Ita
2931 810 3072 862 enim
3115 809 3279 878 ipsius
3311 821 3514 866 natura:
3556 813 3832 874 instinctu,
3868 813 4012 865 divi-

2404 882 2546 934 nitus
2574 882 2670 934 sibi
2713 880 2899 943 indito,
2935 883 3088 934 noxia
3132 882 3332 946 vitant,
3365 882 3595 936 Salubria
3644 894 3886 949 qnmrttnl
3913 924 3928 947 ,
3962 895 4016 937 et

2403 969 2522 1005 cum
2551 963 2810 1019 :cgrotare
2843 954 3178 1020 incmperint.
3212 953 3311 1006 sibi
3350 955 3500 1007 ocius
3527 954 3593 1008 de
3623 954 3881 1008 remediis
3906 958 4018 1007 cir-

2405 1024 2776 1096 cumspiciunt.
2803 1023 3116 1096 Instinctam
3158 1035 3335 1096 autem
3373 1026 3514 1078 illum
3561 1025 3756 1079 habere
3806 1025 4016 1096 aliquid

2405 1095 2651 1148 huinana-
2681 1095 2870 1148 rationi
2901 1096 3204 1161 analogtnn,
3235 1095 3453 1148 dubium
3491 1114 3594 1150 non
3625 1106 3726 1151 est.

2478 1165 2674 1218 Maras.
2720 1166 2868 1218 Mora
2905 1166 3043 1234 apud
3085 1166 3376 1234 Chirurgus
3415 1167 3612 1221 dicitur
3645 1168 3849 1221 canalis
3881 1168 4012 1238 qui-

2404 1237 2562 1298 dam,
2621 1248 2736 1290 arte
2793 1249 3114 1300 excavatus,
3166 1241 3214 1290 in
3267 1254 3424 1306 quem
3466 1255 3587 1292 crus
3631 1237 3909 1302 fractum,
3953 1255 4018 1294 ac

2400 1307 2508 1377 jam
2551 1309 2727 1360 l'asciis
2770 1308 3211 1376 circumligatum,
3238 1311 3531 1376 reponitur,
3564 1320 3616 1362 ttl
3667 1310 3864 1363 ibidem
3916 1312 4019 1363 int-

2407 1389 2606 1432 tnotutn
2638 1388 2964 1445 permaneat,
2999 1396 3191 1430 moram
3224 1396 3326 1447 quc
3356 1381 3546 1433 traltat.
3577 1383 3663 1434 Sic
3694 1390 3746 1435 et
3775 1383 4011 1447 sagitta,

2406 1453 2511 1503 cuti
2539 1451 2697 1503 altius
2728 1450 2924 1510 inlisae,
2947 1466 3070 1503 snas
3097 1450 3291 1504 ibidem
3338 1468 3504 1504 moras
3545 1455 3776 1512 trahunt,
3812 1463 3868 1505 et
3912 1455 4017 1504 ali-

2404 1521 2616 1590 quando
2659 1521 3023 1584 irrevocabiles,
3073 1535 3194 1574 cum
3256 1523 3457 1576 scilicet
3520 1523 3677 1575 nimis
3743 1522 4017 1591 profunde

2407 1593 2914 1662 insederint,quant
2965 1600 3021 1644 ut
3065 1592 3132 1645 ab
3181 1593 3309 1663 ipsis
3345 1595 3669 1648 animalibus
3714 1595 4019 1648 vulnerzuis

2406 1664 2612 1718 extrahi
2645 1673 2734 1716 aut
2762 1664 2937 1734 excuti
2961 1705 2972 1722 .
3004 1665 3184 1731 sicque
3213 1680 3242 1718 e
3276 1669 3494 1718 vttincre
3523 1667 3747 1717 revocari
3775 1665 4013 1734 possint.

2478 1734 2765 1787 Diclamno.
2803 1733 2876 1788 Ita
2900 1735 3112 1805 quidem
3143 1735 3210 1789 de
3251 1738 3457 1804 capreis
3485 1738 3646 1790 Arist.
3673 1735 3735 1789 L.
3767 1733 3838 1789 ΙΧ
3876 1734 4017 1789 Ilist.

2406 1806 2618 1860 aninml.
2648 1823 2693 1858 c.
2727 1806 2778 1870 6,
2815 1807 2865 1859 in
2897 1808 3009 1860 Incc
3041 1805 3202 1859 verba
3242 1805 3471 1860 aftirtnat
3509 1827 3521 1860 :
3567 1806 3627 1860 In
3659 1810 3804 1860 Creta
3837 1806 4019 1859 Insula

2406 1895 2614 1946 capreas
2637 1878 2899 1947 sglvestres
2919 1878 3102 1947 sagitta
3133 1880 3423 1938 transfixus.
3445 1878 3772 1931 dictainnnm
3810 1879 4019 1930 herbam

2405 1966 2627 2017 qua'rere
2652 1952 2793 2000 aiunt
2825 1964 2842 2000 :
2869 1951 2962 2001 ltoc
2989 1949 3119 2000 enim
3146 1949 3343 2017 spicula
3383 1966 3447 2002 ea:
3480 1967 3690 2016 corpore
3715 1951 4015 2008 eliciuntur.

2407 2025 2576 2087 Atque
2610 2021 2747 2072 idem
2782 2021 2830 2072 itt
2866 2020 2925 2073 L.
2974 2021 3037 2071 de
3076 2021 3271 2072 Admir.
3305 2019 3466 2073 audit.
3494 2039 3546 2074 n.
3593 2023 3647 2087 4,
3705 2019 4017 2075 conﬁrmat.

2404 2090 2554 2147 Unde
2583 2091 2727 2160 Virg.
2756 2089 2816 2143 L.
2852 2089 2962 2144 XII.
3001 2088 3216 2144 ZEncid.
3247 2106 3262 2143 :

2559 2183 2688 2232 Dum
2707 2182 2874 2230 Venus
2896 2183 3094 2241 indigno
3119 2184 3217 2231 nati
3235 2194 3460 2232 concussa
3485 2182 3654 2234 dolore

2566 2245 2866 2295 Dictamnwn
2890 2246 3100 2308 geniti-is
3124 2244 3317 2308 iCretzea
3342 2247 3496 2308 carpit
3514 2246 3575 2294 ab
3600 2246 3698 2305 Ida,

2562 2309 2840 2358 I’uberibus
2859 2306 3049 2354 t-attlettt
3073 2305 3218 2365 foliis,
3234 2315 3285 2355 et
3307 2305 3730 2357 ﬂore'comantem

2560 2370 2840 2432 Purpureo.
2860 2369 2964 2417 Non
2987 2369 3062 2415 illa
3083 2368 3200 2432 fcris
3225 2371 3473 2431 incognita
3494 2373 3652 2432 capris

2560 2435 2804 2492 Gramina,
2826 2446 2935 2481 cum
2961 2438 3103 2490 tergo
3122 2431 3346 2480 volucres
3367 2431 3562 2481 haesere
3577 2434 3791 2495 sagittze.

2406 2517 2473 2572 At
2499 2517 2701 2571 Plinius
2726 2515 2904 2570 L.V|Il
2945 2512 3010 2568 Η.
3042 2513 3114 2566 Ν.
3139 2532 3181 2567 c.
3208 2515 3298 2580 27,
3326 2515 3437 2570 lucc
3459 2517 3522 2570 ad
3545 2533 3716 2572 cervos
3737 2519 4016 2569 transfert.

2407 2592 2474 2642 At
2511 2605 2669 2657 quam
2718 2588 2878 2640 ttmlta
2925 2586 3078 2639 subin
3128 2585 3427 2656 ﬁnguntur,
3473 2599 3564 2641 aut
3606 2589 3766 2642 nimis
3797 2587 4020 2641 credule

2406 2673 2700 2723 narrantur,
2734 2675 2849 2726 qur
2883 2672 2986 2709 non
3017 2657 3355 2712 veril‘tcantur
3381 2659 3393 2711 !
3424 2659 3578 2714 Certe
3610 2657 3892 2713 hodiernis
3923 2673 4016 2710 na-

2409 2741 2540 2784 tur-.e
2588 2729 2974 2783 scrutator-ibus
3019 2729 3114 2781 hac
3159 2728 3223 2782 de
3262 2744 3319 2782 re
3363 2728 3528 2782 altum
3573 2730 3853 2784 silentium
3897 2740 4017 2791 est,

2409 2802 2592 2869 utique
2624 2815 2722 2855 nec
2749 2817 2813 2852 ex
2849 2817 2940 2854 sua
2977 2814 3074 2852 nec
3103 2799 3326 2852 aliorum
3358 2800 3638 2853 suﬂicicnti
3670 2801 4010 2869 experientia

2408 2874 2696 2940 quidquam
2731 2873 3068 2930 habentibus,
3100 2885 3206 2935 quo
3238 2870 3358 2924 huic
3392 2881 3634 2926 veterum
3667 2870 4013 2941 persuasioni

2410 2944 2568 2997 Iidem
2599 2945 2697 2997 rite
2725 2943 2902 2998 Iacere
2927 2952 3161 3013 possent.

2482 3014 2612 3068 Illos
2663 3017 2889 3079 oculare,
2927 3011 2970 3070 'i.
3015 3033 3064 3067 e.
3095 3014 3253 3064 risum
3297 3011 3398 3064 illis
3427 3014 3568 3066 dare.
3597 3012 3687 3068 Sic
3707 3013 3857 3067 enim
3880 3013 4018 3066 idem

2411 3084 2601 3138 Noster
2635 3086 2684 3136 in
2713 3086 2865 3154 Apol.
2895 3105 2941 3140 c.
2969 3087 3062 3149 2|,
3097 3084 3258 3136 habet
3292 3101 3303 3136 :
3335 3081 3454 3135 Jam
3495 3086 3748 3152 expolitos
3773 3126 3787 3148 ,
3824 3099 3871 3137 et
3910 3087 4020 3153 ipsa

2411 3156 2697 3209 urbanitate
2735 3155 3000 3226 deceptos,
3044 3159 3094 3209 in
3137 3154 3444 3226 agnitionem
3483 3157 3708 3209 veritatis
3739 3159 3972 3210 ocularet
4004 3169 4022 3205 :

2414 3227 2552 3296 quod
2586 3227 2807 3281 verbum
2836 3225 3178 3298 ceteroquin
3196 3225 3263 3298 ab
3286 3227 3532 3295 Antiquis
3556 3229 3641 3280 vix
3667 3241 4016 3295 usurpatum.

718 3296 1029 3370 inuncrsere
1057 3309 1400 3370 peccatores,
1433 3299 1616 3370 inillo
1653 3298 1898 3352 inl'ernali
1939 3295 2212 3362 barathro,
2255 3309 2307 3352 et
2335 3309 2378 3370 (ζ
2502 3300 2663 3370 (lypr.
2704 3299 2752 3351 in
2791 3298 2965 3354 Tract.
3010 3295 3072 3354 de
3113 3295 3263 3370 Ιιζοι.Δ
3291 3298 3547 3370 υιιιιέιηιιᾴ
3575 3298 3668 3363 fin.
3700 3313 3767 3352 ex
3802 3299 4021 3353 'I‘crtnl-

719 3367 928 3432 propria
963 3366 1100 3432 ignei
1131 3368 1395 3422 Elementi
1423 3369 1571 3434 sede,
1600 3371 1712 3423 l'ors
1737 3379 1996 3424 aeternum
2021 3371 2302 3436 esurcndi,

716 3447 767 3488 ct
800 3453 1067 3504 nunquam
1099 3442 1465 3492 comburendi.

756 3506 1171 3588 .Ina'stimabilis
1199 3511 1319 3588 foci.
1352 3511 1516 3588 Cujus
1556 3514 1760 3588 scilicet
1800 3513 2006 3568 ardoris
2048 3512 2305 3588 immensa

721 3583 798 3632 vis
827 3595 1068 3645 onmem,
1102 3598 1204 3633 non
1233 3583 1352 3636 dico
1377 3585 1759 3637 wstimationcm
1791 3595 2046 3646 nostram,
2077 3584 2170 3638 sed
2201 3602 2310 3637 uitt-

718 3652 1221 3722 nesinwginationis
1248 3653 1392 3706 vires
1422 3656 1725 3722 longissime
1756 3656 2100 3709 transcendit.

795 3719 1037 3777 Missilia.
1075 3720 1294 3777 Missilia
1325 3726 1452 3778 olim
1495 3719 1805 3780 dicebantur
1845 3743 1903 3780 ca
1946 3728 2058 3780 auri
2114 3742 2305 3795 argen-

723 3792 867 3860 tique
922 3795 1112 3863 signati
1171 3809 1428 3859 munera,
1484 3813 1600 3866 qua:
1655 3813 2034 3865 nonnunquam
2085 3798 2150 3851 ab
2183 3792 2309 3850 vlm-

723 3867 1080 3938 peratoribus,
1116 3876 1202 3918 aut
1234 3884 1258 3916 :t
1290 3867 1487 3920 Senatu
1520 3879 1572 3922 et
1603 3869 2016 3938 Magistratibus,
2054 3872 2103 3922 in
2137 3886 2307 3937 popu-

723 3937 828 3988 lum
858 3936 970 4008 ,7ad
999 3937 1235 4008 ejusdem
1271 3938 1484 4005 plausus
1521 3955 1583 3993 ac
1623 3936 1828 3994 favores
1867 3941 1966 3995 sibi
2008 3936 2308 4008 quaestuosc

721 4007 1106 4068 eanciliandos.
1169 4023 1231 4060 ac
1259 4049 1272 4068 ,
1323 4017 1378 4061 ut
1419 4009 1644 4064 barbare
1674 4012 1887 4076 dicam,
1926 4007 2306 4077 collectandos,

721 4077 894 4143 Spargi
927 4081 1186 4132 solebant.
1221 4079 1358 4146 Quin
1389 4095 1515 4134 vero
1542 4090 1596 4135 et
1623 4082 1840 4136 aliarum
1875 4098 2052 4137 rerum
2085 4083 2311 4137 subinde

725 4149 946 4225 missilia
974 4150 1205 4225 ﬂebant,
1241 4160 1297 4205 ut
1325 4153 1461 4220 apud
1489 4152 1709 4208 Sueton.
1753 4156 1804 4207 in
1834 4153 2002 4225 Calig.
2049 4155 2306 4208 habetur:

726 4221 929 4284 Sparsit
961 4233 1006 4274 et
1035 4222 1248 4275 missilia
1283 4225 1540 4276 variarum
1583 4242 1774 4279 rerum.
1811 4221 1996 4280 Postea
2036 4241 2164 4280 vero
2198 4228 2312 4280 Inec

724 4306 822 4342 vox
855 4295 920 4344 ad
965 4293 1206 4346 militiam
1253 4309 1464 4364 quoque
1518 4297 1744 4359 transiit,
1795 4307 1852 4350 ttt
1895 4298 1991 4349 tela
2043 4297 2096 4349 in
2131 4298 2312 4350 b0stes

727 4364 898 4422 missa,
924 4366 1121 4432 pariter
1140 4365 1351 4418 missilia
1378 4378 1714 4420 vocarentur.
1740 4369 1842 4422 Sed
1867 4377 1919 4422 et
1949 4368 2162 4421 fulmina
2189 4370 2310 4421 mis-

723 4434 894 4510 sitnon
922 4437 1136 4510 nurnine
1167 4436 1353 4492 Noster
1381 4439 1428 4490 in
1461 4437 1524 4490 L.
1556 4438 1617 4492 de
1651 4438 1788 4493 Pall.
1817 4457 1932 4509 cap.
1955 4439 2007 4504 εἰ,
2043 4440 2313 4510 appellare

727 4520 832 4555 non
862 4504 1136 4560 dubitavit.

803 4573 1137 4629 Ezercitoria.
1185 4577 1444 4633 Exercitor
1509 4583 1720 4649 proprie
1772 4591 1883 4641 est.
1945 4583 2031 4650 qui
2085 4581 2312 4636 alterum

725 4644 1229 4722 docet__r;rercentlo,
1263 4659 1318 4702 ut
1366 4666 1434 4722 ex,
1489 4644 1674 4706 Plauto
1728 4654 1777 4705 in
1831 4644 2060 4706 Trinum.
2113 4655 2313 4722 colligi-

727 4726 813 4769 tur
843 4735 857 4772 :
888 4717 981 4772 llis
1011 4700 1236 4789 quisquis
1269 4700 1669 4785 aitagit-1;:
1685 4700 2085 4789 εέὶὀιὶεέιὲἔίῖὀῖς
2111 4700 2313 4778 eius.
2347 4700 2392 4759 Ι)

727 4789 976 4866 hominem
1006 4795 1450 4866 cursurantdocet.
1503 4794 1653 4848 Unde
1694 4806 1746 4848 et
1787 4799 1887 4850 tela
1930 4797 2017 4849 illa
2042 4839 2055 4859 ,
2099 4812 2216 4866 qua:
2262 4798 2312 4851 itt

727 4863 997 4915 exercitiis
1045 4865 1399 4929 militaribus,
1451 4876 1504 4919 et
1555 4867 1862 4920 mnbraticis
1913 4863 2312 4931 emittebantur,

727 4934 1045 4996 exercitoria,
1075 4945 1127 4988 et
1155 4936 1293 5005 apud
1325 4938 1581 4992 Senecam
1616 4936 1678 4990 L.
1709 4936 1771 4990 Il.
1805 4939 1921 5006 QQ.
1948 4936 2095 4991 Natt.
2126 4940 2316 4994 lusoria

727 5013 1004 5057 vecantnr.

786 5071 1124 5155 .lntinctionis
1154 5078 1438 5134 dominicaz.
1479 5079 1582 5135 Seu
1617 5079 1902 5150 Baptismi,
1926 5096 1954 5133 a
1980 5080 2192 5137 Christo
2218 5083 2323 5137 Do-

727 5150 873 5198 mino
896 5150 1136 5201 instituti.

803 5216 1139 5293 Monimenta.
1216 5221 1530 5276 .llonimenta
1595 5223 1887 5287 dicuntur,
1947 5239 2064 5293 qum
2145 5228 2316 5293 posita

727 5295 851 5339 sunt
895 5288 960 5341 ad
1002 5294 1304 5346 monendum
1344 5306 1576 5348 uestram
1617 5306 1866 5361 mentem,
1910 5288 1976 5348 ut.
2008 5288 2315 5350 memoriam

732 5361 1325 5436 pneteritarnm(rerum
1353 5377 1653 5420 conservet.
1682 5365 1870 5420 Junius
1899 5368 1982 5422 hic
2007 5370 2316 5421 munimenta

730 5427 879 5507 legit,
907 5433 1046 5507 quod
1075 5435 1328 5507 adversus
1357 5437 1654 5504 gehennam
1687 5440 2044 5507 prcemuniant.

803 5503 1040 5581 Secunda
1087 5505 1331 5581 subsidia.
1364 5503 1647 5576 Eleganter
1671 5503 1906 5574 dictum;
1942 5526 2061 5564 nam
2090 5511 2315 5564 subsidia

731 5574 1005 5653 veteribus
1045 5579 1257 5645 proprie
1297 5574 1686 5653 erantitertium
1728 5581 1853 5633 illud
1885 5583 1934 5636 in
1962 5583 2075 5636 acie
2100 5599 2310 5652 agmen,

733 5657 796 5695 ex
838 5647 1031 5724 triariis
1074 5663 1135 5701 ac
1174 5651 1391 5724 emeritis
1414 5693 1427 5714 ,
1462 5652 1871 5719 I'ortissiniismte
1898 5647 2190 5718 constans,
2223 5657 2313 5724 qui

735 5721 966 5793 prpitt‘itt
996 5727 1240 5793 extremo
1271 5721 1538 5786 collocati,
1566 5726 1664 5777 sub
1687 5726 1890 5778 vexillis
1921 5727 2030 5778 suis
2061 5727 2112 5778 in
2143 5721 2312 5793 geli-na

733 5787 1071 5852 subsidebant,
1099 5790 1356 5846 laboranti
1382 5794 1490 5847 fors
1517 5797 1770 5849 exercitui
1799 5797 2104 5857 subvenire,
2134 5787 2314 5852 laban-

733 5863 946 5938 temque
975 5863 1142 5938 aciein
1176 5877 1314 5938 nov_o
1341 5865 1579 5938 subsidio
1609 5875 1914 5924 restaurare
1956 5871 2144 5938 parati.
2183 5869 2314 5925 Vide

735 5926 960 5985 Varroa.
992 5932 1054 5987 de
1077 5932 1227 6004 Ling.
1259 5932 1374 5990 Lat.
1406 5934 1468 5990 L.
1500 5935 1586 5993 IV.

2415 3365 2561 3423 liano
2585 3365 2682 3425 suo
2710 3382 2980 3424 mutuatus
3011 3371 3124 3429 fuit,
3150 3365 3217 3435 de
3240 3367 3511 3434 Apostolis
3535 3368 3782 3436 loquens,
3809 3373 3898 3438 qui
3925 3390 4020 3425 ctr-

2409 3452 2566 3514 cos_et
2597 3442 2801 3514 ignaros
2830 3444 2898 3494 ad
2924 3443 3244 3514 agnitionem
3263 3439 3482 3514 veritatis
3511 3440 3796 3492 ocularent.

2483 3510 2561 3564 De
2587 3529 2676 3564 sua
2695 3509 2998 3568 Chelidmia.
3015 3511 3165 3581 Quod
3192 3509 3487 3581 hirundines
3517 3526 3691 3564 cmcos
3721 3511 3900 3580 pullos
3925 3530 4017 3581 pa—

2413 3583 2550 3636 riant
2574 3625 2587 3646 ,
2631 3586 2948 3639 At‘iStoteles
2980 3579 3162 3639 ιῖιν.
3195 3581 3258 3632 de
3282 3579 3407 3634 Gen.
3443 3582 3600 3634 anim.
3635 3599 3681 3636 c.
3714 3579 3768 3646 6,
3802 3579 4017 3646 asserit,

2410 3665 2664 3709 Caeterum
2706 3657 2770 3708 de
2798 3658 3085 3710 chelidonia
3118 3651 3279 3714 nihil;
3312 3662 3368 3704 at
3405 3667 3529 3706 vero
3559 3653 3767 3706 Plinius
3799 3657 3899 3707 loc.
3931 3661 4018 3708 rit.

2414 3727 2462 3778 id
2497 3729 2742 3784 al‘lirmat.
2776 3729 3170 3782 narratiOnibus
3216 3723 3405 3777 alienis
3451 3724 3764 3793 plerumque
3794 3727 4019 3781 nimium

2413 3797 2604 3850 ﬁdens.
2639 3797 2786 3850 Adeo
2814 3809 2990 3852 autem
3023 3797 3088 3851 ad
3117 3793 3305 3862 vulgus
3333 3796 3607 3861 persuasio
3636 3796 3722 3849 illa
3757 3801 3966 3849 trausiil
3998 3840 4013 3859 ,

2414 3876 2630 3935 tamque
2671 3870 2929 3923 tenaciter
2967 3870 3118 3922 Inesit
3140 3910 3154 3931 ,
3199 3877 3257 3918 ut
3287 3867 3446 3919 etiam
3480 3867 3650 3932 ipsum
3680 3866 4022 3921 hirundinum

2415 3953 2606 3992 nomen
2655 3939 2900 4008 (Graecis
2937 3943 3080 3996 enim
3127 3941 3241 3993 lucc
3289 3938 3401 3988 avis
3452 3942 3646 4008 χελιδὼν
3690 3939 3912 4007 dicitur)
3952 3943 4017 3993 ad

2415 4013 2648 4079 plantam
2666 4007 2812 4063 illam
2851 4013 3150 4075 transierit,
3174 4025 3280 4065 non
3317 4007 3799 4079 tninus_Gertnani5
3825 4016 4022 4064 nosn-is

2415 4077 2954 4146 Scltwalben—It'raut,
2989 4093 3079 4136 aut
3111 4077 3628 4135 Schwalben-Wurtz
3667 4079 4016 4147 appellatam.

2415 4153 2519 4206 Sed
2548 4165 2601 4207 et
2634 4152 2719 4205 illa
2763 4169 2866 4206 tton
2907 4154 3247 4207 hirnmlinmn
3293 4153 3590 4212 duntaxat,
3634 4151 3728 4204 sed
3773 4155 4016 4205 omnium

2417 4239 2579 4294 prope
2608 4226 2904 4288 Volucrum,
2935 4227 2976 4277 si
3007 4225 3304 4293 aquatilium
3330 4224 3537 4294 species
3550 4222 3908 4289 excipiamus,
3935 4241 4018 4276 re-

2415 4293 2541 4349 cens
2583 4296 2918 4348 exclusarum
2962 4299 3174 4349 accitas
3214 4296 3426 4364 proprie
3471 4293 3723 4364 talisuon
3757 4305 3885 4359 est,
3929 4297 4020 4348 sed

2417 4381 2560 4420 mera
2595 4367 2965 4435 palpebrarum
2986 4363 3260 4433 obductio,
3281 4363 3398 4432 qum
3416 4363 3886 4432 postaliquotdics
3904 4381 4025 4418 scu-

2415 4441 2514 4491 sitn
2547 4438 2742 4495 didttci.
2766 4437 2980 4508 suisque
2996 4439 3182 4492 oculos
3199 4436 3549 4492 vetantiuthus
3576 4435 3740 4488 libera
3751 4451 3808 4486 re
3825 4439 4019 4491 solent.

2490 4510 2602 4562 Sibi
2636 4511 2950 4574 institutam,
2987 4512 3021 4563 i.
3055 4527 3105 4564 e.
3141 4526 3234 4578 pro
3263 4523 3355 4572 se,
3389 4519 3575 4578 rursus
3617 4521 3708 4573 per
3741 4508 4018 4575 pmttitcn-

2419 4581 2542 4634 tiatn
2579 4585 2626 4632 in
2658 4581 2878 4649 gratiam
2908 4581 2998 4635 Dei
3031 4577 3381 4642 restituendo,
3411 4577 3726 4649 institutam.

2488 4646 2828 4722 Babylonium
2859 4668 3044 4720 regem.
3093 4651 3188 4705 Est
3217 4652 3300 4704 hic
3332 4664 3436 4702 non
3469 4649 3554 4722 ille
3583 4646 4021 4722 Nabuchodono-

2419 4739 2528 4788 sor,
2563 4717 2718 4791 (alias
2760 4717 3082 4776 Saosducltin
3111 4723 3426 4793 appellatus,
3457 4720 3543 4793 qui
3587 4719 3657 4793 A.
3681 4717 3760 4773 ΔΙ.
3792 4721 3940 4776 5547
3975 4724 4021 4776 itt

2418 4812 2609 4862 campo
2637 4793 2820 4861 Ragau
2848 4795 3115 4849 Medorum
3148 4791 3344 4863 [{cgem
3375 4791 3658 4863 Arpltaxad
3687 4793 4019 4858 proﬂigavit;

2422 4882 2519 4921 nec
2549 4867 2684 4921 alter
2708 4866 3214 4928 NabuchodonOsor,
3244 4865 3374 4918 alias
3409 4864 3798 4928 Nabaputassar
3818 4864 4020 4924 dictus.

2420 4939 2509 5007 qtti
2558 4938 2620 4990 Α.
2669 4937 2744 4990 Μ.
2793 4937 2934 4992 5578
3003 4938 3240 5006 Regnum
3290 4935 3661 5007 Chaldmortnn
3712 4935 4023 4989 condidisse

2421 5005 2656 5064 creditur
2691 5027 2705 5062 ι
2747 5012 2839 5063 sed
2887 5008 3044 5076 hujus
3087 5005 3232 5061 tilius
3273 5005 3770 5076 Nabuchodonosor,
3814 5020 4021 5075 Cogno-

2426 5092 2607 5136 mento
2639 5080 2859 5149 Magnus
2883 5121 2895 5140 .
2927 5075 2979 5134 et
3019 5082 3067 5132 in
3101 5080 3286 5150 Regno
3314 5079 3377 5130 A.
3414 5075 3490 5130 Μ.
3520 5077 3659 5150 5599
3714 5093 4019 5150 successor,

2419 5156 2507 5223 qui
2553 5151 2799 5210 Joakim.
2855 5152 3050 5221 Regem
3097 5149 3270 5223 Iuda,
3349 5151 3400 5202 itt
3449 5149 3760 5223 servitutem
3815 5149 4023 5223 redegit

2423 5216 2544 5297 (IV.
2578 5225 2706 5294 Reg.
2733 5216 3160 5297 XXIV,'_I.),qui
3192 5222 3410 5297 obsessa
3440 5217 3770 5297 Jerusalem,
3801 5216 4023 5297 Ione/nn

2421 5289 2610 5366 Sponte
2640 5289 2760 5350 cum
2793 5289 3044 5348 omnibus
3072 5289 3184 5348 suis
3213 5291 3584 5366 sededentem
3607 5331 3620 5354 ,
3651 5289 3708 5366 in
3733 5293 4019 5366 captivita-

2423 5360 2525 5422 tem
2557 5367 2806 5436 abduxit(
2825 5367 2920 5419 loc.
2953 5371 3037 5418 cit.
3069 5382 3198 5420 vers.
3230 5363 3299 5418 12
3327 5373 3374 5436 et
3403 5360 3589 5436 seqq.);
3621 5361 3985 5436 quiﬁedecim
4005 5403 4019 5423 ,

2421 5440 2586 5492 ttltitni
2617 5432 2966 5508 Regis-ludo.
2998 5445 3298 5508 expugnata
3325 5433 3641 5508 Jerusalem,
3677 5432 3813 5498 filios
3841 5434 4024 5508 occidit

2419 5527 2589 5564 coram
2615 5528 2672 5564 eo
2689 5505 2720 5575 ,⁷
2735 5520 2781 5563 et
2809 5510 2981 5562 oculos
3012 5511 3118 5575 ejus
3147 5505 3339 5572 effodit,
3372 5505 3630 5575 cinxitque
3660 5519 3773 5575 eum
3803 5505 4019 5575 catenis,

2415 5595 2463 5636 et
2490 5573 2703 5636 adduxit
2732 5583 2785 5633 in
2817 5573 3124 5650 Babylonem
3154 5577 3273 5649 (IV.
3305 5576 3433 5644 Reg.
3463 5591 3508 5626 c.
3536 5574 3630 5650 ult.
3665 5589 3716 5628 υ.
3810 5573 3853 5644 ),
3875 5576 4023 5629 deni-

2418 5671 2520 5722 que
2549 5669 2640 5721 per
2659 5647 3029 5712 Nabuzardan,
3064 5647 3646 5722 Principcmgmrcitus
3677 5647 3784 5722 sui,
3816 5662 4024 5722 succcn-

2418 5715 2491 5777 tlit
2529 5715 2744 5778 Domum
2776 5725 3012 5785 Domini,
3049 5732 3093 5773 et
3123 5715 3329 5774 domum
3361 5717 3517 5789 Regis
3539 5758 3551 5776 .
3586 5728 3632 5770 et
3660 5715 4024 5789 domoslcrn-

2415 5797 2572 5850 salem
2599 5811 2894 5863 omnemque
2921 5797 3124 5846 domum
3153 5792 3424 5845 combussit
3442 5787 3552 5863 igni
3571 5790 3749 5863 (ihzv.
3783 5787 3892 5863 9.),
3922 5790 4024 5841 sic-

2417 5885 2521 5936 que
2551 5877 2715 5949 totum
2746 5858 2964 5938 regnum
2991 5863 3128 5920 Iuda
3157 5864 3366 5934 penitus
3391 5861 3642 5930 estiusit,
3674 5858 4019 5931 fundituSque

2419 5948 2627 5995 evertit.
