4184 6496
763 408 895 467 1251

1762 405 1970 464 INDEX
2008 404 2445 464 LATINITATIS
2471 404 3053 464 TERTULLIANEE.

3914 404 3941 460 1
3953 402 4065 460 Ξὺὶ

760 522 1376 597 accommentationum
1416 521 1751 597 eruditione,
1784 524 2017 597 apertius
2061 538 2190 597 sane
2216 522 2323 597 Ter
2374 535 2421 592 Α
2452 525 2626 590 sulto,
2667 525 2871 597 quippe
2914 540 3036 597 cum
3085 522 3181 597 abs
3223 537 3282 597 re
3326 537 3432 597 non
3480 523 3549 579 sit
3575 525 3770 581 intueri
3794 539 4062 597 quasnam

762 596 998 650 tullianei
1027 594 1223 664 eloquii
1264 609 1457 649 arcana
1506 596 1728 649 rimatur
1820 611 1915 650 nec
1972 596 2240 650 immerito
2279 596 2346 649 ab

760 668 991 737 ipsomet
1019 676 1259 727 auctore,
1287 667 1644 721 annuentibus
1672 666 1937 736 plerisque
1961 668 2036 721 rei
2060 667 2345 735 patristica:

759 738 1096 806 peritissimis
1121 780 1135 799 ,
1191 741 1429 807 perpetui
1472 740 1838 791 commentarii
1872 738 2040 792 vicem
2080 738 2346 791 sustinuere

762 818 1059 879 reputatur.
1086 808 1259 864 Verba
1283 821 1457 863 autem
1478 824 1595 879 qua:
1614 808 1739 864 hinc
1761 820 1811 863 et
1835 809 1956 862 inde
1982 809 2063 862 vel
2090 808 2346 863 deliciunt

757 880 841 950 vel
874 882 1047 934 minus
1076 880 1408 949 explicantur
1433 923 1447 945 ,
1480 894 1629 934 suam
1671 880 1983 950 plerumque
2013 895 2198 935 secum
2254 880 2347 933 lia-

756 949 883 1005 bent
928 950 1356 1022 explanationem
1412 951 1529 1006 sive
1579 952 1633 1005 in
1675 949 1963 1006 contextus
2004 951 2343 1015 subtemine,

755 1036 869 1077 srve
916 1023 969 1077 in
1021 1022 1307 1077 uberrimis
1360 1024 1625 1078 variorum
1693 1024 1849 1076 notis.
1907 1022 2158 1090 Qumtlatn
2220 1036 2346 1075 vero

756 1102 963 1150 tantum
991 1093 1219 1150 excitata
1249 1092 1531 1162 videntur,
1565 1102 1623 1150 ut
1663 1104 1989 1165 appareant,
2021 1109 2118 1149 nec
2161 1094 2346 1147 incon-

826 1441 868 1494 Α
897 1448 949 1494 et
977 1449 1037 1493 Ω.
1064 1439 1143 1505 11,
1172 1439 1279 1497 955
1308 1440 1368 1507 Β,
1394 1439 1481 1496 Sic
1503 1366 1557 1495 text
1580 1440 1708 1494 duas
1730 1439 1942 1495 ercite
1972 1440 2182 1504 litteras,
2207 1456 2347 1494 sum-

753 1528 888 1564 mam
913 1522 959 1565 et
986 1513 1240 1577 ultimam,
1265 1514 1358 1566 sibi
1389 1512 1555 1565 induit
1576 1510 1847 1579 Dominus,
1874 1513 2004 1566 initii
2022 1522 2064 1565 et
2087 1514 2203 1581 [mis
2223 1529 2345 1565 cou-

750 1586 1060 1636 currentium
1083 1585 1137 1637 in
1164 1600 1216 1637 se
1247 1584 1459 1652 figuras,
1490 1594 1594 1637 etc.

825 1656 1116 1710 Anmcsns.
1158 1654 1222 1717 ll,
1256 1654 1360 1709 928
1385 1655 1448 1719 C,
1500 1654 1691 1723 Sponte
1732 1655 1966 1709 abdicato
1992 1655 2332 1717 matrimonio,

750 1726 1101 1781 adsenescunt.
1136 1725 1174 1792 Ι,
1207 1724 1401 1779 Filium
1449 1728 1559 1794 jam
1599 1726 1876 1797 subjectum
1918 1736 2060 1795 pater
2086 1738 2219 1780 retro
2249 1745 2342 1795 pa-

2452 595 2701 666 loquendi
2745 594 3003 650 formulas
3052 594 3294 650 emiserit
3332 595 3731 663 Tertullianus,
3772 594 4063 666 qualemve

2451 668 2719 739 loquelam
2767 668 2835 723 ab
2879 678 3002 723 ortu
3052 682 3151 722 suo
3202 667 3371 723 litera:
3396 667 3708 724 christiana:
3742 669 3846 724 sibi
3894 666 4064 724 effor-

2451 740 2732 795 maverint.

3580 811 3711 867 Enn.

2526 946 2701 1000 Prima
2729 946 2881 1018 signa
2925 954 3125 1001 tomum
3164 944 3445 1018 designant
3476 968 3490 1016 ;
3543 946 3777 1002 secunda
3804 990 3819 1015 ,
3851 947 4060 1003 colum-

2450 1034 2613 1081 nam;
2645 1018 2833 1098 tertia,
2867 1016 3076 1073 literam
3132 1016 3309 1074 verbis
3360 1018 3622 1089 adlegatis
3662 1020 3802 1075 intra
3849 1020 4062 1076 COlUlll-

2450 1106 2548 1144 nas
2576 1098 2900 1160 apposrtam.

2452 1365 2657 1420 honore
2690 1364 2913 1435 indigni,
2944 1365 3082 1420 inter
3098 1375 3313 1433 caetera,
3341 1367 3509 1423 calcei
3537 1366 3783 1423 solebant
3806 1366 4050 1423 detrahi.

2451 1437 2698 1491 Balduiu.
2729 1434 2823 1490 De,
2850 1435 2992 1493 Calc.
3034 1452 3149 1506 cap.
3186 1437 3276 1492 24.
3310 1438 3432 1493 Vid.
3479 1450 3531 1493 et
3558 1454 3981 1495 srecvurouu.
4016 1441 4053 1503 Ι,

2449 1508 2556 1564 572
2577 1510 2641 1575 A,
2674 1509 2973 1562 Absolutum
3016 1519 3088 1562 est
3116 1509 3179 1563 de
3204 1510 3496 1578 infirmitate
3519 1520 3564 1564 et
3592 1511 3943 1565 mediocritate
3971 1529 4057 1565 eo-

2448 1597 2582 1662 rum,
2616 1581 2651 1632 i.
2678 1596 2727 1633 e.
2758 1580 3099 1649 apertissime
3120 1582 3400 1651 probatum
3424 1583 3904 1638 esteosuullarum
3933 1598 4057 1639 esse

2448 1667 2661 1706 virium.

2522 1726 2842 1777 ABSTINERE.
2866 1721 2906 1786 1,
2930 1721 3040 1797 502
3057 1724 3121 1797 A,
3137 1720 3265 1778 Cum
3295 1725 3528 1779 mulieres
3552 1742 3705 1797 usque
3727 1727 3857 1782 adeo
3886 1745 3919 1779 a
3940 1726 4054 1780 vino

750 1799 898 1863 tiens,
930 1798 1019 1867 qni
1049 1797 1211 1876 lilium
1235 1807 1358 1876 ante
1386 1794 1696 1868 patiebatur
1715 1794 2114 1868 immorigerum
2133 1807 2187 1852 et
2210 1794 2347 1853 (ξομε
2370 1816 2421 1876 Β
2447 1794 2833 1876 abstinerentur,
2866 1809 2963 1876 pru
2983 1794 3312 1876 abstinerent.

748 1875 1037 1933 tntnaceut,
1054 1868 1321 1922 abdicavit.

822 1939 1116 2005 ABDICEBE,
1145 1940 1413 2004 abdicare,
1448 1940 1691 2008 rejicere.
1722 1938 1790 2001 ll,
1836 1940 1939 1996 59l
1970 1940 2032 2007 C,
2073 1938 2159 1993 Ita
2182 1950 2342 1994 totunt

750 2010 883 2077 quod
908 2012 970 2063 ab
999 2012 1199 2064 homine
1223 2020 1478 2080 captatur,
1507 2011 1701 2063 abdixit
1730 2014 1956 2064 (.‘reator.

698 2132 701 2135 .
762 2152 767 2153 ν
794 2152 797 2153 γ
820 2082 1045 2143 Anutsc,
1073 2082 1347 2153 deinceps,
1366 2082 1434 2137 ab
1460 2081 1561 2137 hoc
1584 2083 1721 2137 loco.
1752 2081 1817 2150 ll,
1847 2083 1951 2138 56.5
1974 2085 2039 2147 Α,
2068 2083 2216 2149 Quod
2244 2084 2339 2137 ab-

750 2152 866 2207 hinc
894 2155 993 2206 seri
997 2162 1135 2222 ptum
1146 2192 1159 2205 .

820 2227 1009 2279 Amne.
1042 2224 1084 2289 Ι,
1112 2224 1250 2279 1285
1271 2224 1341 2295 Β,
1367 2222 1435 2278 Ut
1462 2226 1609 2295 cujus
1630 2225 1842 2278 ntaritus
1863 2224 1925 2278 de
1951 2225 2097 2279 rebus
2121 2224 2264 2292 abiit,
2298 2228 2335 2277 i.

748 2310 801 2348 e.
824 2310 856 2349 e
891 2297 997 2349 vita
1025 2296 1290 2350 discessit.
1324 2294 1412 2349 Sic
1429 2296 1599 2350 Graeci
1628 2297 1701 2349 uti
1726 2296 1806 2349 his
1834 2297 2008 2350 verbis
2037 2298 2228 2360 Solent,
2264 2306 2337 2351 oi-

748 2371 936 2431 χισοιιι,
954 2373 1280 2436 κατοίχρσθαι,
1300 2372 1611 2437 ἀπέρχεσθαι,
1630 2373 1947 2437 ὑπηίνισθαι,
1965 2367 2064 2421 hoc
2078 2378 2159 2420 est
2175 2370 2303 2420 mori
2318 2384 2337 2421 ἔ

744 2452 865 2505 qua:
905 2438 1081 2493 omnia
1135 2439 1335 2492 abitum
1379 2453 1763 2507 excessnutqne
1808 2437 2134 2506 signiﬁcant.
2178 2467 2249 2478 —
2283 2437 2331 2503 Ι,

745 2508 851 2589 lilii
881 2509 944 2575 Ο,
984 2508 1117 2563 Abiit
1134 2510 1269 2634 fam,
1297 2520 1344 2563 et
1368 2510 1548 2563 reverti
1581 2509 1754 2574 debet,
1798 2508 2161 2577 proverbium.
2204 2510 2335 2577 Quis

745 2594 861 2634 eius
898 2595 1108 2634 sensus.
1166 2621 1180 2634 .
1208 2579 1315 2634 209
1336 2580 1398 2634 Β.
1429 2580 1534 2634 616
1569 2579 1629 2632 D.

743 2578 861 2648 ejus
898 2595 1108 2644 sensus,
1136 2578 1180 2645 l,
1208 2579 1315 2636 209
1336 2580 1398 2645 Β,
1429 2580 1534 2634 616
1569 2579 1629 2632 D.

815 2652 1089 2717 AuLusus,
1133 2650 1418 2720 baptisare.
1462 2650 1526 2714 ll,
1567 2649 1672 2705 806
1702 2652 1768 2718 Α,
1807 2648 1938 2705 Caro
1981 2651 2226 2704 abluitur.
2266 2649 2330 2716 ll,

744 2719 871 2775 1011
900 2726 964 2786 Α,
997 2722 1176 2774 Denuo
1200 2719 1338 2774 ablui
1364 2738 1463 2774 non
1489 2722 1623 2775 licet.

814 2793 1157 2847 Amoenus.
1187 2790 1260 2857 Il,
1287 2791 1393 2847 749
1423 2792 1485 2856 Β,
1513 2792 1680 2845 Celtas
1707 2792 1847 2860 apud
1876 2792 2099 2845 virorum
2122 2792 2331 2862 fortium

742 2863 904 2915 busta.
916 2903 928 2915 .
939 2904 953 2917 .
982 2863 1273 2917 adnoctare.

814 2938 1224 2997 Acou-zncsuc,
1274 2933 1505 2988 abolere.
1537 2932 1579 2999 l,
1627 2931 1732 2986 452
1759 2933 1818 3000 Β,
1861 2932 2122 2989 Civitatem
2167 2933 2331 2987 taber—

741 3019 820 3057 ntc
840 3005 1013 3058 habitu
1057 3006 1403 3073 abolefacere,
1446 3005 1479 3056 i.
1511 3018 1562 3059 e.
1606 3005 1813 3058 civilem
1853 3006 2093 3059 ordinem
2134 3004 2332 3058 hones-

742 3084 958 3144 tumque
997 3076 1297 3130 tabernaria
1342 3073 1658 3130 confusione
1689 3088 2042 3130 commutare.
2091 3076 2329 3145 Scaliger

738 3147 958 3216 corrigit
996 3146 1327 3215 abolefacere,
1359 3155 1564 3215 κνίσσᾷν.
1590 3145 1630 3212 l,
1664 3146 1803 3201 1508
1825 3148 1889 3211 Α,
1920 3146 2140 3200 Perinde
2167 3147 2328 3216 potuit

739 3215 1075 3287 abolefactam
1102 3235 1229 3286 eam,
1261 3228 1363 3272 etc.

810 3289 1294 3343 Auoumsuasruu.
1321 3288 1385 3356 ll,
1406 3289 1508 3345 657
1538 3289 1599 3355 Λ,
1633 3287 1856 3358 Projecit
1886 3288 2035 3341 homo
2071 3289 2333 3343 abomina—

738 3371 905 3412 ﬂlClllﬂ
932 3377 1024 3413 sua
1050 3378 1224 3413 aurea.

812 3432 1129 3502 Auonrtvtts.
1175 3430 1259 3502 ll,_
1280 3429 1387 3486 564
1434 3432 1501 3498 Α,
1531 3429 1791 3502 Defectiva
1818 3430 2005 3486 scilicet
2031 3444 2077 3484 et
2104 3432 2332 3485 abortivo

738 3503 987 3569 genitura.
1044 3501 1181 3557 lren.
1236 3500 1481 3571 Informis
1531 3513 1577 3556 et
1610 3500 1737 3557 sine
1778 3504 1943 3571 specie
1990 3504 2135 3571 quasi
2180 3505 2329 3556 abor-

738 3582 837 3644 t_u_s.
875 3572 941 3639 ll,
972 3575 1096 3637 551,
1126 3573 1189 3639 C,
1220 3572 1522 3644 Prwcoquos
1572 3583 1617 3627 et
1663 3574 1912 3627 abortivos
1959 3574 2329 3642 quodammodo

740 3641 794 3694 Μ
802 3645 1097 3699 arciouitas.

812 3715 1153 3770 Aunuurens.
1210 3713 1273 3780 ll,
1318 3714 1409 3777 47,
1438 3713 1517 3769 De
1546 3713 1774 3769 Ecclesia
1800 3715 2104 3769 authentico:
2141 3717 2330 3785 regula:

736 3785 991 3856 abrumpit
1020 3787 1268 3841 nimirum
1297 3802 1437 3850 sese,
1458 3785 1656 3840 dictum
1682 3791 2014 3853 ἀμετιϐἂτως.
2206 3810 2210 3813 ·

809 3858 1084 3911 Anausin.
1120 3858 1183 3923 ll,
1212 3857 1317 3913 165
1345 3856 1404 3919 C,
1440 3856 1497 3929 Si
1527 3867 1629 3909 tam
1658 3861 1869 3927 abrupte
1898 3858 1947 3910 in
1974 3858 2329 3929 pra‘sumptio-

736 3928 882 3980 nibus
916 3932 1097 3983 nostris
1128 3930 1219 3981 hac
1247 3928 1492 3983 sententia
1518 3936 1742 3982 utamur.

808 4001 1121 4054 Annur'ruu.
1174 4000 1235 4063 ll,
1269 3999 1371 4054 507
1426 4000 1491 4064 Α,
1527 3998 1670 4052 Salio
1715 4009 1759 4053 et
1808 3999 1909 4065 hic,
1957 3999 2327 4068 amplissimum

734 4070 1005 4137 abruptum
1022 4071 1268 4124 intercisis
1282 4069 1814 4139 Scriptumincntio
1827 4071 1893 4123 ab
1909 4071 1972 4125 iis
1987 4082 2220 4139 sumpta,
2238 4072 2325 4140 qui

737 4141 940 4212 malunt
970 4142 1342 4212 compendiqu
1374 4142 1549 4212 facere
1590 4142 1798 4195 itineris
1826 4142 1984 4212 saltu,
2010 4157 2169 4211 qnam
2216 4143 2326 4195 dis-

737 4211 987 4279 pendium
1034 4211 1398 4267 coinmodiore
1448 4211 1825 4266 ambulatione.
1880 4211 1989 4278 Sic,
2039 4212 2325 4265 Maximum

734 4298 969 4353 campum
998 4284 1245 4338 levissimo
1272 4284 1406 4338 saltu
1437 4284 1738 4346 transvolas,
1768 4284 2003 4353 Scaliger
2030 4284 2096 4337 ad
2124 4284 2323 4336 Carda-

735 4350 883 4406 tnmi.
919 4355 1155 4425 Explicat
1181 4368 1240 4409 se
1272 4370 1393 4408 mox
1423 4353 1813 4425 Tertulliauus,
1843 4350 2040 4425 ",7507
2068 4355 2108 4406 D
2139 4370 2151 4406 :
2187 4354 2325 4407 Ade-

735 4424 875 4478 misti
905 4424 1045 4479 tanta
1074 4427 1136 4479 de
1178 4425 1479 4494 Scripturis,
1526 4424 1627 4478 hoc
1653 4434 1753 4485 est,
1805 4424 2143 4489 intercidisti,
2185 4425 2322 4494 reje-

736 4494 854 4549 cisti
874 4506 927 4550 et
950 4496 1541 4567 abrupisti,utlacun:c
1566 4497 1616 4549 in
1647 4496 1902 4567 librorum
1921 4503 2171 4549 contextu
2199 4511 2321 4565 per-

734 4581 941 4655 magnzne
960 4566 1171 4655 erxlcnt;
1192 4566 1355 4655 lib;V.
1377 4568 1500 4655 adv.
1525 4566 1804 4655 eamdem:
1830 4566 2056 4631 Quantas
2076 4570 2244 4636 foveas
2267 4569 2319 4620 in
2344 4595 2398 4655 Β

735 4640 949 4705 cpistola
980 4639 1167 4707 fecerit,
1200 4638 1472 4706 auferendo
1503 4652 1615 4706 qua:
1641 4638 1811 4689 voluit.

794 4712 1109 4775 .ABRUPTUS,
1155 4710 1481 4776 prmfractus,
1522 4709 1794 4779 pervicax.
1840 4706 1902 4779 ll,
1948 4706 2021 4779 7777
2051 4708 2131 4779 A,
2167 4706 2232 4762 Ut
2257 4710 2319 4762 de

732 4779 970 4852 abrupto,
1013 4780 1278 4852 prwcipiti,
1317 4790 1361 4835 et
1390 4777 1746 4852 mori—cupido.
1778 4777 1842 4845 ll,
1870 4778 1975 4833 247
2006 4778 2063 4843 Β,
2095 4778 2318 4833 Caucaso

735 4850 1301 4921 abruptior.‘Caucasns
1324 4866 1479 4905 mons
1494 4851 1728 4921 Scythia:
1756 4852 2109 4915 vastissimas,
2141 4854 2314 4917 cujus,

736 4932 791 4995 ut
819 4920 895 4976 ait
934 4923 1069 4977 Plin.
1098 4921 1194 4995 (Η.
1344 4923 1433 4995 lib.
1454 4920 1541 4987 Vl,
1572 4920 1687 4990 cap.
1718 4921 1807 4989 5),
1830 4925 1953 4990 juga
1986 4924 2037 4975 iu
2065 4921 2317 4975 Colchica

733 4993 887 5064 l’onti
918 4992 1133 5064 regione
1164 4993 1229 5047 ad
1260 4992 1513 5064 lliphmos
1546 5004 1754 5047 montes
1779 5001 2108 5062 torquentur,
2147 4995 2318 5047 altero

733 5063 1261 5120 lutcrein’Euxinum
1304 5075 1359 5120 et
1384 5063 1611 5119 Masotitn
1655 5064 1879 5128 devexo,
1909 5064 2077 5117 altero
2104 5066 2155 5117 in
2186 5064 2317 5117 (3³5-

736 5134 878 5201 pium
906 5148 960 5191 et
992 5136 1312 5204 Hyrcanium
1355 5150 1523 5198 mare,
1566 5137 1729 5189 variis
1766 5134 2087 5189 nominibus.
2128 5134 2314 5204 Virgil.

733 5204 971 5275 Aineid.,
998 5204 1060 5262 IV
1098 5226 1111 5262 :
1144 5206 1304 5262 Duris
1346 5208 1517 5278 genuit
1556 5216 1602 5260 te
1619 5206 1864 5278 cautibus“
1891 5206 2095 5278 horrens
2123 5206 2319 5278 Cauca-

731 5293 838 5344 sus,
866 5293 967 5334 etc.
1001 5279 1203 5347 Quibus
1232 5276 1407 5334 verbis
1432 5279 1702 5347 abruptum
1728 5276 2040 5345 explicatur,
2076 5277 2127 5347 in
2150 5276 2319 5330 homi-

732 5363 857 5402 nem
897 5346 1185 5419 agreStem,
1232 5350 1444 5413 durum,
1493 5348 1886 5419 intractabilem
1925 5357 1979 5402 et
2023 5346 2314 5417 inhospita-

731 5419 858 5473 lem.
889 5418 953 5488 ll,
981 5422 1087 5476 452
1107 5422 1171 5487 C,
1203 5420 1450 5476 Caeterum
1477 5420 1607 5474 nihil
1633 5430 1734 5472 tam
1762 5418 2030 5489 abruptum
2077 5434 2225 5486 quam
2265 5428 2319 5471 ut

728 5490 861 5613 ἔσται
890 5502 1108 5563 pi'wstet.
1139 5491 1209 5559 ll,
1254 5492 1357 5549 657
1386 5491 1449 5561 Β,
1490 5491 1773 5571 Abruptum
1800 5489 2023 5560 alioquin
2061 5500 2107 5543 et
2136 5492 2319 5545 absur-

766 5578 869 5613 um.

766 5578 849 5615 um
858 5603 869 5615 .

800 5633 1197 5690 Ausouascsne.
1259 5632 1344 5700 ll,
1408 5632 1505 5689 921
1560 5634 1602 5688 C
1635 5676 1649 5697 ,
1709 5632 2051 5688 Seminarium
2115 5633 2315 5702 generis

726 5701 1007 5773 obsolescit,
1032 5708 1065 5760 i.
1096 5721 1148 5761 e.
1169 5715 1227 5760 ut
1248 5706 1455 5760 desinat
1476 5705 1542 5760 de
1566 5703 1723 5760 solito
1744 5715 1797 5759 et
1817 5701 2221 5759 consuetudine.

800 5782 833 5827 Α
846 5792 1129 5833 nsouenz.
1158 5776 1219 5843 ll,
1244 5776 1312 5831 76
1328 5776 1387 5840 Β,
1408 5776 1813 5846 Speculatortttm
1840 5776 2231 5828 morosissimam
2255 5775 2317 5829 de

726 5846 935 5916 pedibus
960 5850 1189 5912 absolvit,
1216 5848 1272 5902 h.
1301 5863 1351 5902 c.
1376 5847 1612 5917 deponit.
1644 5848 1797 5917 Apud
1832 5847 2100 5899 llotnanos
2133 5846 2315 5899 militi-

726 5919 824 5972 bus
852 5959 868 5985 ,
918 5935 1038 5977 cum
1080 5916 1538 5987 exauctorautur,
1580 5929 1638 5976 ut
1684 5916 1888 5974 militia:
1922 5916 2211 5988 privilegiis
2263 5926 2319 5973 et

2527 1868 2863 1928 Ansrnuens,
2907 1864 3114 1932 objecta
3165 1875 3316 1920 strue
3364 1867 3573 1922 auferre
3622 1868 3818 1924 luccm.
3870 1868 3945 1929 ll,
3980 1870 4049 1923 58

2449 1938 2497 2011 CA
2516 1936 2534 2003 ί
2548 1936 2652 2007 15).
2696 1936 2814 2011 για.
2841 1950 3167 1991 οιιετιιυεῐιε.
3193 1935 3257 2001 ll,
3288 1936 3396 1993 428
3420 1942 3484 2002 Α,
3517 1938 3585 1993 Et
3614 1951 3761 2011 negat
3790 1942 4054 1994 lucernam

2448 2007 2824 2062 obstruendam.

2522 2084 2746 2133 Aucsus.
2796 2076 2859 2135 ll.
2890 2077 2995 2131 970
3024 2077 3085 2143 Β,
3133 2078 3467 2134 Processurus
3496 2082 3565 2133 ad
3592 2093 3845 2136 certamen
3880 2100 3907 2135 c
3935 2101 4048 2137 cus-

2447 2150 2585 2202 todia
2614 2152 2818 2209 abusus,
2850 2149 2883 2201 i.
2910 2166 2958 2221 tj.
2978 2149 3151 2221 longo
3192 2166 3289 2203 usit
3320 2155 3703 2221 prepcuiodnm
3726 2154 4050 2221 absumptus

2446 2220 2849 2289 confcctusqne.
2924 2218 3122 2287 Rigalt.
3195 2218 3669 2285 mavult'obesus,
3728 2223 3825 2278 sed
3894 2218 4049 2280 dt‘Cst

2445 2292 2602 2345 codd.
2634 2292 2945 2345 auctoritas.
2991 2290 3193 2344 Nonius
3225 2310 3237 2344 :
3266 2290 3479 2357 Obesus,
3512 2294 3715 2361 gracilis
3741 2304 3787 2347 et
3813 2297 3967 2351 exilis
4001 2308 4048 2349 et

2443 2364 2781 2436 circumrasus
2816 2361 3227 2436 macilentusque.
3270 2362 3481 2417 Naevius
3531 2382 3543 2417 :
3597 2363 3822 2435 Corpore
3871 2378 4045 2436 pecto—

2441 2448 2593 2500 reque
2622 2432 2840 2507 umlique
2870 2432 3035 2507 obeso,
3066 2442 3231 2507 mente
3264 2450 3497 2507 caseum,
3533 2432 4041 2507 tarrlig'cmnlo‘stn‘o

2441 2519 2757 2572 Oppressum.
2792 2502 2929 2558 Gell.
2959 2502 3023 2556 N.
3049 2503 3139 2568 A.,
3162 2504 3232 2557 lib
3263 2504 3404 2569 XIX,
3435 2522 3555 2574 cap.
3588 2508 3637 2559 7.

2512 2576 2736 2629 ACACIA.
2770 2575 2809 2635 Ι.
2837 2575 2921 2638 15,
2961 2574 3131 2645 Quam
3152 2578 3327 2627 acacia
3356 2578 3645 2645 pollicetur,
3673 2578 3708 2631 i.
3746 2594 3797 2633 c.
3829 2585 4036 2641 οὶιαιιῖα,

2442 2644 2741 2713 integritas.
2776 2645 2966 2711 Rigalt.
3001 2644 3215 2712 praefert
3253 2646 3475 2701 alteram
3527 2648 3807 2703 lcCliouem
3840 2670 3854 2705 :
3891 2650 4042 2705 Ilauc

2444 2716 2969 2786 incorruptibilitatem
3024 2716 3263 2769 habemus
3314 2719 3677 2784 superindaere
3723 2721 3794 2772 ad
3851 2740 4039 2775 norum

2441 2786 2723 2849 hominem,
2754 2803 2904 2855 quam
2955 2788 3247 2840 monarchia
3292 2790 3577 2855 pollicetur.
3622 2791 3822 2846 Alludit
3858 2803 4035 2847 autem

2438 2857 2503 2911 ad
2538 2858 2623 2911 illa
2646 2858 2814 2920 l’anli,
2846 2855 3010 2928 lCor.
3054 2855 3169 2921 XV,
3206 2867 3260 2911 et
3296 2855 3340 2912 ll
3376 2860 3497 2914 Cor.
3528 2859 3593 2923 ν,
3618 2861 3859 2928 jubentis
3886 2863 4038 2917 Chri-

2437 2930 2639 3002 stianos
2685 2928 2819 2982 bene
2873 2927 2967 3002 de_
2994 2930 3383 3002 resurrectione
3430 2927 3683 2999 sperare,
3724 2949 3845 3002 quas
3888 2949 4035 2988 tuor-

2436 2999 2560 3052 talia
2615 3014 2840 3066 corpora
2881 2998 3063 3051 induet
3114 2998 3531 3056 immortalitate.
3575 2998 3911 3058 Tunc-enim
3955 3006 4034 3059 fu-

2437 3078 2615 3123 turum
2643 3078 2700 3124 ut
2725 3072 3000 3142 beatorum
3040 3070 3231 3142 aninue
3260 3070 3326 3125 ad
3370 3088 3593 3142 corpora
3640 3075 3866 3129 redeant
3897 3092 3991 3130 sua
4017 3118 4031 3142 ,

2437 3148 2689 3215 tauquam
2740 3141 2806 3195 ad
2841 3141 3124 3215 udumicilia
3184 3158 3352 3215 nova;
3409 3141 3603 3213 quippe
3651 3144 3762 3213 jam
3803 3141 4030 3215 acterna,

2355 3204 2401 3267 C
2436 3204 2631 3280 quippe
2676 3209 3020 3285 superinduti:
3074 3204 3469 3269 immortalitate
3497 3204 3517 3276 ξ
3541 3204 3807 3285 ἰειιιῖμιιιιιι
3869 3204 4031 3272 νυδιὶί

2438 3290 2619 3336 mento
2670 3296 2842 3347 nom,
2878 3281 3038 3335 nullis
3091 3297 3319 3352 unquam
3364 3286 3602 3354 postha-c
3645 3281 3900 3341 aetatibus
3941 3289 4032 3343 dc—

2440 3353 2695 3407 tercudae.
2720 3353 3210 3424 illonarehiamdicit
3238 3353 3403 3409 Deum
3425 3358 3684 3424 Optimum
3710 3360 4026 3423 maximum,

2436 3440 2543 3501 quo
2569 3440 2728 3501 sensu
2776 3423 3262 3501 vocubulumistud
3294 3423 3723 3496 frequentissime
3751 3433 4029 3501 usurparit

2435 3495 2551 3549 adv.
2586 3495 2841 3548 Praxeam
2869 3493 3243 3563 disputatione.

2506 3569 2749 3642 Aenus,
2789 3564 3125 3642 naviculas”
3145 3608 3159 3630 ,
3191 3566 3295 3622 469
3325 3571 3365 3621 Α
3385 3611 3399 3635 ,
3436 3568 3494 3622 Si
3521 3587 3778 3641 nunquam
3811 3573 4025 3642 furtivas

2434 3655 2624 3693 merces
2672 3638 2751 3711 vel
2795 3637 3000 3711 illicitas
3054 3637 3107 3689 in
3158 3648 3333 3711 acatos
3397 3651 3508 3693 tuos
3572 3637 3836 3711 recepisti,
3895 3656 4019 3708 etc.,

2433 3717 2609 3769 ἄκατος
2638 3710 2785 3763 navis
2814 3708 3033 3777 agendis
3061 3709 3326 3781 mercibus
3352 3708 3839 3781 comparata.‘lndc
3874 3715 4022 3770 dimi-

2433 3783 2672 3856 nutivum
2697 3787 2914 3856 ἀκάτων,
2946 3780 3172 3856 acatiqu
3197 3780 3384 3850 (l’liu.,
3421 3780 3494 3837 ll.
3532 3782 3629 3856 N.,
3660 3785 3749 3837 lib.
3784 3786 3877 3851 IX,
3907 3802 4017 3856 cap.

2432 3851 2545 3915 5|).
2580 3852 2921 3921 Persequitur
2971 3850 3055 3903 hic
3105 3862 3291 3921 auctor
3328 3855 3729 3910 accuratissime
3759 3850 4018 3912 rationein

2435 3930 2598 3997 totam
2650 3924 2725 3976 rei
2756 3920 2998 3997 nauticae,
3032 3920 3454 3997 ut_lilarcionem
3502 3927 3714 3995 gravius
3754 3938 4015 3997 tangeret.

2429 3992 2560 4046 Nam
2584 4010 2649 4067 ex
2679 3992 2921 4067 symbolo
2945 3992 3334 4067 negotiatorum
3361 3992 3535 4050 nauta:
3562 3992 3876 4067 suscipiunt
3885 4015 4019 4054 mer-

2430 4078 2540 4129 ccs,
2587 4062 2720 4118 tituli
2768 4064 2989 4133 alienjns
3022 4062 3346 4121 charactere
3396 4082 3664 4136 percussae
3710 4062 4013 4136 traduntur,

2428 4136 2512 4189 vel
2543 4145 2735 4190 notata:
2767 4136 2918 4204 signo
2946 4137 3393 4209 transmittuntur,
3426 4140 3794 4209 imponuntur,
3826 4151 3932 4196 etc.

2499 4209 2831 4281 Accgosue,
2863 4222 3041 4275 parem
3094 4221 3233 4261 esse.
3282 4208 3347 4273 ll,
3393 4209 3532 4263 1042
3570 4214 3636 4277 A,
3687 4211 3794 4266 Sed
3838 4222 3887 4266 et
3936 4213 4016 4281 qui

2427 4288 2544 4351 ante
2599 4277 2922 4351 Tyron/tium
2986 4289 3263 4331 accesserat
3314 4282 3457 4351 pugil
3519 4282 3875 4337 Cleomachus.
3927 4277 3967 4337 ll
3997 4325 4009 4347 ,

2427 4347 2496 4425 76
2527 4352 2589 4411 Δ,
2620 4348 2685 4400 Et
2730 4364 2942 4425 persona
2986 4351 3094 4425 iam
3149 4365 3212 4403 ea:
3251 4347 3427 4425 ordine
3469 4364 3767 4425 accesserat.
3815 4356 4010 4425 Legen-

2426 4419 2551 4495 dum
2590 4435 2708 4474 cum
2754 4419 2951 4495 Rigalt:
2992 4420 3289 4495 decesserat:
3330 4421 3531 4493 Netnpe
3572 4424 3727 4478 miles
3778 4425 3874 4479 ille
3895 4419 4009 4479 ἀκ-

2427 4492 2552 4544 teris
2577 4494 2905 4545 Constantior
2929 4490 3199 4556 fratribus,
3232 4490 3288 4546 h'.
3319 4508 3368 4548 e.
3393 4490 3850 4550 connnilitonibus
3873 4496 4006 4551 chri-

2425 4562 2631 4625 stianis,
2664 4564 2750 4630 qui
2803 4561 3061 4624 divulgari
3104 4564 3409 4626 noluerant,
3451 4566 3695 4621 arbitrati
3740 4580 3853 4622 non
3894 4583 4006 4623 esse

2424 4630 2476 4685 in
2509 4633 2706 4686 tmtlula
2736 4632 3158 4688 dissimulatione
3187 4637 3697 4703 prtevaricatiouetn.

2494 4707 2832 4757 Accsuocne.
2866 4703 2925 4765 Il,
2951 4703 3021 4757 8:!
3049 4704 3110 4769 B,
3156 4704 3325 4759 Visum
3352 4708 3404 4760 in
3431 4710 3589 4762 oculis
3615 4710 3868 4765 accendit.

2493 4779 2843 4848 Acccsnouus
2860 4816 2872 4835 ,
2906 4776 3110 4848 lanistae
3130 4817 3145 4843 ,
3177 4778 3263 4846 qui
3292 4778 3614 4848 gladiatores
3639 4780 3710 4835 ad
3735 4790 4003 4837 certamen

2420 4847 2738 4911 accendunt,
2770 4845 2830 4910 ll,
2866 4845 3003 4901 1050
3031 4848 3096 4900 Α.

2492 4919 2899 4972 ACCEPTABILIS.
2932 4918 2969 4983 l,
3003 4919 3109 4993 585
3148 4919 3214 4985 Α,
3244 4919 3477 4975 Attamen
3502 4933 3691 4992 quanto
3719 4925 4001 4993 acceptabi-

2421 4987 2519 5041 lior
2542 5001 2714 5043 nostra
2736 4990 3062 5059 prwsumptio
3091 5001 3181 5044 est.

2495 5064 2763 5135 dgcsrro.
2797 5061 2847 5135 l,
2869 5061 2974 5115 547
3004 5064 3069 5124 Α,
3100 5062 3317 5132 Accepto
3342 5067 3501 5135 ferent
3529 5064 3603 5117 dii
3630 5067 3801 5119 vestri.
3826 5064 3869 5131 l,
3902 5066 4001 5121 569

2421 5129 2487 5193 Δ,
2520 5131 2706 5205 Tacent
2734 5133 2892 5205 igitur
2919 5139 2965 5185 ct
2990 5143 3193 5202 accepto
3221 5129 3409 5205 ferunt.
3441 5136 3505 5202 ll,
3536 5136 3665 5192 1011
3698 5136 3767 5202 A,
3803 5129 4001 5205 Quanto

2421 5205 2581 5274 magis
2610 5204 2792 5257 delicta
2822 5204 2918 5256 ista
2944 5214 3061 5277 ante
3088 5204 3344 5277 lavacrum
3374 5217 3578 5277 accepto
3605 5209 3749 5277 facit.

2504 5281 2955 5350 Accessmtuns.
2974 5274 3035 5338 ll,
3064 5279 3090 5350 _t
3103 5277 3190 5343 7i,
3208 5277 3272 5331 A.
3301 5276 3369 5331 Ut
3396 5290 3441 5331 et
3468 5274 3721 5333 contraria
3744 5280 3846 5350 ipsi
3868 5278 3999 5334 Filio

2420 5348 2835 5410 adscriberemus,
2870 5348 3245 5412 mortalitatem,
3275 5350 3726 5404 accessibilitatem.

2493 5415 2951 5493 Acctpsurta._l_l,
2998 5416 3103 5493 198
3154 5418 3214 5485 Β,
3261 5420 3505 5493 Accidens
3555 5422 3688 5473 enim
3740 5432 3818 5475 est
3871 5422 3999 5493 quod

2420 5489 2744 5552 adscribitur;
2772 5488 3059 5562 accidentia;
3087 5500 3255 5562 autem
3281 5492 3526 5544 antecedit
3551 5493 3711 5562 ipsius
3737 5496 3813 5546 rei
3839 5488 3997 5547 osten-

2420 5562 2515 5622 sio,
2544 5562 2625 5613 cui
2652 5560 2907 5635 accidunt.
2931 5558 3001 5635 ull,
3033 5559 3137 5615 665
3168 5561 3226 5635 Β,
3261 5558 3601 5616 Accidentiam
3644 5565 3858 5634 spiritus
3886 5581 3998 5635 pas-

2422 5648 2508 5685 sus
2532 5642 2626 5697 est,
2655 5632 2834 5684 cecidit
2860 5633 2991 5685 enim
3018 5634 3204 5703 extasis
3234 5650 3385 5703 super
3414 5634 3578 5699 illum,
3607 5632 3710 5689 etc.

2493 5704 2828 5777 Accumrvs.
2883 5704 2921 5767 I,
2973 5702 3075 5777 407
3118 5706 3181 5777 A_,
3216 5702 3344 5767 Qua:
3369 5705 3471 5777 illis
3497 5708 3785 5760 accuratior
3813 5721 3999 5777 pascua

2422 5783 2513 5836 est,
2550 5775 2582 5826 i.
2609 5789 2657 5827 e.
2696 5784 2874 5840 pastus
2900 5776 2987 5841 qui
3019 5774 3185 5841 magis
3213 5792 3353 5829 cura:
3385 5776 3487 5829 illis
3513 5783 3613 5829 est.

2495 5848 2755 5900 Acenutzs.
2788 5844 2849 5916 l_l,
2880 5844 2983 5899 90i
3015 5844 3075 5908 Β,
3106 5844 3190 5916 l_ta
3230 5858 3347 5898 ante
3380 5847 3514 5899 hunc
3554 5848 3797 5916 indicem,
3822 5851 3993 5904 acerba

2421 5933 2499 5975 res
2530 5927 2621 5984 cst,
2654 5917 2687 5971 i.
2717 5930 2768 5972 c.
2800 5914 3099 5971 immatura.
3129 5914 3193 5987 ll,
3222 5916 3328 5973 229
3353 5919 3419 5988 A,
3459 5916 3606 5973 Sicut
3648 5919 3733 5987 ﬁci
3776 5914 3987 5977 arbor...
