4184 6496
165 405 298 462 1257

1157 403 1368 464 INDEX
1409 400 1838 464 LATINITATIS
1875 402 2459 466 TBRTULLMNEIE.

3320 411 3459 472 1238

163 530 218 573 ut
245 522 285 573 si
320 521 449 596 quis
467 521 721 596 adversus
745 533 840 579 eos
865 520 993 596 quid
1022 520 1243 596 haberet
1266 522 1528 596 criminis,
1562 522 1756 596 proba-
1783 521 1838 584 Α
1863 521 2192 596 christianis.
2243 523 2475 596 Sensus
2499 521 2661 580 totius
2713 523 2821 596 loci
2868 531 2988 580 est:
3035 521 3250 583 Credite
3304 527 3410 586 illis
3435 571 3452 596 ,

167 603 242 646 ret
276 593 577 648 manifestis
605 594 762 650 rebus
794 613 808 648 :
842 595 962 650 talis
987 593 1124 662 apud
1157 593 1452 648 Ecclesiam
1483 593 1580 648 fuit
1603 593 1759 647 allec-

166 664 233 716 tio
261 666 555 733 explorata,
585 674 641 719 ut
671 675 856 721 contra
899 667 1038 735 apud
1079 664 1362 735 haereticos
1395 663 1762 719 ordinationes

166 736 467 790 temerariae
500 747 751 792 notantur
779 733 958 804 supra.
991 735 1052 798 ll,
1089 735 1194 792 5M
1225 735 1284 800 Β,
1313 733 1566 790 Creatoris
1595 745 1764 790 autem

166 821 262 931 113::
286 817 472 888 natura
501 818 616 862 sunt
632 808 728 878 filii
747 807 940 874 Judwi,
971 807 1059 863 sed
1089 807 1358 862 allectione
1379 817 1602 876 patrum,
1637 807 1673 862 i.
1706 820 1758 862 e.

166 892 191 930 a
230 888 472 931 onttone.

163 888 472 945 adopttonc.

235 954 550 1015 Λιιεοειιε,
579 966 873 1014 assumere,
902 950 1179 1019 adoptare.
1207 948 1248 1014 l,
1281 950 1386 1006 555
1409 950 1476 1014 Α,
1520 947 1677 1004 Vacat
1702 964 1766 1004 ea:

166 1019 258 1093 hac
275 1033 432 1093 parte
457 1039 638 1077 caussa
671 1022 951 1093 allegeutla:
985 1022 1310 1093 hmuanitatis
1346 1022 1398 1074 in
1427 1021 1760 1093 divinitatem,

165 1089 209 1144 ll
227 1133 240 1156 ,
266 1091 374 1147 808
396 1095 465 1158 Α,
491 1093 618 1148 Cum
651 1089 822 1148 anima
842 1091 952 1148 Deo
974 1093 1232 1166 allegitur,
1255 1092 1368 1163 ipsa
1393 1102 1466 1147 est
1490 1107 1603 1162 qua:
1619 1092 1766 1162 efﬁcit

169 1174 220 1214 ut
249 1166 428 1236 anima
453 1166 607 1236 allegi
628 1166 803 1234 possit.

233 1231 575 1302 ALLeconta,
605 1231 874 1305 parabole,
905 1231 1153 1303 muignia,
1205 1235 1393 1305 figura.
1441 1233 1506 1295 11.
1552 1233 1651 1289 421
1681 1233 1763 1305 (ἶ,

166 1302 268 1378 Per
288 1308 568 1378 allegorias
585 1302 634 1362 et
653 1307 865 1378 ﬁguras.
892 1307 956 1377 ll,
985 1302 1090 1365 855
1109 1308 1169 1375 Β,
1202 1302 1268 1364 υἱ
1289 1307 1548 1378 allegoria:
1566 1304 1768 1377 quidem

167 1376 338 1431 nubilo
367 1376 596 1434 careant.

236 1450 634 1507 ALLEGOBICUS.
665 1449 728 1515 ll,
769 1451 876 1508 545
903 1452 972 1514 Α,
1005 1451 1291 1520 Allegorica
1316 1448 1602 1516 dispositio,
1633 1447 1672 1503 i.
1714 1462 1765 1504 e.

167 1517 415 1585 ﬁgurata.
450 1523 571 1578 Vid.
601 1511 918 1579 Contvt'rlnu.
945 1511 1014 1588 ll,
1036 1511 1144 1577 996
1171 1524 1235 1585 Α,
1273 1521 1338 1574 Et
1363 1511 1632 1576 histriones
1651 1536 1770 1574 cum

165 1591 473 1673 allegoricos
503 1603 670 1666 gestus
691 1594 1097 1650 accommodant.
1128 1593 1193 1663 ll,
1220 1592 1326 1650 856
1367 1595 1436 1658 Α,
1465 1592 1771 1661 Allegoricat

165 1673 456 1734 scripture.

240 1733 674 1794 huncouans.
703 1735 770 1805 ll,
797 1736 896 1793 101
932 1737 996 1806 Α,
1028 1737 1155 1805 Qua:
1196 1736 1427 1792 Christus
1465 1735 1520 1790 in
1545 1733 1770 1789 homines

169 1806 540 1875 allegorisavit.
574 1809 637 1874 ll,
668 1809 775 1867 854
801 1812 868 1875 Α,
907 1806 1162 1865 Habemus
1186 1811 1340 1864 etiam
1363 1807 1770 1862 vestimentorum

167 1877 219 1931 in
256 1877 555 1951 ,Scrlpturis
597 1881 898 1936 mentionem
931 1882 998 1935 ad
1033 1897 1176 1951 spem
1207 1879 1376 1936 carnis
1417 1877 1768 1951 allegorisare.

239 1948 570 2008 ALLoco'rto.
605 1952 671 2017 ll,
697 1951 770 2007 28
797 1951 859 2008 Β.
890 1948 1227 2007 Allocutionis
1246 1948 1616 2022 praefationem,
1647 1948 1684 2002 i.
1715 1963 1768 2004 e.

173 2039 552 2092 προςςνωντςσιως.
586 2022 630 2078 ll
649 2066 664 2088 ,
686 2022 793 2080 660
832 2025 897 2090 A,
930 2024 1032 2078 Aut
1061 2024 1394 2078 allocutiones
1420 2022 1768 2092 proferuntur,

169 2099 380 2174 spoliati,
417 2097 728 2174 δημηνσρὶαξε
783 2166 883 2174 μ-
929 2167 941 2174 _
1033 2165 1076 2174 υ
1144 2165 1155 2174 _
1248 2164 1260 2174 _
1473 2163 1484 2174 ,
1735 2161 1748 2174 .

239 2163 642 2223 humillimus.
685 2166 750 2235 ll,
779 2166 886 2224 915
916 2167 982 2234 Α,
1031 2165 1098 2223 Ut
1137 2164 1294 2222 bestia
1335 2163 1571 2238 quaedam
1610 2163 1774 2235 magis

171 2253 326 2306 quam
351 2239 530 2292 avis...
560 2248 749 2310 caetera
767 2241 1068 2310 altegradia.

243 2313 603 2366 Λιτιιιυτει.
631 2311 670 2376 I,
695 2309 793 2366 521
821 2307 886 2375 Α,
913 2308 996 2366 Ex-
1022 2311 1289 2376 alterutro,
1321 2307 1360 2364 i.
1387 2323 1439 2364 e.
1463 2323 1529 2365 ex
1550 2315 1776 2377 utraque

169 2381 605 2452 contrahentinm
655 2391 821 2452 parte.
852 2382 894 2445 l,
929 2382 1028 2438 471
1062 2385 1128 2447 Α,
1162 2380 1266 2436 Pro
1312 2381 1584 2444 alterutro,
1609 2378 1668 2452 Ai.
1721 2393 1772 2433 c.

171 2451 307 2506 alter
337 2465 436 2519 pro
461 2449 746 2515 alteroill,
776 2452 883 2509 985
909 2455 975 2518 Α,
1008 2454 1132 2509 Siue
1162 2452 1416 2521 alterutra,
1438 2449 1774 2521 oppositione.

243 2522 564 2595 ALTILISJ,
595 2523 692 2581 65l
727 2525 792 2588 Α,
839 2522 904 2577 Et
943 2535 1148 2595 propter
1177 2525 1333 2595 otium
1375 2520 1594 2595 Critone
1605 2521 1778 2595 altiles

173 2593 416 2674 homines.
446 2593 632 2674 oderis.
661 2595 922 2674 Athletas
945 2591 1059 2650 'scu
1099 2594 1414 2674 palu'stritas
1453 2591 1777 2674 intelligitna

205 2665 599 2735 ymnasiarchis
627 2665 698 2720 ali
725 2667 914 2720 solitos
941 2681 1148 2722 summa
1175 2680 1325 2730 cura,
1356 2673 1413 2718 ut
1433 2672 1618 2718 essent
1645 2665 1778 2717 viri-

173 2680 273 2789 ξας
299 2736 371 2789 ad
402 2737 695 2789 certamina
729 2737 1108 2789 talentissimis
1148 2737 1376 2789 nobiles.
1414 2733 1624 2789 Talium
1650 2746 1778 2788 vero

211 2733 273 2790 iis
299 2736 371 2790 ad
402 2737 695 2792 certamina
729 2737 1108 2793 \alentissimis
1148 2737 1376 2792 nobiles.
1414 2733 1624 2790 Talium
1650 2746 1782 2788 vero

174 2807 532 2862 certaminum
563 2809 942 2864 studiosissimi
971 2819 1125 2864 crant
1152 2807 1348 2870 Graeci.
1379 2803 1780 2876 pttbliczcutili-

177 2879 303 2960 tatis
349 2879 465 2960 otio
499 2879 813 2960 gaudentes.
873 2880 996 2960 [hec
1023 2879 1180 2960 enim
1229 2875 1581 2960 patiebantur‘
1611 2875 1784 2960 longa:

176 2949 323 3018 pacis
351 2945 727 3006 tnalafAltiles
753 2950 996 3005 homines
1023 2945 1315 3019 Septimius
1343 2947 1496 3012 dixit,
1531 2955 1589 3019 ut
1612 2945 1784 3019 varro

175 3016 230 3074 et
258 3019 520 3092 Martialis
549 3020 712 3092 boves
743 3031 796 3092 et
831 3022 1058 3092 gallinas
1101 3016 1302 3092 altiles,
1351 3033 1449 3088 pro
1499 3016 1695 3086 opimis
1731 3025 1786 3072 et

174 3091 456 3172 saginatis.
488 3090 529 3158 l,
571 3091 712 3148 1246
740 3091 801 3160 Β,
839 3090 1132 3164 Conquirito
1167 3091 1388 3146 altilium
1417 3104 1671 3144 enormem
1695 3104 1784 3143 sa-

175 3179 587 3307 Tangentem
606 3234 792 3302 [1,586
815 3236 880 3303 Α,
905 3235 972 3291 ln
1009 3234 1383 3307 consparsionis
1410 3231 1654 3299 alvearia,
1677 3230 1712 3287 i.
1731 3244 1787 3287 c.

176 3305 387 3378 alveos,
414 3317 468 3360 et
490 3323 610 3376 qum
642 3309 800 3378 vulgo
827 3311 1075 3378 dicuntur
1102 3305 1341 3378 mactrze.

251 3377 490 3442 Ausus,
521 3379 698 3440 alvus,
723 3376 930 3434 venter.
956 3377 998 3445 l,
1037 3378 1143 3434 522
1187 3381 1252 3445 Α,
1283 3376 1526 3447 Ipsorum
1551 3390 1788 3432 ursorum

177 3448 310 3502 alvei
341 3458 666 3522 appetuntur.
697 3449 764 3514 ll,
784 3450 901 3522 7665
928 3452 994 3522 Α,
1015 3448 1082 3505 Et
1110 3449 1304 3522 diges_ta
1331 3451 1438 3502 sine
1464 3449 1640 3522 alveis.

254 3516 724 3589 Ausustsolerc.
780 3520 863 3584 ll,
914 3521 1055 3577 1055
1101 3516 1185 3586 Af
1226 3518 1570 3589 Temporatim
1619 3516 1788 3572 vestiri

179 3600 461 3646 amantem.
490 3587 554 3656 ll,
578 3590 683 3645 519
708 3592 774 3657 Α,
796 3592 900 3647 Sed
918 3591 1159 3656 expedita
1179 3592 1334 3646 virtus
1354 3587 1583 3644 veritatis
1611 3589 1788 3658 paucis

177 3671 344 3725 amat,
370 3663 407 3715 i.
431 3677 480 3716 c.
507 3663 666 3733 solet,
691 3677 840 3718 more
859 3662 1190 3730 Graecorum,
1211 3667 1336 3733 φιλεῖ
1359 3668 1586 3727 νινεσθαι,
1603 3658 1784 3714 malle.

179 3733 226 3806 1.
280 3733 390 3788 265
411 3735 509 3806 -Α,
564 3732 746 3806 Amant
797 3735 1052 3806 ignorare.
1107 3732 1348 3806 Heilman
1395 3733 1521 3806 legit
1580 3745 1786 3806 amans.

179 3805 222 3859 ll
237 3846 251 3870 ,
277 3806 382 3860 155
407 3803 469 3870 Β,
488 3803 705 3871 Amavit,
726 3800 842 3876 qua}
881 3816 1139 3863 vocaverat
1158 3806 1211 3861 in
1231 3800 1468 3872 salutem,
1489 3802 1701 3857 invitare
1719 3800 1788 3854 ad

218 3877 427 3931 loriam.

178 3895 427 3948 gsortam.

260 3953 515 4010 Auamo,
540 3961 707 4016 vagus
751 3957 805 4002 et
847 3947 1124 4018 multiplex
1165 3948 1437 4018 circuitus.
1471 3943 1561 4018 ll,
1585 3942 1692 4018 978
1721 3941 1784 4007 Β,

181 4019 307 4075 Illis
334 4018 543 4072 ambitio
573 4015 802 4088 corporis
843 4015 1100 4084 competit.
1151 4019 1192 4073 ll
1213 4060 1228 4083 ,
1261 4018 1367 4074 900
1411 4017 1455 4072 A
1481 4057 1497 4081 ,
1524 4015 1659 4088 Quia
1683 4029 1787 4067 non

181 4093 251 4148 sit
327 4084 996 4174 naturablqéeqpsgutus
1059 4089 1394 4174 ambitionem
1446 4084 1782 4174 capillorum,

180 4163 479 4244 c¢p£6}n2._
507 4157 573 4223 ll,
607 4158 706 4240 691
739 4160 802 4228 Β,
826 4161 958 4217 Tota
1006 4163 1191 4245 ventris
1218 4160 1449 4244 ambitio.
1472 4155 1539 4224 ll,
1571 4155 1678 4212 650
1720 4155 1782 4220 Β,

183 4234 296 4290 Sed
323 4233 502 4288 viderit
527 4241 787 4300 utriusque
812 4243 1120 4305 prwstantuz
1139 4233 1364 4300 ambitio,
1395 4247 1434 4287 ι.
1462 4245 1513 4286 e.
1541 4237 1784 4299 φιλοπρω-

184 4329 322 4363 τειι.

257 4379 584 4432 Ausunne.
613 4373 688 4441 ll,
717 4375 822 4432 459
861 4376 926 4443 C,
955 4376 1241 4433 Amentavit
1282 4375 1414 4431 hanc
1461 4371 1779 4443 sententiam,

185 4447 225 4505 i.
263 4463 321 4504 e.
351 4458 410 4504 ut
449 4445 684 4518 jaeulum
731 4441 972 4515 intorsit,
1000 4448 1244 4503 vibravit.
1274 4445 1510 4513 Lucam,
1541 4441 1785 4498 Jaculum

185 4520 466 4574 amentavit
503 4519 720 4574 habena.
752 4520 982 4575 llesvch.
1010 4511 1179 4575 lima.
1209 4521 1407 4575 δεσμόςι
1451 4517 1576 4572 binc
1609 4527 1784 4570 amen-

185 4533 466 4574 amentavit
503 4533 720 4590 habena.
752 4533 982 4590 tlesycn.
1010 4533 1179 4590 Δμμα,
1209 4533 1407 4586 decisos;
1451 4533 1576 4572 tunc
1609 4533 1784 4570 autcu-

185 4537 466 4574 amentavit
503 4537 720 4574 uavena.
752 4537 982 4592 IICSYCII.

185 4600 297 4646 tum
315 4630 331 4656 ,
356 4590 520 4660 jaculi
551 4589 790 4648 etbastzn
818 4591 1010 4647 lorum.

260 4658 605 4718 Alli-:N‘I'A'I'IO.
630 4663 673 4726 l,
701 4661 806 4718 572
831 4663 898 4729 Α,
933 4661 1047 4728 Quo
1088 4660 1355 4718 ntacltarris
1395 4658 1572 4716 vestris
1611 4671 1784 4712 anten-

187 4734 831 4811 tationibusquchcadatit,
860 4735 896 4788 i.
917 4749 977 4811 e.
1012 4736 1259 4811 amentis.
1357 4802 1391 4811 _
1670 4799 1698 4811 Α.

261 4802 534 4860 Atlanta.
565 4803 607 4863 ll
625 4849 640 4873 ,
667 4805 771 4860 081
795 4805 836 4860 Β
854 4845 872 4870 ,
904 4805 1074 4872 Quum
1099 4806 1151 4858 iu
1178 4804 1326 4858 illunt
1348 4802 1486 4858 Deus
1512 4802 1784 4854 amentiam

189 4876 444 4960 immisit;
472 4877 550 4932 sic
575 4887 731 4960 vocat
757 4892 1004 4960 somnum
1037 4875 1400 4960 Adami;_\lid.
1434 4875 1708 4930 Ecsnsns.

264 4948 512 5020 ’Δμήτωρ.
540 4952 633 5019 qui
658 4957 742 5004 est
766 4949 884 5003 sine
912 4957 1102 5003 matre.
1134 4945 1196 5012 ll,
1230 4948 1297 5001 75
1320 4949 1384 5000 Α.

264 5021 446 5076 Anon.
494 5018 572 5085 11,
592 5021 698 5077 247
727 5025 769 5075 Α
787 5061 801 5085 ,
825 5019 868 5074 Β
890 5060 905 5082 ,
950 5019 1160 5073 Antores
1191 5017 1530 5080 Colchorum,
1566 5012 1783 5086 philtra.

192 5092 458 5146 amatoria
509 5081 808 5156 venenata,
836 5081 1047 5161 aliaque
1093 5104 1300 5146 venena
1360 5081 1578 5145 omnia.‘
1625 5081 1782 5141 Conf.

191 5161 385 5218 Horat.
417 5161 597 5218 Carm.
630 5161 696 5228 ll,
721 5162 822 5218 0d.
855 5164 939 5220 15.

267 5235 574 5289 AuPLtauu.
607 5235 648 5299 l,
683 5223 825 5290 1518
848 5238 914 5299 Α,
967 5233 1134 5301 Quam
1153 5233 1196 5288 si
1220 5231 1468 5286 Dominus
1487 5223 1785 5301 amplianda

195 5305 362 5374 legem
405 5321 436 5357 α
463 5308 599 5374 facto
633 5297 811 5374 stupri
864 5297 1272 5360 nonr'discernit.
1322 5303 1388 5370 ll,
1417 5301 1520 5358 957
1555 5297 1594 5355 Β
1616 5297 1787 5374 ,_Non

195 5371 427 5452 lanium“
455 5371 707 5452 reservata
732 5371 1081 5452 permaneant
1103 5418 1118 5442 ,
1181 5392 1352 5452 verum
1386 5383 1468 5452 __et_
1516 5371 1781 5452 ampltata.

195 5447 264 5512 11,
289 5447 362 5524 76
389 5447 471 5524 _B,_
487 5447 552 5501 Et
573 5466 654 5524 res
677 5445 946 5524 ampliata.
972 5446 1083 5524 Res
1108 5447 1350 5524 ampliari
1367 5445 1562 5524 dicitur
1582 5445 1786 5524 ,_cuj.us

196 5520 437 5588 ctignitio
460 5519 510 5573 in
550 5519 693 5574 aliud
727 5515 957 5589 tempus,
990 5519 1075 5573 vel
1101 5518 1168 5572 ad
1197 5515 1353 5572 aliud
1395 5515 1624 5589 tribunal
1653 5515 1785 5589 reji:

199 5580 344 5645 cit‘ur
366 5599 459 5644 aut
485 5592 795 5646 remittitur.
821 5580 1208 5656 A'mpliatorum
1231 5586 1474 5656 exempla
1496 5597 1621 5642 sunt
1645 5580 1786 5651 apud

200 5607 344 5645 citur
366 5607 459 5644 aut
485 5607 795 5646 rennuttur.
821 5607 918 5645 tam
964 5607 1208 5644 natorum
1231 5607 1474 5656 exempta
1496 5607 1621 5642 sunt
1645 5607 1782 5651 apuu

200 5660 456 5735 Livium,
486 5660 668 5735 XLIII,
705 5662 793 5717 ubi
823 5661 892 5717 de
1027 5659 1263 5735 Fitinnio
1294 5677 1307 5714 :
1339 5657 1745 5735 Bis_ampl_i_atus
1767 5692 1782 5717 ,

201 5733 354 5804 tertio
397 5731 655 5804 absolutus
683 5742 756 5804 est
784 5732 1020 5804 reus.__Et
1045 5731 1206 5804 paulo
1241 5741 1397 5804 post,
1421 5729 1488 5804 tle
1515 5729 1574 5784 P.
1604 5727 1791 5804 Furio,

201 5802 385 5858 Phillo
413 5812 470 5858 et
488 5802 559 5859 hl.
591 5803 822 5860 Matieno
853 5822 866 5858 :
901 5802 1227 5859 Cravissimis
1255 5802 1550 5857 criminibus
1571 5802 1792 5854 accusati

202 5873 356 5933 ambo
383 5874 728 5946 ampliatique.

279 5952 383 6014 Au,
414 5937 570 6002 forte.
597 5937 638 6010 l,'
664 5947 770 6002 416
797 5947 863 6012 Α,
891 5946 970 6000 Αη
998 5947 1320 6016 Christianis,
1347 5947 1380 6000 ἱ.
1404 5961 1452 6003 c.
1477 5944 1613 6003 forte
1637 5937 1793 6004 factis

500 6041 937 6105 Temenum
1005 6040 1085 6106 ll.

1811 3309 1928 3379 Cﬁ

1805 4705 1862 4768 D

1865 608 1987 665 cum
2019 595 2244 665 adjurati
2295 611 2324 650 a
2355 595 2512 650 nobis
2556 611 2742 650 verum
2773 595 2992 661 dicunt;
3024 597 3069 652 si
3097 599 3238 652 enim
3268 595 3461 658 liceret
3498 621 3500 623 ’

1868 663 1979 737 illis
2026 663 2269 734 mentiri,
2323 667 2538 737 quando
2591 666 2753 722 homo
2799 667 3128 724 christianus
3173 672 3456 727 veritatem

1868 735 2097 805 probare
2122 737 2268 801 vult,
2319 735 2553 794 facerent
2595 749 2744 794 certe
2765 779 2780 806 ,
2813 753 2881 794 ne
2897 752 2993 795 vos
3023 749 3130 795 tam
3155 740 3458 797 fructuosos

1867 806 2342 882 sibiainiltcrent,
2379 809 2486 882 imo
2512 850 2527 875 ,
2588 825 2656 864 ne
2706 825 2736 866 a
2767 809 2920 882 vobis
2961 810 3092 882 ipsis
3138 813 3267 866 olim
3319 813 3459 870 forte

1867 878 2176 950 christianis-
2206 921 2220 944 ,
2252 879 2321 934 ab
2347 881 2523 950 aliqua
2555 881 2894 947 possessione
2914 878 3008 937 sua
3022 881 3458 940 deturbarentur.

1939 949 2301 1025 Ausetanos,
2329 949 2645 1016 ἀνιὲιεέςωδ,
2666 952 3006 1025 ascendens:
3039 953 3246 1025 signum
3288 965 3469 1010 astro-

1868 1019 2032 1090 logis,
2063 1023 2572 1096 platieta__7¢3i’9iis¢',
2601 1025 2702 1096 sub
2739 1038 2848 1094 quo
2892 1019 3118 1095 quisque
3165 1027 3464 1096 Concipitur

1867 1093 2245 1217 agtln‘as'citur.
2275 1093 2338 1161 ll,
2359 1093 2468 1149 266
2495 1098 2559 1160 Α,
2592 1092 2831 1150 Fortasse
2871 1096 3006 1150 enim
3034 1092 3376 1152 'Auabibasou
3418 1097 3468 1152 ei

1870 1178 1898 1216 ο
1934 1179 1956 1217 s
1983 1180 2012 1216 a
2047 1181 2076 1217 a
2105 1204 2121 1217 .

1870 1173 2121 1219 obstabat.

1945 1237 2324 1292 Aaonouacus.
2342 1234 2406 1300 ll,
2425 1235 2528 1292 996
2542 1236 2603 1303 Β,
2625 1235 2778 1291 Nihil
2796 1237 2928 1292 enim
2946 1237 3016 1292 ad
3035 1237 3466 1307 Andromacham,

1873 1305 1908 1360 i.
1940 1322 2002 1379 ο.
2043 1309 2172 1379 nihil
2215 1309 2281 1361 ad
2311 1307 2604 1363 Christum.
2657 1309 2758 1362 Alii
2789 1310 3058 1379 proverbii
3086 1310 3206 1366 loco
3234 1305 3463 1376 habent,

1872 1386 1930 1452 ut
1958 1378 2259 1452 alludat‘ad
2279 1381 2491 1452 veteris
2515 1378 2957 1452 alicujustragici
2988 1381 3218 1436 fabulam
3250 1384 3467 1439 nomine

1873 1449 2250 1524 Andromacha:
2276 1450 2611 1524 inscriptam,
2633 1451 2847 1524 etnihil
2865 1449 3020 1524 aliud
3047 1453 3334 1524 signiﬁcari
3365 1456 3467 1509 hac

1873 1519 2174 1592 locutione,
2226 1537 2388 1592 quam
2439 1519 2584 1578 hisce
2617 1541 2632 1578 :
2665 1522 2802 1577 Nihil
2835 1522 2903 1578 ad
2945 1519 3194 1586 versum,
3227 1526 3360 1581 nihil
3398 1525 3468 1580 ad

1874 1591 2164 1664 Bacchum,
2185 1596 2315 1646 οὐδὲν
2333 1603 2443 1664 πρὸς
2459 1601 2587 1657 ἶσος,
2606 1599 2703 1664 ἁπρ
2713 1598 2976 1660 κδιόνυαι,
3001 1595 3056 1650 h.
3078 1611 3130 1652 e.
3149 1598 3322 1654 aliena
3337 1613 3366 1652 a
3383 1611 3468 1652 rc.

1873 1662 2007 1718 Nam
2043 1664 2325 1720 ha‘reticos
2363 1662 2484 1720 cum
2529 1662 2882 1736 histrionibus
2905 1677 3201 1736 comparat.
3237 1669 3300 1723 lli
3339 1668 3470 1724 alle-

1873 1735 2084 1806 goricos
2130 1743 2313 1808 gestus
2339 1735 2823 1808 accommodantes
2863 1735 3118 1803 canticis,
3160 1739 3263 1794 alia
3310 1737 3472 1808 longe

1875 1823 1904 1860 a
1935 1808 2180 1879 prasenti
2209 1817 2264 1879 et
2285 1806 2461 1862 fabula
2482 1819 2537 1863 et
2563 1822 2722 1864 scena
2749 1809 3086 1879 exprimunt:
3111 1810 3210 1879 illi,
3235 1806 3475 1866 hatretici

1876 1878 2113 1950 scilicet,
2135 1876 2352 1934 easdem
2385 1879 2667 1950 parabolas
2694 1894 2804 1948 quo
2823 1876 3036 1945 volunt,
3071 1876 3332 1948 tribuunt,
3363 1897 3471 1937 non

1916 1965 1983 2003 no
2031 1948 2228 2022 habent
2259 1991 2276 2017 ,
2300 2020 2315 2022 _
2336 1948 2614 2022 aptissime
2672 1950 2982 2008 excludunt.
3017 1951 3163 2022 (Vid.
3191 1953 3468 2010 Pnovenu.

1918 2036 2181 2088 OBIIULAS,
2209 2021 2261 2085 l,
2289 2020 2398 2077 210
2428 2023 2482 2077 Ι).

1946 2021 2583 2232 ,013852
2599 2093 2663 2164 Β,
2689 2091 2752 2149 lu
2773 2109 2928 2167 regno
2953 2092 3051 2150 Dei
3074 2099 3403 2169 reformatam
3424 2106 3473 2155 et

1947 2181 2044 2232 get
2089 2181 2150 2219 ca
2173 2181 2280 2218 am.

1875 2177 2044 2219 auaett
2054 2177 2280 2219 acutam.

1947 2181 2280 2314 agitari;
2299 2236 2417 2314 752⁸
2428 2236 2496 2314 Β,
2525 2237 2942 2314 Aut‘campressu
2966 2237 3159 2311 iecoris
3185 2241 3378 2314 angina
3405 2242 3474 2297 sit

1877 2309 2090 2375 mentis,
2119 2323 2287 2378 angor
2324 2309 2530 2365 scilicet
2557 2310 2744 2364 animi.

1951 2383 2242 2454 Ascusrts.
2296 2379 2498 2454 11,905
2522 2382 2566 2437 Α
2588 2423 2603 2448 ,
2629 2380 2712 2436 Ex
2736 2380 2988 2454 angustiis
3010 2423 3025 2452 ,
3054 2381 3092 2438 i.
3123 2396 3173 2440 e.
3220 2385 3477 2442 tenuitate

1883 2451 2196 2507 facultatum
2222 2455 2334 2508 sive
2361 2453 2714 2508 fortunarum.

1954 2525 2150 2578 ANIIIA.
2199 2522 2272 2588 ll,
2314 2523 2422 2579 228
2456 2524 2527 2590 Β,
2585 2523 2844 2580 Natatiles
2895 2535 2944 2580 et
3004 2526 3233 2583 volatiles
3265 2529 3471 2585 animle.

1883 2593 1927 2649 11
1943 2637 1957 2657 ,
1981 2594 2088 2670 905
2133 2596 2177 2649 Α
2203 2637 2233 2670 ,Δ
2254 2593 2320 2649 Et
2345 2597 2962 2670 aniutamuexspectatioue
2980 2609 3026 2653 et
3050 2615 3252 2654 carnem
3275 2603 3479 2670 transﬁ-

1883 2667 2177 2739 guratione,
2223 2666 2257 2720 i.
2293 2681 2343 2722 e.
2374 2667 2526 2738 virgo
2551 2666 2636 2720 illa
2672 2666 2762 2721 tua
2801 2668 2910 2736 jam
2943 2679 3106 2739 nupta
3134 2681 3216 2725 est
3242 2666 3478 2728 animum

1884 2738 2302 2813 exspectatione
2318 2739 2491 2792 mariti
2518 2777 2534 2802 ,
2571 2746 2734 2808 nupta
2774 2747 2858 2794 est
2881 2738 3098 2795 catnem
3127 2742 3480 2813 [ransl‘tgnra-

1885 2809 2227 2879 tionepubis.
2251 2806 2431 2879 Nupta
2451 2806 2718 2864 carnem—et
2735 2813 2984 2878 animum,
3012 2821 3090 2879 ut,
3115 2810 3186 2866 Os
3209 2806 3478 2868 humeros—

1885 2896 1982 2949 que
2021 2878 2132 2934 Deo
2170 2878 2374 2934 similis.
2422 2879 2724 2936 Verborum
2763 2897 2881 2952 qua:
2918 2878 3213 2948 sequuntur
3236 2926 3252 2949 ,
3293 2885 3375 2939 cui
3424 2895 3481 2939 tu

1888 2952 2168 3025 secundum
2189 2967 2342 3022 paras
2361 2951 2622 3025 maritum,
2651 2951 2841 3008 sensus
2860 2965 2944 3008 est
2962 2969 2977 3008 :
2997 2953 3159 3024 Virgo
3181 2963 3290 3025 tua,
3319 2972 3478 3025 quam

1891 3031 1945 3077 tu
1985 3024 2245 3094 virginem
2286 3024 2600 3094 existimas,
2639 3032 2858 3093 propter
2905 3034 3115 3081 tctatem
3162 3024 3482 3084 desiit’esso

1892 3093 2085 3166 virgo,
2105 3109 2212 3149 non
2239 3093 2453 3164 quidem
2497 3107 2527 3148 a
2555 3095 2669 3166 viro
2707 3105 2960 3166 corrupta
2986 3137 3000 3158 ,
3054 3096 3148 3151 scd
3184 3096 3252 3151 ab
3281 3107 3478 3166 atate;

1891 3165 2116 3238 prcinde
2146 3167 2389 3232 maritus,
2415 3165 2883 3238 quemgeiitrades,
2906 3167 3171 3222 secundus
3195 3168 3317 3223 erit.

1965 3238 2224 3292 ANIIALIS
2243 3234 2460 3309 ψυχικὸέ.
2488 3235 2550 3302 Il,
2568 3234 2681 3293 955
2705 3235 2768 3304 (ἶ,
2797 3238 3025 3309 Agnosce
3038 3239 3195 3309 igitur
3208 3240 3484 3297 animalem

1931 3309 2080 3394 dem,
2123 3307 2525 3394 “udi-0.6933110",
2569 3323 2670 3394 ina
2694 3307 3106 3394 tota.constat.'.
3185 3381 3197 3394 ο

1894 3378 1898 3379 “
1963 3381 2229 3435 Ακιιιλιιε.
2259 3378 2448 3446 1,1522
2474 3378 2540 3445 A,
2569 3378 2702 3433 Tum
2721 3379 2844 3436 solis
2862 3381 3137 3436 animando
3152 3381 3306 3439 simul
3320 3392 3365 3439 et
3378 3384 3482 3439 sic-

1889 3451 2062 3524 cando
2075 3451 2262 3520 capillo
2283 3452 2588 3524 exoptabilis
2613 3451 2789 3524 ardor.
2813 3452 3137 3515 Animando,
3165 3455 3479 3524 colorantlo,

1893 3533 1954 3577 nt
1977 3523 2218 3592 animatae
2245 3520 2414 3592 fruges
2450 3520 2696 3576 Lucretio
2716 3563 2731 3588 ,
2755 3530 2808 3577 et
2827 3524 3053 3577 animata
3086 3532 3202 3578 exta
3222 3520 3480 3582 Arnobio.

1891 3594 1909 3649 Ι
1936 3634 1951 3661 ,
1986 3593 2128 3648 1202
2151 3591 2219 3664 Β.
2248 3591 2314 3648 Si
2334 3591 2484 3664 aqua:
2507 3592 2738 3664 animare
2770 3603 3014 3649 noverunt
3033 3635 3050 3658 ,
3083 3595 3119 3650 i.
3143 3611 3194 3650 e.
3221 3607 3479 3654 aeternam

1892 3664 2102 3735 homini
2157 3663 2318 3735 vitam
2384 3662 2645 3731 reddere,
2689 3679 2793 3735 qua
2855 3665 3128 3735 peccando
3187 3667 3478 3725 exciderat.

1890 3735 1911 3792 l
1928 3777 1942 3801 ,
1975 3734 2114 3791 1208
2145 3735 2219 3799 Δ,
2248 3734 2364 3789 Alio
2387 3735 2570 3804 spiritu
2608 3734 2762 3790 tanta
2789 3734 3040 3791 claritatis
3066 3736 3316 3794 animare.
3351 3739 3482 3794 Ani-

1891 3808 2024 3862 tnari
2067 3807 2261 3861 dicitur
2312 3806 2558 3859 machina
2606 3806 2788 3876 digitis
2835 3807 3027 3863 musici
3076 3807 3478 3866 modulantibns

1890 3879 2139 3947 spiritum
2165 3877 2217 3930 iu
2247 3890 2439 3946 aquam
2471 3875 2838 3945 pressionibus
2858 3877 3140 3933 densatum
3164 3888 3219 3935 et
3247 3895 3477 3936 concor-

1890 3959 2136 4030 poratum
2160 3988 2174 4011 ,
2202 3955 2263 4030 ut
2286 3948 2344 4030 in
2372 3947 2730 4030 clarissimum
2763 3959 2923 4030 exeat
2959 3963 3150 4030 sonum
3181 3951 3479 4030 "multiplici

1888 4017 2152 4074 varietate
2195 4017 2526 4072 distinctum.
2586 4017 2902 4089 Huiusmodi
2948 4028 3128 4075 autem
3181 4017 3476 4093 Septimius

1888 4089 2051 4146 alium
2079 4089 2328 4161 spiritum
2350 4087 2594 4161 appellat
2612 4129 2628 4155 ,
2672 4105 2866 4161 nempe
2893 4091 3162 4150 eruditum
3195 4103 3252 4148 et
3279 4093 3481 4149 exarti-

1887 4157 2146 4218 calatum.
2169 4160 2232 4224 11,
2265 4158 2370 4216 994
2391 4157 2454 4224 (3,
2480 4157 2547 4233 Et
2569 4157 2844 4216 credideris
2870 4165 3278 4233 comparationes
3299 4181 3476 4220 eorum

1886 4233 2019 4287 inter
2043 4250 2098 4288 se
2121 4233 2392 4305 animasse.
2422 4231 2746 4305 Animantur
2772 4231 3019 4298 colores,
3049 4243 3158 4288 tam
3179 4246 3304 4305 apte
3327 4250 3477 4291 com-

1887 4305 2100 4376 parati,
2142 4312 2199 4358 ut
2235 4303 2374 4376 alter
2386 4302 2622 4376 alterius
2650 4302 2831 4373 vigore
2867 4305 3150 4376 excitetur.

1958 4379 2247 4430 AﬂllATIO.
2273 4372 2449 4438 H.556
2471 4371 2533 4437 Β,
2558 4370 2631 4425 Et
2651 4370 2810 4427 toiam
2832 4375 3166 4440 enthymesiu,
3191 4374 3245 4429 id
3267 4384 3343 4431 est
3364 4378 3477 4431 ani-

1886 4448 2157 4501 mationem
2186 4461 2302 4519 cum
2332 4443 2586 4514 passione,
2627 4451 2734 4500 etc.
2765 4445 2908 4519 lren.
2951 4443 3260 4515 Deposuisse
3301 4450 3477 4519 pristi-

1887 4533 2007 4572 nam
2025 4517 2348 4571 intentionem
2376 4557 2392 4584 ,
2437 4530 2552 4568 cum
2577 4531 2636 4570 ea
2662 4530 2779 4586 qua:
2801 4517 3055 4571 acciderat
3077 4517 3330 4586 passione.

1960 4591 2284 4644 ANIIATIIIX.
2312 4586 2377 4654 ll,
2409 4587 2511 4660 M7
2541 4589 2607 4651 Α,
2629 4586 2988 4660 Animatricem
3013 4590 3344 4660 confessionis
3383 4605 3476 4643 vo-

1885 4670 1970 4718 cat
1991 4660 2332 4716 dilectionem
2357 4657 2668 4730 perfectam,
2693 4660 2728 4712 i.
2747 4673 2944 4730 etquae
2971 4657 3176 4728 incitat,
3228 4660 3475 4730 impellit,

1885 4733 2124 4789 animum
2151 4730 2382 4785 additad
2407 4728 2764 4784 conﬁtendum
2788 4727 3081 4785 Christum.

1958 4805 2295 4868 ANNO'I'A'I‘IO,
2315 4816 2443 4856 cura
2469 4809 2529 4855 ut
2547 4815 2672 4856 care
2699 4799 2925 4857 locetur.
2942 4801 2984 4868 l,
3013 4800 3118 4858 515
3137 4799 3210 4868 Α,
3255 4800 3364 4858 Sub
3391 4818 3474 4859 ea-

1887 4875 2003 4931 dem
2022 4875 2350 4929 cunctatione
2371 4872 2652 4943 quaestoris.

1958 4948 2162 5018 Aunus.
2192 4944 2234 5011 l,
2263 4942 2464 5018 4874A,
2495 4943 2671 5018 Annus
2705 4944 2758 5018 in
2786 4959 2907 5000 cura
2949 4952 3042 5018 est.
3093 4942 3374 5018 Zephyrus
3407 4948 3474 5005 ad

1887 5017 2305 5074 sollicitudinem
2378 5014 2655 5088 hominum
2699 5015 2816 5086 ejus
2852 5016 2989 5088 anni
3059 5014 3324 5088 applicat;
3378 5020 3473 5074 sed

1890 5088 2273 5150 Tertullianus,
2300 5100 2406 5141 non
2421 5087 2747 5158 hominibus,
2771 5086 2866 5143 sed
2893 5086 3108 5143 unnoet'
3130 5086 3354 5158 tempori
3372 5104 3470 5145 cu-

1888 5176 2004 5217 ram
2051 5160 2204 5231 quasi
2249 5158 2576 5231 etglaborem
2625 5157 2861 5214 tribuere
2908 5159 3142 5215 videtur.
3180 5156 3256 5223 ll,
3275 5158 3382 5215 976
3411 5163 3471 5228 C,

1888 5232 2016 5289 Cum
2043 5229 2208 5302 stupet
2233 5229 2422 5302 caelum
2438 5239 2485 5283 et
2505 5237 2616 5283 aret
2645 5245 2835 5302 annus.

1961 5299 2230 5358 Annaeus.
2258 5299 2435 5372 1,502
2454 5303 2517 5366 Α,
2537 5301 2766 5355 Annulus
2788 5299 3061 5372 pronubas.
3087 5301 3320 5372 Aureum
3339 5303 3480 5361 hunc

1888 5374 2052 5432 fuisse
2073 5375 2145 5429 ait
2165 5372 2220 5428 h.
2242 5372 2278 5426 l.
2303 5371 2684 5428 Tertullianus.
2703 5372 2903 5430 Plinius
2924 5381 3125 5439 autem,
3143 5371 3207 5428 H.
3223 5373 3288 5441 N,
3305 5374 3474 5443 XXX,

1889 5446 1942 5510 1,
1991 5447 2147 5502 docet
2173 5444 2471 5513 pronubum
2520 5443 2667 5513 illum
2710 5444 2964 5498 annulum
2999 5459 3066 5499 ex
3108 5443 3252 5500 ferro
3292 5445 3477 5502 fuisse.

1889 5517 2140 5589 Kipping.
2165 5512 2374 5589 _(Antiq.
2426 5512 2603 5586 Rom.)
2632 5514 3223 5589 putatTertullianumh
3246 5531 3343 5587 pro
3371 5519 3480 5589 sevi

1891 5585 1974 5642 sui
1998 5585 2147 5643 inore
2165 5585 2400 5641 lecutum
2428 5600 2665 5656 esseaan
2689 5585 2866 5656 potius
2898 5585 3037 5640 male
3082 5585 3341 5643 intellexit
3366 5587 3480 5645 Pli-

1894 5660 2063 5741 nium,
2089 5658 2189 5741 gui
2206 5656 2405 5741 non_de
2430 5655 2634 5738 annulo
2657 5655 2900 5741 pronubo
2925 5665 3008 5712 est
3036 5656 3264 5741 locutus,
3292 5658 3483 5741 sed__de

1895 5727 2141 5802 symbolo
2165 5727 2481 5798 frugalitatis
2501 5738 2554 5782 et
2582 5727 2878 5794 modestiae,
2906 5742 3008 5798 qua
3028 5728 3096 5784 ad
3111 5735 3319 5786 veteres
3362 5731 3481 5785 illas

1894 5800 2246 5870 horridasque
2257 5799 2481 5854 Sabinas
2492 5813 2685 5869 sponsa
2699 5813 2793 5854 seu
2808 5813 2940 5853 nova
2953 5810 3113 5869 nupta
3128 5810 3487 5856 revocaretur.

1969 5869 2206 5927 Annuus.
2237 5871 2300 5936 ll,
2329 5871 2397 5943 79
2434 5870 2522 5943 Β,
2549 5869 2840 5925 Oblationes
2865 5885 2958 5940 pro
2991 5872 3262 5942 defunctis,
3288 5887 3379 5943 pro
3395 5887 3482 5928 ua-

1901 5946 2098 6012 talitiis,
2118 5959 2288 5996 annua
2316 5942 2395 5996 die
2425 5942 2661 6014 facimus.

2799 6034 3199 6119 (ρυαναηιε.)
