4184 6496
160 414 289 471 1261

225 533 488 587 Αιιιιιῖειι.
515 529 577 593 11,
613 529 720 586 900
743 531 806 593 Λ,
842 528 1207 600 Deploraturus
1236 537 1341 582 erat
1370 527 1573 581 eosdem
1598 530 1747 600 duces
1774 525 1828 586 Α

155 620 270 657 suos
308 616 355 657 et
380 605 615 665 arbitros,
643 604 677 655 i.
719 618 769 656 e.
801 598 1145 670 spectatores,
1168 610 1352 655 testes.
1383 600 1444 663 11,
1470 600 1573 653 517
1593 598 1654 659 Β,
1686 601 1746 665 (Ζ,

157 675 378 728 Arbitrio
401 676 576 742 patris.
606 675 707 727 i.c.
734 684 887 727 teste.
914 673 975 735 II,
1002 674 1107 727 111
1131 676 1193 737 Α,
1219 671 1342 725 Tres
1364 672 1425 725 de
1446 672 1752 726 discentibus

156 747 371 800 arbitros
398 751 589 815 futura:
623 746 828 798 visionis
849 756 893 797 et
918 747 1050 799 cocis
1069 745 1300 815 assumit.

223 813 614 871 Anntritnntx.
646 816 707 876 ll,
736 816 841 873 299
869 817 929 881 Β,
972 817 1098 883 Qua:
1130 820 1183 871 iu
1211 814 1433 868 Domino
1459 814 1658 868 iuventa
1685 813 1751 868 sit

156 890 451 941 arbitratrix
473 905 677 960 operum
699 905 837 960 t‘jtts.

224 958 525 1015 Auttcsrus.
561 959 620 1021 ll,
653 959 758 1013 520
780 960 837 1021 Β,
870 958 966 1024 Qui
991 976 1070 1013 res
1096 976 1214 1014 suas
1232 960 1535 1013 arbustiores
1561 959 1611 1011 in
1642 958 1747 1027 pri—

156 1032 385 1092 mordiis,
426 1034 463 1085 i.
494 1047 545 1085 e.
577 1032 664 1100 qui
697 1045 784 1085 res
823 1046 946 1084 suas
983 1032 1314 1086 robustiores
1359 1030 1741 1099 procuraverit,

155 1103 240 1169 qui
262 1103 473 1156 scilicet
499 1118 603 1155 non
634 1102 878 1155 surculus
898 1101 1225 1170 depanxerit,
1257 1103 1349 1157 scd
1370 1102 1479 1171 jam
1506 1102 1741 1166 arlmsta,

155 1187 322 1241 caque
365 1172 683 1233 arbustiora,
733 1173 768 1226 i.
814 1188 862 1223 ιι.
908 1172 1017 1240 jam
1059 1174 1298 1239 grandia,
1353 1188 1473 1243 qua:
1520 1171 1747 1225 fructum

156 1244 435 1313 proferunt
464 1243 723 1299 tuatui'ius
752 1245 919 1299 multo
944 1260 1102 1314 quam
1126 1246 1345 1299 surculi.

221 1318 507 1395 Ancaxcu.
541 1315 578 1379 1,
615 1316 749 1369 1297
789 1318 852 1380 Λ,
888 1316 1118 1395 Quarum
1146 1332 1335 1369 arcana
1374 1314 1749 1395 imperitatum

155 1388 286 1453 quod
316 1388 530 1440 credunt
556 1396 768 1451 servent,
803 1398 907 1441 etc.
942 1387 1176 1442 Usorum
1208 1403 1400 1443 arcana
1429 1383 1575 1449 dicit,
1605 1383 1747 1454 quod

156 1473 352 1512 uxores
377 1472 504 1511 suas
530 1458 834 1513 christiauis
859 1462 1024 1513 sacris
1051 1469 1333 1527 operantes
1363 1474 1467 1513 non
1497 1456 1745 1527 prodant.

157 1528 352 1600 Earum
381 1530 541 1600 igitur
563 1544 755 1583 arcana
781 1530 955 1583 mariti
977 1526 1173 1585 ethnici
1198 1531 1246 1582 in
1274 1530 1583 1599 periculum,
1606 1526 1747 1600 quod

155 1598 421 1665 credunt,
458 1608 690 1666 servant,
739 1600 775 1654 i.
817 1614 869 1655 e.
917 1600 966 1654 in
1018 1598 1305 1669 periculum
1357 1600 1497 1670 quod
1546 1598 1750 1654 nomini

155 1671 452 1727 christiano
479 1671 777 1737 imminere,
808 1670 1059 1736 credunt,
1091 1673 1489 1741 persecutione,
1525 1681 1582 1724 ut
1621 1685 1748 1741 spes

158 1752 293 1805 rant,
326 1758 606 1809 cxarsura,
653 1744 720 1796 ita
752 1753 811 1796 ut
862 1752 987 1797 tunc
1014 1740 1267 1812 temporis
1296 1758 1386 1797 cas
1416 1741 1659 1812 prodant,
1702 1740 1747 1812 si

155 1828 256 1882 qua
287 1814 429 1869 forte
452 1815 617 1868 animi
648 1813 835 1867 laesura
882 1813 1008 1869 inde
1046 1826 1300 1883 concepta
1339 1811 1629 1884 perniciem
1670 1811 1749 1867 eis

156 1894 435 1953 exoptem.
468 1886 577 1939 lloc
601 1884 741 1940 enim
763 1893 862 1949 est,
894 1886 938 1939 si
959 1889 1084 1956 forte
1110 1887 1383 1951 twdantur,
1418 1887 1458 1941 si
1491 1898 1593 1956 qua
1616 1885 1750 1939 forte

158 1955 355 2010 incidat
379 1957 543 2011 animi
568 1955 777 2028 laesura,
797 1958 849 2028 si
872 1955 1015 2027 quOd
1038 1958 1288 2028 jurgium.
1319 1956 1437 2010 Vid.
1468 1955 1745 2028 Omscno.

190 2097 200 2107 θ
228 2028 599 2107 Ancncrvrus.
624 2027 689 2093 Il,
715 2026 820 2107 548
842 2025 906 2093 Α,
930 2025 1201 2100 Archetgpi
1222 2029 1446 2098 magistri
1468 2036 1591 2083 sunt
1607 2025 1751 2097 prin-

156 2100 305 2167 cipes
331 2101 594 2167 magistri,
621 2100 958 2153 vetustiores.

229 2172 624 2233 Ancchst,
655 2171 879 2224 antistes
904 2170 1177 2227 Gallorum
1207 2171 1545 2226 sacerdotum
1582 2167 1753 2238 Cybe-

158 2240 256 2305 les,
292 2244 480 2296 matris
510 2242 689 2307 deum,
716 2241 891 2303 1,·425
917 2242 982 2298 Α.
1009 2242 1127 2298 Vid.
1152 2242 1428 2299 lII’EItIUI.
1463 2240 1526 2308 Il,
1551 2240 1657 2297 815
1682 2240 1751 2308 Λ,

173 2310 255 2365 Vel
286 2314 518 2380 [icti-icis,
549 2313 625 2367 vel
647 2313 935 2384 archigalli.

230 2385 499 2457 Ancutvs,
530 2384 713 2447 diaria,
748 2386 986 2457 annales.
1031 2387 1070 2452 I,
1094 2386 1189 2440 101
1226 2386 1287 2455 Β,
1322 2402 1376 2441 n.
1408 2386 1512 2457 (1),
1560 2384 1623 2439 In
1664 2400 1753 2437 ar-

162 2454 320 2509 chivis
346 2456 523 2509 restris
552 2457 764 2508 relatum
794 2456 1005 2511 habetis.

231 2529 479 2585 uacuos.
510 2528 997 2598 épzoiv,_[\rlllcclts,
1041 2542 1135 2583 seu
1181 2528 1519 2598 magistratus
1562 2527 1760 2596 prium-

160 2598 291 2652 I'itIS.
324 2598 392 2665 ΙΙ,
414 2598 485 2652 88
508 2598 567 2660 υς
602 2600 663 2661 ΙΙ,
690 2596 796 2652 215
824 2599 888 2663 Α,
916 2606 1158 2668 ἄρχοντες.

230 2669 407 2739 Ἀρχή.
434 2668 501 2735 ll,
529 2668 635 2724 215
666 2672 732 2733 Α,
764 2675 892 2740 ἀρχῆ
932 2688 1031 2723 nou
1070 2681 1265 2724 tantum
1300 2669 1759 2733 ortliuativum,sed

163 2749 205 2793 et
230 2742 585 2813 potestativum
626 2744 762 2806 capit
807 2743 1162 2813 principatum.
1194 2742 1255 2806 ll,
1288 2744 1384 2797 551
1414 2744 1478 2807 Δ,
1510 2749 1763 2811 ιιροαρχῦν

163 2821 214 2865 et
239 2823 333 2867 τὴν
361 2815 532 2883 ἀρχὴν.
566 2812 627 2873 ll.
656 2813 761 2867 579
798 2815 864 2878 Α,
890 2812 1130 2868 Clioicum
1165 2815 1442 2869 substantia
1470 2816 1621 2885 ἀρχῆς
1648 2828 1762 2865 car-

164 2898 298 2950 nem,
318 2887 551 2938 materia.
574 2885 761 2939 Grmca
794 2885 973 2939 Irenaai
1013 2887 1280 2955 postulant
1310 2928 1324 2952 ,
1358 2888 1601 2940 choicum
1632 2885 1763 2939 sub-

164 2957 357 3007 stantia
381 2971 584 3024 corpus,
613 2968 829 3008 carnem
857 2971 884 3007 a
916 2958 1155 3012 materia.

233 3028 547 3081 Ancunus.
593 3024 657 3093 11,
704 3025 808 3080 122
851 3026 918 3092 Α,
956 3025 1175 3081 Arcuata
1209 3028 1397 3097 impetu
1441 3042 1668 3097 surgens,
1696 3024 1765 3081 de

163 3099 471 3166 scorpione.

234 3168 517 3222 Ancnnn.
572 3168 632 3230 II,
665 3169 771 3225 710
812 3168 871 3235 Β,
908 3168 990 3223 Ne
1017 3170 1067 3224 in
1095 3169 1378 3224 custodiam
1410 3169 1665 3239 delegatus
1694 3167 1764 3224 ad

164 3240 469 3294 solutionem
501 3242 651 3293 totius
676 3242 827 3294 debiti
856 3242 1083 3295 arcteris.

1141 410 1350 468 INDEX
1375 408 1807 469 LATINITATIS
1843 408 2419 466 TERTULLIANEIE.

1778 1926 1826 1987 B

3302 407 3443 465 1262

1926 526 2229 581 Anuantcn.
2261 525 2303 592 Ι,
2341 526 2478 581 1507
2511 526 2570 594 Β,
2603 528 2737 593 Quia
2762 542 2851 581 nec
2872 526 2925 579 in
2954 522 3228 577 armarium
3264 521 3442 591 judai-

1856 613 1972 651 cum
2008 600 2309 651 admittitur.
2359 595 2413 651 In
2445 614 2512 654 co
2540 602 2743 656 scilicet
2774 612 2978 655 canone
3008 595 3400 664 Scripturarum
3420 632 3437 655 ,

1854 671 1943 740 qui
1973 670 2286 724 servabatur
2310 667 2363 741 in
2383 671 2580 741 templo
2608 671 2807 727 hebrari
2836 668 3009 738 pepuli
3038 665 3439 741 succedentium

1854 735 2129 811 diligentia
2172 735 2531 796 Sacerdotuni.
2577 742 2667 798 Sic
2694 735 3079 811 interpretatur
3109 735 3442 811 Augustinus

1854 808 2077 884 lib—XV
2106 813 2168 867 de
2188 811 2413 884 Civitatci
2426 812 2517 866 Dei
2538 856 2551 878 ,
2583 829 2701 884 Cap.
2732 814 2823 869 25.
2856 809 3122 884 ldcmlih.
3150 808 3240 862 XII
3265 816 3441 884 contra

1857 883 2106 938 Faustum
2131 925 2146 950 ,
2180 883 2265 937 ubi
2295 882 2362 938 de
2390 878 2697 941 Judmoruin
2738 892 2930 954 gente:
2984 880 3122 954 Quid
3178 890 3249 933 est
3294 878 3440 954 aliud

1852 972 1973 1025 gens
1996 957 2109 1023 ipsa
2134 997 2149 1019 ,
2178 956 2274 1008 nisi
2322 956 2553 1022 quwdam
2576 951 2843 1011 scriniuria
2888 953 3277 1025 christianorum
3304 991 3319 1013 ,
3348 951 3435 1000 ba—

1843 1021 2023 1097 iulans
2048 1026 2206 1096 legem
2232 1034 2277 1079 et
2306 1021 2577 1097 prophetas
2608 1032 2631 1082 1’
2664 1028 2701 1094 Ι,
2732 1028 2836 1084 070
2864 1026 2923 1092 Β,
2954 1024 3154 1089 Quanto
3180 1021 3329 1075 citius
3353 1035 3439 1073 ar-

1854 1099 2069 1151 marium
2092 1098 2387 1166 compingit.

1924 1173 2169 1223 Annius.
2191 1163 2255 1229 ll,
2282 1163 2385 1223 087
2414 1169 2474 1232 Β,
2508 1170 2657 1238 Quod
2684 1180 2731 1225 et
2752 1170 2917 1225 solum
2940 1182 3140 1238 armare
3160 1163 3441 1238 potuissent

1852 1241 1921 1293 ad
1966 1242 2303 1294 testimonium
2346 1234 2851 1310 plenwrvdiviuitatis.
2895 1240 2937 1294 ll
2963 1281 2979 1307 ,
3024 1236 3131 1292 259
3160 1235 3230 1302 Β,
3263 1234 3438 1289 Tantis

1852 1311 2084 1382 operibus
2108 1314 2338 1366 notitiam
2361 1313 2439 1366 sui
2473 1316 2762 1368 armaverit.

1923 1387 2193 1438 ARTIFEX.
2225 1383 2283 1443 l,
2312 1384 2421 1438 055
2450 1384 2521 1448 Β,
2556 1386 2693 1439 Sane
2722 1385 2807 1439 ille
2833 1384 3023 1453 artifex
3044 1396 3362 1453 pugnarunt,
3400 1377 3438 1431 i.

1854 1468 1903 1527 ς.
1936 1455 2098 1527 pugil.
2124 1453 2188 1521 Il,
2218 1454 2324 1510 702
2350 1455 2411 1520 Β,
2438 1455 2541 1509 Sed
2570 1456 2843 1527 spectaculi
2868 1450 3133 1524 artiﬁcem:
3166 1452 3213 1527 I_,
3242 1450 3349 1527 050
3372 1454 3442 1527 ._\,

1852 1522 1986 1578 lude
2010 1522 2227 1581 Romani
2269 1527 2536 1582 accersitos
2584 1522 2803 1596 artiﬁces
2847 1522 3159 1592 mutuantur,
3190 1524 3223 1578 i.
3255 1538 3306 1579 c.
3336 1522 3446 1577 his-

1852 1598 2071 1651 triones.

1925 1669 2121 1723 Anrus.
2158 1667 2198 1722 ll
2228 1710 2245 1736 ,
2288 1669 2429 1726 1050
2456 1670 2494 1723 C
2520 1712 2534 1735 ,
2568 1669 2678 1725 Nec
2719 1668 2950 1724 manibus
2975 1676 3100 1724 arta:
3126 1708 3141 1735 ,
3173 1665 3210 1720 i.
3236 1681 3285 1720 e.
3316 1680 3439 1720 are.

1853 1739 2050 1810 tiores,
2084 1741 2444 1810 angustiores.
2474 1740 2595 1796 Vid.
2628 1741 2741 1797 Cic.
2795 1742 2848 1795 in
2902 1739 3053 1795 Catil.
3086 1740 3134 1806 l,
3168 1738 3308 1795 1215
3354 1738 3396 1793 Β
3420 1779 3438 1805 ,

1858 1809 2061 1877 Quanto
2111 1813 2162 1865 in
2184 1822 2295 1866 arto
2322 1814 2572 1883 negotium
2608 1823 2699 1869 est.

1924 1883 2210 1961 Asrnstucs
2233 1924 2248 1948 ,
2295 1879 2469 1961 culior
2496 1886 2652 1940 asini.
2688 1884 2707 1961 I
2725 1926 2739 1947 ,
2791 1883 2897 1961 505
2985 1924 2998 1947 ,
3030 1880 3133 1939 577
3164 1881 3205 1937 C
3225 1923 3240 1948 ,
3292 1879 3445 1961 Quod

1855 1952 1987 2007 inter
2033 1954 2252 2010 cultores
2285 1957 2512 2010 omnium
2545 1959 2793 2027 pecudum
2820 1956 3188 2025 bestiarumque
3227 1952 3444 2008 asinarii

1857 2034 2053 2079 tantum
2074 2043 2269 2084 sumus.

1928 2097 2142 2154 Asnaus.
2175 2099 2216 2153 ll
2237 2140 2251 2161 ,
2276 2098 2385 2155 410
2413 2100 2454 2154 Β
2475 2139 2491 2165 ,
2520 2099 2703 2155 Asinus
2727 2098 2789 2153 de
2813 2098 3002 2167 Aisopi
3029 2106 3199 2165 puteo,
3231 2096 3445 2167 ineptus

1856 2182 1924 2223 ex
1978 2171 2267 2241 improviso
2312 2172 2698 2241 superveniens
2739 2213 2756 2239 ,
2810 2180 2865 2226 ct
2912 2170 3219 2239 importuno
3250 2172 3432 2223 ruditu

1858 2240 2131 2308 complens
2160 2242 2359 2296 omnia.

1932 2317 2106 2393 Astus.
2138 2310 2202 2373 ll.
2227 2310 2417 2395 5510,
2452 2313 2604 2395 Aspis
2634 2311 2797 2395 (quod
2838 2315 2979 2395 aiunt
3003 2311 3085 2395 )“a
3121 2314 3446 2395 uipera_ri_t_it-

1859 2383 1992 2436 tuari
2016 2399 2275 2437 venenum.
2308 2386 2379 2437 De.
2410 2385 2593 2453 aspide
2614 2383 2690 2439 sic
2721 2384 2855 2439 Plin.
2902 2384 2967 2438 11.
3012 2383 3102 2451 Ν.,
3137 2385 3231 2439 lib.
3283 2387 3395 2442 VIII
3429 2428 3448 2453 ,

1857 2469 1976 2523 ειν.
2007 2455 2115 2526 25ε
2146 2473 2166 2507 ι
2203 2454 2351 2511 Colla
2380 2457 2622 2526 aspidum
2649 2456 3094 2520 intumescere";
3142 2457 3289 2511 nullo
3310 2457 3450 2514 ictus

1862 2525 2131 2591 remedio,
2179 2525 2531 2596 praeterquam
2576 2528 2621 2581 si
2663 2528 2941 2583 confestim
2972 2536 3147 2594 partes
3188 2538 3451 2585 contacta:

1863 2604 2223 2665 amputentur.
2268 2616 2285 2649 ι
2315 2598 2444 2652 Tam
2485 2607 2908 2668 praesentaneum
2938 2599 3144 2654 scilicet
3172 2608 3254 2653 est
3288 2615 3454 2655 vene-

1865 2683 2014 2721 num.
2047 2668 2121 2723 De
2148 2670 2340 2737 vipera,
2364 2669 2553 2723 eodem
2584 2669 2701 2733 lib.,
2741 2685 2858 2737 cap.
2906 2669 3007 2724 59:
3060 2688 3078 2739 ς
3126 2669 3451 2739 Serpentum

1866 2740 2048 2809 vipera
2085 2743 2199 2794 sola
2231 2750 2367 2795 terra
2397 2740 2589 2795 dicitur
2616 2739 2772 2795 condi
2800 2782 2815 2804 ,
2844 2750 3052 2795 caetera:
3078 2742 3331 2796 arborum
3359 2751 3451 2799 aut

1864 2826 2115 2865 saxorum
2143 2813 2286 2866 cavis
2315 2812 2428 2883 (sed
2460 2812 2704 2875 Aristot.,
2739 2810 2831 2883 lib.
2860 2810 2901 2863 γ
2929 2810 2989 2863 de
3015 2823 3197 2866 natura
3220 2814 3449 2869 Animal.

1866 2893 2053 2935 contra
2080 2883 2239 2935 tradit
2270 2884 2504 2951 viperam
2548 2883 2647 2935 sub
2676 2882 2839 2950 petris
2866 2897 2985 2937 sese
3022 2883 3255 2938 condere
3276 2926 3290 2950 ,
3325 2888 3450 2941 reli—

1867 2968 1999 3022 quas
2046 2956 2398 3023 serpentcsin
2423 2963 2561 3008 terra
2608 2953 2773 3022 abdi).
2804 2952 2992 3007 Omnia
3032 2967 3278 3010 secessus
3319 2966 3456 3012 tem-

1868 3039 1997 3093 pore
2020 3040 2229 3079 veneno
2258 3026 2385 3079 orba
2415 3025 2703 3078 dormiunt.
2742 3044 2760 3076 ι
2797 3024 2914 3079 Lib.
2948 3024 3057 3091 Vll,
3089 3041 3207 3094 cap.
3238 3027 3294 3091 2,
3320 3029 3394 3082 ait
3435 3067 3454 3093 ,

1874 3113 1891 3144 ι
1928 3094 2026 3163 Qui
2058 3105 2293 3151 amntem
2321 3096 2490 3150 Athon
2510 3095 2745 3149 incolant
2765 3097 3019 3164 viperinis
3036 3100 3287 3153 carnibus
3303 3100 3393 3153 ali.
3427 3119 3447 3151 ι»

1867 3166 2021 3231 Quod
2052 3177 2199 3222 certe
2228 3174 2596 3235 argumentum
2624 3174 2708 3220 est
2733 3168 2921 3221 veneni
2951 3168 3120 3221 minus
3148 3169 3453 3225 efﬁcientis.

1868 3238 2160 3293 l'roverbio
2205 3239 2361 3307 igitur
2393 3238 2495 3291 isto
2541 3237 2925 3306 signiﬁcabitur
2954 3240 3453 3308 pestilentissimum

233 3313 456 3388 Anoon_._
482 3311 547 3388 ll,
567 3312 694 3388 100
712 3313 771 3377 Β,
794 3312 928 3388 Cum
955 3315 1088 3366 enim
1116 3313 1374 3388 exurimur
1408 3311 1761 3381 persecutionis
1788 3324 1832 3388 ρ
1866 3326 1895 3363 a
1920 3310 2095 3388 minus
2121 3311 2263 3363 malo
2284 3308 2929 3388 ιιι]-ιιριιιξίιξξιηιηριιιξςοιιί.

164 3382 369 3436 ardore.
414 3383 477 3449 ll,
528 3383 631 3438 125
669 3384 735 3447 Λ,
783 3383 849 3436 Et
879 3394 1011 3437 certo
1039 3394 1260 3447 tempore
1284 3384 1641 3442 subornantur,
1674 3398 1761 3435 nec

163 3454 268 3506 alio
295 3470 451 3521 quant
471 3455 671 3508 ardoris
697 3457 760 3509 de
783 3456 1039 3525 gnosticis.
1069 3454 1108 3517 l,
1130 3454 1235 3509 510
1262 3452 1325 3517 Λ,
1362 3454 1492 3506 Νυνὶ
1519 3464 1565 3505 et
1592 3452 1762 3521 Phrg—

166 3539 261 3597 nen
293 3527 608 3580 meretricem
654 3525 917 3597 Diogenis,
955 3542 1111 3596 supra
1141 3526 1420 3578 recubantis
1462 3524 1635 3577 ardori
1675 3539 1764 3576 su-

166 3595 388 3648 bantem.

238 3670 415 3722 Λιιειι.
444 3667 486 3732 l,
510 3668 608 3723 701
643 3668 709 3735 Α,
742 3668 886 3723 Area:
926 3685 1025 3722 non
1058 3668 1159 3723 siut
1187 3711 1202 3733 ,
1240 3682 1372 3721 area:
1408 3668 1632 3736 ipsorum
1663 3680 1765 3719 non

167 3738 396 3805 fuerunt.
444 3740 604 3795 Ludit
646 3741 699 3795 in
741 3756 890 3796 voce.
940 3741 1069 3794 Nam
1110 3756 1230 3794 cum
1276 3738 1365 3793 ille
1394 3738 1761 3802 acclamassct,

168 3809 316 3881 Area:
347 3828 446 3864 non
475 3813 596 3875 sint,
631 3813 889 3867 intellexit
927 3812 994 3866 de
1032 3813 1345 3881 sepulturis;
1384 3826 1507 3863 cum
1552 3823 1763 3861 rursum

167 3880 463 3953 d_icit,area:
487 3884 714 3951 ipsorum
739 3900 839 3937 non
866 3880 1356 3953 faerunt,iutc|ligit
1376 3882 1443 3935 de
1463 3881 1602 3953 areis
1625 3894 1765 3953 nies-

168 3950 329 4005 sium.
366 3950 517 4007 Area
546 3963 723 4007 autem
764 3950 1206 4021 pro'cunucterio
1249 3954 1496 4006 sumitur.
1546 3950 1765 4021 Pontius

172 4021 441 4095 Diaconos
470 4025 687 4079 inActis
712 4020 961 4095 cypriani
994 4043 1008 4080 :
1043 4025 1285 4092 Sepultus
1306 4034 1375 4076 est
1402 4025 1454 4076 iu
1475 4037 1595 4074 area
1630 4020 1766 4074 Cau—

170 4093 278 4145 didi
306 4107 672 4163 procuratoris.

242 4162 453 4221 Anam.
488 4166 528 4229 Ι.
562 4165 658 4221 521
691 4167 757 4231 Α,
794 4164 981 4220 Munus
1006 4168 1055 4220 in
1084 4183 1260 4230 arena,
1290 4166 1324 4219 i.
1355 4182 1404 4219 e.
1430 4179 1623 4219 munus
1651 4162 1768 4232 gla-

169 4234 481 4293 diatorium.
510 4238 551 4302 l,
581 4238 684 4294 407
708 4241 774 4303 Α,
796 4240 923 4295 Cum
948 4239 1211 4292 atrocitate
1235 4252 1418 4290 areua‘.

243 4308 556 4365 AIKIZNAIHUS
580 4327 922 4375 numerorum,
947 4310 1305 4363 arithmcticas
1327 4308 1498 4361 varias
1527 4320 1766 4359 munero-

171 4393 290 4451 rum
327 4384 743 4451 compositiones
770 4384 819 4435 iu
837 4383 1021 4445 abaco,
1051 4381 1267 4451 pulvere
1281 4394 1591 4449 COIISpct'SO,
1608 4377 1767 4431 disci—

172 4450 311 4520 pulis
341 4450 665 4518 Inonstrans,
700 4452 761 4516 II,
799 4453 935 4507 1050
966 4452 1030 4505 Λ.

242 4524 674 4588 Anccnnxram,
727 4525 948 4592 argutiis
991 4537 1185 4592 agere,
1236 4530 1419 4590 argute
1460 4519 1766 4589 excogitare

171 4603 262 4647 aut
288 4599 521 4664 tradere.
556 4596 574 4648 l
601 4636 617 4660 ,
649 4596 752 4649 055
782 4597 862 4660 Β,
894 4594 977 4647 .\'e
1008 4597 1117 4662 quis
1157 4594 1502 4664 argumentari
1534 4609 1624 4644 nos
1671 4608 1765 4661 pu-

172 4674 257 4758 tet.
291 4663 347 4730 1,
376 4666 482 4722 059
509 4666 550 4720 Β
570 4708 585 4734 ,
610 4666 685 4719 Ab
713 4684 773 4722 ea
824 4676 870 4719 et
898 4667 1030 4721 Circi
1058 4663 1452 4737 appellationem
1496 4680 1763 4733 argumeu—
1791 4698 1844 4758 D

172 4744 364 4791 tantur.

243 4811 473 4864 Amnes.
504 4808 578 4875 ll,
632 4810 768 4865 1010
814 4810 859 4864 Α
884 4851 898 4870 .
933 4809 1091 4863 Arida
1130 4808 1381 4877 saginatio
1408 4816 1481 4879 est
1504 4819 1765 4879 ξηριγιιμα

172 4896 293 4948 quas
323 4881 642 4937 athletarum
690 4884 900 4952 propria
938 4891 1073 4935 erat.
1108 4881 1185 4948 ll,
1228 4880 1333 4935 951
1360 4883 1424 4942 Α,
1470 4878 1558 4931 let
1580 4878 1716 4933 seras
1745 4918 1761 4945 ,

169 4952 246 5005 uel
283 4952 461 5005 aridas
489 4969 646 5007 escas.

242 5024 433 5077 Amas.
462 5023 504 5079 ll
528 5063 545 5091 ,
576 5024 679 5080 800
704 5023 765 5089 B,
801 5023 866 5077 Et
896 5024 1074 5091 ubique
1096 5024 1289 5094 primus
1314 5022 1406 5077 istc
1431 5022 1483 5075 in
1509 5036 1598 5075 nos
1633 5022 1764 5094 aries

175 5105 507 5167 temperatur,
538 5113 638 5167 quo
663 5102 828 5151 carnis
851 5097 1071 5149 conditio
1094 5093 1379 5165 quassatur.
1408 5096 1579 5157 Aries,
1614 5093 1761 5147 trabs

174 5166 393 5239 funibus
440 5166 743 5239 suspensa,
800 5167 950 5236 cujus
998 5179 1157 5236 caput
1204 5168 1359 5239 ferro
1397 5167 1652 5239 vestitur,
1706 5172 1761 5218 ut

174 5236 561 5303 durissimam,
588 5240 768 5294 arietis
790 5241 955 5292 instar
974 5280 988 5302 ,
1018 5240 1251 5293 frontem
1279 5236 1515 5291 videatur
1544 5236 1759 5300 habere;

175 5320 229 5363 et
254 5325 408 5364 more
431 5311 590 5365 etiam
616 5311 796 5367 arietis
826 5318 972 5363 retro
995 5310 1228 5374 ducitur,
1261 5319 1316 5364 ut
1340 5309 1541 5378 majore
1562 5309 1762 5375 impetu

178 5380 338 5453 feriat
380 5381 713 5453 subruatque
759 5396 962 5453 muros.
1006 5381 1137 5435 Iliuc
1182 5382 1402 5453 verbum
1449 5379 1715 5453 teniperari
1743 5417 1759 5443 ,

176 5452 324 5522 quod
374 5452 429 5507 in
474 5451 729 5522 apparatu
776 5460 829 5507 ct
868 5452 1149 5507 Iibratione
1198 5452 1250 5505 in
1296 5452 1432 5507 ictus
1459 5451 1757 5513 destinata,

176 5521 298 5578 arte
327 5538 463 5593 opus
490 5521 632 5578 esset
660 5536 712 5579 et
737 5533 879 5579 certa
928 5533 1306 5593 temperatura.
1354 5521 1761 5576 Proverbialiter

177 5596 282 5648 dici
314 5596 508 5664 poterit
532 5610 629 5665 pro
664 5612 727 5649 co
754 5596 895 5665 quod
924 5605 1006 5649 est
1034 5613 1045 5647 :
1075 5613 1094 5645 ι
1126 5594 1370 5648 Validum
1393 5604 1761 5663 argumentum

179 5667 336 5720 nobis
365 5666 641 5735 ohjicitur,
670 5668 811 5734 quod
860 5666 1075 5721 dilticile
1123 5667 1192 5719 sit
1227 5666 1552 5729 disstrlvere;
1582 5672 1763 5732 aperta

183 5739 233 5790 vi
261 5752 651 5807 oppugnantur,
677 5756 693 5787 ι
717 5748 773 5792 ιιι
801 5738 994 5793 arietes
1022 5748 1076 5791 et
1102 5738 1328 5791 cuniculi
1362 5738 1411 5789 in
1440 5736 1766 5806 argumentis

182 5810 323 5865 inter
464 5819 825 5879 opponuntur.
869 5810 911 5864 II
936 5851 949 5877 ,
997 5809 1127 5865 1051
1164 5809 1202 5861 It
1229 5851 1243 5875 ,
1280 5806 1417 5861 Nam
1446 5818 1490 5862 et
1517 5808 1761 5872 arietem,

182 5890 288 5937 CIC.

254 5954 489 6012 Atu‘l'tutl
514 5994 530 6022 ,
561 5952 654 6009 lib.
685 5952 965 6013 Numeror.
999 5954 1036 6010 Il
1066 5994 1080 6023 ,
1106 5954 1203 6010 451
1238 5951 1297 6008 C.

1938 3382 2293 3437 Assrzcrncs.
2325 3380 2387 3445 II,
2416 3380 2521 3437 9l8
2556 3379 2617 3445 Β,
2652 3380 2717 3433 Et
2746 3380 3057 3447 aliquamdiu
3092 3392 3350 3439 assectata:
3376 3384 3455 3439 vi-

1864 3453 2004 3519 dum,
2038 3455 2074 3509 i.
2104 3470 2153 3509 c.
2181 3455 2449 3522 appetiue.
2478 3451 2649 3505 Illtcn.
2679 3452 2804 3521 legit
2826 3450 3092 3518 ali'ectatw.

1937 3527 2307 3579 Asstzuruon.
2356 3522 2421 3586 ll,
2476 3522 2581 3575 200
2614 3524 2677 3582 Α.
2710 3524 3003 3577 Assentator
3044 3525 3169 3580 mali
3204 3525 3456 3582 invenitur

1864 3594 2024 3661 Deus,
2054 3598 2141 3665 qui
2180 3594 2501 3649 assentiatnr
2540 3602 2598 3647 ut
2636 3593 2729 3647 Iiat
2783 3594 3001 3648 malum.
3062 3594 3204 3651 Deus
3251 3599 3458 3655 scilicet

1864 3667 2057 3721 malam
2088 3681 2204 3721 esse
2232 3666 2507 3720 materiam
2533 3679 2654 3718 emn
2684 3675 2957 3735 agnoscat,
2994 3680 3054 3720 ca
3084 3675 3257 3722 tmnen
3290 3670 3457 3725 utitur

1868 3739 1886 3808 (
1912 3737 2052 3805 quod
2079 3747 2191 3791 erat
2220 3736 2569 3805 Hermogenis
2596 3735 2836 3808 dogma),
2868 3736 3111 3808 illiusque
3138 3740 3458 3807 pravitatem

1868 3806 1951 3863 vel
1981 3809 2229 3873 adstruit,
2272 3808 2354 3862 vel
2384 3810 2575 3863 saltem
2602 3807 2926 3862 dissimulat.
2958 3806 3081 3862 Jun.
3113 3806 3330 3879 coniicit
3371 3829 3457 3864 as-

1866 3889 2103 3944 sectator,
2125 3882 2214 3948 qui
2231 3883 2308 3934 vel
2329 3880 2565 3934 materia:
2580 3889 2821 3933 naturam
2847 3879 3087 3935 debuerit
3102 3889 3456 3938 συνακολουθεῖν

1865 3959 2025 4020 atque
2048 3952 2333 4005 sustinere.

1939 4024 2239 4083 Asscnron,
2270 4020 2512 4090 quisquis
2545 4020 2595 4073 in
2622 4027 2819 4074 statuat
2845 4021 3040 4076 asserit
3065 4022 3176 4079 sive
3204 4023 3453 4087 Iibermu.

1866 4092 1979 4146 sive
2002 4094 2162 4148 etiam
2191 4092 2461 4157 servilem,
2488 4090 2682 4146 vindex
2708 4092 2900 4146 aliena:
2931 4092 3209 4149 libertatis.
3241 4095 3282 4149 ll
3302 4139 3316 4161 ,
3344 4098 3455 4152 275

1866 4163 1907 4216 C
1936 4205 1949 4227 ,
1982 4163 2119 4217 Talis
2146 4173 2366 4220 assertor
2394 4164 2543 4216 etiam
2570 4164 2897 4217 dmnnaretur
2925 4165 2976 4218 in
3002 4167 3208 4219 stcculo.
3241 4167 3281 4232 Ι,
3316 4168 3457 4222 1287

1868 4236 1912 4289 Λ
1931 4277 1943 4298 ,
1972 4236 2128 4305 Cujus
2149 4244 2367 4290 assertor
2386 4251 2497 4288 cum
2521 4234 2738 4288 Domino
2777 4234 3081 4305 disputavit,
3112 4237 3147 4290 i.
3177 4252 3228 4292 c.
3274 4246 3454 4307 patro-

1869 4322 1968 4360 nus
1988 4348 2002 4371 ,
2034 4308 2122 4376 qui
2154 4307 2420 4361 hominem
2452 4307 2702 4361 tuendum
2730 4308 2970 4374 suscipit.

1939 4375 2255 4433 Asstcsann.
2288 4378 2346 4443 l,
2376 4376 2511 4430 1209
2535 4377 2604 4442 (3,
2651 4375 2716 4428 Et
2766 4376 3009 4447 virginem
3033 4378 3290 4449 assignat,
3328 4380 3363 4433 i.
3397 4394 3451 4436 c.

1868 4450 2140 4504 communi
2167 4465 2288 4505 cum
2318 4450 2487 4501 viduis
2513 4449 2825 4503 castimonia
2855 4449 3115 4517 signatam
3146 4460 3199 4504 ct
3220 4451 3452 4505 obstric-

1872 4529 1976 4574 tam
2055 4531 2220 4576 tenet.
2288 4520 2308 4575 1
2352 4559 2367 4584 ,
2423 4518 2560 4573 1272
2606 4522 2643 4572 Λ
2675 4561 2688 4583 ,
2747 4517 3142 4592 Eromofogesin
3191 4522 3448 4592 assignat,

1870 4608 2061 4661 nempe
2116 4592 2437 4661 paenitentum:
2480 4592 2716 4657 proxime
2765 4592 2968 4658 positas.
3019 4590 3080 4655 Il,
3116 4592 3179 4646 18
3229 4590 3307 4655 Β,
3348 4593 3456 4647 Sed

1869 4674 2126 4732 acceptam
2150 4682 2180 4715 a
2210 4665 2408 4716 ιλιι-ἰδίω
2436 4662 2755 4732 tlisriplinaut
2799 4661 3015 4727 ﬁdeliter
3056 4664 3341 4716 nationibus
3368 4680 3454 4716 as-

1870 4738 2212 4806 signaveruut.
2247 4735 2285 4787 II
2307 4775 2321 4798 ,
2356 4733 2493 4806 1040
2525 4734 2572 4786 Α
2594 4774 2608 4797 ,
2628 4731 2924 4806 Totamque
2953 4734 3195 4806 contracti
3222 4735 3454 4806 umbonis

1871 4803 2166 4879 ﬁgmentum
2194 4804 2479 4879 custodibus
2510 4803 2782 4879 forcipibus
2809 4804 3045 4879 assignet.
3081 4803 3174 4879 111,
3223 4804 3335 4859 157,
3434 4846 3451 4873 ,

1870 4875 2128 4931 Pereunes
2170 4876 2363 4929 cruoris
2400 4876 2477 4928 sui
2516 4876 2739 4928 maculas
2776 4875 2997 4927 silicibus
3039 4876 3323 4945 assignans.
3366 4877 3406 4931 ll
3434 4917 3450 4943 ,

1870 4950 2007 5005 1025
2037 4950 2107 5012 Β.
2142 4947 2424 5017 Disciplina
2462 4946 2711 4999 hominem
2740 4945 3017 5017 gubernat,
3040 4955 3059 5017 ’1
3072 4956 3291 5013 potestas
3327 4949 3457 5001 assi-

1867 5033 1986 5088 gnat
2012 5064 2027 5087 ,
2060 5023 2096 5076 i.
2123 5036 2173 5075 e.
2204 5014 2561 5081 demonstrat,
2594 5014 2846 5072 exitnium
2876 5015 3130 5082 ostendit,
3154 5030 3453 5089 χαρακτηρί-

1864 5108 1962 5158 gat.

1932 5166 2238 5224 Assuuenn,
2265 5161 2304 5226 l,
2333 5161 2470 5217 1250
2494 5161 2553 5234 ll.
2587 5160 2657 5214 Et
2670 5160 3013 5234 penitentiam
3040 5167 3320 5234 assumunt.
3351 5159 3453 5218 As-

1866 5250 2080 5291 smuerc
2109 5234 2478 5305 paauitentiam
2503 5233 2725 5297 dicitur,
2756 5234 2846 5303 qui
2880 5236 3016 5287 inter
3041 5233 3321 5287 audientes
3350 5247 3451 5287 no-

1865 5322 1989 5360 men
2022 5311 2298 5375 prolitetur
2331 5320 2506 5358 Sllllllt.

1936 5373 2196 5442 ATtlI-ZNE,
2230 5376 2292 5441 ll,
2322 5377 2393 5431 20
2422 5376 2479 5439 Β,
2516 5374 2650 5441 Quid
2688 5390 2806 5445 ergo
2837 5373 3044 5429 Athenis
3079 5384 3125 5429 et
3154 5373 3450 5446 llierosolg-

1866 5450 1982 5515 mis,
2004 5452 2037 5502 i.
2070 5467 2120 5502 υ.
2144 5448 2269 5517 quid
2302 5447 2630 5517 philosophis
2650 5459 2771 5499 cum
2791 5446 3133 5501 Christianis?

1936 5514 2534 5582 Artemitamadoriri,
2576 5514 2640 5580 ll,
2769 5518 2807 5570 Β
2849 5532 3005 5571 :nam
3053 5518 3198 5587 impii
3225 5518 3293 5573 de
3335 5516 3449 5573 suis

1869 5593 2118 5646 sensibus
2145 5590 2460 5645 adoriuntur
2483 5589 2631 5656 quasi
2664 5604 2823 5643 nianu
2853 5589 3058 5657 piorum
3087 5604 3298 5655 sensus,
3317 5600 3372 5642 ct
3396 5590 3449 5643 id

1871 5679 2031 5717 unum
2070 5671 2265 5732 agunt,
2317 5670 2373 5715 ut
2413 5661 2690 5716 veritatem
2732 5659 3108 5716 transformcnt
3142 5662 3193 5715 in
3231 5661 3456 5715 menda-

1868 5748 2031 5788 Cllllll.

1945 5806 2272 5863 A‘rroxt'rt's.
2318 5801 2379 5867 Il,
2408 5802 2475 5860 58
2503 5802 2563 5864 Β,
2602 5801 2873 5871 Diligentia
2898 5802 3129 5863 attonita,
3162 5820 3277 5871 (pne
3304 5818 3451 5857 scm—

1876 5892 1968 5946 per
1998 5883 2078 5935 est
2118 5879 2166 5929 in
2210 5885 2373 5937 metu,
2422 5889 2485 5927 ne
2513 5875 2637 5943 quid
2670 5884 2868 5943 peccet.
2902 5873 2938 5937 I,
2974 5874 3081 5930 656
3105 5875 3171 5938 B,
3198 5876 3452 5946 Attonitus

1875 5944 1926 6002 in
1954 5952 2154 6013 mimos,
2206 5948 2240 6001 i.
2272 5962 2321 6001 e.
2354 5946 2574 6001 attOuita
2609 5955 2783 6001 mente
2828 5946 2894 6001 ad
2923 5946 3114 6002 mimos
3144 5944 3448 6005 attendens.
