  <div class='ocr_page' id='page_1' title='image "/cluster/home/n/w/nwhite01/storage/ocr_20150623/2/hvd.32044015466741/709.png"; bbox 0 0 4184 6496; ppageno 0'>
   <div class='ocr_carea' id='block_1_1' title="bbox 711 418 850 478">
    <p class='ocr_par' dir='ltr' id='par_1_1' title="bbox 711 418 850 478">
     <span class='ocr_line' id='line_1_1' title="bbox 711 418 850 478; baseline 0.007 -1"><span class='ocrx_word' id='word_1_1' title='bbox 711 418 738 477; x_wconf 99' lang='grc'><strong>1</strong></span> <span class='ocrx_word' id='word_1_2' title='bbox 748 419 850 478; x_wconf 69' lang='lat'><strong>271</strong></span> 
     </span>
    </p>
   </div>
   <div class='ocr_carea' id='block_1_2' title="bbox 1708 413 3009 476">
    <p class='ocr_par' dir='ltr' id='par_1_2' title="bbox 1708 413 3009 476">
     <span class='ocr_line' id='line_1_2' title="bbox 1708 413 3009 476; baseline -0.002 -1"><span class='ocrx_word' id='word_1_3' title='bbox 1708 416 1919 476; x_wconf 81' lang='lat' dir='ltr'><strong>INDEX</strong></span> <span class='ocrx_word' id='word_1_4' title='bbox 1956 413 2391 476; x_wconf 79' lang='lat' dir='ltr'><strong>LATINITATIS</strong></span> <span class='ocrx_word' id='word_1_5' title='bbox 2428 414 3009 475; x_wconf 62' lang='lat' dir='ltr'><strong>TERTULLIANEIE.</strong></span> 
     </span>
    </p>
   </div>
   <div class='ocr_carea' id='block_1_3' title="bbox 3870 417 4012 476">
    <p class='ocr_par' dir='ltr' id='par_1_3' title="bbox 3870 417 4012 476">
     <span class='ocr_line' id='line_1_3' title="bbox 3870 417 4012 476; baseline -0.014 0"><span class='ocrx_word' id='word_1_6' title='bbox 3870 423 3891 476; x_wconf 91' lang='grc'><strong>1</strong></span> <span class='ocrx_word' id='word_1_7' title='bbox 3901 417 4012 475; x_wconf 81' lang='lat'><strong>272</strong></span> 
     </span>
    </p>
   </div>
   <div class='ocr_carea' id='block_1_4' title="bbox 709 530 4011 606">
    <p class='ocr_par' dir='ltr' id='par_1_4' title="bbox 709 530 4011 606">
     <span class='ocr_line' id='line_1_4' title="bbox 709 530 4011 606; baseline -0 -17"><span class='ocrx_word' id='word_1_8' title='bbox 709 546 794 590; x_wconf 78' lang='lat' dir='ltr'><strong>est</strong></span> <span class='ocrx_word' id='word_1_9' title='bbox 819 533 956 606; x_wconf 91' lang='lat' dir='ltr'><strong>apud</strong></span> <span class='ocrx_word' id='word_1_10' title='bbox 992 533 1312 606; x_wconf 76' lang='lat' dir='ltr'><strong>llcsycliium</strong></span> <span class='ocrx_word' id='word_1_11' title='bbox 1330 577 1344 601; x_wconf 94' lang='lat'><strong>,</strong></span> <span class='ocrx_word' id='word_1_12' title='bbox 1374 547 1404 588; x_wconf 88' lang='lat' dir='ltr'><strong>a</strong></span> <span class='ocrx_word' id='word_1_13' title='bbox 1441 530 1639 589; x_wconf 81' lang='lat' dir='ltr'><strong>cicadis</strong></span> <span class='ocrx_word' id='word_1_14' title='bbox 1667 531 2104 606; x_wconf 85' lang='lat' dir='ltr'><strong>admordentibns</strong></span> <span class='ocrx_word' id='word_1_15' title='bbox 2146 540 2306 602; x_wconf 90' lang='lat' dir='ltr'><strong>atque</strong></span> <span class='ocrx_word' id='word_1_16' title='bbox 2331 533 2384 594; x_wconf 79' lang='grc' dir='ltr'><strong>Α</strong></span> <span class='ocrx_word' id='word_1_17' title='bbox 2410 531 2722 602; x_wconf 91' lang='lat' dir='ltr'><strong>capillorum</strong></span> <span class='ocrx_word' id='word_1_18' title='bbox 2741 533 2976 606; x_wconf 75' lang='lat' dir='ltr'><strong>iniortos</strong></span> <span class='ocrx_word' id='word_1_19' title='bbox 3003 531 3174 590; x_wconf 81' lang='lat' dir='ltr'><strong>ﬂexus</strong></span> <span class='ocrx_word' id='word_1_20' title='bbox 3197 533 3255 606; x_wconf 14' lang='lat' dir='ltr'><strong>in,</strong></span> <span class='ocrx_word' id='word_1_21' title='bbox 3271 533 3470 606; x_wconf 86' lang='lat' dir='ltr'><strong>nodum</strong></span> <span class='ocrx_word' id='word_1_22' title='bbox 3490 532 3552 588; x_wconf 85' lang='lat' dir='ltr'><strong>ad</strong></span> <span class='ocrx_word' id='word_1_23' title='bbox 3571 535 3828 590; x_wconf 82' lang='lat' dir='ltr'><strong>verticem</strong></span> <span class='ocrx_word' id='word_1_24' title='bbox 3850 537 4011 590; x_wconf 84' lang='lat' dir='ltr'><strong>vinc-</strong></span> 
     </span>
    </p>
   </div>
   <div class='ocr_carea' id='block_1_5' title="bbox 711 593 2306 676">
    <p class='ocr_par' dir='ltr' id='par_1_5' title="bbox 711 593 2306 676">
     <span class='ocr_line' id='line_1_5' title="bbox 711 593 2306 676; baseline -0.004 -14"><span class='ocrx_word' id='word_1_25' title='bbox 711 593 1061 663; x_wconf 55' lang='lat' dir='ltr'><strong>liazrc&#39;ntibus.</strong></span> <span class='ocrx_word' id='word_1_26' title='bbox 1096 593 1227 661; x_wconf 80' lang='lat' dir='ltr'><strong>lluic</strong></span> <span class='ocrx_word' id='word_1_27' title='bbox 1245 593 1420 674; x_wconf 68' lang='grc' dir='ltr'><strong>δηγίιω,</strong></span> <span class='ocrx_word' id='word_1_28' title='bbox 1453 606 1566 661; x_wconf 86' lang='lat' dir='ltr'><strong>sive</strong></span> <span class='ocrx_word' id='word_1_29' title='bbox 1594 603 1814 676; x_wconf 84' lang='lat' dir='ltr'><strong>erobon</strong></span> <span class='ocrx_word' id='word_1_30' title='bbox 1863 604 2106 676; x_wconf 66' lang='lat' dir='ltr'><strong>impacta;</strong></span> <span class='ocrx_word' id='word_1_31' title='bbox 2152 593 2306 656; x_wconf 80' lang='lat' dir='ltr'><strong>erant</strong></span> 
     </span>
    </p>
   </div>
   <div class='ocr_carea' id='block_1_6' title="bbox 711 674 2307 748">
    <p class='ocr_par' dir='ltr' id='par_1_6' title="bbox 711 674 2307 748">
     <span class='ocr_line' id='line_1_6' title="bbox 711 674 2307 748; baseline -0.003 -15"><span class='ocrx_word' id='word_1_32' title='bbox 711 680 866 748; x_wconf 84' lang='lat' dir='ltr'><strong>quasi</strong></span> <span class='ocrx_word' id='word_1_33' title='bbox 902 693 1080 734; x_wconf 88' lang='lat' dir='ltr'><strong>morsu</strong></span> <span class='ocrx_word' id='word_1_34' title='bbox 1119 693 1298 733; x_wconf 66' lang='lat' dir='ltr'><strong>aureae</strong></span> <span class='ocrx_word' id='word_1_35' title='bbox 1333 676 1532 733; x_wconf 79' lang='lat' dir='ltr'><strong>cicada:</strong></span> <span class='ocrx_word' id='word_1_36' title='bbox 1556 721 1570 740; x_wconf 87' lang='lat'><strong>,</strong></span> <span class='ocrx_word' id='word_1_37' title='bbox 1600 674 1800 746; x_wconf 55' lang='lat' dir='ltr'><strong>quze&#39;ra</strong></span> <span class='ocrx_word' id='word_1_38' title='bbox 1835 685 2044 746; x_wconf 67' lang='grc' dir='ltr'><strong>νηγνις,</strong></span> <span class='ocrx_word' id='word_1_39' title='bbox 2082 674 2184 728; x_wconf 84' lang='lat' dir='ltr'><strong>lioc</strong></span> <span class='ocrx_word' id='word_1_40' title='bbox 2225 681 2307 748; x_wconf 78' lang='lat' dir='ltr'><strong>est</strong></span> 
     </span>
    </p>
   </div>
   <div class='ocr_carea' id='block_1_7' title="bbox 715 745 2308 820">
    <p class='ocr_par' dir='ltr' id='par_1_7' title="bbox 715 745 2308 820">
     <span class='ocr_line' id='line_1_7' title="bbox 715 745 2308 820; baseline -0.006 -16"><span class='ocrx_word' id='word_1_41' title='bbox 715 745 993 820; x_wconf 87' lang='lat' dir='ltr'><strong>indigenas</strong></span> <span class='ocrx_word' id='word_1_42' title='bbox 1015 793 1028 816; x_wconf 92' lang='lat'><strong>,</strong></span> <span class='ocrx_word' id='word_1_43' title='bbox 1062 750 1147 804; x_wconf 92' lang='lat' dir='ltr'><strong>vel</strong></span> <span class='ocrx_word' id='word_1_44' title='bbox 1176 749 1491 819; x_wconf 82' lang='lat' dir='ltr'><strong>aborigenes</strong></span> <span class='ocrx_word' id='word_1_45' title='bbox 1521 745 1873 820; x_wconf 67' lang='lat' dir='ltr'><strong>Athenienses</strong></span> <span class='ocrx_word' id='word_1_46' title='bbox 1901 761 2021 800; x_wconf 88' lang='lat' dir='ltr'><strong>esse</strong></span> <span class='ocrx_word' id='word_1_47' title='bbox 2057 745 2308 820; x_wconf 75' lang='lat' dir='ltr'><strong>ostende—</strong></span> 
     </span>
    </p>
   </div>
   <div class='ocr_carea' id='block_1_8' title="bbox 710 815 2305 889">
    <p class='ocr_par' dir='ltr' id='par_1_8' title="bbox 710 815 2305 889">
     <span class='ocr_line' id='line_1_8' title="bbox 710 815 2305 889; baseline -0.004 -14"><span class='ocrx_word' id='word_1_48' title='bbox 710 815 858 876; x_wconf 62' lang='lat' dir='ltr'><strong>rent&#39;.</strong></span> <span class='ocrx_word' id='word_1_49' title='bbox 903 815 1068 889; x_wconf 85' lang='lat' dir='ltr'><strong>Hujus</strong></span> <span class='ocrx_word' id='word_1_50' title='bbox 1097 815 1397 876; x_wconf 78' lang='lat' dir='ltr'><strong>ornamenti</strong></span> <span class='ocrx_word' id='word_1_51' title='bbox 1441 819 1802 874; x_wconf 88' lang='lat' dir='ltr'><strong>meminerunt</strong></span> <span class='ocrx_word' id='word_1_52' title='bbox 1839 826 2087 889; x_wconf 88' lang='lat' dir='ltr'><strong>auctores</strong></span> <span class='ocrx_word' id='word_1_53' title='bbox 2115 815 2305 889; x_wconf 88' lang='lat' dir='ltr'><strong>multi.</strong></span> 
     </span>
    </p>
   </div>
   <div class='ocr_carea' id='block_1_9' title="bbox 718 887 2306 962">
    <p class='ocr_par' dir='ltr' id='par_1_9' title="bbox 718 887 2306 962">
     <span class='ocr_line' id='line_1_9' title="bbox 718 887 2306 962; baseline -0.003 -17"><span class='ocrx_word' id='word_1_54' title='bbox 718 887 1075 948; x_wconf 83' lang='lat' dir='ltr'><strong>Tertullianus</strong></span> <span class='ocrx_word' id='word_1_55' title='bbox 1125 907 1253 946; x_wconf 80' lang='lat' dir='ltr'><strong>vero</strong></span> <span class='ocrx_word' id='word_1_56' title='bbox 1300 890 1690 962; x_wconf 80' lang='lat' dir='ltr'><strong>synecdocbice</strong></span> <span class='ocrx_word' id='word_1_57' title='bbox 1742 898 1908 962; x_wconf 78' lang='lat' dir='ltr'><strong>totum</strong></span> <span class='ocrx_word' id='word_1_58' title='bbox 1959 888 2060 944; x_wconf 86' lang='lat' dir='ltr'><strong>hoc</strong></span> <span class='ocrx_word' id='word_1_59' title='bbox 2112 887 2306 942; x_wconf 76' lang='lat' dir='ltr'><strong>instru-</strong></span> 
     </span>
    </p>
   </div>
   <div class='ocr_carea' id='block_1_10' title="bbox 720 960 2028 1030">
    <p class='ocr_par' dir='ltr' id='par_1_10' title="bbox 720 960 2028 1030">
     <span class='ocr_line' id='line_1_10' title="bbox 720 960 2028 1030; baseline -0.005 -11"><span class='ocrx_word' id='word_1_60' title='bbox 720 975 960 1019; x_wconf 86' lang='lat' dir='ltr'><strong>mentum</strong></span> <span class='ocrx_word' id='word_1_61' title='bbox 1004 963 1271 1030; x_wconf 77' lang='lat' dir='ltr'><strong>signiﬁcat</strong></span> <span class='ocrx_word' id='word_1_62' title='bbox 1311 960 1614 1017; x_wconf 85' lang='lat' dir='ltr'><strong>eicadarum</strong></span> <span class='ocrx_word' id='word_1_63' title='bbox 1653 960 2028 1030; x_wconf 77' lang='lat' dir='ltr'><strong>appellatione.</strong></span> 
     </span>
    </p>
   </div>
   <div class='ocr_carea' id='block_1_11' title="bbox 789 1029 2310 1102">
    <p class='ocr_par' dir='ltr' id='par_1_11' title="bbox 789 1029 2310 1102">
     <span class='ocr_line' id='line_1_11' title="bbox 789 1029 2310 1102; baseline -0.005 -12"><span class='ocrx_word' id='word_1_64' title='bbox 789 1033 1010 1091; x_wconf 75' lang='lat' dir='ltr'><strong>Cicun.</strong></span> <span class='ocrx_word' id='word_1_65' title='bbox 1041 1029 1104 1102; x_wconf 86' lang='lat' dir='ltr'><strong>ll,</strong></span> <span class='ocrx_word' id='word_1_66' title='bbox 1137 1034 1241 1089; x_wconf 69' lang='lat'><strong>617</strong></span> <span class='ocrx_word' id='word_1_67' title='bbox 1284 1035 1348 1099; x_wconf 80' lang='grc' dir='ltr'><strong>Δ,</strong></span> <span class='ocrx_word' id='word_1_68' title='bbox 1380 1032 1503 1086; x_wconf 84' lang='lat' dir='ltr'><strong>Jam</strong></span> <span class='ocrx_word' id='word_1_69' title='bbox 1533 1029 2083 1102; x_wconf 27' lang='lat' dir='ltr'><strong>cicutis’damnationis</strong></span> <span class='ocrx_word' id='word_1_70' title='bbox 2113 1029 2310 1102; x_wconf 48' lang='lat' dir='ltr'><strong>exliau-f</strong></span> 
     </span>
    </p>
   </div>
   <div class='ocr_carea' id='block_1_12' title="bbox 717 1100 2310 1175">
    <p class='ocr_par' dir='ltr' id='par_1_12' title="bbox 717 1100 2310 1175">
     <span class='ocr_line' id='line_1_12' title="bbox 717 1100 2310 1175; baseline -0.003 -15"><span class='ocrx_word' id='word_1_71' title='bbox 717 1107 832 1174; x_wconf 87' lang='lat' dir='ltr'><strong>stis,</strong></span> <span class='ocrx_word' id='word_1_72' title='bbox 865 1107 967 1161; x_wconf 90' lang='lat' dir='ltr'><strong>i.e.</strong></span> <span class='ocrx_word' id='word_1_73' title='bbox 989 1100 1099 1175; x_wconf 88' lang='lat' dir='ltr'><strong>jam</strong></span> <span class='ocrx_word' id='word_1_74' title='bbox 1123 1105 1301 1159; x_wconf 88' lang='lat' dir='ltr'><strong>audita</strong></span> <span class='ocrx_word' id='word_1_75' title='bbox 1328 1103 1688 1159; x_wconf 84' lang='lat' dir='ltr'><strong>damnationis</strong></span> <span class='ocrx_word' id='word_1_76' title='bbox 1715 1117 1826 1157; x_wconf 79' lang='lat' dir='ltr'><strong>sua:</strong></span> <span class='ocrx_word' id='word_1_77' title='bbox 1835 1101 2138 1175; x_wconf 61' lang='lat' dir='ltr'><strong>sententia,</strong></span> <span class='ocrx_word' id='word_1_78' title='bbox 2153 1100 2310 1175; x_wconf 84' lang='lat' dir='ltr'><strong>quasi</strong></span> 
     </span>
    </p>
   </div>
   <div class='ocr_carea' id='block_1_13' title="bbox 717 1172 2310 1247">
    <p class='ocr_par' dir='ltr' id='par_1_13' title="bbox 717 1172 2310 1247">
     <span class='ocr_line' id='line_1_13' title="bbox 717 1172 2310 1247; baseline -0.003 -16"><span class='ocrx_word' id='word_1_79' title='bbox 717 1177 788 1231; x_wconf 75' lang='lat' dir='ltr'><strong>ab</strong></span> <span class='ocrx_word' id='word_1_80' title='bbox 820 1172 900 1233; x_wconf 37' lang='lat' dir='ltr'><strong>&#39;eo</strong></span> <span class='ocrx_word' id='word_1_81' title='bbox 941 1172 1197 1247; x_wconf 80' lang='lat' dir='ltr'><strong>temporis</strong></span> <span class='ocrx_word' id='word_1_82' title='bbox 1237 1184 1508 1247; x_wconf 91' lang='lat' dir='ltr'><strong>momento</strong></span> <span class='ocrx_word' id='word_1_83' title='bbox 1552 1184 1791 1247; x_wconf 9' lang='lat' dir='ltr'><strong>mortem,</strong></span> <span class='ocrx_word' id='word_1_84' title='bbox 1828 1172 2076 1247; x_wconf 85' lang='lat' dir='ltr'><strong>Socrates</strong></span> <span class='ocrx_word' id='word_1_85' title='bbox 2124 1172 2310 1227; x_wconf 84' lang='lat' dir='ltr'><strong>bibere</strong></span> 
     </span>
    </p>
   </div>
   <div class='ocr_carea' id='block_1_14' title="bbox 718 1245 2310 1318">
    <p class='ocr_par' dir='ltr' id='par_1_14' title="bbox 718 1245 2310 1318">
     <span class='ocr_line' id='line_1_14' title="bbox 718 1245 2310 1318; baseline -0.004 -16"><span class='ocrx_word' id='word_1_86' title='bbox 718 1245 1164 1318; x_wconf 10' lang='lat' dir='ltr'><strong>coepisset,icmn</strong></span> <span class='ocrx_word' id='word_1_87' title='bbox 1207 1246 1275 1300; x_wconf 90' lang='lat' dir='ltr'><strong>ab</strong></span> <span class='ocrx_word' id='word_1_88' title='bbox 1318 1262 1384 1302; x_wconf 92' lang='lat' dir='ltr'><strong>eo</strong></span> <span class='ocrx_word' id='word_1_89' title='bbox 1426 1261 1639 1316; x_wconf 90' lang='lat' dir='ltr'><strong>quoque</strong></span> <span class='ocrx_word' id='word_1_90' title='bbox 1683 1245 1892 1315; x_wconf 78' lang='lat' dir='ltr'><strong>iudices</strong></span> <span class='ocrx_word' id='word_1_91' title='bbox 1918 1245 2096 1318; x_wconf 89' lang='lat' dir='ltr'><strong>_vitam</strong></span> <span class='ocrx_word' id='word_1_92' title='bbox 2129 1251 2310 1318; x_wconf 85' lang='lat' dir='ltr'><strong>custo-</strong></span> 
     </span>
    </p>
   </div>
   <div class='ocr_carea' id='block_1_15' title="bbox 717 1315 2310 1444">
    <p class='ocr_par' dir='ltr' id='par_1_15' title="bbox 717 1315 2310 1444">
     <span class='ocr_line' id='line_1_15' title="bbox 717 1315 2310 1444; baseline -0.003 -71"><span class='ocrx_word' id='word_1_93' title='bbox 717 1315 822 1444; x_wconf 62' lang='lat' dir='ltr'><strong>qui</strong></span> <span class='ocrx_word' id='word_1_94' title='bbox 859 1317 1124 1375; x_wconf 86' lang='lat' dir='ltr'><strong>ademisse</strong></span> <span class='ocrx_word' id='word_1_95' title='bbox 1174 1315 1510 1386; x_wconf 88' lang='lat' dir='ltr'><strong>censeantur,</strong></span> <span class='ocrx_word' id='word_1_96' title='bbox 1541 1315 1605 1372; x_wconf 81' lang='lat' dir='ltr'><strong>es</strong></span> <span class='ocrx_word' id='word_1_97' title='bbox 1636 1332 1743 1388; x_wconf 89' lang='lat' dir='ltr'><strong>quo</strong></span> <span class='ocrx_word' id='word_1_98' title='bbox 1773 1315 1961 1371; x_wconf 93' lang='lat' dir='ltr'><strong>mortis</strong></span> <span class='ocrx_word' id='word_1_99' title='bbox 1990 1315 2310 1370; x_wconf 83' lang='lat' dir='ltr'><strong>sententiam</strong></span> 
     </span>
     <span class='ocr_line' id='line_1_16' title="bbox 722 1405 926 1444; baseline 0 0"><span class='ocrx_word' id='word_1_100' title='bbox 722 1408 737 1444; x_wconf 76' lang='grc' dir='ltr'>ι</span> <span class='ocrx_word' id='word_1_101' title='bbox 763 1405 926 1444; x_wconf 75' lang='lat' dir='ltr'><strong>uere.</strong></span> 
     </span>
    </p>
   </div>
   <div class='ocr_carea' id='block_1_16' title="bbox 722 1405 926 1445">
    <p class='ocr_par' dir='ltr' id='par_1_16' title="bbox 722 1405 926 1445">
     <span class='ocr_line' id='line_1_17' title="bbox 722 1405 926 1445; baseline 0.005 -1"><span class='ocrx_word' id='word_1_102' title='bbox 722 1405 926 1445; x_wconf 79' lang='lat' dir='ltr'><strong>uixere.</strong></span> 
     </span>
    </p>
   </div>
   <div class='ocr_carea' id='block_1_17' title="bbox 788 1456 2314 1530">
    <p class='ocr_par' dir='ltr' id='par_1_17' title="bbox 788 1456 2314 1530">
     <span class='ocr_line' id='line_1_18' title="bbox 788 1456 2314 1530; baseline -0.003 -14"><span class='ocrx_word' id='word_1_103' title='bbox 788 1461 1055 1518; x_wconf 58' lang='lat' dir='ltr'><strong>Claranus.</strong></span> <span class='ocrx_word' id='word_1_104' title='bbox 1096 1460 1150 1527; x_wconf 86' lang='lat' dir='ltr'><strong>l,</strong></span> <span class='ocrx_word' id='word_1_105' title='bbox 1199 1460 1303 1516; x_wconf 75' lang='grc'><strong>518</strong></span> <span class='ocrx_word' id='word_1_106' title='bbox 1332 1461 1392 1526; x_wconf 86' lang='grc' dir='ltr'><strong>Β,</strong></span> <span class='ocrx_word' id='word_1_107' title='bbox 1440 1478 1492 1514; x_wconf 90' lang='lat' dir='ltr'><strong>n.</strong></span> <span class='ocrx_word' id='word_1_108' title='bbox 1524 1460 1624 1530; x_wconf 87' lang='lat'><strong>(6),</strong></span> <span class='ocrx_word' id='word_1_109' title='bbox 1656 1459 1842 1514; x_wconf 84' lang='lat' dir='ltr'><strong>Nescio</strong></span> <span class='ocrx_word' id='word_1_110' title='bbox 1874 1474 2020 1528; x_wconf 90' lang='lat' dir='ltr'><strong>quem</strong></span> <span class='ocrx_word' id='word_1_111' title='bbox 2059 1456 2314 1530; x_wconf 66' lang='lat' dir='ltr'><strong>cinwduiit</strong></span> 
     </span>
    </p>
   </div>
   <div class='ocr_carea' id='block_1_18' title="bbox 719 1529 2314 1604">
    <p class='ocr_par' dir='ltr' id='par_1_18' title="bbox 719 1529 2314 1604">
     <span class='ocr_line' id='line_1_19' title="bbox 719 1529 2314 1604; baseline -0.001 -18"><span class='ocrx_word' id='word_1_112' title='bbox 719 1533 869 1587; x_wconf 87' lang='lat' dir='ltr'><strong>deum</strong></span> <span class='ocrx_word' id='word_1_113' title='bbox 901 1534 1088 1604; x_wconf 78' lang='lat' dir='ltr'><strong>facitis.</strong></span> <span class='ocrx_word' id='word_1_114' title='bbox 1119 1532 1376 1588; x_wconf 78' lang='lat' dir='ltr'><strong>Antinous</strong></span> <span class='ocrx_word' id='word_1_115' title='bbox 1401 1531 1713 1602; x_wconf 84' lang='lat' dir='ltr'><strong>intelligitur</strong></span> <span class='ocrx_word' id='word_1_116' title='bbox 1737 1572 1753 1596; x_wconf 92' lang='lat'><strong>,</strong></span> <span class='ocrx_word' id='word_1_117' title='bbox 1798 1545 1956 1601; x_wconf 84' lang='lat' dir='ltr'><strong>quem</strong></span> <span class='ocrx_word' id='word_1_118' title='bbox 2007 1530 2060 1587; x_wconf 92' lang='lat' dir='ltr'><strong>in</strong></span> <span class='ocrx_word' id='word_1_119' title='bbox 2108 1529 2314 1586; x_wconf 83' lang='lat' dir='ltr'><strong>deliciis</strong></span> 
     </span>
    </p>
   </div>
   <div class='ocr_carea' id='block_1_19' title="bbox 721 1602 1574 1674">
    <p class='ocr_par' dir='ltr' id='par_1_19' title="bbox 721 1602 1574 1674">
     <span class='ocr_line' id='line_1_20' title="bbox 721 1602 1574 1674; baseline -0.002 -15"><span class='ocrx_word' id='word_1_120' title='bbox 721 1602 910 1660; x_wconf 80' lang='lat' dir='ltr'><strong>habuit</strong></span> <span class='ocrx_word' id='word_1_121' title='bbox 936 1602 1234 1658; x_wconf 79' lang='lat' dir='ltr'><strong>Hadrianus</strong></span> <span class='ocrx_word' id='word_1_122' title='bbox 1265 1605 1574 1674; x_wconf 84' lang='lat' dir='ltr'><strong>imperator.</strong></span> 
     </span>
    </p>
   </div>
   <div class='ocr_carea' id='block_1_20' title="bbox 791 1672 2311 1742">
    <p class='ocr_par' dir='ltr' id='par_1_20' title="bbox 791 1672 2311 1742">
     <span class='ocr_line' id='line_1_21' title="bbox 791 1672 2311 1742; baseline -0.001 -13"><span class='ocrx_word' id='word_1_123' title='bbox 791 1677 1050 1736; x_wconf 74' lang='lat' dir='ltr'><strong>CINCTUS,</strong></span> <span class='ocrx_word' id='word_1_124' title='bbox 1084 1690 1236 1728; x_wconf 86' lang='lat' dir='ltr'><strong>zona.</strong></span> <span class='ocrx_word' id='word_1_125' title='bbox 1268 1672 1353 1740; x_wconf 76' lang='lat' dir='ltr'><strong>ll,</strong></span> <span class='ocrx_word' id='word_1_126' title='bbox 1375 1675 1506 1731; x_wconf 73' lang='grc'><strong>1051</strong></span> <span class='ocrx_word' id='word_1_127' title='bbox 1538 1674 1579 1728; x_wconf 86' lang='grc' dir='ltr'><strong><em>Β</em></strong></span> <span class='ocrx_word' id='word_1_128' title='bbox 1599 1714 1614 1740; x_wconf 83' lang='grc'><em>,</em></span> <span class='ocrx_word' id='word_1_129' title='bbox 1645 1672 1824 1728; x_wconf 88' lang='lat' dir='ltr'><strong>Cinctu</strong></span> <span class='ocrx_word' id='word_1_130' title='bbox 1850 1673 2157 1742; x_wconf 89' lang='lat' dir='ltr'><strong>arbitrante,</strong></span> <span class='ocrx_word' id='word_1_131' title='bbox 2189 1673 2223 1728; x_wconf 90' lang='lat' dir='ltr'><strong>i.</strong></span> <span class='ocrx_word' id='word_1_132' title='bbox 2258 1686 2311 1728; x_wconf 89' lang='lat' dir='ltr'><strong>e.</strong></span> 
     </span>
    </p>
   </div>
   <div class='ocr_carea' id='block_1_21' title="bbox 721 1746 1956 1816">
    <p class='ocr_par' dir='ltr' id='par_1_21' title="bbox 721 1746 1956 1816">
     <span class='ocr_line' id='line_1_22' title="bbox 721 1746 1956 1816; baseline -0.002 -16"><span class='ocrx_word' id='word_1_133' title='bbox 721 1748 901 1800; x_wconf 89' lang='lat' dir='ltr'><strong>tunica</strong></span> <span class='ocrx_word' id='word_1_134' title='bbox 932 1746 1144 1816; x_wconf 87' lang='lat' dir='ltr'><strong>cingulo</strong></span> <span class='ocrx_word' id='word_1_135' title='bbox 1173 1760 1430 1815; x_wconf 89' lang='lat' dir='ltr'><strong>suspensa</strong></span> <span class='ocrx_word' id='word_1_136' title='bbox 1471 1747 1725 1801; x_wconf 91' lang='lat' dir='ltr'><strong>arbitratu</strong></span> <span class='ocrx_word' id='word_1_137' title='bbox 1757 1753 1956 1799; x_wconf 88' lang='lat' dir='ltr'><strong>vestro.</strong></span> 
     </span>
    </p>
   </div>
   <div class='ocr_carea' id='block_1_22' title="bbox 793 1815 2308 1886">
    <p class='ocr_par' dir='ltr' id='par_1_22' title="bbox 793 1815 2308 1886">
     <span class='ocr_line' id='line_1_23' title="bbox 793 1815 2308 1886; baseline -0.001 -15"><span class='ocrx_word' id='word_1_138' title='bbox 793 1815 1134 1881; x_wconf 31' lang='lat' dir='ltr'><strong>Ctxensn’tcs,</strong></span> <span class='ocrx_word' id='word_1_139' title='bbox 1162 1826 1394 1872; x_wconf 85' lang='lat' dir='ltr'><strong>structor</strong></span> <span class='ocrx_word' id='word_1_140' title='bbox 1421 1831 1590 1873; x_wconf 72' lang='lat' dir='ltr'><strong>comic</strong></span> <span class='ocrx_word' id='word_1_141' title='bbox 1612 1826 1665 1872; x_wconf 93' lang='lat' dir='ltr'><strong>et</strong></span> <span class='ocrx_word' id='word_1_142' title='bbox 1693 1816 2078 1886; x_wconf 86' lang='lat' dir='ltr'><strong>capillamenti.</strong></span> <span class='ocrx_word' id='word_1_143' title='bbox 2107 1816 2149 1880; x_wconf 92' lang='lat' dir='ltr'><strong>l,</strong></span> <span class='ocrx_word' id='word_1_144' title='bbox 2174 1815 2308 1872; x_wconf 81' lang='grc'><strong>1501</strong></span> 
     </span>
    </p>
   </div>
   <div class='ocr_carea' id='block_1_23' title="bbox 719 1887 2311 1960">
    <p class='ocr_par' dir='ltr' id='par_1_23' title="bbox 719 1887 2311 1960">
     <span class='ocr_line' id='line_1_24' title="bbox 719 1887 2311 1960; baseline -0.003 -16"><span class='ocrx_word' id='word_1_145' title='bbox 719 1887 794 1953; x_wconf 85' lang='grc' dir='ltr'><strong>Β,</strong></span> <span class='ocrx_word' id='word_1_146' title='bbox 839 1888 904 1943; x_wconf 76' lang='lat' dir='ltr'><strong>Et</strong></span> <span class='ocrx_word' id='word_1_147' title='bbox 952 1889 1214 1960; x_wconf 85' lang='lat' dir='ltr'><strong>cinerariis</strong></span> <span class='ocrx_word' id='word_1_148' title='bbox 1253 1891 1530 1960; x_wconf 79' lang='lat' dir='ltr'><strong>peregrina:</strong></span> <span class='ocrx_word' id='word_1_149' title='bbox 1559 1888 1892 1956; x_wconf 73' lang='lat' dir='ltr'><strong>proceritatis.</strong></span> <span class='ocrx_word' id='word_1_150' title='bbox 1927 1887 2184 1944; x_wconf 82' lang='lat' dir='ltr'><strong>Videntur</strong></span> <span class='ocrx_word' id='word_1_151' title='bbox 2230 1897 2311 1940; x_wconf 85' lang='lat' dir='ltr'><strong>ta—</strong></span> 
     </span>
    </p>
   </div>
   <div class='ocr_carea' id='block_1_24' title="bbox 717 1958 2309 2031">
    <p class='ocr_par' dir='ltr' id='par_1_24' title="bbox 717 1958 2309 2031">
     <span class='ocr_line' id='line_1_25' title="bbox 717 1958 2309 2031; baseline -0.002 -16"><span class='ocrx_word' id='word_1_152' title='bbox 717 1975 844 2015; x_wconf 87' lang='lat' dir='ltr'><strong>men</strong></span> <span class='ocrx_word' id='word_1_153' title='bbox 869 1959 1046 2031; x_wconf 81' lang='lat' dir='ltr'><strong>potius</strong></span> <span class='ocrx_word' id='word_1_154' title='bbox 1071 1958 1173 2015; x_wconf 83' lang='lat' dir='ltr'><strong>hoc</strong></span> <span class='ocrx_word' id='word_1_155' title='bbox 1203 1958 1260 2015; x_wconf 90' lang='lat' dir='ltr'><strong>in</strong></span> <span class='ocrx_word' id='word_1_156' title='bbox 1281 1958 1399 2014; x_wconf 83' lang='lat' dir='ltr'><strong>loco</strong></span> <span class='ocrx_word' id='word_1_157' title='bbox 1431 1975 1551 2015; x_wconf 91' lang='lat' dir='ltr'><strong>esse</strong></span> <span class='ocrx_word' id='word_1_158' title='bbox 1579 1960 1827 2014; x_wconf 88' lang='lat' dir='ltr'><strong>cinerarii</strong></span> <span class='ocrx_word' id='word_1_159' title='bbox 1853 2000 1885 2031; x_wconf 12' lang='grc' dir='ltr'><strong>,ί</strong></span> <span class='ocrx_word' id='word_1_160' title='bbox 1915 1960 2003 2028; x_wconf 88' lang='lat' dir='ltr'><strong>qtti</strong></span> <span class='ocrx_word' id='word_1_161' title='bbox 2038 1960 2309 2031; x_wconf 86' lang='lat' dir='ltr'><strong>dominam</strong></span> 
     </span>
    </p>
   </div>
   <div class='ocr_carea' id='block_1_25' title="bbox 718 2029 2310 2101">
    <p class='ocr_par' dir='ltr' id='par_1_25' title="bbox 718 2029 2310 2101">
     <span class='ocr_line' id='line_1_26' title="bbox 718 2029 2310 2101; baseline -0.003 -15"><span class='ocrx_word' id='word_1_162' title='bbox 718 2029 881 2086; x_wconf 85' lang='lat' dir='ltr'><strong>suam</strong></span> <span class='ocrx_word' id='word_1_163' title='bbox 899 2039 957 2086; x_wconf 91' lang='lat' dir='ltr'><strong>ut</strong></span> <span class='ocrx_word' id='word_1_164' title='bbox 983 2045 1230 2101; x_wconf 79' lang='lat' dir='ltr'><strong>pompam</strong></span> <span class='ocrx_word' id='word_1_165' title='bbox 1262 2039 1695 2101; x_wconf 80' lang='lat' dir='ltr'><strong>prosequuntur.</strong></span> <span class='ocrx_word' id='word_1_166' title='bbox 1743 2037 1798 2084; x_wconf 91' lang='lat' dir='ltr'><strong>et</strong></span> <span class='ocrx_word' id='word_1_167' title='bbox 1843 2030 2080 2086; x_wconf 88' lang='lat' dir='ltr'><strong>cinerem</strong></span> <span class='ocrx_word' id='word_1_168' title='bbox 2122 2029 2310 2097; x_wconf 79' lang='lat' dir='ltr'><strong>pulve-</strong></span> 
     </span>
    </p>
   </div>
   <div class='ocr_carea' id='block_1_26' title="bbox 719 2100 2311 2173">
    <p class='ocr_par' dir='ltr' id='par_1_26' title="bbox 719 2100 2311 2173">
     <span class='ocr_line' id='line_1_27' title="bbox 719 2100 2311 2173; baseline -0.003 -15"><span class='ocrx_word' id='word_1_169' title='bbox 719 2117 947 2173; x_wconf 85' lang='lat' dir='ltr'><strong>rcmque</strong></span> <span class='ocrx_word' id='word_1_170' title='bbox 987 2100 1062 2156; x_wconf 83' lang='lat' dir='ltr'><strong>ab</strong></span> <span class='ocrx_word' id='word_1_171' title='bbox 1109 2117 1171 2173; x_wconf 84' lang='lat' dir='ltr'><strong>ea</strong></span> <span class='ocrx_word' id='word_1_172' title='bbox 1221 2100 1568 2172; x_wconf 84' lang='lat' dir='ltr'><strong>abstergont,</strong></span> <span class='ocrx_word' id='word_1_173' title='bbox 1625 2110 1682 2154; x_wconf 90' lang='lat' dir='ltr'><strong>ut</strong></span> <span class='ocrx_word' id='word_1_174' title='bbox 1740 2101 1918 2156; x_wconf 91' lang='lat' dir='ltr'><strong>solent</strong></span> <span class='ocrx_word' id='word_1_175' title='bbox 1965 2102 2311 2173; x_wconf 80' lang='lat' dir='ltr'><strong>meretricum</strong></span> 
     </span>
    </p>
   </div>
   <div class='ocr_carea' id='block_1_27' title="bbox 719 2171 2315 2246">
    <p class='ocr_par' dir='ltr' id='par_1_27' title="bbox 719 2171 2315 2246">
     <span class='ocr_line' id='line_1_28' title="bbox 719 2171 2315 2246; baseline -0.002 -18"><span class='ocrx_word' id='word_1_176' title='bbox 719 2171 1056 2228; x_wconf 77' lang='lat' dir='ltr'><strong>ancillarioli.</strong></span> <span class='ocrx_word' id='word_1_177' title='bbox 1090 2172 1329 2246; x_wconf 81' lang='lat' dir='ltr'><strong>Glossar.</strong></span> <span class='ocrx_word' id='word_1_178' title='bbox 1361 2171 1684 2238; x_wconf 23' lang='lat' dir='ltr'><strong>Ci’nerarius,</strong></span> <span class='ocrx_word' id='word_1_179' title='bbox 1717 2177 1878 2246; x_wconf 57' lang='lat' dir='ltr'><strong>ligata;</strong></span> <span class='ocrx_word' id='word_1_180' title='bbox 1917 2181 2129 2246; x_wconf 47' lang='lat' dir='ltr'><strong>irati“.</strong></span> <span class='ocrx_word' id='word_1_181' title='bbox 2157 2171 2315 2246; x_wconf 82' lang='lat' dir='ltr'><strong>Con-</strong></span> 
     </span>
    </p>
   </div>
   <div class='ocr_carea' id='block_1_28' title="bbox 722 2243 2314 2315">
    <p class='ocr_par' dir='ltr' id='par_1_28' title="bbox 722 2243 2314 2315">
     <span class='ocr_line' id='line_1_29' title="bbox 722 2243 2314 2315; baseline -0.001 -17"><span class='ocrx_word' id='word_1_182' title='bbox 722 2246 902 2300; x_wconf 87' lang='lat' dir='ltr'><strong>tirmat</strong></span> <span class='ocrx_word' id='word_1_183' title='bbox 949 2246 1089 2300; x_wconf 86' lang='lat' dir='ltr'><strong>lianc</strong></span> <span class='ocrx_word' id='word_1_184' title='bbox 1137 2245 1630 2315; x_wconf 81' lang='lat' dir='ltr'><strong>interpretationem</strong></span> <span class='ocrx_word' id='word_1_185' title='bbox 1676 2243 1985 2314; x_wconf 89' lang='lat' dir='ltr'><strong>adjunctum</strong></span> <span class='ocrx_word' id='word_1_186' title='bbox 2026 2243 2314 2315; x_wconf 80' lang='lat' dir='ltr'><strong>epitheton</strong></span> 
     </span>
    </p>
   </div>
   <div class='ocr_carea' id='block_1_29' title="bbox 720 2316 1356 2388">
    <p class='ocr_par' dir='ltr' id='par_1_29' title="bbox 720 2316 1356 2388">
     <span class='ocr_line' id='line_1_30' title="bbox 720 2316 1356 2388; baseline 0 -17"><span class='ocrx_word' id='word_1_187' title='bbox 720 2316 1002 2388; x_wconf 72' lang='lat' dir='ltr'><strong>peregrina:</strong></span> <span class='ocrx_word' id='word_1_188' title='bbox 1022 2318 1356 2388; x_wconf 76' lang='lat' dir='ltr'><strong>proceritatis.</strong></span> 
     </span>
    </p>
   </div>
   <div class='ocr_carea' id='block_1_30' title="bbox 792 2386 2316 2456">
    <p class='ocr_par' dir='ltr' id='par_1_30' title="bbox 792 2386 2316 2456">
     <span class='ocr_line' id='line_1_31' title="bbox 792 2386 2316 2456; baseline -0.001 -14"><span class='ocrx_word' id='word_1_189' title='bbox 792 2386 1236 2444; x_wconf 54' lang='lat' dir='ltr'><strong>Ctncum‘romus.</strong></span> <span class='ocrx_word' id='word_1_190' title='bbox 1265 2388 1307 2444; x_wconf 89' lang='lat' dir='ltr'><strong>ll</strong></span> <span class='ocrx_word' id='word_1_191' title='bbox 1330 2430 1345 2453; x_wconf 90' lang='lat'><strong>,</strong></span> <span class='ocrx_word' id='word_1_192' title='bbox 1390 2387 1494 2444; x_wconf 86' lang='lat'><strong>762</strong></span> <span class='ocrx_word' id='word_1_193' title='bbox 1522 2388 1564 2442; x_wconf 82' lang='grc' dir='ltr'><strong>Β</strong></span> <span class='ocrx_word' id='word_1_194' title='bbox 1582 2429 1596 2452; x_wconf 86' lang='grc'><em>,</em></span> <span class='ocrx_word' id='word_1_195' title='bbox 1628 2387 1737 2443; x_wconf 87' lang='lat' dir='ltr'><strong>Sed</strong></span> <span class='ocrx_word' id='word_1_196' title='bbox 1757 2388 1820 2442; x_wconf 88' lang='lat' dir='ltr'><strong>de</strong></span> <span class='ocrx_word' id='word_1_197' title='bbox 1844 2389 2016 2456; x_wconf 87' lang='lat' dir='ltr'><strong>aliquo</strong></span> <span class='ocrx_word' id='word_1_198' title='bbox 2043 2386 2316 2441; x_wconf 86' lang='lat' dir='ltr'><strong>circulato-</strong></span> 
     </span>
    </p>
   </div>
   <div class='ocr_carea' id='block_1_31' title="bbox 721 2459 2318 2530">
    <p class='ocr_par' dir='ltr' id='par_1_31' title="bbox 721 2459 2318 2530">
     <span class='ocr_line' id='line_1_32' title="bbox 721 2459 2318 2530; baseline -0.003 -18"><span class='ocrx_word' id='word_1_199' title='bbox 721 2459 802 2530; x_wconf 81' lang='lat' dir='ltr'><strong>rio</strong></span> <span class='ocrx_word' id='word_1_200' title='bbox 825 2471 954 2514; x_wconf 80' lang='lat' dir='ltr'><strong>ctetu</strong></span> <span class='ocrx_word' id='word_1_201' title='bbox 978 2500 992 2523; x_wconf 93' lang='lat'><strong>,</strong></span> <span class='ocrx_word' id='word_1_202' title='bbox 1019 2461 1054 2514; x_wconf 91' lang='lat' dir='ltr'><strong>i.</strong></span> <span class='ocrx_word' id='word_1_203' title='bbox 1083 2474 1134 2514; x_wconf 90' lang='lat' dir='ltr'><strong>c.</strong></span> <span class='ocrx_word' id='word_1_204' title='bbox 1163 2469 1428 2515; x_wconf 87' lang='lat' dir='ltr'><strong>conventu</strong></span> <span class='ocrx_word' id='word_1_205' title='bbox 1458 2471 1788 2530; x_wconf 85' lang='lat' dir='ltr'><strong>agyrtarmn,</strong></span> <span class='ocrx_word' id='word_1_206' title='bbox 1823 2459 2104 2528; x_wconf 73' lang='lat' dir='ltr'><strong>przcstigiis</strong></span> <span class='ocrx_word' id='word_1_207' title='bbox 2143 2461 2318 2512; x_wconf 85' lang='lat' dir='ltr'><strong>circu-</strong></span> 
     </span>
    </p>
   </div>
   <div class='ocr_carea' id='block_1_32' title="bbox 722 2529 2315 2602">
    <p class='ocr_par' dir='ltr' id='par_1_32' title="bbox 722 2529 2315 2602">
     <span class='ocr_line' id='line_1_33' title="bbox 722 2529 2315 2602; baseline 0 -20"><span class='ocrx_word' id='word_1_208' title='bbox 722 2529 929 2602; x_wconf 77' lang='lat' dir='ltr'><strong>latoriis</strong></span> <span class='ocrx_word' id='word_1_209' title='bbox 954 2535 1221 2602; x_wconf 81' lang='lat' dir='ltr'><strong>agentium</strong></span> <span class='ocrx_word' id='word_1_210' title='bbox 1253 2573 1268 2598; x_wconf 93' lang='lat'><strong>,</strong></span> <span class='ocrx_word' id='word_1_211' title='bbox 1311 2541 1368 2585; x_wconf 90' lang='lat' dir='ltr'><strong>ut</strong></span> <span class='ocrx_word' id='word_1_212' title='bbox 1411 2529 1644 2600; x_wconf 85' lang='lat' dir='ltr'><strong>loquitor</strong></span> <span class='ocrx_word' id='word_1_213' title='bbox 1673 2541 1860 2584; x_wconf 85' lang='lat' dir='ltr'><strong>auctor</strong></span> <span class='ocrx_word' id='word_1_214' title='bbox 1907 2533 2128 2599; x_wconf 80' lang='lat' dir='ltr'><strong>Apolog.</strong></span> <span class='ocrx_word' id='word_1_215' title='bbox 2157 2570 2171 2591; x_wconf 92' lang='lat'><strong>,</strong></span> <span class='ocrx_word' id='word_1_216' title='bbox 2195 2542 2315 2602; x_wconf 88' lang='lat' dir='ltr'><strong>cap.</strong></span> 
     </span>
    </p>
   </div>
   <div class='ocr_carea' id='block_1_33' title="bbox 721 2600 2316 2684">
    <p class='ocr_par' dir='ltr' id='par_1_33' title="bbox 721 2600 2316 2684">
     <span class='ocr_line' id='line_1_34' title="bbox 721 2600 2316 2684; baseline -0.003 -28"><span class='ocrx_word' id='word_1_217' title='bbox 721 2600 1278 2684; x_wconf 36' lang='lat' dir='ltr'><strong>gﬁiyam&#39;cir‘culaior</strong></span> <span class='ocrx_word' id='word_1_218' title='bbox 1299 2645 1312 2668; x_wconf 86' lang='lat'><strong>,</strong></span> <span class='ocrx_word' id='word_1_219' title='bbox 1347 2607 1552 2684; x_wconf 46' lang='grc' dir='ltr'><strong>ξὶὺρῖῖὶς</strong></span> <span class='ocrx_word' id='word_1_220' title='bbox 1591 2609 1915 2684; x_wconf 33' lang='grc' dir='ltr'><strong>τιιρῳοξάρεος</strong></span> <span class='ocrx_word' id='word_1_221' title='bbox 1946 2603 1996 2684; x_wconf 44' lang='lat' dir='ltr'><strong>illi</strong></span> <span class='ocrx_word' id='word_1_222' title='bbox 2021 2601 2316 2683; x_wconf 72' lang='lat' dir='ltr'><strong>Glossario.</strong></span> 
     </span>
    </p>
   </div>
   <div class='ocr_carea' id='block_1_34' title="bbox 723 2672 2319 2744">
    <p class='ocr_par' dir='ltr' id='par_1_34' title="bbox 723 2672 2319 2744">
     <span class='ocr_line' id='line_1_35' title="bbox 723 2672 2319 2744; baseline 0 -18"><span class='ocrx_word' id='word_1_223' title='bbox 723 2672 768 2732; x_wconf 89' lang='lat' dir='ltr'><strong>l.</strong></span> <span class='ocrx_word' id='word_1_224' title='bbox 800 2673 907 2728; x_wconf 78' lang='lat'><strong>672</strong></span> <span class='ocrx_word' id='word_1_225' title='bbox 933 2673 1002 2739; x_wconf 84' lang='grc' dir='ltr'><strong>Β,</strong></span> <span class='ocrx_word' id='word_1_226' title='bbox 1039 2672 1297 2738; x_wconf 81' lang='lat' dir='ltr'><strong>Quoniam</strong></span> <span class='ocrx_word' id='word_1_227' title='bbox 1325 2672 1520 2744; x_wconf 89' lang='lat' dir='ltr'><strong>aliquid</strong></span> <span class='ocrx_word' id='word_1_228' title='bbox 1542 2672 1712 2728; x_wconf 80' lang='lat' dir='ltr'><strong>adhuc</strong></span> <span class='ocrx_word' id='word_1_229' title='bbox 1738 2675 1801 2727; x_wconf 89' lang='lat' dir='ltr'><strong>de</strong></span> <span class='ocrx_word' id='word_1_230' title='bbox 1826 2672 2154 2728; x_wconf 85' lang='lat' dir='ltr'><strong>circulatoria</strong></span> <span class='ocrx_word' id='word_1_231' title='bbox 2181 2684 2319 2728; x_wconf 87' lang='lat' dir='ltr'><strong>secta</strong></span> 
     </span>
    </p>
   </div>
   <div class='ocr_carea' id='block_1_35' title="bbox 727 2745 991 2816">
    <p class='ocr_par' dir='ltr' id='par_1_35' title="bbox 727 2745 991 2816">
     <span class='ocr_line' id='line_1_36' title="bbox 727 2745 991 2816; baseline -0.004 -18"><span class='ocrx_word' id='word_1_232' title='bbox 727 2745 991 2816; x_wconf 79' lang='lat' dir='ltr'><strong>cogitaret.</strong></span> 
     </span>
    </p>
   </div>
   <div class='ocr_carea' id='block_1_36' title="bbox 795 2815 2318 2887">
    <p class='ocr_par' dir='ltr' id='par_1_36' title="bbox 795 2815 2318 2887">
     <span class='ocr_line' id='line_1_37' title="bbox 795 2815 2318 2887; baseline -0.001 -15"><span class='ocrx_word' id='word_1_233' title='bbox 795 2815 1162 2872; x_wconf 71' lang='lat' dir='ltr'><strong>CIBCUIDABE.</strong></span> <span class='ocrx_word' id='word_1_234' title='bbox 1194 2817 1243 2885; x_wconf 91' lang='lat' dir='ltr'><strong>l,</strong></span> <span class='ocrx_word' id='word_1_235' title='bbox 1278 2817 1419 2874; x_wconf 76' lang='lat'><strong>1325</strong></span> <span class='ocrx_word' id='word_1_236' title='bbox 1444 2819 1507 2880; x_wconf 82' lang='grc' dir='ltr'><strong>Λ,</strong></span> <span class='ocrx_word' id='word_1_237' title='bbox 1542 2815 1870 2872; x_wconf 86' lang='lat' dir='ltr'><strong>Circumdare</strong></span> <span class='ocrx_word' id='word_1_238' title='bbox 1895 2816 2158 2887; x_wconf 81' lang='lat' dir='ltr'><strong>capillum.</strong></span> <span class='ocrx_word' id='word_1_239' title='bbox 2190 2815 2318 2871; x_wconf 86' lang='lat' dir='ltr'><strong>Nul-</strong></span> 
     </span>
    </p>
   </div>
   <div class='ocr_carea' id='block_1_37' title="bbox 727 2885 2315 2945">
    <p class='ocr_par' dir='ltr' id='par_1_37' title="bbox 727 2885 2315 2945">
     <span class='ocr_line' id='line_1_38' title="bbox 727 2885 2315 2945; baseline 0.002 -5"><span class='ocrx_word' id='word_1_240' title='bbox 727 2885 838 2941; x_wconf 94' lang='lat' dir='ltr'><strong>lum</strong></span> <span class='ocrx_word' id='word_1_241' title='bbox 874 2901 1090 2943; x_wconf 84' lang='lat' dir='ltr'><strong>sensum</strong></span> <span class='ocrx_word' id='word_1_242' title='bbox 1125 2889 1297 2944; x_wconf 80' lang='lat' dir='ltr'><strong>fundit</strong></span> <span class='ocrx_word' id='word_1_243' title='bbox 1339 2891 1441 2944; x_wconf 85' lang='lat' dir='ltr'><strong>hoc</strong></span> <span class='ocrx_word' id='word_1_244' title='bbox 1480 2890 1532 2944; x_wconf 92' lang='lat' dir='ltr'><strong>in</strong></span> <span class='ocrx_word' id='word_1_245' title='bbox 1562 2891 1679 2944; x_wconf 92' lang='lat' dir='ltr'><strong>loco</strong></span> <span class='ocrx_word' id='word_1_246' title='bbox 1725 2885 2315 2945; x_wconf 18' lang='lat' dir='ltr'><strong>vcrbumrcircumdare.</strong></span> 
     </span>
    </p>
   </div>
   <div class='ocr_carea' id='block_1_38' title="bbox 723 2957 1654 3031">
    <p class='ocr_par' dir='ltr' id='par_1_38' title="bbox 723 2957 1654 3031">
     <span class='ocr_line' id='line_1_39' title="bbox 723 2957 1654 3031; baseline -0.001 -17"><span class='ocrx_word' id='word_1_247' title='bbox 723 2957 935 3031; x_wconf 63' lang='lat' dir='ltr'><strong>Opiime</strong></span> <span class='ocrx_word' id='word_1_248' title='bbox 955 2959 1234 3030; x_wconf 80' lang='lat' dir='ltr'><strong>Rigaltius,</strong></span> <span class='ocrx_word' id='word_1_249' title='bbox 1260 2961 1654 3015; x_wconf 85' lang='lat' dir='ltr'><strong>circumradere.</strong></span> 
     </span>
    </p>
   </div>
   <div class='ocr_carea' id='block_1_39' title="bbox 795 3029 2322 3101">
    <p class='ocr_par' dir='ltr' id='par_1_39' title="bbox 795 3029 2322 3101">
     <span class='ocr_line' id='line_1_40' title="bbox 795 3029 2322 3101; baseline 0.001 -17"><span class='ocrx_word' id='word_1_250' title='bbox 795 3029 1232 3101; x_wconf 65' lang='lat' dir='ltr'><strong>CIBCUIIGELMtIs.</strong></span> <span class='ocrx_word' id='word_1_251' title='bbox 1280 3031 1356 3099; x_wconf 89' lang='lat' dir='ltr'><strong>ll,</strong></span> <span class='ocrx_word' id='word_1_252' title='bbox 1389 3031 1492 3087; x_wconf 88' lang='lat'><strong>687</strong></span> <span class='ocrx_word' id='word_1_253' title='bbox 1542 3035 1621 3098; x_wconf 84' lang='grc' dir='ltr'><strong>Λ,</strong></span> <span class='ocrx_word' id='word_1_254' title='bbox 1677 3033 1895 3100; x_wconf 82' lang='lat' dir='ltr'><strong>Accepto</strong></span> <span class='ocrx_word' id='word_1_255' title='bbox 1946 3031 2093 3086; x_wconf 88' lang='lat' dir='ltr'><strong>initio</strong></span> <span class='ocrx_word' id='word_1_256' title='bbox 2136 3032 2322 3085; x_wconf 80' lang='lat' dir='ltr'><strong>unione</strong></span> 
     </span>
    </p>
   </div>
   <div class='ocr_carea' id='block_1_40' title="bbox 719 3100 2067 3176">
    <p class='ocr_par' dir='ltr' id='par_1_40' title="bbox 719 3100 2067 3176">
     <span class='ocr_line' id='line_1_41' title="bbox 719 3100 2067 3176; baseline -0.001 -21"><span class='ocrx_word' id='word_1_257' title='bbox 719 3100 1000 3176; x_wconf 75' lang='lat' dir='ltr'><strong>immortali</strong></span> <span class='ocrx_word' id='word_1_258' title='bbox 1025 3103 1236 3157; x_wconf 80' lang='lat' dir='ltr'><strong>mortale</strong></span> <span class='ocrx_word' id='word_1_259' title='bbox 1278 3103 1325 3176; x_wconf 87' lang='lat' dir='ltr'><strong>e_i</strong></span> <span class='ocrx_word' id='word_1_260' title='bbox 1358 3104 1823 3176; x_wconf 64' lang='lat' dir='ltr'><strong>circumgelaperint</strong></span> <span class='ocrx_word' id='word_1_261' title='bbox 1861 3120 2067 3176; x_wconf 88' lang='lat' dir='ltr'><strong>corpus.</strong></span> 
     </span>
    </p>
   </div>
   <div class='ocr_carea' id='block_1_41' title="bbox 794 3171 2317 3242">
    <p class='ocr_par' dir='ltr' id='par_1_41' title="bbox 794 3171 2317 3242">
     <span class='ocr_line' id='line_1_42' title="bbox 794 3171 2317 3242; baseline 0.001 -15"><span class='ocrx_word' id='word_1_262' title='bbox 794 3171 1264 3229; x_wconf 71' lang='grc' dir='ltr'><strong>Οιιιςωιεωιιιιτιο.</strong></span> <span class='ocrx_word' id='word_1_263' title='bbox 1290 3173 1341 3240; x_wconf 95' lang='lat' dir='ltr'><strong>l,</strong></span> <span class='ocrx_word' id='word_1_264' title='bbox 1374 3173 1510 3230; x_wconf 75' lang='grc'><strong>1257</strong></span> <span class='ocrx_word' id='word_1_265' title='bbox 1533 3171 1593 3242; x_wconf 81' lang='grc' dir='ltr'><strong>Β,</strong></span> <span class='ocrx_word' id='word_1_266' title='bbox 1632 3173 1698 3229; x_wconf 85' lang='lat' dir='ltr'><strong>Et</strong></span> <span class='ocrx_word' id='word_1_267' title='bbox 1725 3176 1859 3230; x_wconf 86' lang='lat' dir='ltr'><strong>circa</strong></span> <span class='ocrx_word' id='word_1_268' title='bbox 1883 3175 2074 3229; x_wconf 86' lang='lat' dir='ltr'><strong>diaboli</strong></span> <span class='ocrx_word' id='word_1_269' title='bbox 2096 3174 2317 3228; x_wconf 88' lang='lat' dir='ltr'><strong>circum-</strong></span> 
     </span>
    </p>
   </div>
   <div class='ocr_carea' id='block_1_42' title="bbox 723 3244 1669 3316">
    <p class='ocr_par' dir='ltr' id='par_1_42' title="bbox 723 3244 1669 3316">
     <span class='ocr_line' id='line_1_43' title="bbox 723 3244 1669 3316; baseline -0.001 -15"><span class='ocrx_word' id='word_1_270' title='bbox 723 3244 1050 3316; x_wconf 76' lang='lat' dir='ltr'><strong>scriptionem</strong></span> <span class='ocrx_word' id='word_1_271' title='bbox 1074 3290 1089 3312; x_wconf 89' lang='lat'><strong>,</strong></span> <span class='ocrx_word' id='word_1_272' title='bbox 1127 3248 1163 3299; x_wconf 93' lang='lat' dir='ltr'><strong>i.</strong></span> <span class='ocrx_word' id='word_1_273' title='bbox 1201 3261 1251 3300; x_wconf 91' lang='lat' dir='ltr'><strong>e.</strong></span> <span class='ocrx_word' id='word_1_274' title='bbox 1281 3246 1669 3316; x_wconf 87' lang='lat' dir='ltr'><strong>deceptionem.</strong></span> 
     </span>
    </p>
   </div>
   <div class='ocr_carea' id='block_1_43' title="bbox 2343 1930 2390 1990">
    <p class='ocr_par' dir='ltr' id='par_1_43' title="bbox 2343 1930 2390 1990">
     <span class='ocr_line' id='line_1_44' title="bbox 2343 1930 2390 1990; baseline 0 0"><span class='ocrx_word' id='word_1_275' title='bbox 2343 1930 2390 1990; x_wconf 89' lang='lat' dir='ltr'><strong>B</strong></span> 
     </span>
    </p>
   </div>
   <div class='ocr_carea' id='block_1_44' title="bbox 2413 604 4008 673">
    <p class='ocr_par' dir='ltr' id='par_1_44' title="bbox 2413 604 4008 673">
     <span class='ocr_line' id='line_1_45' title="bbox 2413 604 4008 673; baseline 0.003 -17"><span class='ocrx_word' id='word_1_276' title='bbox 2413 613 2523 668; x_wconf 91' lang='lat' dir='ltr'><strong>tos,</strong></span> <span class='ocrx_word' id='word_1_277' title='bbox 2566 612 2620 657; x_wconf 88' lang='lat' dir='ltr'><strong>et</strong></span> <span class='ocrx_word' id='word_1_278' title='bbox 2663 604 2860 658; x_wconf 78' lang='lat' dir='ltr'><strong>exinde</strong></span> <span class='ocrx_word' id='word_1_279' title='bbox 2885 605 2935 658; x_wconf 90' lang='lat' dir='ltr'><strong>in</strong></span> <span class='ocrx_word' id='word_1_280' title='bbox 2983 606 3146 660; x_wconf 92' lang='lat' dir='ltr'><strong>latum</strong></span> <span class='ocrx_word' id='word_1_281' title='bbox 3177 605 3502 662; x_wconf 75' lang='lat' dir='ltr'><strong>difﬂuentes.</strong></span> <span class='ocrx_word' id='word_1_282' title='bbox 3533 605 3704 662; x_wconf 85' lang='lat' dir='ltr'><strong>Tacit.</strong></span> <span class='ocrx_word' id='word_1_283' title='bbox 3731 651 3744 673; x_wconf 92' lang='lat'><strong>,</strong></span> <span class='ocrx_word' id='word_1_284' title='bbox 3773 610 3836 661; x_wconf 89' lang='lat' dir='ltr'><strong>de</strong></span> <span class='ocrx_word' id='word_1_285' title='bbox 3867 607 4008 661; x_wconf 79' lang='lat' dir='ltr'><strong>Mor.</strong></span> 
     </span>
    </p>
   </div>
   <div class='ocr_carea' id='block_1_45' title="bbox 2412 673 4016 749">
    <p class='ocr_par' dir='ltr' id='par_1_45' title="bbox 2412 673 4016 749">
     <span class='ocr_line' id='line_1_46' title="bbox 2412 673 4016 749; baseline 0.002 -21"><span class='ocrx_word' id='word_1_286' title='bbox 2412 673 2697 749; x_wconf 69' lang='lat' dir='ltr'><strong>Genuum:</strong></span> <span class='ocrx_word' id='word_1_287' title='bbox 2745 675 2956 749; x_wconf 60' lang='lat' dir='ltr'><strong>liiiigne</strong></span> <span class='ocrx_word' id='word_1_288' title='bbox 3001 677 3164 745; x_wconf 87' lang='lat' dir='ltr'><strong>gentis</strong></span> <span class='ocrx_word' id='word_1_289' title='bbox 3212 678 3472 749; x_wconf 75' lang='lat' dir='ltr'><strong>obliquare</strong></span> <span class='ocrx_word' id='word_1_290' title='bbox 3519 679 3710 734; x_wconf 88' lang='lat' dir='ltr'><strong>crinem</strong></span> <span class='ocrx_word' id='word_1_291' title='bbox 3731 719 3746 744; x_wconf 95' lang='lat'><strong>,</strong></span> <span class='ocrx_word' id='word_1_292' title='bbox 3779 680 4016 749; x_wconf 84' lang='lat' dir='ltr'><strong>nodoque</strong></span> 
     </span>
    </p>
   </div>
   <div class='ocr_carea' id='block_1_46' title="bbox 2409 746 3578 819">
    <p class='ocr_par' dir='ltr' id='par_1_46' title="bbox 2409 746 3578 819">
     <span class='ocr_line' id='line_1_47' title="bbox 2409 746 3578 819; baseline 0.002 -19"><span class='ocrx_word' id='word_1_293' title='bbox 2409 746 2916 819; x_wconf 15' lang='lat' dir='ltr'><strong>sub_stringere.iVid.</strong></span> <span class='ocrx_word' id='word_1_294' title='bbox 2945 757 3000 802; x_wconf 91' lang='lat' dir='ltr'><strong>et</strong></span> <span class='ocrx_word' id='word_1_295' title='bbox 3038 749 3260 819; x_wconf 80' lang='lat' dir='ltr'><strong>Sueton.</strong></span> <span class='ocrx_word' id='word_1_296' title='bbox 3289 746 3462 819; x_wconf 86' lang='lat' dir='ltr'><strong>Calig.</strong></span> <span class='ocrx_word' id='word_1_297' title='bbox 3485 749 3578 803; x_wconf 73' lang='grc'><strong>47.</strong></span> 
     </span>
    </p>
   </div>
   <div class='ocr_carea' id='block_1_47' title="bbox 2411 817 4013 942">
    <p class='ocr_par' dir='ltr' id='par_1_47' title="bbox 2411 817 4013 942">
     <span class='ocr_line' id='line_1_48' title="bbox 2411 817 4013 942; baseline 0.001 -70"><span class='ocrx_word' id='word_1_298' title='bbox 2411 889 2446 942; x_wconf 73' lang='lat' dir='ltr'><strong><em>d</em></strong></span> <span class='ocrx_word' id='word_1_299' title='bbox 2480 817 2710 900; x_wconf 66' lang='lat' dir='ltr'><strong>ClVlLls,</strong></span> <span class='ocrx_word' id='word_1_300' title='bbox 2740 817 3000 875; x_wconf 91' lang='lat' dir='ltr'><strong>clemens.</strong></span> <span class='ocrx_word' id='word_1_301' title='bbox 3028 819 3049 874; x_wconf 84' lang='grc' dir='ltr'>Ι</span> <span class='ocrx_word' id='word_1_302' title='bbox 3074 863 3088 887; x_wconf 86' lang='grc'><strong>,</strong></span> <span class='ocrx_word' id='word_1_303' title='bbox 3118 817 3226 876; x_wconf 91' lang='lat'><strong>276</strong></span> <span class='ocrx_word' id='word_1_304' title='bbox 3253 827 3320 888; x_wconf 74' lang='grc' dir='ltr'><strong>Δ,</strong></span> <span class='ocrx_word' id='word_1_305' title='bbox 3353 817 3556 888; x_wconf 66' lang='lat' dir='ltr'><strong>Ciuilis,</strong></span> <span class='ocrx_word' id='word_1_306' title='bbox 3586 837 3687 876; x_wconf 91' lang='lat' dir='ltr'><strong>non</strong></span> <span class='ocrx_word' id='word_1_307' title='bbox 3715 822 4013 892; x_wconf 83' lang='lat' dir='ltr'><strong>tyrannica,</strong></span> 
     </span>
     <span class='ocr_line' id='line_1_49' title="bbox 2448 900 2712 942; baseline 0 0"><span class='ocrx_word' id='word_1_308' title='bbox 2448 900 2712 942; x_wconf 75' lang='lat'><strong><em>01111110110.</em></strong></span> 
     </span>
    </p>
   </div>
   <div class='ocr_carea' id='block_1_48' title="bbox 2448 900 2712 945">
    <p class='ocr_par' dir='ltr' id='par_1_48' title="bbox 2448 900 2712 945">
     <span class='ocr_line' id='line_1_50' title="bbox 2448 900 2712 945; baseline 0.004 -2"><span class='ocrx_word' id='word_1_309' title='bbox 2448 900 2712 945; x_wconf 76' lang='lat'><strong><em>01111110110.</em></strong></span> 
     </span>
    </p>
   </div>
   <div class='ocr_carea' id='block_1_49' title="bbox 2481 959 4018 1034">
    <p class='ocr_par' dir='ltr' id='par_1_49' title="bbox 2481 959 4018 1034">
     <span class='ocr_line' id='line_1_51' title="bbox 2481 959 4018 1034; baseline 0.003 -20"><span class='ocrx_word' id='word_1_310' title='bbox 2481 959 2855 1034; x_wconf 54' lang='lat' dir='ltr'><strong>(Iurisconsulti</strong></span> <span class='ocrx_word' id='word_1_311' title='bbox 2880 1005 2893 1026; x_wconf 92' lang='lat'><strong>,</strong></span> <span class='ocrx_word' id='word_1_312' title='bbox 2925 962 3155 1034; x_wconf 58' lang='lat' dir='ltr'><strong>ainasia;</strong></span> <span class='ocrx_word' id='word_1_313' title='bbox 3185 977 3303 1018; x_wconf 89' lang='lat' dir='ltr'><strong>cum</strong></span> <span class='ocrx_word' id='word_1_314' title='bbox 3330 978 3430 1034; x_wconf 86' lang='lat' dir='ltr'><strong>qua</strong></span> <span class='ocrx_word' id='word_1_315' title='bbox 3460 963 3580 1034; x_wconf 88' lang='lat' dir='ltr'><strong>quis</strong></span> <span class='ocrx_word' id='word_1_316' title='bbox 3603 963 3741 1019; x_wconf 91' lang='lat' dir='ltr'><strong>clam</strong></span> <span class='ocrx_word' id='word_1_317' title='bbox 3781 977 4018 1018; x_wconf 83' lang='lat' dir='ltr'><strong>consue-</strong></span> 
     </span>
    </p>
   </div>
   <div class='ocr_carea' id='block_1_50' title="bbox 2411 1031 3941 1104">
    <p class='ocr_par' dir='ltr' id='par_1_50' title="bbox 2411 1031 3941 1104">
     <span class='ocr_line' id='line_1_52' title="bbox 2411 1031 3941 1104; baseline 0.001 -18"><span class='ocrx_word' id='word_1_318' title='bbox 2411 1032 2541 1104; x_wconf 79' lang='lat' dir='ltr'><strong>scit.</strong></span> <span class='ocrx_word' id='word_1_319' title='bbox 2567 1031 2640 1096; x_wconf 86' lang='lat' dir='ltr'><strong>ll,</strong></span> <span class='ocrx_word' id='word_1_320' title='bbox 2671 1032 2802 1087; x_wconf 73' lang='grc'><strong>1011</strong></span> <span class='ocrx_word' id='word_1_321' title='bbox 2839 1033 2905 1098; x_wconf 79' lang='grc' dir='ltr'><strong>Β,</strong></span> <span class='ocrx_word' id='word_1_322' title='bbox 2939 1031 3159 1088; x_wconf 83' lang='lat' dir='ltr'><strong>Tantum</strong></span> <span class='ocrx_word' id='word_1_323' title='bbox 3199 1031 3379 1104; x_wconf 74' lang='lat' dir='ltr'><strong>Lydia:</strong></span> <span class='ocrx_word' id='word_1_324' title='bbox 3410 1031 3736 1088; x_wconf 78' lang='lat' dir='ltr'><strong>clancularitc</strong></span> <span class='ocrx_word' id='word_1_325' title='bbox 3775 1035 3941 1088; x_wconf 74' lang='lat' dir='ltr'><strong>licuit.</strong></span> 
     </span>
    </p>
   </div>
   <div class='ocr_carea' id='block_1_51' title="bbox 2483 1102 4017 1178">
    <p class='ocr_par' dir='ltr' id='par_1_51' title="bbox 2483 1102 4017 1178">
     <span class='ocr_line' id='line_1_53' title="bbox 2483 1102 4017 1178; baseline 0.002 -22"><span class='ocrx_word' id='word_1_326' title='bbox 2483 1102 2796 1178; x_wconf 46' lang='lat' dir='ltr'><strong>Cupencus</strong></span> <span class='ocrx_word' id='word_1_327' title='bbox 2822 1147 2836 1168; x_wconf 92' lang='lat'><strong>,</strong></span> <span class='ocrx_word' id='word_1_328' title='bbox 2864 1106 3188 1178; x_wconf 80' lang='lat' dir='ltr'><strong>clanculum.</strong></span> <span class='ocrx_word' id='word_1_329' title='bbox 3214 1102 3286 1172; x_wconf 80' lang='lat' dir='ltr'><strong>ll,</strong></span> <span class='ocrx_word' id='word_1_330' title='bbox 3333 1107 3467 1162; x_wconf 75' lang='grc'><strong>1011</strong></span> <span class='ocrx_word' id='word_1_331' title='bbox 3498 1106 3562 1172; x_wconf 71' lang='grc' dir='ltr'><strong>Δ,</strong></span> <span class='ocrx_word' id='word_1_332' title='bbox 3593 1105 3739 1160; x_wconf 86' lang='lat' dir='ltr'><strong>Certe</strong></span> <span class='ocrx_word' id='word_1_333' title='bbox 3775 1109 3890 1178; x_wconf 87' lang='lat' dir='ltr'><strong>jam</strong></span> <span class='ocrx_word' id='word_1_334' title='bbox 3942 1106 4017 1160; x_wconf 72' lang='lat' dir='ltr'><strong>vi-</strong></span> 
     </span>
    </p>
   </div>
   <div class='ocr_carea' id='block_1_52' title="bbox 2412 1175 3259 1232">
    <p class='ocr_par' dir='ltr' id='par_1_52' title="bbox 2412 1175 3259 1232">
     <span class='ocr_line' id='line_1_54' title="bbox 2412 1175 3259 1232; baseline 0.005 -4"><span class='ocrx_word' id='word_1_335' title='bbox 2412 1189 2524 1228; x_wconf 88' lang='lat' dir='ltr'><strong>rum</strong></span> <span class='ocrx_word' id='word_1_336' title='bbox 2552 1175 2708 1227; x_wconf 84' lang='lat' dir='ltr'><strong>alicui</strong></span> <span class='ocrx_word' id='word_1_337' title='bbox 2737 1176 3000 1230; x_wconf 88' lang='lat' dir='ltr'><strong>clanculus</strong></span> <span class='ocrx_word' id='word_1_338' title='bbox 3039 1181 3259 1232; x_wconf 78' lang='lat' dir='ltr'><strong>functas.</strong></span> 
     </span>
    </p>
   </div>
   <div class='ocr_carea' id='block_1_53' title="bbox 2483 1181 4018 1315">
    <p class='ocr_par' dir='ltr' id='par_1_53' title="bbox 2483 1181 4018 1315">
     <span class='ocr_line' id='line_1_55' title="bbox 2483 1181 3259 1232; baseline 0.008 -8"><span class='ocrx_word' id='word_1_339' title='bbox 2483 1190 2524 1226; x_wconf 88' lang='lat' dir='ltr'><strong>m</strong></span> <span class='ocrx_word' id='word_1_340' title='bbox 2552 1181 2708 1227; x_wconf 82' lang='lat' dir='ltr'><strong>alicui</strong></span> <span class='ocrx_word' id='word_1_341' title='bbox 2737 1181 3000 1230; x_wconf 88' lang='lat' dir='ltr'><strong>clanculus</strong></span> <span class='ocrx_word' id='word_1_342' title='bbox 3063 1188 3259 1232; x_wconf 85' lang='lat' dir='ltr'><strong>unctus.</strong></span> 
     </span>
     <span class='ocr_line' id='line_1_56' title="bbox 2483 1181 4018 1315; baseline 0.002 -17"><span class='ocrx_word' id='word_1_343' title='bbox 2483 1244 2767 1300; x_wconf 65' lang='lat' dir='ltr'><strong>CLAUSULA</strong></span> <span class='ocrx_word' id='word_1_344' title='bbox 2797 1289 2810 1304; x_wconf 86' lang='lat'><strong>.</strong></span> <span class='ocrx_word' id='word_1_345' title='bbox 2842 1246 2979 1302; x_wconf 76' lang='lat' dir='ltr'><strong>linis.</strong></span> <span class='ocrx_word' id='word_1_346' title='bbox 3033 1181 3085 1312; x_wconf 55' lang='grc' dir='ltr'><strong>ί,</strong></span> <span class='ocrx_word' id='word_1_347' title='bbox 3137 1250 3241 1304; x_wconf 72' lang='grc'><strong>447</strong></span> <span class='ocrx_word' id='word_1_348' title='bbox 3299 1249 3363 1314; x_wconf 81' lang='grc' dir='ltr'><strong>Α,</strong></span> <span class='ocrx_word' id='word_1_349' title='bbox 3415 1247 3689 1315; x_wconf 82' lang='lat' dir='ltr'><strong>Ipsumque</strong></span> <span class='ocrx_word' id='word_1_350' title='bbox 3726 1249 4018 1302; x_wconf 84' lang='lat' dir='ltr'><strong>clausulam</strong></span> 
     </span>
    </p>
   </div>
   <div class='ocr_carea' id='block_1_54' title="bbox 2412 1316 4018 1390">
    <p class='ocr_par' dir='ltr' id='par_1_54' title="bbox 2412 1316 4018 1390">
     <span class='ocr_line' id='line_1_57' title="bbox 2412 1316 4018 1390; baseline 0 -19"><span class='ocrx_word' id='word_1_351' title='bbox 2412 1316 2607 1371; x_wconf 68' lang='lat' dir='ltr'><strong>seaculi.</strong></span> <span class='ocrx_word' id='word_1_352' title='bbox 2636 1317 2678 1371; x_wconf 90' lang='lat' dir='ltr'><strong>ll</strong></span> <span class='ocrx_word' id='word_1_353' title='bbox 2702 1317 2828 1382; x_wconf 86' lang='grc'><strong>,109</strong></span> <span class='ocrx_word' id='word_1_354' title='bbox 2857 1317 2896 1372; x_wconf 86' lang='grc' dir='ltr'><strong>Β</strong></span> <span class='ocrx_word' id='word_1_355' title='bbox 2916 1363 2930 1385; x_wconf 90' lang='lat'><strong>,</strong></span> <span class='ocrx_word' id='word_1_356' title='bbox 2961 1318 3027 1374; x_wconf 88' lang='lat' dir='ltr'><strong>In</strong></span> <span class='ocrx_word' id='word_1_357' title='bbox 3070 1321 3303 1374; x_wconf 83' lang='lat' dir='ltr'><strong>clausula</strong></span> <span class='ocrx_word' id='word_1_358' title='bbox 3349 1321 3530 1390; x_wconf 76' lang='lat' dir='ltr'><strong>of/icii.</strong></span> <span class='ocrx_word' id='word_1_359' title='bbox 3570 1319 3641 1380; x_wconf 80' lang='lat' dir='ltr'><strong>ll.</strong></span> <span class='ocrx_word' id='word_1_360' title='bbox 3670 1319 3770 1375; x_wconf 75' lang='grc'><strong>851</strong></span> <span class='ocrx_word' id='word_1_361' title='bbox 3811 1321 3848 1372; x_wconf 80' lang='grc' dir='ltr'><strong>Β</strong></span> <span class='ocrx_word' id='word_1_362' title='bbox 3868 1365 3880 1383; x_wconf 89' lang='lat'><strong>,</strong></span> <span class='ocrx_word' id='word_1_363' title='bbox 3917 1320 4018 1372; x_wconf 82' lang='lat' dir='ltr'><strong>Aut</strong></span> 
     </span>
    </p>
   </div>
   <div class='ocr_carea' id='block_1_55' title="bbox 2416 1389 4018 1462">
    <p class='ocr_par' dir='ltr' id='par_1_55' title="bbox 2416 1389 4018 1462">
     <span class='ocr_line' id='line_1_58' title="bbox 2416 1389 4018 1462; baseline 0.001 -22"><span class='ocrx_word' id='word_1_364' title='bbox 2416 1398 2533 1462; x_wconf 82' lang='lat' dir='ltr'><strong>tunc</strong></span> <span class='ocrx_word' id='word_1_365' title='bbox 2562 1389 2652 1462; x_wconf 84' lang='lat' dir='ltr'><strong>sub</strong></span> <span class='ocrx_word' id='word_1_366' title='bbox 2678 1390 2816 1442; x_wconf 89' lang='lat' dir='ltr'><strong>omni</strong></span> <span class='ocrx_word' id='word_1_367' title='bbox 2843 1391 3074 1445; x_wconf 85' lang='lat' dir='ltr'><strong>clausula</strong></span> <span class='ocrx_word' id='word_1_368' title='bbox 3118 1389 3421 1462; x_wconf 85' lang='lat' dir='ltr'><strong>temporum.</strong></span> <span class='ocrx_word' id='word_1_369' title='bbox 3469 1392 3528 1458; x_wconf 90' lang='lat' dir='ltr'><strong>l,</strong></span> <span class='ocrx_word' id='word_1_370' title='bbox 3569 1391 3676 1448; x_wconf 81' lang='lat'><strong>672</strong></span> <span class='ocrx_word' id='word_1_371' title='bbox 3726 1391 3795 1456; x_wconf 76' lang='lat' dir='ltr'><strong>Ii,</strong></span> <span class='ocrx_word' id='word_1_372' title='bbox 3852 1392 4018 1458; x_wconf 82' lang='lat' dir='ltr'><strong>Quasi</strong></span> 
     </span>
    </p>
   </div>
   <div class='ocr_carea' id='block_1_56' title="bbox 2415 1459 3141 1528">
    <p class='ocr_par' dir='ltr' id='par_1_56' title="bbox 2415 1459 3141 1528">
     <span class='ocr_line' id='line_1_59' title="bbox 2415 1459 3141 1528; baseline 0.006 -16"><span class='ocrx_word' id='word_1_373' title='bbox 2415 1459 2699 1513; x_wconf 86' lang='lat' dir='ltr'><strong>clausulam</strong></span> <span class='ocrx_word' id='word_1_374' title='bbox 2735 1462 3141 1528; x_wconf 79' lang='lat' dir='ltr'><strong>sacriﬁcationis.</strong></span> 
     </span>
    </p>
   </div>
   <div class='ocr_carea' id='block_1_57' title="bbox 2485 1531 4017 1604">
    <p class='ocr_par' dir='ltr' id='par_1_57' title="bbox 2485 1531 4017 1604">
     <span class='ocr_line' id='line_1_60' title="bbox 2485 1531 4017 1604; baseline 0.002 -21"><span class='ocrx_word' id='word_1_375' title='bbox 2485 1531 2768 1604; x_wconf 75' lang='lat' dir='ltr'><strong>CLIBANUS.</strong></span> <span class='ocrx_word' id='word_1_376' title='bbox 2794 1532 2868 1598; x_wconf 91' lang='lat' dir='ltr'><strong>ll,</strong></span> <span class='ocrx_word' id='word_1_377' title='bbox 2895 1532 3000 1586; x_wconf 73' lang='grc'><strong>457</strong></span> <span class='ocrx_word' id='word_1_378' title='bbox 3025 1535 3103 1599; x_wconf 83' lang='grc' dir='ltr'><strong>Α,</strong></span> <span class='ocrx_word' id='word_1_379' title='bbox 3137 1532 3270 1600; x_wconf 86' lang='lat' dir='ltr'><strong>Quia</strong></span> <span class='ocrx_word' id='word_1_380' title='bbox 3313 1543 3426 1604; x_wconf 88' lang='lat' dir='ltr'><strong>post</strong></span> <span class='ocrx_word' id='word_1_381' title='bbox 3470 1533 3614 1588; x_wconf 89' lang='lat' dir='ltr'><strong>illam</strong></span> <span class='ocrx_word' id='word_1_382' title='bbox 3662 1533 3895 1588; x_wconf 85' lang='lat' dir='ltr'><strong>clibanus</strong></span> <span class='ocrx_word' id='word_1_383' title='bbox 3937 1532 4017 1586; x_wconf 78' lang='lat' dir='ltr'><strong>rel</strong></span> 
     </span>
    </p>
   </div>
   <div class='ocr_carea' id='block_1_58' title="bbox 2416 1603 3156 1674">
    <p class='ocr_par' dir='ltr' id='par_1_58' title="bbox 2416 1603 3156 1674">
     <span class='ocr_line' id='line_1_61' title="bbox 2416 1603 3156 1674; baseline 0.008 -21"><span class='ocrx_word' id='word_1_384' title='bbox 2416 1605 2597 1674; x_wconf 81' lang='lat' dir='ltr'><strong>furnus</strong></span> <span class='ocrx_word' id='word_1_385' title='bbox 2623 1603 2865 1672; x_wconf 80' lang='lat' dir='ltr'><strong>gelwnna:</strong></span> <span class='ocrx_word' id='word_1_386' title='bbox 2899 1613 3156 1674; x_wconf 80' lang='lat' dir='ltr'><strong>sequatur.</strong></span> 
     </span>
    </p>
   </div>
   <div class='ocr_carea' id='block_1_59' title="bbox 2487 1673 4017 1746">
    <p class='ocr_par' dir='ltr' id='par_1_59' title="bbox 2487 1673 4017 1746">
     <span class='ocr_line' id='line_1_62' title="bbox 2487 1673 4017 1746; baseline 0.002 -20"><span class='ocrx_word' id='word_1_387' title='bbox 2487 1673 2890 1730; x_wconf 72' lang='lat' dir='ltr'><strong>CLII.\C‘I‘ERICA</strong></span> <span class='ocrx_word' id='word_1_388' title='bbox 2917 1673 3040 1730; x_wconf 89' lang='lat' dir='ltr'><strong>sunt</strong></span> <span class='ocrx_word' id='word_1_389' title='bbox 3065 1685 3211 1730; x_wconf 90' lang='lat' dir='ltr'><strong>certa</strong></span> <span class='ocrx_word' id='word_1_390' title='bbox 3235 1676 3358 1732; x_wconf 68' lang='lat' dir='ltr'><strong>vita:</strong></span> <span class='ocrx_word' id='word_1_391' title='bbox 3383 1677 3555 1746; x_wconf 88' lang='lat' dir='ltr'><strong>spatia</strong></span> <span class='ocrx_word' id='word_1_392' title='bbox 3598 1691 3691 1746; x_wconf 91' lang='lat' dir='ltr'><strong>per</strong></span> <span class='ocrx_word' id='word_1_393' title='bbox 3714 1690 3888 1730; x_wconf 90' lang='lat' dir='ltr'><strong>annos</strong></span> <span class='ocrx_word' id='word_1_394' title='bbox 3914 1689 4017 1728; x_wconf 88' lang='lat' dir='ltr'><strong>nn-</strong></span> 
     </span>
    </p>
   </div>
   <div class='ocr_carea' id='block_1_60' title="bbox 2417 1747 4018 1816">
    <p class='ocr_par' dir='ltr' id='par_1_60' title="bbox 2417 1747 4018 1816">
     <span class='ocr_line' id='line_1_63' title="bbox 2417 1747 4018 1816; baseline 0.002 -20"><span class='ocrx_word' id='word_1_395' title='bbox 2417 1759 2535 1816; x_wconf 84' lang='lat' dir='ltr'><strong>vem</strong></span> <span class='ocrx_word' id='word_1_396' title='bbox 2563 1755 2655 1798; x_wconf 88' lang='lat' dir='ltr'><strong>aut</strong></span> <span class='ocrx_word' id='word_1_397' title='bbox 2681 1756 2884 1816; x_wconf 90' lang='lat' dir='ltr'><strong>septem</strong></span> <span class='ocrx_word' id='word_1_398' title='bbox 2909 1747 3122 1801; x_wconf 83' lang='lat' dir='ltr'><strong>scansili</strong></span> <span class='ocrx_word' id='word_1_399' title='bbox 3150 1749 3354 1802; x_wconf 79' lang='lat' dir='ltr'><strong>ratione</strong></span> <span class='ocrx_word' id='word_1_400' title='bbox 3380 1749 3673 1814; x_wconf 91' lang='lat' dir='ltr'><strong>currentia,</strong></span> <span class='ocrx_word' id='word_1_401' title='bbox 3714 1765 3834 1816; x_wconf 84' lang='lat' dir='ltr'><strong>qua:</strong></span> <span class='ocrx_word' id='word_1_402' title='bbox 3858 1747 4018 1801; x_wconf 68' lang='lat' dir='ltr'><strong>Chal-</strong></span> 
     </span>
    </p>
   </div>
   <div class='ocr_carea' id='block_1_61' title="bbox 2418 1815 4020 1889">
    <p class='ocr_par' dir='ltr' id='par_1_61' title="bbox 2418 1815 4020 1889">
     <span class='ocr_line' id='line_1_64' title="bbox 2418 1815 4020 1889; baseline -0.001 -18"><span class='ocrx_word' id='word_1_403' title='bbox 2418 1815 2531 1889; x_wconf 65' lang='lat' dir='ltr'><strong>dati</strong></span> <span class='ocrx_word' id='word_1_404' title='bbox 2539 1815 2844 1889; x_wconf 68' lang='lat' dir='ltr'><strong>periculosa</strong></span> <span class='ocrx_word' id='word_1_405' title='bbox 2872 1833 2990 1889; x_wconf 83' lang='lat' dir='ltr'><strong>esse</strong></span> <span class='ocrx_word' id='word_1_406' title='bbox 3011 1818 3366 1886; x_wconf 81' lang='lat' dir='ltr'><strong>afﬁrmabant,</strong></span> <span class='ocrx_word' id='word_1_407' title='bbox 3389 1820 3655 1889; x_wconf 65' lang='lat' dir='ltr'><strong>praecipue</strong></span> <span class='ocrx_word' id='word_1_408' title='bbox 3670 1815 3799 1889; x_wconf 84' lang='lat' dir='ltr'><strong>vero</strong></span> <span class='ocrx_word' id='word_1_409' title='bbox 3815 1833 4020 1871; x_wconf 85' lang='lat' dir='ltr'><strong>anniun</strong></span> 
     </span>
    </p>
   </div>
   <div class='ocr_carea' id='block_1_62' title="bbox 2420 1885 4018 1960">
    <p class='ocr_par' dir='ltr' id='par_1_62' title="bbox 2420 1885 4018 1960">
     <span class='ocr_line' id='line_1_65' title="bbox 2420 1885 4018 1960; baseline 0.001 -22"><span class='ocrx_word' id='word_1_410' title='bbox 2420 1885 2729 1960; x_wconf 52' lang='lat' dir='ltr'><strong>gxiuyiit.</strong></span> <span class='ocrx_word' id='word_1_411' title='bbox 2756 1886 3001 1960; x_wconf 83' lang='lat' dir='ltr'><strong>Gell.,N.</strong></span> <span class='ocrx_word' id='word_1_412' title='bbox 3019 1889 3108 1955; x_wconf 80' lang='lat' dir='ltr'><strong>A.,</strong></span> <span class='ocrx_word' id='word_1_413' title='bbox 3136 1890 3230 1943; x_wconf 87' lang='lat' dir='ltr'><strong>lib.</strong></span> <span class='ocrx_word' id='word_1_414' title='bbox 3256 1890 3339 1956; x_wconf 89' lang='lat' dir='ltr'><strong>Ill,</strong></span> <span class='ocrx_word' id='word_1_415' title='bbox 3367 1885 3490 1960; x_wconf 82' lang='lat' dir='ltr'><strong>cap.</strong></span> <span class='ocrx_word' id='word_1_416' title='bbox 3514 1885 3612 1952; x_wconf 82' lang='lat' dir='ltr'><strong>t0;</strong></span> <span class='ocrx_word' id='word_1_417' title='bbox 3638 1890 3730 1944; x_wconf 87' lang='lat' dir='ltr'><strong>lib.</strong></span> <span class='ocrx_word' id='word_1_418' title='bbox 3755 1888 3872 1955; x_wconf 81' lang='lat' dir='ltr'><strong>xv,</strong></span> <span class='ocrx_word' id='word_1_419' title='bbox 3895 1903 4018 1958; x_wconf 81' lang='lat' dir='ltr'><strong>Cap.</strong></span> 
     </span>
    </p>
   </div>
   <div class='ocr_carea' id='block_1_63' title="bbox 2420 1957 3800 2031">
    <p class='ocr_par' dir='ltr' id='par_1_63' title="bbox 2420 1957 3800 2031">
     <span class='ocr_line' id='line_1_66' title="bbox 2420 1957 3800 2031; baseline 0.001 -19"><span class='ocrx_word' id='word_1_420' title='bbox 2420 1957 2472 2012; x_wconf 93' lang='lat'><strong>7.</strong></span> <span class='ocrx_word' id='word_1_421' title='bbox 2500 1957 2546 2031; x_wconf 67' lang='grc'><strong>1,</strong></span> <span class='ocrx_word' id='word_1_422' title='bbox 2576 1959 2681 2014; x_wconf 80' lang='lat'><strong>675</strong></span> <span class='ocrx_word' id='word_1_423' title='bbox 2699 1958 2763 2022; x_wconf 84' lang='lat' dir='ltr'><strong>A,</strong></span> <span class='ocrx_word' id='word_1_424' title='bbox 2789 1959 2915 2026; x_wconf 75' lang='lat' dir='ltr'><strong>Qua:</strong></span> <span class='ocrx_word' id='word_1_425' title='bbox 2938 1961 3158 2014; x_wconf 83' lang='lat' dir='ltr'><strong>aliorum</strong></span> <span class='ocrx_word' id='word_1_426' title='bbox 3181 1957 3515 2016; x_wconf 82' lang='lat' dir='ltr'><strong>climacterica</strong></span> <span class='ocrx_word' id='word_1_427' title='bbox 3536 1963 3800 2031; x_wconf 78' lang='lat' dir='ltr'><strong>prtecanit.</strong></span> 
     </span>
    </p>
   </div>
   <div class='ocr_carea' id='block_1_64' title="bbox 2487 2027 4021 2102">
    <p class='ocr_par' dir='ltr' id='par_1_64' title="bbox 2487 2027 4021 2102">
     <span class='ocr_line' id='line_1_67' title="bbox 2487 2027 4021 2102; baseline 0.002 -20"><span class='ocrx_word' id='word_1_428' title='bbox 2487 2027 2786 2102; x_wconf 53' lang='lat' dir='ltr'><strong>(Emimus.</strong></span> <span class='ocrx_word' id='word_1_429' title='bbox 2819 2032 2954 2095; x_wconf 72' lang='lat' dir='ltr'><strong>dem,</strong></span> <span class='ocrx_word' id='word_1_430' title='bbox 2985 2048 3104 2101; x_wconf 73' lang='lat' dir='ltr'><strong>qua:</strong></span> <span class='ocrx_word' id='word_1_431' title='bbox 3132 2033 3331 2087; x_wconf 83' lang='lat' dir='ltr'><strong>cloacis</strong></span> <span class='ocrx_word' id='word_1_432' title='bbox 3361 2027 3644 2102; x_wconf 80' lang='lat' dir='ltr'><strong>pr;cerant.</strong></span> <span class='ocrx_word' id='word_1_433' title='bbox 3673 2032 3738 2098; x_wconf 92' lang='lat' dir='ltr'><strong>ll,</strong></span> <span class='ocrx_word' id='word_1_434' title='bbox 3784 2031 3929 2088; x_wconf 71' lang='lat' dir='ltr'><strong>lOlS</strong></span> <span class='ocrx_word' id='word_1_435' title='bbox 3957 2031 4021 2095; x_wconf 75' lang='lat' dir='ltr'><strong>Il,</strong></span> 
     </span>
    </p>
   </div>
   <div class='ocr_carea' id='block_1_65' title="bbox 2417 2099 3500 2172">
    <p class='ocr_par' dir='ltr' id='par_1_65' title="bbox 2417 2099 3500 2172">
     <span class='ocr_line' id='line_1_68' title="bbox 2417 2099 3500 2172; baseline 0.002 -18"><span class='ocrx_word' id='word_1_436' title='bbox 2417 2100 2568 2154; x_wconf 79' lang='lat' dir='ltr'><strong>Adita</strong></span> <span class='ocrx_word' id='word_1_437' title='bbox 2592 2099 2950 2154; x_wconf 82' lang='lat' dir='ltr'><strong>Cloacinarum</strong></span> <span class='ocrx_word' id='word_1_438' title='bbox 2975 2099 3097 2156; x_wconf 84' lang='lat' dir='ltr'><strong>sunt</strong></span> <span class='ocrx_word' id='word_1_439' title='bbox 3124 2104 3252 2172; x_wconf 78' lang='lat' dir='ltr'><strong>ipsa:</strong></span> <span class='ocrx_word' id='word_1_440' title='bbox 3280 2099 3500 2158; x_wconf 59' lang='lat' dir='ltr'><strong>cloaca}.</strong></span> 
     </span>
    </p>
   </div>
   <div class='ocr_carea' id='block_1_66' title="bbox 2488 2171 4024 2246">
    <p class='ocr_par' dir='ltr' id='par_1_66' title="bbox 2488 2171 4024 2246">
     <span class='ocr_line' id='line_1_69' title="bbox 2488 2171 4024 2246; baseline 0.001 -21"><span class='ocrx_word' id='word_1_441' title='bbox 2488 2172 2729 2246; x_wconf 61' lang='lat' dir='ltr'><strong>thgus.</strong></span> <span class='ocrx_word' id='word_1_442' title='bbox 2759 2171 2824 2237; x_wconf 90' lang='lat' dir='ltr'><strong>ll,</strong></span> <span class='ocrx_word' id='word_1_443' title='bbox 2859 2173 2997 2246; x_wconf 73' lang='grc'><strong>1050</strong></span> <span class='ocrx_word' id='word_1_444' title='bbox 3023 2175 3089 2240; x_wconf 84' lang='lat' dir='ltr'><strong>A,</strong></span> <span class='ocrx_word' id='word_1_445' title='bbox 3112 2171 3210 2246; x_wconf 67' lang='lat' dir='ltr'><strong>Aut</strong></span> <span class='ocrx_word' id='word_1_446' title='bbox 3232 2176 3346 2246; x_wconf 86' lang='lat' dir='ltr'><strong>quis</strong></span> <span class='ocrx_word' id='word_1_447' title='bbox 3387 2174 3681 2236; x_wconf 84' lang='lat' dir='ltr'><strong>Tarentum,</strong></span> <span class='ocrx_word' id='word_1_448' title='bbox 3713 2177 3791 2228; x_wconf 79' lang='lat' dir='ltr'><strong>rel</strong></span> <span class='ocrx_word' id='word_1_449' title='bbox 3828 2174 4024 2228; x_wconf 74' lang='lat' dir='ltr'><strong>Bmtica</strong></span> 
     </span>
    </p>
   </div>
   <div class='ocr_carea' id='block_1_67' title="bbox 2419 2241 4022 2315">
    <p class='ocr_par' dir='ltr' id='par_1_67' title="bbox 2419 2241 4022 2315">
     <span class='ocr_line' id='line_1_70' title="bbox 2419 2241 4022 2315; baseline 0.011 -19"><span class='ocrx_word' id='word_1_450' title='bbox 2419 2242 2562 2296; x_wconf 88' lang='lat' dir='ltr'><strong>clnit.</strong></span> <span class='ocrx_word' id='word_1_451' title='bbox 2593 2241 2722 2297; x_wconf 84' lang='lat' dir='ltr'><strong>Cluo</strong></span> <span class='ocrx_word' id='word_1_452' title='bbox 2747 2255 2800 2298; x_wconf 84' lang='lat' dir='ltr'><strong>et</strong></span> <span class='ocrx_word' id='word_1_453' title='bbox 2827 2245 2972 2299; x_wconf 90' lang='lat' dir='ltr'><strong>clueo</strong></span> <span class='ocrx_word' id='word_1_454' title='bbox 2998 2241 3255 2301; x_wconf 78' lang='lat' dir='ltr'><strong>dicebant</strong></span> <span class='ocrx_word' id='word_1_455' title='bbox 3275 2255 3519 2305; x_wconf 86' lang='lat' dir='ltr'><strong>veteres.</strong></span> <span class='ocrx_word' id='word_1_456' title='bbox 3558 2261 3654 2315; x_wconf 80' lang='lat' dir='ltr'><strong>pro</strong></span> <span class='ocrx_word' id='word_1_457' title='bbox 3687 2264 3701 2301; x_wconf 74' lang='grc' dir='ltr'>ε</span> <span class='ocrx_word' id='word_1_458' title='bbox 3745 2261 4022 2314; x_wconf 53' lang='grc' dir='ltr'><strong>αδδενδυμ</strong></span> 
     </span>
    </p>
   </div>
   <div class='ocr_carea' id='block_1_68' title="bbox 2420 2315 4026 2386">
    <p class='ocr_par' dir='ltr' id='par_1_68' title="bbox 2420 2315 4026 2386">
     <span class='ocr_line' id='line_1_71' title="bbox 2420 2315 4026 2386; baseline 0.002 -20"><span class='ocrx_word' id='word_1_459' title='bbox 2420 2315 2633 2386; x_wconf 86' lang='lat' dir='ltr'><strong>minari,</strong></span> <span class='ocrx_word' id='word_1_460' title='bbox 2665 2315 2944 2370; x_wconf 86' lang='lat' dir='ltr'><strong>celebrari.</strong></span> <span class='ocrx_word' id='word_1_461' title='bbox 2974 2315 3133 2370; x_wconf 85' lang='lat' dir='ltr'><strong>Forte</strong></span> <span class='ocrx_word' id='word_1_462' title='bbox 3163 2332 3191 2370; x_wconf 90' lang='lat' dir='ltr'><strong>a</strong></span> <span class='ocrx_word' id='word_1_463' title='bbox 3233 2331 3410 2385; x_wconf 70' lang='lat' dir='ltr'><strong>graeco</strong></span> <span class='ocrx_word' id='word_1_464' title='bbox 3447 2322 3630 2380; x_wconf 66' lang='grc' dir='ltr'><strong>καλεῖν,</strong></span> <span class='ocrx_word' id='word_1_465' title='bbox 3660 2329 3936 2386; x_wconf 81' lang='lat' dir='ltr'><strong>corrupte,</strong></span> <span class='ocrx_word' id='word_1_466' title='bbox 3968 2326 4026 2371; x_wconf 89' lang='lat' dir='ltr'><strong>ut</strong></span> 
     </span>
    </p>
   </div>
   <div class='ocr_carea' id='block_1_69' title="bbox 2420 2384 4021 2458">
    <p class='ocr_par' dir='ltr' id='par_1_69' title="bbox 2420 2384 4021 2458">
     <span class='ocr_line' id='line_1_72' title="bbox 2420 2384 4021 2458; baseline 0.002 -21"><span class='ocrx_word' id='word_1_467' title='bbox 2420 2384 2524 2458; x_wconf 81' lang='lat' dir='ltr'><strong>alia</strong></span> <span class='ocrx_word' id='word_1_468' title='bbox 2547 2386 2734 2452; x_wconf 90' lang='lat' dir='ltr'><strong>multa,</strong></span> <span class='ocrx_word' id='word_1_469' title='bbox 2768 2387 2848 2458; x_wconf 85' lang='lat' dir='ltr'><strong>vel</strong></span> <span class='ocrx_word' id='word_1_470' title='bbox 2879 2387 3057 2456; x_wconf 88' lang='lat' dir='ltr'><strong>petius</strong></span> <span class='ocrx_word' id='word_1_471' title='bbox 3084 2390 3180 2441; x_wconf 68' lang='grc' dir='ltr'><strong>ἀπὸ</strong></span> <span class='ocrx_word' id='word_1_472' title='bbox 3200 2384 3283 2444; x_wconf 70' lang='grc' dir='ltr'><strong>τᾶῦ</strong></span> <span class='ocrx_word' id='word_1_473' title='bbox 3309 2395 3485 2455; x_wconf 69' lang='grc' dir='ltr'><strong>κλύειν,</strong></span> <span class='ocrx_word' id='word_1_474' title='bbox 3520 2388 3660 2458; x_wconf 90' lang='lat' dir='ltr'><strong>quod</strong></span> <span class='ocrx_word' id='word_1_475' title='bbox 3687 2397 3769 2442; x_wconf 88' lang='lat' dir='ltr'><strong>est</strong></span> <span class='ocrx_word' id='word_1_476' title='bbox 3807 2384 4021 2454; x_wconf 82' lang='lat' dir='ltr'><strong>audire,</strong></span> 
     </span>
    </p>
   </div>
   <div class='ocr_carea' id='block_1_70' title="bbox 2422 2456 4021 2528">
    <p class='ocr_par' dir='ltr' id='par_1_70' title="bbox 2422 2456 4021 2528">
     <span class='ocr_line' id='line_1_73' title="bbox 2422 2456 4021 2528; baseline 0.003 -20"><span class='ocrx_word' id='word_1_477' title='bbox 2422 2456 2506 2509; x_wconf 82' lang='lat' dir='ltr'><strong>vel</strong></span> <span class='ocrx_word' id='word_1_478' title='bbox 2561 2471 2701 2528; x_wconf 82' lang='lat' dir='ltr'><strong>esse,</strong></span> <span class='ocrx_word' id='word_1_479' title='bbox 2753 2457 2856 2511; x_wconf 88' lang='lat' dir='ltr'><strong>dici</strong></span> <span class='ocrx_word' id='word_1_480' title='bbox 2899 2459 3168 2526; x_wconf 90' lang='lat' dir='ltr'><strong>quomodo</strong></span> <span class='ocrx_word' id='word_1_481' title='bbox 3219 2459 3424 2514; x_wconf 87' lang='lat' dir='ltr'><strong>Latinis</strong></span> <span class='ocrx_word' id='word_1_482' title='bbox 3465 2456 3566 2513; x_wconf 85' lang='lat' dir='ltr'><strong>hoe</strong></span> <span class='ocrx_word' id='word_1_483' title='bbox 3620 2461 3794 2528; x_wconf 91' lang='lat' dir='ltr'><strong>ipsum</strong></span> <span class='ocrx_word' id='word_1_484' title='bbox 3829 2460 3882 2512; x_wconf 93' lang='lat' dir='ltr'><strong>in</strong></span> <span class='ocrx_word' id='word_1_485' title='bbox 3921 2475 4021 2512; x_wconf 76' lang='lat' dir='ltr'><strong>usu</strong></span> 
     </span>
    </p>
   </div>
   <div class='ocr_carea' id='block_1_71' title="bbox 2421 2527 4020 2598">
    <p class='ocr_par' dir='ltr' id='par_1_71' title="bbox 2421 2527 4020 2598">
     <span class='ocr_line' id='line_1_74' title="bbox 2421 2527 4020 2598; baseline 0.003 -20"><span class='ocrx_word' id='word_1_486' title='bbox 2421 2537 2523 2598; x_wconf 93' lang='lat' dir='ltr'><strong>e_st.</strong></span> <span class='ocrx_word' id='word_1_487' title='bbox 2559 2527 2706 2582; x_wconf 86' lang='lat' dir='ltr'><strong>Unde</strong></span> <span class='ocrx_word' id='word_1_488' title='bbox 2729 2530 2945 2582; x_wconf 82' lang='lat' dir='ltr'><strong>inclutus</strong></span> <span class='ocrx_word' id='word_1_489' title='bbox 2977 2545 3073 2598; x_wconf 90' lang='lat' dir='ltr'><strong>pro</strong></span> <span class='ocrx_word' id='word_1_490' title='bbox 3102 2530 3322 2585; x_wconf 88' lang='lat' dir='ltr'><strong>celebri.</strong></span> <span class='ocrx_word' id='word_1_491' title='bbox 3355 2531 3528 2585; x_wconf 88' lang='lat' dir='ltr'><strong>Plaut.</strong></span> <span class='ocrx_word' id='word_1_492' title='bbox 3551 2527 3690 2584; x_wconf 73' lang='lat' dir='ltr'><strong>Men.</strong></span> <span class='ocrx_word' id='word_1_493' title='bbox 3716 2530 3778 2595; x_wconf 88' lang='lat' dir='ltr'><strong>V,</strong></span> <span class='ocrx_word' id='word_1_494' title='bbox 3818 2529 3877 2593; x_wconf 93' lang='lat'><strong>2,</strong></span> <span class='ocrx_word' id='word_1_495' title='bbox 3899 2532 4020 2584; x_wconf 81' lang='lat' dir='ltr'><strong>ltll:</strong></span> 
     </span>
    </p>
   </div>
   <div class='ocr_carea' id='block_1_72' title="bbox 2425 2596 4025 2671">
    <p class='ocr_par' dir='ltr' id='par_1_72' title="bbox 2425 2596 4025 2671">
     <span class='ocr_line' id='line_1_75' title="bbox 2425 2596 4025 2671; baseline 0.003 -21"><span class='ocrx_word' id='word_1_496' title='bbox 2425 2596 2525 2662; x_wconf 85' lang='lat' dir='ltr'><strong>Qui</strong></span> <span class='ocrx_word' id='word_1_497' title='bbox 2553 2600 2685 2671; x_wconf 83' lang='lat' dir='ltr'><strong>cluet</strong></span> <span class='ocrx_word' id='word_1_498' title='bbox 2711 2599 2886 2671; x_wconf 76' lang='lat' dir='ltr'><strong>Cygno</strong></span> <span class='ocrx_word' id='word_1_499' title='bbox 2915 2596 3078 2670; x_wconf 83' lang='lat' dir='ltr'><strong>patre.</strong></span> <span class='ocrx_word' id='word_1_500' title='bbox 3101 2601 3190 2656; x_wconf 88' lang='lat' dir='ltr'><strong>Sic</strong></span> <span class='ocrx_word' id='word_1_501' title='bbox 3209 2601 3524 2656; x_wconf 78' lang='lat' dir='ltr'><strong>Prudentius</strong></span> <span class='ocrx_word' id='word_1_502' title='bbox 3550 2618 3564 2654; x_wconf 89' lang='lat'><strong>:</strong></span> <span class='ocrx_word' id='word_1_503' title='bbox 3591 2601 3691 2665; x_wconf 81' lang='lat' dir='ltr'><strong>Qui</strong></span> <span class='ocrx_word' id='word_1_504' title='bbox 3713 2602 3888 2671; x_wconf 79' lang='lat' dir='ltr'><strong>patria</strong></span> <span class='ocrx_word' id='word_1_505' title='bbox 3916 2604 4025 2654; x_wconf 74' lang='lat' dir='ltr'><strong>vir-</strong></span> 
     </span>
    </p>
   </div>
   <div class='ocr_carea' id='block_1_73' title="bbox 2423 2670 4028 2741">
    <p class='ocr_par' dir='ltr' id='par_1_73' title="bbox 2423 2670 4028 2741">
     <span class='ocr_line' id='line_1_76' title="bbox 2423 2670 4028 2741; baseline 0.002 -19"><span class='ocrx_word' id='word_1_506' title='bbox 2423 2678 2526 2723; x_wconf 84' lang='lat' dir='ltr'><strong>tute</strong></span> <span class='ocrx_word' id='word_1_507' title='bbox 2547 2670 2695 2724; x_wconf 85' lang='lat' dir='ltr'><strong>cluis.</strong></span> <span class='ocrx_word' id='word_1_508' title='bbox 2722 2670 2932 2737; x_wconf 77' lang='lat' dir='ltr'><strong>Cicero,</strong></span> <span class='ocrx_word' id='word_1_509' title='bbox 2964 2671 3032 2727; x_wconf 91' lang='lat' dir='ltr'><strong>de</strong></span> <span class='ocrx_word' id='word_1_510' title='bbox 3060 2673 3191 2726; x_wconf 85' lang='lat' dir='ltr'><strong>clar.</strong></span> <span class='ocrx_word' id='word_1_511' title='bbox 3233 2671 3404 2728; x_wconf 91' lang='lat' dir='ltr'><strong>0rat.:</strong></span> <span class='ocrx_word' id='word_1_512' title='bbox 3438 2671 3565 2726; x_wconf 86' lang='lat' dir='ltr'><strong>Tum</strong></span> <span class='ocrx_word' id='word_1_513' title='bbox 3608 2673 3712 2725; x_wconf 88' lang='lat' dir='ltr'><strong>duo</strong></span> <span class='ocrx_word' id='word_1_514' title='bbox 3755 2670 4028 2741; x_wconf 72' lang='lat' dir='ltr'><strong>prioucs</strong></span> 
     </span>
    </p>
   </div>
   <div class='ocr_carea' id='block_1_74' title="bbox 2423 2741 4028 2814">
    <p class='ocr_par' dir='ltr' id='par_1_74' title="bbox 2423 2741 4028 2814">
     <span class='ocr_line' id='line_1_77' title="bbox 2423 2741 4028 2814; baseline 0.004 -22"><span class='ocrx_word' id='word_1_515' title='bbox 2423 2741 2640 2814; x_wconf 83' lang='lat' dir='ltr'><strong>multum</strong></span> <span class='ocrx_word' id='word_1_516' title='bbox 2668 2743 2888 2814; x_wconf 82' lang='lat' dir='ltr'><strong>cluenles</strong></span> <span class='ocrx_word' id='word_1_517' title='bbox 2917 2743 3126 2797; x_wconf 88' lang='lat' dir='ltr'><strong>consilio</strong></span> <span class='ocrx_word' id='word_1_518' title='bbox 3153 2753 3198 2796; x_wconf 91' lang='lat' dir='ltr'><strong>et</strong></span> <span class='ocrx_word' id='word_1_519' title='bbox 3223 2744 3421 2814; x_wconf 87' lang='lat' dir='ltr'><strong>lingua.</strong></span> <span class='ocrx_word' id='word_1_520' title='bbox 3454 2742 3740 2799; x_wconf 78' lang='lat' dir='ltr'><strong>Martianus</strong></span> <span class='ocrx_word' id='word_1_521' title='bbox 3785 2745 4028 2814; x_wconf 74' lang='lat' dir='ltr'><strong>prwcluis</strong></span> 
     </span>
    </p>
   </div>
   <div class='ocr_carea' id='block_1_75' title="bbox 2424 2812 3213 2884">
    <p class='ocr_par' dir='ltr' id='par_1_75' title="bbox 2424 2812 3213 2884">
     <span class='ocr_line' id='line_1_78' title="bbox 2424 2812 3213 2884; baseline 0.003 -18"><span class='ocrx_word' id='word_1_522' title='bbox 2424 2825 2531 2884; x_wconf 68' lang='lat' dir='ltr'><strong>pro</strong></span> <span class='ocrx_word' id='word_1_523' title='bbox 2554 2812 2716 2866; x_wconf 88' lang='lat' dir='ltr'><strong>nobili</strong></span> <span class='ocrx_word' id='word_1_524' title='bbox 2747 2823 2800 2868; x_wconf 91' lang='lat' dir='ltr'><strong>et</strong></span> <span class='ocrx_word' id='word_1_525' title='bbox 2829 2814 2975 2868; x_wconf 89' lang='lat' dir='ltr'><strong>claro</strong></span> <span class='ocrx_word' id='word_1_526' title='bbox 2999 2814 3213 2884; x_wconf 86' lang='lat' dir='ltr'><strong>accipit.</strong></span> 
     </span>
    </p>
   </div>
   <div class='ocr_carea' id='block_1_76' title="bbox 2493 2881 4028 2956">
    <p class='ocr_par' dir='ltr' id='par_1_76' title="bbox 2493 2881 4028 2956">
     <span class='ocr_line' id='line_1_79' title="bbox 2493 2881 4028 2956; baseline 0.001 -18"><span class='ocrx_word' id='word_1_527' title='bbox 2493 2881 2768 2947; x_wconf 73' lang='lat' dir='ltr'><strong>CLuocus,</strong></span> <span class='ocrx_word' id='word_1_528' title='bbox 2799 2900 2897 2955; x_wconf 91' lang='lat' dir='ltr'><strong>pro</strong></span> <span class='ocrx_word' id='word_1_529' title='bbox 2923 2881 3194 2942; x_wconf 77' lang='lat' dir='ltr'><strong>claudere.</strong></span> <span class='ocrx_word' id='word_1_530' title='bbox 3236 2884 3303 2950; x_wconf 88' lang='lat' dir='ltr'><strong>ll,</strong></span> <span class='ocrx_word' id='word_1_531' title='bbox 3349 2883 3456 2939; x_wconf 89' lang='lat'><strong>822</strong></span> <span class='ocrx_word' id='word_1_532' title='bbox 3489 2885 3552 2950; x_wconf 86' lang='grc' dir='ltr'><strong>Β,</strong></span> <span class='ocrx_word' id='word_1_533' title='bbox 3588 2884 3648 2939; x_wconf 88' lang='lat' dir='ltr'><strong>Si</strong></span> <span class='ocrx_word' id='word_1_534' title='bbox 3691 2885 3916 2956; x_wconf 81' lang='lat' dir='ltr'><strong>priorem</strong></span> <span class='ocrx_word' id='word_1_535' title='bbox 3945 2902 4028 2940; x_wconf 74' lang='lat' dir='ltr'><strong>ve-</strong></span> 
     </span>
    </p>
   </div>
   <div class='ocr_carea' id='block_1_77' title="bbox 2424 2955 4026 3026">
    <p class='ocr_par' dir='ltr' id='par_1_77' title="bbox 2424 2955 4026 3026">
     <span class='ocr_line' id='line_1_80' title="bbox 2424 2955 4026 3026; baseline 0.001 -18"><span class='ocrx_word' id='word_1_536' title='bbox 2424 2955 2558 3009; x_wconf 87' lang='lat' dir='ltr'><strong>nisse</strong></span> <span class='ocrx_word' id='word_1_537' title='bbox 2583 2961 2676 3010; x_wconf 83' lang='lat' dir='ltr'><strong>tioc</strong></span> <span class='ocrx_word' id='word_1_538' title='bbox 2699 2957 2852 3022; x_wconf 83' lang='lat' dir='ltr'><strong>ﬁdem</strong></span> <span class='ocrx_word' id='word_1_539' title='bbox 2877 2957 3064 3022; x_wconf 84' lang='lat' dir='ltr'><strong>cludet,</strong></span> <span class='ocrx_word' id='word_1_540' title='bbox 3091 2957 3126 3010; x_wconf 93' lang='lat' dir='ltr'><strong>i.</strong></span> <span class='ocrx_word' id='word_1_541' title='bbox 3153 2971 3203 3012; x_wconf 91' lang='lat' dir='ltr'><strong>c.</strong></span> <span class='ocrx_word' id='word_1_542' title='bbox 3230 2957 3274 3011; x_wconf 90' lang='lat' dir='ltr'><strong>si</strong></span> <span class='ocrx_word' id='word_1_543' title='bbox 3301 2955 3402 3013; x_wconf 83' lang='lat' dir='ltr'><strong>hoc</strong></span> <span class='ocrx_word' id='word_1_544' title='bbox 3422 2958 3575 3026; x_wconf 87' lang='lat' dir='ltr'><strong>quasi</strong></span> <span class='ocrx_word' id='word_1_545' title='bbox 3611 2955 3868 3020; x_wconf 87' lang='lat' dir='ltr'><strong>claustra,</strong></span> <span class='ocrx_word' id='word_1_546' title='bbox 3915 2968 4026 3012; x_wconf 79' lang='lat' dir='ltr'><strong>ter-</strong></span> 
     </span>
    </p>
   </div>
   <div class='ocr_carea' id='block_1_78' title="bbox 2425 3027 4025 3098">
    <p class='ocr_par' dir='ltr' id='par_1_78' title="bbox 2425 3027 4025 3098">
     <span class='ocr_line' id='line_1_81' title="bbox 2425 3027 4025 3098; baseline -0.001 -17"><span class='ocrx_word' id='word_1_547' title='bbox 2425 3027 2600 3081; x_wconf 88' lang='lat' dir='ltr'><strong>minos</strong></span> <span class='ocrx_word' id='word_1_548' title='bbox 2625 3028 2914 3082; x_wconf 88' lang='lat' dir='ltr'><strong>constituet</strong></span> <span class='ocrx_word' id='word_1_549' title='bbox 2967 3028 3108 3091; x_wconf 84' lang='lat' dir='ltr'><strong>ﬁdei,</strong></span> <span class='ocrx_word' id='word_1_550' title='bbox 3141 3037 3290 3084; x_wconf 80' lang='lat' dir='ltr'><strong>extra</strong></span> <span class='ocrx_word' id='word_1_551' title='bbox 3316 3043 3458 3098; x_wconf 71' lang='lat' dir='ltr'><strong>qua:</strong></span> <span class='ocrx_word' id='word_1_552' title='bbox 3479 3029 3612 3082; x_wconf 91' lang='lat' dir='ltr'><strong>nihil</strong></span> <span class='ocrx_word' id='word_1_553' title='bbox 3647 3029 3795 3084; x_wconf 91' lang='lat' dir='ltr'><strong>credi</strong></span> <span class='ocrx_word' id='word_1_554' title='bbox 3820 3029 3892 3084; x_wconf 83' lang='lat' dir='ltr'><strong>ab</strong></span> <span class='ocrx_word' id='word_1_555' title='bbox 3925 3028 4025 3082; x_wconf 82' lang='lat' dir='ltr'><strong>lio-</strong></span> 
     </span>
    </p>
   </div>
   <div class='ocr_carea' id='block_1_79' title="bbox 2424 3097 4027 3169">
    <p class='ocr_par' dir='ltr' id='par_1_79' title="bbox 2424 3097 4027 3169">
     <span class='ocr_line' id='line_1_82' title="bbox 2424 3097 4027 3169; baseline 0 -17"><span class='ocrx_word' id='word_1_556' title='bbox 2424 3097 2568 3152; x_wconf 88' lang='lat' dir='ltr'><strong>mine</strong></span> <span class='ocrx_word' id='word_1_557' title='bbox 2613 3109 2879 3168; x_wconf 86' lang='lat' dir='ltr'><strong>oporteat.</strong></span> <span class='ocrx_word' id='word_1_558' title='bbox 2929 3099 2992 3160; x_wconf 87' lang='lat' dir='ltr'><strong>ll.</strong></span> <span class='ocrx_word' id='word_1_559' title='bbox 3044 3099 3149 3155; x_wconf 75' lang='grc'><strong>581</strong></span> <span class='ocrx_word' id='word_1_560' title='bbox 3183 3099 3245 3160; x_wconf 83' lang='grc' dir='ltr'><strong>Β.</strong></span> <span class='ocrx_word' id='word_1_561' title='bbox 3281 3097 3368 3153; x_wconf 15' lang='lat' dir='ltr'><strong>Uti</strong></span> <span class='ocrx_word' id='word_1_562' title='bbox 3405 3099 3599 3169; x_wconf 82' lang='lat' dir='ltr'><strong>aliquid</strong></span> <span class='ocrx_word' id='word_1_563' title='bbox 3639 3101 3849 3154; x_wconf 73' lang='lat' dir='ltr'><strong>cludant</strong></span> <span class='ocrx_word' id='word_1_564' title='bbox 3912 3116 4027 3152; x_wconf 85' lang='lat' dir='ltr'><strong>cum</strong></span> 
     </span>
    </p>
   </div>
   <div class='ocr_carea' id='block_1_80' title="bbox 2423 3169 4029 3238">
    <p class='ocr_par' dir='ltr' id='par_1_80' title="bbox 2423 3169 4029 3238">
     <span class='ocr_line' id='line_1_83' title="bbox 2423 3169 4029 3238; baseline 0.002 -16"><span class='ocrx_word' id='word_1_565' title='bbox 2423 3171 2520 3222; x_wconf 87' lang='lat' dir='ltr'><strong>mei</strong></span> <span class='ocrx_word' id='word_1_566' title='bbox 2545 3171 2737 3223; x_wconf 86' lang='lat' dir='ltr'><strong>domini</strong></span> <span class='ocrx_word' id='word_1_567' title='bbox 2763 3173 2966 3224; x_wconf 83' lang='lat' dir='ltr'><strong>ueritate</strong></span> <span class='ocrx_word' id='word_1_568' title='bbox 2993 3171 3189 3237; x_wconf 85' lang='lat' dir='ltr'><strong>scripti.</strong></span> <span class='ocrx_word' id='word_1_569' title='bbox 3217 3171 3262 3238; x_wconf 91' lang='lat' dir='ltr'><strong>l,</strong></span> <span class='ocrx_word' id='word_1_570' title='bbox 3297 3171 3401 3226; x_wconf 75' lang='lat'><strong>337</strong></span> <span class='ocrx_word' id='word_1_571' title='bbox 3429 3171 3494 3234; x_wconf 79' lang='grc' dir='ltr'><strong>Α,</strong></span> <span class='ocrx_word' id='word_1_572' title='bbox 3546 3169 3610 3225; x_wconf 78' lang='lat' dir='ltr'><strong>Et</strong></span> <span class='ocrx_word' id='word_1_573' title='bbox 3639 3172 3824 3225; x_wconf 65' lang='lat' dir='ltr'><strong>celum</strong></span> <span class='ocrx_word' id='word_1_574' title='bbox 3873 3173 4029 3225; x_wconf 85' lang='lat' dir='ltr'><strong>semel</strong></span> 
     </span>
    </p>
   </div>
   <div class='ocr_carea' id='block_1_81' title="bbox 2423 3240 3890 3306">
    <p class='ocr_par' dir='ltr' id='par_1_81' title="bbox 2423 3240 3890 3306">
     <span class='ocr_line' id='line_1_84' title="bbox 2423 3240 3890 3306; baseline 0 -12"><span class='ocrx_word' id='word_1_575' title='bbox 2423 3241 2597 3295; x_wconf 88' lang='lat' dir='ltr'><strong>clusit.</strong></span> <span class='ocrx_word' id='word_1_576' title='bbox 2636 3241 2697 3305; x_wconf 90' lang='lat' dir='ltr'><strong>Il,</strong></span> <span class='ocrx_word' id='word_1_577' title='bbox 2724 3242 2832 3296; x_wconf 67' lang='lat'><strong>254</strong></span> <span class='ocrx_word' id='word_1_578' title='bbox 2860 3242 2920 3306; x_wconf 79' lang='grc' dir='ltr'><strong>Ο,</strong></span> <span class='ocrx_word' id='word_1_579' title='bbox 2972 3240 3067 3294; x_wconf 85' lang='lat' dir='ltr'><strong><em>11is</em></strong></span> <span class='ocrx_word' id='word_1_580' title='bbox 3089 3243 3289 3295; x_wconf 85' lang='lat' dir='ltr'><strong>interim</strong></span> <span class='ocrx_word' id='word_1_581' title='bbox 3317 3242 3465 3296; x_wconf 79' lang='lat' dir='ltr'><strong>lineis</strong></span> <span class='ocrx_word' id='word_1_582' title='bbox 3488 3257 3599 3295; x_wconf 88' lang='lat' dir='ltr'><strong>eam</strong></span> <span class='ocrx_word' id='word_1_583' title='bbox 3622 3243 3890 3296; x_wconf 85' lang='lat' dir='ltr'><strong>clusimus.</strong></span> 
     </span>
    </p>
   </div>
   <div class='ocr_carea' id='block_1_82' title="bbox 796 3311 4028 3401">
    <p class='ocr_par' dir='ltr' id='par_1_82' title="bbox 796 3311 4028 3401">
     <span class='ocr_line' id='line_1_85' title="bbox 796 3311 4028 3401; baseline -0.001 -31"><span class='ocrx_word' id='word_1_584' title='bbox 796 3311 1253 3401; x_wconf 64' lang='lat' dir='ltr'><strong>Cincu&#39;uscme&#39;ron</strong></span> <span class='ocrx_word' id='word_1_585' title='bbox 1276 3361 1290 3385; x_wconf 95' lang='lat'><strong>,</strong></span> <span class='ocrx_word' id='word_1_586' title='bbox 1321 3311 1642 3401; x_wconf 28' lang='lat' dir='ltr'><strong>abrogatur:</strong></span> <span class='ocrx_word' id='word_1_587' title='bbox 1675 3318 1717 3373; x_wconf 89' lang='lat' dir='ltr'><strong>ll</strong></span> <span class='ocrx_word' id='word_1_588' title='bbox 1741 3363 1755 3386; x_wconf 97' lang='lat'><strong>,</strong></span> <span class='ocrx_word' id='word_1_589' title='bbox 1784 3317 1894 3400; x_wconf 83' lang='lat'><strong>276</strong></span> <span class='ocrx_word' id='word_1_590' title='bbox 1924 3318 1962 3372; x_wconf 82' lang='lat' dir='ltr'><strong>ll</strong></span> <span class='ocrx_word' id='word_1_591' title='bbox 1985 3363 1998 3385; x_wconf 92' lang='lat'><strong>,</strong></span> <span class='ocrx_word' id='word_1_592' title='bbox 2043 3317 2322 3401; x_wconf 66' lang='lat' dir='ltr'><strong>Sententia:</strong></span> <span class='ocrx_word' id='word_1_593' title='bbox 2346 3321 2392 3384; x_wconf 75' lang='grc' dir='ltr'><strong>ρ</strong></span> <span class='ocrx_word' id='word_1_594' title='bbox 2432 3313 2783 3401; x_wconf 48' lang='lat' dir='ltr'><strong>“Caeritan</strong></span> <span class='ocrx_word' id='word_1_595' title='bbox 2814 3313 2880 3379; x_wconf 94' lang='lat' dir='ltr'><strong>ll,</strong></span> <span class='ocrx_word' id='word_1_596' title='bbox 2909 3311 3016 3368; x_wconf 84' lang='lat'><strong>858</strong></span> <span class='ocrx_word' id='word_1_597' title='bbox 3060 3312 3122 3381; x_wconf 84' lang='grc' dir='ltr'><strong>Β,</strong></span> <span class='ocrx_word' id='word_1_598' title='bbox 3167 3311 3396 3368; x_wconf 76' lang='lat' dir='ltr'><strong>Cowtant</strong></span> <span class='ocrx_word' id='word_1_599' title='bbox 3436 3322 3559 3367; x_wconf 87' lang='lat' dir='ltr'><strong>natu</strong></span> <span class='ocrx_word' id='word_1_600' title='bbox 3584 3353 3600 3379; x_wconf 90' lang='lat'><strong>,</strong></span> <span class='ocrx_word' id='word_1_601' title='bbox 3650 3313 3716 3368; x_wconf 93' lang='lat' dir='ltr'><strong>de</strong></span> <span class='ocrx_word' id='word_1_602' title='bbox 3743 3317 3925 3368; x_wconf 86' lang='lat' dir='ltr'><strong>anima</strong></span> <span class='ocrx_word' id='word_1_603' title='bbox 3975 3323 4028 3368; x_wconf 93' lang='lat' dir='ltr'><strong>ct</strong></span> 
     </span>
    </p>
   </div>
   <div class='ocr_carea' id='block_1_83' title="bbox 723 3389 2322 3459">
    <p class='ocr_par' dir='ltr' id='par_1_83' title="bbox 723 3389 2322 3459">
     <span class='ocr_line' id='line_1_86' title="bbox 723 3389 2322 3459; baseline 0.001 -18"><span class='ocrx_word' id='word_1_604' title='bbox 723 3402 830 3459; x_wconf 69' lang='lat' dir='ltr'><strong>sua</strong></span> <span class='ocrx_word' id='word_1_605' title='bbox 857 3389 1379 3458; x_wconf 88' lang='lat' dir='ltr'><strong>circumscriptorem,</strong></span> <span class='ocrx_word' id='word_1_606' title='bbox 1409 3389 1445 3443; x_wconf 92' lang='lat' dir='ltr'><strong>i.</strong></span> <span class='ocrx_word' id='word_1_607' title='bbox 1479 3404 1531 3444; x_wconf 93' lang='lat' dir='ltr'><strong>e.</strong></span> <span class='ocrx_word' id='word_1_608' title='bbox 1556 3391 1645 3459; x_wconf 90' lang='lat' dir='ltr'><strong>qui</strong></span> <span class='ocrx_word' id='word_1_609' title='bbox 1682 3406 1800 3444; x_wconf 86' lang='lat' dir='ltr'><strong>eam</strong></span> <span class='ocrx_word' id='word_1_610' title='bbox 1846 3391 2239 3444; x_wconf 83' lang='lat' dir='ltr'><strong>circumscribit</strong></span> <span class='ocrx_word' id='word_1_611' title='bbox 2263 3400 2322 3443; x_wconf 90' lang='lat' dir='ltr'><strong>et</strong></span> 
     </span>
    </p>
   </div>
   <div class='ocr_carea' id='block_1_84' title="bbox 726 3457 2322 3527">
    <p class='ocr_par' dir='ltr' id='par_1_84' title="bbox 726 3457 2322 3527">
     <span class='ocr_line' id='line_1_87' title="bbox 726 3457 2322 3527; baseline 0 -15"><span class='ocrx_word' id='word_1_612' title='bbox 726 3457 916 3513; x_wconf 77' lang='lat' dir='ltr'><strong>fraude</strong></span> <span class='ocrx_word' id='word_1_613' title='bbox 945 3457 1160 3513; x_wconf 11' lang='lat' dir='ltr'><strong>irritam?</strong></span> <span class='ocrx_word' id='word_1_614' title='bbox 1180 3461 1322 3513; x_wconf 82' lang='lat' dir='ltr'><strong>facit.</strong></span> <span class='ocrx_word' id='word_1_615' title='bbox 1348 3457 1767 3514; x_wconf 69' lang='lat' dir='ltr'><strong>Circuiiisri&#39;ibere</strong></span> <span class='ocrx_word' id='word_1_616' title='bbox 1784 3502 1798 3522; x_wconf 88' lang='lat'><strong>,</strong></span> <span class='ocrx_word' id='word_1_617' title='bbox 1829 3477 1924 3527; x_wconf 89' lang='lat' dir='ltr'><strong>pro</strong></span> <span class='ocrx_word' id='word_1_618' title='bbox 1946 3459 2322 3513; x_wconf 86' lang='lat' dir='ltr'><strong>circumducere</strong></span> 
     </span>
    </p>
   </div>
   <div class='ocr_carea' id='block_1_85' title="bbox 721 3529 2320 3601">
    <p class='ocr_par' dir='ltr' id='par_1_85' title="bbox 721 3529 2320 3601">
     <span class='ocr_line' id='line_1_88' title="bbox 721 3529 2320 3601; baseline 0 -17"><span class='ocrx_word' id='word_1_619' title='bbox 721 3538 782 3601; x_wconf 84' lang='lat' dir='ltr'><strong>et</strong></span> <span class='ocrx_word' id='word_1_620' title='bbox 831 3529 1117 3597; x_wconf 78' lang='lat' dir='ltr'><strong>obliterare,</strong></span> <span class='ocrx_word' id='word_1_621' title='bbox 1176 3529 1431 3601; x_wconf 80' lang='lat' dir='ltr'><strong>frequens</strong></span> <span class='ocrx_word' id='word_1_622' title='bbox 1475 3531 1857 3599; x_wconf 82' lang='lat' dir='ltr'><strong>jureeonsultis</strong></span> <span class='ocrx_word' id='word_1_623' title='bbox 1907 3541 1961 3585; x_wconf 88' lang='lat' dir='ltr'><strong>et</strong></span> <span class='ocrx_word' id='word_1_624' title='bbox 2009 3531 2320 3586; x_wconf 90' lang='lat' dir='ltr'><strong>auctoribus</strong></span> 
     </span>
    </p>
   </div>
   <div class='ocr_carea' id='block_1_86' title="bbox 723 3599 2318 3674">
    <p class='ocr_par' dir='ltr' id='par_1_86' title="bbox 723 3599 2318 3674">
     <span class='ocr_line' id='line_1_89' title="bbox 723 3599 2318 3674; baseline 0 -18"><span class='ocrx_word' id='word_1_625' title='bbox 723 3599 933 3656; x_wconf 82' lang='lat' dir='ltr'><strong>idoneis</strong></span> <span class='ocrx_word' id='word_1_626' title='bbox 963 3601 1205 3674; x_wconf 75' lang='lat' dir='ltr'><strong>verbum.</strong></span> <span class='ocrx_word' id='word_1_627' title='bbox 1232 3599 1303 3669; x_wconf 80' lang='lat' dir='ltr'><strong>Il,</strong></span> <span class='ocrx_word' id='word_1_628' title='bbox 1338 3601 1445 3658; x_wconf 79' lang='lat'><strong>295</strong></span> <span class='ocrx_word' id='word_1_629' title='bbox 1472 3603 1513 3658; x_wconf 81' lang='grc' dir='ltr'>Β</span> <span class='ocrx_word' id='word_1_630' title='bbox 1535 3646 1549 3669; x_wconf 90' lang='grc'><em>,</em></span> <span class='ocrx_word' id='word_1_631' title='bbox 1589 3603 1720 3657; x_wconf 87' lang='lat' dir='ltr'><strong>Dum</strong></span> <span class='ocrx_word' id='word_1_632' title='bbox 1748 3603 1916 3674; x_wconf 90' lang='lat' dir='ltr'><strong>ipsum</strong></span> <span class='ocrx_word' id='word_1_633' title='bbox 1961 3602 2318 3674; x_wconf 71' lang='lat' dir='ltr'><strong>circumscrip-</strong></span> 
     </span>
    </p>
   </div>
   <div class='ocr_carea' id='block_1_87' title="bbox 723 3673 2319 3746">
    <p class='ocr_par' dir='ltr' id='par_1_87' title="bbox 723 3673 2319 3746">
     <span class='ocr_line' id='line_1_90' title="bbox 723 3673 2319 3746; baseline 0.003 -21"><span class='ocrx_word' id='word_1_634' title='bbox 723 3681 881 3727; x_wconf 83' lang='lat' dir='ltr'><strong>torem</strong></span> <span class='ocrx_word' id='word_1_635' title='bbox 907 3673 1171 3728; x_wconf 88' lang='lat' dir='ltr'><strong>colubrum</strong></span> <span class='ocrx_word' id='word_1_636' title='bbox 1193 3691 1227 3728; x_wconf 88' lang='lat' dir='ltr'><strong>a</strong></span> <span class='ocrx_word' id='word_1_637' title='bbox 1255 3689 1525 3746; x_wconf 88' lang='lat' dir='ltr'><strong>congressu</strong></span> <span class='ocrx_word' id='word_1_638' title='bbox 1551 3675 1776 3745; x_wconf 62' lang='lat' dir='ltr'><strong>{mutinae</strong></span> <span class='ocrx_word' id='word_1_639' title='bbox 1793 3683 1950 3741; x_wconf 84' lang='lat' dir='ltr'><strong>arcet,</strong></span> <span class='ocrx_word' id='word_1_640' title='bbox 1979 3674 2014 3728; x_wconf 91' lang='lat' dir='ltr'><strong>i.</strong></span> <span class='ocrx_word' id='word_1_641' title='bbox 2047 3691 2096 3728; x_wconf 92' lang='lat' dir='ltr'><strong>c.</strong></span> <span class='ocrx_word' id='word_1_642' title='bbox 2123 3673 2319 3745; x_wconf 82' lang='lat' dir='ltr'><strong>decep-</strong></span> 
     </span>
    </p>
   </div>
   <div class='ocr_carea' id='block_1_88' title="bbox 719 3750 915 3800">
    <p class='ocr_par' dir='ltr' id='par_1_88' title="bbox 719 3750 915 3800">
     <span class='ocr_line' id='line_1_91' title="bbox 719 3750 915 3800; baseline -0.015 -1"><span class='ocrx_word' id='word_1_643' title='bbox 719 3750 915 3800; x_wconf 84' lang='lat' dir='ltr'><strong>torem.</strong></span> 
     </span>
    </p>
   </div>
   <div class='ocr_carea' id='block_1_89' title="bbox 793 3814 2318 3889">
    <p class='ocr_par' dir='ltr' id='par_1_89' title="bbox 793 3814 2318 3889">
     <span class='ocr_line' id='line_1_92' title="bbox 793 3814 2318 3889; baseline 0.002 -20"><span class='ocrx_word' id='word_1_644' title='bbox 793 3814 1253 3872; x_wconf 71' lang='lat' dir='ltr'><strong>CIRCUISTANTIA.</strong></span> <span class='ocrx_word' id='word_1_645' title='bbox 1285 3815 1354 3883; x_wconf 86' lang='lat' dir='ltr'><strong>ll,</strong></span> <span class='ocrx_word' id='word_1_646' title='bbox 1387 3817 1531 3875; x_wconf 86' lang='grc'><strong>1156</strong></span> <span class='ocrx_word' id='word_1_647' title='bbox 1546 3818 1596 3883; x_wconf 79' lang='grc' dir='ltr'><strong>Α</strong></span> <span class='ocrx_word' id='word_1_648' title='bbox 1619 3862 1633 3884; x_wconf 96' lang='lat'><strong>,</strong></span> <span class='ocrx_word' id='word_1_649' title='bbox 1666 3817 1760 3872; x_wconf 79' lang='lat' dir='ltr'><strong>Cui</strong></span> <span class='ocrx_word' id='word_1_650' title='bbox 1785 3818 1875 3873; x_wconf 90' lang='lat' dir='ltr'><strong>illa</strong></span> <span class='ocrx_word' id='word_1_651' title='bbox 1895 3819 2192 3889; x_wconf 70' lang='lat' dir='ltr'><strong>angelorum</strong></span> <span class='ocrx_word' id='word_1_652' title='bbox 2215 3821 2318 3873; x_wconf 87' lang='lat' dir='ltr'><strong>cir-</strong></span> 
     </span>
    </p>
   </div>
   <div class='ocr_carea' id='block_1_90' title="bbox 721 3891 2318 3960">
    <p class='ocr_par' dir='ltr' id='par_1_90' title="bbox 721 3891 2318 3960">
     <span class='ocr_line' id='line_1_93' title="bbox 721 3891 2318 3960; baseline 0.005 -20"><span class='ocrx_word' id='word_1_653' title='bbox 721 3891 1032 3942; x_wconf 81' lang='lat' dir='ltr'><strong>cumstantia</strong></span> <span class='ocrx_word' id='word_1_654' title='bbox 1063 3905 1161 3943; x_wconf 89' lang='lat' dir='ltr'><strong>non</strong></span> <span class='ocrx_word' id='word_1_655' title='bbox 1184 3899 1344 3944; x_wconf 86' lang='lat' dir='ltr'><strong>cessat</strong></span> <span class='ocrx_word' id='word_1_656' title='bbox 1372 3891 1554 3958; x_wconf 85' lang='lat' dir='ltr'><strong>dicere,</strong></span> <span class='ocrx_word' id='word_1_657' title='bbox 1590 3891 1626 3945; x_wconf 90' lang='lat' dir='ltr'><strong>i.</strong></span> <span class='ocrx_word' id='word_1_658' title='bbox 1655 3904 1707 3944; x_wconf 90' lang='lat' dir='ltr'><strong>e.</strong></span> <span class='ocrx_word' id='word_1_659' title='bbox 1732 3901 2005 3960; x_wconf 71' lang='grc' dir='ltr'><strong>περίστασις</strong></span> <span class='ocrx_word' id='word_1_660' title='bbox 2033 3891 2112 3946; x_wconf 89' lang='lat' dir='ltr'><strong>vel</strong></span> <span class='ocrx_word' id='word_1_661' title='bbox 2141 3891 2318 3959; x_wconf 89' lang='lat' dir='ltr'><strong>potius</strong></span> 
     </span>
    </p>
   </div>
   <div class='ocr_carea' id='block_1_91' title="bbox 721 3961 2312 4032">
    <p class='ocr_par' dir='ltr' id='par_1_91' title="bbox 721 3961 2312 4032">
     <span class='ocr_line' id='line_1_94' title="bbox 721 3961 2312 4032; baseline 0 -18"><span class='ocrx_word' id='word_1_662' title='bbox 721 3966 1232 4032; x_wconf 53' lang='lat' dir='ltr'><strong>[opsemci¢,grzeeo</strong></span> <span class='ocrx_word' id='word_1_663' title='bbox 1272 3975 1420 4018; x_wconf 89' lang='lat' dir='ltr'><strong>more</strong></span> <span class='ocrx_word' id='word_1_664' title='bbox 1449 3961 1517 4017; x_wconf 89' lang='lat' dir='ltr'><strong>de</strong></span> <span class='ocrx_word' id='word_1_665' title='bbox 1544 3962 1745 4032; x_wconf 76' lang='lat' dir='ltr'><strong>angelis</strong></span> <span class='ocrx_word' id='word_1_666' title='bbox 1771 3964 2128 4016; x_wconf 70' lang='lat' dir='ltr'><strong>enuntiatum.</strong></span> <span class='ocrx_word' id='word_1_667' title='bbox 2151 3963 2264 4018; x_wconf 81' lang='lat' dir='ltr'><strong>Gell</strong></span> <span class='ocrx_word' id='word_1_668' title='bbox 2297 4004 2312 4030; x_wconf 94' lang='lat'><strong>,</strong></span> 
     </span>
    </p>
   </div>
   <div class='ocr_carea' id='block_1_92' title="bbox 721 4029 2310 4101">
    <p class='ocr_par' dir='ltr' id='par_1_92' title="bbox 721 4029 2310 4101">
     <span class='ocr_line' id='line_1_95' title="bbox 721 4029 2310 4101; baseline 0.004 -16"><span class='ocrx_word' id='word_1_669' title='bbox 721 4029 909 4098; x_wconf 40' lang='lat' dir='ltr'><strong>N.&#39;A.,</strong></span> <span class='ocrx_word' id='word_1_670' title='bbox 943 4032 1034 4087; x_wconf 87' lang='lat' dir='ltr'><strong>lib.</strong></span> <span class='ocrx_word' id='word_1_671' title='bbox 1068 4029 1208 4098; x_wconf 15' lang='lat' dir='ltr'><strong>’Vll,</strong></span> <span class='ocrx_word' id='word_1_672' title='bbox 1244 4047 1361 4100; x_wconf 87' lang='lat' dir='ltr'><strong>cap.</strong></span> <span class='ocrx_word' id='word_1_673' title='bbox 1403 4034 1474 4100; x_wconf 78' lang='grc' dir='ltr'><strong>ι,</strong></span> <span class='ocrx_word' id='word_1_674' title='bbox 1518 4029 1980 4088; x_wconf 76' lang='lat' dir='ltr'><strong>circumstationcm</strong></span> <span class='ocrx_word' id='word_1_675' title='bbox 2017 4045 2187 4090; x_wconf 80' lang='lat' dir='ltr'><strong>vocat.</strong></span> <span class='ocrx_word' id='word_1_676' title='bbox 2232 4029 2310 4101; x_wconf 87' lang='lat' dir='ltr'><strong>ll,</strong></span> 
     </span>
    </p>
   </div>
   <div class='ocr_carea' id='block_1_93' title="bbox 722 4102 2314 4178">
    <p class='ocr_par' dir='ltr' id='par_1_93' title="bbox 722 4102 2314 4178">
     <span class='ocr_line' id='line_1_96' title="bbox 722 4102 2314 4178; baseline 0.001 -19"><span class='ocrx_word' id='word_1_677' title='bbox 722 4102 829 4159; x_wconf 74' lang='lat'><strong>965</strong></span> <span class='ocrx_word' id='word_1_678' title='bbox 851 4112 876 4156; x_wconf 64' lang='grc' dir='ltr'><em>Δ</em></span> <span class='ocrx_word' id='word_1_679' title='bbox 903 4147 915 4169; x_wconf 85' lang='grc'><strong><em>,</em></strong></span> <span class='ocrx_word' id='word_1_680' title='bbox 950 4103 1017 4178; x_wconf 79' lang='lat' dir='ltr'><strong>lu</strong></span> <span class='ocrx_word' id='word_1_681' title='bbox 1039 4113 1265 4172; x_wconf 81' lang='lat' dir='ltr'><strong>tempore</strong></span> <span class='ocrx_word' id='word_1_682' title='bbox 1290 4119 1542 4178; x_wconf 82' lang='lat' dir='ltr'><strong>pressura:</strong></span> <span class='ocrx_word' id='word_1_683' title='bbox 1563 4114 1610 4158; x_wconf 90' lang='lat' dir='ltr'><strong>ct</strong></span> <span class='ocrx_word' id='word_1_684' title='bbox 1635 4107 1999 4174; x_wconf 81' lang='lat' dir='ltr'><strong>persecutionis</strong></span> <span class='ocrx_word' id='word_1_685' title='bbox 2019 4145 2033 4171; x_wconf 91' lang='lat'><strong>,</strong></span> <span class='ocrx_word' id='word_1_686' title='bbox 2065 4116 2111 4160; x_wconf 89' lang='lat' dir='ltr'><strong>et</strong></span> <span class='ocrx_word' id='word_1_687' title='bbox 2135 4108 2314 4178; x_wconf 87' lang='lat' dir='ltr'><strong>cujus-</strong></span> 
     </span>
    </p>
   </div>
   <div class='ocr_carea' id='block_1_94' title="bbox 720 4175 1384 4242">
    <p class='ocr_par' dir='ltr' id='par_1_94' title="bbox 720 4175 1384 4242">
     <span class='ocr_line' id='line_1_97' title="bbox 720 4175 1384 4242; baseline 0.002 -14"><span class='ocrx_word' id='word_1_688' title='bbox 720 4190 936 4242; x_wconf 79' lang='lat' dir='ltr'><strong>cumque</strong></span> <span class='ocrx_word' id='word_1_689' title='bbox 974 4175 1384 4229; x_wconf 63' lang='lat' dir='ltr'><strong>circumstantiis.</strong></span> 
     </span>
    </p>
   </div>
   <div class='ocr_carea' id='block_1_95' title="bbox 791 4243 2314 4319">
    <p class='ocr_par' dir='ltr' id='par_1_95' title="bbox 791 4243 2314 4319">
     <span class='ocr_line' id='line_1_98' title="bbox 791 4243 2314 4319; baseline 0.003 -21"><span class='ocrx_word' id='word_1_690' title='bbox 791 4243 1226 4319; x_wconf 62' lang='lat' dir='ltr'><strong>Ctncunisuiass.</strong></span> <span class='ocrx_word' id='word_1_691' title='bbox 1259 4245 1302 4300; x_wconf 88' lang='grc' dir='ltr'><strong>ΙΙ</strong></span> <span class='ocrx_word' id='word_1_692' title='bbox 1326 4246 1527 4319; x_wconf 83' lang='grc' dir='ltr'><strong>,591Λ</strong></span> <span class='ocrx_word' id='word_1_693' title='bbox 1551 4290 1564 4313; x_wconf 88' lang='grc'><em>,</em></span> <span class='ocrx_word' id='word_1_694' title='bbox 1607 4247 1792 4317; x_wconf 81' lang='lat' dir='ltr'><strong>Accipe</strong></span> <span class='ocrx_word' id='word_1_695' title='bbox 1824 4248 1928 4301; x_wconf 86' lang='lat' dir='ltr'><strong>alia</strong></span> <span class='ocrx_word' id='word_1_696' title='bbox 1964 4249 2166 4319; x_wconf 88' lang='lat' dir='ltr'><strong>ingenia</strong></span> <span class='ocrx_word' id='word_1_697' title='bbox 2209 4250 2314 4302; x_wconf 91' lang='lat' dir='ltr'><strong>cir-</strong></span> 
     </span>
    </p>
   </div>
   <div class='ocr_carea' id='block_1_96' title="bbox 719 4316 2315 4388">
    <p class='ocr_par' dir='ltr' id='par_1_96' title="bbox 719 4316 2315 4388">
     <span class='ocr_line' id='line_1_99' title="bbox 719 4316 2315 4388; baseline 0.004 -19"><span class='ocrx_word' id='word_1_698' title='bbox 719 4317 1037 4370; x_wconf 83' lang='lat' dir='ltr'><strong>curianiana.</strong></span> <span class='ocrx_word' id='word_1_699' title='bbox 1072 4316 1246 4370; x_wconf 86' lang='lat' dir='ltr'><strong>Latin.</strong></span> <span class='ocrx_word' id='word_1_700' title='bbox 1275 4318 1669 4373; x_wconf 87' lang='lat' dir='ltr'><strong>emendandum</strong></span> <span class='ocrx_word' id='word_1_701' title='bbox 1699 4316 1909 4374; x_wconf 89' lang='lat' dir='ltr'><strong>censuit</strong></span> <span class='ocrx_word' id='word_1_702' title='bbox 1937 4337 1948 4373; x_wconf 89' lang='lat'><strong>:</strong></span> <span class='ocrx_word' id='word_1_703' title='bbox 1983 4316 2172 4388; x_wconf 76' lang='lat' dir='ltr'><strong>Accipe</strong></span> <span class='ocrx_word' id='word_1_704' title='bbox 2209 4321 2315 4375; x_wconf 88' lang='lat' dir='ltr'><strong>alia</strong></span> 
     </span>
    </p>
   </div>
   <div class='ocr_carea' id='block_1_97' title="bbox 719 4388 2315 4460">
    <p class='ocr_par' dir='ltr' id='par_1_97' title="bbox 719 4388 2315 4460">
     <span class='ocr_line' id='line_1_100' title="bbox 719 4388 2315 4460; baseline 0.003 -20"><span class='ocrx_word' id='word_1_705' title='bbox 719 4388 923 4460; x_wconf 84' lang='lat' dir='ltr'><strong>ingenia</strong></span> <span class='ocrx_word' id='word_1_706' title='bbox 967 4388 1282 4460; x_wconf 84' lang='lat' dir='ltr'><strong>ccrcuriana.</strong></span> <span class='ocrx_word' id='word_1_707' title='bbox 1329 4389 1619 4457; x_wconf 83' lang='lat' dir='ltr'><strong>Cercurus,</strong></span> <span class='ocrx_word' id='word_1_708' title='bbox 1675 4391 1876 4460; x_wconf 85' lang='lat' dir='ltr'><strong>inquit,</strong></span> <span class='ocrx_word' id='word_1_709' title='bbox 1929 4393 2116 4445; x_wconf 84' lang='lat' dir='ltr'><strong>dicitur</strong></span> <span class='ocrx_word' id='word_1_710' title='bbox 2169 4393 2315 4446; x_wconf 83' lang='lat' dir='ltr'><strong>navis</strong></span> 
     </span>
    </p>
   </div>
   <div class='ocr_carea' id='block_1_98' title="bbox 718 4459 2313 4532">
    <p class='ocr_par' dir='ltr' id='par_1_98' title="bbox 718 4459 2313 4532">
     <span class='ocr_line' id='line_1_101' title="bbox 718 4459 2313 4532; baseline 0.003 -19"><span class='ocrx_word' id='word_1_711' title='bbox 718 4459 1265 4532; x_wconf 67' lang='lat' dir='ltr'><strong>asianapriegrandis.</strong></span> <span class='ocrx_word' id='word_1_712' title='bbox 1321 4459 1395 4515; x_wconf 86' lang='lat' dir='ltr'><strong>Ita</strong></span> <span class='ocrx_word' id='word_1_713' title='bbox 1433 4461 1650 4532; x_wconf 84' lang='lat' dir='ltr'><strong>quidem</strong></span> <span class='ocrx_word' id='word_1_714' title='bbox 1705 4459 1895 4518; x_wconf 84' lang='lat' dir='ltr'><strong>Festus</strong></span> <span class='ocrx_word' id='word_1_715' title='bbox 1926 4462 2182 4529; x_wconf 89' lang='lat' dir='ltr'><strong>tradidit,</strong></span> <span class='ocrx_word' id='word_1_716' title='bbox 2218 4462 2313 4517; x_wconf 83' lang='lat' dir='ltr'><strong>sed</strong></span> 
     </span>
    </p>
   </div>
   <div class='ocr_carea' id='block_1_99' title="bbox 721 4529 2313 4599">
    <p class='ocr_par' dir='ltr' id='par_1_99' title="bbox 721 4529 2313 4599">
     <span class='ocr_line' id='line_1_102' title="bbox 721 4529 2313 4599; baseline 0.005 -19"><span class='ocrx_word' id='word_1_717' title='bbox 721 4530 824 4583; x_wconf 85' lang='lat' dir='ltr'><strong>lioc</strong></span> <span class='ocrx_word' id='word_1_718' title='bbox 851 4529 1097 4599; x_wconf 74' lang='lat' dir='ltr'><strong>frigidum</strong></span> <span class='ocrx_word' id='word_1_719' title='bbox 1126 4531 1286 4586; x_wconf 86' lang='lat' dir='ltr'><strong>nimis</strong></span> <span class='ocrx_word' id='word_1_720' title='bbox 1311 4545 1421 4599; x_wconf 67' lang='lat' dir='ltr'><strong>prie</strong></span> <span class='ocrx_word' id='word_1_721' title='bbox 1445 4529 1739 4588; x_wconf 70' lang='lat' dir='ltr'><strong>stoliditate</strong></span> <span class='ocrx_word' id='word_1_722' title='bbox 1785 4549 1848 4589; x_wconf 85' lang='lat' dir='ltr'><strong>ac</strong></span> <span class='ocrx_word' id='word_1_723' title='bbox 1894 4535 2107 4590; x_wconf 80' lang='lat' dir='ltr'><strong>vesania</strong></span> <span class='ocrx_word' id='word_1_724' title='bbox 2155 4533 2313 4588; x_wconf 89' lang='lat' dir='ltr'><strong>istius</strong></span> 
     </span>
    </p>
   </div>
   <div class='ocr_carea' id='block_1_100' title="bbox 720 4599 2313 4681">
    <p class='ocr_par' dir='ltr' id='par_1_100' title="bbox 720 4599 2313 4681">
     <span class='ocr_line' id='line_1_103' title="bbox 720 4599 2313 4681; baseline 0.003 -25"><span class='ocrx_word' id='word_1_725' title='bbox 720 4599 1075 4681; x_wconf 82' lang='lat' dir='ltr'><strong>Valentiniani</strong></span> <span class='ocrx_word' id='word_1_726' title='bbox 1101 4645 1114 4666; x_wconf 96' lang='lat'><strong>,</strong></span> <span class='ocrx_word' id='word_1_727' title='bbox 1139 4616 1304 4681; x_wconf 63' lang='lat' dir='ltr'><strong>quem</strong></span> <span class='ocrx_word' id='word_1_728' title='bbox 1329 4602 1556 4681; x_wconf 63' lang='lat' dir='ltr'><strong>Tertullr</strong></span> <span class='ocrx_word' id='word_1_729' title='bbox 1580 4604 1839 4681; x_wconf 73' lang='lat' dir='ltr'><strong>explodit.</strong></span> <span class='ocrx_word' id='word_1_730' title='bbox 1871 4605 2068 4681; x_wconf 77' lang='lat' dir='ltr'><strong>Rigalt.</strong></span> <span class='ocrx_word' id='word_1_731' title='bbox 2082 4605 2313 4681; x_wconf 63' lang='lat' dir='ltr'><strong>conjicit</strong></span> 
     </span>
    </p>
   </div>
   <div class='ocr_carea' id='block_1_101' title="bbox 713 4672 2313 4748">
    <p class='ocr_par' dir='ltr' id='par_1_101' title="bbox 713 4672 2313 4748">
     <span class='ocr_line' id='line_1_104' title="bbox 713 4672 2313 4748; baseline 0.004 -24"><span class='ocrx_word' id='word_1_732' title='bbox 713 4680 998 4748; x_wconf 72' lang='lat' dir='ltr'><strong>auctorem</strong></span> <span class='ocrx_word' id='word_1_733' title='bbox 1044 4672 1327 4748; x_wconf 82' lang='lat' dir='ltr'><strong>scripsisse</strong></span> <span class='ocrx_word' id='word_1_734' title='bbox 1364 4693 1380 4728; x_wconf 88' lang='lat'><strong>:</strong></span> <span class='ocrx_word' id='word_1_735' title='bbox 1429 4674 1616 4746; x_wconf 77' lang='lat' dir='ltr'><strong>Accipe</strong></span> <span class='ocrx_word' id='word_1_736' title='bbox 1649 4672 1768 4748; x_wconf 74' lang='lat' dir='ltr'><strong>alia</strong></span> <span class='ocrx_word' id='word_1_737' title='bbox 1806 4672 2018 4748; x_wconf 73' lang='lat' dir='ltr'><strong>ingenia</strong></span> <span class='ocrx_word' id='word_1_738' title='bbox 2068 4672 2313 4731; x_wconf 67' lang='lat' dir='ltr'><strong>Curiitca:</strong></span> 
     </span>
    </p>
   </div>
   <div class='ocr_carea' id='block_1_102' title="bbox 715 4741 2304 4818">
    <p class='ocr_par' dir='ltr' id='par_1_102' title="bbox 715 4741 2304 4818">
     <span class='ocr_line' id='line_1_105' title="bbox 715 4741 2304 4818; baseline 0.005 -22"><span class='ocrx_word' id='word_1_739' title='bbox 715 4741 955 4818; x_wconf 75' lang='lat' dir='ltr'><strong>Enniani</strong></span> <span class='ocrx_word' id='word_1_740' title='bbox 980 4743 1272 4818; x_wconf 80' lang='lat' dir='ltr'><strong>insignioris</strong></span> <span class='ocrx_word' id='word_1_741' title='bbox 1299 4749 1441 4818; x_wconf 87' lang='lat' dir='ltr'><strong>apud</strong></span> <span class='ocrx_word' id='word_1_742' title='bbox 1465 4741 1564 4801; x_wconf 54' lang='lat' dir='ltr'><strong>eos&#39;</strong></span> <span class='ocrx_word' id='word_1_743' title='bbox 1583 4747 1835 4818; x_wconf 82' lang='lat' dir='ltr'><strong>magistri.</strong></span> <span class='ocrx_word' id='word_1_744' title='bbox 1870 4741 2114 4804; x_wconf 63' lang='lat' dir='ltr'><strong>Curi-nea</strong></span> <span class='ocrx_word' id='word_1_745' title='bbox 2139 4792 2153 4814; x_wconf 92' lang='lat'><strong>,</strong></span> <span class='ocrx_word' id='word_1_746' title='bbox 2188 4757 2304 4804; x_wconf 88' lang='lat' dir='ltr'><strong>stu-</strong></span> 
     </span>
    </p>
   </div>
   <div class='ocr_carea' id='block_1_103' title="bbox 717 4813 2306 4888">
    <p class='ocr_par' dir='ltr' id='par_1_103' title="bbox 717 4813 2306 4888">
     <span class='ocr_line' id='line_1_106' title="bbox 717 4813 2306 4888; baseline 0.006 -21"><span class='ocrx_word' id='word_1_747' title='bbox 717 4815 826 4883; x_wconf 92' lang='lat' dir='ltr'><strong>pidi</strong></span> <span class='ocrx_word' id='word_1_748' title='bbox 871 4813 1448 4888; x_wconf 12' lang='lat' dir='ltr'><strong>cujusdainrmimologi</strong></span> <span class='ocrx_word' id='word_1_749' title='bbox 1476 4813 1830 4884; x_wconf 63' lang='lat' dir='ltr'><strong>nomen&#39;fuit,</strong></span> <span class='ocrx_word' id='word_1_750' title='bbox 1879 4827 1938 4873; x_wconf 93' lang='lat' dir='ltr'><strong>ut</strong></span> <span class='ocrx_word' id='word_1_751' title='bbox 1962 4813 2213 4874; x_wconf 87' lang='lat' dir='ltr'><strong>discimus</strong></span> <span class='ocrx_word' id='word_1_752' title='bbox 2239 4835 2306 4876; x_wconf 79' lang='lat' dir='ltr'><strong>ex</strong></span> 
     </span>
    </p>
   </div>
   <div class='ocr_carea' id='block_1_104' title="bbox 713 4885 2304 4956">
    <p class='ocr_par' dir='ltr' id='par_1_104' title="bbox 713 4885 2304 4956">
     <span class='ocr_line' id='line_1_107' title="bbox 713 4885 2304 4956; baseline 0.005 -19"><span class='ocrx_word' id='word_1_753' title='bbox 713 4885 884 4940; x_wconf 83' lang='lat' dir='ltr'><strong>veteri</strong></span> <span class='ocrx_word' id='word_1_754' title='bbox 914 4885 1190 4956; x_wconf 46' lang='lat' dir='ltr'><strong>iuvenalis</strong></span> <span class='ocrx_word' id='word_1_755' title='bbox 1214 4885 1507 4956; x_wconf 76' lang='lat' dir='ltr'><strong>interprete</strong></span> <span class='ocrx_word' id='word_1_756' title='bbox 1539 4889 1606 4945; x_wconf 89' lang='lat' dir='ltr'><strong>ad</strong></span> <span class='ocrx_word' id='word_1_757' title='bbox 1637 4889 1781 4945; x_wconf 87' lang='lat' dir='ltr'><strong>hunc</strong></span> <span class='ocrx_word' id='word_1_758' title='bbox 1798 4905 2014 4945; x_wconf 81' lang='lat' dir='ltr'><strong>versum</strong></span> <span class='ocrx_word' id='word_1_759' title='bbox 2036 4906 2102 4945; x_wconf 81' lang='lat' dir='ltr'><strong>ex</strong></span> <span class='ocrx_word' id='word_1_760' title='bbox 2131 4890 2304 4946; x_wconf 88' lang='lat' dir='ltr'><strong>Satira</strong></span> 
     </span>
    </p>
   </div>
   <div class='ocr_carea' id='block_1_105' title="bbox 712 4955 2306 5033">
    <p class='ocr_par' dir='ltr' id='par_1_105' title="bbox 712 4955 2306 5033">
     <span class='ocr_line' id='line_1_108' title="bbox 712 4955 2306 5033; baseline 0.004 -22"><span class='ocrx_word' id='word_1_761' title='bbox 712 4965 898 5033; x_wconf 70' lang='lat' dir='ltr'><strong>sexta:</strong></span> <span class='ocrx_word' id='word_1_762' title='bbox 921 4955 1002 5009; x_wconf 86' lang='lat' dir='ltr'><strong>Tu</strong></span> <span class='ocrx_word' id='word_1_763' title='bbox 1024 4956 1112 5010; x_wconf 88' lang='lat' dir='ltr'><strong>tibi</strong></span> <span class='ocrx_word' id='word_1_764' title='bbox 1137 4974 1290 5024; x_wconf 86' lang='lat' dir='ltr'><strong>nunc,</strong></span> <span class='ocrx_word' id='word_1_765' title='bbox 1306 4955 1569 5033; x_wconf 71' lang='lat' dir='ltr'><strong>Carruca,</strong></span> <span class='ocrx_word' id='word_1_766' title='bbox 1594 4963 1783 5033; x_wconf 86' lang='lat' dir='ltr'><strong>places.</strong></span> <span class='ocrx_word' id='word_1_767' title='bbox 1813 4963 2086 5033; x_wconf 80' lang='lat' dir='ltr'><strong>ﬂetumque</strong></span> <span class='ocrx_word' id='word_1_768' title='bbox 2112 4962 2306 5017; x_wconf 87' lang='lat' dir='ltr'><strong>labellis</strong></span> 
     </span>
    </p>
   </div>
   <div class='ocr_carea' id='block_1_106' title="bbox 714 5026 2304 5102">
    <p class='ocr_par' dir='ltr' id='par_1_106' title="bbox 714 5026 2304 5102">
     <span class='ocr_line' id='line_1_109' title="bbox 714 5026 2304 5102; baseline 0.004 -21"><span class='ocrx_word' id='word_1_769' title='bbox 714 5026 969 5102; x_wconf 56' lang='grc' dir='ltr'><strong>παρήιε.</strong></span> <span class='ocrx_word' id='word_1_770' title='bbox 998 5043 1104 5096; x_wconf 83' lang='grc' dir='ltr'><strong>(ιιιο</strong></span> <span class='ocrx_word' id='word_1_771' title='bbox 1124 5039 1271 5086; x_wconf 90' lang='lat' dir='ltr'><strong>certe</strong></span> <span class='ocrx_word' id='word_1_772' title='bbox 1301 5030 1476 5086; x_wconf 81' lang='lat' dir='ltr'><strong>latuus</strong></span> <span class='ocrx_word' id='word_1_773' title='bbox 1490 5026 1682 5101; x_wconf 83' lang='lat' dir='ltr'><strong>aliquis</strong></span> <span class='ocrx_word' id='word_1_774' title='bbox 1702 5026 2042 5089; x_wconf 74' lang='lat' dir='ltr'><strong>describitur.</strong></span> <span class='ocrx_word' id='word_1_775' title='bbox 2071 5034 2304 5102; x_wconf 81' lang='lat' dir='ltr'><strong>llujusce</strong></span> 
     </span>
    </p>
   </div>
   <div class='ocr_carea' id='block_1_107' title="bbox 711 5098 2305 5174">
    <p class='ocr_par' dir='ltr' id='par_1_107' title="bbox 711 5098 2305 5174">
     <span class='ocr_line' id='line_1_110' title="bbox 711 5098 2305 5174; baseline 0.004 -23"><span class='ocrx_word' id='word_1_776' title='bbox 711 5108 891 5174; x_wconf 71' lang='lat' dir='ltr'><strong>aiiiem</strong></span> <span class='ocrx_word' id='word_1_777' title='bbox 917 5098 1172 5174; x_wconf 69' lang='lat' dir='ltr'><strong>Cur_ruc;n</strong></span> <span class='ocrx_word' id='word_1_778' title='bbox 1198 5111 1377 5174; x_wconf 88' lang='lat' dir='ltr'><strong>aptam</strong></span> <span class='ocrx_word' id='word_1_779' title='bbox 1421 5098 1662 5174; x_wconf 79' lang='lat' dir='ltr'><strong>ridiculis</strong></span> <span class='ocrx_word' id='word_1_780' title='bbox 1695 5119 1975 5172; x_wconf 86' lang='lat' dir='ltr'><strong>personam</strong></span> <span class='ocrx_word' id='word_1_781' title='bbox 2007 5098 2210 5174; x_wconf 83' lang='lat' dir='ltr'><strong>primus</strong></span> <span class='ocrx_word' id='word_1_782' title='bbox 2247 5113 2305 5159; x_wconf 94' lang='lat' dir='ltr'><strong>ut</strong></span> 
     </span>
    </p>
   </div>
   <div class='ocr_carea' id='block_1_108' title="bbox 712 5170 2304 5237">
    <p class='ocr_par' dir='ltr' id='par_1_108' title="bbox 712 5170 2304 5237">
     <span class='ocr_line' id='line_1_111' title="bbox 712 5170 2304 5237; baseline 0.003 -13"><span class='ocrx_word' id='word_1_783' title='bbox 712 5170 954 5237; x_wconf 89' lang='lat' dir='ltr'><strong>videtur,</strong></span> <span class='ocrx_word' id='word_1_784' title='bbox 1004 5170 1209 5228; x_wconf 85' lang='lat' dir='ltr'><strong>Ennius</strong></span> <span class='ocrx_word' id='word_1_785' title='bbox 1237 5170 1575 5228; x_wconf 70' lang='lat' dir='ltr'><strong>introduxit.</strong></span> <span class='ocrx_word' id='word_1_786' title='bbox 1621 5170 1776 5230; x_wconf 79' lang='lat' dir='ltr'><strong>Unde</strong></span> <span class='ocrx_word' id='word_1_787' title='bbox 1813 5170 2174 5229; x_wconf 84' lang='lat' dir='ltr'><strong>Tertullianus</strong></span> <span class='ocrx_word' id='word_1_788' title='bbox 2201 5174 2304 5230; x_wconf 87' lang='lat' dir='ltr'><strong>hoc</strong></span> 
     </span>
    </p>
   </div>
   <div class='ocr_carea' id='block_1_109' title="bbox 710 5241 2304 5314">
    <p class='ocr_par' dir='ltr' id='par_1_109' title="bbox 710 5241 2304 5314">
     <span class='ocr_line' id='line_1_112' title="bbox 710 5241 2304 5314; baseline 0.003 -18"><span class='ocrx_word' id='word_1_789' title='bbox 710 5241 832 5297; x_wconf 90' lang='lat' dir='ltr'><strong>loco</strong></span> <span class='ocrx_word' id='word_1_790' title='bbox 855 5243 1086 5312; x_wconf 88' lang='lat' dir='ltr'><strong>aliquem</strong></span> <span class='ocrx_word' id='word_1_791' title='bbox 1127 5257 1159 5299; x_wconf 89' lang='lat' dir='ltr'><strong>e</strong></span> <span class='ocrx_word' id='word_1_792' title='bbox 1185 5245 1496 5314; x_wconf 85' lang='lat' dir='ltr'><strong>proceribus</strong></span> <span class='ocrx_word' id='word_1_793' title='bbox 1523 5245 1910 5300; x_wconf 86' lang='lat' dir='ltr'><strong>Valentinianis</strong></span> <span class='ocrx_word' id='word_1_794' title='bbox 1952 5246 2304 5301; x_wconf 84' lang='lat' dir='ltr'><strong>deliramenta</strong></span> 
     </span>
    </p>
   </div>
   <div class='ocr_carea' id='block_1_110' title="bbox 710 5313 2301 5386">
    <p class='ocr_par' dir='ltr' id='par_1_110' title="bbox 710 5313 2301 5386">
     <span class='ocr_line' id='line_1_113' title="bbox 710 5313 2301 5386; baseline 0.003 -19"><span class='ocrx_word' id='word_1_795' title='bbox 710 5329 836 5381; x_wconf 87' lang='lat' dir='ltr'><strong>sua,</strong></span> <span class='ocrx_word' id='word_1_796' title='bbox 887 5324 1136 5386; x_wconf 88' lang='lat' dir='ltr'><strong>tanquam</strong></span> <span class='ocrx_word' id='word_1_797' title='bbox 1180 5313 1338 5368; x_wconf 74' lang='lat' dir='ltr'><strong>etlata</strong></span> <span class='ocrx_word' id='word_1_798' title='bbox 1383 5316 1724 5386; x_wconf 85' lang='lat' dir='ltr'><strong>pootilicialia</strong></span> <span class='ocrx_word' id='word_1_799' title='bbox 1769 5317 1947 5372; x_wconf 88' lang='lat' dir='ltr'><strong>verbis</strong></span> <span class='ocrx_word' id='word_1_800' title='bbox 1995 5317 2062 5372; x_wconf 88' lang='lat' dir='ltr'><strong>ad</strong></span> <span class='ocrx_word' id='word_1_801' title='bbox 2109 5317 2301 5372; x_wconf 78' lang='lat' dir='ltr'><strong>fastum</strong></span> 
     </span>
    </p>
   </div>
   <div class='ocr_carea' id='block_1_111' title="bbox 708 5385 2306 5454">
    <p class='ocr_par' dir='ltr' id='par_1_111' title="bbox 708 5385 2306 5454">
     <span class='ocr_line' id='line_1_114' title="bbox 708 5385 2306 5454; baseline 0.003 -15"><span class='ocrx_word' id='word_1_802' title='bbox 708 5385 1021 5454; x_wconf 87' lang='lat' dir='ltr'><strong>compositis</strong></span> <span class='ocrx_word' id='word_1_803' title='bbox 1060 5385 1492 5454; x_wconf 86' lang='lat' dir='ltr'><strong>pronuntiantem</strong></span> <span class='ocrx_word' id='word_1_804' title='bbox 1513 5388 1806 5444; x_wconf 85' lang='lat' dir='ltr'><strong>Currucam</strong></span> <span class='ocrx_word' id='word_1_805' title='bbox 1837 5388 2139 5443; x_wconf 89' lang='lat' dir='ltr'><strong>Ennianum</strong></span> <span class='ocrx_word' id='word_1_806' title='bbox 2169 5405 2306 5443; x_wconf 77' lang='lat' dir='ltr'><strong>rion-</strong></span> 
     </span>
    </p>
   </div>
   <div class='ocr_carea' id='block_1_112' title="bbox 707 5455 2296 5532">
    <p class='ocr_par' dir='ltr' id='par_1_112' title="bbox 707 5455 2296 5532">
     <span class='ocr_line' id='line_1_115' title="bbox 707 5455 2296 5532; baseline 0.004 -24"><span class='ocrx_word' id='word_1_807' title='bbox 707 5455 1363 5532; x_wconf 56' lang='lat' dir='ltr'><strong>_c_i_ipavit._Teriuliianum</strong></span> <span class='ocrx_word' id='word_1_808' title='bbox 1389 5473 1520 5532; x_wconf 75' lang='lat' dir='ltr'><strong>vero</strong></span> <span class='ocrx_word' id='word_1_809' title='bbox 1548 5461 1780 5514; x_wconf 86' lang='lat' dir='ltr'><strong>imitatus</strong></span> <span class='ocrx_word' id='word_1_810' title='bbox 1811 5471 1894 5514; x_wconf 89' lang='lat' dir='ltr'><strong>est</strong></span> <span class='ocrx_word' id='word_1_811' title='bbox 1918 5459 2296 5532; x_wconf 83' lang='lat' dir='ltr'><strong>Hieronymus,</strong></span> 
     </span>
    </p>
   </div>
   <div class='ocr_carea' id='block_1_113' title="bbox 705 5525 2304 5603">
    <p class='ocr_par' dir='ltr' id='par_1_113' title="bbox 705 5525 2304 5603">
     <span class='ocr_line' id='line_1_116' title="bbox 705 5525 2304 5603; baseline 0.004 -24"><span class='ocrx_word' id='word_1_812' title='bbox 705 5527 847 5603; x_wconf 76' lang='lat' dir='ltr'><strong>libro</strong></span> <span class='ocrx_word' id='word_1_813' title='bbox 893 5525 1019 5603; x_wconf 57' lang='lat' dir='ltr'><strong>adv:</strong></span> <span class='ocrx_word' id='word_1_814' title='bbox 1067 5526 1338 5603; x_wconf 73' lang='lat' dir='ltr'><strong>Bullinum</strong></span> <span class='ocrx_word' id='word_1_815' title='bbox 1366 5529 1522 5603; x_wconf 7' lang='lat' dir='ltr'><strong>:JSed</strong></span> <span class='ocrx_word' id='word_1_816' title='bbox 1550 5547 1641 5585; x_wconf 89' lang='lat' dir='ltr'><strong>nos</strong></span> <span class='ocrx_word' id='word_1_817' title='bbox 1685 5532 1911 5586; x_wconf 82' lang='lat' dir='ltr'><strong>homines</strong></span> <span class='ocrx_word' id='word_1_818' title='bbox 1956 5525 2213 5603; x_wconf 78' lang='lat' dir='ltr'><strong>simplices</strong></span> <span class='ocrx_word' id='word_1_819' title='bbox 2257 5525 2304 5586; x_wconf 90' lang='lat' dir='ltr'><strong>et</strong></span> 
     </span>
    </p>
   </div>
   <div class='ocr_carea' id='block_1_114' title="bbox 705 5595 2302 5674">
    <p class='ocr_par' dir='ltr' id='par_1_114' title="bbox 705 5595 2302 5674">
     <span class='ocr_line' id='line_1_117' title="bbox 705 5595 2302 5674; baseline 0.006 -25"><span class='ocrx_word' id='word_1_820' title='bbox 705 5595 946 5674; x_wconf 72' lang='lat' dir='ltr'><strong>Carruca:</strong></span> <span class='ocrx_word' id='word_1_821' title='bbox 972 5596 1231 5674; x_wconf 65' lang='lat' dir='ltr'><strong>Enniani,</strong></span> <span class='ocrx_word' id='word_1_822' title='bbox 1250 5601 1505 5674; x_wconf 10' lang='lat' dir='ltr'><strong>necfillius</strong></span> <span class='ocrx_word' id='word_1_823' title='bbox 1533 5603 1833 5672; x_wconf 86' lang='lat' dir='ltr'><strong>sapientiam</strong></span> <span class='ocrx_word' id='word_1_824' title='bbox 1857 5645 1871 5666; x_wconf 93' lang='lat'><strong>,</strong></span> <span class='ocrx_word' id='word_1_825' title='bbox 1907 5619 1996 5657; x_wconf 88' lang='lat' dir='ltr'><strong>nec</strong></span> <span class='ocrx_word' id='word_1_826' title='bbox 2026 5595 2187 5672; x_wconf 79' lang='lat' dir='ltr'><strong>tuam,</strong></span> <span class='ocrx_word' id='word_1_827' title='bbox 2215 5605 2302 5674; x_wconf 86' lang='lat' dir='ltr'><strong>qui</strong></span> 
     </span>
    </p>
   </div>
   <div class='ocr_carea' id='block_1_115' title="bbox 709 5669 1808 5743">
    <p class='ocr_par' dir='ltr' id='par_1_115' title="bbox 709 5669 1808 5743">
     <span class='ocr_line' id='line_1_118' title="bbox 709 5669 1808 5743; baseline 0.005 -21"><span class='ocrx_word' id='word_1_828' title='bbox 709 5669 1068 5743; x_wconf 61' lang='lat' dir='ltr'><strong>interpretatus</strong></span> <span class='ocrx_word' id='word_1_829' title='bbox 1096 5687 1148 5725; x_wconf 89' lang='lat' dir='ltr'><strong>es</strong></span> <span class='ocrx_word' id='word_1_830' title='bbox 1166 5713 1186 5743; x_wconf 17' lang='grc' dir='ltr'><strong>,Α</strong></span> <span class='ocrx_word' id='word_1_831' title='bbox 1214 5672 1496 5743; x_wconf 86' lang='lat' dir='ltr'><strong>intelligere</strong></span> <span class='ocrx_word' id='word_1_832' title='bbox 1522 5669 1808 5740; x_wconf 83' lang='lat' dir='ltr'><strong>possumus.</strong></span> 
     </span>
    </p>
   </div>
   <div class='ocr_carea' id='block_1_116' title="bbox 779 5739 2302 5816">
    <p class='ocr_par' dir='ltr' id='par_1_116' title="bbox 779 5739 2302 5816">
     <span class='ocr_line' id='line_1_119' title="bbox 779 5739 2302 5816; baseline 0.003 -23"><span class='ocrx_word' id='word_1_833' title='bbox 779 5739 966 5807; x_wconf 72' lang='grc' dir='ltr'><strong>ΟιιιΑ,</strong></span> <span class='ocrx_word' id='word_1_834' title='bbox 995 5756 1092 5816; x_wconf 82' lang='lat' dir='ltr'><strong>seu</strong></span> <span class='ocrx_word' id='word_1_835' title='bbox 1115 5741 1299 5816; x_wconf 82' lang='lat' dir='ltr'><strong>sciriu,</strong></span> <span class='ocrx_word' id='word_1_836' title='bbox 1333 5739 1483 5811; x_wconf 77' lang='lat' dir='ltr'><strong>pellis</strong></span> <span class='ocrx_word' id='word_1_837' title='bbox 1508 5739 1716 5800; x_wconf 84' lang='lat' dir='ltr'><strong>leonina</strong></span> <span class='ocrx_word' id='word_1_838' title='bbox 1742 5788 1756 5811; x_wconf 92' lang='lat'><strong>,</strong></span> <span class='ocrx_word' id='word_1_839' title='bbox 1784 5760 1903 5816; x_wconf 64' lang='lat' dir='ltr'><strong>quae</strong></span> <span class='ocrx_word' id='word_1_840' title='bbox 1931 5745 2149 5801; x_wconf 90' lang='lat' dir='ltr'><strong>minime</strong></span> <span class='ocrx_word' id='word_1_841' title='bbox 2175 5746 2302 5801; x_wconf 85' lang='lat' dir='ltr'><strong>sub-</strong></span> 
     </span>
    </p>
   </div>
   <div class='ocr_carea' id='block_1_117' title="bbox 706 5810 2294 5887">
    <p class='ocr_par' dir='ltr' id='par_1_117' title="bbox 706 5810 2294 5887">
     <span class='ocr_line' id='line_1_120' title="bbox 706 5810 2294 5887; baseline 0.004 -22"><span class='ocrx_word' id='word_1_842' title='bbox 706 5818 953 5887; x_wconf 39' lang='lat' dir='ltr'><strong>actaAest,</strong></span> <span class='ocrx_word' id='word_1_843' title='bbox 986 5810 1082 5887; x_wconf 69' lang='lat' dir='ltr'><strong>sed</strong></span> <span class='ocrx_word' id='word_1_844' title='bbox 1103 5811 1271 5887; x_wconf 84' lang='lat' dir='ltr'><strong>crudo</strong></span> <span class='ocrx_word' id='word_1_845' title='bbox 1311 5810 1515 5882; x_wconf 84' lang='lat' dir='ltr'><strong>gestatu</strong></span> <span class='ocrx_word' id='word_1_846' title='bbox 1557 5810 1857 5887; x_wconf 77' lang='lat' dir='ltr'><strong>exaretacia</strong></span> <span class='ocrx_word' id='word_1_847' title='bbox 1887 5816 2172 5872; x_wconf 89' lang='lat' dir='ltr'><strong>inhorruit.</strong></span> <span class='ocrx_word' id='word_1_848' title='bbox 2218 5818 2294 5887; x_wconf 89' lang='lat' dir='ltr'><strong>ll,</strong></span> 
     </span>
    </p>
   </div>
   <div class='ocr_carea' id='block_1_118' title="bbox 709 5879 2224 5948">
    <p class='ocr_par' dir='ltr' id='par_1_118' title="bbox 709 5879 2224 5948">
     <span class='ocr_line' id='line_1_121' title="bbox 709 5879 2224 5948; baseline 0.005 -11"><span class='ocrx_word' id='word_1_849' title='bbox 709 5880 850 5937; x_wconf 68' lang='lat'><strong>1012</strong></span> <span class='ocrx_word' id='word_1_850' title='bbox 875 5881 940 5948; x_wconf 87' lang='lat' dir='ltr'><strong>A,</strong></span> <span class='ocrx_word' id='word_1_851' title='bbox 974 5879 1060 5934; x_wconf 84' lang='lat' dir='ltr'><strong>Ne</strong></span> <span class='ocrx_word' id='word_1_852' title='bbox 1079 5879 1568 5940; x_wconf 56' lang='lat' dir='ltr'><strong>cervicem&#39;enervcm</strong></span> <span class='ocrx_word' id='word_1_853' title='bbox 1589 5886 1810 5942; x_wconf 88' lang='lat' dir='ltr'><strong>inureret</strong></span> <span class='ocrx_word' id='word_1_854' title='bbox 1839 5891 1962 5942; x_wconf 82' lang='lat' dir='ltr'><strong>riria</strong></span> <span class='ocrx_word' id='word_1_855' title='bbox 2001 5889 2224 5944; x_wconf 87' lang='lat' dir='ltr'><strong>leonina.</strong></span> 
     </span>
    </p>
   </div>
   <div class='ocr_carea' id='block_1_119' title="bbox 775 5948 2292 6030">
    <p class='ocr_par' dir='ltr' id='par_1_119' title="bbox 775 5948 2292 6030">
     <span class='ocr_line' id='line_1_122' title="bbox 775 5948 2292 6030; baseline 0.009 -22"><span class='ocrx_word' id='word_1_856' title='bbox 775 5948 993 6014; x_wconf 77' lang='lat' dir='ltr'><strong>Cianus.</strong></span> <span class='ocrx_word' id='word_1_857' title='bbox 1021 5951 1094 6025; x_wconf 80' lang='lat' dir='ltr'><strong>ll,</strong></span> <span class='ocrx_word' id='word_1_858' title='bbox 1123 5953 1230 6014; x_wconf 72' lang='lat'><strong>9015</strong></span> <span class='ocrx_word' id='word_1_859' title='bbox 1272 5959 1310 6010; x_wconf 80' lang='grc' dir='ltr'><strong>Λ</strong></span> <span class='ocrx_word' id='word_1_860' title='bbox 1333 5998 1348 6025; x_wconf 89' lang='grc'><strong><em>,</em></strong></span> <span class='ocrx_word' id='word_1_861' title='bbox 1396 5954 1496 6012; x_wconf 82' lang='lat' dir='ltr'><strong>Aut</strong></span> <span class='ocrx_word' id='word_1_862' title='bbox 1521 5953 1681 6016; x_wconf 82' lang='lat' dir='ltr'><strong>cirros</strong></span> <span class='ocrx_word' id='word_1_863' title='bbox 1732 5959 2149 6030; x_wconf 64' lang='lat' dir='ltr'><strong>Gerntanoruut,,</strong></span> <span class='ocrx_word' id='word_1_864' title='bbox 2177 5961 2215 6019; x_wconf 92' lang='lat' dir='ltr'><strong>i.</strong></span> <span class='ocrx_word' id='word_1_865' title='bbox 2241 5976 2292 6021; x_wconf 89' lang='lat' dir='ltr'><strong>e.</strong></span> 
     </span>
    </p>
   </div>
   <div class='ocr_carea' id='block_1_120' title="bbox 2424 3395 2667 3452">
    <p class='ocr_par' dir='ltr' id='par_1_120' title="bbox 2424 3395 2667 3452">
     <span class='ocr_line' id='line_1_123' title="bbox 2424 3395 2667 3452; baseline -0.012 -15"><span class='ocrx_word' id='word_1_866' title='bbox 2424 3395 2667 3452; x_wconf 86' lang='lat' dir='ltr'><strong>corpore.</strong></span> 
     </span>
    </p>
   </div>
   <div class='ocr_carea' id='block_1_121' title="bbox 2494 3454 4025 3528">
    <p class='ocr_par' dir='ltr' id='par_1_121' title="bbox 2494 3454 4025 3528">
     <span class='ocr_line' id='line_1_124' title="bbox 2494 3454 4025 3528; baseline -0.001 -19"><span class='ocrx_word' id='word_1_867' title='bbox 2494 3455 2804 3512; x_wconf 72' lang='lat' dir='ltr'><strong>COAGULUM.</strong></span> <span class='ocrx_word' id='word_1_868' title='bbox 2842 3454 2906 3522; x_wconf 89' lang='lat' dir='ltr'><strong>ll,</strong></span> <span class='ocrx_word' id='word_1_869' title='bbox 2953 3455 3059 3511; x_wconf 87' lang='lat'><strong>785</strong></span> <span class='ocrx_word' id='word_1_870' title='bbox 3081 3457 3147 3521; x_wconf 83' lang='lat' dir='ltr'><strong>A,</strong></span> <span class='ocrx_word' id='word_1_871' title='bbox 3181 3454 3320 3510; x_wconf 84' lang='lat' dir='ltr'><strong>Nam</strong></span> <span class='ocrx_word' id='word_1_872' title='bbox 3345 3472 3408 3510; x_wconf 77' lang='lat' dir='ltr'><strong>ea:</strong></span> <span class='ocrx_word' id='word_1_873' title='bbox 3433 3455 3650 3528; x_wconf 88' lang='lat' dir='ltr'><strong>coagulo</strong></span> <span class='ocrx_word' id='word_1_874' title='bbox 3676 3455 3727 3509; x_wconf 91' lang='lat' dir='ltr'><strong>in</strong></span> <span class='ocrx_word' id='word_1_875' title='bbox 3755 3472 3906 3510; x_wconf 86' lang='lat' dir='ltr'><strong>caseo</strong></span> <span class='ocrx_word' id='word_1_876' title='bbox 3953 3457 4025 3508; x_wconf 76' lang='lat' dir='ltr'><strong>vis</strong></span> 
     </span>
    </p>
   </div>
   <div class='ocr_carea' id='block_1_122' title="bbox 2423 3528 4025 3652">
    <p class='ocr_par' dir='ltr' id='par_1_122' title="bbox 2423 3528 4025 3652">
     <span class='ocr_line' id='line_1_125' title="bbox 2423 3528 4025 3652; baseline -0.001 -71"><span class='ocrx_word' id='word_1_877' title='bbox 2423 3535 2497 3652; x_wconf 59' lang='lat' dir='ltr'><strong>[est</strong></span> <span class='ocrx_word' id='word_1_878' title='bbox 2533 3528 2854 3610; x_wconf 38' lang='lat' dir='ltr'><strong>.substantiw,</strong></span> <span class='ocrx_word' id='word_1_879' title='bbox 2925 3543 3077 3598; x_wconf 88' lang='lat' dir='ltr'><strong>quam</strong></span> <span class='ocrx_word' id='word_1_880' title='bbox 3125 3528 3426 3583; x_wconf 83' lang='lat' dir='ltr'><strong>medicande</strong></span> <span class='ocrx_word' id='word_1_881' title='bbox 3470 3528 3794 3599; x_wconf 86' lang='lat' dir='ltr'><strong>constringit,</strong></span> <span class='ocrx_word' id='word_1_882' title='bbox 3839 3529 3894 3582; x_wconf 87' lang='lat' dir='ltr'><strong>id</strong></span> <span class='ocrx_word' id='word_1_883' title='bbox 3952 3539 4025 3581; x_wconf 79' lang='lat' dir='ltr'><strong>ist</strong></span> 
     </span>
     <span class='ocr_line' id='line_1_126' title="bbox 2445 3609 2590 3652; baseline 0.007 -1"><span class='ocrx_word' id='word_1_884' title='bbox 2445 3609 2590 3652; x_wconf 80' lang='lat' dir='ltr'><strong>actis.</strong></span> 
     </span>
    </p>
   </div>
   <div class='ocr_carea' id='block_1_123' title="bbox 2445 3600 2590 3654">
    <p class='ocr_par' dir='ltr' id='par_1_123' title="bbox 2445 3600 2590 3654">
     <span class='ocr_line' id='line_1_127' title="bbox 2445 3600 2590 3654; baseline 0.021 -3"><span class='ocrx_word' id='word_1_885' title='bbox 2445 3600 2590 3654; x_wconf 85' lang='lat' dir='ltr'><strong>actis.</strong></span> 
     </span>
    </p>
   </div>
   <div class='ocr_carea' id='block_1_124' title="bbox 2494 3670 4024 3741">
    <p class='ocr_par' dir='ltr' id='par_1_124' title="bbox 2494 3670 4024 3741">
     <span class='ocr_line' id='line_1_128' title="bbox 2494 3670 4024 3741; baseline 0.001 -16"><span class='ocrx_word' id='word_1_886' title='bbox 2494 3671 2769 3735; x_wconf 76' lang='lat' dir='ltr'><strong>Coceruu,</strong></span> <span class='ocrx_word' id='word_1_887' title='bbox 2819 3679 2902 3727; x_wconf 86' lang='lat' dir='ltr'><strong>est</strong></span> <span class='ocrx_word' id='word_1_888' title='bbox 2941 3685 3108 3741; x_wconf 84' lang='lat' dir='ltr'><strong>genus</strong></span> <span class='ocrx_word' id='word_1_889' title='bbox 3153 3670 3336 3736; x_wconf 90' lang='lat' dir='ltr'><strong>edulii,</strong></span> <span class='ocrx_word' id='word_1_890' title='bbox 3381 3679 3439 3725; x_wconf 91' lang='lat' dir='ltr'><strong>nt</strong></span> <span class='ocrx_word' id='word_1_891' title='bbox 3486 3670 3642 3726; x_wconf 92' lang='lat' dir='ltr'><strong>docet</strong></span> <span class='ocrx_word' id='word_1_892' title='bbox 3690 3670 3906 3736; x_wconf 82' lang='lat' dir='ltr'><strong>Festus,</strong></span> <span class='ocrx_word' id='word_1_893' title='bbox 3958 3688 4024 3727; x_wconf 80' lang='lat' dir='ltr'><strong>ex</strong></span> 
     </span>
    </p>
   </div>
   <div class='ocr_carea' id='block_1_125' title="bbox 2423 3741 4026 3812">
    <p class='ocr_par' dir='ltr' id='par_1_125' title="bbox 2423 3741 4026 3812">
     <span class='ocr_line' id='line_1_129' title="bbox 2423 3741 4026 3812; baseline 0.001 -17"><span class='ocrx_word' id='word_1_894' title='bbox 2423 3742 2582 3797; x_wconf 89' lang='lat' dir='ltr'><strong>melle</strong></span> <span class='ocrx_word' id='word_1_895' title='bbox 2607 3752 2660 3796; x_wconf 92' lang='lat' dir='ltr'><strong>et</strong></span> <span class='ocrx_word' id='word_1_896' title='bbox 2683 3757 2946 3812; x_wconf 89' lang='lat' dir='ltr'><strong>papavere</strong></span> <span class='ocrx_word' id='word_1_897' title='bbox 2973 3743 3190 3799; x_wconf 80' lang='lat' dir='ltr'><strong>factum.</strong></span> <span class='ocrx_word' id='word_1_898' title='bbox 3224 3742 3328 3798; x_wconf 89' lang='lat' dir='ltr'><strong>Sed</strong></span> <span class='ocrx_word' id='word_1_899' title='bbox 3359 3741 3498 3811; x_wconf 88' lang='lat' dir='ltr'><strong>apud</strong></span> <span class='ocrx_word' id='word_1_900' title='bbox 3545 3751 3753 3812; x_wconf 87' lang='lat' dir='ltr'><strong>veteres</strong></span> <span class='ocrx_word' id='word_1_901' title='bbox 3798 3756 4026 3812; x_wconf 89' lang='lat' dir='ltr'><strong>usurpa-</strong></span> 
     </span>
    </p>
   </div>
   <div class='ocr_carea' id='block_1_126' title="bbox 2425 3811 4025 3884">
    <p class='ocr_par' dir='ltr' id='par_1_126' title="bbox 2425 3811 4025 3884">
     <span class='ocr_line' id='line_1_130' title="bbox 2425 3811 4025 3884; baseline 0.001 -19"><span class='ocrx_word' id='word_1_902' title='bbox 2425 3820 2547 3884; x_wconf 83' lang='lat' dir='ltr'><strong>tum</strong></span> <span class='ocrx_word' id='word_1_903' title='bbox 2579 3815 2738 3868; x_wconf 92' lang='lat' dir='ltr'><strong>etiam</strong></span> <span class='ocrx_word' id='word_1_904' title='bbox 2758 3811 2762 3812; x_wconf 28' lang='grc' dir='ltr'>ί</span> <span class='ocrx_word' id='word_1_905' title='bbox 2782 3823 2865 3868; x_wconf 86' lang='lat' dir='ltr'><strong>est</strong></span> <span class='ocrx_word' id='word_1_906' title='bbox 2896 3830 2992 3883; x_wconf 91' lang='lat' dir='ltr'><strong>pro</strong></span> <span class='ocrx_word' id='word_1_907' title='bbox 3035 3823 3161 3884; x_wconf 91' lang='lat' dir='ltr'><strong>potu</strong></span> <span class='ocrx_word' id='word_1_908' title='bbox 3213 3813 3455 3868; x_wconf 88' lang='lat' dir='ltr'><strong>miscello</strong></span> <span class='ocrx_word' id='word_1_909' title='bbox 3483 3823 3536 3867; x_wconf 90' lang='lat' dir='ltr'><strong>et</strong></span> <span class='ocrx_word' id='word_1_910' title='bbox 3559 3829 3624 3884; x_wconf 59' lang='lat' dir='ltr'><strong>ex</strong></span> <span class='ocrx_word' id='word_1_911' title='bbox 3654 3811 3816 3884; x_wconf 86' lang='lat' dir='ltr'><strong>rebus</strong></span> <span class='ocrx_word' id='word_1_912' title='bbox 3858 3811 4025 3867; x_wconf 79' lang='lat' dir='ltr'><strong>variis</strong></span> 
     </span>
    </p>
   </div>
   <div class='ocr_carea' id='block_1_127' title="bbox 2420 3883 4018 3953">
    <p class='ocr_par' dir='ltr' id='par_1_127' title="bbox 2420 3883 4018 3953">
     <span class='ocr_line' id='line_1_131' title="bbox 2420 3883 4018 3953; baseline 0.002 -17"><span class='ocrx_word' id='word_1_913' title='bbox 2420 3883 2688 3948; x_wconf 80' lang='lat' dir='ltr'><strong>confecto,</strong></span> <span class='ocrx_word' id='word_1_914' title='bbox 2714 3897 2772 3940; x_wconf 93' lang='lat' dir='ltr'><strong>ut</strong></span> <span class='ocrx_word' id='word_1_915' title='bbox 2808 3886 2906 3939; x_wconf 85' lang='lat' dir='ltr'><strong>t&#39;oit</strong></span> <span class='ocrx_word' id='word_1_916' title='bbox 2950 3883 3051 3941; x_wconf 82' lang='lat' dir='ltr'><strong>ille</strong></span> <span class='ocrx_word' id='word_1_917' title='bbox 3086 3884 3348 3951; x_wconf 87' lang='lat' dir='ltr'><strong>Nestoris,</strong></span> <span class='ocrx_word' id='word_1_918' title='bbox 3393 3884 3546 3940; x_wconf 88' lang='lat' dir='ltr'><strong>llom.</strong></span> <span class='ocrx_word' id='word_1_919' title='bbox 3579 3883 3641 3952; x_wconf 90' lang='lat' dir='ltr'><strong>ll,</strong></span> <span class='ocrx_word' id='word_1_920' title='bbox 3671 3883 3792 3953; x_wconf 67' lang='lat'><strong>1.],</strong></span> <span class='ocrx_word' id='word_1_921' title='bbox 3822 3885 3935 3941; x_wconf 84' lang='lat'><strong>562</strong></span> <span class='ocrx_word' id='word_1_922' title='bbox 3959 3885 4018 3952; x_wconf 83' lang='lat' dir='ltr'><strong>ll,</strong></span> 
     </span>
    </p>
   </div>
   <div class='ocr_carea' id='block_1_128' title="bbox 2423 3953 2919 4011">
    <p class='ocr_par' dir='ltr' id='par_1_128' title="bbox 2423 3953 2919 4011">
     <span class='ocr_line' id='line_1_132' title="bbox 2423 3953 2919 4011; baseline -0.002 0"><span class='ocrx_word' id='word_1_923' title='bbox 2423 3953 2654 4011; x_wconf 80' lang='lat' dir='ltr'><strong>Nestoris</strong></span> <span class='ocrx_word' id='word_1_924' title='bbox 2675 3967 2919 4011; x_wconf 89' lang='lat' dir='ltr'><strong>cocetum.</strong></span> 
     </span>
    </p>
   </div>
   <div class='ocr_carea' id='block_1_129' title="bbox 2491 4027 3911 4101">
    <p class='ocr_par' dir='ltr' id='par_1_129' title="bbox 2491 4027 3911 4101">
     <span class='ocr_line' id='line_1_133' title="bbox 2491 4027 3911 4101; baseline -0.001 -18"><span class='ocrx_word' id='word_1_925' title='bbox 2491 4029 2685 4094; x_wconf 79' lang='lat' dir='ltr'><strong>Cocvs,</strong></span> <span class='ocrx_word' id='word_1_926' title='bbox 2714 4045 2810 4098; x_wconf 87' lang='lat' dir='ltr'><strong>pro</strong></span> <span class='ocrx_word' id='word_1_927' title='bbox 2836 4043 3061 4101; x_wconf 82' lang='lat' dir='ltr'><strong>coquus,</strong></span> <span class='ocrx_word' id='word_1_928' title='bbox 3111 4028 3153 4089; x_wconf 90' lang='grc' dir='ltr'><strong>Ι.</strong></span> <span class='ocrx_word' id='word_1_929' title='bbox 3181 4027 3289 4084; x_wconf 78' lang='lat'><strong>272</strong></span> <span class='ocrx_word' id='word_1_930' title='bbox 3331 4029 3398 4096; x_wconf 79' lang='grc' dir='ltr'><strong>Α,</strong></span> <span class='ocrx_word' id='word_1_931' title='bbox 3433 4027 3541 4083; x_wconf 77' lang='lat'><strong>282</strong></span> <span class='ocrx_word' id='word_1_932' title='bbox 3567 4030 3717 4101; x_wconf 10' lang='lat' dir='ltr'><strong>A.iet</strong></span> <span class='ocrx_word' id='word_1_933' title='bbox 3742 4042 3911 4101; x_wconf 63' lang='lat' dir='ltr'><strong>saepe.</strong></span> 
     </span>
    </p>
   </div>
   <div class='ocr_carea' id='block_1_130' title="bbox 2491 4099 4017 4168">
    <p class='ocr_par' dir='ltr' id='par_1_130' title="bbox 2491 4099 4017 4168">
     <span class='ocr_line' id='line_1_134' title="bbox 2491 4099 4017 4168; baseline 0.001 -13"><span class='ocrx_word' id='word_1_934' title='bbox 2491 4099 2966 4168; x_wconf 70' lang='lat' dir='ltr'><strong>thaueurnus,</strong></span> <span class='ocrx_word' id='word_1_935' title='bbox 3023 4099 3087 4166; x_wconf 87' lang='lat' dir='ltr'><strong>ll,</strong></span> <span class='ocrx_word' id='word_1_936' title='bbox 3142 4102 3247 4158; x_wconf 83' lang='grc'><strong>577</strong></span> <span class='ocrx_word' id='word_1_937' title='bbox 3289 4102 3354 4168; x_wconf 74' lang='grc' dir='ltr'><strong>Α,</strong></span> <span class='ocrx_word' id='word_1_938' title='bbox 3407 4101 3515 4156; x_wconf 88' lang='lat' dir='ltr'><strong>vid.</strong></span> <span class='ocrx_word' id='word_1_939' title='bbox 3581 4100 3699 4156; x_wconf 82' lang='lat' dir='ltr'><strong>adv.</strong></span> <span class='ocrx_word' id='word_1_940' title='bbox 3761 4099 4017 4156; x_wconf 82' lang='lat' dir='ltr'><strong>Valentia.</strong></span> 
     </span>
    </p>
   </div>
   <div class='ocr_carea' id='block_1_131' title="bbox 2416 4174 2681 4241">
    <p class='ocr_par' dir='ltr' id='par_1_131' title="bbox 2416 4174 2681 4241">
     <span class='ocr_line' id='line_1_135' title="bbox 2416 4174 2681 4241; baseline -0.004 -15"><span class='ocrx_word' id='word_1_941' title='bbox 2416 4185 2539 4241; x_wconf 85' lang='lat' dir='ltr'><strong>cap.</strong></span> <span class='ocrx_word' id='word_1_942' title='bbox 2591 4174 2681 4227; x_wconf 73' lang='lat'><strong>25.</strong></span> 
     </span>
    </p>
   </div>
   <div class='ocr_carea' id='block_1_132' title="bbox 2488 4242 4015 4312">
    <p class='ocr_par' dir='ltr' id='par_1_132' title="bbox 2488 4242 4015 4312">
     <span class='ocr_line' id='line_1_136' title="bbox 2488 4242 4015 4312; baseline -0.001 -15"><span class='ocrx_word' id='word_1_943' title='bbox 2488 4245 2680 4300; x_wconf 65' lang='lat' dir='ltr'><strong>(ltus.</strong></span> <span class='ocrx_word' id='word_1_944' title='bbox 2703 4244 2764 4310; x_wconf 89' lang='lat' dir='ltr'><strong>ll,</strong></span> <span class='ocrx_word' id='word_1_945' title='bbox 2790 4245 2896 4299; x_wconf 68' lang='grc'><strong>477</strong></span> <span class='ocrx_word' id='word_1_946' title='bbox 2925 4247 2988 4311; x_wconf 81' lang='grc' dir='ltr'><strong>Α,</strong></span> <span class='ocrx_word' id='word_1_947' title='bbox 3025 4242 3092 4298; x_wconf 86' lang='lat' dir='ltr'><strong>Et</strong></span> <span class='ocrx_word' id='word_1_948' title='bbox 3116 4260 3282 4300; x_wconf 62' lang='lat' dir='ltr'><strong>cenas</strong></span> <span class='ocrx_word' id='word_1_949' title='bbox 3308 4261 3484 4312; x_wconf 84' lang='lat' dir='ltr'><strong>puras,</strong></span> <span class='ocrx_word' id='word_1_950' title='bbox 3517 4244 3552 4298; x_wconf 94' lang='lat' dir='ltr'><strong>i.</strong></span> <span class='ocrx_word' id='word_1_951' title='bbox 3585 4258 3635 4299; x_wconf 93' lang='lat' dir='ltr'><strong>e.</strong></span> <span class='ocrx_word' id='word_1_952' title='bbox 3667 4242 4015 4310; x_wconf 82' lang='lat' dir='ltr'><strong>Parascevas,</strong></span> 
     </span>
    </p>
   </div>
   <div class='ocr_carea' id='block_1_133' title="bbox 2417 4315 4014 4391">
    <p class='ocr_par' dir='ltr' id='par_1_133' title="bbox 2417 4315 4014 4391">
     <span class='ocr_line' id='line_1_137' title="bbox 2417 4315 4014 4391; baseline -0.001 -21"><span class='ocrx_word' id='word_1_953' title='bbox 2417 4323 2540 4391; x_wconf 58' lang='lat' dir='ltr'><strong>gae-gi</strong></span> <span class='ocrx_word' id='word_1_954' title='bbox 2577 4325 2690 4386; x_wconf 73' lang='grc' dir='ltr'><strong><em>ἕκτῇ</em></strong></span> <span class='ocrx_word' id='word_1_955' title='bbox 2735 4334 2822 4391; x_wconf 52' lang='lat'><strong>19::</strong></span> <span class='ocrx_word' id='word_1_956' title='bbox 2862 4325 3064 4391; x_wconf 40' lang='grc' dir='ltr'><strong>ἡμερῶν..</strong></span> <span class='ocrx_word' id='word_1_957' title='bbox 3103 4315 3194 4370; x_wconf 90' lang='lat' dir='ltr'><strong>Sic</strong></span> <span class='ocrx_word' id='word_1_958' title='bbox 3221 4319 3600 4385; x_wconf 85' lang='lat' dir='ltr'><strong>interpretator</strong></span> <span class='ocrx_word' id='word_1_959' title='bbox 3631 4315 3888 4391; x_wconf 70' lang='lat' dir='ltr'><strong>lrenaeus,</strong></span> <span class='ocrx_word' id='word_1_960' title='bbox 3922 4317 4014 4391; x_wconf 80' lang='lat' dir='ltr'><strong>tib.</strong></span> 
     </span>
    </p>
   </div>
   <div class='ocr_carea' id='block_1_134' title="bbox 2418 4386 4012 4460">
    <p class='ocr_par' dir='ltr' id='par_1_134' title="bbox 2418 4386 4012 4460">
     <span class='ocr_line' id='line_1_138' title="bbox 2418 4386 4012 4460; baseline -0.001 -17"><span class='ocrx_word' id='word_1_961' title='bbox 2418 4388 2460 4451; x_wconf 88' lang='lat' dir='ltr'><strong>l,</strong></span> <span class='ocrx_word' id='word_1_962' title='bbox 2480 4386 2609 4460; x_wconf 77' lang='lat' dir='ltr'><strong>cap.</strong></span> <span class='ocrx_word' id='word_1_963' title='bbox 2639 4391 2725 4444; x_wconf 81' lang='lat' dir='ltr'><strong>to.</strong></span> <span class='ocrx_word' id='word_1_964' title='bbox 2749 4386 2990 4444; x_wconf 84' lang='lat' dir='ltr'><strong>Glossar.</strong></span> <span class='ocrx_word' id='word_1_965' title='bbox 3012 4387 3166 4442; x_wconf 69' lang='lat' dir='ltr'><strong>Carna</strong></span> <span class='ocrx_word' id='word_1_966' title='bbox 3187 4403 3337 4460; x_wconf 88' lang='lat' dir='ltr'><strong>pura,</strong></span> <span class='ocrx_word' id='word_1_967' title='bbox 3359 4393 3704 4460; x_wconf 43' lang='lat' dir='ltr'><strong>amasset”,</strong></span> <span class='ocrx_word' id='word_1_968' title='bbox 3728 4386 3872 4460; x_wconf 81' lang='lat' dir='ltr'><strong>quod</strong></span> <span class='ocrx_word' id='word_1_969' title='bbox 3893 4388 4012 4460; x_wconf 76' lang='lat' dir='ltr'><strong>sine</strong></span> 
     </span>
    </p>
   </div>
   <div class='ocr_carea' id='block_1_135' title="bbox 2417 4457 4017 4530">
    <p class='ocr_par' dir='ltr' id='par_1_135' title="bbox 2417 4457 4017 4530">
     <span class='ocr_line' id='line_1_139' title="bbox 2417 4457 4017 4530; baseline -0.001 -17"><span class='ocrx_word' id='word_1_970' title='bbox 2417 4459 2528 4514; x_wconf 91' lang='lat' dir='ltr'><strong>ullo</strong></span> <span class='ocrx_word' id='word_1_971' title='bbox 2559 4457 2823 4530; x_wconf 80' lang='lat' dir='ltr'><strong>apparatu</strong></span> <span class='ocrx_word' id='word_1_972' title='bbox 2865 4467 2919 4514; x_wconf 91' lang='lat' dir='ltr'><strong>et</strong></span> <span class='ocrx_word' id='word_1_973' title='bbox 2974 4458 3314 4530; x_wconf 72' lang='lat' dir='ltr'><strong>accuratione</strong></span> <span class='ocrx_word' id='word_1_974' title='bbox 3349 4457 3508 4512; x_wconf 85' lang='lat' dir='ltr'><strong>ﬁebat</strong></span> <span class='ocrx_word' id='word_1_975' title='bbox 3550 4457 4017 4530; x_wconf 11' lang='lat' dir='ltr'><strong>cibo‘tenuissimo</strong></span> 
     </span>
    </p>
   </div>
   <div class='ocr_carea' id='block_1_136' title="bbox 2415 4528 4017 4603">
    <p class='ocr_par' dir='ltr' id='par_1_136' title="bbox 2415 4528 4017 4603">
     <span class='ocr_line' id='line_1_140' title="bbox 2415 4528 4017 4603; baseline -0.004 -15"><span class='ocrx_word' id='word_1_976' title='bbox 2415 4539 2472 4588; x_wconf 88' lang='lat' dir='ltr'><strong>et</strong></span> <span class='ocrx_word' id='word_1_977' title='bbox 2494 4528 2910 4603; x_wconf 85' lang='lat' dir='ltr'><strong>simplicissime.</strong></span> <span class='ocrx_word' id='word_1_978' title='bbox 2930 4531 2991 4596; x_wconf 87' lang='lat' dir='ltr'><strong>ll,</strong></span> <span class='ocrx_word' id='word_1_979' title='bbox 3018 4529 3124 4585; x_wconf 85' lang='lat'><strong>702</strong></span> <span class='ocrx_word' id='word_1_980' title='bbox 3136 4529 3195 4594; x_wconf 87' lang='grc' dir='ltr'><strong>Β,</strong></span> <span class='ocrx_word' id='word_1_981' title='bbox 3215 4529 3376 4599; x_wconf 80' lang='lat' dir='ltr'><strong>Atque</strong></span> <span class='ocrx_word' id='word_1_982' title='bbox 3396 4530 3578 4583; x_wconf 76' lang='lat' dir='ltr'><strong>exinde</strong></span> <span class='ocrx_word' id='word_1_983' title='bbox 3595 4529 3647 4581; x_wconf 88' lang='lat' dir='ltr'><strong>in</strong></span> <span class='ocrx_word' id='word_1_984' title='bbox 3670 4528 3760 4582; x_wconf 89' lang='lat' dir='ltr'><strong>illo</strong></span> <span class='ocrx_word' id='word_1_985' title='bbox 3783 4529 3936 4603; x_wconf 48' lang='lat' dir='ltr'><strong>[inita</strong></span> <span class='ocrx_word' id='word_1_986' title='bbox 3951 4530 4017 4582; x_wconf 90' lang='lat' dir='ltr'><strong>sit</strong></span> 
     </span>
    </p>
   </div>
   <div class='ocr_carea' id='block_1_137' title="bbox 2415 4599 4018 4666">
    <p class='ocr_par' dir='ltr' id='par_1_137' title="bbox 2415 4599 4018 4666">
     <span class='ocr_line' id='line_1_141' title="bbox 2415 4599 4018 4666; baseline -0.001 -10"><span class='ocrx_word' id='word_1_987' title='bbox 2415 4599 2867 4664; x_wconf 71' lang='lat' dir='ltr'><strong>metensbmatosis,</strong></span> <span class='ocrx_word' id='word_1_988' title='bbox 2898 4613 2952 4656; x_wconf 90' lang='lat' dir='ltr'><strong>ut</strong></span> <span class='ocrx_word' id='word_1_989' title='bbox 2974 4603 3147 4656; x_wconf 67' lang='lat' dir='ltr'><strong>iustitia</strong></span> <span class='ocrx_word' id='word_1_990' title='bbox 3174 4616 3336 4664; x_wconf 68' lang='lat' dir='ltr'><strong>corna,</strong></span> <span class='ocrx_word' id='word_1_991' title='bbox 3389 4611 3499 4666; x_wconf 86' lang='lat' dir='ltr'><strong>post</strong></span> <span class='ocrx_word' id='word_1_992' title='bbox 3545 4615 3737 4653; x_wconf 78' lang='lat' dir='ltr'><strong>assum.</strong></span> <span class='ocrx_word' id='word_1_993' title='bbox 3797 4599 4018 4655; x_wconf 82' lang='lat' dir='ltr'><strong>Videtur</strong></span> 
     </span>
    </p>
   </div>
   <div class='ocr_carea' id='block_1_138' title="bbox 2416 4671 4016 4742">
    <p class='ocr_par' dir='ltr' id='par_1_138' title="bbox 2416 4671 4016 4742">
     <span class='ocr_line' id='line_1_142' title="bbox 2416 4671 4016 4742; baseline -0.003 -14"><span class='ocrx_word' id='word_1_994' title='bbox 2416 4673 2640 4730; x_wconf 89' lang='lat' dir='ltr'><strong>innuere</strong></span> <span class='ocrx_word' id='word_1_995' title='bbox 2680 4674 2994 4730; x_wconf 86' lang='lat' dir='ltr'><strong>Tertullian.</strong></span> <span class='ocrx_word' id='word_1_996' title='bbox 3021 4673 3076 4726; x_wconf 89' lang='lat' dir='ltr'><strong>in</strong></span> <span class='ocrx_word' id='word_1_997' title='bbox 3101 4673 3254 4727; x_wconf 71' lang='lat' dir='ltr'><strong>caenis</strong></span> <span class='ocrx_word' id='word_1_998' title='bbox 3278 4672 3490 4738; x_wconf 66' lang='lat' dir='ltr'><strong>asticis,</strong></span> <span class='ocrx_word' id='word_1_999' title='bbox 3523 4680 3638 4742; x_wconf 86' lang='lat' dir='ltr'><strong>post</strong></span> <span class='ocrx_word' id='word_1_1000' title='bbox 3671 4687 3845 4725; x_wconf 87' lang='lat' dir='ltr'><strong>assum</strong></span> <span class='ocrx_word' id='word_1_1001' title='bbox 3862 4711 3891 4742; x_wconf 24' lang='grc' dir='ltr'><strong>,Α</strong></span> <span class='ocrx_word' id='word_1_1002' title='bbox 3912 4671 4016 4724; x_wconf 87' lang='lat' dir='ltr'><strong>hoc</strong></span> 
     </span>
    </p>
   </div>
   <div class='ocr_carea' id='block_1_139' title="bbox 2333 4719 4014 4813">
    <p class='ocr_par' dir='ltr' id='par_1_139' title="bbox 2333 4719 4014 4813">
     <span class='ocr_line' id='line_1_143' title="bbox 2333 4719 4014 4813; baseline -0.002 -12"><span class='ocrx_word' id='word_1_1003' title='bbox 2333 4719 2390 4781; x_wconf 79' lang='lat' dir='ltr'><strong><em>D</em></strong></span> <span class='ocrx_word' id='word_1_1004' title='bbox 2415 4756 2515 4812; x_wconf 88' lang='lat' dir='ltr'><strong>est,</strong></span> <span class='ocrx_word' id='word_1_1005' title='bbox 2557 4719 2748 4800; x_wconf 61' lang='lat' dir='ltr'><strong>carnes</strong></span> <span class='ocrx_word' id='word_1_1006' title='bbox 2795 4719 2962 4812; x_wconf 48' lang='lat' dir='ltr'><strong>assa‘s,</strong></span> <span class='ocrx_word' id='word_1_1007' title='bbox 2997 4744 3127 4798; x_wconf 82' lang='lat' dir='ltr'><strong>nihil</strong></span> <span class='ocrx_word' id='word_1_1008' title='bbox 3176 4752 3435 4813; x_wconf 70' lang='lat' dir='ltr'><strong>prmterea</strong></span> <span class='ocrx_word' id='word_1_1009' title='bbox 3475 4719 3802 4813; x_wconf 59' lang='lat' dir='ltr'><strong>ierrculorum</strong></span> <span class='ocrx_word' id='word_1_1010' title='bbox 3831 4719 4014 4797; x_wconf 72' lang='lat' dir='ltr'><strong>allerri</strong></span> 
     </span>
    </p>
   </div>
   <div class='ocr_carea' id='block_1_140' title="bbox 2407 4812 4014 4884">
    <p class='ocr_par' dir='ltr' id='par_1_140' title="bbox 2407 4812 4014 4884">
     <span class='ocr_line' id='line_1_144' title="bbox 2407 4812 4014 4884; baseline -0.003 -12"><span class='ocrx_word' id='word_1_1011' title='bbox 2407 4818 2647 4884; x_wconf 89' lang='lat' dir='ltr'><strong>solitum,</strong></span> <span class='ocrx_word' id='word_1_1012' title='bbox 2677 4818 2747 4872; x_wconf 91' lang='lat' dir='ltr'><strong>ita</strong></span> <span class='ocrx_word' id='word_1_1013' title='bbox 2775 4827 2832 4870; x_wconf 93' lang='lat' dir='ltr'><strong>ut</strong></span> <span class='ocrx_word' id='word_1_1014' title='bbox 2856 4817 2976 4870; x_wconf 91' lang='lat' dir='ltr'><strong>linis</strong></span> <span class='ocrx_word' id='word_1_1015' title='bbox 3013 4812 3186 4871; x_wconf 66' lang='lat' dir='ltr'><strong>omna:</strong></span> <span class='ocrx_word' id='word_1_1016' title='bbox 3217 4813 3376 4869; x_wconf 82' lang='lat' dir='ltr'><strong>fuerit</strong></span> <span class='ocrx_word' id='word_1_1017' title='bbox 3397 4828 3598 4869; x_wconf 89' lang='lat' dir='ltr'><strong>assum.</strong></span> <span class='ocrx_word' id='word_1_1018' title='bbox 3627 4812 3714 4868; x_wconf 86' lang='lat' dir='ltr'><strong>Uti</strong></span> <span class='ocrx_word' id='word_1_1019' title='bbox 3739 4813 4014 4883; x_wconf 85' lang='lat' dir='ltr'><strong>Empedo-</strong></span> 
     </span>
    </p>
   </div>
   <div class='ocr_carea' id='block_1_141' title="bbox 2408 4884 4016 4956">
    <p class='ocr_par' dir='ltr' id='par_1_141' title="bbox 2408 4884 4016 4956">
     <span class='ocr_line' id='line_1_145' title="bbox 2408 4884 4016 4956; baseline -0.002 -13"><span class='ocrx_word' id='word_1_1020' title='bbox 2408 4888 2522 4943; x_wconf 90' lang='lat' dir='ltr'><strong>cles</strong></span> <span class='ocrx_word' id='word_1_1021' title='bbox 2544 4889 2595 4942; x_wconf 93' lang='lat' dir='ltr'><strong>in</strong></span> <span class='ocrx_word' id='word_1_1022' title='bbox 2617 4889 2824 4943; x_wconf 91' lang='lat' dir='ltr'><strong>ardenti</strong></span> <span class='ocrx_word' id='word_1_1023' title='bbox 2848 4886 3008 4942; x_wconf 67' lang='lat' dir='ltr'><strong>JEtna</strong></span> <span class='ocrx_word' id='word_1_1024' title='bbox 3035 4886 3202 4956; x_wconf 89' lang='lat' dir='ltr'><strong>probe</strong></span> <span class='ocrx_word' id='word_1_1025' title='bbox 3231 4899 3386 4956; x_wconf 88' lang='lat' dir='ltr'><strong>assus</strong></span> <span class='ocrx_word' id='word_1_1026' title='bbox 3412 4885 3472 4956; x_wconf 81' lang='lat' dir='ltr'><strong>in</strong></span> <span class='ocrx_word' id='word_1_1027' title='bbox 3495 4884 3700 4939; x_wconf 91' lang='lat' dir='ltr'><strong>nullum</strong></span> <span class='ocrx_word' id='word_1_1028' title='bbox 3723 4885 3866 4939; x_wconf 89' lang='lat' dir='ltr'><strong>aliud</strong></span> <span class='ocrx_word' id='word_1_1029' title='bbox 3892 4901 4016 4939; x_wconf 81' lang='lat' dir='ltr'><strong>eor-</strong></span> 
     </span>
    </p>
   </div>
   <div class='ocr_carea' id='block_1_142' title="bbox 2410 4955 4012 5030">
    <p class='ocr_par' dir='ltr' id='par_1_142' title="bbox 2410 4955 4012 5030">
     <span class='ocr_line' id='line_1_146' title="bbox 2410 4955 4012 5030; baseline -0.003 -16"><span class='ocrx_word' id='word_1_1030' title='bbox 2410 4973 2509 5030; x_wconf 90' lang='lat' dir='ltr'><strong>pus</strong></span> <span class='ocrx_word' id='word_1_1031' title='bbox 2547 4967 2895 5027; x_wconf 87' lang='lat' dir='ltr'><strong>estmutatus,</strong></span> <span class='ocrx_word' id='word_1_1032' title='bbox 2921 4955 3082 5030; x_wconf 85' lang='lat' dir='ltr'><strong>atque</strong></span> <span class='ocrx_word' id='word_1_1033' title='bbox 3121 4957 3257 5030; x_wconf 75' lang='lat' dir='ltr'><strong>adeo</strong></span> <span class='ocrx_word' id='word_1_1034' title='bbox 3293 4955 3413 5030; x_wconf 84' lang='lat' dir='ltr'><strong>linis</strong></span> <span class='ocrx_word' id='word_1_1035' title='bbox 3452 4955 3550 5030; x_wconf 77' lang='lat' dir='ltr'><strong>fuit</strong></span> <span class='ocrx_word' id='word_1_1036' title='bbox 3588 4965 4012 5030; x_wconf 75' lang='lat' dir='ltr'><strong>metensomato-</strong></span> 
     </span>
    </p>
   </div>
   <div class='ocr_carea' id='block_1_143' title="bbox 2409 5027 4012 5098">
    <p class='ocr_par' dir='ltr' id='par_1_143' title="bbox 2409 5027 4012 5098">
     <span class='ocr_line' id='line_1_147' title="bbox 2409 5027 4012 5098; baseline -0.002 -13"><span class='ocrx_word' id='word_1_1037' title='bbox 2409 5027 2707 5098; x_wconf 79' lang='lat' dir='ltr'><strong>seos.Quid</strong></span> <span class='ocrx_word' id='word_1_1038' title='bbox 2733 5030 2776 5086; x_wconf 92' lang='lat' dir='ltr'><strong>si</strong></span> <span class='ocrx_word' id='word_1_1039' title='bbox 2801 5030 2905 5086; x_wconf 87' lang='lat' dir='ltr'><strong>huc</strong></span> <span class='ocrx_word' id='word_1_1040' title='bbox 2927 5028 3165 5084; x_wconf 87' lang='lat' dir='ltr'><strong>alludat?</strong></span> <span class='ocrx_word' id='word_1_1041' title='bbox 3190 5027 3411 5093; x_wconf 69' lang='lat' dir='ltr'><strong>Graaeis,</strong></span> <span class='ocrx_word' id='word_1_1042' title='bbox 3443 5027 3533 5094; x_wconf 87' lang='lat' dir='ltr'><strong>qui</strong></span> <span class='ocrx_word' id='word_1_1043' title='bbox 3563 5041 3663 5080; x_wconf 82' lang='lat' dir='ltr'><strong>ova</strong></span> <span class='ocrx_word' id='word_1_1044' title='bbox 3691 5042 3810 5082; x_wconf 90' lang='lat' dir='ltr'><strong>cum</strong></span> <span class='ocrx_word' id='word_1_1045' title='bbox 3841 5028 4012 5098; x_wconf 86' lang='lat' dir='ltr'><strong>turdis</strong></span> 
     </span>
    </p>
   </div>
   <div class='ocr_carea' id='block_1_144' title="bbox 2409 5097 4010 5172">
    <p class='ocr_par' dir='ltr' id='par_1_144' title="bbox 2409 5097 4010 5172">
     <span class='ocr_line' id='line_1_148' title="bbox 2409 5097 4010 5172; baseline -0.003 -15"><span class='ocrx_word' id='word_1_1046' title='bbox 2409 5111 2464 5157; x_wconf 89' lang='lat' dir='ltr'><strong>et</strong></span> <span class='ocrx_word' id='word_1_1047' title='bbox 2489 5097 2746 5172; x_wconf 88' lang='lat' dir='ltr'><strong>leporinis</strong></span> <span class='ocrx_word' id='word_1_1048' title='bbox 2777 5102 3027 5156; x_wconf 80' lang='lat' dir='ltr'><strong>carnibus</strong></span> <span class='ocrx_word' id='word_1_1049' title='bbox 3062 5115 3129 5156; x_wconf 89' lang='lat' dir='ltr'><strong>ac</strong></span> <span class='ocrx_word' id='word_1_1050' title='bbox 3171 5098 3389 5172; x_wconf 86' lang='lat' dir='ltr'><strong>mellitis</strong></span> <span class='ocrx_word' id='word_1_1051' title='bbox 3421 5099 3700 5172; x_wconf 84' lang='lat' dir='ltr'><strong>placentis.</strong></span> <span class='ocrx_word' id='word_1_1052' title='bbox 3746 5097 4010 5172; x_wconf 84' lang='lat' dir='ltr'><strong>secundas</strong></span> 
     </span>
    </p>
   </div>
   <div class='ocr_carea' id='block_1_145' title="bbox 2409 5169 4008 5240">
    <p class='ocr_par' dir='ltr' id='par_1_145' title="bbox 2409 5169 4008 5240">
     <span class='ocr_line' id='line_1_149' title="bbox 2409 5169 4008 5240; baseline -0.004 -12"><span class='ocrx_word' id='word_1_1053' title='bbox 2409 5169 2626 5230; x_wconf 84' lang='lat' dir='ltr'><strong>mensas</strong></span> <span class='ocrx_word' id='word_1_1054' title='bbox 2663 5174 2880 5240; x_wconf 88' lang='lat' dir='ltr'><strong>dabant,</strong></span> <span class='ocrx_word' id='word_1_1055' title='bbox 2912 5188 3030 5228; x_wconf 89' lang='lat' dir='ltr'><strong>mos</strong></span> <span class='ocrx_word' id='word_1_1056' title='bbox 3056 5172 3157 5226; x_wconf 91' lang='lat' dir='ltr'><strong>iste</strong></span> <span class='ocrx_word' id='word_1_1057' title='bbox 3176 5169 3290 5236; x_wconf 82' lang='lat' dir='ltr'><strong>fuit,</strong></span> <span class='ocrx_word' id='word_1_1058' title='bbox 3329 5179 3388 5225; x_wconf 92' lang='lat' dir='ltr'><strong>ut</strong></span> <span class='ocrx_word' id='word_1_1059' title='bbox 3432 5171 3486 5224; x_wconf 89' lang='lat' dir='ltr'><strong>in</strong></span> <span class='ocrx_word' id='word_1_1060' title='bbox 3537 5172 3640 5224; x_wconf 89' lang='lat' dir='ltr'><strong>line</strong></span> <span class='ocrx_word' id='word_1_1061' title='bbox 3677 5183 3851 5225; x_wconf 67' lang='grc' dir='ltr'><strong>(πωπω</strong></span> <span class='ocrx_word' id='word_1_1062' title='bbox 3898 5169 4008 5223; x_wconf 90' lang='lat' dir='ltr'><strong>lin-</strong></span> 
     </span>
    </p>
   </div>
   <div class='ocr_carea' id='block_1_146' title="bbox 2447 5241 4003 5317">
    <p class='ocr_par' dir='ltr' id='par_1_146' title="bbox 2447 5241 4003 5317">
     <span class='ocr_line' id='line_1_150' title="bbox 2447 5241 4003 5317; baseline -0.003 -18"><span class='ocrx_word' id='word_1_1063' title='bbox 2447 5260 2540 5300; x_wconf 89' lang='lat' dir='ltr'><strong>uas</strong></span> <span class='ocrx_word' id='word_1_1064' title='bbox 2566 5247 2687 5317; x_wconf 81' lang='lat' dir='ltr'><strong>igne</strong></span> <span class='ocrx_word' id='word_1_1065' title='bbox 2710 5245 2941 5317; x_wconf 81' lang='lat' dir='ltr'><strong>torridas</strong></span> <span class='ocrx_word' id='word_1_1066' title='bbox 2965 5251 3084 5317; x_wconf 85' lang='lat' dir='ltr'><strong>post</strong></span> <span class='ocrx_word' id='word_1_1067' title='bbox 3103 5255 3382 5317; x_wconf 71' lang='lat' dir='ltr'><strong>sermones</strong></span> <span class='ocrx_word' id='word_1_1068' title='bbox 3406 5242 3765 5317; x_wconf 72' lang='lat' dir='ltr'><strong>degustandas</strong></span> <span class='ocrx_word' id='word_1_1069' title='bbox 3785 5241 4003 5294; x_wconf 89' lang='lat' dir='ltr'><strong>darent.</strong></span> 
     </span>
    </p>
   </div>
   <div class='ocr_carea' id='block_1_147' title="bbox 2408 5260 4005 5387">
    <p class='ocr_par' dir='ltr' id='par_1_147' title="bbox 2408 5260 4005 5387">
     <span class='ocr_line' id='line_1_151' title="bbox 2447 5260 4003 5317; baseline -0.004 -18"><span class='ocrx_word' id='word_1_1070' title='bbox 2447 5260 2540 5300; x_wconf 68' lang='lat' dir='ltr'><strong>llas</strong></span> <span class='ocrx_word' id='word_1_1071' title='bbox 2566 5261 2687 5317; x_wconf 72' lang='lat' dir='ltr'><strong>Iglle</strong></span> <span class='ocrx_word' id='word_1_1072' title='bbox 2710 5260 2941 5300; x_wconf 82' lang='lat' dir='ltr'><strong>torrtuas</strong></span> <span class='ocrx_word' id='word_1_1073' title='bbox 2965 5260 3084 5312; x_wconf 77' lang='lat' dir='ltr'><strong>pOSl</strong></span> <span class='ocrx_word' id='word_1_1074' title='bbox 3103 5260 3382 5298; x_wconf 81' lang='lat' dir='ltr'><strong>sermones</strong></span> <span class='ocrx_word' id='word_1_1075' title='bbox 3406 5260 3765 5312; x_wconf 79' lang='lat' dir='ltr'><strong>ucgusuinuas</strong></span> <span class='ocrx_word' id='word_1_1076' title='bbox 3785 5260 4003 5294; x_wconf 62' lang='lat' dir='ltr'><strong>03ml&quot;.</strong></span> 
     </span>
     <span class='ocr_line' id='line_1_152' title="bbox 2408 5260 4005 5387; baseline -0.003 -17"><span class='ocrx_word' id='word_1_1077' title='bbox 2408 5260 2582 5384; x_wconf 50' lang='lat' dir='ltr'><strong>auare</strong></span> <span class='ocrx_word' id='word_1_1078' title='bbox 2614 5317 2822 5371; x_wconf 82' lang='lat' dir='ltr'><strong>ﬁnitum</strong></span> <span class='ocrx_word' id='word_1_1079' title='bbox 2847 5314 3048 5387; x_wconf 90' lang='lat' dir='ltr'><strong>aliquid</strong></span> <span class='ocrx_word' id='word_1_1080' title='bbox 3076 5328 3216 5382; x_wconf 88' lang='lat' dir='ltr'><strong>esse,</strong></span> <span class='ocrx_word' id='word_1_1081' title='bbox 3250 5312 3382 5369; x_wconf 85' lang='lat' dir='ltr'><strong>nihil</strong></span> <span class='ocrx_word' id='word_1_1082' title='bbox 3410 5327 3531 5369; x_wconf 86' lang='lat' dir='ltr'><strong>esse</strong></span> <span class='ocrx_word' id='word_1_1083' title='bbox 3569 5312 3759 5382; x_wconf 87' lang='lat' dir='ltr'><strong>reliqui</strong></span> <span class='ocrx_word' id='word_1_1084' title='bbox 3783 5327 4005 5382; x_wconf 87' lang='lat' dir='ltr'><strong>prover-</strong></span> 
     </span>
    </p>
   </div>
   <div class='ocr_carea' id='block_1_148' title="bbox 2408 5387 2942 5458">
    <p class='ocr_par' dir='ltr' id='par_1_148' title="bbox 2408 5387 2942 5458">
     <span class='ocr_line' id='line_1_153' title="bbox 2408 5387 2942 5458; baseline -0.006 -14"><span class='ocrx_word' id='word_1_1085' title='bbox 2408 5387 2497 5444; x_wconf 89' lang='lat' dir='ltr'><strong>bio</strong></span> <span class='ocrx_word' id='word_1_1086' title='bbox 2521 5388 2942 5458; x_wconf 76' lang='lat' dir='ltr'><strong>significabatur.</strong></span> 
     </span>
    </p>
   </div>
   <div class='ocr_carea' id='block_1_149' title="bbox 2478 5453 4005 5525">
    <p class='ocr_par' dir='ltr' id='par_1_149' title="bbox 2478 5453 4005 5525">
     <span class='ocr_line' id='line_1_154' title="bbox 2478 5453 4005 5525; baseline -0.002 -12"><span class='ocrx_word' id='word_1_1087' title='bbox 2478 5453 2846 5514; x_wconf 60' lang='grc' dir='ltr'><strong>(ῖωῖηλουιυι.</strong></span> <span class='ocrx_word' id='word_1_1088' title='bbox 2876 5457 3161 5515; x_wconf 72' lang='lat' dir='ltr'><strong>Cmoacula</strong></span> <span class='ocrx_word' id='word_1_1089' title='bbox 3185 5463 3310 5511; x_wconf 90' lang='lat' dir='ltr'><strong>sunt</strong></span> <span class='ocrx_word' id='word_1_1090' title='bbox 3329 5454 3609 5525; x_wconf 91' lang='lat' dir='ltr'><strong>superiora</strong></span> <span class='ocrx_word' id='word_1_1091' title='bbox 3635 5453 3850 5510; x_wconf 90' lang='lat' dir='ltr'><strong>domus.</strong></span> <span class='ocrx_word' id='word_1_1092' title='bbox 3904 5454 4005 5510; x_wconf 86' lang='lat' dir='ltr'><strong>Vi-</strong></span> 
     </span>
    </p>
   </div>
   <div class='ocr_carea' id='block_1_150' title="bbox 2409 5525 4002 5596">
    <p class='ocr_par' dir='ltr' id='par_1_150' title="bbox 2409 5525 4002 5596">
     <span class='ocr_line' id='line_1_155' title="bbox 2409 5525 4002 5596; baseline -0.003 -10"><span class='ocrx_word' id='word_1_1093' title='bbox 2409 5528 2544 5586; x_wconf 78' lang='lat' dir='ltr'><strong>truv‘.</strong></span> <span class='ocrx_word' id='word_1_1094' title='bbox 2574 5531 2934 5585; x_wconf 76' lang='lat' dir='ltr'><strong>Architectura:</strong></span> <span class='ocrx_word' id='word_1_1095' title='bbox 2969 5530 3063 5584; x_wconf 89' lang='lat' dir='ltr'><strong>lib.</strong></span> <span class='ocrx_word' id='word_1_1096' title='bbox 3093 5527 3159 5583; x_wconf 93' lang='lat' dir='ltr'><strong>ll:</strong></span> <span class='ocrx_word' id='word_1_1097' title='bbox 3195 5546 3214 5580; x_wconf 74' lang='grc' dir='ltr'>ι</span> <span class='ocrx_word' id='word_1_1098' title='bbox 3242 5526 3376 5582; x_wconf 82' lang='lat' dir='ltr'><strong>Cum</strong></span> <span class='ocrx_word' id='word_1_1099' title='bbox 3404 5525 3569 5591; x_wconf 89' lang='lat' dir='ltr'><strong>enim,</strong></span> <span class='ocrx_word' id='word_1_1100' title='bbox 3603 5527 3791 5596; x_wconf 88' lang='lat' dir='ltr'><strong>inquit,</strong></span> <span class='ocrx_word' id='word_1_1101' title='bbox 3812 5536 4002 5582; x_wconf 82' lang='lat' dir='ltr'><strong>auctor</strong></span> 
     </span>
    </p>
   </div>
   <div class='ocr_carea' id='block_1_151' title="bbox 2408 5598 4002 5670">
    <p class='ocr_par' dir='ltr' id='par_1_151' title="bbox 2408 5598 4002 5670">
     <span class='ocr_line' id='line_1_156' title="bbox 2408 5598 4002 5670; baseline -0.004 -13"><span class='ocrx_word' id='word_1_1102' title='bbox 2408 5603 2601 5657; x_wconf 92' lang='lat' dir='ltr'><strong>mirum</strong></span> <span class='ocrx_word' id='word_1_1103' title='bbox 2627 5603 2678 5656; x_wconf 89' lang='lat' dir='ltr'><strong>in</strong></span> <span class='ocrx_word' id='word_1_1104' title='bbox 2708 5601 2926 5658; x_wconf 91' lang='lat' dir='ltr'><strong>modum</strong></span> <span class='ocrx_word' id='word_1_1105' title='bbox 2959 5601 3204 5655; x_wconf 77' lang='lat' dir='ltr'><strong>Romano</strong></span> <span class='ocrx_word' id='word_1_1106' title='bbox 3229 5598 3444 5670; x_wconf 91' lang='lat' dir='ltr'><strong>populo,</strong></span> <span class='ocrx_word' id='word_1_1107' title='bbox 3471 5611 3691 5652; x_wconf 87' lang='lat' dir='ltr'><strong>necesse</strong></span> <span class='ocrx_word' id='word_1_1108' title='bbox 3725 5598 3922 5670; x_wconf 75' lang='lat' dir='ltr'><strong>inisset</strong></span> <span class='ocrx_word' id='word_1_1109' title='bbox 3949 5598 4002 5652; x_wconf 89' lang='lat' dir='ltr'><strong>iu</strong></span> 
     </span>
    </p>
   </div>
   <div class='ocr_carea' id='block_1_152' title="bbox 2405 5668 4000 5743">
    <p class='ocr_par' dir='ltr' id='par_1_152' title="bbox 2405 5668 4000 5743">
     <span class='ocr_line' id='line_1_157' title="bbox 2405 5668 4000 5743; baseline -0.005 -13"><span class='ocrx_word' id='word_1_1110' title='bbox 2405 5675 2697 5730; x_wconf 70' lang='lat' dir='ltr'><strong>cmnaeulis</strong></span> <span class='ocrx_word' id='word_1_1111' title='bbox 2746 5673 2986 5728; x_wconf 84' lang='lat' dir='ltr'><strong>habitare</strong></span> <span class='ocrx_word' id='word_1_1112' title='bbox 3019 5673 3173 5743; x_wconf 91' lang='lat' dir='ltr'><strong>(nam</strong></span> <span class='ocrx_word' id='word_1_1113' title='bbox 3222 5668 3365 5737; x_wconf 83' lang='lat' dir='ltr'><strong>ante,</strong></span> <span class='ocrx_word' id='word_1_1114' title='bbox 3399 5683 3522 5743; x_wconf 83' lang='lat' dir='ltr'><strong>cum</strong></span> <span class='ocrx_word' id='word_1_1115' title='bbox 3577 5684 3671 5743; x_wconf 80' lang='lat' dir='ltr'><strong>per</strong></span> <span class='ocrx_word' id='word_1_1116' title='bbox 3725 5668 4000 5743; x_wconf 77' lang='lat' dir='ltr'><strong>laxitatem</strong></span> 
     </span>
    </p>
   </div>
   <div class='ocr_carea' id='block_1_153' title="bbox 2406 5740 4005 5814">
    <p class='ocr_par' dir='ltr' id='par_1_153' title="bbox 2406 5740 4005 5814">
     <span class='ocr_line' id='line_1_158' title="bbox 2406 5740 4005 5814; baseline -0.003 -15"><span class='ocrx_word' id='word_1_1117' title='bbox 2406 5748 2554 5799; x_wconf 90' lang='lat' dir='ltr'><strong>urbis</strong></span> <span class='ocrx_word' id='word_1_1118' title='bbox 2610 5745 2822 5814; x_wconf 87' lang='lat' dir='ltr'><strong>licebat,</strong></span> <span class='ocrx_word' id='word_1_1119' title='bbox 2893 5740 3052 5799; x_wconf 83' lang='lat' dir='ltr'><strong>unius</strong></span> <span class='ocrx_word' id='word_1_1120' title='bbox 3105 5750 3321 5814; x_wconf 86' lang='lat' dir='ltr'><strong>tantum</strong></span> <span class='ocrx_word' id='word_1_1121' title='bbox 3355 5740 3781 5814; x_wconf 75' lang='lat' dir='ltr'><strong>contignationis</strong></span> <span class='ocrx_word' id='word_1_1122' title='bbox 3847 5750 4005 5795; x_wconf 85' lang='lat' dir='ltr'><strong>erant</strong></span> 
     </span>
    </p>
   </div>
   <div class='ocr_carea' id='block_1_154' title="bbox 2406 5811 4000 5888">
    <p class='ocr_par' dir='ltr' id='par_1_154' title="bbox 2406 5811 4000 5888">
     <span class='ocr_line' id='line_1_159' title="bbox 2406 5811 4000 5888; baseline -0.003 -17"><span class='ocrx_word' id='word_1_1123' title='bbox 2406 5815 2753 5888; x_wconf 82' lang='lat' dir='ltr'><strong>habitacula),</strong></span> <span class='ocrx_word' id='word_1_1124' title='bbox 2785 5811 2852 5871; x_wconf 83' lang='lat' dir='ltr'><strong>ad</strong></span> <span class='ocrx_word' id='word_1_1125' title='bbox 2878 5815 3228 5871; x_wconf 77' lang='lat' dir='ltr'><strong>:ediliciorum</strong></span> <span class='ocrx_word' id='word_1_1126' title='bbox 3275 5811 3584 5869; x_wconf 88' lang='lat' dir='ltr'><strong>altitudines</strong></span> <span class='ocrx_word' id='word_1_1127' title='bbox 3630 5811 3920 5868; x_wconf 86' lang='lat' dir='ltr'><strong>deventum</strong></span> <span class='ocrx_word' id='word_1_1128' title='bbox 3947 5821 4000 5867; x_wconf 88' lang='lat' dir='ltr'><strong>et</strong></span> 
     </span>
    </p>
   </div>
   <div class='ocr_carea' id='block_1_155' title="bbox 2403 5887 3058 5960">
    <p class='ocr_par' dir='ltr' id='par_1_155' title="bbox 2403 5887 3058 5960">
     <span class='ocr_line' id='line_1_160' title="bbox 2403 5887 3058 5960; baseline -0.006 -16"><span class='ocrx_word' id='word_1_1129' title='bbox 2403 5887 2598 5960; x_wconf 67' lang='lat' dir='ltr'><strong>mdium</strong></span> <span class='ocrx_word' id='word_1_1130' title='bbox 2634 5887 3010 5960; x_wconf 68' lang='lat' dir='ltr'><strong>frequentiam.</strong></span> <span class='ocrx_word' id='word_1_1131' title='bbox 3040 5907 3058 5940; x_wconf 72' lang='grc' dir='ltr'><strong>ι</strong></span> 
     </span>
    </p>
   </div>
   <div class='ocr_carea' id='block_1_156' title="bbox 2473 5955 3999 6032">
    <p class='ocr_par' dir='ltr' id='par_1_156' title="bbox 2473 5955 3999 6032">
     <span class='ocr_line' id='line_1_161' title="bbox 2473 5955 3999 6032; baseline -0.006 -13"><span class='ocrx_word' id='word_1_1132' title='bbox 2473 5959 2698 6032; x_wconf 64' lang='lat' dir='ltr'><strong>Canus,</strong></span> <span class='ocrx_word' id='word_1_1133' title='bbox 2732 5955 2946 6030; x_wconf 55' lang='lat' dir='ltr'><strong>&#39;coitos,</strong></span> <span class='ocrx_word' id='word_1_1134' title='bbox 3000 5959 3039 6028; x_wconf 89' lang='lat' dir='ltr'><strong>l,</strong></span> <span class='ocrx_word' id='word_1_1135' title='bbox 3087 5957 3194 6017; x_wconf 77' lang='lat'><strong>326</strong></span> <span class='ocrx_word' id='word_1_1136' title='bbox 3240 5958 3306 6028; x_wconf 85' lang='grc' dir='ltr'><strong>Α,</strong></span> <span class='ocrx_word' id='word_1_1137' title='bbox 3357 5955 3538 6029; x_wconf 79' lang='lat' dir='ltr'><strong>Neque</strong></span> <span class='ocrx_word' id='word_1_1138' title='bbox 3585 5971 3669 6014; x_wconf 81' lang='lat' dir='ltr'><strong>cas</strong></span> <span class='ocrx_word' id='word_1_1139' title='bbox 3719 5964 3872 6011; x_wconf 69' lang='lat' dir='ltr'><strong>caelus</strong></span> <span class='ocrx_word' id='word_1_1140' title='bbox 3917 5955 3999 6011; x_wconf 84' lang='lat' dir='ltr'><strong>in-</strong></span> 
     </span>
    </p>
   </div>
  </div>
