4184 6496
185 383 321 441 1275

1183 387 1391 444 INDEX
1425 384 1849 444 LATINITATIS
1885 385 2466 444 TERTULLIANExE.

3328 388 3468 446 1274

185 501 302 556 cesti
363 503 634 578 sanguinis
685 513 946 578 agnoscat.
1004 504 1206 578 Sensus
1249 513 1349 568 cst,
1400 504 1503 560 hoc
1550 505 1652 578 ritu
1708 505 1776 558 ita
1804 506 1856 565 Λ
1883 502 1959 568 Β,
1995 504 2251 557 Accedant
2273 502 2444 556 adhuc
2466 500 2694 558 cominus
2737 501 2806 557 ad
2830 517 3152 575 congressum
3182 501 3472 558 insolenter

186 575 478 628 memorias
540 575 819 644 parentum
888 575 1175 642 tcnebrari,
1217 586 1271 630 ut
1315 579 1424 645 jam
1487 577 1634 642 caeci,
1686 591 1778 645 ge-

187 646 482 729 nealogiam
533 662 691 729 suam
729 649 1028 729 nescientes
1065 663 1170 701 non
1209 656 1536 729 agnoscant,
1569 650 1780 729 nuptias

187 715 328 788 istas,
367 718 452 788 vel
474 729 652 788 cintus
678 720 865 774 incesti
890 733 1009 774 esse
1039 715 1310 788 sanguinis
1337 728 1393 773 et
1425 715 1655 786 exempli
1682 733 1777 772 ne-

185 784 349 857 fandi.
381 787 420 851 1,
459 787 567 844 465
607 791 670 857 Α,
704 789 864 844 Nulla
895 800 968 845 est
997 784 1264 844 necesiitas
1289 799 1462 843 coetus.
1494 789 1534 854 1,
1562 784 1668 844 275
1709 789 1775 856 Α,

185 854 355 912 Catus
378 854 710 914 antelucanos
735 862 804 915 ad
825 861 1108 915 canendum
1129 859 1330 916 Christo
1361 869 1406 913 et
1437 859 1564 914 Deo.

251 930 493 1002 (Soccus,
521 931 812 999 includere,
842 933 1114 1002 colligere.
1151 932 1212 998 ll,
1247 930 1386 986 1048
1410 930 1467 995 Β,
1500 929 1578 1002 De
1624 930 1778 1001 pisci~

183 998 272 1052 ltus
295 1001 494 1069 placuit
536 1007 672 1074 {eras
711 998 905 1074 rogere,
956 998 1008 1056 li.
1038 1017 1089 1074 e.
1124 1004 1295 1072 pisces
1322 1004 1373 1074 in
1399 1001 1600 1074 vivaria
1625 998 1779 1056 colli-

183 1084 329 1138 gcrc,
377 1074 470 1142 qui
519 1072 1026 1129 ferarutu'uﬂicium
1069 1073 1282 1138 faciant,
1330 1072 1680 1140 hominesque
1704 1073 1784 1130 sic

186 1143 463 1208 mandant,
493 1153 552 1199 ut
589 1146 718 1200 ferte
738 1146 930 1201 solent.
957 1145 1114 1210 lbid.,
1145 1143 1342 1198 Coactis
1369 1145 1640 1204 alimentis.
1664 1146 1697 1198 i.
1729 1160 1779 1198 e.

184 1213 414 1282 objectis
447 1216 496 1268 in
552 1227 780 1285 pastum,
804 1232 932 1286 qua:
979 1217 1289 1271 animalium
1343 1227 1530 1270 natura
1564 1216 1783 1270 minime

185 1293 483 1358 appeteret.
515 1287 554 1353 Ι,
585 1287 694 1341 452
720 1287 778 1354 Β,
818 1287 942 1342 Vino
968 1289 1128 1341 lutum
1153 1303 1344 1358 cogere,
1400 1287 1435 1340 i.
1479 1302 1528 1341 c.
1566 1286 1785 1340 humum

185 1358 357 1410 multo
370 1357 504 1429 Avino
527 1373 883 1429 conspergere
904 1369 958 1414 ct
983 1357 1268 1424 inebriare,
1293 1358 1575 1427 proteri-ia:
1598 1359 1783 1412 luxus-

183 1441 290 1494 que
336 1427 572 1508 signum.
602 1427 804 1496 1,468
853 1431 911 1498 Β,
955 1430 1194 1502 Cogimur
1250 1431 1317 1483 ad
1369 1429 1563 1494 literas,
1631 1430 1668 1483 i.
1731 1443 1783 1484 c.

184 1513 562 1554 conventmus.

254 1568 689 1630 Coctn'romuu.
725 1572 788 1638 11,
837 1573 941 1627 814
963 1573 1027 1639 Α,
1073 1572 1204 1627 Coro
1245 1574 1338 1626 erit
1366 1573 1553 1625 animm
1593 1572 1785 1641 cogita-

185 1641 394 1714 torium,
432 1643 466 1695 i.
492 1658 541 1697 e.
566 1644 729 1714 locus
757 1647 807 1698 in
841 1658 1086 1714 corpore,
1118 1646 1232 1699 sive
1255 1659 1376 1713 pars
1401 1644 1662 1713 corporis,
1695 1643 1788 1698 ubi

185 1711 363 1786 anima
390 1715 609 1786 cogitat.
637 1715 676 1781 l,
708 1713 813 1769 632
839 1715 896 1780 C,
931 1711 1032 1768 Ant
1075 1711 1285 1786 spiritus
1308 1715 1422 1769 ideo
1460 1711 1642 1768 insitus
1669 1731 1785 1769 cor-

187 1784 318 1856 pari,
349 1794 405 1836 ut
432 1784 750 1854 iniquitatum
771 1784 1125 1856 cogitatorium
1158 1787 1321 1853 fieret.

254 1854 580 1928 Coctnrus,
623 1858 658 1911 i.
686 1873 746 1928 tt.
775 1854 1067 1928 Cogitatio,
1095 1857 1156 1922 ΙΙ,
1206 1857 1310 1912 910
1354 1858 1413 1923 Β,
1475 1857 1789 1928 Quicumque

187 1924 356 1999 inulas
382 1928 651 1996 cogitatus.
684 1924 747 1994 11,
781 1924 886 1983 914
941 1930 998 1996 (1,
1039 1927 1327 1999 Cogitatum
1359 1941 1540 1984 movet.
1580 1929 1641 1996 ΙΙ,
1684 1924 1789 1985 814

184 1998 249 2059 Α,
289 1995 554 2066 Cogitatus
577 2000 748 2052 carnis
775 2011 849 2055 est
873 2011 1037 2054 actus.

255 2066 480 2142 Como,
515 2079 830 2126 conventus.
875 2071 952 2138 ll,
1010 2071 1114 2127 975
1162 2070 1236 2138 Α,
1291 2070 1355 2125 Et
1399 2072 1452 2126 in
1503 2073 1792 2142 principum

188 2140 438 2214 mandata
463 2142 1025 2214 coitionibusopposita
1056 2143 1416 2213 delinquimus.

254 2211 586 2285 CuLctcane.
626 2212 687 2279 11,
725 2211 832 2270 199
857 2213 924 2278 Α,
946 2214 1005 2279 Β,
1038 2215 1144 2268 Sed
1172 2211 1422 2283 quomodo
1472 2215 1790 2285 colligemus.

188 2279 346 2347 lbid.,
381 2281 443 2336 Si
470 2285 706 2353 colligere
725 2286 972 2357 Winterdiu
1012 2302 1114 2339 non
1142 2279 1280 2357 potes
1303 2328 1316 2349 ,
1351 2286 1502 2339 habes
1556 2279 1784 2353 noctem,

185 2367 390 2427 nempe
411 2365 704 2427 conventus
721 2356 992 2422 Ecclesiae,
1019 2364 1107 2427 qui
1129 2356 1192 2412 ex
1221 2371 1286 2410 eo
1310 2363 1555 2427 συλλογιί,
1579 2362 1790 2422 συνάξςις

184 2423 334 2476 dicti.
375 2422 538 2490 Ircn.,
573 2425 673 2498 lib.
695 2427 781 2492 Ill,
801 2441 920 2496 cap.
953 2429 988 2485 5
1014 2422 1428 2498 :Confundimus
1453 2422 1627 2482 euntes
1647 2472 1659 2490 ,
1703 2431 1790 2498 qui

181 2509 390 2568 quoquo
420 2497 571 2549 modo
598 2497 674 2550 vel
703 2514 792 2565 per
819 2499 902 2551 sui
950 2497 1252 2568 placentium
1279 2500 1468 2552 malam
1509 2501 1586 2553 vel
1605 2515 1789 2553 vanam

182 2566 406 2640 gloriam
447 2568 710 2640 colligunt.
737 2566 960 2638 Optatos
996 2571 1087 2625 lib.
1118 2569 1158 2623 Il
1185 2586 1197 2623 :
1231 2567 1351 2623 Non
1387 2571 1520 2623 enim
1547 2587 1673 2640 grex
1697 2579 1788 2624 aut

185 2639 410 2713 populus
433 2638 730 2713 appellandi
756 2643 963 2713 [uerunt
988 2644 1157 2712 pauci,
1177 2641 1419 2713 quiinter
1445 2638 1786 2713 quadraginta

182 2709 399 2832 Ztazugm
420 2711 638 2832 ircurrit
676 2709 933 2781 basilicas,
979 2709 1145 2767 locum
1191 2709 1277 2766 ubi
1323 2709 1786 2782 colligerent,'uon

284 2796 312 2831 e
350 2796 417 2832 an
446 2819 461 2832 .

284 2790 461 2833 ebant.

252 2849 622 2927 conrnune.
673 2852 743 2927 11,
783 2854 882 2911 991
935 2855 996 2922 C,
1057 2855 1336 2927 Utrumque
1379 2856 1656 2912 christiano
1716 2876 1784 2912 an

182 2921 388 2993 ethnico
431 2925 683 2992 peccatori
710 2925 774 2978 de
794 2921 1106 2983 restitutione
1129 2921 1400 2993 conliniet,
1430 2930 1465 2983 i.
1499 2944 1548 2990 θ,
1579 2945 1784 2986 conve-

182 2991 296 3068 niat
322 2991 1049 3068 inte’rprctatio_restitucndo
1081 3001 1368 3068 peccatori.

251 3062 597 3140 CQLLocuts.
626 3065 665 3130 Ι,
692 3065 792 3122 261
826 3067 889 3134 Α,
923 3062 1094 3123 Ηαηί
1111 3072 1279 3140 itaque
1306 3073 1522 3139 primani
1548 3091 1782 3129 caussam

180 3137 326 3203 apud
353 3153 442 3211 vos
468 3138 773 3211 collocamus
791 3183 804 3206 ,
839 3140 891 3193 li.
921 3155 971 3194 e.
999 3137 1232 3205 crimen,
1261 3137 1402 3211 quod
1432 3144 1582 3198 vobis
1604 3146 1780 3201 defer-

183 3216 308 3282 tur,
363 3207 491 3264 illud
537 3208 765 3279 primum
811 3221 911 3265 est.
961 3212 1197 3266 lleuman
1255 3207 1348 3281 pro
1391 3230 1477 3268 vos
1524 3218 1696 3282 all‘ert,
1748 3234 1779 3273 c

181 3278 399 3353 duobus
424 3278 710 3353 cod.,.nos.
738 3283 890 3353 Apud
907 3299 997 3337 nos
1023 3278 1346 3350 collocamus,
1377 3287 1411 3339 i.
1432 3301 1482 3340 ρ.
1515 3278 1788 3343 uobiscum
1817 3288 1862 3353 C
1965 3290 2403 3346 Coumnmus.
2443 3289 2506 3352 ll,
2541 3288 2637 3346 151
2673 3288 2739 3352 Α,
2779 3287 2848 3342 Et
2878 3287 2923 3342 si

181 3349 495 3429 statuimus.
525 3349 596 3418 ll,
628 3354 697 3429 57
738 3353 804 3429 Α,
839 3352 994 3429 Nunc
1023 3357 1315 3429 Atteopltytos
1363 3357 1632 3426 collocant,
1662 3362 1781 3417 scil.

182 3421 236 3472 in
265 3421 522 3485 gradibus
547 3424 901 3480 ordinationis
924 3421 1323 3480 ecclesiasticae.

253 3490 569 3571 Coeuuts‘,
614 3506 697 3548 est
738 3495 1000 3571 placenta}
1046 3513 1236 3565 genus,
1285 3501 1451 3568 figura
1516 3503 1778 3571 rotunda,

181 3562 323 3617 adeo
389 3575 445 3618 ut
520 3566 661 3620 idem
719 3562 840 3621 e'sse
913 3562 1230 3633 videaturp
1265 3562 1349 3622 ac'
1401 3572 1683 3626 umbilicus
1732 3562 1780 3628 in

180 3635 374 3716 scutis.
401 3636 620 3716 l,_4525
643 3636 703 3703 Β,
728 3635 825 3693 Vos
851 3639 1001 3709 plane
1023 3639 1248 3709 adjicitis
1272 3641 1340 3694 ad
1359 3642 1556 3709 pondus
1576 3645 1783 3716 collyri-

179 3707 276 3757 das
301 3710 570 3776 quasdam.

255 3776 456 3851 Conon.
477 3779 543 3851 ll,
574 3782 680 3837 910
695 3781 757 3849 C,
776 3782 864 3837 Vel
889 3782 975 3851 qui
998 3781 1208 3836 diversa:
1231 3785 1494 3839 sententia:
1515 3786 1657 3840 color
1685 3797 1778 3842 est.

275 3848 381 3922 548
405 3849 469 3910 Α.
508 3850 674 3906 liabet
699 3846 850 3907 etiam
873 3846 1065 3908 colores
1096 3855 1518 3922 ignortmtiarum.
1573 3855 1612 3922 1,
1646 3860 1782 3913 1512

182 3917 243 3983 Β,
281 3919 412 3986 Quis
442 3924 577 3976 enim
603 3932 676 3978 est
721 3927 929 3978 vestium
969 3917 1137 3977 Ιιοιιυῐ
1175 3931 1362 3990 iustus,
1417 3928 1481 3979 de
1527 3917 1780 3982 adulterio

177 3993 412 4068 colorum
438 3993 789 4068 injustorum.’
817 3997 1046 4068 Accusat
1074 3996 1254 4049 luxum
1302 3997 1616 4065 mulierum,
1662 4016 1781 4068 qua:

182 4063 235 4115 in
269 4063 589 4120 vestimenta
618 4067 827 4120 colores
855 4066 1163 4121 iuducercut
1198 4082 1301 4119 uou
1356 4070 1563 4124 nativos
1591 4063 1774 4126 velleri

180 4135 468 4208 autlanzc,
507 4139 1090 4207 videlicctpurpureos,
1141 4138 1548 4208 hyacinthinus,
1599 4143 1779 4197 cocci-

180 4219 334 4261 neos;
361 4218 417 4261 ct
442 4207 540 4261 hos
562 4211 637 4262 ait
657 4224 778 4264 esse
799 4211 1006 4263 colores
1035 4207 1260 4277 injustas
1285 4221 1336 4264 et
1361 4210 1652 4267 adulteria.

250 4277 563 4352 Committe.
589 4279 651 4347 ΙΙ,
679 4280 784 4335 927
833 4281 897 4344 Α,
929 4281 1050 4334 Scio
1074 4281 1255 4352 quibus
1287 4283 1673 4352 causationibus
1695 4301 1781 4338 co-

177 4347 404 4472 {oremus
428 4351 790 4418 insatiabilem,
841 4361 946 4406 etc.
999 4347 1222 4418 1,’655
1267 4350 1349 4420 Α,
1404 4352 1672 4409 Coloratus
1727 4365 1780 4410 ut

197 4435 314 4472 eno.

197 4435 293 4474 eno
301 4461 314 4475 .

248 4492 583 4618 63:31:32,“.
612 4494 652 4563 1-,
684 4493 788 4550 647
816 4493 880 4561 Α,
918 4493 1018 4550 Per
1039 4508 1153 4565 qua:
1172 4494 1324 4550 simul
1346 4496 1781 4566 inquinamentum

248 4580 286 4614 ιιι
323 4582 338 4616 1
375 4580 484 4618 crsu
513 4606 527 4618 .

175 4568 527 4621 combiberiut.

247 4636 526 4691 Coueson.
551 4637 613 4704 11,
641 4637 746 4692 247
771 4639 831 4706 Β,
865 4638 990 4706 Quis
1013 4644 1115 4693 tam
1138 4655 1366 4695 comesor
1386 4657 1496 4696 mus
1520 4645 1774 4712 ponticus,

247 4724 329 4750 nm
355 4709 443 4750 nni
470 4707 743 4750 Kstmmph'n
766 4714 1047 4750 rnn-neprit,
1806 4687 1862 4750 D

173 4721 330 4780 quam
355 4709 443 4766 qui
466 4707 743 4780 Evangelia
765 4714 1051 4764 corroserit.

244 4778 556 4852 Catienus.
593 4778 652 4843 1⁷,
683 4783 790 4838 555
833 4782 879 4838 Α
904 4826 916 4849 ,
971 4780 1224 4852 Linguam
1283 4801 1430 4837 suam
1483 4796 1773 4842 comesta—m.

174 4847 424 4917 Plinius,
483 4852 602 4929 qui_
652 4847 973 4929 Anaxarcho
1026 4847 1126 4929 hoc
1177 4852 1471 4929 adscribit,
1546 4857 1778 4914 dentibus

173 4938 219 4988 p:
235 4936 479 4978 (erasum.
512 4921 687 4980 Valcr.
712 4924 874 4992 Mam,
903 4923 1133 4980 dentibus
1155 4921 1430 4982 abscissam
1450 4921 1495 4982 et
1517 4943 1775 4985 comman-

172 4992 206 5044 tl
211 5004 437 5049 uratum.

242 5065 505 5138 conixus.
535 5066 598 5132 ll,
628 5067 731 5123 ’517
759 5067 804 5123 Α
823 5112 836 5135 ,
868 5066 1119 5123 Craterum
1158 5069 1296 5138 ipsas
1321 5085 1517 5133 quoque
1546 5072 1769 5127 antitheo

169 5151 248 5212 ses
280 5135 565 5212 illarcionis
586 5141 812 5194 cominus
834 5141 1158 5194 accidissent.
1178 5135 1238 5194 ’11
1264 5185 1277 5206 ,
1325 5141 1429 5196 526
1459 5143 1504 5198 Α
1523 5189 1536 5212 ,
1568 5143 1673 5198 Sed
1719 5155 1766 5199 ct

168 5209 292 5259 hinc
303 5208 425 5277 jam
451 5209 520 5262 ad
545 5221 733 5264 certum
775 5221 822 5265 et
863 5213 1089 5265 cominus
1114 5212 1469 5268 dimicaturus.
1509 5208 1766 5272 Cominus

167 5278 406 5344 cedere,
455 5282 700 5336 cominus
741 5282 1016 5349 dimicare,
1067 5288 1310 5337 σνσταιδιλν
1352 5291 1626 5352 μάχεσθαι,
1683 5299 1766 5343 καὶ

166 5358 372 5428 intra",
400 5352 486 5406 cui
511 5353 855 5428 contrarium,
886 5357 1119 5425 πὸῥρωοιν
1149 5359 1229 5408 διὰ
1277 5359 1482 5428 δοράτων
1527 5365 1555 5418 ἦ
1589 5366 1760 5428 βελῶν.

169 5420 516 5498 Ἰξι-ειιιξιςιιιιιιι
543 5439 574 5478 a
599 5424 761 5491 bello,
797 5427 850 5480 in
879 5420 988 5496 quo
1028 5441 1170 5498 nunc
1213 5420 1478 5482 consertis
1524 5420 1766 5498 pugnant

166 5490 370 5563 gladiis
392 5537 407 5561 ,
439 5504 493 5548 et
543 5509 841 5552 conserere
873 5490 985 5550 sive
1029 5497 1274 5552 conferre
1319 5490 1540 5554 manus'
1577 5490 1766 5554 dicun-

169 5577 454 5640 tur,_nunc
495 5565 755 5621 machinis
799 5579 889 5620 aut
913 5571 1094 5640 etiam
1149 5570 1377 5623 amentis
1425 5572 1609 5640 procul
1659 5572 1760 5625 tela

168 5635 224 5689 in
275 5637 482 5713 hostem
529 5648 856 5713 torquentes.
913 5638 1122 5694 Utimur
1164 5654 1272 5707 co,
1346 5635 1509 5711 quum
1561 5642 1764 5713 signiti-

165 5719 295 5784 care
341 5709 703 5784 voluerimus,
759 5725 855 5784 nos
903 5727 1012 5765 rem
1064 5712 1327 5784 propius,
1366 5709 1476 5766 seu
1529 5709 1763 5784 de'pro-

168 5779 386 5853 piuquo
416 5781 551 5836 velle
594 5783 897 5852 expendere
923 5825 938 5847 ,
991 5779 1195 5852 agitare
1221 5831 1234 5853 ,
1311 5779 1652 5853 argumenta
1695 5802 1760 5841 ex

165 5850 250 5923 rei
292 5851 457 5920 ipsius
505 5850 694 5906 natura
724 5897 738 5919 ,
793 5870 896 5907 non
945 5850 1280 5908 extrinsecus
1323 5850 1646 5923 adsumpta,
1694 5858 1760 5910 ad

165 5919 544 5982 inﬁrmandam
595 5926 821 5997 alicujus
871 5925 1190 5983 sententiam
1237 5925 1452 5984 aﬂ‘ct'rc.
1515 5919 1604 5998 ll,
1635 5919 1759 5986 ’787

1880 588 1997 628 com
2008 584 2269 630 paratum.

1953 591 1997 628 ιιι
2042 591 2131 628 ιιιίι
2197 591 2228 628 n
2256 617 2269 630 .

1953 591 2268 701 ϐἓιιΙτιΤιιέ.
2299 646 2361 712 11,
2392 644 2529 700 1047
2560 644 2624 712 Α,
2659 645 2916 714 Quantum
2954 647 3156 702 nomine
3181 644 3468 700 comitiasti.

1882 715 2490 788 Evpmiiturzquantum
2538 718 2668 771 mihi
2715 718 2857 786 pallii
2915 718 3128 773 nomine
3157 717 3209 772 in
3255 717 3473 772 comitio

1881 786 2264 856 Exprobrastii
2279 788 2610 843 lncomitiare
2633 788 2768 843 dixit
2790 789 3025 843 Plautus.

1953 859 2306 926 Comminus,
2339 860 2660 930 prorogatio.
2691 859 2730 927 Ι,
2760 861 2862 914 447
2905 860 2978 924 Α,
3007 859 3226 914 Iioutani
3269 860 3468 926 imperi.

1883 941 2186 984 commeatu.
2240 930 2536 987 Adhibetur
2577 930 2647 987 de
2703 933 2848 987 omni
2911 946 3058 986 umra
3097 941 3151 985 et
3195 930 3470 986 dilatione.

1884 1001 1924 1067 1,
1953 1002 2056 1056 508
2083 1001 2146 1068 Α,
2182 1003 2499 1056 (Ιοιιιιιιετιιιιι
2519 1002 2853 1069 deliberandi,
2897 1003 2932 1057 i.
2961 1018 3012 1058 e.
3059 1004 3286 1070 Spatium
3333 1003 3469 1056 deli-

1887 1072 2126 1127 berandi.
2154 1073 2216 1140 ll,
2241 1075 2345 1130 156
2373 1074 2430 1140 Β,
2465 1072 2528 1126 In
2550 1072 2645 1128 isto
2671 1084 2973 1138 commeatu,
3002 1075 3041 1131 i.
3059 1089 3110 1128 e.
3139 1073 3312 1143 spatio
3339 1083 3473 1126 tetu-

1887 1147 2034 1214 poris
2058 1144 2229 1215 istius.
2298 1145 2358 1210 11,
2390 1144 2486 1199 141
2529 1143 2608 1211 Α,
2671 1143 2777 1201 Nec
2834 1163 2922 1215 per
2963 1147 3098 1199 hunc
3139 1156 3471 1198 commeatum

1887 1215 2020 1268 viae.
2069 1214 2140 1282 11,
2189 1216 2294 1271 554
2339 1217 2383 1270 Α
2410 1257 2423 1280 ,
2449 1215 2659 1270 Brevem
2688 1214 2856 1269 carnis
2884 1224 3216 1270 commeatum
3254 1231 3354 1269 non
3380 1218 3472 1270 tle-

1889 1286 2098 1340 buerant
2123 1287 2374 1342 nascendo
2391 1288 2679 1356 sumpsisse,
2710 1288 2744 1342 i.
2763 1302 2813 1341 ο.
2833 1287 3132 1342 facultatem
3149 1286 3322 1341 brevis
3341 1295 3472 1341 tem—

1891 1359 2036 1427 poris
2069 1359 2256 1428 agendi
2307 1361 2356 1413 in
2381 1373 2560 1414 carne.
2597 1357 2669 1423 11,
2696 1357 2796 1412 441
2831 1359 2870 1412 D
2896 1402 2909 1426 ,
2957 1358 3171 1412 Lucrari
3222 1373 3315 1412 nos
3367 1359 3473 1413 vult

1889 1439 2241 1483 commeatum.
2267 1428 2632 1484 Commealum
2657 1429 2837 1484 saeculi
2878 1430 3007 1484 dicit
3051 1444 3253 1485 moram
3279 1429 3332 1484 in
3373 1443 3475 1483 sa:-

1890 1501 2012 1554 culo
2039 1509 2297 1555 nostram.
2327 1501 2546 1556 Lucrari
2574 1509 2751 1554 autem
2795 1517 2892 1556 nos
2917 1501 3027 1556 vult
3073 1513 3426 1556 commeatum
3454 1546 3468 1569 ,

1891 1573 1946 1626 li.
1980 1587 2029 1626 e.
2063 1589 2157 1641 pro
2185 1572 2334 1627 lucro
2377 1572 2530 1628 nobis
2559 1571 2680 1640 poni
2703 1572 2844 1627 diem
2869 1615 2883 1639 ,
2911 1585 3298 1642 quemcumque
3322 1572 3475 1626 inno-

1891 1644 2449 1729 center,"sive’,mu_tait,
2481 1643 2708 1729 sapienti
2749 1643 3174 1724 conversatione,
3201 1645 3472 1729 "transigi-

1893 1730 2031 1769 mus.
2099 1716 2178 1782 ΙΙ,
2230 1714 2336 1770 297
2387 1715 2427 1770 Β
2457 1759 2472 1782 ,
2523 1713 2872 1769 Commeatum
2932 1713 3306 1786 operationibus
3367 1717 3476 1786 ejus

1892 1786 2210 1841 admetiendo
2262 1787 2510 1841 rationem
2575 1786 2810 1840 bonitatis
2855 1801 2962 1838 sua:
3005 1786 3124 1856 egit.
3178 1785 3476 1840 Castrensis

1895 1857 2092 1912 locutio
2132 1867 2250 1925 est,
2297 1859 2377 1913 sic
2421 1858 2564 1913 enim
2610 1856 2775 1913 duces
2819 1856 3077 1911 militibus
3118 1867 3474 1912 commeatum

1895 1927 2139 1984 admetiri
2165 1924 2339 1984 solent
2383 1937 2436 1983 et
2457 1924 2912 1984 circumscriberc’.
2974 1927 3028 1992 1,
3086 1926 3222 1983 1257
3273 1925 3355 1993 Α,
3410 1928 3477 1982 Et

1896 2010 2230 2055 commeatum
2264 2001 2358 2055 sibi
2409 1999 2602 2068 faciunt
2629 1998 2971 2068 delinquendi.
3011 1998 3350 2055 Commeatus
3397 2011 3479 2056 est

1896 2073 2080 2138 Venia,
2111 2088 2228 2141 qum
2253 2071 2407 2126 militi
2432 2071 2617 2138 datur,
2651 2081 2708 2124 ut
2753 2071 2917 2140 possit
2961 2070 3027 2124 ad
3054 2081 3262 2138 tempus
3287 2071 3477 2127 abesse

1895 2158 1922 2192 a
1967 2144 2158 2197 caSIris
2207 2145 2288 2198 vel
2345 2143 2676 2212 negotiorum
2704 2185 2719 2208 ,
2767 2142 2853 2196 vel
2901 2141 3220 2196 valetudinis
3264 2156 3477 2198 caussa.

1891 2213 2096 2269 Sensus
2122 2215 2300 2284 itaque
2329 2232 2341 2269 :
2373 2214 2555 2268 Potius
2584 2214 2683 2283 ipsi
2708 2212 3011 2284 facultatem
3040 2213 3167 2284 sibi
3192 2224 3377 2284 parant
3424 2225 3479 2270 et

1892 2294 2080 2339 curant
2105 2282 2449 2355 delinquendi
2478 2282 2636 2354 quam
2671 2282 3030 2355 eruditionem
3069 2283 3476 2354 ctdisciplinatn

1894 2371 2001 2410 non
2041 2353 2404 2426 delinquendi.
2447 2353 2524 2422 ll,
2550 2355 2652 2411 710
2677 2353 2751 2420 Λ,
2782 2355 2971 2426 Sinon
3010 2356 3064 2408 in
3094 2355 3257 2423 primo
3284 2353 3480 2425 quoque

1892 2428 2007 2481 vita:
2035 2429 2187 2489 huius
2214 2439 2497 2482 commeatu
2543 2428 2774 2482 omnibus
2817 2425 3008 2480 illicitis
3051 2428 3288 2495 satisﬁat.
3338 2427 3476 2482 Iron.

1894 2500 1955 2552 Si
2007 2515 2108 2552 non
2165 2515 2526 2568 praeoccupans
2579 2500 2690 2568 quis
2737 2498 2788 2552 in
2859 2513 2960 2551 uno
3028 2497 3246 2552 adventu
3307 2501 3480 2553 omnia

1889 2579 2007 2639 agat
2032 2572 2184 2625 semel
2213 2588 2274 2624 ac
2291 2573 2512 2641 pariter,
2541 2587 2654 2640 qua:
2682 2586 2784 2624 non
2805 2578 2999 2622 tantum
3028 2569 3193 2623 dicere
3220 2579 3264 2622 et
3299 2572 3480 2624 audire

1890 2657 2000 2696 non
2019 2650 2089 2696 est
2113 2647 2194 2712 fas
2221 2645 2364 2697 nobis
2381 2682 2395 2708 ,
2419 2643 2508 2696 sed
2534 2658 2596 2696 ne
2623 2641 2825 2710 quidem
2852 2649 3013 2695 mente
3033 2641 3083 2695 in
3105 2642 3480 2711 conceptionem

1889 2729 2073 2767 venire.

1959 2783 2329 2842 Conexum.
2364 2785 2426 2854 ll,
2461 2785 2600 2843 1052
2629 2787 2690 2852 Α,
2729 2782 3076 2840 Commentata
3118 2783 3219 2837 vim
3247 2787 3483 2840 tormenti

1887 2856 2049 2912 debile
2087 2859 2196 2928 (alii
2225 2860 2287 2912 de
2314 2859 2431 2922 bile,
2458 2860 2495 2913 i.
2525 2873 2578 2914 c.
2610 2873 2677 2913 cx
2725 2856 2904 2928 arietis
2923 2855 3052 2928 irati
3085 2854 3254 2925 motu)
3287 2858 3479 2923 pecoris

1885 2939 2039 2995 caput
2098 2925 2445 2993 vindicantis;
2492 2945 2724 2986 scnsus:
2763 2925 3061 2982 Macltiuam
3121 2937 3482 2984 commentata

1886 3001 2198 3068 violentam,
2250 3017 2368 3071 qua:
2393 3003 2458 3055 ad
2490 3003 2606 3055 irati
2633 2999 2934 3069 exemplum
2962 2998 3142 3053 arietis
3162 2999 3394 3053 vindicat
3423 3014 3480 3055 se

1884 3074 2078 3141 Capite.
2107 3073 2167 3140 11,
2199 3075 2303 3130 575
2334 3073 2394 3136 Β,
2436 3073 2716 3127 Achamoth
2741 3073 2795 3125 in
2845 3071 3086 3124 honorem
3128 3085 3326 3124 cconum
3348 3071 3479 3124 ima-

1882 3144 2049 3215 ginem
2103 3155 2509 3201 commentataut.
2541 3144 2604 3210 11,
2651 3143 2757 3199 266
2782 3141 2843 3210 C,
2896 3141 2958 3199 Si
3003 3142 3085 3197 hic
3124 3145 3273 3196 homo
3316 3141 3481 3196 Deum

1881 3219 2319 3274 commentabitur.

2961 3286 3111 3357 [idem
3133 3287 3482 3340 commentarii

1894 3363 2104 3416 voluerit
2148 3364 2430 3427 ha’reticus,
2464 3361 2519 3416 Ιι.
2551 3377 2602 3417 e.
2635 3360 2678 3415 si
2728 3375 2792 3414 ex
2824 3359 3156 3431 publicorum
3183 3358 3341 3431 etiam
3393 3373 3480 3431 aia.-

1889 3431 2164 3487 chivorutu
2214 3435 2316 3488 fide
2371 3433 2550 3489 doceri
2599 3427 2844 3487 voluerit.
2902 3430 2943 3497 1,
2990 3428 3096 3485 292
3124 3429 3184 3494 Α,
3226 3427 3482 3482 Consulite

1887 3508 2272 3559 commentarios
2293 3516 2499 3559 vestros.
2527 3503 2727 3558 Pamel.
2776 3511 2924 3565 nutat
2971 3498 3135 3556 alludi
3182 3499 3266 3553 his
3300 3499 3481 3553 verbis

1887 3575 1953 3627 ad
1988 3576 2177 3630 Annal.
2210 3575 2373 3630 Corn.
2403 3576 2598 3641 'l‘acit.,
2631 3574 2727 3629 lib.
2755 3573 2873 3639 XV,
2903 3581 2994 3627 aut
3045 3570 3218 3640 potius
3244 3570 3308 3623 sd
3347 3569 3479 3624 Sue—

1888 3653 2000 3701 ton.
2031 3646 2080 3700 in
2113 3646 2342 3702 Nerone.
2368 3647 2430 3712 ll,
2460 3646 2567 3702 966
2595 3647 2654 3711 Β,
2683 3643 2849 3700 Porro
2892 3660 3008 3699 cum
3058 3643 3110 3697 in
3139 3642 3311 3696 eodem
3337 3657 3472 3696 coin-

1887 3719 2133 3772 mentario
2160 3717 2332 3774 Lucae.

1959 3789 2384 3846 Couusnrnon.
2416 3789 2458 3856 1,
2490 3789 2596 3846 570
2628 3790 2687 3854 Α,
2727 3786 2905 3859 Neque
2932 3787 3081 3859 ullus
3118 3794 3481 3859 commentator

1888 3859 2196 3924 eiuscemodi
2215 3862 2590 3931 antiquitatum.
2615 3861 2680 3923 ll,
2700 3859 2804 3914 789
2822 3857 2890 3925 Α,
2922 3857 2948 3911 Ι
2958 3874 3045 3927 pse
3062 3857 3328 3931 imp_r_imis_
3346 3857 3479 3931 illat-

1885 3931 2068 3998 th't'us,
2093 3927 2418 3999 ﬁdelissimus
2448 3930 2709 4001 Evangelii
2747 3937 3128 3984 commentator.
3160 3927 3220 3992 11,
3267 3927 3363 3982 841
3402 3928 3476 3994 Β,

1887 4001 1994 4073 Aut
2009 4018 2040 4054 a
2065 4012 2453 4057 commentotore
2469 4001 2733 4073 Evangelii
2763 4001 3193 4073 prteluminatatn.

1884 4069 2264 4199 Ηξοῧιιιειςιιο
2311 4084 2395 4131 est
2443 4069 2634 4145 grtcce'
2669 4082 3064 4143 συηαλαίπωρςς,
3120 4070 3183 4140 11,
3237 4070 3343 4128 374
3393 4070 3472 4138 Ο,

1959 4216 2331 4285 (Ζοιιιιιττειιε,
2362 4217 2497 4272 duos
2525 4218 2768 4288 pluresve
2806 4217 2856 4271 in
2885 4225 3156 4288 ceruunen
3185 4214 3472 4285 conjicere.

1886 4285 1948 4354 11,
1984 4289 2053 4343 56
2085 4289 2140 4356 Β,
2179 4288 2246 4344 Ut
2283 4285 2538 4358 apostolos
2567 4290 2897 4354 committam,
2927 4287 3236 4355 metaphora
3265 4299 3472 4354 sumpta

1885 4359 2346 4430 aigladiatoribus.
2404 4359 2471 4430 11,
2503 4359 2608 4415 570
2647 4359 2707 4425 Β,
2754 4359 2880 4425 Qua
2916 4375 3009 4412 nos
3065 4358 3311 4430 commisit
3345 4374 3477 4430 cum

1891 4427 2225 4502 Hermogene,
2258 4431 2293 4484 i.
2345 4446 2397 4487 c.
2451 4427 2577 4502 fecit
2606 4439 2662 4485 ut
2703 4429 2992 4492 scriberem
3043 4428 3299 4502 adversus
3341 4427 3475 4482 Iler-

1885 4497 2188 4571 mogeném.
2219 4502 2260 4569 1,
2290 4502 2387 4557 621
2423 4503 2488 4568 Α,
2516 4501 2584 4558 Ut
2614 4518 2699 4557 vos
2722 4502 3016 4571 committat,
3043 4501 3076 4553 i.
3111 4515 3162 4554 c.
3188 4497 3256 4553 ad
3298 4507 3474 4552 certa-

1886 4570 2009 4628 men
2040 4574 2178 4628 inter
2207 4589 2305 4628 vos
2326 4573 2572 4629 adducat.
2604 4574 2668 4642 Il,
2708 4572 2807 4628 281
2841 4575 2902 4640 Α,
2936 4570 3002 4627 In
3041 4572 3214 4641 gulam
3242 4571 3475 4642 commit-

1887 4653 2018 4709 tunt,
2048 4645 2083 4698 i.
2117 4659 2167 4700 e.
2191 4645 2238 4697 ei
2273 4645 2369 4712 ipsi
2397 4655 2608 4710 uocent,
2656 4640 2748 4714 qui
2791 4645 2970 4714 gulam
3000 4640 3149 4698 suam
3196 4640 3475 4714 obrucriut

1886 4716 2146 4784 cupediis.
2180 4716 2243 4782 11,
2277 4715 2380 4771 287
2414 4723 2475 4779 B,
2512 4715 2574 4769 Et
2600 4712 2714 4770 ideo
2743 4712 2962 4769 iit—suam
2981 4729 3230 4769 summam
3262 4712 3474 4765 comini-

1883 4788 1947 4840 sit
1971 4788 2258 4851 bonitatem,
2291 4788 2326 4842 i.
2355 4803 2406 4843 c.
2439 4789 2691 4856 reposuit,
2725 4795 2964 4856 tempore
2987 4786 3192 4840 scilicet
3217 4797 3316 4836 suo
3345 4797 3473 4849 pro-

1881 4859 2152 4914 tuendam.
2203 4858 2268 4926 11,
2315 4859 2421 4915 919
2473 4858 2532 4926 Β,
2589 4858 2716 4913 Cum
2766 4857 3162 4912 sollicitudinem
3200 4866 3473 4926 nuptormn

1878 4932 2163 4997 committit,
2198 4923 2315 4985 i.e.
2366 4923 2590 4997 confert,
2628 4936 2904 4998 comparat
2951 4928 3091 4982 inter
3137 4939 3216 4980 se.
3272 4923 3334 4992 ll,
3366 4924 3474 4980 86:!

1875 5002 1943 5068 Α,
1980 5002 2085 5057 Sed
2114 5018 2203 5054 nec
2241 4999 2408 5066 ipsum
2431 5001 2684 5071 baptisma
2709 4997 2954 5071 committi
3007 5014 3096 5068 per
3134 4997 3472 5071 regeneratio-

1875 5088 2009 5140 nem,
2039 5082 2142 5128 elc.
2166 5072 2206 5139 l,
2234 5072 2342 5127 459
2370 5073 2435 5136 Α,
2465 5068 2591 5125 Ideo
2619 5087 2738 5143 ergo
2771 5069 3126 5143 committimus
3152 5071 3202 5143 in
3235 5068 3472 5135 majesta-

1873 5152 1973 5198 tem
2024 5145 2408 5212 imperatorum.
2450 5143 2494 5210 Ι,
2521 5143 2631 5200 416
2661 5140 2725 5211 Ᾱ,
2755 5141 3082 5198 Comntittitis
3125 5140 3314 5195 crimen
3343 5153 3471 5192 vera:

1869 5215 2280 5287 irreligiositatis.

1942 5281 2344 5343 Co'uuumcans.
2374 5284 2439 5352 11,
2469 5287 2538 5342 55
2567 5286 2626 5354 Β,
2658 5285 3101 5342 Communicamus
3142 5299 3255 5337 cum
3288 5281 3466 5338 Eccle-

1868 5358 1957 5412 siis
2007 5360 2315 5430 apostolicis,
2349 5358 2386 5412 i.
2427 5372 2500 5430 e._
2538 5358 2827 5430 probamus
2854 5357 3464 5430 ‘nos__communionem

1870 5426 2069 5484 habere
2095 5446 2213 5484 cum
2235 5431 2331 5497 eis,
2365 5428 2502 5501 quod
2528 5426 2673 5484 nulla
2701 5427 2933 5501 doctrina
2961 5426 3187 5501 diversa,
3214 5427 3464 5501 nimirum

1869 5501 2021 5554 nobis
2075 5510 2174 5567 est,
2215 5495 2324 5556 sed
2359 5495 2774 5570 conspiratcum
2808 5500 2931 5554 illis.
2978 5497 3018 5564 1,
3053 5497 3193 5553 1262
3239 5499 3306 5560 Α,
3344 5495 3465 5550 Non

1868 5571 2189 5625 vasculorum
2214 5573 2626 5640 inquinamentis,
2655 5572 2743 5627 sed
2769 5586 2941 5626 eorum
2968 5585 3080 5642 quat
3110 5586 3172 5625 ex
3211 5585 3315 5642 ore
3343 5584 3465 5642 pro-

1867 5653 2094 5706 muntur,
2154 5643 2407 5696 hominem
2463 5645 2846 5709 communicari,
2900 5643 2935 5696 i.
2980 5639 3047 5697 ’c.
3106 5639 3460 5710 coinquinari,

1865 5721 2063 5770 κοινςῦν.
2101 5713 2140 5781 1,
2178 5712 2282 5770 650
2306 5715 2368 5781 Α,
2397 5711 2502 5769 Cur
2549 5731 2662 5785 ante
2707 5731 2794 5770 ore
2837 5714 3040 5782 pro/alit
3095 5715 3466 5768 communicant

1866 5787 2142 5851 hominem,
2172 5795 2276 5841 etc.

1937 5857 2361 5913 Counumcimo.
2381 5856 2444 5926 ll,
2471 5856 2541 5914 58
2569 5856 2628 5918 (ἒ,
2658 5853 2727 5911 Et
2751 5853 3134 5910 communicatio
3164 5853 3461 5919 deliberata,

1866 5943 2060 6001 nempe
2102 5930 2361 5987 orationis
2383 5939 2437 5987 et
2473 5942 2790 5996 conventus,
2814 5934 2870 5986 et
2914 5928 3087 5984 omnis
3116 5927 3192 5984 rei
3243 5933 3462 5984 sancta.
