4184 6496
730 409 868 468 1ἳ83

1714 409 1923 468 INDEX
1962 408 2397 469 LATINITATIS
2436 406 3012 468 TERTULLIANEIE.

3872 412 4018 469 1284

728 528 1421 601 pessimorumimprobitati
1448 527 1876 585 Beneﬁciariiset
1898 529 2154 585 Curiosis.
2180 527 2310 583 Nam
2342 529 2391 587 A
2450 600 2471 601 η
2497 528 2876 583 Diuxartrtcs.
2925 528 2989 593 11,
3032 526 3101 583 18
3132 526 3213 601 Λ,
3249 526 3362 595 Quo
3386 525 3479 581 etsi
3503 525 3632 601 nihil
3656 528 4019 601 dedanmati-

728 613 779 657 ct
810 602 907 671 ipsi
949 602 1294 671 pensionibus
1336 604 1529 656 annuis
1575 610 1667 656 aut
1716 604 2004 658 menstruis
2049 605 2306 670 corrupti,

729 672 1170 739 tabernariorunt,
1234 688 1560 743 ganeonum,
1591 675 1787 739 iurum,
1816 675 2067 729 lenonum
2109 678 2313 728 scelera

728 743 1133 798 dissimulabant
1160 762 1172 799 :
1205 745 1273 799 ita
1299 754 1355 798 ιιι
1384 744 1526 798 domi
1552 756 1829 799 servarent
1869 746 2177 800 ntatriculas
2204 755 2314 798 tur-

728 817 871 883 pittut
906 815 1207 885 ltujusmodi
1258 817 1580 884 pactionum.
1624 816 1753 872 Cum
1798 818 1955 885 igitur
1984 828 2036 871 cl
2079 818 2129 871 in
2160 816 2316 870 Chri-

732 888 937 941 stianos
960 886 1207 941 mandata
1228 888 1523 957 principum
1541 890 1651 942 sive
1668 889 2042 957 proconsulum
2061 898 2151 941 aut
2181 904 2315 955 prm-

730 960 905 1012 είιιιιιη
935 967 1186 1029 tanquam
1218 958 1269 1029 in
1296 959 1623 1013 facinorosos
1670 962 1925 1014 atrociter
1954 974 2318 1028 exsequeren-

730 1036 834 1094 tur,
870 1028 1082 1083 tandem
1108 1040 1161 1083 et
1183 1028 1299 1083 istis
1319 1029 1604 1083 Christiani
1629 1045 1838 1101 quoque
1868 1032 2120 1101 pecunias
2153 1031 2318 1096 pactis

730 1100 1078 1174 pensionibus
1106 1115 1391 1155 numerare
1412 1112 1710 1174 coeperunt.
1761 1100 2190 1174 lloeSeplimiIIs
2222 1117 2317 1154 no-

730 1170 857 1225 mini
882 1170 1175 1224 christiano
1204 1181 1357 1242 turpe
1373 1186 1435 1226 ac
1462 1172 1767 1240 pudendum
1786 1190 1906 1227 esse
1931 1170 2021 1233 ait.
2054 1172 2104 1225 in
2132 1174 2317 1225 matri-

727 1246 879 1297 cibus
908 1242 1377 1297 Beuelieiariorum
1409 1252 1463 1298 et
1489 1244 1854 1308 (iuriosorutn,
1886 1247 2024 1298 inter
2049 1257 2319 1312 gaueoocs

727 1325 779 1369 ct
808 1314 973 1379 l'nres,
1001 1314 1404 1370 ettaberuarios
1420 1325 1473 1369 et
1492 1315 1731 1381 lenones,
1757 1316 2085 1369 christianos
2108 1328 2319 1384 quoque

730 1384 1015 1453 vectigales
1037 1385 1267 1439 censeri.

802 1458 1138 1511 Cuutosrrits.
1180 1455 1219 1523 Ι,
1250 1454 1358 1512 265
1391 1456 1455 1518 Δ,
1494 1456 1591 1510 llic
1629 1467 1823 1511 tantum
1853 1458 2075 1511 humana
2102 1457 2319 1510 curiosi-

732 1536 807 1581 tas
835 1527 1112 1598 torpescit;
1156 1543 1383 1583 sensus:
1417 1528 1685 1584 lteeeditis
1713 1529 1872 1583 etiam
1925 1530 1974 1581 ill
2022 1546 2086 1582 eo
2132 1540 2318 1581 natura

731 1598 985 1664 hominis,
1016 1598 1158 1668 quod
1182 1600 1296 1653 ltatc
1344 1616 1558 1669 semper
1602 1602 1810 1653 curiosa
1856 1601 1944 1662 sit,
1975 1600 2133 1654 altius
2179 1615 2238 1653 ea
2268 1602 2319 1653 in

728 1683 849 1752 qua;
902 1669 1107 1752 incidit,
1174 1672 1465 1726 scrutandi.
1519 1672 1777 1727 llcumau.
1826 1673 2049 1737 mavult,
2124 1671 2320 1729 urbana

728 1753 1013 1797 Clll‘lOﬂllll.

798 1812 1075 1869 Colmane.
1098 1812 1161 1881 Il,
1182 1812 1311 1878 908,
1328 1811 1390 1877 C,
1407 1813 1449 1868 Λ
1462 1830 1772 1885 quocumque
1784 1815 2071 1870 institutore
2081 1823 2195 1868 sunt
2221 1814 2323 1868 sive

729 1886 972 1954 spiritali,
1040 1888 1128 1956 qui
1179 1887 1537 1956 singularibus
1589 1888 1847 1942 Paraeleti
1905 1886 2315 1941 revelationibus

731 1958 1042 2021 instructus,
1099 1958 1201 2010 sive
1246 1967 1443 2011 tantum
1465 1957 1627 2025 ﬁdeli,
1656 1959 1743 2026 qui
1780 1959 2048 2012 conununi
2082 1957 2186 2010 tide
2227 1971 2313 2011 so-

732 2027 866 2095 lum,
898 2028 1057 2081 rident
1096 2027 1201 2081 Deo
1221 2037 1450 2091 currant,
1489 2028 1524 2081 i.
1556 2043 1607 2083 e.
1627 2030 1801 2083 eidem
1834 2029 1940 2081 Deo
1962 2028 2280 2083 conveniant
2302 2067 2317 2092 ,

728 2098 797 2169 de
822 2100 1009 2154 eodem
1036 2099 1144 2154 Deo
1171 2098 1391 2169 intelligi
1418 2098 1666 2155 debeant.
1698 2101 1759 2162 ll,
1785 2100 1889 2155 500
1905 2100 1965 2166 C,
1985 2098 2007 2152 Ι
2017 2110 2113 2152 tem
2137 2108 2320 2153 caatera

727 2168 876 2243 bona,
912 2187 1001 2241 per
1026 2186 1140 2243 qua:
1164 2187 1293 2243 opus
1306 2168 1497 2243 bonum
1518 2174 1679 2243 currit
1702 2173 1843 2225 bona:
1870 2172 2165 2225 severitatis.

798 2240 1121 2298 Consuant.
1151 2240 1332 2307 1,7452
1377 2242 1441 2307 Β,
1488 2241 1792 2299 (Ιαιενυαιίηι
1840 2244 2085 2297 cursitare
2137 2241 2205 2295 ad
2235 2241 2317 2295 in-

752 2330 891 2368 ιιι-ωε
900 2356 910 2367 .

715 2331 1086 2441 μᾝῗέτουιλ.
1115 2382 1178 2447 ll,
1211 2385 1317 2441 539
1346 2388 1409 2454 Α,
1439 2385 1693 2442 Custodia:
1721 2385 1958 2455 alliciunt,
1991 2400 2096 2455 quo
2139 2386 2320 2440 occul-

731 2463 845 2529 tant
871 2456 1367 2529 doctrinamwsuam,
1400 2468 1458 2513 tit
1481 2460 1570 2529 qui
1607 2460 1781 2513 solent
1828 2458 2097 2511 custodire
2120 2456 2319 2529 aliquid

730 2526 1126 2599 diligentem".
1151 2527 1246 2582 771
1291 2531 1355 2594 Δ,
1388 2526 1551 2595 Quem
1592 2540 1638 2584 et
1685 2530 1926 2599 facultate
1969 2526 2223 2582 custodite
2252 2529 2317 2581 li-

728 2597 881 2672 bene;
933 2598 1152 2672 Lucian.
1194 2602 1531 2672 διαφθείροντες
1566 2597 2071 2669 τοῦξδισμθφὺὶιλας.
2121 2598 2163 2663 1,
2213 2599 2319 2655 5‘25

731 2672 795 2735 A,
825 2668 893 2724 Et
920 2671 1087 2740 utique
1109 2685 1209 2723 non
1240 2668 1424 2728 deesset
1445 2673 1579 2728 vobis
1603 2674 1655 2727 in
1696 2668 1955 2727 auditione
1973 2672 2318 2726 custodiarum

728 2752 775 2795 et
808 2741 1132 2795 damnatione
1154 2745 1360 2811 sanguis
1387 2745 1659 2798 Intntanus.

800 2813 1219 2869 Cosroolantuu.
1242 2814 1282 2880 Ι,
1318 2815 1423 2869 622
1447 2816 1511 2881 Α,
1545 2814 1612 2871 Ut
1630 2832 1736 2882 vos,
1757 2815 2020 2880 benedicti,
2040 2816 2102 2867 de
2120 2829 2323 2868 carcere

729 2884 781 2957 in
811 2886 1197 2957 custodiarium,
1222 2888 1265 2939 si
1286 2892 1417 2957 torte
1447 2888 1719 2941 translatos
1770 2888 2083 2948 existimetis,
2118 2888 2153 2940 i.
2180 2902 2231 2939 e.
2266 2894 2323 2939 ιιι

731 2954 835 3009 hoc
874 2955 942 3009 tle
973 2956 1124 3010 vobis
1145 2954 1409 3023 statuatis,
1460 2972 1557 3012 vos
1603 2959 1669 3012 ad
1718 2958 2017 3012 libertatem
2076 2959 2319 3021 servari,

733 3041 838 3097 non
869 3025 935 3081 ad
965 3027 1322 3097 captivitatem
1351 3039 1405 3084 et
1425 3040 1675 3084 mortem.
1701 3027 1831 3082 Nam
1862 3044 2044 3083 career
2065 3030 2322 3082 damnan-

730 3095 921 3152 dorttm
947 3095 1389 3155 damnatorumve
1408 3100 1788 3156 custodiariutu
1810 3100 2239 3154 stationariormu
2268 3110 2325 3154 et

731 3168 1124 3242 Speculatorum
1144 3181 1247 3237 est,
1270 3186 1405 3242 opus
1433 3171 1677 3227 stationis
1713 3184 1825 3225 suae
1857 3172 2242 3242 pnestautium,
2268 3180 2323 3226 et

731 3240 1128 3314 observantium
1154 3240 1403 3313 tauquam
1425 3242 1493 3298 de
1518 3244 1754 3314 specula,
1806 3240 1868 3298 ut
1899 3244 2196 3314 appellatur
2225 3243 2317 3297 lib.

730 3310 847 3364 adv.
874 3309 1027 3375 Jud.,
1058 3326 1175 3380 cap.
1199 3314 1252 3369 5.

802 3384 983 3437 (ἐυτιε.
1011 3382 1073 3449 ll,
1109 3383 1249 3438 1042
1270 3386 1335 3447 Α,
1367 3382 1516 3439 Intra
1557 3395 1719 3440 cutem
1740 3400 1900 3440 ctcsus
1922 3396 1968 3440 et
1990 3384 2319 3441 ultra.C|co-

732 3454 955 3509 machus
974 3470 1148 3509 c:t:sus
1175 3467 1258 3510 est
1286 3457 1422 3510 intra
1466 3466 1666 3522 cutem,
1698 3457 1934 3513 cinadus
1972 3458 2081 3527 jam
2113 3456 2317 3523 lactus,

731 3533 948 3579 ctextra
975 3536 1169 3593 cutem,
1202 3542 1323 3582 cum
1353 3528 1492 3598 pugil
1524 3538 1638 3583 erat
1666 3540 1884 3598 propter
1916 3539 2173 3584 etestuum
2206 3530 2317 3585 vul-

733 3610 882 3658 nera,
914 3612 1035 3667 qua:
1064 3598 1198 3652 ultra
1220 3610 1397 3654 cutem
1423 3598 1839 3655 descendebant.

802 3668 1263 3742 tivum-lammina
1317 3685 1478 3739 opera
1528 3671 1825 3740 prominula
1872 3679 2107 3742 ctaqua:
2160 3672 2318 3728 modo

734 3736 783 3791 itt
808 3737 1024 3809 longum
1057 3742 1292 3802 liuentia,
1329 3736 1503 3804 situm,
1528 3736 1711 3796 'rceta:
1753 3752 1843 3796 aut
1897 3736 2141 3808 iuvdrsw,
2169 3754 2223 3797 et
2248 3748 2321 3799 si-

732 3808 1137 3883 tttilia‘JYitruv.
1166 3812 1256 3866 lib.
1288 3811 1350 3865 lll
1402 3812 1464 3865 de
1487 3813 1755 3867 Architect.
1794 3828 1911 3881 eap.
1940 3813 1993 3877 3,
2024 3828 2077 3868 et
2104 3818 2196 3870 lib.
2227 3817 2316 3883 IV,

730 3896 829 3947 cap
856 3878 909 3934 6.
940 3881 1168 3952 ΙΙΟΒ)ὋΙΙ.
1205 3890 1438 3950 κυμάτια
1472 3889 1537 3939 τὰ
1564 3896 1699 3955 χείλη
1726 3890 1806 3938 διὰ
1832 3878 1884 3941 rb
1910 3897 2170 3954 κυμαὶιεη,
2207 3900 2235 3950 ἧ
2266 3878 2320 3943 uti.

731 3957 964 4031 bnspozatl
988 3959 1121 4031 παρᾲ
1164 3963 1349 4010 τέκτοσι
1395 3960 1473 4011 καὶ
1522 3961 1796 4019 λιθόποιοις.
1830 3957 1869 4024 Ι,
1902 3959 2004 4014 ϋἹοί
2031 3958 2096 4027 Λ,
2127 3959 2194 4014 Ει
2228 3977 2319 4031 cy-

730 4026 886 4077 ntatia
912 4024 1214 4081 distendere.

801 4096 1117 4169 Quinum.
1151 4097 1214 4163 ll,
1246 4098 1386 4154 1015
1415 4098 1477 4160 Β,
1507 4096 1751 4169 Cymbala
1780 4101 2001 4155 incessit.

799 4165 1233 4251 ςῒέοῦξψιιᾼωδ,
1273 4165 1616 4251 ἐννοιξγαλός,
1672 4175 1843 4251 misce,
1878 4174 2205 4251 ἀναίςχυντσς.
2254 4173 2313 4243 ΙΙ,

734 4237 838 4313 120
867 4237 925 4313 Β,
1088 4241 1185 4294 isto
1212 4242 1398 4294 scilicet
1430 4237 1805 4312 Cynocephalo,
1834 4245 1867 4297 i.
1896 4258 1945 4299 e.
1972 4237 2202 4313 diabolo,
2231 4237 2320 4301 ea;

732 4310 851 4382 uiua
890 4310 1081 4382 invidia
1121 4326 1287 4382 genus
1318 4310 1605 4366 humanum
1632 4310 1882 4370 vexante.
1938 4315 2127 4370 Junius
2160 4310 2317 4374 intel-

734 4381 849 4465 ligit
874 4381 941 4462 de
970 4381 1263 4446 Plautiano,
1292 4386 1748 4465 quoa-ceemlcnte
1774 4387 1959 4465 Severi
1991 4391 2320 4456 temporibus

731 4452 1092 4507 calamitatum
1124 4464 1287 4509 :estus
1312 4452 1365 4509 iit
1394 4456 1727 4511 Christianos
1756 4452 2179 4513 exeanduernitt.

800 4522 1048 4600 Cra-0M,
1071 4526 1183 4600 sive
1218 4526 1496 4600 (Iynopes,_
1521 4536 1645 4582 sunt
1669 4528 2030 4600 Cynocepltali
2077 4530 2320 4586 homines

729 4595 938 4665 caninis
982 4595 1273 4660 capitibus,
1296 4595 1372 4652 de
1391 4598 1583 4665 quibus
1605 4615 1667 4653 ex
1694 4595 1899 4655 Iinlieis'
1932 4601 2125 4656 Ctesie
2182 4602 2315 4656 l’lin.

733 4664 795 4747 tt.
825 4665 889 4719 N.
920 4666 1009 4719 lib.
1041 4665 1149 4747 vn,
1202 4684 1318 4747 cap.
1344 4664 1470 4747 εμπ,
1498 4670 1603 4747 ste
1631 4671 1687 4747 ti.
1716 4673 1819 4747 sed
1848 4673 1887 4737 t,
1912 4673 2017 4747 379
2040 4673 2102 4733 Α,
2130 4672 2319 4747 legitur

730 4736 1308 4815 {ignouennmfauteb
1350 4750 1407 4815 et
1445 4740 1521 4815 La
1546 4740 1716 4815 tlcrda
1751 4736 1931 4815 legunt
1969 4736 2317 4814 Cynophattw.

731 4805 945 4864 Wouw.
976 4808 1240 4880 Cyclopes.
1272 4809 1342 4866 At
1367 4810 1627 4868 lleraldus
1655 4805 2145 4887 liabei'tlynap'ené.

1492 4948 1536 5005 D

804 5088 1026 5145 Duos.
1083 5088 1147 5155 ll,
1196 5089 1258 5146 6|
1309 5089 1371 5153 B,
1417 5088 1499 5143 Ad
1553 5089 1835 5144 da'tnonem
1879 5106 1933 5146 se
1985 5092 2320 5148 aberrantem.

723 5157 1039 5216 Damonem
1067 5172 1221 5216 vocat
1244 5170 1481 5216 scortum
1507 5175 1660 5216 suum
1684 5160 1892 5227 Simon,
1942 5164 2158 5218 nomine
2210 5163 2320 5219 lle-

734 5232 929 5309 lgnatn,
972 5248 1131 5305 quam
1162 5232 1621 5309 ‘circumduccbat
1670 5248 1874 5298 secum,
1916 5244 1985 5309 _et
2031 5235 2320 5309 Ennmam,

729 5301 1328 5429 Emm,'ap€pellabat
1378 5303 1755 5371 cogitationem
1804 5319 1865 5359 ac
1914 5304 2321 5433 intelligentiam

731 5390 916 5430 suam:
948 5390 1007 5431 se
1048 5390 1076 5429 a
1162 5375 1301 5429 banc
1347 5375 1611 5433 perditam
1663 5392 1817 5432 ovem
1856 5392 2069 5433 attaereu
2111 5394 2195 5432 am
2228 5378 2321 5433 de-

731 5390 916 5447 suam:
948 5390 1007 5431 se
1048 5375 1114 5429 ad
1162 5375 1301 5447 hanc
1347 5375 1611 5447 perditam
1663 5392 1817 5432 ovem
1856 5375 2195 5445 quaerendam
2228 5378 2325 5433 de-

734 5446 1009 5519 scendisse
1040 5446 1286 5501 narrabat
1310 5446 1517 5519 Simon,
1541 5462 1703 5517 quum
1741 5448 1810 5503 ab
1834 5448 2038 5519 angelis
2061 5449 2323 5505 invidiose

732 5516 948 5645 detonet;
991 5526 1153 5585 esset,
1209 5526 1266 5573 ut
1311 5516 1799 5589 Irenaeus’exponit
1858 5516 2242 5590 copiosiusiib.
2274 5519 2317 5590 l,

732 5604 851 5645 can.
950 5631 964 5644 .

732 5604 851 5645 can.
877 5604 964 5645 Συ.

798 5605 1086 5717 latagum.
1122 5658 1283 5725 11,48
1324 5662 1387 5727 A,
1436 5658 1563 5715 Ideo
1612 5669 1659 5715 et
1709 5661 1804 5715 sibi
1858 5662 2155 5719 damnatum
2188 5663 2320 5718 dixit

738 5731 1049 5796 Ittcreticunt,
1083 5732 1119 5786 i.
1147 5747 1197 5787 e.
1223 5747 1253 5786 a
1277 5731 1585 5804 semetipso,
1609 5734 2051 5804 propriojmlicio.
2072 5735 2319 5791 ll:cretici

737 5805 790 5859 in
820 5807 1134 5874 semetipsos
1155 5805 1471 5858 sententiam
1505 5803 1699 5862 lerunt.
1733 5803 1951 5859 arbitrio
1979 5824 2076 5860 suo
2103 5808 2171 5861 tle
2221 5808 2322 5861 lie-

736 5874 897 5951 clesia
922 5874 1291 5951 recedentes;
1335 5887 1455 5951 qua;
1493 5877 1745 5948 recessio,
1773 5880 2000 5951 propria:
2041 5880 2323 5938 conscien-

738 5945 827 6006 tia
850 5946 1057 6005 videtur
1082 5958 1203 6005 esse
1222 5944 1510 6005 damnatio.

2344 1924 2393 1985 B

2343 3314 2390 3378 C

2419 600 2521 658 (iis.
2545 603 2660 655 scil.
2719 601 3035 666 Ita-resilius,
3078 599 3529 671 participarentur,
3575 600 3609 653 i.
3642 616 3692 654 e.
3720 600 3833 671 jam
3862 602 4018 655 dant-

2419 673 2574 733 natis.
2608 682 2664 725 ut
2688 673 2940 738 ﬁetitium.
2973 672 3115 741 quod
3147 673 3326 726 lielum
3367 682 3477 735 est,
3514 671 3854 740 donatiuum,
3901 683 4013 728 etc.

2490 743 2657 797 Daue.
2689 744 2765 808 ll,
2820 743 2928 798 063
2976 743 3056 809 Β,
3111 741 3265 797 Dedit
3296 743 3478 814 faciem
3528 760 3674 796 suam
3704 743 3833 811 Deo,
3879 744 3915 798 i.
3956 760 4012 799 e.

2418 828 2715 869 conversus
2741 816 2805 868 ad
2835 816 3019 869 Deum.

2492 886 2603 957 De,
2633 886 2701 938 ob
2727 927 2740 947 ,
2769 897 3005 954 propter.
3047 885 3065 940 1
3092 927 3105 947 ,
3152 886 3249 939 571
3288 884 3329 939 Α
3350 928 3364 951 ,
3402 884 3479 938 De
3504 886 3761 957 religione.
3792 885 3870 952 ll,
3906 887 4013 941 ’518

2420 956 2459 1010 Δ
2483 999 2497 1021 ,
2537 956 2598 1009 Et
2625 958 2687 1009 de
2701 957 2879 1025 judice
2926 958 3201 1010 necessarie
3225 973 3470 1021 severum,
3500 967 3545 1010 et
3570 956 3633 1011 de
3659 974 3845 1023 severo,
3882 959 4014 1011 sicut

2418 1043 2627 1080 sset-um.
2679 1028 2715 1091 I,
2748 1028 2855 1083 “5
2892 1030 2935 1081 Λ
2962 1069 2975 1089 ,
3004 1025 3072 1081 Se
3096 1028 3376 1081 daanonem
3395 1029 3714 1092 conﬁtebitur
3750 1031 3814 1082 de
3852 1044 3971 1081 vero
3996 1069 4013 1092 ,

2422 1098 2457 1170 ξ.
2498 1113 2556 1170 Ac.
2586 1100 2725 1167 quod
2753 1115 2877 1170 vere
2895 1108 2997 1153 est.
3032 1099 3185 1153 Coni.
3218 1099 3459 1153 Lactant.
3486 1100 3579 1153 lib.
3628 1099 3707 1165 ll,
3764 1116 3883 1170 cap.
3919 1101 4008 1154 16.

2423 1167 2463 1227 1,
2483 1168 2592 1223 bili
2621 1177 2660 1222 Λ
2684 1213 2698 1235 ,
2725 1169 2903 1241 Colitis
2928 1170 3064 1233 illos,
3103 1172 3237 1241 quod
3263 1171 3440 1235 sciant,
3481 1171 3631 1223 etiam
3675 1173 3739 1223 de
3762 1167 4010 1241 sanguine

2422 1241 2831 1302 christianorum,
2879 1240 2915 1295 i.
2945 1256 2997 1296 e.
3025 1240 3130 1295 non
3164 1251 3366 1297 tantum
3392 1257 3514 1298 cum
3546 1241 3600 1295 in
3625 1240 4014 1312 gratiatu’illo-

2423 1326 2540 1364 rum
2578 1326 2673 1366 eos
2700 1315 2963 1373 mactatis,
3020 1312 3114 1368 sed
3164 1313 3229 1365 ad
3279 1328 3401 1368 aras
3446 1314 3682 1382 ipsorum
3731 1313 4015 1368 trucidatis

2424 1397 2825 1453 nonnunquam.
2858 1382 2899 1447 I,
2926 1383 3033 1438 525
3062 1386 3126 1449 Α,
3156 1382 3262 1438 Sed
3309 1385 3371 1437 de
3414 1393 3586 1437 nostra
3614 1384 3774 1453 magis
3830 1385 4013 1451 defen-

2424 1454 2581 1508 sione.
2610 1453 2735 1510 Jun.
2767 1455 3025 1523 explicat:
3055 1453 3205 1510 Facit
3229 1454 3331 1510 hoc
3352 1457 3519 1524 magis
3540 1454 3606 1509 ad
3633 1455 4007 1510 detensioitem

2425 1532 2681 1578 nostram.
2709 1525 2843 1580 Alii:
2879 1525 3188 1581 Maneamus
3220 1526 3397 1593 potius
3446 1529 3497 1580 iit
3543 1526 3860 1581 defensione
3914 1544 4011 1581 no-

2424 1596 2540 1667 stri.
2568 1595 2635 1662 ll,
2658 1596 2764 1653 201
2791 1596 2864 1661 Β,
2900 1597 2977 1651 De
3001 1598 3147 1667 cujus
3189 1598 3383 1661 utitur,
3438 1597 3661 1651 subaud.
3714 1597 3891 1661 rebus,
3925 1606 4013 1653 aut

2424 1665 2622 1735 aliquid
2657 1668 2855 1723 simile.
2906 1665 3217 1737 llujustuodi
3266 1668 3491 1722 formula
3535 1670 3801 1723 sermonis
3850 1671 4011 1724 etiam

2427 1737 2477 1789 in
2518 1740 2883 1803 superioribus
2922 1740 3070 1794 libris
3117 1754 3244 1794 usus
3268 1749 3383 1803 est,
3438 1740 3552 1800 adv.
3597 1738 3861 1794 Marcion.
3918 1741 4010 1794 lib.

2428 1806 2470 1861 V
2506 1823 2520 1861 :
2556 1810 2615 1862 Si
2644 1812 2696 1863 in
2724 1811 2964 1863 creatoris
2989 1811 3255 1880 accipitur.
3282 1811 3419 1866 Eod.
3451 1811 3586 1865 libro
3610 1854 3623 1872 .
3656 1809 3724 1865 Et
3769 1829 3801 1863 a
3829 1821 4019 1868 nostra:

2428 1881 2583 1951 partis
2613 1882 2767 1951 possit
2795 1883 3002 1950 opponi,
3032 1896 3328 1951 graecorum
3361 1892 3443 1937 est
3473 1884 3720 1937 imitatio.
3768 1882 3815 1938 ll
3834 1924 3852 1947 ,
3916 1883 4016 1938 188

2425 1951 2499 2023 ﬁ,
2536 1948 2679 2023 S_icut
2699 1954 2803 2020 ipse
2824 1948 2887 2006 tle
2913 1948 3093 2022 patris,
3124 1952 3161 2007 i.
3193 1969 3245 2007 e.
3284 1953 3352 2009 de
3392 1968 3459 2008 eo
3506 1953 3649 2023 quod
3693 1962 3779 2009 est
3824 1956 4012 2023 patris.

2422 2020 2621 2095 ll,79:’.
2644 2024 2699 2089 Β,
2734 2023 2799 2078 Ut
2841 2020 3009 2077 autem
3047 2024 3280 2079 clausula
3323 2030 3386 2080 de
3436 2020 3736 2095 praiﬁrtione
3785 2020 4019 2079 commu-

2423 2094 2652 2165 nifaciat,
2686 2097 2720 2147 i.
2755 2111 2804 2149 e.
2840 2104 3056 2165 prtestet
3084 2111 3235 2149 usum
3289 2094 3614 2164 prielationis
3663 2099 3972 2152 communis
3996 2138 4012 2165 ,

2421 2162 2582 2219 faciat
2618 2166 2761 2233 quod
2810 2162 3047 2235 prtelatio
3073 2162 3371 2221 communis
3392 2172 3549 2221 Solet.

2495 2236 2869 2292 DEBELLATOR.
2897 2236 2936 2301 l,
2968 2238 3075 2293 201
3104 2240 3179 2303 Α,
3210 2236 3362 2291 Edite
3410 2239 3625 2308 aliquem
3653 2236 4019 2293 debellatorem

2422 2304 2847 2372 Christianorum,
2878 2308 2912 2361 i.
2945 2324 2995 2363 c.
3030 2324 3135 2364 non
3182 2304 3533 2365 extinctorem
3554 2351 3569 2377 ,
3595 2310 3691 2365 sed
3730 2324 4018 2382 aggresso-

2421 2390 2535 2433 rem
2556 2419 2571 2444 ,
2600 2388 3015 2447 persecutorem.

2497 2450 2831 2504 UEBELLARE.
2868 2449 2929 2514 ll,
2960 2450 3063 2508 909
3092 2452 3152 2515 B,
3191 2449 3481 2506 Debellatos
3500 2449 3801 2521 aliquandiu
3828 2471 3863 2506 a
3904 2472 4011 2509 nta-

2424 2520 2603 2593 tribus.
2652 2523 2691 2585 1,
2718 2522 2821 2576 412
2845 2523 2909 2593 Α,
2941 2522 3136 2577 titulum
3156 2524 3367 2593 denique
3394 2520 3601 2577 debellet
3632 2526 3943 2593 imperator.

2496 2592 2730 2647 Daunus.
2763 2593 2801 2667 1,
2831 2592 2936 2667 411
2960 2597 3023 2657 Α,
3050 2594 3161 2666 Ego
3177 2612 3288 2667 sum
3329 2596 3412 2647 cui
3463 2596 3736 2664 impetrare
3786 2596 4014 2667 debetur,

2423 2662 2459 2719 i.
2494 2680 2544 2748 ς.
2578 2682 2678 2733 ego
2706 2662 3380 2748 Solus[impetra're'debcm

2498 2734 2759 2789 Demruu.
2796 2737 2832 2797 l,
2866 2734 2975 2791 263
3001 2737 3066 2802 Α,
3119 2738 3178 2791 Si
3206 2737 3402 2790 nullunt
3431 2735 3538 2789 odii
3564 2736 3788 2792 debitum
3837 2740 4016 2802 depre-

2425 2805 2704 2877 hendatur,
2738 2808 2771 2861 i.
2805 2821 2851 2861 c.
2879 2821 3067 2861 eaussa
3087 2808 3228 2877 justa
3248 2851 3261 2875 ,
3291 2824 3386 2862 cur
3416 2810 3587 2861 virum
3611 2810 3806 2863 bonmu
3834 2805 4016 2865 odisse

2426 2876 2560 2929 lianc
2593 2878 2973 2946 professionem
3015 2876 3279 2947 aperient.
3312 2879 3371 2943 ΙΙ,
3408 2880 3511 2934 505
3542 2882 3608 2944 Α,
3650 2879 3835 2934 Debita
3883 2883 4015 2934 enint

2424 2949 2720 3001 ontniahn'c
2757 2959 2872 3003 sunt
2897 2952 3180 3016 severitati,
3224 2952 3352 3005 sicut
3389 2951 3629 3006 severitas
3671 2952 3898 3005 debitum
3944 2964 4015 3005 est

2412 3018 2644 3094 justititc.
2678 3021 2751 3094 Il,
2790 3021 2990 3094 5997C,
3036 3022 3202 3089 Quam
3243 3023 3336 3075 sibi
3388 3022 3610 3075 debitum
3654 3026 3839 3093 gratia:
3883 3024 4020 3094 refev

2427 3101 2593 3165 rentes
2616 3092 2861 3165 homines.
2896 3093 2959 3155 ll,
2986 3094 3091 3148 650
3135 3097 3197 3156 Α,
3236 3094 3555 3147 Solemniora
3576 3092 3788 3165 qua'que
3807 3105 3857 3149 et
3906 3092 4016 3147 oin-

2423 3163 2629 3235 nimodo
2675 3164 2843 3235 debita
2892 3166 3236 3235 corpulentiw.
3266 3165 3339 3235 Ita
3368 3174 3521 3219 vocat
3569 3163 3807 3221 habitum
3838 3208 3855 3234 ,
3912 3177 4016 3221 ter-

2424 3234 2626 3287 minum
2649 3274 2664 3298 ,
2700 3234 3081 3305 longitudinem
3105 3277 3117 3296 .
3151 3234 3515 3299 latitudinem,
3547 3248 3652 3291 etc.

2498 3306 2895 3372 DEBUCCINARE,
2925 3311 3272 3373 ὃιαςιὶπῖζειν.
3306 3306 3388 3365 ΙΙ,
3440 3308 3546 3361 907
3595 3308 3673 3371 Β,
3723 3307 3878 3364 Nihil
3924 3309 4013 3363 dc-

2421 3374 2741 3499 Zuccinemus
2787 3394 2959 3432 eorum
3004 3394 3117 3449 qua:
3166 3378 3306 3450 apud
3342 3378 3487 3432 illum
3529 3381 3807 3436 mercedem
3858 3398 4015 3436 merc-

2456 3457 2624 3499 untur.

2456 3457 2624 3502 untur.

2498 3521 2811 3596 Dscsosus,
2846 3520 2913 3596 (le
2944 3520 3153 3596 fastigio
3175 3520 3469 3596 decedere,
3505 3523 3694 3596 subigi.
3745 3523 3822 3589 ll,
3877 3524 4015 3579 1015

2420 3590 2463 3644 Λ
2486 3632 2501 3655 ,
2531 3591 2599 3645 In
2621 3594 2819 3668 captiva
2842 3590 3101 3668 Sarabara
3152 3594 3382 3668 decessit.
3414 3594 3457 3649 ll
3481 3636 3496 3659 ,
3538 3590 3651 3650 274'
3701 3597 3762 3664 Β,
3814 3596 4010 3668 (ἰοςιιὶε

2421 3664 2679 3716 tormentis
2713 3665 2777 3717 de
2800 3667 3115 3734 confessione
3142 3666 3401 3722 decedere.

2495 3734 2860 3809 Dt:_cru.tne._l,
2896 3736 2999 3791 701
3039 3736 3277 3809 [LQuid
3320 3738 3440 3809 ipsa
3495 3735 3752 3809 Carthago
3799 3755 4014 3806 passura

2421 3815 2513 3866 est,
2543 3804 2843 3876 decimnnda
2868 3823 2898 3858 a
2928 3817 2993 3859 te.
3035 3808 3170 3874 Quid
3201 3809 3272 3862 sit
3299 3807 3567 3862 decimare
3597 3850 3613 3876 ,
3664 3804 3871 3864 indicat
3928 3811 4010 3863 bis

2423 3876 2599 3953 verbis
2637 3875 2850 3953 Livius:
2873 3876 3071 3932 Cretera
3101 3876 3371 3933 multitudo
3387 3883 3519 3949 forte
3543 3875 3772 3935 decimus
3801 3883 4012 3953 quisque

2419 3946 2487 4000 ad
2506 3949 2810 4017 supplicium
2833 3950 3006 4003 lectus.

2495 4019 2819 4095 DEtLLINAllE.
2865 4020 2927 4088 Il,
2951 4019 3159 4095 556B,
3188 4019 3452 4077 Declinata
3493 4024 3886 4095 investigatione
3924 4041 4012 4091 pa-

2422 4090 2689 4155 tris;.|un.
2735 4094 2859 4161 legit
2900 4108 3021 4147 eum
3069 4093 3326 4149 ltltenano
3366 4104 3419 4149 et
3470 4098 3612 4162 aliis,
3658 4090 3721 4148 de
3768 4090 4013 4150 inclinata

2372 4194 2383 4203 ο
2422 4162 2622 4236 invest_.,
2658 4164 2694 4217 i.
2727 4178 2776 4217 c.
2804 4164 2960 4236 cuius
2990 4179 3112 4232 spes
3157 4166 3331 4219 onmis
3357 4167 3614 4236 eripitur,
3648 4169 3803 4235 quasi
3858 4169 4013 4226 incli-

2422 4234 2673 4287 nantibus
2702 4244 2755 4288 et
2799 4235 3175 4307 deﬁcientibus
3217 4234 3574 4305 adjnmentis,
3615 4234 3735 4307 qua:
3772 4238 3844 4292 ad
3897 4255 4011 4295 eam

2421 4308 2849 4373 consequendam
2880 4305 3091 4361 fuerunt
3116 4309 3446 4371 necessaria;
3498 4312 3577 4363 sic
3601 4305 3793 4364 Cicero
3823 4312 4011 4364 scribit

2421 4375 2676 4431 Lentulo:
2714 4373 2811 4431 Res
2834 4378 3078 4431 inclinata
3118 4378 3506 4442 est,laboratur
3556 4384 3897 4435 vehementer.
3949 4383 4009 4446 ll,

2421 4448 2527 4502 402
2554 4448 2771 4513 A,Jam
2798 4460 2915 4503 tunc
2936 4448 3194 4502 Christum
3237 4449 3288 4501 in
3331 4452 3473 4504 Iuda
3521 4452 3844 4517 declinabat,
3880 4454 3917 4506 i.
3960 4471 4008 4507 e.

2421 4519 2745 4572 tleclinzttuu:
2788 4522 2898 4575 sive
2936 4520 3235 4575 tlet'ivatum
3288 4522 3350 4575 iri
3403 4523 3834 4587 vaticinabatur;
3890 4539 4009 4578 nam

2422 4592 2674 4643 declinare
2704 4591 2901 4645 Latinis
2923 4592 3149 4644 derivare
3178 4602 3289 4653 est,
3331 4602 3383 4647 ct
3412 4593 3533 4648 inde
3558 4610 3703 4649 voces
3743 4595 4011 4650 declinata:

2424 4664 2733 4735 primigeniis
2754 4664 2907 4735 apud
2936 4662 3092 4717 Varr.
3128 4663 3217 4715 lib.
3244 4663 3329 4717 IV.
3358 4666 3419 4719 de
3449 4664 3601 4735 Ling.
3624 4667 3718 4719 lat.

2344 4710 2397 4771 D
2424 4710 2469 4731 ’Π
2939 4734 3011 4800 Β,
3032 4735 3181 4806 βὶοαι
3208 4737 3356 4802 facit,
3375 4710 3490 4806 7,th
3688 4710 4009 4792 solummodo

2426 4818 2700 4880 nppareus.
2758 4806 2978 4880 ltig:tl_t.,
3021 4804 3145 4860 Jun.
3196 4804 3617 4880 et_alii'leguut
3668 4809 3795 4880 quid
3842 4813 4009 4864 decor.

2430 4874 2598 4957 Decor
2616 4874 2952 4957 solummodo
2977 4890 3241 4948 apparens
3267 4876 3394 4935 facit
3420 4874 3620 4951 aliquid
3644 4921 3659 4948 ,
3682 4874 3695 4880 ’
3718 4882 3773 4934 ιι.
3808 4896 3862 4937 e.
3903 4884 4011 4937 vul-

2429 4956 2581 5005 nerat
2612 4956 2866 5002 animam.

2501 5020 2871 5074 Decucsctzus.
2901 5019 2943 5086 l,
2989 5019 3121 5075 1247
3151 5021 3193 5075 A
3215 5062 3230 5087 ,
3259 5020 3340 5074 Ad
3381 5037 3581 5078 omnent
3612 5039 3881 5081 occursum
3905 5042 4007 5079 ma-

2417 5090 2551 5160 joris
2571 5094 2813 5159 cujusque
2843 5106 3072 5160 persona:
3094 5092 3431 5148 decrescentes
3448 5136 3464 5161 ,
3508 5096 3547 5150 i.
3568 5111 3619 5152 e.
3667 5096 4007 5153 demittentes

2424 5178 2482 5217 se
2509 5162 2573 5215 :ul
2598 5164 2949 5216 reverentiam
2980 5164 3053 5216 illi
3083 5162 3460 5219 exhibendam.

2499 5234 2833 5288 Drecrcsue.
2872 5233 2914 5308 1,
2943 5236 3039 5289 511
3072 5238 3136 5308 A,
3196 5233 3447 5307 Diogenes
3491 5238 3737 5308 superbos
3776 5238 4009 5295 Platonis

2426 5312 2565 5430 torosl
2586 5307 2691 5359 alia
2712 5306 2945 5376 superbia
2965 5307 3209 5373 deculeat,
3241 5306 3471 5378 superbe
3512 5306 3717 5378 calcat,
3749 5322 3808 5367 et
3860 5313 4007 5385 quasi

2426 5392 2487 5430 ex
2517 5391 2544 5429 a
2572 5387 2645 5430 to.

2425 5392 2487 5431 CX
2517 5387 2645 5432 atto.

2499 5448 2837 5527 Dscenantjs.
2892 5448 2980 5527 ll._
3214 5451 3310 5527 lt,
3342 5450 3631 5527 pecuniam
3682 5454 4003 5527 (ﬂuctus).

2426 5518 2464 5573 i.
2485 5534 2533 5574 c.
2559 5523 2737 5598 magni
2762 5530 2816 5576 et
2841 5521 3079 5591 pessimi.
3107 5523 3177 5587 ll,
3213 5523 3317 5581 750
3340 5524 3406 5591 Β,
3442 5524 3618 5580 Nullis
3646 5518 3895 5598 quassata
3923 5518 4009 5580 de-

2421 5605 2671 5647 cumanis.

2499 5662 2805 5743 Discursus.
2833 5663 2872 5730 Ι,
2905 5664 3009 5743 579
3038 5665 3079 5720 Β
3100 5706 3113 5730 ,
3144 5666 3379 5732 Quotidie
3414 5677 3518 5723 toto
3536 5670 3649 5737 jam
3683 5686 3901 5742 corpore
3921 5670 3999 5725 de

2425 5737 2547 5788 cutit
2572 5777 2587 5799 ,
2620 5738 2655 5789 i.
2688 5754 2739 5791 e.
2772 5746 2883 5791 toto
2916 5737 3027 5805 jam
3057 5752 3281 5805 corpore
3302 5748 3477 5794 cutem
3508 5743 3709 5797 amisit.

2500 5805 2848 5878 Deosusaurz.
2885 5808 2956 5870 ll.
2993 5808 3131 5865 1000
3156 5809 3223 5873 Β,
3245 5811 3350 5865 Sed
3376 5821 3420 5864 et
3443 5811 3647 5866 sceleris
3685 5814 4005 5878 manifestum

2429 5877 2837 5946 dedamnaverit,
2862 5883 2898 5935 i.
2921 5896 2971 5934 c.
3020 5884 3340 5941 sententiam
3370 5883 3729 5943 damnationis
3777 5877 4005 5944 rescide-

2430 5949 2529 6021 rit,
2561 5947 2869 6010 damnatum
2897 5950 3211 6010 absolverit.
