4184 6496
735 399 873 458 1287

1732 398 1941 458 INDEX
1975 396 2408 458 LATINlTATlS
2435 396 3012 458 TERTULLIANEE.

3884 400 4031 458 1288

730 514 934 588 112οᾼ,
961 510 1111 588 Erat
1135 512 1205 588 ita
1232 513 1465 579 dixerim,
1492 522 1726 571 naturam
1753 518 2080 571 demandare.
2125 515 2186 582 11,
2221 516 2326 570 352

2433 527 2474 570 et
2501 517 2624 570 viris
2655 525 2700 570 et
2720 518 2948 571 moreris.
2982 515 3043 579 11,
3080 515 3261 580 1121),
3294 516 3394 583 Qui
3441 515 3578 588 fugis
3623 516 3884 570 diabolum
3931 517 4031 570 de-

732 585 793 653 B,
829 585 971 640 Mors
993 583 1181 640 Christi
1220 596 1453 658 negatur,
1485 603 1602 641 cum
1641 598 1743 642 tam
1783 590 2022 660 impresso
2050 588 2323 658 Apostolus

732 657 1025 712 demandat.

769 666 1025 712 cnlaudat.

807 727 1476 802 Densurrnekinsanire.
1551 732 1702 802 quasi
1771 731 1838 786 dc
1901 740 2079 787 mente
2115 728 2322 802 “exire.

731 798 772 865 1,
803 798 908 854 412
937 804 1001 865 Λ,
1032 799 1101 855 Ut
1124 799 1271 856 aliter
1286 801 1556 857 dementire
1571 798 1827 867 'videatnr,
1853 802 2063 856 Lucret.
2083 801 2168 866 111,
2195 801 2319 865 401,

731 869 987 924 Demenlit
1023 871 1160 925 enim
1215 871 1474 942 deliraque
1525 874 1678 940 fatur.
1718 874 1780 940 11,
1836 874 1940 930 079
1997 873 2056 936 Β,
2097 872 2233 926 Nam
2280 882 2327 926 et

731 959 845 996 cum
868 942 1106 996 dementit
1127 942 1296 1002 homo,
1319 943 1555 997 dementit
1584 947 1776 998 anima.

806 1013 1122 1068 DEIEBBBE.
1149 1012 1191 1077 1,
1223 1013 1330 1069 578
1356 1015 1421 1078 Α,
1457 1013 1559 1081 Qui
1587 1016 1890 1070 demerendo
1912 1016 2005 1070 sibi
2027 1015 2327 1082 disciplinas

733 1083 1156 1156 determinaverit,
1180 1085 1270 1154 qui
1299 1085 1499 1156 scilicet
1537 1098 1711 1141 certas
1744 1089 2040 1156 praescribit
2079 1088 2224 1155 leges
2271 1095 2328 1140 et

734 1155 944 1226 regulas
967 1155 1265 1226 demerendo
1288 1155 1403 1222 sibi,
1435 1157 1472 1209 i.
1527 1172 1578 1212 e.
1621 1155 1812 1226 quibus
1856 1159 2152 1212 observatis
2178 1158 2326 1210 faVul'

733 1225 1093 1296 ejuscspritni
1117 1235 1311 1296 potest.
1339 1227 1378 1292 1,
1433 1227 1538 1282 401
1562 1225 1651 1295 Α,
1687 1228 2014 1282 Multitudine
2053 1239 2121 1282 tot
2153 1229 2324 1280 numi-

734 1314 855 1351 num
873 1297 1310 1352 demerendorum.
1335 1298 1397 1364 11,
1421 1297 1526 1354 96⁸5
1541 1301 1604 1359 Α,
1631 1298 1809 1354 Sciens
1827 1301 1949 1366 quid
1968 1301 2036 1354 ad
2058 1302 2323 1353 demeren-

732 1369 852 1424 dam
872 1366 984 1440 Dei
998 1369 1215 1440 gratiam
1243 1370 1446 1436 faceret.
1474 1369 1537 1436 11,
1565 1369 1674 1425 252
1705 1370 1765 1433 Β,
1803 1369 2012 1424 Possem
2035 1372 2086 1423 in
2115 1386 2216 1423 uno
2238 1371 2324 1422 de-

734 1438 933 1494 mereri.
962 1437 1019 1504 1,’
1047 1438 1186 1495 1269
1217 1441 1282 1507 Α,
1317 1439 1444 1507 Quae
1481 1442 1780 1496 demerendo
1806 1443 2032 1496 .dontino
2073 1441 2324 1509 multipli-

733 1512 858 1566 citer
887 1509 1153 1565 atlaboret.

811 1580 1108 1638 Drusorum.
1141 1580 1204 1649 11,
1259 1581 1364 1638 957
1414 1583 1472 1650 Β,
1525 1581 1785 1639 Demarati
1819 1584 1935 1647 cibi,
1974 1584 2029 1639 b.
2073 1599 2121 1638 c.
2177 1582 2324 1638 dilati

737 1663 958 1781 prpter
987 1654 1262 1736 stationes,
1287 1669 1406 1725 qua:
1435 1656 1686 1725 quoniam
1708 1656 2166 1724 protendebantur
2196 1697 2210 1718 .
2240 1656 2320 1709 ci-

807 1741 834 1781 s
874 1739 1068 1780 morari
1089 1737 1494 1781 consueverant.
1522 1726 1583 1781 ll.
1614 1727 1717 1781 977
1741 1729 1811 1781 Δ.
1877 1727 1941 1781 Et
1964 1729 2125 1781 stella:
2150 1735 2320 1779 aucto-

807 1741 834 1781 s
874 1725 1068 1796 morari
1089 1737 1494 1782 consueverant.
1522 1726 1583 1793 Il,
1614 1727 1717 1784 977
1741 1729 1811 1796 Δ,
1877 1727 1941 1781 Et
1964 1729 2125 1781 stella:
2150 1735 2325 1779 aucto-

734 1799 935 1926 aitat‘em
983 1795 1290 1853 demorantis
1338 1799 1616 1871 suspirant,
1663 1799 1701 1854 i.
1748 1795 1803 1854 e.
1857 1801 2113 1854 morantis
2146 1841 2160 1864 ,
2217 1807 2325 1852 tar-

771 1885 839 1925 an
867 1883 932 1924 ts.

771 1868 932 1925 antis.

808 1911 1141 1997 Βέἶῦτλτιο.
1166 1941 1228 2009 11,
1247 1939 1353 1996 876
1383 1941 1446 2009 Α,
1472 1940 1824 2000 Discernenda
1852 1951 1924 1997 est
1950 1950 2116 1995 autem
2143 1941 2322 1994 demu-
2352 1911 2400 1973 Β

737 2013 860 2086 ratio
888 2013 951 2068 ab
974 2014 1113 2086 omni
1137 2021 1434 2086 argumento
1453 2015 1749 2086 perditionis
1772 2031 1792 2081 ;
1821 2014 1964 2068 aliud
1983 2015 2115 2068 enim
2147 2012 2324 2066 demu-

734 2085 858 2139 tatio
881 2128 895 2151 ,
928 2084 1071 2140 aliud
1097 2084 1332 2155 perditio.

808 2154 1120 2224 Dsnonne,
1152 2154 1571 2226 reprehendere.
1596 2155 1662 2223 11,
1695 2157 1834 2214 1030
1871 2157 1932 2222 C,
1981 2156 2195 2211 Habitus
2239 2155 2325 2209 de-

737 2237 929 2284 notare.
958 2229 1063 2302 Alii
1090 2229 1271 2302 legunt
1296 2245 1310 2282 :
1338 2227 1553 2302 Habitus
1581 2229 1823 2286 denotare
1851 2229 2009 2302 pacis2
2039 2231 2146 2302 hafc
2175 2238 2222 2302 et
2242 2245 2328 2281 an-

738 2315 874 2355 nona
892 2309 938 2355 et
959 2299 1081 2364 otia;
1107 2299 1170 2354 ab
1194 2299 1406 2364 imperio
1437 2309 1483 2355 et
1508 2317 1540 2353 a
1563 2302 1687 2356 calo
1715 2304 1838 2355 bene
1852 2299 1956 2354 est.
1983 2299 2147 2355 Junio
2173 2299 2330 2353 deno-

740 2381 850 2426 tare
871 2379 976 2436 est,
1008 2381 1132 2425 nota
1159 2370 1368 2440 publica
1401 2370 1659 2438 indicare,
1691 2382 1749 2428 et
1772 2372 2094 2426 auclovitate
2124 2370 2326 2425 indice-

738 2459 798 2499 re
827 2463 839 2499 ε
869 2442 1029 2498 male.
1055 2439 1119 2510 11,
1148 2439 1289 2497 1056
1314 2445 1377 2507 Α,
1411 2442 1549 2508 Quid
1585 2443 1793 2497 denotas
1820 2443 2090 2496 hominem.
2133 2441 2196 2502 11,
2222 2442 2323 2496 551

735 2517 802 2580 Λ,
831 2515 943 2570 Nec
971 2514 1114 2568 aliud
1135 2514 1297 2584 magis
1318 2515 1371 2567 in
1397 2514 1687 2584 hujusmodi
1717 2516 1932 2583 (nempe
1952 2529 2160 2568 aeonum
2188 2512 2331 2569 fatui-

737 2586 810 2656 la)
840 2587 1043 2656 deuoto.
1069 2585 1134 2648 11,
1169 2584 1356 2656 1770,
1383 2584 1568 2656 Nonne
1605 2585 1889 2640 denotasset
1915 2588 2203 2640 vanitatem.
2264 2584 2325 2651 11,

737 2655 847 2714 500
867 2659 939 2723 Α,
963 2655 1222 2711 Doctrina:
1248 2655 1494 2711 denotabo
1518 2657 1911 2726 perversitatem.

811 2730 1140 2794 Denormo,
1173 2726 1542 2799 reprehensio.
1567 2726 1607 2794 ι,
1643 2727 1784 2785 1332
1805 2731 1867 2795 Λ,
1905 2727 1970 2783 Et
1994 2730 2102 2800 ipsa
2116 2728 2328 2782 denota-

738 2802 874 2856 tione
892 2801 972 2856 sui
999 2801 1208 2854 exultat.

808 2870 1254 2944 DENO'ILATUSLid.
1288 2870 1351 2939 11,
1381 2869 1518 2927 1014
1550 2872 1613 2938 Α,
1659 2871 1912 2941 Quantum
1941 2871 2335 2944 denotatuipas-

737 2945 910 3002 sicitas
937 2941 1085 3010 oﬁert
1114 2941 1391 2998 libertinos.

812 3015 1116 3080 Dammae,
1149 3013 1284 3084 palis
1311 3013 1556 3084 impactis
1582 3022 1819 3070 statuere
1843 3024 1897 3070 ct
1943 3013 2331 3070 circumclude-

741 3102 818 3143 re.
851 3087 890 3154 1,
925 3087 1030 3142 550
1052 3089 1114 3150 Α,
1141 3085 1329 3141 Civitas
1358 3102 1508 3150 quam
1547 3086 1870 3154 depalaverat
1904 3085 2148 3142 Saturnia
2178 3102 2336 3151 usque

740 3176 876 3213 nunc
904 3169 1001 3214 est.
1031 3157 1098 3223 11,
1124 3157 1231 3212 222
1256 3155 1318 3222 ε,
1351 3154 1566 3211 Ineullis
1599 3158 1762 3227 primo
1789 3158 2044 3212 elementis
2086 3157 2334 3226 deputans

739 3230 1112 3299 quodammodo
1129 3229 1398 3283 mundum.
1415 3229 1672 3298 Depalare
1698 3229 2026 3284 Tertulliano
2066 3229 2332 3284 interdum

2432 589 2661 659 pretiasti
2691 588 2980 659 t'hristum,
3001 590 3087 652 qui
3113 591 3164 642 in
3195 600 3240 642 te
3267 600 3362 643 est.

2501 661 2859 714 DEPUGNHIO.
2890 660 2926 725 I,
2961 658 3066 714 650
3088 659 3147 723 C,
3167 659 3233 713 Et
3273 676 3638 728 quamcumque
3666 659 4026 724 humanioris,

2428 730 2482 783 id
2507 741 2578 784 est
2608 731 2794 783 divina:
2814 731 3051 802 imaginis
3073 731 3515 802 depugnationem,
3542 732 3576 785 i.
3598 747 3647 786 c.
3677 731 4032 785 deformatio-

2429 818 2550 856 nem
2577 801 2863 871 pugnando
2893 800 3106 856 iactam.

2503 875 2844 938 DENJNGERE,
2879 884 3132 943 prmstare
3145 881 3199 928 et
3215 887 3479 944 occupare
3501 873 3698 929 bonum
3721 882 4030 944 acceptum,

2429 943 2540 999 sive
2559 947 2609 997 in
2634 960 2786 1016 usum
2819 955 3046 1000 vertere.
3082 945 3146 1012 ll,
3176 944 3283 1001 295
3305 943 3364 1012 (3,
3401 946 3460 1000 Si
3484 962 3582 1000 non
3611 946 3730 999 bene
3759 943 4036 1016 depanxiso

2429 1025 2520 1072 set.
2547 1016 2679 1083 quod
2701 1014 2822 1068 bene
2847 1026 3132 1083 acceperat.

2504 1087 2799 1140 Βιςῐιυτλῐιι.
2831 1087 2871 1151 1,
2891 1087 2997 1142 284
3025 1091 3088 1153 Α,
3115 1086 3181 1141 In
3207 1087 3386 1155 quibus
3421 1087 3666 1142 irridendi
3693 1088 4028 1157 deputamur.

2430 1156 2504 1231 11,
2536 1159 2643 1231 588
2676 1157 2732 1231 Β,
2771 1157 2999 1231 Deputor
3041 1159 3257 1231 angelis,
3287 1177 3389 1214 non
3413 1159 3639 1231 angelus,
3673 1156 3775 1213 non
3818 1161 4030 1231 angelo,

2429 1229 2465 1283 i.
2493 1244 2542 1283 c.
2567 1229 2758 1300 similis
2805 1229 2874 1282 lio
2899 1230 3124 1300 angelis,
3160 1245 3334 1300 neque
3356 1231 3466 1300 jam
3486 1229 3719 1285 censeor
3748 1229 4031 1285 masculus

2431 1315 2527 1354 nec
2557 1299 2796 1359 fulmina.
2829 1299 3134 1369 Resurgent
3163 1299 3365 1355 mortui
3406 1317 3530 1356 cum
3560 1317 3691 1355 sexu
3720 1301 4031 1369 quibusque

2429 1384 2564 1433 suo;
2597 1370 2691 1426 sed
2713 1381 2869 1432 erunt
2891 1371 3065 1426 ollicia
3086 1387 3308 1426 sexuum
3337 1372 3496 1438 nulla,
3527 1372 3648 1440 quia
3673 1388 3771 1425 uec
3799 1371 4036 1438 amplius

2428 1443 2528 1496 crit
2548 1446 2692 1500 ll-tSCi
2725 1463 2822 1502 nec
2850 1443 3005 1496 mori.
3036 1443 3078 1509 l,
3103 1443 3208 1498 3.70
3237 1444 3302 1504 A.
3332 1443 3418 1496 Ad
3443 1441 3632 1496 Persas
3657 1445 3699 1496 si
3724 1443 3864 1510 forte
3878 1443 4037 1507 depu-

2431 1514 2668 1584 tabimur.
2698 1519 2797 1573 i.c.
2829 1513 3115 1569 Persarum
3147 1515 3405 1584 religione
3431 1514 3506 1568 uti
3535 1513 3801 1570 dicemur.
3823 1513 3865 1580 l,
3894 1514 4034 1568 1505

2429 1583 2488 1650 C,
2526 1584 2767 1643 llamnati
2794 1589 2845 1642 in
2877 1601 3076 1653 poenam
3105 1583 3281 1639 mortis
3309 1586 3640 1654 deputantur.

2502 1656 2794 1716 lientoens.
2819 1659 2883 1722 11,
2913 1656 3017 1712 758
3041 1656 3101 1727 (3,
3137 1656 3243 1713 750
3273 1659 3337 1724 Α,
3358 1657 3508 1725 Quod
3537 1657 3798 1710 blanditiis
3825 1656 4035 1712 deride-

2431 1735 2532 1787 lttr.
2559 1729 2625 1780 de
2653 1731 2877 1787 infante.

2501 1797 2812 1858 Demvnto.
2849 1800 2911 1864 11,
2935 1800 3034 1856 164
3067 1799 3128 1866 Β,
3164 1797 3332 1854 Filius
3356 1815 3470 1853 vero
3497 1800 3742 1855 derivatio
3782 1801 3949 1868 ipsius
3983 1809 4030 1854 et

2429 1872 2616 1954 portio,
2652 1875 2686 1954 i.
2717 1889 2768 1954 ς.
2796 1876 3052 1954 aurigena,
3081 1872 3171 1954 qui
3199 1885 3231 1928 c
3262 1880 3410 1942 patre
3425 1874 3710 1927 emanarit.
3744 1873 3934 1939 11,171
3959 1875 4022 1940 Α,

2428 1940 2537 1996 Pro
2568 1947 2773 1999 modqu
2811 1940 3154 1998 derioationis.

2504 2014 2870 2081 Descnomne,
2905 2013 3217 2086 profundius
3242 2014 3392 2086 quasi
3421 2016 3472 2069 in
3499 2013 3742 2072 scrobem
3760 2015 4024 2082 inserere,

2429 2099 2464 2158 aq
2487 2087 2696 2154 scrobe,
2724 2091 2757 2142 i.
2777 2105 2825 2145 e.
2853 2088 3021 2143 fovea.
3038 2086 3099 2154 ll,
3117 2085 3223 2142 805
3253 2085 3316 2154 Α,
3344 2085 3408 2141 Et
3434 2087 3642 2156 insuper
3668 2088 4030 2158 operosissimo

2429 2156 2689 2214 descrobes
2708 2177 2855 2215 auro.

2504 2227 2814 2298 Desa-zvtne,
2849 2246 2990 2286 sane
3015 2239 3069 2285 et
3095 2228 3387 2285 crudeliter
3415 2237 3664 2286 tractare.
3718 2228 3787 2293 11,
3815 2229 3933 2285 517
3964 2230 4026 2298 Α,

2435 2297 2632 2373 Nervas
2659 2304 2768 2373 ejus
2797 2297 2956 2357 clauis
2979 2302 3339 2373 destrvierunl.

2505 2371 2815 2436 Desrcnsnt.
2841 2372 3071 2440 ostendi,
3103 2374 3340 2445 omnium
3370 2373 3678 2445 conspectui
3723 2372 4031 2443 expositum

2432 2445 2660 2511 csse.ll,
2698 2446 2834 2502 1042
2873 2445 2936 2511 Α,
2985 2445 3108 2498 lam
3167 2442 3418 2515 Omphale
3467 2442 3521 2500 in
3570 2442 3807 2500 Herculis
3871 2454 4033 2499 scorto

2433 2515 2696 2587 designata
2723 2517 3011 2587 descripsit.

2508 2584 2982 2654 1)ἐ5ιχειιε.11,’21
3032 2588 3096 2654 Λ,
3146 2584 3272 2641 Cum
3327 2591 3479 2642 etiam
3528 2586 3791 2642 Iohannes
3837 2586 3902 2639 de
3944 2586 4034 2640 illo

2434 2667 2600 2712 certus
2625 2677 2730 2715 esse
2755 2660 3002 2723 desiisset,
3035 2657 3158 2712 b.e.
3178 2658 3340 2713 etiam
3390 2669 3507 2726 post
3544 2674 3824 2726 excessum
3866 2657 4032 2712 Joan-

2437 2730 2540 2782 nis.
2572 2730 2724 2786 llunc
2747 2732 2918 2800 locum
2944 2729 3164 2800 exponit
3180 2724 3499 2800 Tertulliani.
3532 2729 3624 2800 lib.
3649 2731 3712 2782 de
3735 2724 4027 2800 Baptismo,

2434 2814 2553 2871 c_ap.
2581 2801 2667 2864 10,
2697 2801 2814 2855 adv.
2844 2799 3102 2854 Marcion.
3127 2799 3220 2858 lib.
3250 2799 3338 2853 IV.
3371 2815 3491 2871 cap.
3545 2799 3635 2856 18.
3690 2799 3754 2864 11,
3799 2799 3913 2854 904
3968 2800 4026 2864 Β,

2436 2869 2600 2995 Dlesiit
2628 2873 2895 2954 t-irginem.
2923 2871 3230 2927 llellcnism.
3262 2869 3485 2943 “prius
3516 2880 3747 2936 παύεται,
3779 2886 3887 2930 nOn
3913 2887 4031 2924 ain-

2437 2956 2470 2995 ο
2498 2958 2578 2995 IIIS
2595 2959 2740 2995 virao
2767 2953 2869 2995 est.

2498 2958 2578 2997 Ius
2595 2953 2740 3000 virm)
2767 2953 2869 3000 est.

2437 2956 2578 3012 ptius
2595 2959 2740 3012 virgo
2767 2956 2869 3000 est.

2512 3012 2862 3070 Dssnouane.
2891 3014 2955 3082 11,
2983 3014 3086 3070 587
3116 3014 3180 3081 Α,
3210 3014 3494 3087 Despoliari
3517 3024 3685 3068 autent
3711 3023 3783 3069 est
3809 3013 4032 3087 depone-

2436 3100 2491 3138 re
2517 3089 2716 3141 animas
2744 3088 2923 3156 quibus
2949 3087 3113 3140 induti
3133 3087 3448 3141 uidebantur.

2510 3155 2819 3224 Dssrlxant,
2852 3164 3106 3229 emno“,
3132 3156 3359 3222 deliniri,
3387 3157 3567 3212 statui.
3594 3155 3655 3224 11,
3683 3155 3791 3212 218
3819 3157 3882 3222 Α,
3909 3155 4034 3212 Des-

2437 3228 2600 3307 tinare
2612 3231 2790 3307 digito,
2817 3228 2938 3307 ne;
2961 3229 3608 3307 direptidigito‘aliquem
3639 3240 3954 3307 monstrare
3973 3243 4032 3282 ac

739 3297 860 3357 esse
881 3301 1087 3356 videtur
1117 3301 1350 3370 id.quod
1369 3297 2038 3371 propalare.manifestare,
2059 3302 2233 3369 palam
2247 3315 2333 3354 os-
2359 3308 2404 3371 (ς
2438 3297 2713 3355 denotare.
2743 3301 2804 3365 ll,
2837 3301 2943 3355 545
2973 3303 3036 3366 Α,
3064 3299 3202 3355 1045
3229 3299 3286 3364 Β,
3327 3297 3552 3371 Proinde
3578 3315 3701 3368 quos
3747 3316 3882 3371 nunc
3920 3301 4032 3353 des-

741 3373 978 3429 tcnderc.
1001 3371 1065 3434 11,
1079 3372 1185 3428 184
1204 3371 1266 3438 C,
1285 3371 1573 3441 Apostolus
1594 3382 1811 3426 vocatur
1823 3372 2086 3442 depulator
2101 3371 2326 3440 discipli-

739 3461 820 3498 nre
840 3445 1042 3510 divinae,
1061 3444 1098 3497 i.
1123 3457 1176 3498 e.
1191 3452 1470 3499 enarrator
1487 3482 1502 3504 ,
1522 3441 1901 3512 promulgator.
1935 3441 2124 3496 Junius
2147 3451 2324 3497 tamen

739 3515 1090 3586 ingeniosius,
1118 3524 1174 3568 ut
1194 3515 1352 3582 solet,
1380 3513 1518 3586 hunc
1533 3514 1705 3568 locum
1735 3515 2143 3586 interpretatur:
2166 3531 2184 3566 ς
2207 3512 2324 3586 Est,

697 3590 700 3594 ’
741 3584 930 3657 inquit,
964 3594 1105 3641 lotus
1137 3586 1224 3642 hic
1248 3598 1429 3641 sermo
1453 3584 1725 3657 ﬁguratus,
1777 3595 1990 3657 sumpta
2015 3584 2270 3657 allegoria
2283 3599 2325 3657 νει

740 3655 1033 3724 statuariis,
1064 3657 1154 3727 qui
1188 3659 1414 3727 primum
1440 3655 1690 3727 depalant
1716 3655 1972 3712 incultum
1999 3664 2054 3711 et
2077 3656 2212 3712 rude
2255 3655 2324 3727 li-

739 3745 922 3799 gnum,
951 3726 1144 3799 deinde
1171 3726 1300 3783 vero
1326 3726 1523 3782 allabre
1551 3726 1744 3782 factum
1777 3735 1832 3799 et
1873 3736 2189 3782 exornatum
2235 3726 2328 3782 de-

739 3797 939 3856 dicant.
981 3798 1222 3869 sDepalo
1253 3799 1472 3853 verbum
1499 3811 1600 3869 non
1642 3815 1673 3852 a
1741 3797 1914 3866 palam
1963 3799 2178 3853 ductum
2220 3807 2321 3866 est,

741 3872 836 3928 sed
859 3888 888 3926 a
921 3867 1156 3936 nomine,
1217 3870 1386 3940 palus,
1410 3869 1534 3938 pali.
1573 3867 1828 3940 Depalare
1854 3870 2115 3936 mundum,
2140 3869 2326 3925 rudem

741 3952 992 4015 tanquam
1020 3947 1070 3998 in
1098 3937 1567 4013 palo'l'ormandum
1597 3937 1999 4015 faciendumque
2045 3949 2280 4015 statuere
2309 3980 2324 4006 ,

742 4024 801 4069 ut
825 4011 1014 4070 sensus
1029 4011 1143 4070 sit':
1173 4027 1412 4070 crassum
1435 4021 1490 4067 et
1517 4011 1650 4067 rude
1666 4026 1820 4082 opus,
1850 4011 2003 4082 quasi
2039 4013 2213 4082 palum
2236 4028 2330 4068 ex-

741 4085 933 4140 hibens
963 4085 1249 4140 dolandum
1277 4084 1345 4138 ad
1371 4085 1623 4152 stipitem,
1673 4094 1731 4138 ut
1777 4083 1816 4150 1,
1865 4082 1970 4138 366
2014 4086 2079 4145 Α,
2125 4083 2329 4149 Quanto

741 4156 1069 4228 distinguitur
1097 4172 1128 4208 a
1154 4156 1318 4228 crucis
1347 4151 1726 4228 stip’ileuPallas
1754 4155 1948 4228 Attica?
1971 4163 2016 4228 et
2037 4153 2197 4228 lieres
2218 4156 2327 4225 [irr-

741 4243 830 4282 rea
857 4269 871 4294 ,
902 4225 1049 4297 'qua:
1087 4228 1195 4283 sine
1242 4225 1400 4296 eﬁ‘igie
1427 4225 1544 4278 rudi
1566 4225 1682 4294 palo
1707 4235 1753 4280 et
1778 4227 1983 4295 informi
2026 4227 2164 4298 ligno
2205 4243 2329 4296 pro-

738 4307 875 4355 stant
897 4299 924 4353 7

816 4371 1105 4426 Dauniae.
1127 4369 1169 4435 Ι,
1197 4367 1306 4426 200
1345 4369 1410 4437 Α,
1445 4368 1580 4438 Quid
1608 4368 1688 4440 hic
1707 4368 1904 4438 deperit
1932 4369 2123 4440 legibus
2148 4369 2200 4424 in
2238 4385 2332 4425 suo

741 4458 898 4514 regno
921 4443 1302 4514 dominantibus
1319 4485 1332 4508 ,
1361 4441 1396 4514 ir.
1421 4457 1484 4514 (ε.Δ
1503 4440 1627 4512 quid
1650 4439 1882 4514 decedit,
1925 4439 2031 4514 etc.

818 4513 1122 4584 DEPLUEBE.
1145 4512 1208 4581 11,
1243 4512 1426 4578 584Α,
1459 4511 1744 4584 Inanimas
1769 4511 1928 4565 bonas
1954 4512 2181 4584 depluat,
2213 4514 2246 4568 i.
2277 4529 2331 4570 e.

741 4583 1010 4711 ineunda},
1045 4594 1100 4641 et
1137 4584 1374 4640 instillet.
1416 4584 1580 4652 [rcn.,
1618 4583 1887 4654 Spir-italia
1909 4583 2023 4638 vero
2064 4586 2334 4642 inseminat

789 4672 967 4711 clamo
1006 4673 1044 4711 t.

789 4665 1044 4711 σΙιαηιοιΙι.

2436 3371 2658 3451 tinamus
2684 3371 2964 3436 Ita'reticos,
3000 3373 3033 3425 i.
3054 3387 3103 3426 c.
3132 3371 3279 3426 velut
3313 3370 3380 3425 ad
3409 3371 3570 3426 ictum
3613 3369 3919 3441 propositos
3943 3387 4031 3440 pe-

2433 3451 2522 3495 tttu
2533 3458 2614 3497 us.

2504 3513 2846 3570 Desrtru'rto.
2878 3513 2917 3582 1,
2951 3513 3057 3570 525
3088 3514 3152 3579 Α,
3177 3513 3310 3582 Quia
3336 3515 3470 3568 ratio
3495 3513 3827 3568 restitutionis
3878 3513 4032 3565 deuio

2429 3587 2566 3639 natio
2584 3587 2770 3657 judicii
2796 3595 2886 3653 est,
2932 3587 2968 3640 i.
3001 3601 3050 3640 c.
3073 3585 3122 3640 id
3141 3585 3207 3640 ad
3233 3584 3374 3656 quod
3415 3585 3736 3641 dcstinatmn
3770 3583 4030 3654 judicium

2429 3666 2544 3728 est:
2574 3672 2744 3716 sens..
2767 3659 2889 3727 quia
2911 3657 3040 3712 illud
3073 3659 3181 3728 agit
3200 3657 3478 3728 judicium,
3510 3666 3567 3711 ut
3585 3658 3778 3727 cuique
3798 3670 3895 3726 pro
3918 3671 4030 3710 me-

2434 3727 2552 3782 ritis
2565 3729 2848 3783 tribuatur.

2505 3798 2860 3870 Desrnucng.
2880 3798 2945 3865 11,
2971 3798 3072 3856 211
3107 3799 3172 3866 Δ,
3195 3796 3438 3863 Pluribus
3469 3807 3516 3852 et
3550 3798 3922 3870 indignioribns
3948 3799 4031 3851 de-

2431 3869 2788 3942 structionibus
2806 3869 2916 3924 Deo
2935 3871 3199 3942 objiciunt.
3227 3870 3622 3942 Destructiones
3642 3871 3727 3923 bic
3746 3879 4027 3938 prastruc-

2433 3941 2668 3996 tionibus
2714 3941 3157 4013 oppositiclquze
3193 3955 3299 4013 non
3347 3941 3724 4013 nominantur)
3767 3953 3866 4010 pro
3906 3957 4028 3993 cou-

2432 4014 2692 4081 scctariis,
2723 4027 2843 4084 quae
2892 4029 2960 4069 ex
3010 4011 3300 4085 premissis
3343 4011 3728 4079 adstruuntur,
3772 4016 3835 4067 τὲ
3883 4035 4026 4083 καρι-

2436 4107 2494 4138 πο
2504 4107 2634 4138 υινα..

2502 4159 2830 4212 Βεευιτιιιχ.
2845 4155 2909 4223 Il,
2926 4155 3032 4212 592
3047 4156 3109 4224 Δ,
3128 4153 3348 4210 Tantum
3370 4154 3504 4226 quod
3525 4153 3872 4210 desultricem.
3889 4154 4025 4210 lren.

2435 4232 2735 4296 ἀποστᾶσαν,
2770 4228 2806 4282 i.
2839 4244 2890 4284 e.
2923 4243 3043 4297 qua:
3093 4227 3386 4282 desiliverit
3415 4227 3481 4282 de
3508 4228 3718 4282 ratione
3758 4227 4026 4283 communi

2435 4312 2666 4371 montum,
2692 4299 2938 4371 atqueab
2955 4314 3015 4371 ea
3030 4298 3304 4371 deiecerit.

2500 4367 2815 4495 .Dr-zrenrus.
2847 4370 2911 4438 11,
2940 4370 3041 4426 587
3074 4370 3133 4436 Β,
3164 4367 3341 4437 Neque
3363 4369 3583 4425 detentui
3611 4385 3768 4440 neque
3790 4385 4026 4439 conspec-

2500 4458 2510 4494 t
2539 4457 2569 4495 o
2604 4458 2764 4495 noxa.

2438 4443 2511 4495 tui
2539 4443 2764 4495 obnoxii.

2513 4513 2852 4580 Damnosus,
2886 4513 2953 4569 de
2992 4512 3178 4569 bestiis
3209 4555 3223 4581 ,
3255 4512 3619 4568 comminuere
3669 4511 3923 4566 dentibus
3976 4521 4025 4566 et

2437 4583 2774 4656 disrumpere
2814 4599 3038 4641 occursu
3096 4599 3217 4640 suo.
3271 4584 3311 4647 Ι,
3344 4583 3448 4656 522
3485 4586 3577 4656 A,_
3609 4584 3751 4656 Aper:
3772 4581 3865 4636 ille
3881 4598 4022 4652 quem

2437 4652 2733 4722 cruentavit,
2765 4656 3082 4711 colluctando
3110 4657 3334 4711 detersit.
3366 4655 3409 4710 ll
3433 4699 3447 4724 ,
3481 4654 3586 4712 819
3614 4652 3680 4722 Α,
3715 4652 3833 4708 Duo
3885 4656 4022 4708 verba

817 4700 1265 4784 ᾖῖὲίἇὲῖὶιωτοκ.
1294 4725 1334 4796 ι,
1359 4725 1466 4783 456
1488 4727 1550 4799 Α,
1582 4724 1693 4780 Nec
1737 4726 1831 4780 ulli
1851 4722 2014 4799 magis
2040 4728 2334 4798 depostnla-
2357 4700 2411 4762 1)
2435 4700 3155 4796 ἓὲῖνὲὶὶὲἷᾶξ’ἒιὶἆᾶ,”ἇὲὶὲεᾶζ

743 4808 875 4855 tores
895 4799 1309 4862 christianorum,
1335 4800 1425 4870 qui
1450 4798 1780 4870 Christianos
1809 4798 2213 4867 depastulabant
2264 4799 2333 4854 ad

743 4871 1083 4940 supplicium,
1110 4879 1164 4926 et
1190 4869 1552 4940 acclamabant
1577 4869 1940 4924 :(lhristianos
1965 4870 2030 4924 ad
2057 4871 2257 4926 leones.

815 4941 1144 5004 DEPBECADI,
1168 4941 1210 5006 1,
1235 4941 1367 5008 259,
1400 4939 1549 4995 Nihil
1587 4941 1678 4994 illa
1719 4952 1861 4994 secta
1908 4942 1989 4996 vel
2034 4945 2230 4998 veritas
2269 4942 2332 4996 de

745 5029 926 5068 caussa
941 5029 1034 5069 sua
1055 5013 1372 5082 deprecatur,
1421 5013 1458 5068 i.
1491 5029 1540 5068 e.
1569 5021 1712 5068 secta
1749 5011 2171 5068 Christianorum
2225 5029 2330 5067 non

745 5095 827 5139 est
850 5084 949 5140 sibi
968 5084 1424 5156 consciacaussa:
1448 5098 1554 5156 non
1583 5085 1712 5140 satis
1735 5083 1906 5150 boum,
1932 5095 1987 5140 ut
2003 5094 2222 5156 cogatur
2235 5086 2333 5139 mi-

745 5155 1090 5211 scricordiam
1116 5154 1353 5224 judicum
1385 5155 1689 5224 implorare.

821 5227 1266 5282 Dzrnenenpsne.
1291 5226 1331 5293 1,
1361 5225 1499 5282 1292
1524 5226 1586 5293 Β,
1615 5225 1715 5294 Qui
1755 5226 1809 5280 in
1854 5227 2175 5282 matrimonio
2213 5244 2335 5295 qen-

748 5297 851 5352 tilis
878 5314 911 5350 a
939 5299 1040 5366 ﬁde
1066 5298 1528 5366 deprehendantur,
1559 5299 1594 5351 i.
1623 5313 1674 5351 e.
1702 5297 1767 5352 ad
1815 5299 2156 5353 cbristiauam
2175 5299 2333 5355 ﬁdem

747 5376 1050 5434 vocantur;
1105 5375 1385 5438 postquam
1426 5368 1766 5424 matrimonio
1819 5369 2158 5424 eumiulideli
2207 5385 2336 5425 con-

743 5439 913 5512 juncti
940 5448 1081 5512 sunt,
1097 5450 1159 5494 ~et
1183 5439 1524 5512 inveniuntur
1545 5439 1597 5512 in
1611 5440 1903 5512 _coujugio,
1948 5456 2053 5510 quo
2096 5451 2334 5510 tempore

748 5509 800 5566 in
827 5511 1171 5566 matrimonio
1192 5521 1336 5568 sunt.
1366 5510 1432 5580 11,
1462 5509 1568 5566 944
1598 5509 1660 5579 C,
1697 5509 1819 5579 Qui
1841 5513 1894 5566 in
1940 5509 2260 5568 matrimonio
2303 5531 2336 5568 a

748 5582 851 5654 ﬁde
875 5581 1188 5650 deprehensi.

821 5653 1166 5719 Drepanum,
1186 5657 1511 5721 nasi-acciet,
1537 5653 1763 5724 pretium
1796 5654 2056 5720 minuere,
2089 5665 2331 5711 contem-

750 5740 898 5793 nere,
929 5726 1239 5781 translatum
1277 5741 1306 5779 a
1335 5726 1800 5781 mercimoniorum
1831 5728 2137 5782 licitatione.
2162 5727 2203 5793 l,
2228 5727 2334 5782 500

750 5792 1306 5868 Aﬁpicurusomnem
1358 5798 1638 5851 cruciatum
1683 5797 2006 5868 doloremque
2059 5792 2326 5868 depretiat.

752 5865 813 5933 11,
842 5867 950 5924 255
980 5867 1041 5936 Β,
1060 5866 1120 5938 Si
1143 5868 1413 5938 depretiari
1440 5869 1574 5937 rapit
1594 5865 1932 5934 iuCrealore,’
1953 5871 2050 5924 i.c.
2075 5865 2135 5923 si'
2154 5870 2326 5934 datur,

756 5948 812 5996 ut
841 5941 1062 5998 Creator
1081 5937 1427 6013 depretielur.
1457 5938 1521 6010 11,
1553 5938 1661 5995 202
1687 5940 1747 6010 Β,
1780 5939 2040 6012 Deprelias
2073 5942 2124 5996 in
2153 5941 2331 6014 quibus

2511 4799 2804 4865 DETINERE,
2830 4813 3101 4855 accusare.
3125 4799 3166 4866 1,
3204 4798 3332 4855 1501
3358 4800 3420 4863 Α,
3457 4798 3624 4865 Quam
3647 4797 3806 4868 hujus
3848 4813 4026 4850 ameno

2435 4869 2521 4924 tia:
2539 4887 2772 4925 caussam
2793 4870 3060 4924 detineam.
3094 4873 3132 4938 I,
3163 4871 3271 4926 285
3291 4871 3356 4937 Α,
3381 4871 3446 4922 At
3476 4885 3609 4924 nunc
3638 4871 3906 4938 utriusque
3953 4871 4024 4921 iu-

2435 4942 2699 5012 quisitione
2723 4950 2770 4995 et
2795 4943 3052 5012 agnitione
3075 4943 3298 5012 neglecta
3325 4957 3506 4994 nomen
3535 4941 3812 5012 detinetur.

2509 5011 3176 5078 DETRACTARB,3ta.rumGu.
3207 5012 3260 5078 l,
3293 5012 3432 5067 1292
3469 5011 3610 5075 A,C,
3644 5011 3942 5065 Detractata
3983 5019 4024 5064 ct

2434 5095 2606 5138 exerta
2646 5086 2889 5138 sententia
2935 5095 3025 5139 est.
3058 5083 3138 5138 De
3163 5083 3520 5154 compositum
3562 5081 3795 5137 intendit
3827 5082 4022 5154 signiti-

2435 5157 2698 5210 rationem
2719 5156 2887 5210 verbi.

2509 5226 2921 5282 Dsrnscrarus.
2949 5225 2991 5289 1,
3031 5227 3137 5283 655
3167 5226 3226 5281 Β.
3248 5225 3612 5282 Conrertamur
3638 5225 3802 5296 magis
3823 5226 3892 5279 ad
3917 5241 4023 5280 nos-

2437 5307 2634 5352 trorum
2657 5299 2988 5359 detractatus.
3019 5299 3054 5351 i.
3071 5317 3121 5352 e.
3143 5307 3398 5353 tractatus
3424 5299 3492 5353 de
3517 5299 3614 5352 hac
3644 5311 3727 5352 re.

2510 5372 2923 5425 DETRIIENTUI.
2955 5367 2996 5436 1,
3025 5368 3166 5424 1260
3195 5369 3254 5434 Β,
3277 5369 3359 5422 Ita
3378 5370 3730 5423 detrimentum
3773 5369 4022 5436 patientia:

2438 5443 2701 5565 (qstldium
2721 5440 2994 5510 opulentiae
3021 5441 3451 5508 praministravit.
3469 5439 3710 5495 Obscura
3735 5442 4013 5495 sententia.

2490 5515 2662 5565 idetul'
2682 5512 2761 5565 sic
2789 5512 3134 5565 intelliaenda
3162 5511 3604 5565 etdistinauenda
3627 5529 3639 5565 :
3665 5509 3741 5564 lta
3773 5510 4013 5564 Dominus

2490 5515 2662 5569 idetur
2682 5509 2763 5568 sic
2789 5512 3134 5582 intelligenda
3162 5511 3604 5583 etdistinguenda
3627 5529 3639 5565 :
3665 5509 3741 5564 lta
3773 5510 4017 5583 Dominus

2437 5585 2872 5656 praministravit
2901 5581 3187 5656 Apatientim
3215 5581 3592 5656 detrimentum
3622 5625 3636 5646 ,
3682 5583 3924 5656 subaudi
3956 5581 4021 5656 rei

2436 5652 2732 5724 familiaris,
2759 5654 3026 5710 fastidium
3048 5653 3334 5724 opulentia:
3359 5695 3373 5718 ,
3409 5661 3775 5724 contemptum
3825 5652 4020 5705 divitia-

2435 5723 2573 5789 rum,
2614 5727 2927 5797 appositive,
2962 5735 3019 5780 ut
3062 5723 3132 5780 sit
3168 5739 3358 5797 sensus
3391 5742 3404 5779 :
3433 5723 3685 5779 Dominus
3713 5725 3916 5797 primus
3942 5737 4020 5797 os-

2437 5801 2605 5852 tendit
2651 5793 2930 5866 patientia
3009 5796 3343 5852 tolerandum
3409 5810 3529 5852 esse
3605 5798 3682 5850 rei
3755 5793 4019 5848 iaiiiiliaris

2434 5867 2832 5997 gclrilltcntum,
2862 5867 2990 5925 dum
3032 5869 3188 5927 docet
3228 5867 3442 5924 divitias
3507 5879 3628 5924 esse
3681 5873 4018 5923 contemnen-

2474 5954 2551 5996 as.

2474 5954 2551 5996 (IS.
