4184 6496
165 413 289 476 1301

1142 418 1352 479 INDEX
1390 410 1821 476 LATINITATIS
1859 409 2439 473 TERTULLIANEIE.

3294 411 3440 473 1302

158 534 342 602 453Δ,
379 530 481 602 Qui
505 540 619 588 vota
640 532 783 604 probi
821 550 882 589 ex
919 535 1183 606 imgimus,
1241 536 1276 590 i.
1336 550 1385 590 e.
1440 515 1743 603 impiemus,
1770 531 1820 592 Α
1848 528 2110 600 tragoedo,
2145 530 2233 600 qni
2278 546 2308 584 a
2362 529 2641 589 Clemente
2690 528 3074 597 Alexandrino,
3123 529 3318 586 Strom.
3363 529 3429 598 11,

159 605 746 659 nertunaiinur.l.5‘2't
769 553 941 659 uia
964 608 1426 659 exuunaendunui.
1453 621 1502 659 e.
1527 605 1592 659 ad
1622 617 1739 659 ner-
1849 610 1904 656 et
1954 602 2022 655 ab
2071 601 2302 658 Eusebio
2359 615 2505 659 scene
2555 602 2708 659 libris
2772 601 2834 658 de
2884 602 3177 659 Praiparat.
3231 600 3429 659 Evana.

159 605 538 676 perfungiinur.
563 605 584 662 1
605 645 618 666 .
643 607 746 662 527
769 609 835 672 Α,
862 605 941 660 Ad
964 605 1373 679 eispungendum,
1392 608 1426 661 i.
1453 621 1502 661 e.
1527 605 1592 659 ad
1617 617 1739 730 per-

159 676 462 730 ﬁciendum.
492 676 726 730 perfecte
748 679 1128 730 nrazstanduni.
1158 678 1218 730 ll.
1248 678 1353 730 605
1377 681 1420 730 Α
1440 719 1455 730 .
1505 675 1572 730 Et
1637 676 1739 730 cois

159 675 462 740 ﬁciendum.
492 676 726 746 perfecte
748 675 1218 748 prazstandunifll.
1248 678 1353 734 605
1377 681 1420 732 Α
1440 719 1455 743 ,
1505 675 1572 730 Et
1617 675 1742 746 legis

157 749 329 821 ueteris
360 749 570 803 abolitio
596 760 849 821 expguncta
874 751 978 805 suis
999 751 1303 821 temporibus
1345 749 1736 821 demonstratur.

158 819 432 890 Expuncta
459 835 653 890 nempe
681 819 779 874 fuit
806 822 890 876 lex
931 819 1112 888 vetus,
1145 836 1280 876 nova
1307 820 1736 890 superveniente.

159 889 348 964 11,521
375 891 432 958 Β,
464 889 591 964 Etsi
617 908 718 961 qua
743 892 795 945 in
822 893 916 946 hoc
953 909 1080 964 aptis
1122 893 1281 964 dilata
1311 889 1510 964 erant,
1548 907 1742 959 expun-

157 962 408 1025 serinius,
461 963 496 1016 i.
537 978 588 1017 e.
619 962 1031 1026 absolveriinus.
1093 963 1281 1019 effecta
1327 962 1737 1018 reddiderimus.

157 1031 218 1106 ll,
245 1032 356 1088 813
384 1033 452 1099 Δ,
478 1033 721 1088 iudicum
766 1036 1065 1088 resurrectio
1099 1044 1367 1106 expunget.
1398 1033 1453 1106 1,
1498 1033 1602 1106 627
1658 1034 1700 1085 A
1722 1073 1739 1099 ,

157 1103 267 1157 lmo
295 1115 344 1158 et
375 1106 513 1159 omni
541 1107 846 1158 contumelia
866 1107 1134 1173 expuncti,
1185 1106 1219 1160 i.
1271 1103 1327 1161 ἒ.
1379 1105 1514 1160 nihil
1556 1113 1746 1156 contu-

157 1177 327 1246 meliis
360 1176 619 1231 omissum
639 1217 655 1242 ,
699 1177 842 1244 quod
891 1177 964 1231 illi
993 1192 1100 1232 non
1128 1178 1237 1231 sint
1268 1176 1526 1246 perpessi.
1570 1174 1611 1239 l,
1640 1175 1745 1230 663

158 1245 212 1319 Β,
237 1246 303 1299 In
336 1247 645 1302 idololatria:
671 1257 836 1301 tamen
864 1248 1074 1319 crimine
1098 1245 1428 1319 expungitur,
1457 1249 1491 1301 i.
1525 1263 1575 1302 e.
1625 1260 1747 1315 per-

156 1318 348 1383 ficitur,
382 1331 803 1375 consummatur.
848 1319 922 1386 ll,
951 1318 1023 1374 76
1045 1321 1085 1373 A
1107 1361 1123 1386 ,
1163 1318 1463 1374 Liberalitas
1509 1327 1746 1387 prazstatt-

155 1390 470 1462 tissimoruin
545 1391 912 1462 imperatorum
977 1391 1356 1462 expungebatur
1421 1390 1473 1444 in
1539 1389 1738 1462 castris.

157 1459 478 1534 Donaiiv'um
524 1462 807 1534 significat.
864 1459 1071 1534 Singuli
1125 1459 1323 1517 milites
1377 1477 1443 1517 ex
1505 1461 1748 1530 catalogo

153 1545 246 1586 seu
279 1531 479 1587 tabella
525 1531 671 1588 citati
721 1531 984 1600 adibant,
1019 1543 1074 1589 et
1111 1535 1438 1602 singulorum
1492 1535 1703 1586 nomina
1729 1573 1743 1598 ,

156 1612 311 1669 prout
365 1605 593 1674 quisque
650 1606 987 1674 accipiebat,
1047 1605 1509 1675 expiingebantur.
1564 1603 1748 1673 Itaque

153 1675 407 1729 absoluto
454 1677 662 1730 cunctis
705 1676 994 1740 donativo,
1044 1677 1390 1744 omniumque
1443 1676 1749 1730 nominibus

153 1746 460 1814 cspunctis,
485 1755 596 1801 tota
627 1748 711 1801 illa
745 1747 971 1814 tabella,
1019 1762 1120 1817 qua
1152 1748 1364 1802 nomina
1393 1747 1748 1801 contineban-

156 1825 237 1872 tur
266 1831 460 1872 eorum
503 1817 692 1886 quibus
731 1817 1040 1874 donativum
1094 1819 1336 1874 distribui
1384 1825 1746 1884 convenerat,

153 1897 422 1958 cspuncta
444 1891 775 1959 apparebat:
823 1905 888 1945 ac
943 1905 1037 1958 per
1064 1889 1164 1944 hoc
1195 1889 1489 1943 liberalitas
1515 1889 1748 1956 impera-

158 1964 289 2014 toris
319 1961 566 2016 absoluta
589 1977 801 2031 quoque
821 1969 876 2015 et
900 1970 1185 2031 expuncto.
1205 1959 1750 2015 Prtestantissimorum

155 2031 546 2098 imperatorum,
583 2048 777 2101 nempe
825 2031 888 2089 L.
939 2033 1181 2102 Septimii
1237 2032 1420 2086 Severi
1467 2032 1668 2100 patris,
1698 2039 1753 2086 et

155 2102 217 2156 M.
258 2103 470 2158 Aurelii
505 2105 758 2158 Antonini
790 2103 1082 2159 Caraealla:
1109 2102 1236 2170 filii,
1271 2102 1370 2158 sub
1392 2104 1586 2170 quibus
1617 2102 1751 2158 Ter-

155 2173 438 2229 tulliaiium
493 2174 738 2230 ﬂoruisse
783 2176 844 2230 D.
903 2175 1262 2246 Hieronymus
1331 2183 1517 2230 auctor
1567 2184 1649 2229 est
1699 2175 1752 2228 in

155 2246 462 2300 illustribus
486 2246 747 2301 Ecclesia:
775 2247 924 2301 viris.

223 2318 557 2373 Ιαζιεεαυτιο.
590 2318 670 2382 ll,
711 2317 816 2376 604
846 2318 915 2386 Β,
951 2317 1020 2372 Et
1046 2319 1204 2372 liostis
1249 2318 1616 2374 exsecutionem
1641 2357 1655 2383 ,
1712 2317 1746 2372 i.

153 2402 200 2444 e.
227 2391 683 2445 persecutionem.

277 2475 606 2515 xsurruns.
649 2460 699 2528 1,
725 2459 829 2516 677
861 2460 936 2524 Β,
969 2459 1247 2515 Fumantes
1294 2476 1412 2514 aras
1451 2459 1658 2530 despuet
1705 2469 1754 2514 et

155 2531 472 2601 exsuﬁlabit,
502 2533 538 2587 i.
565 2546 616 2588 e.
665 2535 919 2602 profitens
947 2546 1006 2587 se
1031 2531 1394 2588 Christianum
1424 2530 1554 2586 fuini
1584 2531 1752 2586 idolo-

157 2603 333 2657 latriei
360 2604 718 2660 aversatione.

227 2673 580 2730 Exsraucrio
602 2719 616 2743 ,
652 2686 753 2740 est,
787 2676 847 2743 l,
882 2674 1020 2732 1294
1053 2677 1088 2728 Α
1115 2717 1130 2740 ,
1177 2675 1353 2744 capilli
1393 2684 1570 2729 strues
1591 2715 1606 2739 ,
1631 2688 1753 2740 sug-

153 2753 374 2818 gestiis;
401 2761 508 2816 quo
527 2746 772 2818 Juvenal.
803 2750 979 2818 Satyr.
1006 2745 1073 2801 Vl
1091 2787 1106 2813 ,
1134 2746 1308 2800 Altum
1331 2747 1554 2815 aedificat
1574 2757 1747 2818 caput.

226 2817 455 2872 Ειτηκ
479 2859 493 2883 ,
523 2817 565 2883 1,
602 2818 730 2873 1331
761 2819 820 2882 Β,
843 2817 911 2873 Et
934 2828 1164 2873 extumus
1189 2819 1318 2872 inter
1338 2819 1615 2887 demersos,
1636 2817 1672 2872 i.
1698 2832 1747 2872 e.

157 2891 488 2959 eniineinus.
511 2889 647 2944 Sunt
673 2901 848 2944 autem
878 2891 1146 2956 demersi,
1203 2889 1254 2943 in
1309 2890 1574 2959 profundo
1619 2889 1747 2956 siti,

155 2961 246 3030 qui
273 2958 440 3014 celsis
463 2969 621 3030 atque
646 2962 1004 3016 eminentibus
1032 2958 1391 3030 opponuntur.

227 3031 560 3088 Ennaeas
583 3073 598 3099 ,
621 3031 689 3087 de
716 3033 970 3099 canibus,
1001 3048 1120 3088 cum
1173 3032 1227 3087 in
1289 3032 1452 3102 pedes
1490 3045 1549 3087 se
1587 3031 1757 3102 conji-

160 3103 374 3157 cientes
427 3117 525 3172 spe
581 3103 773 3172 praedae
801 3103 1100 3158 internodia
1137 3103 1384 3172 carporis
1433 3102 1646 3169 laxant,
1700 3111 1756 3157 et

155 3174 334 3241 Spiras
362 3173 676 3228 extendunt.
705 3173 755 3238 1,
787 3175 893 3229 313
917 3177 952 3226 Α
977 3217 990 3238 ,
1028 3174 1158 3241 Quae
1185 3173 1303 3227 illos
1342 3173 1412 3227 ad
1451 3174 1754 3228 eversionem

157 3246 413 3298 luminum
437 3246 731 3315 extendant.
763 3245 806 3309 l,
842 3245 980 3301 i279
1006 3246 1071 3309 Β,
1095 3244 1448 3299 Extendaniur
1476 3245 1529 3298 in
1556 3246 1748 3315 priora.

157 3315 198 3381 1,
234 3315 376 3372 1319
405 3315 464 3386 Β,
489 3314 608 3370 Illa:
633 3317 727 3371 sibi
754 3318 1118 3386 formositatem
1159 3326 1202 3369 et
1225 3316 1399 3369 datam
1439 3314 1746 3386 extendunt,
1775 3320 1819 3384 C

157 3397 203 3459 et
233 3404 335 3441 non
360 3385 532 3441 datam
575 3385 896 3459 conquirunt.
927 3386 968 3458 l,
998 3387 1104 3445 676
1131 3387 1190 3454 Β,
1221 3386 1548 3459 Diligentiam
1574 3399 1750 3444 exten-

158 3458 284 3511 dunt
323 3458 702 3513 observationis.

231 3530 630 3585 Ex'rsnlinwi.
664 3530 727 3599 11,
757 3531 862 3586 612
906 3532 969 3598 Α,
999 3530 1305 3586 Exterminii
1355 3530 1569 3585 civitatis
1621 3529 1752 3586 llic-

158 3601 385 3654 ritsalem
400 3643 414 3666 ,
445 3602 500 3653 id
521 3610 592 3655 est
618 3604 915 3672 vastationis
932 3604 1062 3672 ejus.

231 3673 546 3728 EXTIIARB.
579 3671 641 3739 11,
689 3673 758 3729 82
783 3673 855 3744 Β,
896 3671 1192 3729 contactum
1244 3674 1295 3727 in
1347 3673 1578 3726 manibus
1626 3672 1752 3727 exti-

159 3744 347 3810 mmiit,
376 3747 412 3801 i.
442 3760 492 3800 e.
522 3756 824 3807 contactum
854 3755 1152 3801 extremum
1191 3745 1304 3800 sive
1343 3747 1602 3800 extimum
1628 3760 1754 3800 sen-

157 3830 277 3870 Sum
310 3817 362 3870 in
406 3818 650 3871 manibus
676 3817 989 3883 collocavit,
1027 3817 1320 3886 etquidem
1351 3816 1595 3883 extimis,
1629 3831 1753 3872 nam

155 3896 402 3960 extrema
471 3887 759 3960 digitorum
825 3901 1059 3944 iactuum
1134 3888 1462 3944 dilferentias
1523 3888 1754 3943 maxime

157 3959 462 4028 percipiunt
492 3959 555 4015 ac
581 3960 837 4017 sentiunt.

232 4027 528 4097 ExTnsJ,
572 4030 680 4086 512
719 4035 757 4085 Α
785 4076 799 4098 ,
849 4028 1165 4084 Christianus
1206 4029 1356 4083 etiam
1401 4038 1543 4084 extra
1587 4027 1754 4096 fidelis

156 4111 398 4226 cogatur,
427 4101 460 4156 i.
494 4115 549 4157 e.
587 4117 709 4172 erga
736 4112 947 4157 exteros
989 4111 1045 4156 et
1069 4101 1136 4156 ab
1184 4102 1481 4168 extraneis,
1533 4115 1564 4155 a
1603 4098 1753 4157 Gen-

156 4180 192 4225 ti
239 4188 325 4226 us.

155 4173 325 4230 tibus.

233 4244 727 4302 EXTBANATURALB.
757 4245 801 4303 Il
823 4290 837 4314 ,
869 4244 968 4302 72i
991 4242 1035 4300 Β
1055 4289 1071 4314 ,
1105 4241 1228 4300 Νοη
1265 4245 1433 4315 utique
1457 4252 1756 4300 extranatu-

156 4317 271 4369 rale
298 4328 370 4370 est
391 4333 615 4372 somnus.

234 4388 578 4444 EXTRANEUS.
615 4390 669 4457 1,
701 4387 806 4443 446
829 4389 897 4456 Β,
938 4388 1112 4444 Liceat
1149 4388 1379 4445 extranei
1426 4405 1458 4440 a
1503 4388 1660 4442 turbis
1702 4389 1754 4443 in

158 4459 338 4530 aliqua
366 4459 478 4514 loco
525 4476 672 4514 casus
706 4461 1019 4525 invenimur,
1054 4461 1086 4514 i.
1121 4479 1168 4515 e.
1216 4462 1338 4516 licet
1387 4459 1542 4512 nullis
1584 4460 1753 4515 turbi-

159 4533 244 4585 dis
276 4531 440 4586 rebus
470 4546 568 4586 nos
603 4533 1032 4598 immisceamus,
1078 4540 1258 4586 tamen
1289 4546 1409 4586 cum
1453 4531 1756 4587 concutitur

159 4603 449 4672 imperium
472 4644 486 4666 ,
522 4617 619 4656 nos
644 4617 854 4672 quoque
892 4603 1258 4665 concutimur,
1292 4613 1344 4656 et
1369 4601 1562 4672 aliquis
1599 4617 1757 4658 casus

159 4688 263 4727 nos
284 4671 448 4728 ferire
477 4671 673 4742 potest,
708 4675 885 4738 itaque
909 4675 1135 4742 patimur
1156 4671 1756 4729 vobiscuiii.L‘onstrui-

163 4757 249 4798 tur
279 4759 428 4812 smpe
448 4759 568 4797 cuin
599 4745 927 4814 genitivoal,
959 4745 1094 4800 1317
1129 4745 1170 4799 Β
1191 4786 1204 4810 ,
1238 4745 1396 4813 Cujus
1427 4753 1472 4796 te
1503 4745 1756 4812 proﬁteris

159 4826 478 4870 extraneaiii.
506 4815 547 4878 1,
581 4812 719 4870 1250
743 4817 779 4869 Α
804 4857 816 4878 ,
850 4812 1071 4868 Nullum
1112 4833 1238 4884 Opus
1269 4812 1488 4868 Domino
1531 4816 1758 4879 compla-

160 4888 320 4941 citum
350 4901 639 4958 perpetrare
663 4896 932 4940 extraneas
954 4888 1210 4958 patientia:
1230 4888 1403 4958 possit.
1431 4885 1475 4941 ll
1495 4929 1508 4953 ,
1545 4887 1646 4940 727
1676 4888 1720 4941 Δ
1739 4926 1755 4953 ,

162 4959 295 5025 Quis
317 4956 484 5011 autem
507 4969 609 5011 tam
636 4968 902 5012 extr-ancus
924 4956 1267 5012 humanitatis.

1849 602 2027 675 et_ab_
2071 601 2302 658 Eusebio
2359 615 2505 673 saepe
2555 602 2708 660 libris
2772 601 2834 658 de
2884 602 3177 675 Praiparat.
3231 600 3430 673 Evang.

1841 672 2142 729 adducitur.

2628 806 2670 861 Ρ

1918 937 2148 1014 Fisus.
2176 938 2240 1007 11,
2276 938 2381 1014 702
2407 940 2446 994 Α
2467 980 2480 1004 ,
2515 938 2837 1014 Pythagoras
2855 957 2970 996 uero
3000 958 3062 995 ne
3083 1013 3086 1014 ν
3108 957 3195 1008 per
3241 942 3437 1014 fabalia

1846 1011 2048 1082 quidem
2090 1011 2454 1064 transeundum
2511 1011 2776 1082 discipulis
2826 1013 2932 1067 suis
2975 1013 3203 1066 tradidit.
3242 1011 3432 1068 'Etiaitt

1847 1097 1969 1154 cuni
2014 1081 2322 1137 discrimine
2364 1084 2487 1137 vita:
2534 1084 2871 1138 observatum
2924 1095 3246 1154 prmceptum
3304 1085 3433 1138 illud

1848 1152 2202 1226 Pythagorm.
2233 1160 2447 1222 Χυάμων
2482 1166 2556 1224 μή
2610 1161 2841 1226 θιγγάνειν
2880 1152 3064 1209 scribit
3101 1152 3436 1210 lauiblicliiis

1848 1239 1967 1297 cap.
1999 1226 2084 1290 31,
2122 1225 2206 1279 tibi
2248 1236 2430 1280 narrat
2473 1225 2731 1294 quosdam
2784 1227 3099 1297 Pythagora)
3145 1226 3439 1294 discipulos

1849 1294 2116 1369 fugientes
2149 1297 2348 1369 milites
2379 1298 2616 1369 Dionysii
2657 1294 2866 1368 tyranni
2914 1294 3164 1369 incidisse
3207 1314 3334 1351 casu
3382 1298 3438 1351 in

1851 1366 2076 1432 fabulia,
2121 1368 2241 1435 qui,
2287 1367 2488 1422 decreti
2518 1366 2786 1423 memores
2829 1378 2884 1423 et
2911 1368 3038 1422 illud
3091 1369 3289 1423 violare
3337 1384 3436 1422 iio-

1855 1439 2043 1509 lentes,
2085 1438 2392 1504 substitere,
2429 1440 2648 1494 minime
2676 1440 2791 1496 ausi
2829 1444 3056 1494 transire
3095 1454 3188 1509 per
3217 1439 3438 1506 labalia,

1851 1508 1946 1564 sed
1979 1510 2277 1564 iiialiiei'uiit
2308 1511 2556 1564 trucidari
2585 1518 2641 1566 et
2668 1511 2842 1566 obrui.

1927 1579 2249 1636 Fasstcsns.
2274 1581 2316 1645 1,
2356 1581 2486 1636 1261
2525 1583 2584 1649 C,
2623 1581 2887 1648 Quomodo
2930 1583 3117 1638 amicos
3161 1583 3224 1638 de
3271 1599 3436 1637 inam-

1854 1669 2004 1723 mona
2031 1653 2390 1723 fabricubintus
2418 1653 2581 1708 nobis.

1927 1721 2160 1790 FACERE,
2216 1723 2409 1779 vadere
2437 1766 2452 1791 ,
2497 1722 2777 1792 proficisci.
2838 1723 2912 1784 11.
2962 1722 3099 1779 1038
3133 1723 3198 1788 Β,
3233 1725 3344 1791 Qua
3369 1725 3438 1777 ad

1855 1793 2002 1847 illum
2023 1812 2083 1848 ex
2111 1795 2273 1866 Libya
2311 1794 2568 1850 Hammon
2616 1797 2758 1866 facit.
2808 1795 3044 1866 Hyginus
3091 1796 3438 1850 Ilaiiinioneiit

1856 1865 2021 1920 refert
2058 1883 2121 1920 ex
2171 1865 2345 1924 Africa
2380 1870 2591 1924 venisse
2619 1865 2693 1920 ad
2738 1865 2986 1921 Lilniruni
3019 1867 3214 1920 :Libcr
3257 1876 3438 1921 anteiit

1779 1927 1828 1990 B
1856 1938 1995 2009 apud
2034 1935 2312 2009 lEgypiiiis
2353 1940 2540 1996 Osiris.
2589 1939 2694 1995 Alii
2737 1941 2918 2008 legunt
2957 1939 3103 1993 vasit.
3151 1938 3436 2003 Prodewe,

1856 2008 1920 2081 ll,
1953 2009 2093 2065 1045
2123 2008 2184 2074 Β,
2217 2011 2306 2063 Est
2338 2013 2535 2065 habitus
2565 2013 2658 2064 iste
2680 2012 2817 2080 quod
2841 2009 3016 2081 faciat.
3045 2009 3245 2081 Sensus
3277 2009 3440 2064 totius

1855 2080 1955 2134 loci
1988 2091 2112 2135 est:
2160 2081 2315 2136 Nulla
2344 2084 2491 2151 signa
2530 2083 2742 2150 pallium
2789 2080 3042 2136 eitliibeat
3095 2080 3324 2135 hominis
3373 2082 3440 2136 nil

1854 2152 2077 2206 meliora
2118 2153 2471 2222 transgressi:
2526 2151 2683 2207 habet
2736 2161 2912 2206 tamen
2952 2151 3335 2222 liiciliabitus,
3376 2156 3442 2222 iit

1853 2239 1960 2292 quo
1991 2221 2289 2278 utilitatem,
2307 2238 2456 2278 suam
2481 2224 2644 2292 ptiSsit
2673 2223 2978 2278 ostendere.
3047 2221 3123 2290 ll,
3195 2221 3300 2275 227
3359 2221 3401 2275 Α
3421 2265 3437 2289 ,

1856 2293 1988 2357 Quia
2018 2305 2064 2347 et
2105 2295 2238 2362 filios
2291 2295 2534 2362 facimus,
2588 2295 2701 2347 licet
2755 2308 3062 2364 generentus.
3119 2292 3195 2358 Il,
3233 2293 3336 2348 399
3366 2294 3438 2360 Il,

1858 2365 1960 2432 Qui
1986 2364 2126 2420 nobis
2152 2366 2287 2433 ﬁlios
2312 2367 2479 2433 facere
2508 2380 2609 2419 non
2638 2365 2892 2432 permisit,
2918 2379 3078 2434 ειπερ.
3125 2369 3440 2419 τεκνοποιεῖσ-

1854 2445 1955 2490 θειι.
2003 2437 2074 2504 ll,
2110 2437 2214 2491 618
2266 2436 2334 2502 Β,
2366 2438 2495 2490 Ante
2537 2437 2787 2496 militare,
2835 2452 2991 2504 quant
3035 2437 3201 2488 uirum
3245 2439 3441 2504 facere;

1854 2509 2098 2563 eamdem
2129 2509 2446 2564 sententiam
2480 2507 2729 2574 Terlu||.,
2753 2507 2844 2561 lib.
2876 2505 2963 2574 111,
3011 2505 3130 2560 adii.
3159 2504 3437 2572 Marcium,

1855 2592 1976 2647 cap.
2017 2581 2119 2646 13,
2152 2580 2231 2634 sic
2265 2579 2461 2634 edidit:
2501 2577 2768 2645 Nusquam
2822 2578 2916 2647 hoc
2963 2587 3146 2630 natura
3193 2577 3439 2640 concedit,

1855 2646 1971 2703 ante
1997 2653 2214 2705 militare
2239 2666 2388 2720 quam
2420 2651 2597 2703 virere.
2626 2650 2669 2704 11
2690 2690 2703 2712 .
2739 2646 2950 2715 M5'A,
2988 2647 3086 2714 Qui
3126 2648 3297 2720 solum
3325 2663 3443 2720 cor-

1855 2736 1953 2789 pus
1983 2717 2258 2786 occidunt,’
2291 2721 2477 2774 animo:
2516 2731 2683 2774 autem
2720 2720 2848 2773 nihil
2878 2720 3090 2787 faciunt.
3124 2718 3198 2780 ll,
3239 2717 3345 2774 79:).
3372 2719 3439 2783 ll,

1860 2789 1927 2846 Ut
1959 2806 2129 2847 autem
2174 2792 2456 2847 clausulam
2502 2791 2564 2862 de
2603 2793 2902 2862 prtefatione
2943 2791 3208 2862 communi
3247 2789 3438 2862 faciat,

1859 2865 1893 2918 i.
1913 2877 1962 2918 e.
1993 2874 2206 2934 prmstet
2230 2878 2383 2919 usum
2415 2860 2743 2934 praefationis
2767 2861 3086 2929 communis,
3111 2860 3272 2917 faciat
3299 2860 3442 2931 quod

1856 2933 2100 3006 praefatio
2122 2934 2421 2991 communis
2445 2933 2600 2990 solet.

1931 3007 2158 3064 Fscrus.
2199 3007 2273 3070 ll,
2326 3006 2432 3062 538
2471 3005 2542 3066 Β.
2575 3005 2657 3059 Ad
2699 3005 2898 3076 fabulas
2944 3003 3095 3076 facile
3145 3014 3254 3072 est,
3309 3004 3342 3057 i.
3391 3019 3442 3057 (ι.

1857 3079 2084 3134 libenter
2131 3080 2338 3149 recipit.
2383 3077 2457 3144 ll,
2491 3076 2594 3133 647
2636 3076 2712 3142 Β,
2767 3075 2905 3131 Sane
2946 3075 3192 3149 Socrates
3240 3075 3445 3149 facilius

1856 3151 2051 3204 diverso
2105 3147 2287 3220 spiritu
2332 3150 2606 3220 agebatur,
2677 3149 2711 3203 i.
2776 3162 2827 3204 e.
2886 3147 3443 3220 poti_us_et_ccrtins.

1864 3239 1882 3270 ε
1922 3216 2144 3278 Veteres
2197 3216 2383 3288 enim,
2438 3220 2514 3276 ait
2559 3219 2832 3286 Donatus,
2876 3216 3030 3289 facile
3066 3216 3317 3274 dicebant
3346 3233 3446 3289 pro

1855 3303 2010 3347 εενιο.
2034 3311 2052 3345 ι

1931 3387 2229 3443 FACILITAS.
2279 3385 2357 3452 11,
2410 3383 2482 3441 52
2506 3383 2581 3450 C,
2633 3382 3013 3455 Excogitandis
3037 3382 3446 3455 instruendisque

1859 3458 2109 3513 erroribus
2138 3459 2464 3530 facilitatem,
2493 3457 2686 3530 activa
2739 3454 3129 3530 significatione
3173 3454 3447 3530 accipieti-

1857 3529 1982 3583 dum
2034 3524 2148 3600 pro'
2180 3531 2362 3586 habitu
2389 3529 2528 3585 facili
2582 3538 2633 3584 et
2683 3524 2829 3584 molli
2882 3525 3105 3583 brachio
3133 3524 3400 3582 efﬁciente
3427 3566 3444 3592 ,

1856 3600 1997 3670 quod
2031 3603 2342 3657 instituitur.

1929 3670 2180 3728 FACINUS.
2211 3672 2254 3726 Il
2279 3715 2295 3738 ,
2343 3670 2451 3727 692
2475 3671 2516 3725 A
2539 3714 2553 3738 ,
2587 3670 2700 3736 Quo
2728 3678 2887 3725 totum
2911 3668 3111 3741 facinus
3133 3669 3443 3741 attrahitur,

1895 3742 2190 3798 rteferenda
2221 3743 2309 3797 illa
2345 3743 2513 3797 altera
2543 3742 2702 3797 lectio
2725 3782 2740 3803 .
2780 3757 2880 3812 quo
2911 3739 3076 3795 totum
3115 3755 3288 3812 pecus.
3318 3739 3443 3796 Viti.

1901 3829 2048 3870 ECUS.

1930 3885 2147 3942 FACTIO.
2182 3883 2224 3939 11
2249 3926 2261 3951 ,
2289 3883 2392 3940 468
2417 3884 2463 3940 Α
2487 3927 2502 3954 ,
2531 3883 2700 3938 Edam
2718 3885 2834 3953 jam
2879 3896 3015 3938 nunc
3042 3897 3134 3952 ego
3156 3883 3266 3954 ipse
3301 3899 3450 3954 urgu-

1857 3957 1926 4009 tia
1953 3957 2246 4011 christiana:
2282 3953 2536 4027 factionis.
2569 3955 2624 4027 1,
2657 3955 2762 4012 478
2801 3955 2883 4022 Α,
2913 3955 3029 4027 Quo
3055 3955 3118 4027 de
3146 3953 3449 4023 factionibus

1857 4031 2063 4096 querela
2092 4039 2184 4083 est.
2214 4025 2290 4093 ll,
2323 4028 2429 4084 152
2454 4029 2500 4084 Α
2525 4070 2539 4095 ,
2582 4025 2953 4081 Valentinianus
2979 4026 3233 4094 factionis.

1930 4099 2412 4157 Fieriritiisnruu.
2445 4101 2489 4156 ll
2511 4143 2527 4167 ,
2561 4098 2767 4168 680A,
2795 4097 2874 4155 De
2901 4098 3261 4172 factitamenti's
3301 4096 3450 4150 intel-

1859 4171 1988 4225 lectu
2023 4173 2268 4227 visuntur.

1932 4241 2280 4300 FACTITATIO.
2311 4243 2383 4309 ll,
2412 4241 2519 4298 226
2543 4241 2614 4307 Β,
2648 4243 2725 4295 An
2753 4249 2800 4296 et
2826 4241 2934 4295 haec
2959 4241 3015 4295 in
3041 4239 3259 4293 hominis
3301 4239 3451 4309 facti-

1859 4315 2049 4368 tatione
2084 4326 2311 4368 censetur
2333 4355 2348 4378 ,
2379 4316 2414 4368 i.
2441 4329 2491 4369 e.
2522 4314 2794 4368 creatione
2820 4327 2916 4366 seu
2940 4312 3272 4365 conditione.

1930 4385 2295 4441 FACTITATOR.
2326 4385 2370 4439 ll
2395 4427 2409 4448 ,
2436 4385 2534 4440 177
2564 4384 2607 4437 Β
2626 4424 2639 4442 .
2670 4383 2752 4453 Ad
2778 4382 3031 4453 idolorum
3057 4381 3388 4453 factitatores.

1929 4457 2235 4512 FACTITIUS.
2281 4457 2334 4522 l,
2358 4456 2457 4512 651
2491 4454 2538 4512 Α
2556 4496 2572 4520 ,
2597 4454 2702 4510 Sed
2731 4469 2823 4510 nec
2849 4469 2971 4508 cura
2995 4452 3178 4524 factitii
3197 4453 3447 4525 corporis,

1859 4537 1914 4582 ut
1946 4529 2213 4598 plasticam
2237 4527 2332 4582 Dei
2369 4542 2712 4598 supergressa.

1933 4548 2213 4656 ἒιαειιεαυι
2237 4548 2331 4582 uet
2369 4548 2519 4598 super
2522 4548 2712 4654 gressa.
2746 4599 2757 4610 I
2813 4599 2824 4610 I
3395 4597 3406 4608 '
3442 4596 3455 4608 .

1979 4615 2210 4656 acrum.
2261 4599 2305 4654 ll
2327 4641 2343 4663 ,
2389 4597 2496 4654 652
2584 4640 2597 4662 ,
2627 4599 2777 4670 (λαριι
2805 4608 2974 4668 itaque
2997 4606 3046 4670 et
3071 4599 3326 4670 facturam
3353 4596 3456 4650 dics

1893 4672 2092 4726 enerari
2132 4688 2224 4744 pro
2265 4672 2428 4744 inesse
2473 4671 2613 4744 poni.
2652 4667 2842 4744 capit,
2866 4667 2926 4744 li.
2954 4669 3162 4744 e.__licet
3186 4709 3201 4733 ,
3232 4667 3312 4722 fas
3345 4676 3449 4744 est.

1893 4690 2091 4726 enerttrs
2132 4690 2224 4744 pl'O
2265 4690 2428 4725 "36859
2473 4690 2613 4739 pom.
2652 4690 2807 4741 bﬂpll
2829 4712 2842 4733 ,
2871 4690 2926 4723 ll.
2954 4690 3005 4724 c.
3036 4690 3162 4723 ιιυθι
3186 4709 3201 4733 ,
3232 4690 3312 4722 lib
3345 4690 3449 4724 ess.

1778 4719 1833 4781 Ῑ)
1860 4690 2141 4798 g‘acturain
2170 4743 2237 4797 de
2264 4743 2439 4796 anima
2469 4741 2633 4810 dicit,
2660 4741 2804 4811 quod
2832 4741 2968 4796 alias
2989 4739 3195 4795 diceret
3224 4738 3450 4794 creatioo

1862 4831 2006 4871 nem.
2036 4813 2156 4872 Vid.
2182 4813 2386 4871 lassas.

1935 4886 2149 4943 ΡΑουιΑ
2171 4929 2185 4952 ,
2217 4886 2517 4940 diminutiv.
2546 4898 2576 4938 a
2599 4884 2702 4938 fax.
2736 4881 2788 4950 Ι,
2831 4881 2931 4937 461
2967 4881 3041 4949 Δ,
3087 4879 3334 4936 Pauculis
3372 4880 3456 4949 fa-

1866 4959 2012 5012 culis.
2045 4958 2088 5012 ll
2108 5003 2121 5024 ,
2153 4957 2292 5012 1027
2320 4957 2389 5026 C,
2437 4953 2704 5025 Quomodo
2740 4952 3155 5026 _t_ileum_‘fa_culte
3191 4963 3294 5026 tum
3317 4952 3456 5022 suffi-

236 5028 556 5084 Ex'rnslus.
604 5027 809 5101 11,708
845 5031 933 5101 A_,
959 5029 1093 5095 Quia
1143 5030 1273 5084 niliil
1331 5029 1556 5096 plenius,
1607 5045 1762 5101 quam
1866 5044 1980 5101 cere
2007 5039 2050 5081 et
2101 5022 2189 5081 tibi
2215 5039 2266 5083 et
2314 5022 2683 5099 milii'poterit.
2739 5023 2952 5090 11,135
2994 5022 3074 5092 Α,
3122 5024 3223 5093 Qui
3269 5025 3456 5097 faculis

159 5104 301 5170 quod
327 5101 617 5155 extremius.
694 5098 716 5154 1
742 5141 756 5168 ,

160 5189 360 5227 eorum.

830 5099 936 5159 387
993 5103 1035 5154 Α
1073 5143 1088 5168 ,
1151 5101 1516 5156 Extreinissimi
1590 5099 1758 5157 tamen

1865 5100 2028 5155 oleum
2056 5115 2156 5152 non
2183 5109 2573 5170 praeparassent.

1941 5171 2113 5253 Ean.
2156 5164 2499 5253 “£10606,
2540 5169 2608 5253 _ln
2652 5170 2794 5253 fama
2839 5164 3454 5253 desubteniinisustudio:

236 5246 409 5300 Ειιυι.
444 5241 487 5311 1,
512 5243 650 5300 1217
675 5243 741 5312 Δ,
769 5242 875 5299 Sed
899 5245 1071 5302 exules
1105 5262 1136 5299 a
1179 5245 1420 5300 libertatis
1473 5254 1520 5299 et
1572 5246 1766 5302 latitia
1867 5243 2057 5300 Junius
2079 5244 2307 5299 mavult:
2334 5235 2623 5367 infimatis,
2652 5235 2694 5295 ἴ.
2721 5255 2773 5296 e.
2795 5237 3132 5320 aiitinfames
3159 5235 3328 5302 factae,
3363 5243 3456 5317 aut

239 5317 429 5367 icitate.
1867 5317 2076 5367 iactata:
2126 5311 2263 5367 fama
2296 5355 2311 5367 .
2406 5313 2647 5367 ivulaatzn
2685 5356 2701 5367 .
2754 5322 2812 5367 ut
2856 5310 2998 5366 Liv.:
3029 5305 3342 5367 infamanda
3380 5322 3456 5361 res

161 5317 429 5388 felicitate.

240 5388 534 5443 EzscuisL.
582 5387 670 5457 11,
696 5387 802 5444 790
824 5386 866 5442 C
889 5427 903 5452 ,
934 5386 1172 5457 Legimus
1214 5387 1416 5458 quidem
1455 5389 1596 5459 apud
1638 5387 1766 5443 Eze-

240 5459 384 5513 ielem
414 5461 478 5512 de
501 5475 658 5514 vacca
685 5461 780 5514 illa
805 5473 920 5514 autc
945 5460 1135 5514 uenerit
1164 5469 1208 5512 et
1237 5475 1337 5513 non
1366 5461 1578 5514 uenerit.
1625 5460 1762 5514 Cum

1676 5477 1762 5516 um

163 5459 384 5514 diielem
414 5461 478 5512 de
501 5475 658 5514 vacca
685 5461 780 5514 illa
805 5473 920 5529 qua:
945 5460 1135 5530 peperit
1164 5469 1208 5512 et
1237 5475 1337 5513 non
1365 5461 1578 5530 peperit.

165 5533 220 5586 in
243 5530 527 5586 Ezechiele
553 5528 1110 5601 pruplieta’nusquani
1158 5530 1358 5585 mentio
1406 5528 1500 5583 flat
1547 5531 1758 5587 illarum

166 5618 362 5657 vocum
393 5618 512 5672 qua:
541 5603 626 5656 hic
655 5601 942 5657 laudantur
961 5601 1028 5654 ab
1067 5612 1287 5657 auctore
1311 5645 1325 5668 ,
1371 5603 1561 5656 merito
1604 5604 1760 5658 dubi-

169 5682 287 5729 tant
314 5675 636 5744 interpretes
659 5717 673 5740 ,
706 5689 824 5744 qiize
851 5674 922 5744 sit
969 5673 1127 5742 hujus
1161 5674 1259 5728 loci
1304 5672 1607 5742 explicatio.
1655 5674 1754 5728 Pa—

171 5747 366 5801 melius
405 5754 460 5799 et
503 5743 594 5800 alii
639 5743 823 5814 putant
858 5743 909 5798 id
947 5759 1068 5799 esse
1089 5745 1231 5815 quod
1278 5744 1503 5799 habetur
1545 5745 1646 5799 Job
1693 5745 1753 5813 ll,

1862 5317 2089 5388 jactata:
2126 5311 2263 5368 fama
2296 5355 2311 5380 ,
2347 5305 2647 5388 divulgatin
2685 5356 2701 5381 ,
2754 5322 2812 5368 ut
2856 5310 2998 5366 Liv.:
3029 5305 3342 5380 infamanda
3380 5305 3456 5361 rei

1864 5384 2045 5444 caussa
2064 5387 2280 5457 januam
2309 5384 2527 5457 obserari
2549 5385 2732 5457 jubet.
2750 5455 2774 5457 η
2861 5425 2917 5457 __;

1938 5449 2184 5512 Ρλιῖιιιι.
2217 5455 2294 5524 11,
2324 5456 2430 5512 554
2452 5456 2498 5511 Α
2521 5449 2566 5524 ,⁷
2584 5455 2822 5509 Familia
2851 5449 3147 5522 Pliospliori
3171 5456 3252 5524 φεῦ
3287 5449 3457 5504 accla-

1865 5541 2038 5591 mant,
2068 5530 2106 5583 i.
2132 5544 2182 5583 e.
2217 5537 2511 5583 seelatnres
2540 5526 2802 5591 rhetoris,
2853 5527 3081 5588 συνόντες,
3125 5527 3292 5577 simas
3325 5527 3458 5577 tut-

1863 5625 1958 5672 ροι.
1992 5600 2070 5672 11,
2103 5598 2243 5654 1252
2270 5599 2345 5666 Α,
2366 5597 2430 5672 717V
2435 5613 2720 5672 emensum
2747 5597 2949 5672 familia
2962 5597 3132 5672 ipsius
3160 5609 3455 5672 persequen-

1860 5666 1952 5726 ies.
1986 5666 2227 5726 liheiian.
2259 5687 2322 5725 es
2355 5671 2526 5726 MSS:
2549 5666 2756 5743 Nomen
2777 5709 2791 5733 ,
2824 5667 3075 5743 familiam
3102 5666 3261 5743 ipsius
3291 5679 3458 5743 perse-

1861 5753 2085 5815 quentes.
2121 5744 2537 5815 Nomenautein
2565 5740 2694 5815 dicit
2740 5734 3088 5815 christianum
3118 5747 3174 5792 et
3202 5734 3456 5789 familiam

179 5816 354 5872 Vacca
379 5818 574 5889 peperit
604 5809 654 5870 ei
672 5832 773 5872 non
795 5825 867 5871 est
901 5809 1243 5889 priuata'faetu
1286 5832 1397 5872 suo.
1443 5815 1634 5871 Junius
1664 5809 1763 5872 hoc
1865 5809 2063 5889 ipsius,
2096 5815 2305 5889 scilicet
2332 5813 2566 5889 Christi,
2611 5813 2821 5889 hoc-est
2864 5809 3202 5889 christianos.

173 5905 240 5945 ex
262 5886 465 5958 scripto
493 5887 674 5956 aliquo
711 5886 1019 5957 apocrypha
1062 5888 1437 5958 depromptum
1484 5901 1605 5944 esse
1644 5904 1763 5943 sus-

1171 5902 1437 5958 romptum
1484 5902 1605 5944 esse
1644 5904 1763 5943 sus-
1937 5902 2337 5951 I‘AIOSITASJ,
2373 5902 2476 5940 om
2524 5902 2597 5950 υ,
2648 5902 2844 5953 Δαεηιρ

1132 5902 1274 6019 111810
1302 5969 1460 6030 poeta
1501 5960 1766 6031 acceperit
1864 5959 1920 6014 in
1944 5959 2211 6029 quemdam
2236 5956 2500 6029 scopulum
2523 5955 2846 6028 famositatis.

175 5960 406 6032 picalur.
434 5958 543 6016 Nisi
565 5958 686 6028 quis
715 5958 854 6017 forte
881 5959 946 6016 de
989 5959 1129 6018 Ezec

1936 5875 2261 5966 Faustus.
2285 5885 2337 5951 l,
2373 5883 2476 5966 651
2524 5875 2597 5966 Β,
2648 5882 2910 5966 Ademptis
2953 5881 3095 5966 bonis
3145 5875 3453 5949 dignitatum
