4184 6496
186 425 316 485 1505

1146 425 1351 482 INDEX
1394 424 1823 485 LATINITATIS
1858 425 2432 487 TERTULLIANEJIS.

3326 430 3465 490 1506

250 547 427 603 Fiuus
472 546 730 613 omnium,
784 545 818 601 i.
861 560 909 601 c.
946 559 1010 602 ex
1036 546 1304 602 communi
1340 548 1539 602 incerto
1565 556 1717 603 natus
1751 590 1765 614 ,
1797 548 1847 609 Λ
1876 559 2133 614 mentum,
2167 548 2236 604 ad
2288 548 2503 605 modum
2555 549 2834 619 forcipum,
2864 564 2997 621 quas
3047 547 3203 620 vulgo
3253 550 3465 603 tenatius

181 621 341 687 l,5l2
368 622 433 673 -\.

247 692 452 746 1-ἰτςηιε.
481 689 545 754 11,
580 690 682 745 145
712 688 773 752 Β,
806 688 867 744 Si
896 687 1063 743 bestiis
1093 689 1347 757 finiendus
1372 732 1385 753 ,
1421 692 1456 745 i.
1483 707 1532 745 e.
1587 691 1632 745 si
1680 692 1767 747 cui

178 764 237 817 ad
270 764 468 815 bestias
494 760 748 814 damnato
777 776 923 814 mors
947 761 1215 825 obeunda,
1262 761 1367 816 vita
1402 761 1651 817 finienda.
1687 764 1729 817 ll
1750 804 1766 830 ,

178 834 278 889 966
299 834 359 897 Β,
396 833 508 900 Quo
535 833 695 903 magis
722 842 862 885 sexta
890 832 989 886 diei
1015 832 1153 901 finiri
1181 833 1340 903 ofﬁcio
1368 834 1481 887 huic
1508 834 1663 903 possit
1682 874 1697 901 ,
1730 833 1767 890 i.

180 922 225 962 e.
255 906 536 970 przclittiri,
569 903 935 957 determinari.

244 976 412 1031 Fms.
440 975 502 1037 ll,
532 973 638 1029 207
668 974 730 1039 B,
756 972 816 1039 C,
847 972 1147 1035 Puniturus,
1176 975 1356 1045 quibus
1380 985 1553 1029 contra
1578 976 1769 1032 malum

177 1049 307 1117 ﬁnis,
344 1048 380 1099 i.
413 1062 462 1100 e.
498 1048 774 1115 punitnrns
798 1059 909 1110 eos,
940 1047 1029 1114 qui
1054 1047 1250 1100 malum
1276 1047 1504 1117 sibipro
1522 1045 1625 1101 ﬁne
1644 1063 1767 1116 pro-

176 1116 473 1186 posuerint,
504 1128 688 1172 contra
719 1117 1012 1185 imperavit.
1045 1117 1106 1181 ll,
1130 1117 1227 1171 27f
1263 1118 1327 1185 C,
1373 1116 1519 1172 Finis
1547 1119 1769 1173 invenie-

176 1200 252 1242 tur
278 1188 695 1259 imrligrtitatis,j_.
729 1202 777 1241 e.
798 1202 1057 1259 suprema
1086 1189 1403 1259 malignitas.

242 1260 620 1324 FLABELLARE,
650 1257 717 1315 ll.
750 1258 889 1313 1013
916 1258 983 1327 Δ,
1011 1258 1197 1314 Verum
1223 1257 1340 1313 cum
1368 1263 1421 1313 in
1450 1259 1768 1326 affectionem

174 1332 488 1401 flabellatnr.
510 1332 627 1401 jam
656 1330 718 1382 de
744 1332 974 1383 inccndio
1023 1332 1201 1400 gloria:
1226 1331 1380 1385 ardor
1424 1342 1515 1385 est.

244 1402 525 1465 FLABBL’M,
558 1410 748 1455 ventus
776 1403 1111 1470 tranquillior
1131 1418 1192 1456 ac
1218 1402 1402 1457 levior.
1428 1401 1491 1468 ll,
1528 1402 1667 1459 1055
1694 1406 1760 1473 Α,

174 1473 309 1528 Dum
338 1483 385 1527 et
413 1474 590 1542 [labris
633 1488 772 1541 teque
818 1473 1144 1527 mutantibus.

243 1541 525 1599 Fuerim.
556 1542 598 1608 1,
630 1544 725 1598 501
760 1546 826 1607 Λ,
846 1541 933 1597 Vel
960 1544 1128 1597 adhuc
1171 1548 1336 1615 flagra
1392 1546 1762 1615 rumpentium,

175 1618 209 1672 i.
234 1631 285 1670 e.
304 1618 394 1685 qui
411 1615 829 1685 vixmanumissi
859 1623 1003 1680 sunt,
1025 1616 1075 1669 in
1100 1631 1323 1684 quorum
1356 1618 1517 1683 tergis
1544 1619 1765 1685 vestigia

173 1684 411 1744 recentia
437 1694 654 1742 exstant
699 1684 1064 1756 disruptorum
1122 1689 1175 1742 in
1223 1686 1477 1742 cmdendo
1526 1684 1765 1758 ﬂagello-

172 1775 312 1815 ml".

241 1830 569 1884 FLMIMEUI.
604 1828 667 1895 11,
696 1828 800 1883 588
827 1827 892 1893 Α,
932 1827 1034 1883 Pro
1063 1830 1175 1898 face
1202 1837 1249 1882 el
1274 1832 1530 1900 flammeo.
1584 1831 1766 1887 Flam-

172 1918 352 1957 mcnm
383 1901 823 1971 eratvelumAquo
848 1909 1026 1967 nuptm
1053 1902 1447 1971 operiebantur,
1469 1906 1537 1955 ita
1564 1903 1765 1959 dictum

171 1973 315 2041 quod
347 1986 414 2026 eo
444 1970 654 2024 assidue
678 1969 1025 2041 Flamminica
1061 1969 1318 2035 uteretur,
1349 1973 1435 2027 cui
1479 1974 1763 2029 divortium

171 2039 352 2099 facere
369 2056 475 2096 non
502 2040 709 2096 licebat.
733 2041 808 2095 De
824 2039 1073 2097 flammeo
1093 2044 1200 2112 agit
1216 2042 1439 2099 Sueten.
1460 2045 1511 2098 in
1536 2043 1763 2109 Nerone,

170 2131 268 2184 cap
452 2112 701 2180 Martial,
745 2112 837 2167 lib.
882 2113 926 2168 ll
960 2121 1014 2167 et
1054 2114 1145 2169 lib.
1172 2113 1300 2179 XII;
1340 2114 1611 2185 Juvenal.,
1664 2118 1767 2173 Sa-

172 2198 269 2239 "H’.
376 2226 391 2238 .

172 2198 269 2240 tur.
309 2198 391 2239 v1.

190 2205 560 2312 Ψέινλιίιιευε.
576 2254 616 2320 1,
638 2254 778 2309 1322
794 2255 860 2321 Α,
880 2254 931 2308 Μ
938 2256 1017 2310 ale
1029 2272 1088 2309 ac
1102 2258 1314 2325 pessime
1332 2257 1427 2311 sibi
1438 2259 1769 2327 auspicantur

170 2332 413 2400 ﬂantch
433 2328 618 2400 capite,
654 2328 781 2400 i._e.
814 2328 965 2397 quasi
988 2331 1256 2383 flammam
1308 2329 1442 2399 ignis
1490 2331 1675 2384 aeterni
1716 2341 1771 2387 et

170 2398 437 2471 gehennae
478 2398 772 2471 infernalis
827 2398 1343 2471 przesignilicantes,’
1371 2410 1425 2455 et
1472 2402 1771 2459 ominantcs

169 2469 290 2527 sibi.
334 2471 425 2525 Sic
462 2469 825 2543 Cyprian.;et
858 2469 1167 2543 Hieronym.
1198 2472 1263 2525 ad
1306 2470 1504 2526 Lzetam
1532 2491 1545 2526 :
1574 2474 1660 2527 Ne
1685 2492 1773 2529 ca-

172 2544 357 2612 pillum
408 2542 592 2610 irrufes
643 2551 689 2595 et
718 2542 765 2595 ei
785 2542 979 2609 aliquid
1006 2542 1069 2595 in
1084 2544 1326 2612 gehenna:
1352 2544 1549 2614 ignibus
1596 2548 1772 2616 auspi-

170 2629 322 2668 ceris.

246 2686 599 2740 FLnuusLts.
634 2683 697 2748 11,
744 2682 850 2739 665
894 2683 960 2747 Λ,
1012 2683 1146 2749 Quia
1197 2685 1518 2755 flaturalibus
1561 2688 1773 2745 artubus

171 2766 367 2809 structa
397 2774 496 2808 non
522 2757 640 2816 sint,
667 2758 770 2827 ire.
799 2758 1042 2827 partibus
1071 2759 1337 2827 organicis
1377 2759 1550 2813 ﬂatus.

250 2770 367 2808 acta
397 2774 496 2808 non
522 2770 640 2816 sint,
667 2773 700 2807 I.
722 2770 1042 2879 e.})arttuus
1071 2772 1337 2827 orgaIIICIS
1377 2770 1550 2813 llattls.

248 2828 455 2883 FLEBE.
484 2829 547 2893 ll,
578 2829 680 2882 708
700 2826 760 2893 Β,
822 2844 855 2881 η
897 2828 1153 2881 interitum
1202 2829 1396 2897 frustra
1442 2832 1600 2901 flevit,
1650 2832 1686 2887 i.
1716 2847 1766 2888 e.

172 2901 369 2955 frustra
403 2901 663 2968 [)(Bltllttll.

244 2973 521 3033 FLonsas,
552 2971 619 3025 de
660 2984 889 3039 purpura
917 2988 929 3023 ε
964 2971 1028 3035 11,
1064 2970 1203 3026 1056
1233 2970 1293 3037 Β,
1322 2970 1434 3025 lmo
1463 2975 1600 3027 onmi
1646 2990 1769 3028 con-

172 3046 343 3115 chylio
374 3044 611 3115 pressior,
639 3058 738 3115 qua
755 3043 890 3097 colla
918 3043 1103 3115 florent
1137 3044 1249 3115 ;de
1272 3114 1279 3115 ί
1300 3045 1414 3098 sale
1449 3052 1505 3097 et
1535 3045 1656 3098 luna
1682 3063 1692 3097 :
1726 3046 1767 3113 1,

173 3113 278 3171 33's
308 3114 377 3179 Α,
414 3113 632 3167 Lumina
660 3114 915 3179 floruisse,
948 3114 982 3167 i.
1016 3128 1066 3167 e.
1096 3114 1383 3182 Splendore
1431 3117 1764 3172 excelluisse.

172 3187 323 3242 Conf.
359 3187 573 3243 Lucret.
600 3185 689 3239 lib.
717 3184 803 3251 IV,
835 3201 975 3240 vers.
1007 3186 1130 3239 451.
1166 3185 1228 3252 Il,
1248 3186 1351 3242 562
1372 3187 1436 3252 A,
1461 3186 1611 3253 Quod
1636 3189 1769 3257 opti-

172 3275 311 3336 mum
357 3258 921 3336 gtquepulclterrintum
958 3264 1298 3336 unusquisque
1348 3260 1581 3329 florebat.
1624 3259 1763 3314 lren.

172 3332 308 3401 ὑπερ
333 3332 456 3399 εἶχεν
485 3339 529 3388 ἓν
560 3338 711 3397 ἑαυτῷ
736 3338 985 3387 κάλλιστον
1028 3334 1109 3382 καὶ
1154 3333 1481 3400 ἀνθηρώτατον
1518 3355 1775 3403 συνενηκαο
1799 3334 1845 3399 C

172 3412 279 3471 μὲνο
289 3431 357 3463 υς.

246 3474 484 3530 Ριυειιε.
518 3474 582 3538 ll,
616 3472 754 3529 1012
780 3473 840 3538 Β,
874 3472 948 3525 De
972 3472 1198 3525 masculo
1244 3473 1491 3541 ﬂuxisset.
1527 3472 1765 3542 Pugilem

173 3546 437 3611 significat
471 3548 524 3601 in
557 3546 830 3600 innliebris
878 3544 1143 3615 patientia:
1174 3544 1454 3598 mollitiem
1508 3544 1761 3615 solutum,

174 3628 449 3681 unguento
477 3617 789 3679 delibutum,
820 3618 1010 3668 vestitu
1040 3613 1365 3669 afﬂuentem.

247 3690 549 3743 Fwsrncu.
581 3686 803 3742 Festus:
828 3707 845 3739 ι
873 3686 1080 3741 Flustra
1104 3687 1373 3753 dicuntur,
1405 3702 1527 3741 cum
1558 3688 1606 3740 in
1630 3688 1763 3741 mari

173 3759 367 3815 ﬂuetus
391 3776 495 3814 non
520 3772 814 3814 moventur.
850 3779 869 3811 ι
902 3759 965 3826 11,
992 3758 1130 3814 1055
1159 3758 1226 3822 Α,
1261 3756 1337 3810 De
1360 3758 1554 3827 [lustris
1580 3769 1767 3830 tempe-

169 3844 361 3885 mlum.

241 3904 516 3958 Fumus.
551 3903 615 3972 ll,
644 3902 748 3961 578
775 3903 841 3971 A,
876 3901 936 3958 Si
957 3902 1092 3957 enim
1123 3900 1272 3970 fusile
1295 3902 1534 3970 ctfiuxile
1553 3903 1765 3973 liquoris

167 3985 241 4029 est
266 3976 506 4041 qualitas.
1222 4012 1233 4035 ι

243 4047 576 4102 First-mane.
608 4046 807 4115 1,1260
829 4046 894 4113 Α,
914 4047 1121 4099 Dentem
1152 4060 1243 4109 pro
1275 4044 1429 4115 dente
1450 4044 1760 4113 repetebant,

167 4128 215 4172 et
245 4120 437 4172 malum
463 4122 597 4172 malo
636 4114 966 4187 fanerabant.
1022 4117 1083 4182 11,
1127 4114 1229 4169 700
1281 4115 1346 4179 Λ,
1389 4114 1454 4169 Et
1494 4116 1619 4171 alibi
1654 4134 1765 4172 am-

166 4189 307 4261 plius
329 4191 657 4261 gentilitatem
682 4193 1068 4260 fleueraverunt.

241 4261 579 4316 Fucruasne.
612 4260 675 4327 ll,
700 4260 806 4316 578
847 4261 904 4324 Β,
968 4262 1129 4331 Atque
1181 4260 1252 4312 ita
1281 4263 1593 4330 fwturatum,
1620 4261 1653 4316 i.
1708 4275 1757 4317 θ.

166 4341 434 4402 gestatum
459 4335 509 4385 in
552 4342 720 4397 utero,
750 4339 1045 4401 κυοριρηθξν.

242 4403 603 4457 Founcuwu.
627 4402 688 4469 ll,
722 4402 824 4458 786
863 4404 924 4467 Β,
951 4402 1050 4456 Per
1078 4402 1219 4455 illum
1270 4419 1471 4455 nervum
1500 4402 1764 4457 umbilicu-

164 4491 273 4527 rem
293 4476 441 4543 quasi
488 4473 705 4543 folliculi
758 4476 839 4527 sui
886 4478 1161 4527 traducem.
1220 4472 1534 4527 Folliculum
1585 4484 1759 4541 vocat,

165 4561 331 4615 quem
364 4546 709 4614 Hippocrates
727 4551 891 4611 ὖμενι,
922 4561 1010 4608 τὴν
1034 4555 1317 4615 ’περιέχοντι
1342 4557 1431 4600 riu
1459 4548 1610 4611 γόνγην.
1670 4545 1761 4601 llis

165 4628 347 4688 autem
378 4616 556 4669 verbis
595 4625 742 4688 χορών
778 4617 1003 4672 describi
1034 4619 1106 4671 ait
1134 4617 1387 4671 Galenus.
1421 4617 1759 4672 lnvolnerum

166 4687 364 4759 foetus,
400 4688 628 4757 llesycli.
657 4687 893 4757 nullumne.
921 4699 977 4743 τὸ
1004 4693 1324 4759 συν-γινόμενον
1352 4696 1398 4744 ελ
1440 4704 1527 4750 τῆς
1554 4699 1755 4750 κοιλίας.

167 4758 342 4812 Latini
396 4759 580 4813 dixere
625 4760 905 4814 secundas.
976 4760 1029 4813 In
1088 4758 1150 4813 iis
1200 4770 1375 4815 autem
1417 4770 1541 4814 sunt
1586 4776 1755 4827 venre,

166 4832 365 4897 quibus
396 4840 645 4899 tanquam
680 4830 945 4885 radicibus
980 4831 1271 4884 traducitur
1314 4831 1527 4899 sanguis
1566 4832 1631 4885 ad
1661 4832 1760 4886 fu}—

169 4912 254 4955 tns
286 4902 637 4973 ninlnlit-um;
698 4901 922 4970 ideoque
966 4902 1256 4968 Septimius
1298 4917 1543 4968 nervum,
1597 4917 1757 4973 quem

165 4973 402 5040 appellat
430 4972 792 5039 tanbilicarem,
830 4972 1047 5041 folliculi
1070 4972 1326 5025 traducem
1351 4987 1470 5026 esse
1509 4974 1599 5027 ait.
1620 4972 1681 5025 Γ
1684 4975 1759 5028 ol-

165 5044 378 5098 Ιιεςιιαηι
407 5042 510 5097 dici
541 5044 751 5097 vulvam
780 5051 929 5098 notat
970 5042 1211 5113 Servius,
1244 5042 1307 5097 111
1335 5042 1517 5113 Georg.
1559 5064 1577 5095 ι
1598 5043 1759 5098 Geni-

167 5117 259 5169 talt
288 5129 438 5178 arvo,
472 5115 657 5184 inquit,
693 5129 787 5184 pro
815 5113 1058 5167 muliebri
1092 5112 1346 5179 folliculo,
1374 5112 1530 5184 quem
1554 5115 1762 5169 scilicet

166 5188 380 5239 vulvam
414 5182 623 5251 vocant,
644 5182 703 5240 ut
723 5186 882 5240 etiam
918 5185 1119 5240 Plinius
1146 5184 1321 5250 docet,
1350 5198 1473 5237 nam
1494 5182 1759 5241 folliculus

163 5266 293 5310 ante
319 5256 613 5311 dicebatur.
655 5275 673 5308 ι
1464 5300 1475 5309 .

241 5326 563 5381 Perticalis.
598 5327 663 5396 ll,
695 5326 830 5384 1057
854 5326 913 5391 Β,
942 5323 1224 5391 Follicans,
1258 5325 1293 5380 i.
1335 5340 1386 5382 e.
1445 5326 1498 5381 in
1547 5325 1761 5383 modum

165 5398 313 5453 follis
341 5398 568 5451 inﬂatus.

243 5470 451 5525 FOLLIS.
484 5468 523 5535 Ι,
552 5467 657 5524 552
686 5470 748 5535 Δ,
778 5466 961 5522 Tunde
991 5468 1282 5523 Anaxarchi
1327 5469 1522 5538 follem.
1548 5469 1622 5524 Ita
1651 5485 1765 5525 coro

168 5541 449 5611 puscnlum
478 5555 631 5594 suum
657 5539 907 5611 appellat.
939 5539 1070 5593 Cum
1125 5542 1267 5594 enim
1317 5540 1483 5594 instar
1540 5542 1761 5610 ptisana!

166 5610 513 5675 tunderetur,
550 5611 747 5681 pariter
774 5610 905 5665 nihil
934 5611 1077 5665 aliud
1128 5612 1229 5665 sibi
1272 5613 1581 5681 contingere
1633 5628 1758 5680 pro-

166 5685 367 5741 fitetur.
408 5700 563 5751 quam
598 5683 736 5751 quod
760 5683 959 5736 hordeo
984 5684 1294 5752 contingat,
1318 5683 1521 5736 scilicet
1568 5693 1627 5735 ut
1679 5683 1763 5737 di-

164 5757 288 5809 vina
320 5754 405 5808 illa
435 5755 654 5807 interior
677 5752 955 5823 particula,
998 5754 1147 5823 vigor
1178 5754 1393 5819 mentis,
1442 5753 1605 5807 illmsa
1649 5770 1760 5807 ma-

166 5836 345 5890 tterct,
376 5826 625 5895 solusque
650 5825 883 5879 caducus
907 5823 1174 5879 folliculus
1208 5834 1563 5895 rumperetur,
1590 5826 1749 5879 dissi-

188 5907 398 5953 κιτριητ.

321 5914 398 5950 llf'.

165 5914 496 6033 misimus,
519 5975 600 6027 est
626 5966 855 6028 ferreum
908 5976 999 6026 aut
1046 5966 1277 6038 ligneum
1325 5968 1502 6041 potius
1556 5966 1753 6026 instru-

1795 1944 1843 2004 B

1787 4732 1841 4792 D

1875 636 2145 675 vocamus.
2181 621 2273 675 llis
2301 622 2586 691 forcipibus
2623 622 2783 676 umbo
2839 630 2976 691 toga:
3008 621 3462 685 committebatur,

1875 702 2278 746 utstrnctnram
2326 708 2579 764 rugarum
2628 694 3088 764 constringerent,
3141 692 3293 764 etin
3349 692 3467 764 loco

1873 778 1971 815 suo
2001 772 2292 817 servarent.
2325 762 2563 829 11,1046
2592 769 2654 827 Α,
2690 762 2966 834 Totumque
3001 762 3243 817 contracti
3290 763 3465 816 umbo-

1873 834 1951 887 nis
1975 836 2273 906 figmentum
2301 836 2596 906 custodibus
2622 836 2897 906 forcipibus
2924 837 3162 906 assignet.

1946 904 2125 960 Fortis.
2159 904 2197 971 1,
2228 905 2333 961 458
2361 909 2422 970 Α,
2444 906 2543 960 Alii
2589 904 2856 977 foris,.alii
2887 904 3043 977 intus,
3076 907 3110 977 κῇ
3174 920 3225 960 c.
3273 905 3466 976 quibus

1872 976 2017 1030 aliud
2047 977 2237 1043 inore,
2284 977 2427 1031 aliud
2459 980 2508 1031 in
2541 974 2776 1047 pectore.
2805 976 2956 1043 11,ἳί
2972 978 3034 1043 Α,
3066 974 3130 1030 Et
3162 974 3300 1044 faris
3332 992 3464 1031 sem-

1872 1062 1983 1117 per,
2004 1049 2037 1102 i.
2063 1064 2112 1102 e.
2138 1058 2286 1103 extra
2322 1047 2615 1104 Ecclesiam
2644 1057 2699 1105 et
2726 1048 2957 1104 alienum
2984 1063 3013 1103 a
3043 1048 3154 1105 Deo
3182 1063 3464 1104 commune

1875 1121 2151 1174 nationum
2178 1119 2293 1173 fuit.

1953 1190 2157 1245 FOBIIA.
2184 1190 2247 1255 ll,
2278 1191 2416 1247 1053
2434 1192 2493 1257 Β,
2528 1192 2632 1246 Sed
2662 1201 2708 1246 et
2724 1192 2973 1246 enatando
2990 1207 3169 1246 rursus
3192 1191 3246 1245 in
3273 1195 3459 1262 forma,

1870 1265 2077 1321 mutavit
2102 1279 2274 1316 rursus
2295 1264 2446 1327 orbis,
2480 1274 2582 1317 etc.
2614 1262 2917 1333 Legendum
2951 1264 3190 1332 informa,
3219 1278 3322 1317 una
3368 1277 3465 1316 vo-

1870 1354 1954 1404 ce,
1989 1333 2336 1405 proiinfortni.
2372 1335 2448 1388 sic
2470 1335 2710 1405 elinguus
2738 1350 2836 1404 pro
2858 1334 3118 1404 elinguis;
3144 1333 3234 1387 alii
3259 1333 3461 1405 infima.

1870 1410 2063 1465 Totum
2091 1404 2232 1459 hunc
2254 1406 2427 1459 locum
2457 1406 2545 1459 alii
2574 1404 2754 1477 legunt
2782 1422 2800 1458 :
2826 1405 3083 1458 enatando
3130 1420 3305 1477 rursus
3343 1404 3465 1477 infi-

1870 1498 1955 1535 ma
1985 1477 2210 1539 mutavit,
2237 1493 2412 1530 rursus
2440 1476 2574 1530 orbis
2603 1475 2755 1542 alius,
2774 1477 2908 1530 idem
2933 1486 3114 1541 mutat,
3142 1483 3245 1531 etc.
3278 1476 3320 1541 1,
3357 1475 3463 1531 509

1870 1552 1937 1612 Λ,
2071 1548 2237 1615 forma
2264 1549 2488 1601 omnium
2513 1548 2883 1618 mysteriorum.
2930 1548 2965 1601 i.
3000 1563 3047 1602 e.
3080 1563 3144 1601 ex
3191 1547 3326 1617 lege.
3379 1546 3421 1600 ll
3449 1589 3463 1613 ,

1869 1623 1941 1677 45
1969 1622 2028 1683 Β,
2057 1619 2138 1671 Ad
2167 1626 2426 1688 utramque
2452 1622 2693 1688 formam,
2727 1633 2885 1673 ouant
2930 1618 3285 1673 successionis
3326 1618 3468 1687 epis-

1868 1706 2147 1762 coporum,
2175 1688 2792 1762 alteramsuccessionis
2844 1689 2897 1743 in
2945 1690 3463 1762 consanguinitatem

1868 1758 2144 1820 doctrinm.
2174 1759 2237 1823 Il,
2268 1758 2374 1817 654
2402 1760 2461 1827 Β,
2495 1761 2625 1825 Qua:
2647 1777 2747 1815 non
2768 1760 3108 1828 corporalium
3135 1764 3318 1828 forma,
3350 1760 3385 1814 i.
3411 1778 3460 1814 e.

1869 1850 2049 1891 rerum
2073 1833 2430 1903 corporalimn
2463 1833 2597 1901 lege.
2654 1842 2863 1887 natura.
2917 1831 2958 1897 1,
3006 1830 3103 1886 681
3150 1830 3213 1890 .4,
3246 1829 3326 1883 Da
3359 1836 3467 1901 for—

1873 1924 2027 1971 mam,
2057 1921 2156 1975 qua
2174 1902 2412 1975 ’oelisagi
2440 1903 2692 1975 tecumpi.
2722 1918 2771 1958 e.
2804 1902 2969 1975 elige,
3001 1917 3105 1975 qua
3153 1912 3325 1956 tecum
3382 1902 3464 1975 agi

1870 1979 2006 2032 velis
2031 1972 2277 2031 formula.
2310 1972 2502 2036 11,475
2530 1973 2591 2040 Β,
2626 1973 2755 2046 Ejus
2793 1972 2892 2029 Dei
2936 1973 3090 2043 fidem
3132 1988 3240 2028 esse
3262 2014 3276 2039 ,
3321 1974 3466 2043 cujus

1868 2058 1945 2104 est
1969 2049 2134 2116 forma
2159 2046 2337 2116 gratia:
2361 2046 2499 2115 fidei.

1987 2114 2222 2177 unusne,
2242 2114 2469 2170 suberna
2478 2131 2553 2170 re.
2572 2116 2610 2182 Ι,
2627 2116 2732 2171 456
2748 2118 2813 2180 Α,
2831 2114 3067 2170 Formati
3081 2116 3197 2169 estis
3209 2115 3271 2168 ab
3289 2115 3468 2169 iisdem

1870 2192 2041 2259 utique
2090 2188 2391 2258 spiritibus;
2438 2202 2597 2257 supra
2676 2187 2812 2243 dixit
2880 2186 3129 2241 modulati
3190 2195 3237 2241 et
3287 2187 3467 2240 subor-

1871 2262 2051 2316 dinati.

1944 2332 2102 2399 Fons,
2134 2330 2330 2397 forsan,
2368 2329 2609 2386 fortasse.
2648 2330 2713 2399 ll,
2752 2328 2857 2387 705
2905 2328 2968 2398 Β,
3022 2327 3308 2383 invenirem
3360 2332 3467 2401 fors

1873 2403 1952 2458 Itis
1979 2420 2175 2475 quoque
2200 2404 2457 2475 speciebus
2485 2403 2747 2475 animalia.

1949 2472 2152 2531 Fennis.
2194 2475 2235 2539 1,
2268 2473 2364 2529 461
2400 2474 2460 2540 Β,
2491 2473 2755 2544 Tanquam
2783 2474 2836 2528 in
2863 2477 2975 2545 foro
3003 2473 3288 2545 torcularis.
3338 2472 3469 2529 Pro-

1873 2544 1989 2616 prie
2039 2546 2238 2601 Latinis
2266 2544 2461 2601 dicitur
2485 2545 2636 2601 foras
2660 2546 2739 2599 vel
2763 2545 2953 2610 forant,
2986 2560 3018 2600 a
3072 2544 3313 2610 ferendo,
3374 2560 3467 2600 vas

1875 2618 2158 2681 vinarium,
2188 2619 2242 2673 in
2266 2631 2374 2687 quo
2415 2617 2602 2671 lectius
2624 2616 2863 2671 defertur
2889 2632 3009 2687 uva,
3034 2616 3172 2671 unde
3195 2617 3245 2671 in
3259 2616 3463 2671 dolium

1873 2691 2033 2747 inane
2058 2691 2251 2755 veniat,
2286 2686 2344 2742 ut
2374 2687 2539 2741 Varro
2570 2687 2824 2757 loquitur,
2856 2687 2947 2741 lib.
2981 2686 2999 2740 1
3028 2688 3091 2741 de
3137 2688 3214 2742 Re
3250 2689 3461 2755 rustica,

1873 2774 1988 2828 cap.
2022 2761 2091 2815 ’54
2126 2776 2140 2824 ;
2176 2761 2300 2813 inde
2327 2760 2457 2822 fora,
2495 2772 2616 2812 vasa
2644 2758 2993 2827 praegrandia,
3026 2759 3217 2827 inqua:
3243 2757 3469 2828 infertur

1873 2844 1975 2885 uva
1998 2840 2053 2885 et
2076 2831 2145 2885 de
2170 2830 2362 2899 quibus
2390 2832 2571 2899 vinum
2597 2829 2893 2899 defundiin
2941 2828 3080 2883 dolia
3116 2829 3274 2884 solet.
3304 2827 3466 2883 Culu—

1872 2902 2052 2968 mella,
2088 2898 2433 2969 lib.’Xl,cap.
2459 2898 2513 2968 ἓ,
2544 2909 2598 2955 et
2635 2901 2725 2955 lib.
2759 2898 3035 2969 Xlll,cap.
3064 2901 3152 2956 18.
3178 2899 3464 2956 Recentio-

1876 2971 2027 3026 ribus
2057 2988 2186 3028 vero
2216 2970 2387 3028 forum
2413 2982 2494 3026 est
2521 2976 2672 3036 ληνός,
2706 2972 2984 3026 torcularis
3013 2972 3178 3027 lacus.

1948 3043 2185 3110 Foveut,
2219 3043 2533 3109 fomentum,
2564 3044 2843 3098 recreatio.
2875 3043 2939 3107 II,
2972 3042 3073 3098 657
3106 3044 3185 3110 A,
3220 3041 3469 3113 Incorpoo

1871 3114 2051 3170 ralitas
2079 3125 2151 3170 est
2172 3116 2407 3169 immunis
2436 3132 2467 3167 a
2494 3131 2639 3182 pana
2668 3125 2759 3169 eta
2786 3115 2969 3184 fovela.

1944 3185 2188 3243 Fovaas.
2218 3185 2279 3249 ll,
2312 3186 2414 3242 817
2442 3186 2508 3252 Λ,
2540 3184 2677 3239 Nunt
2716 3196 2763 3240 et
2812 3200 2946 3242 nunc
2981 3185 3177 3239 animos
3217 3188 3464 3255 torqueri,

1878 3258 2132 3328 foverit/ue
2158 3274 2308 3327 penes
2347 3258 2555 3328 inferos.
2580 3257 2781 3312 Alludit
2823 3256 2890 3311 ad
2939 3255 3249 3326 petitionem
3282 3258 3465 3314 divitis

1878 3331 2041 3401 avari,
2077 3345 2197 3383 cum
2232 3329 2377 3398 petiit
2402 3339 2605 3401 guttam
2632 3343 2834 3399 aquaea
2862 3328 3203 3401 Lazaro,gqui
3246 3329 3298 3383 in
3346 3332 3466 3385 sinu

1878 3398 2106 3454 Abraltze
2156 3398 2471 3456 foveantur:
2502 3402 2640 3456 unde
2684 3398 2886 3454 fortum
2945 3398 3268 3469 paradoxum
3324 3400 3466 3456 aliud

1872 3470 2213 3544 Tertulliani,
2238 3474 2326 3544 qui
2358 3472 2560 3543 putavit
2591 3514 2605 3534 ,
2647 3473 2853 3544 animas
2894 3480 3199 3544 sanctorum
3246 3472 3298 3527 in
3344 3474 3465 3529 sinu

1872 3540 2102 3596 Abraltzt:
2131 3558 2225 3598 seu
2251 3540 2517 3613 paradiso,
2541 3546 2653 3598 sive
2682 3543 2780 3597 sub
2810 3542 2959 3596 altari
2992 3541 3178 3607 foveri,
3230 3552 3285 3597 et
3338 3560 3468 3613 gau-

1870 3613 2002 3667 dere
2026 3615 2091 3668 ad
2108 3616 2249 3671 diem
2274 3630 2444 3684 usque
2470 3615 2655 3684 jndicii
2686 3630 2701 3679 ;
2755 3613 2823 3668 de
2869 3628 2993 3684 quo,
3039 3614 3129 3669 lib.
3165 3614 3229 3670 de
3257 3615 3460 3683 Anima,

1870 3697 2028 3753 capp.
2055 3686 2105 3753 7,
2131 3687 2183 3751 9,
2217 3688 2307 3753 55,
2338 3687 2409 3741 56
2427 3699 2478 3740 et
2510 3687 2597 3741 58.

1942 3754 2329 3813 Γιιλτειικιτλε.
2365 3757 2430 3823 ll,
2457 3757 2559 3815 908
2583 3757 2641 3823 B,
2670 3756 2805 3825 Quia
2832 3756 2984 3826 facile
3029 3756 3249 3827 virgines
3277 3760 3465 3827 frater-

1870 3826 2004 3899 nitas
2031 3831 2259 3899 suscipit.
2291 3828 2466 3885 Locus
2492 3830 2753 3884 obscurus
2779 3845 2793 3893 ;
2827 3827 3029 3899 referri
3074 3826 3251 3883 tamen
3278 3826 3465 3898 posse

1870 3896 2176 3973 videturad
2200 3903 2735 3973 eleemosynam,qua
2767 3900 2959 3954 fratres
2984 3898 3261 3955 christiani
3294 3896 3464 3957 liben-

1869 3975 1953 4023 ter
1978 3970 2310 4039 accipiebant
2338 3970 2589 4037 virgines.

1946 4039 2249 4099 inuitantis.
2278 4045 2342 4112 ll,
2376 4044 2514 4100 1051
2545 4045 2605 4109 Β,
2643 4043 2818 4100 Unicis
2844 4041 3023 4095 castris
3070 4040 3341 4109 fraudatis,
3395 4043 3465 4099 de

1866 4108 2146 4182 Cambysa:
2161 4108 2399 4171 exercitu
2428 4117 2479 4170 in
2508 4116 2717 4186 Libycis
2745 4113 3013 4184 Syrtibus,
3048 4114 3323 4186 itttmensis
3344 4130 3464 4186 are-

1868 4195 2057 4257 narum
2090 4188 2316 4242 cumulis
2340 4198 2591 4257 cooperto
2606 4182 2773 4254 atque
2788 4182 3011 4239 Vobruto.
3048 4184 3086 4251 Ι,
3112 4182 3217 4240 491
3243 4184 3311 4250 Α,
3344 4185 3462 4253 Qua

1867 4252 2039 4325 alieno
2070 4258 2361 4325 fraudando
2389 4252 2712 4311 abstinemus.

1940 4324 2303 4398 lf‘nt-zousx'rta.
2338 4330 2399 4398 Il,
2424 4329 2533 4383 246
2589 4328 2647 4394 Β,
2708 4326 2953 4398 Exhibuit
3004 4326 3312 4398 frequentite,
3342 4327 3376 4381 i.
3409 4342 3460 4383 e.

1866 4397 2051 4473 emisit
2073 4404 2123 4454 in
2153 4403 2357 4473 vulgus.
2380 4396 2419 4467 l,
2450 4400 2555 4473 500
2581 4399 2647 4460 Α.
2675 4396 2992 4473 Frequentiw
3019 4397 3263 4473 pleraque
3314 4415 3463 4473 mon-

1868 4466 2013 4544 tium,
2044 4466 2287 4544 intelligit
2313 4466 2453 4528 feras
2477 4471 2697 4544 bestias,
2735 4470 3039 4538 frequentes
3086 4470 3456 4537 intuentibus,

1866 4536 2184 4611 illoromque
2211 4536 2437 4609 incolas,
2462 4555 2513 4597 ut
2548 4543 2753 4607 leones,
2792 4536 2966 4606 ursos,
2996 4549 3100 4595 etc.

1929 4609 2268 4683 Fatcrntcss,
2291 4614 2520 4671 flentium
2539 4611 3206 4683 lascivwmefaudattgnec.
3223 4616 3461 4682 τριεέδις,

1865 4684 2068 4757 inierat?
2096 4694 2337 4757 τρίεεσοαι
2368 4682 2887 4757 διαλὶάξρλςσεφειι,
2924 4682 3061 4757 1044
3094 4683 3152 4757 Β.

1940 4754 2197 4813 Fatueue.
2262 4759 2301 4822 Ι,
2336 4759 2442 4813 M55
2476 4760 2538 4819 Α,
2572 4755 2735 4810 Nobis
2761 4756 2823 4809 ab
2849 4757 2983 4810 omni
3010 4755 3189 4825 gloria!
3216 4763 3263 4807 et
3276 4754 3457 4825 digni-

1867 4827 1985 4902 latis
2013 4830 2197 4885 ardore
2229 4831 2548 4902 frigentibus,
2580 4842 2769 4902 oppos.
2801 4828 2985 4902 calere,
3011 4826 3073 4902 11,
3115 4826 3315 4902 2-57-A.

1938 4897 2194 4956 Falernus
2219 4896 2239 4965 ,’
2264 4896 2333 4955 de
2359 4900 2583 4954 deorum
2602 4899 2924 4963 simulacris,
2955 4897 3006 4951 in
3039 4896 3141 4951 hoc
3176 4899 3340 4950 etiam
3375 4897 3461 4951 ni-

1862 4966 2249 5096 gnprtuis
2272 4972 2552 5036 distantes,
2581 4983 2613 5025 a
2649 4970 2843 5039 quibus
2873 4967 3020 5025 calor
3066 4967 3242 5023 vitalis
3269 4968 3421 5023 abest
3440 5009 3455 5033 ,

1891 5080 1905 5105 ,
1930 5043 2037 5096 545
2063 5043 2127 5099 Α.

1939 5112 2134 5171 Fuoss.
2159 5115 2219 5180 ll,
2249 5114 2356 5171 9-17
2378 5114 2440 5181 Β,
2475 5111 2753 5182 Oportebat
2781 5112 2935 5182 igitur
2956 5126 3151 5166 omnem
3177 5111 3458 5165 conmmnis

1866 5180 2151 5257 disciplima
2174 5180 2539 5257 formam'sua
2581 5186 2749 5257 fronte
2767 5180 3001 5254 proponi.
3054 5182 3304 5257 lj‘ronlem
3360 5184 3457 5257 ble-

1865 5253 2043 5310 clcsia:
2087 5253 2201 5313 sine
2245 5259 2408 5313 dubio
2434 5264 2583 5312 vocat
2609 5255 2911 5326 episcopos,
2946 5254 3308 5326 presbyteros,
3338 5254 3455 5326 dia-

1864 5336 2053 5399 conos.
2096 5327 2404 5397 Oportebat,
2451 5324 2659 5399 inquit,'
2692 5326 2747 5399 in
2800 5324 2975 5399 fronte
3013 5324 3277 5399 Ecclesia;
3313 5324 3455 5378 ebri-

1865 5395 2053 5469 s_tiame
2079 5395 2303 5469 proponi
2334 5415 2395 5454 ac
2424 5395 2657 5469 pendere
2683 5398 2933 5463 formam,
2958 5396 3013 5451 lt.
3044 5411 3094 5451 c.
3136 5395 3342 5450 tabulas
3364 5406 3451 5469 to-

1865 5466 1970 5522 tius
1994 5466 2289 5538 disciplinue
2307 5466 2705 5533 ecclesiasticae,
2734 5480 2791 5523 ut
2834 5468 2911 5523 sit:
2943 5472 3268 5538 prmccderet
3310 5467 3454 5521 edic-

1866 5546 2010 5621 tum,
2033 5540 2174 5621 quod
2197 5540 2433 5621 universi
2469 5539 2981 5621 seqtterentur.Sed
3036 5539 3277 5621 Illienan.
3325 5554 3451 5621 pro:

1866 5608 2173 5666 verbialiter
2201 5612 2415 5683 accipit,
2440 5620 2497 5665 ut
2520 5608 2586 5665 sit
2607 5626 2698 5664 sua
2727 5610 2893 5681 fronte
2921 5609 3157 5681 proponi,
3196 5608 3363 5664 libere
3396 5616 3453 5665 et

1864 5692 2047 5753 aperte
2077 5685 2323 5753 proponi,
2352 5697 2456 5737 non
2480 5690 2684 5753 enocte.

1937 5750 2365 5810 Fnuc‘rtricnto.
2397 5753 2463 5820 ll,
2490 5752 2597 5807 458
2644 5750 2707 5816 C,
2765 5751 2826 5807 Si
2864 5753 2995 5805 enim
3039 5750 3450 5821 fructificationes

1863 5824 2250 5896 arbuscularum
2273 5828 2471 5896 signum
2496 5824 2652 5896 restiti
2664 5825 2919 5896 temporis
2949 5831 3210 5896 prtvstant.

1935 5894 2201 5964 Faceres,
2234 5892 2437 5951 fruitio.
2484 5896 2547 5963 ll,
2569 5894 2675 5953 457
2705 5892 2870 5968 C,‘De
2909 5895 3082 5953 eodem
3102 5894 3319 5950 adventu
3350 5892 3449 5963 filii

1862 5965 2099 6039 hominis,
2130 5977 2176 6026 et
2200 5970 2369 6041 fructu
2398 5970 2529 6041 ejus.
