4184 6496
728 411 863 468 1507

722 596 1006 653 frustratur
1030 609 1305 668 sperantes
1329 600 1574 655 fructum.

799 670 1130 733 FRUS'I'RAIU,
1178 672 1456 734 deludere,
1501 671 1791 735 declinare,
1820 682 1908 726 aut
1945 671 2218 728 declinare
2257 683 2312 728 et

728 741 1014 797 trucidare.
1043 743 1082 807 1,
1128 742 1233 798 572
1281 743 1343 809 Λ,
1379 742 1711 796 Frustrandis
1757 743 1924 798 bestiis
1975 747 2311 800 mercenarius

725 815 932 885 noxius,
969 815 1090 883 quia
1130 813 1521 885 audacisillius
1558 819 1687 885 artis
1728 816 1952 867 maxima
1994 830 2119 885 pars
2171 825 2304 883 erat,

724 884 978 952 impetum
1013 885 1296 940 bestiarum
1329 884 1567 939 eludere.
1614 884 1732 939 Vid.
1765 885 1980 940 Nostris.
1999 884 2075 949 11,
2112 886 2206 940 58I
2246 887 2304 949 Β,

722 954 976 1029 Johannis
1005 957 1231 1029 ordinem
1262 960 1451 1029 frustra
1478 960 1749 1029 frustratus
1788 967 1878 1010 est.
1919 956 1978 1022 Il,
2012 956 2115 1012 556
2141 958 2204 1015 A.
2243 958 2312 1013 Ut

723 1042 838 1080 vero
883 1027 1214 1097 impossibilia
1252 1027 1559 1081 contendens
1601 1028 1784 1096 saphia
1839 1033 2128 1096 frustrarat,
2192 1033 2224 1083 i.
2255 1044 2306 1085 ρ.

723 1097 947 1169 decepta
990 1107 1124 1152 erat.
1158 1097 1280 1153 Jun.
1312 1099 1548 1165 conjicit,
1578 1102 1770 1169 frustra
1795 1109 1920 1151 erat.

793 1168 1250 1226 Fausranomus.
1295 1169 1359 1236 II,
1395 1170 1490 1226 751
1526 1169 1586 1236 Β,
1640 1169 1840 1235 Quanto
1884 1171 2042 1241 magis
2092 1188 2220 1226 vana
2265 1181 2312 1226 et

723 1243 1065 1312 frustrataria.

794 1310 1125 1384 FnUTlCARE.
1155 1311 1220 1377 Il,
1253 1311 1358 1368 552
1383 1311 1439 1379 Β,
1472 1310 1620 1377 Quod
1641 1312 1692 1365 in
1720 1312 1880 1382 patris
1910 1313 2124 1382 gloriam
2156 1314 2310 1384 fruti-

721 1394 902 1447 cusset,
935 1386 971 1437 i.
1005 1400 1055 1438 e.
1089 1383 1296 1438 fruticis
1320 1386 1371 1437 in
1400 1383 1614 1438 modqu
1642 1385 1875 1452 prolatus
1900 1394 2062 1438 esset.
2096 1383 2163 1452 II,
2202 1385 2309 1442 825

722 1453 790 1520 Δ,
822 1454 879 1514 Β.
911 1454 997 1508 Ιια
1023 1456 1115 1508 etsi
1143 1456 1529 1525 in,agnitionem
1551 1455 1854 1525 incrementi
1875 1455 2106 1524 fruticat.

795 1525 1013 1581 Fucsm.
1063 1526 1124 1588 11.
1156 1523 1293 1583 1013
1331 1524 1395 1588 Α,
1429 1524 1494 1597 In
1546 1523 1772 1579 Bellona:
1816 1523 2002 1580 mentes
2044 1528 2305 1597 fugantur,

722 1596 760 1723 ἶ.
789 1612 840 1652 e.
874 1599 923 1682 in
950 1598 1182 1653 Bellona:
1209 1597 1409 1667 templo
1430 1596 1610 1653 furore
1629 1597 2006 1666 corripiuntur,
2029 1596 2155 1653 inde
2187 1599 2309 1654 Bel-

745 1683 934 1723 onaru.

745 1683 910 1722 onaru
921 1710 934 1724 .

795 1740 1031 1795 Fucens.
1075 1739 1139 1808 II,
1183 1741 1288 1796 112
1326 1739 1389 1807 C,
1420 1739 1518 1806 Qui
1547 1738 1788 1810 fugiebat,
1833 1755 2009 1794 rursus
2036 1740 2308 1809 prceliaba-

725 1819 825 1864 tur.
857 1810 1146 1868 Rhenanus
1173 1813 1284 1867 vult
1324 1826 1553 1882 grrecum
1598 1825 1809 1865 versum
1857 1812 1907 1864 in
1951 1813 2306 1882 textuit‘uisse

722 1883 990 1956 positum,
1027 1887 1149 1956 civ-ip
1187 1890 1213 1939 ὁ
1257 1881 1431 1954 φεύγων
1458 1886 1725 1956 καὶῌσάλιιι
1769 1897 2061 1956 μαχήσεται.
2099 1881 2310 1937 Demos-

727 1955 896 2008 thenes
944 1955 1070 2009 oliui
1120 1953 1326 2025 fugiens
1349 1953 1416 2008 ex
1441 1953 1624 2023 przelio
1676 1954 1768 2006 illo
1817 1954 2196 2025 Chersoueusi,
2254 1956 2308 2010 iu

725 2040 833 2092 quo
879 2024 1269 2082 succubuerant
1314 2025 1668 2080 Athenienses
1708 2025 1966 2078 adversus
2007 2024 2308 2094 Philippum

725 2095 1073 2151 Macedonum
1125 2112 1301 2167 regem
1353 2105 1665 2167 pugnantes,
1721 2094 1927 2167 [tedam
1967 2110 2086 2150 eam
2131 2096 2308 2166 fugam

720 2167 815 2238 ob,
845 2169 1090 2238 clypeum
1128 2165 1396 2238 abiectum
1430 2165 1894 2236 exprobrantibus
1916 2165 2019 2222 hoe
2042 2165 2306 2224 versicqu

719 2237 911 2309 solitus
936 2249 1019 2294 est
1046 2240 1391 2309 reSpoudere.

796 2308 1014 2366 Fotico.
1055 2308 1282 2375 11,⁷1011
1315 2310 1376 2378 Β,
1409 2309 1596 2364 Oculos
1631 2309 1844 2378 fuligine
1872 2309 2137 2376 collinunt,
2171 2314 2207 2364 ι.
2253 2326 2304 2366 e.

724 2379 900 2452 stibio,
932 2383 1189 2452 nigrnillo
1213 2381 1448 2449 pulvere.
1481 2380 1602 2434 Vid.
1636 2383 1844 2452 l’unvrs.

730 2452 733 2453 ⁷
793 2450 1004 2507 Funus.
1029 2453 1093 2518 II,
1121 2453 1222 2508 931
1252 2456 1313 2519 Α,
1343 2453 1490 2505 Noua
1527 2454 1750 2519 emergit,
1774 2451 1890 2519 jam
1913 2466 2012 2502 non
2061 2460 2131 2504 est
2159 2453 2310 2505 semi-

720 2524 800 2576 nis
831 2522 972 2590 limo,
1006 2541 1106 2577 non
1144 2539 1207 2576 ea:
1245 2523 1660 2592 concupiscentia:
1697 2526 1858 2591 fumo,
1903 2523 1991 2574 sed
2017 2538 2080 2576 ea:
2111 2540 2241 2592 aqua
2261 2534 2310 2578 et

721 2594 903 2664 spiritu
929 2595 1137 2648 mundo.
1157 2593 1375 2649 Wower
1397 2611 1458 2647 ex
1484 2597 1814 2660 conjectura,
1841 2594 1960 2657 ﬁmo
1986 2608 2003 2645 :
2031 2609 2158 2663 quo,
2179 2595 2304 2650 dum

724 2680 860 2719 sono
905 2667 1189 2721 verborqu
1242 2665 1440 2726 studet.
1472 2666 1788 2728 antitheton,
1826 2664 2307 2720 familiarissimum

725 2736 1056 2792 'I‘ertulliano
1077 2752 1265 2808 genus,
1308 2737 1623 2808 corrumpit.
1650 2735 1719 2791 Ut
1752 2735 1894 2808 enim
1919 2736 2124 2788 seminis
2151 2738 2304 2801 limo,

727 2807 827 2862 hoc
849 2817 968 2870 est.
1018 2806 1204 2878 liquori
1253 2817 1408 2862 terra:
1458 2807 1706 2861 sordibus
1754 2806 1928 2878 mixto
1973 2822 2105 2873 aqua
2133 2824 2262 2874 pura
2290 2847 2306 2873 ,

724 2880 795 2934 ita
839 2876 1259 2950 concupiscentia:
1299 2881 1461 2950 fumo,
1498 2878 1704 2950 spiritui
1759 2876 1969 2950 turbido
2018 2891 2308 2950 crassoque

722 2951 932 3017 spiritus
961 2946 1181 3004 mundus
1210 2946 1514 3004 obducitur.
1541 2947 1692 3013 Quod
1733 2948 1833 3001 etsi
1867 2946 2072 3001 tinxerit
2103 2948 2189 3002 ille
2222 2965 2307 3002 re-

721 3028 910 3090 spectu
930 3022 1148 3090 spiritus
1173 3020 1379 3082 mundi,
1410 3035 1512 3073 uou
1564 3030 1738 3072 tamen
1767 3019 2106 3090 antiquorum
2157 3020 2308 3074 abest

721 3088 1019 3160 sapientum
1072 3094 1239 3158 scitis,
1285 3090 1730 3161 concupiscentia:
1770 3088 2029 3158 fmdieque
2078 3090 2308 3145 libidinis

722 3178 845 3217 eum
876 3162 1043 3230 fumo,
1075 3163 1164 3234 qui
1191 3177 1396 3218 mentes
1425 3161 1701 3218 hominum
1733 3161 1964 3216 involvat
1998 3169 2052 3216 et
2078 3171 2308 3216 OCthcct

724 3235 958 3290 tenebris
989 3255 1001 3290 :
1034 3236 1381 3305 comparatio.

1710 411 1920 470 INDEX
1960 412 2392 472 LATINITATIS
2427 413 3006 477 TERTULLIANEA'J.

796 527 1064 584 Fausrna.
1126 525 1190 594 ll,
1242 527 1389 585 1034
1433 527 1497 593 Α,
1549 526 1767 582 Frustra
1820 545 1960 600 ager,
1985 530 2020 584 i.
2062 545 2112 586 ρ.
2151 529 2303 600 fallit,
2333 531 2384 591 A

2339 1929 2386 1989 Β

3864 424 4013 484 1508

3168 534 3213 592 G

2483 671 2834 728 ΟΑιΑτιοΑιιι.
2867 671 2929 738 11,
2962 671 3070 726 973
3120 671 3186 739 A,
3236 670 3434 727 Horum
3463 673 3619 746 igitur
3669 683 3898 746 tempora
3923 676 4015 732 ob-

2411 755 2667 818 servantes
2688 754 2735 797 et
2759 746 2868 818 dies
2882 753 2928 818 et
2958 753 3220 818 menseset
3239 761 3420 818 annos,
3442 747 3775 818 galaticamur
3816 750 3973 818 plane
3993 788 4010 817 ,

2413 814 2449 868 i.
2480 830 2529 869 c.
2566 813 2779 888 Galatas
2797 814 3098 888 imitamur,
3148 813 3457 888 insanimus
3476 825 3531 888 ut
3568 816 3792 885 Galatae,
3816 813 4018 888 'judaiL

2413 902 2594 939 lamus
2629 895 2684 939 ut
2713 885 2935 940 Galatae.
2969 885 3057 942 Sic
3083 888 3152 941 ab
3179 886 3390 954 ingenio
3419 885 3640 943 Cilicum
3673 885 4016 947 fraudulento

2413 958 2651 1030 verbum
2682 963 2979 1028 ι-γκιλωιίςςιν
3029 958 3279 1030 formavit
3331 956 3681 1013 Pherecrates
3730 964 4012 1030 comicus,

2412 1031 2476 1081 ad
2506 1027 2717 1102 fraudes
2757 1039 2810 1082 et
2855 1031 3180 1098 imposturas
3220 1029 3441 1102 deorum
3488 1031 3764 1100 gentilium
3806 1027 4018 1102 signifi-

2412 1099 2630 1172 caudas,
2665 1106 2743 1154 ἀεί
2769 1103 2872 1154 ποθ’
2897 1106 3010 1169 ἡμῖν
3034 1101 3370 1171 barbaria”.
3398 1108 3443 1154 oi
3473 1099 3586 1169 Geel,
3638 1099 3922 1172 imponunt
3959 1114 4019 1161 et

2414 1170 2640 1224 illudunt
2665 1173 2818 1226 nobis
2839 1170 3121 1226 Cilicatit’u.

2483 1240 2806 1309 GALATICUS,
2839 1247 3138 1299 coccineus.
3165 1243 3229 1310 II,
3265 1242 3405 1299 1045
3431 1243 3497 1310 Α,
3545 1241 3766 1299 Galatici
3809 1247 4017 1301 ruboris

2411 1316 2740 1386 superjeetto,
2810 1326 2893 1369 est
2947 1314 3164 1383 pallium
3227 1330 3390 1371 cocco
3435 1314 3662 1386 galatico
3728 1317 4014 1372 intectum.

2415 1383 2576 1447 Plin.,
2607 1385 2670 1437 ιι.
2700 1385 2742 1439 N
2772 1429 2786 1452 ,
2821 1387 2911 1440 an.
2945 1386 3035 1450 Ix,
3067 1401 3185 1454 cap.
3218 1389 3306 1442 ιι.

2483 1454 2751 1523 ϐλιειιιε,
2803 1466 3166 1512 matronarum
3229 1459 3443 1513 Cereris
3498 1458 3837 1514 sacerdotum
3898 1471 4019 1516 erat

2417 1527 2644 1580 crinium
2672 1538 2994 1582 attextorum
3014 1528 3397 1598 compositioni
3422 1529 3634 1583 modum
3663 1530 3828 1598 galeri
3852 1532 4014 1598 facta,

2411 1598 2606 1669 quibus
2627 1609 2880 1652 matrona:
2911 1600 3138 1654 maxime
3163 1611 3320 1669 caput
3346 1600 3609 1654 velabant.
3642 1598 3706 1667 Il,
3762 1601 3908 1658 1015
3948 1605 4015 1668 Δ,

2417 1667 2685 1742 Οὺμοιαηι
2712 1670 2848 1724 vitae
2873 1670 3002 1742 (non
3031 1667 3241 1742 citwlel
3257 1673 3580 1741 privilegium
3607 1673 3790 1742 galeri.

2485 1740 2891 1795 Genauasres.‘
2919 1741 2981 1807 Il,
3014 1741 3120 1797 903
3163 1741 3228 1806 A,
3263 1744 3360 1794 Aut
3391 1740 3582 1810 pennas
3609 1740 4014 1801 Garamantum.

2413 1810 2654 1866 Fuerunt
2700 1811 3049 1884 Garamantes
3100 1812 3284 1884 populi,
3306 1815 3541 1884 Africae,
3573 1817 3809 1868 latrones
3840 1816 4018 1884 pluri-

2415 1898 2579 1955 uuun,
2613 1891 2670 1937 ut
2699 1893 2878 1936 narrat
2907 1883 3107 1938 l'liuius
3127 1926 3141 1949 ,
3179 1883 3243 1938 II.
3275 1883 3363 1948 N.,
3385 1885 3474 1938 lib.
3506 1883 3568 1952 V,
3597 1900 3715 1954 cap,
3749 1885 3814 1949 6;
3840 1883 3936 1955 qui
3965 1896 4020 1942 ut

2416 1952 2742 2008 horridiores
2767 1955 3099 2019 viderentur,
3130 1956 3406 2024 magisque
3435 1958 3624 2010 terrori
3655 1952 3842 2012 essent
3864 1952 4017 2012 'Airi-

2413 2026 2591 2091 canis,
2644 2028 2830 2093 pennis
2885 2041 3006 2081 sese
3054 2027 3388 2081 instruebant
3450 2027 3784 2082 horribiliqu
3855 2046 4017 2098 quant

2414 2098 2645 2153 maxime
2671 2108 2914 2163 poterant
2940 2098 3273 2163 animalium,
3304 2097 3475 2165 qualia
3503 2099 3641 2152 idem
3666 2110 3858 2154 auctor
3879 2097 4015 2153 uar-

2413 2177 2492 2221 rat
2513 2169 2602 2221 lib.
2640 2168 2769 2234 VIII,
2803 2183 2921 2238 cap.
2949 2170 3034 2223 21.
3058 2168 3250 2222 Junius
3277 2168 3477 2239 mavult
3520 2179 3609 2222 aut
3631 2171 3818 2239 pinnas
3851 2169 4019 2224 Gara-

2413 2248 2663 2306 mantum,
2716 2242 2750 2293 i.
2799 2255 2851 2294 e.
2909 2242 3131 2293 intortos
3161 2240 3386 2294 crinium
3414 2238 3638 2307 plexus,’
3671 2241 3737 2294 ad
3786 2241 4015 2296 formam

2416 2311 2592 2379 pinna:
2620 2311 2671 2380 iu
2701 2311 2868 2380 galeis
2896 2311 3119 2364 militum
3152 2320 3240 2363 aut
3267 2309 3568 2364 Samnitum
3623 2311 4015 2380 gladiatorum,

2413 2396 2547 2448 quos
2587 2379 2840 2434 Martialis
2864 2385 3064 2452 notavit
3105 2381 3222 2436 libI
3261 2380 3532 2452 Epigraru.
3565 2382 3618 2444 ὅ,
3651 2381 3816 2452 Atque
3869 2379 4019 2437 aliter

2415 2453 2560 2505 tortis
2583 2452 2807 2506 crinibus
2831 2450 3124 2520 ΑῑιΙιιορεε,
3157 2453 3236 2506 his
3262 2450 3404 2506 enim
3432 2452 3590 2506 vicini
3631 2451 4014 2508 Garamautrs.

2484 2522 2758 2580 GEHENNA.
2795 2524 2835 2585 Ι,
2867 2522 2972 2578 520
2997 2527 3063 2589 A,
3094 2522 3151 2579 Si
3173 2523 3455 2594 gehennam
3482 2525 3883 2590 comminemur,
3909 2543 4020 2592 qua:

2412 2605 2483 2650 est
2515 2595 2645 2664 ignis
2667 2596 2843 2648 arcani
2891 2596 3247 2648 subterraneus
3267 2594 3336 2644 ad
3391 2610 3590 2661 poenam
3648 2596 3939 2650 thesaurus.
3978 2597 4017 2662 I,

2414 2667 2550 2721 19.47
2603 2672 2668 2730 A,
2718 2665 3010 2720 Gehcnnam
3058 2667 3111 2718 in
3159 2665 3312 2717 corde
3364 2665 3650 2718 considera.
3682 2665 3747 2731 Il,
3791 2667 3905 2722 457
3951 2669 4014 2733 Λ,

2415 2737 2546 2801 Quia
2569 2746 2678 2805 post
2699 2738 2840 2790 illam
2869 2737 3097 2789 clibanus
3124 2736 3200 2806 uel
3225 2738 3405 2805 furnus
3432 2735 3676 2806 gehenna:
3714 2749 3976 2806 sequatur.

2483 2808 2775 2863 GEIONIUS.
2810 2807 2870 2872 ll,
2896 2807 3001 2861 590
3033 2807 3093 2872 Β,
3127 2805 3228 2860 Per
3254 2805 3446 2877 gradus
3475 2822 3646 2861 revera
3697 2805 4018 2873 Gemonias,-

2414 2879 2465 2933 bi
2493 2879 2675 2932 Iloina:
2724 2879 2937 2933 fuerunt
2993 2880 3041 2931 iu
3074 2878 3359 2940 Aventino,
3420 2878 3637 2947 regione
3684 2879 3834 2933 urbis
3862 2878 4014 2946 XIII,

2412 2966 2578 3020 prope
2633 2949 2884 3004 lahariaui
2931 2950 3212 3017 porticum.
3249 2947 3570 3003 Diceha‘ntur
3601 2958 3655 3004 et
3705 2949 3870 3004 scala:
3906 2951 4015 3006 Gc-

2414 3023 2625 3085 uiouiae,
2656 3020 2722 3074 ad
2751 3036 2884 3089 quas
2925 3021 3296 3074 damnatorum
3343 3035 3569 3089 corpora
3621 3020 3973 3075 struebantur
3998 3063 4013 3086 ,

2411 3103 2464 3146 et
2487 3091 2919 3162 proponebantur
2961 3091 3216 3155 ostentui,
3270 3091 3442 3145 donec
3493 3106 3634 3146 unco
3673 3091 4018 3148 traherentur

2411 3165 2464 3216 in
2498 3163 2752 3218 Tiberim.
2785 3163 2868 3218 Ad
2895 3163 3038 3217 hunc
3069 3162 3322 3216 infamem
3374 3162 3549 3216 locum
3599 3163 3837 3232 respexit
3879 3162 4014 3219 Ter-

2413 3233 2619 3289 tulliau.
2649 3247 2770 3287 eum
2797 3235 2998 3288 diceret
3032 3251 3044 3286 :
3076 3232 3237 3286 alium
3263 3247 3329 3301 ea:
3349 3233 3450 3285 alio
3480 3231 3724 3301 fructum.

795 3300 1170 3380 Funusuwsi
1193 3306 1258 3374 II,
1308 3304 1446 3362 1000
1484 3305 1546 3374 Β,
1579 3304 1685 3376 Age
1710 3313 1787 3371 tu,
1816 3301 2108 3374 funambule
2150 3302 2308 3372 pudi-

2485 3303 2871 3380 (Ξιῖιιιιῑιιιξξιτιιξἶ
2910 3304 2974 3380 II,
3008 3303 3113 3360 478
3251 3300 3319 3356 Et
3345 3300 3708 3380 christianismi
3738 3307 4014 3380 generosi-

721 3377 853 3431 citia:
874 3391 919 3432 et
943 3381 1206 3434 castitatis.

792 3449 1068 3505 FUNDERE.
1100 3448 1163 3512 ll,
1196 3448 1418 3514 1041Λ,
1455 3446 1655 3502 Stoloni
1702 3446 1937 3514 fundere,
1982 3443 2017 3497 i.
2065 3460 2116 3500 e.
2172 3445 2308 3500 stola

723 3519 926 3576 fusiore
946 3522 1042 3576 uti.
1075 3521 1224 3576 Stola
1255 3530 1431 3574 autem
1464 3528 1580 3574 erat
1604 3519 1973 3573 indumentum
2002 3517 2266 3572 muliebre
2290 3558 2306 3584 ,

720 3608 826 3662 quo
858 3592 969 3647 fere
996 3592 1072 3647 uti
1094 3593 1210 3647 sine
1229 3591 1518 3662 opprobrio
1545 3606 1646 3645 non
1673 3597 1973 3662 potuerant,

795 3662 1102 3720 FUNERABE.
1135 3662 1196 3726 ll,
1249 3657 1352 3719 757
1382 3661 1441 3725 Β,
1491 3657 1768 3733 Propterea
1808 3676 1894 3714 nec
1939 3657 2136 3729 ignibus
2167 3661 2311 3729 fane-

722 3735 944 3788 randum
969 3737 1133 3789 aiunt.

793 3805 1130 3862 Funssnas.
1185 3805 1250 3868 ll.
1306 3803 1412 3860 8l0
1440 3803 1507 3868 Α,
1577 3801 1886 3858 Funestatur
1914 3802 2088 3856 nuurdi
2127 3801 2309 3871 honor,

722 3877 885 3930 outnis
902 3879 1180 3931 substantia
1207 3878 1518 3947 denigratur.

795 3947 980 4004 FUNGI.
1008 3948 1067 4013 11,
1098 3948 1234 4004 I059.
1264 3944 1607 4017 B,'Fungitur
1629 3989 1644 4015 ,
1670 3944 1890 4001 subaudi
1920 3961 1933 3999 :
1967 3960 2187 3999 munere
2222 3945 2312 4000 illo

724 4018 959 4073 habitqu
990 4020 1250 4075 vertendi.
1285 4019 1480 4073 l’amc‘l.
1522 4021 1900 4083 interpretatur
1948 4017 2192 4085 paulatim
2233 4018 2325 4087 ἰη-⁸

724 4091 857 4150 terit,
883 4091 971 4160 alii
1001 4091 1181 4160 legunt
1204 4092 1487 4159 stringitur.
1516 4089 1580 4154 II,
1608 4089 1712 4144 426
1737 4089 1804 4154 Λ,
1835 4087 1925 4141 Sic
1961 4104 2050 4160 nec
2062 4089 2311 4160 alienum

725 4159 955 4228 pulsabo,
997 4157 1149 4229 quam
1198 4157 1348 4214 unde
1375 4169 1486 4230 sum
1536 4163 1761 4230 functus,
1796 4161 1831 4212 i.
1882 4175 1944 4230 e.
1988 4157 2076 4212 tibi
2103 4167 2151 4210 et
2172 4157 2312 4224 apud

724 4247 880 4300 quem
908 4228 1134 4301 pulSem,
1169 4232 1270 4286 nisi
1310 4228 1448 4300 apud
1477 4228 1598 4301 eum
1643 4231 1812 4298 ipsum
1858 4228 1947 4301 qui
1993 4242 2077 4301 me
2123 4239 2311 4301 vocat,

726 4297 782 4355 et
804 4297 1205 4357 hac'functione
1231 4302 1311 4356 sui
1346 4297 1580 4354 'vocaudi
1622 4297 1852 4355 instruit.
1879 4297 2183 4366 Metalepsis
2214 4301 2312 4353 ob-

725 4374 947 4426 scurior.
977 4373 1044 4440 Il,
1075 4374 1164 4440 87',
1206 4373 1266 4439 Β,
1304 4371 1423 4427 Νοιι
1476 4372 1670 4426 alias...
1705 4373 1957 4425 hominem
2007 4373 2199 4440 functo,
2236 4380 2317 4424 τὸν

724 4452 959 4513 ἄνίρωπον
993 4449 1282 4510 τιτιὶτςκὸτι,
1322 4445 1372 4499 id
1399 4454 1498 4511 est,
1555 4448 1618 4497 τὰ.
1660 4447 1968 4513 ιίινορώτιινινιιζ
2001 4441 2312 4513 tlellcnism.

802 4510 1027 4569 iuncus.
1058 4515 1098 4580 I,
1131 4516 1236 4570 655
1266 4517 1324 4582 li,
1360 4513 1424 4567 Et
1462 4510 1660 4567 aurium
1688 4510 1888 4582 fungos.
1929 4510 2096 4581 Fungi
2131 4512 2314 4565 tubera

728 4586 1062 4654 appellantur
1111 4602 1176 4640 ex
1225 4588 1414 4640 ictibus
1467 4585 1772 4640 euaseeutia
1801 4594 1853 4638 et
1901 4583 2172 4652 sanguinis
2199 4583 2314 4636 col-

729 4656 977 4722 lectione,
1025 4657 1274 4710 trauslata
1310 4672 1336 4708 a
1382 4656 1581 4709 morbis
1617 4657 1865 4708 arborum
1917 4654 2311 4723 appellatione,

727 4727 794 4780 de
821 4728 1012 4793 quibus
1038 4728 1195 4789 Pliu.,
1227 4727 1291 4782 11.
1323 4725 1414 4792 Ν.,
1438 4728 1510 4781 hh
1543 4726 1702 4792 XVII,
1733 4743 1849 4795 cap.
1880 4726 1968 4778 Ἡ.

800 4797 978 4853 Fums.
1010 4798 1072 4864 II,
1106 4799 1210 4854 555
1237 4799 1298 4864 B,
1343 4798 1586 4852 Detitnlo
1634 4815 1828 4868 quoque
1869 4797 2004 4866 funis
2054 4795 2313 4853 ducendus

728 4879 800 4923 est
821 4870 1172 4924 contentionis.
1215 4870 1417 4924 Funem
1458 4870 1674 4934 ducere,
1708 4869 2053 4938 proverbialis
2083 4869 2311 4934 locutio,

730 4956 826 5008 pro
850 4941 1093 4995 altercari
1121 4957 1240 4996 cum
1274 4943 1472 5008 aliquo.
1498 4939 1749 4994 Tractum
1776 4956 1806 4994 a
1836 4939 1959 4994 ludo
1990 4953 2273 5008 puerorum
2294 4979 2312 5006 ,

728 5012 818 5080 qui
846 5022 1108 5078 sparteam
1135 5015 1316 5067 restim
1339 5008 1687 5076 ductitabant,
1709 5021 1763 5065 et
1781 5010 1980 5064 tamdiu
2000 5008 2312 5065 trahebant.

728 5083 898 5136 donec
949 5092 1040 5136 aut
1092 5091 1419 5152 rumperent,
1451 5093 1540 5136 aut
1590 5085 1864 5147 alteruter,
1900 5081 2122 5152 omissa
2162 5080 2315 5152 funis

728 5154 1108 5222 prehensinue,
1134 5155 1184 5208 in
1217 5150 1613 5208 natesraderet.
1641 5151 1705 5219 Il,
1747 5152 1848 5207 597
1881 5151 1947 5216 A,
1978 5150 2195 5204 Alternis
2240 5155 2317 5204 νι-

729 5224 868 5276 cibus
889 5227 1195 5278 contentioso
1212 5228 1351 5292 fune.
1380 5224 1443 5287 Il,
1466 5223 1569 5279 984
1595 5225 1657 5290 C,
1690 5225 1794 5278 Sed
1818 5240 1916 5275 non
1939 5222 2074 5274 decet
2107 5225 2238 5274 ultra
2259 5225 2323 5276 de

729 5298 1026 5349 auctoritate
1055 5297 1441 5364 Scripturarum
1476 5296 1727 5364 ejusmodi
1758 5297 1928 5366 funem
1958 5292 2321 5366 contendamus

730 5367 925 5418 alterno
970 5367 1119 5418 ductu
1160 5361 1213 5418 in
1247 5368 1443 5419 diversa
1469 5361 1769 5421 distendere;
1825 5363 1891 5430 11,
1946 5364 2051 5420 845
2086 5362 2146 5429 Β,
2184 5361 2322 5418 Nolo

736 5453 868 5508 nunc
889 5438 1195 5492 contentiosa
1221 5439 1342 5508 fune
1369 5437 1633 5492 deducere.

805 5506 1006 5572 Funus,
1042 5505 1418 5563 Bacchanalium
1448 5511 1671 5563 furores.
1701 5509 1744 5573 1,
1774 5505 1877 5563 506
1905 5508 1972 5573 Α,
1999 5505 2135 5559 Licet
2188 5505 2322 5559 Bac-

735 5578 829 5630 cho
854 5580 968 5647 jam
997 5579 1182 5633 Italico
1209 5581 1373 5645 furias
1396 5591 1592 5647 vestras.
1626 5580 1965 5642 inuitolaritis.
1999 5577 2064 5643 ll,
2096 5578 2198 5632 987
2249 5576 2316 5643 Λ,

739 5649 980 5721 lichanos
1004 5661 1172 5702 autem
1200 5651 1463 5704 libidinum
1487 5651 1648 5720 furias
1677 5651 1881 5721 impias.

811 5719 1102 5776 Fonnvus.
1134 5721 1195 5787 11,
1225 5722 1329 5776 750
1357 5722 1419 5787 (3,
1462 5719 1706 5787 Quotiens
1749 5719 1868 5775 item
1896 5737 2104 5791 corpore
2125 5720 2323 5790 afﬂicto

741 5791 987 5863 furtivum
1013 5791 1103 5846 sibi
1131 5793 1301 5863 anima
1327 5795 1572 5863 gaudium
1594 5795 1829 5860 exquirit.

742 5933 760 5984 ι
797 5860 1188 5987 (genuncuws.
1250 5860 1451 5935 ll,—3I5
1479 5863 1545 5933 Λ,
1591 5863 1766 5936 Lupus
1783 5873 1871 5920 aut
1909 5864 2209 5935 furunculus
2228 5880 2329 5919 non

765 5952 790 5983 -’l
865 5973 878 5986 ο

765 5952 878 5986 (τιεί.

2415 3385 2564 3430 tatem
2594 3377 2645 3429 in
2674 3377 2781 3444 ﬁlio
2808 3375 3027 3430 Abraha:
3054 3392 3116 3430 ea:
3154 3376 3314 3429 libera
3358 3383 3495 3439 nato,
3535 3375 3797 3444 allegoria:
3835 3375 4017 3429 habere

2412 3458 2806 3519 sacramentum,
2858 3449 2987 3519 sicut
3014 3457 3058 3519 et
3076 3445 3324 3519 iudaismi
3371 3447 3660 3500 servitutem
3708 3449 3923 3516 legalem
3963 3451 4014 3500 in

2413 3519 2523 3587 ﬁlio
2548 3518 2767 3573 ancillae.
2794 3518 2857 3586 II,
2893 3517 2998 3573 658
3023 3515 3086 3585 Β,
3116 3515 3184 3572 Ut
3211 3525 3448 3570 natorum
3500 3533 3708 3570 suorum
3755 3515 4013 3587 generest-

2413 3600 2563 3644 tatem
2595 3590 2657 3643 de
2683 3590 2997 3658 papillarum
3020 3589 3234 3643 audacia
3254 3589 3506 3657 judicent,
3536 3587 3605 3642 de
3630 3589 3827 3658 aquila.

2485 3662 2875 3729 GENICULATIO,
2897 3676 3128 3730 genuum
3155 3659 3332 3714 flexio.
3360 3658 3402 3725 l,
3430 3658 3536 3713 703
3561 3658 3624 3723 C,
3660 3661 3883 3730 Quando
3912 3678 4010 3712 mm

2415 3731 2870 3802 geniculationibus
2905 3742 2959 3786 .et
2997 3731 3403 3802 jeiunationibus
3455 3730 3640 3802 nostris
3677 3729 3834 3802 etiam
3862 3735 4014 3784 sicci-

2415 3749 2870 3802 genrentattonwus
2905 3749 2959 3786 .et
3029 3749 3403 3798 ciuitatiomous
3455 3749 3640 3782 nostris
3677 3749 3834 3783 ειιαηι
3862 3749 4011 3784 διαι-

2415 3815 2543 3858 tates
2567 3813 2681 3857 sunt
2710 3803 2953 3872 depulsis.
2984 3749 3026 3869 IJ,
3059 3802 3198 3858 1222
3218 3801 3279 3865 Β,
3323 3800 3547 3870 Jejuniis
3585 3810 3630 3854 et
3673 3801 4011 3872 geniculatio-

2417 3878 2561 3929 nibus
2589 3884 2635 3928 et
2661 3874 2937 3945 pervigiliis
2966 3891 3114 3945 orare
3143 3881 3356 3945 oportet.

2487 3942 2769 4003 Gemmas.
2803 3942 2889 4012 'II,
2928 3944 3032 4002 718
3085 3944 3152 4012 Α,
3191 3942 3457 3999 Genimina
3500 3957 3594 3997 sua
3643 3942 4013 3999 darmoniormn

2416 4019 2691 4071 candidato
2717 4019 3036 4085 profitentur.

2487 4089 2650 4144 Gens.
2681 4083 2746 4154 Il,
2776 4083 2881 4142 illi
2910 4088 2971 4154 C,
3004 4086 3187 4142 Gentes
3233 4085 3561 4157 ferocissimis
3603 4083 3753 4141 fuere
3793 4085 4009 4143 Sarma-

2419 4169 2506 4226 ιω,
2561 4158 2772 4224 Geloni,
2814 4158 3122 4228 Massageta:
3161 4167 3216 4214 et
3245 4173 3411 4229 genus
3443 4158 3750 4213 universum
3787 4161 4010 4229 populo-

2418 4246 2533 4285 rum
2566 4231 3022 4284 hamaxobiorum.

2488 4300 2773 4356 GENTICUS.
2802 4299 2863 4363 II,
2895 4299 2998 4354 7I8
3027 4300 3088 4366 Β,
3123 4297 3231 4372 Pro
3257 4298 3763 4372 geriticafdevotionc.
3800 4299 3875 4354 Ita
3907 4300 4007 4356 Ta-

2417 4372 2557 4428 citus
2587 4371 3040 4440 ntoremgenticum
3070 4373 3205 4425 dixit
3224 4369 3318 4425 lib.
3345 4369 3412 4425 VI
3440 4371 3629 4426 Annal.

2489 4439 2833 4498 Gennu'rus.
2895 4439 2958 4507 Il,
2995 4443 3132 4497 1010
3184 4440 3250 4508 A,
3286 4440 3515 4514 Quarum
3554 4456 3705 4514 _pars
3752 4444 4008 4514 gentilitas

2417 4514 2750 4579 inhabitatur,
2784 4515 2816 4566 i.
2850 4528 2900 4567 e.
2925 4528 2955 4566 a
2979 4514 3224 4583 gentibus
3243 4510 3669 4582 particularibus.

2490 4583 2734 4649 Gssuuu,
2758 4585 2946 4638 dentes
2986 4586 3310 4654 posteriores
3353 4585 3447 4653 qui
3480 4584 4008 4654 cibum__conficinm.

2419 4656 2485 4722 II,
2509 4657 2614 4710 062
2637 4658 2696 4720 Β,
2722 4655 2972 4724 Deprome
2989 4652 3255 4726 genuinos.
3289 4654 3354 4722 II,
3373 4652 3527 4711 10ιῖ
3551 4656 3618 4721 Α,
3646 4652 3869 4712 Genuini
3889 4659 4010 4710 intct‘

2337 4704 2392 4768 Β
2419 4704 2908 4781 aiitiit's—ttditti—tbhati.

2490 4797 2754 4853 Cranen.
2815 4796 2877 4863 II,
2909 4795 3036 4868 254
3065 4795 3154 4868 Β,
3183 4795 3383 4850 Μεάὲαι·
3403 4796 3542 4867 quod
3579 4797 3725 4851 aiunt
3771 4799 4004 4868 ginatem.

2419 4869 2646 4925 Sensum
2668 4869 2870 4922 nullum
2899 4867 3124 4921 funduut
3147 4867 3263 4920 hznc
3288 4870 3448 4923 verba
3474 4884 3490 4932 ;
3545 4867 3856 4938 reponenda
3913 4873 4004 4924 ita-

2418 4942 2630 5011 queilla
2671 4941 2839 5011 lectio
2884 4954 3042 5009 quam
3086 4940 3341 5011 exhibent
3393 4953 3603 5011 omnes,
3650 4942 3835 4994 inedia:
3883 4941 4010 5010 quod

2421 5009 2784 5081 aiuntaginw;
2827 5009 2873 5064 is
2914 5019 3092 5064 motus
3136 5010 3362 5076 scilicet,
3385 5011 3473 5080 qui
3497 5010 3630 5065 adeo
3662 5009 4006 5081 temperatus,

2424 5091 2482 5136 ut
2518 5080 2715 5136 nullam
2747 5085 2797 5136 in
2849 5091 3053 5150 partem
3087 5090 3268 5149 vergat
3312 5096 3541 5152 parsque
3590 5080 3736 5135 nulla
3772 5098 4005 5150 prchon-

2428 5155 2600 5209 deret.
2627 5171 2645 5205 ι
2672 5154 2760 5207 Est
2781 5153 2946 5217 enim,
2974 5164 3031 5205 ut
3050 5152 3206 5207 docet
3231 5152 3447 5218 Festus,
3470 5153 3622 5223 agina
3646 5154 3912 5219 foramen,
3929 5153 4008 5207 cui

2427 5224 2681 5284 inseritur
2706 5237 2759 5278 et
2782 5226 2832 5277 in
2854 5240 2959 5293 quo
2985 5225 3212 5278 vertitur
3239 5238 3431 5292 scapus
3464 5223 3694 5276 trutinae.
3727 5241 3746 5274 s

2497 5296 2742 5352 GLU'rt-ztt.
2774 5295 2838 5360 Il,
2864 5294 2969 5349 988
2998 5294 3058 5358 Β,
3088 5293 3422 5366 ιιιετωγίρεαξ
3447 5294 3642 5366 glutina
3678 5305 3854 5348 nostra
3881 5303 4007 5348 stant.

2497 5366 2747 5423 Gonnus
2769 5408 2782 5429 ,
2806 5377 3012 5438 γόμφος,
3046 5366 3248 5438 clavus.
3280 5362 3332 5426 1⁷.
3360 5362 3469 5420 340
3495 5365 3568 5431 Α,
3604 5362 3834 5438 Cervices
3850 5369 4010 5438 liciti-

2426 5455 2537 5492 mus
2589 5449 2706 5492 ante
2753 5435 3014 5506 plumbum
3042 5445 3087 5489 et
3138 5437 3391 5506 glutinum
3435 5446 3478 5490 et
3521 5437 3792 5506 gomphos.
3847 5435 4005 5500 Tria,

2466 5526 2546 5563 uae
2576 5513 2715 5564 circa
2745 5509 2918 5576 capita
2946 5507 3167 5561 deorum
3189 5549 3202 5569 ,
3237 5523 3339 5577 qua
3368 5513 3558 5561 statuis
3581 5509 4006 5576 imponebautur,

2449 5577 2663 5647 iebaut',
2715 5587 2960 5634 recenset
2984 5578 3380 5635 Tertulliauus:
3428 5577 3721 5646 plumbum,
3777 5582 3914 5647 quod
3957 5581 4006 5632 iu

2431 5653 2642 5716 aureis,
2673 5651 2942 5721 argenteis
2968 5689 2982 5716 ,
3015 5649 3250 5703 stanneis
3273 5692 3287 5715 ,
3339 5647 3598 5718 plumbeis
3645 5649 3813 5703 Ilehat
3851 5653 4007 5704 εὶιιιιιο

2432 5723 2620 5781 lacris;
2658 5722 2905 5793 glutinum
2928 5764 2942 5782 ,
2991 5721 3226 5793 quodin
3260 5721 3450 5790 ligneis
3474 5730 3526 5774 et
3549 5735 3626 5793 _e_x
3665 5721 3854 5792 argilla
3883 5737 4005 5793 cou-

2431 5794 2614 5856 lectis;
2646 5789 2889 5863 gomphos
2910 5835 2924 5856 ,
2974 5791 3113 5861 quod
3145 5791 3198 5845 in
3227 5789 3482 5860 colossis,
3511 5791 3601 5846 ubi
3645 5789 3807 5862 caput
3844 5789 4006 5847 CCHI-

2436 5866 2642 5919 vicibus
2662 5864 2824 5917 clavis
2841 5863 3028 5918 ferreis
3048 5863 3382 5933 afligebatur.

2505 5935 2719 5993 Gnsous
2739 5974 2754 6004 ,
2779 5933 2848 5993 de
2876 5942 3132 6005 tempore.
3159 5933 3212 6006 I,
3240 5934 3340 5992 39I
3375 5933 3420 5990 A
3439 5976 3454 6004 ,
3485 5933 3590 5990 Per
3625 5933 3755 5991 duos
3788 5933 4001 6008 gradus,
