4184 6496
177 439 304 499 1509

1159 439 1370 497 INDEX
1407 433 1838 496 LATINITATIS
1877 434 2454 494 TERTULLIANEE.

3312 431 3450 490 1510

173 569 247 614 est
286 557 617 627 prretcritum
663 565 716 613 et
767 556 1024 613 futurum.
1067 557 1109 612 11
1138 598 1152 622 ,
1202 557 1276 612 22
1325 558 1396 624 Β,
1445 557 1579 611 Cedo
1626 573 1760 610 nunc
1786 557 1835 616 Α
1935 554 2268 621 Casurus],
2303 555 2408 612 152
2435 554 2510 622 Β,
2539 553 2743 609 Grande
2772 552 2997 627 uidelicet
3032 553 3268 627 officium
3310 558 3449 626 focos

172 643 342 698 sponte
368 632 430 684 de
456 631 622 700 gradu
670 631 785 684 isto.
815 630 852 684 Il
871 671 886 696 ,
919 627 1026 684 512
1055 630 1120 694 Α,
1157 629 1222 682 Ut
1231 631 1344 699 jam
1368 641 1412 682 et
1437 628 1666 682 Marcion
1697 628 1760 700 de

171 702 330 774 gradu
362 702 529 774 cedat.
553 699 613 774 _ll
631 741 647 765 ,
673 702 779 756 993
803 702 876 766 B,
919 699 1170 774 Decedam
1200 717 1355 774 nunc
1382 699 1652 774 paulisper
1697 699 1760 752 de

168 770 326 853 gradu
372 773 488 835 isto.
525 771 743 853 pmnes
791 772 1114 853 metaphora:
1149 772 1232 853 ‘ab
1285 770 1498 853 athletis
1532 779 1758 853 sumpta:

163 841 270 914 jam
299 843 794 912 congredientibus.
826 842 866 908 l,
898 843 1001 898 456
1027 843 1102 908 Λ,
1127 842 1207 896 Ad
1232 843 1367 914 quod
1383 857 1579 914 necesse
1601 841 1757 914 habeo

168 911 344 968 eodem
377 911 542 986 gradu
566 931 853 986 occurrere,
885 927 1153 986 sumptum
1178 930 1204 964 a
1235 912 1637 986 gladiatoribus,
1668 911 1756 980 qui

165 1001 282 1039 cum
327 983 664 1054 antagonista
693 985 958 1039 decreturi
1005 983 1224 1054 gradum
1273 986 1472 1054 figunt,
1527 991 1580 1036 et
1623 983 1758 1036 ietus

163 1057 474 1110 declinandi
523 1070 709 1110 caussa
762 1055 1015 1111 cedentes
1070 1057 1258 1109 itcrmn
1309 1055 1634 1121 procedunt,
1704 1061 1760 1108 et

163 1127 358 1182 eodem
385 1126 555 1198 gradu
577 1127 909 1193 consistunt,
957 1127 1166 1198 obviam
1203 1135 1389 1180 euntes
1433 1125 1749 1198 renituntur.

162 1198 318 1253 Sens.
349 1215 365 1252 :
391 1196 458 1252 ad
486 1198 626 1266 quod
659 1212 880 1252 necesse
901 1208 984 1252 est
1008 1197 1196 1251 eodem
1225 1206 1540 1266 argumento
1563 1211 1626 1249 ac
1650 1196 1758 1250 telo

165 1272 258 1326 uti.
296 1269 365 1334 ll,
388 1269 494 1324 260
525 1268 590 1334 Α,
621 1266 746 1323 Cant
772 1267 934 1322 Deum
965 1271 1060 1322 hoc
1081 1269 1242 1339 gradu
1270 1268 1569 1337 expellimus
1589 1307 1603 1331 ,
1629 1268 1664 1320 i.
1701 1283 1751 1321 e.

163 1357 328 1404 qutun
363 1342 475 1394 Deo
505 1340 639 1394 hanc
666 1349 1004 1408 potestatem,
1039 1343 1143 1394 vim
1171 1340 1418 1404 creandi,
1449 1339 1750 1393 adimimus.

162 1411 221 1475 ll,
251 1413 361 1492 377
395 1412 462 1477 Α,
497 1410 724 1492 Dumte,
753 1409 1007 1478 Marcion,
1036 1411 1098 1464 de
1126 1411 1291 1492 gradu
1323 1411 1549 1492 pellam,
1599 1409 1652 1466 h.
1677 1424 1752 1492 __e.

160 1485 484 1536 convincam
516 1491 567 1536 te
595 1482 744 1547 lalsi,
795 1493 846 1535 et
877 1491 993 1536 tuas
1042 1481 1276 1538 rationes
1321 1480 1624 1534 intirmabo.
1673 1480 1752 1548 Il,

161 1554 266 1607 654
292 1553 370 1620 C,
399 1553 459 1607 Si
499 1569 596 1623 non
639 1554 793 1623 hujus
840 1553 1152 1619 deﬁnitionis
1191 1552 1408 1623 gradum
1457 1552 1752 1620 exclusere,

164 1624 216 1675 h.
251 1640 307 1678 e.
359 1622 652 1678 ostendero
695 1621 1061 1678 definitionem
1103 1621 1398 1677 consistere
1425 1638 1528 1676 non
1562 1637 1751 1692 posse,

160 1710 339 1763 neque
368 1710 503 1748 rem.
561 1693 685 1748 Haec
710 1696 886 1748 omnia
950 1710 980 1749 a
1019 1695 1457 1750 colluctatoribus
1505 1707 1752 1764 sumpta,

157 1766 467 1835 signiﬁcant
498 1765 864 1819 adversarium
887 1765 1200 1831 c0nfutare,
1257 1776 1310 1819 et
1363 1765 1414 1818 in
1461 1767 1755 1820 certamine

156 1835 542 1905 disputationis
593 1851 865 1904 superare.
937 1837 1014 1901 ll,
1070 1837 1171 1892 797
1221 1837 1291 1903 Β,
1345 1835 1582 1905 Dejectas
1621 1837 1756 1890 enim

157 1909 510 1978 unusquisque
529 1907 607 1960 vel
631 1916 796 1978 motus
824 1908 887 1962 de
931 1908 1092 1978 gradu
1122 1909 1232 1977 ejus
1251 1908 1358 1978 spei
1375 1948 1389 1973 ,
1449 1924 1598 1977 quam
1649 1924 1755 1960 sus-

157 1988 400 2047 ceperat,
428 1982 462 2031 i.
483 1995 532 2034 e.
560 1977 648 2047 qui
670 1979 778 2047 jam
811 1994 960 2047 spem
992 1979 1221 2048 abjecit,
1275 1979 1325 2031 in
1357 1994 1458 2047 qua
1487 1978 1753 2032 inniteba-

159 2051 458 2104 turalienis
489 2051 921 2114 persuasionibus
947 2049 1211 2104 inductus.
1258 2048 1330 2113 ll,
1375 2049 1480 2103 368
1519 2049 1596 2114 A,
1650 2048 1756 2103 Sed

157 2122 323 2174 alium
334 2122 453 2191 jam
491 2121 606 2174 hinc
633 2121 817 2173 inimus
848 2121 1082 2190 gradum,
1110 2121 1145 2174 i.
1170 2135 1220 2174 e.
1253 2136 1448 2174 uovmn
1479 2123 1610 2174 inire
1639 2134 1755 2174 cer-

159 2203 375 2260 tamen,
408 2192 488 2246 vel
507 2192 694 2247 saltem
724 2207 863 2246 novo
911 2191 1100 2257 modo,
1131 2192 1250 2256 vel,
1283 2208 1338 2245 re
1383 2207 1484 2245 una
1508 2191 1616 2260 jam
1652 2193 1755 2245 im-

163 2264 390 2332 probata
420 2273 474 2317 et
524 2261 838 2318 labefactata
864 2304 878 2325 ,
907 2261 972 2316 ad
1002 2262 1221 2317 alterius
1263 2264 1599 2316 eversionem
1636 2277 1757 2318 sese

158 2335 465 2402 accingere.
501 2334 564 2404 Il,
598 2333 794 2400 521A,
842 2333 976 2387 Hinc
1021 2334 1234 2403 denique
1274 2335 1489 2404 gradum
1528 2338 1752 2403 confero.

160 2405 199 2460 II
217 2447 232 2470 ,
260 2405 372 2460 599
399 2405 465 2470 Α,
490 2403 658 2476 Igitur
696 2404 912 2474 gradum
939 2407 1282 2475 conferamus.
1307 2403 1371 2470 ll,
1407 2404 1511 2459 609
1537 2404 1579 2458 C
1601 2446 1614 2470 ,
1651 2403 1759 2475 Igi-

159 2486 314 2530 turin
337 2478 435 2530 isto
463 2477 679 2547 gradum
703 2477 1020 2547 conferamus
1039 2516 1053 2541 ,
1082 2484 1405 2547 κατάρχεσθαι
1447 2493 1531 2539 ἐἰς
1571 2493 1754 2543 μειχῦ,ς,

161 2548 434 2616 auSpicari
467 2545 755 2602 certamen
786 2545 1215 2615 disputationis,
1256 2549 1320 2600 ad
1371 2563 1484 2602 rem
1537 2550 1756 2616 propius

161 2618 446 2673 accedere.
479 2618 542 2684 ll,
570 2617 678 2674 452
698 2617 767 2684 Β,
797 2617 903 2672 Sed
925 2619 975 2670 in
997 2619 1204 2672 alterius
1225 2619 1518 2686 quaestionis
1543 2620 1759 2686 gradum

163 2691 369 2759 dirigo,
415 2689 449 2742 i.
480 2704 529 2745 e.
574 2689 640 2742 ad
693 2689 919 2742 alteram
964 2692 1314 2759 quaestionem
1354 2691 1758 2758 expendi-udam

162 2777 251 2814 me
282 2775 559 2828 Comparo.
589 2759 653 2826 II,
683 2760 787 2815 565
809 2759 880 2827 C,
921 2759 986 2813 Et
1014 2777 1210 2829 possem
1259 2762 1343 2814 hic
1382 2761 1497 2831 jam
1545 2763 1760 2828 gradum

163 2831 341 2902 ﬁgere.
366 2831 443 2899 ll,
475 2831 583 2886 495
604 2831 684 2899 Α,
719 2832 882 2902 Atque
913 2833 1040 2884 adeo
1079 2843 1208 2886 recte
1247 2833 1380 2885 hunc
1409 2835 1622 2902 gradum
1654 2832 1762 2902 ﬁgi-

163 2901 317 2970 mus,
348 2915 404 2958 et
433 2903 612 2958 multis
638 2903 756 2956 aliis
782 2901 934 2956 locis.
988 2902 1290 2959 Translatio
1336 2901 1421 2956 ab
1450 2904 1665 2957 athletis
1696 2901 1759 2957 in

164 2974 464 3028 certamine
531 2971 1022 3043 congredientibus,
1069 2982 1154 3028 est
1218 2976 1538 3030 sententiam
1595 2975 1759 3028 semel

164 3053 485 3113 conceptam
529 3046 723 3099 acriter
778 3043 1095 3111 defendere,
1151 3045 1206 3100 in
1249 3061 1418 3114 eaque
1473 3047 1762 3114 persistere

164 3125 258 3196 aut
285 3131 532 3196 premere
561 3123 926 3196 argumentum
955 3131 1129 3196 suum,
1165 3125 1219 3196 u_t
1260 3116 1493 3196 loquitur
1538 3116 1756 3196 Cicero,

165 3188 250 3240 vel
284 3187 335 3240 in
373 3188 530 3241 unius
573 3187 648 3242 rei
677 3187 914 3256 diligenti
960 3188 1314 3256 pensitatione
1356 3188 1660 3252 immorari,
1709 3198 1763 3242 et

165 3258 329 3312 nullis
365 3259 439 3311 uti
465 3258 869 3312 excursionibus
897 3274 923 3310 a
955 3275 1009 3311 re
1036 3258 1245 3313 alienis.
1281 3258 1322 3313 ll
1349 3299 1363 3324 ,
1411 3259 1505 3312 971
1547 3258 1616 3324 Β,
1658 3257 1765 3310 Mo-

1863 637 1909 680 et
1938 629 2106 682 thoros
2134 630 2188 681 in
2215 629 2470 696 publicum
2510 628 2736 682 educere.
2759 626 2832 692 ll,
2867 625 3003 681 1052
3031 625 3070 679 Β
3095 665 3108 690 ,
3139 627 3295 696 Aptas
3313 625 3449 681 sane

1863 699 2219 768 grandioribus
2245 700 2450 768 fabulis.

1933 768 2164 824 GRATIA.
2195 769 2237 824 ll
2265 812 2278 832 .
2301 771 2392 824 151
2429 770 2471 824 Β
2491 811 2505 834 ,
2537 769 2841 840 Martyrium
2870 769 3000 821 enim
3023 784 3122 822 nou
3148 768 3210 821 de
3230 785 3448 822 commu-

1863 841 1915 893 ni
1954 844 2128 912 aliqua
2172 841 2367 894 malitia
2397 851 2554 894 certat
2585 838 2700 894 cum
2725 838 3053 912 idololatria,
3099 840 3187 912 sed
3239 840 3302 893 de
3353 858 3446 895 sua

1861 910 2060 980 gratia,
2122 913 2159 966 i.
2217 927 2270 967 e.
2321 923 2593 967 certamen
2651 928 2753 964 non
2801 920 2884 974 est
2935 910 3074 964 inter
3120 911 3224 965 duo
3271 913 3442 976 mala,

1862 992 2041 1037 utrum
2085 983 2152 1038 sit
2179 985 2479 1053 potentius,
2528 984 2620 1037 sed
2675 983 2984 1053 martyrium
3029 990 3198 1036 certat
3239 982 3305 1036 de
3350 998 3443 1037 sua

1859 1053 2060 1124 gratia,
2097 1055 2164 1110 de
2182 1051 2300 1108 suo
2341 1053 2514 1119 bono,
2569 1053 2710 1124 quod
2761 1051 2861 1124 abi
2883 1051 3181 1107 idololatria
3229 1053 3440 1108 liberat.

1859 1123 1902 1178 ll
1921 1166 1936 1190 ,
1961 1125 2066 1196 {509
2089 1125 2163 1192 A,
2191 1124 2407 1196 Querela
2446 1142 2563 1196 ergo
2588 1123 2761 1195 major
2790 1123 3187 1196 Egyptiorum,
3231 1140 3296 1176 an
3323 1142 3443 1194 gra-

1862 1197 1931 1248 tia
1955 1195 2321 1251 Hebraeorum?
2347 1192 2525 1252 Gratia
2556 1192 2682 1266 qua!
2703 1197 2783 1251 eis
2812 1192 3108 1250 debebatur
3131 1236 3146 1263 ,
3177 1192 3445 1267 quamque

1861 1281 2164 1322 meruerant
2189 1310 2205 1335 ,
2234 1284 2266 1321 I.
2298 1283 2347 1322 e.
2376 1283 2600 1323 merces.

1931 1337 2308 1411 GRA‘I'IOSI'I‘AS.
2335 1337 2409 1406 ll,
2437 1337 2544 1411 255
2568 1339 2607 1392 Β
2633 1380 2646 1404 ,
2676 1337 2950 1411 Ipsamque
2978 1337 3262 1394 naturalem
3301 1337 3442 1392 novi-

1861 1410 1977 1462 tatis
2003 1412 2365 1479 gratiositatem
2387 1410 2524 1463 volui
2548 1410 2876 1480 repercutere.

1931 1480 2255 1537 GRATUITUS.
2281 1481 2322 1535 ll
2345 1523 2359 1546 ,
2393 1481 2496 1537 726
2534 1479 2614 1546 Α,
2657 1479 2884 1549 Denique
2908 1492 2954 1537 et
2979 1484 3109 1536 bona
3143 1485 3279 1552 facta
3324 1498 3446 1552 gra-

1863 1553 1990 1604 tuita
2015 1565 2131 1606 sunt
2155 1555 2206 1606 in
2231 1553 2420 1606 somnis
2437 1594 2451 1614 ,
2482 1563 2529 1605 et
2558 1553 2741 1606 delicta
2759 1569 2958 1610 secura.

1930 1623 2226 1696 Gaurus.
2260 1623 2313 1689 I,
2349 1623 2488 1679 1325
2516 1624 2591 1689 Α,
2631 1623 2898 1696 Βεερεειιι
2942 1624 3232 1696 οὸεάὶεηάῳ
3279 1627 3445 1696 gravi-

1860 1696 1995 1748 tatis.
2025 1695 2292 1760 Gravitas,
2322 1699 2568 1762 σεμνότης,
2594 1695 2826 1748 virorum
2853 1705 2934 1751 est
2955 1695 3248 1751 obedienda
3269 1695 3291 1762 ,⁷
3317 1697 3350 1750 i.
3391 1715 3442 1749 e.

1861 1767 1944 1820 cui
1993 1766 2238 1821 fteminas
2285 1767 2502 1820 obedire
2540 1774 2790 1835 oportet,
2848 1777 3062 1836 propter
3105 1776 3302 1820 metum
3353 1768 3446 1820 de.-

1861 1837 2025 1962 lAitum
2054 1839 2293 1892 Domino.
2313 1838 2375 1905 ll,
2406 1836 2512 1893 550
2536 1836 2600 1904 A,
2629 1836 2712 1890 Ne
2735 1840 2979 1908 gravitate
3002 1837 3293 1892 adorentur.
3322 1837 3442 1893 Vid.

1912 1924 2136 1962 nonnae.

1912 1924 2136 1963 υιιιιΑιιε.

1932 1978 2385 2036 ϐυυειιιιλσυιωι.
2415 1979 2491 2046 11,
2517 1979 2588 2034 22
2610 1981 2680 2048 C,
2737 1979 2942 2036 Certare
2983 1997 3099 2034 cum
3143 1980 3447 2049 interpreta-

1860 2051 2011 2104 tionis
2035 2053 2406 2122 gubernaculo,
2434 2052 2468 2104 i.
2501 2068 2552 2106 e.
2580 2069 2700 2110 cum
2729 2054 2936 2108 ratione
2957 2094 2971 2118 ,
3003 2067 3124 2106 cum
3169 2051 3447 2120 disciplina

1859 2123 2111 2194 rationis,
2170 2140 2288 2193 qua:
2337 2138 2550 2177 omnem
2601 2124 3092 2193 interp‘remtionem
3143 2123 3443 2194 gubernare

1859 2191 2013 2265 debet
2032 2235 2046 2258 ,
2081 2205 2130 2250 et
2157 2191 2206 2248 in
2239 2209 2301 2248 ea
2331 2209 2544 2265 semper
2565 2191 2806 2265 regnare.

1931 2261 2100 2318 Cum.
2133 2265 2208 2331 ll,
2242 2267 2342 2321 153
2388 2261 2461 2329 Β,
2499 2261 2744 2320 Ευιιιὶιιηι
2769 2267 2904 2319 enim
2932 2265 3184 2319 hominem
3232 2265 3294 2319 de
3339 2265 3450 2319 dia-

1860 2335 2112 2408 boli‘gula
2134 2338 2420 2408 per/idem.
2446 2337 2507 2403 ll,
2539 2336 2643 2391 958
2667 2337 2726 2401 Β,
2761 2337 2994 2392 Salutem
3037 2337 3160 2408 gula
3199 2336 3441 2408 vendidit.

1860 2406 1923 2478 ll,
1955 2404 2056 2460 977
2089 2407 2154 2475 Α,
2188 2404 2286 2461 Ille
2306 2407 2520 2476 denique
2559 2408 2696 2462 idolo
2723 2409 2898 2478 gulam
2941 2404 3082 2462 suain
3126 2417 3332 2461 mactat.
3366 2407 3407 2462 ll
3431 2451 3446 2476 ,

1859 2477 1954 2549 281
1995 2478 2059 2544 Α,
2094 2478 2160 2532 In
2182 2479 2352 2549 gulam
2382 2477 2737 2544 committunt,
2777 2480 2813 2534 i.
2868 2494 2920 2535 e.
2969 2480 3017 2532 ei
3068 2479 3167 2549 ipsi
3213 2490 3405 2536 uocent
3433 2523 3447 2546 ,

1860 2548 1948 2618 qui
1971 2554 2148 2618 gulam
2187 2548 2343 2604 suam
2383 2549 2621 2604 obruerit
2663 2551 2920 2620 cupediis.
2972 2549 3047 2616 ll,
3091 2548 3204 2605 800
3252 2549 3330 2617 Α,
3385 2550 3450 2604 1ιί

1861 2622 2085 2691 ipsorum
2114 2632 2394 2690 temporum
2425 2622 2634 2691 propria
2663 2622 2804 2691 gula.
2859 2621 3100 2676 Rhenan.
3135 2631 3281 2690 putat
3305 2622 3447 2675 allu-

1899 2711 1989 2748 ere
2019 2681 2531 2746 Tertull'iamnn'ad'
2560 2681 2714 2746 Vedii
2754 2692 3014 2746 Pollionis
3060 2681 3299 2762 gulosam
3341 2707 3446 2746 sm-

1863 2765 2076 2828 vitiam,
2106 2765 2194 2830 qui
2246 2764 2493 2818 damnata
2522 2765 2785 2833 mancipia
2835 2764 3044 2817 vivariis
3092 2779 3448 2817 inuramarum

1863 2836 2248 2903 immergebat,
2279 2850 2382 2888 non
2416 2844 2616 2888 tantum
2646 2843 2703 2888 ut
2753 2843 2920 2888 totum
2955 2835 3223 2888 hominem
3251 2834 3450 2904 pariter

1863 2907 2085 2961 distrahi
2113 2917 2376 2975 spectaret
2403 2948 2418 2972 ,
2443 2905 2582 2976 quod
2617 2905 2817 2960 Plinius
2845 2905 3035 2972 tradit,
3069 2921 3254 2960 verum
3286 2907 3444 2960 etiam

1864 2987 1922 3031 ut
1963 2979 2190 3031 hmnaua
2227 2994 2388 3032 carne
2418 2975 2474 3032 iii
2514 2977 2746 3046 piscibus
2788 2989 3112 3032 vesceretur.
3161 2975 3314 3031 Couf.
3372 2977 3448 3042 ll,

1866 3050 2005 3104 1018
2035 3049 2107 3114 Β,
2153 3065 2232 3119 sq.
2271 3049 2444 3104 Possit
2495 3057 2670 3102 tamen
2719 3049 2878 3102 etiam
2929 3049 2997 3103 de
3045 3050 3161 3118 ipso
3210 3058 3452 3119 tempore

1866 3122 2128 3190 intelligi,
2172 3118 2291 3190 nam
2317 3129 2528 3190 tempus
2556 3121 2692 3174 edax
2745 3135 2941 3174 rerum.
2998 3119 3050 3184 l,
3105 3119 3211 3175 652
3249 3120 3328 3186 tl,
3385 3118 3452 3172 [ξι

1865 3188 2130 3262 gulam‘ad
2159 3188 2294 3262 gula:
2319 3188 2536 3256 crimen,
2570 3191 2602 3244 i.
2633 3207 2681 3244 e.
2709 3191 2772 3244 ad
2795 3192 2932 3260 guhe
2962 3193 3447 3262 intemperantiam.

1868 3261 1906 3317 ΙΙ
1930 3305 1944 3324 ,
1968 3263 2072 3318 965
2094 3261 2170 3327 C,
2205 3261 2484 3316 Verisimile
2519 3279 2616 3314 non
2641 3273 2712 3314 est
2730 3304 2742 3321 .
2781 3272 2831 3313 ut
2860 3263 2970 3330 quis
2995 3261 3260 3314 dimidiant
3279 3262 3453 3332 gulam

165 3331 309 3383 cistis
335 3331 492 3400 igitur
528 3331 746 3401 gradum
783 3328 1073 3401 excedenda
1103 3332 1460 3394 traditionem,
1507 3347 1622 3382 cum
1651 3345 1764 3397 qua:
1789 3337 1833 3398 (ζ
1868 3335 1977 3389 Deo
1997 3336 2222 3388 immolet
2249 3376 2261 3396 ,
2285 3335 2427 3397 aquis
2446 3334 2640 3387 sobrius
2662 3343 2705 3385 et
2736 3333 2858 3386 cibis
2873 3328 3056 3387 ebrius.

166 3417 270 3455 non
291 3413 413 3455 sunt
441 3400 710 3454 constituta
740 3400 908 3455 obitis.
942 3401 982 3465 Ι,
1011 3401 1116 3456 453
1140 3401 1205 3467 Α,
1245 3401 1512 3455 Prorocati
1561 3402 1630 3454 ad
1679 3418 1765 3454 sa-

166 3473 509 3552 criﬁcandum
537 3470 840 3552 obstruimus
853 3475 1075 3552 gradum
1099 3473 1330 3552 perﬁdia:
1365 3473 1472 3552 (alii
1507 3489 1600 3538 pro
1637 3473 1764 3552 ﬁde)

167 3542 492 3597 conscientia:
514 3552 732 3607 nostrae,
765 3541 816 3596 li.
849 3557 899 3595 e.
922 3551 1240 3596 constanter
1269 3541 1582 3597 obsistimus
1608 3585 1622 3608 ,
1669 3545 1766 3597 ob-

168 3616 540 3685 nitimurque,
575 3628 794 3685 .omues
840 3613 1115 3685 introitus
1165 3615 1214 3666 in
1287 3616 1497 3668 animos
1550 3624 1763 3668 nostros

167 3681 525 3740 occludinius.
549 3685 612 3751 ll,
633 3683 702 3738 29
718 3683 794 3756 7A,
831 3681 983 3738 IIunc
1021 3685 1174 3755 igitur
1203 3685 1419 3756 gradum
1447 3686 1764 3755 potissimum

169 3756 510 3823 obstruimus,
553 3758 586 3810 i.
631 3771 681 3812 e.
716 3755 818 3810 hoc
872 3755 1096 3824 primum
1145 3755 1503 3825 opponimus,
1555 3772 1584 3810 a
1630 3771 1761 3809 cnn-

168 3844 359 3897 gressu
393 3840 751 3883 removemus.
780 3827 843 3894 ll,
876 3827 981 3882 218
1010 3826 1054 3880 Α
1073 3867 1089 3894 ,
1125 3826 1230 3881 Sed
1246 3828 1378 3882 alius
1401 3828 1601 3882 libellus
1630 3827 1763 3879 hunc

206 3898 392 3951 radunt
438 3899 700 3953 sustinebit
746 3900 988 3952 adversus
1018 3899 1278 3953 ltwreticos
1299 3939 1314 3964 ,
1357 3899 1392 3951 i.
1423 3913 1472 3952 c.
1507 3898 1761 3964 suscipiet

206 3918 392 3951 raaum
438 3918 700 3953 ιιισιιιιευιι
746 3918 988 3952 adversus
1018 3918 1314 3964 Itwreucos,
1357 3918 1392 3951 Ι.
1423 3918 1472 3952 Co
1507 3918 1758 3964 ευδεῳιυι

169 3918 333 4040 hujus
375 3970 450 4025 rei
480 3969 866 4025 defensionem.
886 3969 927 4023 ll
948 4009 963 4034 ,
994 3967 1098 4023 521
1133 3967 1181 4040 Α
1204 4009 1218 4034 ,
1273 3969 1365 4022 llis
1411 3970 1722 4040 prwlaserun
1743 4008 1758 4032 ,

171 4039 319 4108 quasi
363 4039 428 4094 de
466 4041 628 4111 gradu
679 4041 842 4108 primo
885 4040 1070 4093 adhuc.
1131 4039 1388 4095 Solebant
1438 4039 1762 4111 gladiatores

171 4123 296 4166 ante
328 4110 531 4180 justum
560 4126 680 4164 cum
729 4113 1062 4178 antagonista
1110 4120 1379 4166 certamen
1429 4110 1762 4165 ostentandae

171 4185 304 4236 artis
359 4191 415 4236 et
461 4182 764 4237 oblectandi
817 4195 1147 4252 spectatores
1199 4198 1385 4236 caussa
1443 4181 1756 4251 pra-ludere.

173 4253 270 4307 Est
295 4253 457 4322 igitur
485 4252 619 4307 levia
663 4263 716 4308 et
767 4254 914 4323 quasi
965 4254 1165 4308 ludicra
1213 4253 1405 4310 afferre
1449 4262 1760 4322 argumenta

169 4335 226 4379 et
251 4324 619 4390 imbecilliora,
646 4323 815 4384 initio,
853 4334 1136 4394 antequam
1171 4327 1339 4394 ipsum
1393 4325 1555 4379 robur
1606 4339 1764 4393 argu-

171 4404 478 4450 mentorum
509 4394 872 4466 depromatur.
917 4395 954 4449 ll
976 4437 991 4461 ,
1026 4397 1162 4451 1023
1192 4397 1260 4462 Β,
1295 4396 1400 4450 Sed
1440 4406 1487 4448 et
1534 4396 1583 4447 ia
1612 4395 1762 4466 hunc

162 4470 283 4537 jam
308 4467 526 4536 gradum
562 4464 862 4533 decurram,
897 4469 929 4520 i.
962 4484 1010 4520 e.
1040 4469 1132 4521 sed
1168 4479 1221 4522 et
1265 4467 1330 4520 ad
1365 4467 1523 4534 hujus
1550 4464 1626 4520 rei
1654 4465 1762 4520 dis-

171 4540 518 4607 quisitionem
559 4554 644 4593 me
673 4538 1012 4607 cornparabo.
1038 4538 1076 4592 ll
1099 4581 1113 4606 ,
1143 4539 1247 4593 470
1269 4538 1308 4591 Β
1327 4579 1340 4603 ,
1387 4537 1450 4590 In
1467 4538 1576 4604 ipso
1597 4537 1761 4607 gradu

171 4608 559 4680 provocabimus
599 4610 1013 4678 prtescriptionis.
1047 4609 1085 4663 ll
1112 4651 1126 4676 ,
1154 4610 1255 4664 l59
1286 4610 1360 4674 Λ,
1409 4607 1520 4661 IIoc
1561 4609 1684 4661 mihi
1714 4617 1760 4661 et

171 4684 226 4734 in
276 4681 481 4734 tertium
527 4681 742 4752 gradum
790 4681 979 4732 dictmn
1025 4683 1122 4742 sit,
1165 4682 1196 4735 i.
1244 4699 1293 4734 ιε.
1349 4695 1628 4752 personam
1673 4694 1758 4752 or-

172 4753 304 4807 dine
345 4749 576 4806 tertiam.
614 4751 732 4806 Vn].
767 4753 926 4805 etiam
958 4751 1063 4806 col.
1093 4752 1192 4805 157
1222 4753 1283 4807 C.
1325 4751 1368 4806 ll
1392 4791 1407 4815 ,
1440 4751 1542 4805 164
1586 4752 1654 4815 6,
1693 4749 1759 4804 lit

175 4825 386 4878 tertium
408 4823 623 4894 gradum
659 4822 938 4876 ostenderet
960 4823 1011 4876 in
1033 4825 1369 4892 paracletum.
1420 4822 1496 4889 ll,
1544 4821 1650 4876 455
1694 4823 1760 4889 Β,

175 4895 255 4950 Ea
303 4896 347 4948 si
395 4893 550 4964 regno
598 4894 878 4957 accedunt,
923 4895 1144 4948 secundo
1191 4895 1355 4965 gradu
1423 4893 1767 4959 restituenda,-

173 4969 292 5037 ejus
309 4976 389 5019 est
415 4971 662 5019 secundus
681 4968 870 5036 gradus
889 5006 900 5027 ,
925 4967 1074 5030 cuius
1094 4975 1140 5018 et
1171 4968 1384 5034 primus.

246 5038 505 5094 Caecum
526 5079 541 5102 ,
568 5035 872 5092 Cra-corum
906 5052 1078 5090 mores
1101 5037 1318 5092 imitari.
1354 5036 1416 5101 ll,
1441 5035 1576 5090 1048
1604 5035 1668 5097 Α,
1704 5036 1764 5101 Β,

175 5109 302 5164 Nisi
328 5125 457 5162 aura
502 5109 704 5162 minime
731 5107 1207 5178 grtecatur.Barth.
1245 5110 1297 5161 in
1344 5108 1471 5161 Adv.
1508 5109 1770 5176 interpre-

175 5191 340 5235 tatur:
371 5195 546 5250 graace
572 5180 786 5234 Colitur.

247 5248 561 5308 Gage—cuni
589 5291 602 5315 ,
638 5267 786 5304 more
806 5265 999 5319 grzeco.
1029 5249 1071 5304 ll
1095 5291 1109 5316 ,
1159 5249 1296 5304 1015
1342 5249 1385 5303 Λ
1411 5291 1424 5313 ,
1462 5248 1526 5302 Et
1553 5249 1771 5319 crepidis:

172 5335 458 5394 grwcatum
484 5322 790 5394 {Esculapio
811 5321 1108 5394 adulantur.

247 5396 492 5459 διιεειιι,
518 5393 841 5463 impudentia
870 5393 1180 5447 Graecorum
1214 5391 1766 5463 mendacissimorum.

175 5466 218 5521 ll
239 5509 253 5531 ,
285 5466 419 5520 1037
443 5466 488 5518 Α
507 5507 521 5528 ,
556 5462 756 5518 Ridebis
782 5465 917 5518 illico
945 5466 1212 5517 audaciam
1237 5477 1282 5518 et
1311 5462 1560 5518 erciam
1606 5464 1771 5516 uomi-

176 5541 296 5601 nis;
327 5537 416 5589 alii
444 5536 711 5590 audaciam
733 5536 985 5607 egregiam
1013 5536 1264 5597 nominis;
1303 5536 1401 5607 alii
1433 5533 1618 5607 ⁸(ὶναειςὶ
1654 5537 1770 5606 jam

178 5607 438 5673 nominis;
461 5609 698 5664 Turneb.
722 5605 775 5660 et
793 5609 1009 5678 gratiam
1036 5609 1270 5661 nominis.
1301 5605 1341 5660 Il
1361 5646 1376 5671 ,
1424 5605 1530 5660 972
1559 5607 1599 5660 Β
1621 5649 1634 5670 ,
1658 5605 1772 5660 Ῥω·

181 5679 439 5745 ercias,
492 5694 584 5750 per
640 5680 811 5734 varias
838 5680 1059 5734 Graecia:
1083 5679 1422 5749 provincias,
1476 5679 1528 5732 in
1579 5678 1772 5748 quibus

181 5753 327 5805 varia
359 5751 586 5806 concilia
606 5762 786 5806 coacta
817 5759 961 5807 sunt.

251 5822 444 5878 Casus
465 5864 480 5889 ,
511 5834 634 5890 λήμη
662 5864 676 5886 ,
706 5824 890 5876 vitium
917 5821 1194 5876 oculorum
1219 5864 1233 5887 ,
1279 5831 1343 5877 ut
1359 5819 1546 5877 Festus
1572 5820 1729 5876 docet
1752 5863 1768 5888 ,

179 5896 295 5950 sive
326 5897 511 5965 pituita
539 5896 832 5951 oculorum.
858 5895 922 5962 ll,
953 5894 1058 5952 578
1087 5893 1133 5946 A
1155 5933 1171 5963 ,
1199 5893 1266 5951 Et
1287 5897 1465 5951 limum
1488 5909 1551 5950 ea:
1572 5894 1770 5964 pituitis

177 5977 225 6022 et
256 5966 450 6038 grumis
473 5967 683 6038 saphiaz.

1939 3406 2392 3462 Gvnivosormsn.
2443 3406 2492 3469 l,
2521 3405 2629 3460 490
2657 3405 2696 3457 Β
2720 3446 2734 3469 ,
2768 3403 2944 3469 Neque
2969 3405 3100 3458 enim
3121 3402 3456 3457 Brachmana:

1865 3489 1954 3532 aut
1979 3478 2225 3531 Indorum
2247 3477 2676 3548 gymnosoyhistw
2701 3492 2895 3548 smnus,
2923 3477 3179 3548 sylvicola!
3200 3485 3247 3529 et
3283 3478 3452 3529 exules

1866 3552 1998 3604 viae.
2032 3546 2377 3602 Brachmanae
2401 3546 2702 3616 philosophi
2742 3546 2891 3600 fuere
2934 3546 3221 3612 ludorum,
3261 3550 3348 3616 qui
3403 3557 3454 3600 et

1864 3619 2317 3692 gynmosophista:
2339 3638 2367 3670 ιι
2398 3618 2636 3692 nuditate
2657 3618 2902 3692 corporis
2940 3627 3133 3692 prmter
3158 3631 3248 3670 eas
3277 3627 3454 3692 partes

1865 3688 1997 3762 (liras
2047 3692 2278 3762 occultas
2326 3689 2504 3762 voluit
2555 3699 2778 3762 natura,
2829 3689 2905 3762 sic
2953 3689 3078 3743 dicti
3123 3698 3283 3753 sunt,
3333 3688 3455 3762 lit-rt

1868 3756 2105 3816 nonnulli
2134 3780 2158 3813 ει
2189 3756 2535 3818 Brachmauis
2557 3761 2799 3814 diversos
2831 3759 2992 3814 fuisse
3038 3759 3452 3831 gymnosophis-

1867 3833 1946 3888 tas
1975 3843 2236 3888 asserunt.
2275 3833 2533 3886 Dicuntur
2577 3847 2706 3885 vero
2745 3831 3042 3901 sylvicohe.
3075 3846 3167 3885 seu
3209 3831 3349 3899 quod
3403 3831 3452 3883 Il

1866 3905 2030 3975 sylvis
2087 3907 2360 3975 viverent,
2416 3914 2472 3956 ut
2523 3902 2735 3957 Druidze
2776 3903 2913 3970 apud
2972 3914 3180 3956 veteres
3212 3902 3448 3975 _Gallos,

1865 3973 1967 4046 seu
1989 3974 2128 4046 quod
2155 3975 2314 4027 alicui
2341 3983 2524 4028 essent
2549 3975 2616 4026 ab
2641 3975 3092 4046 iisrrcbuseoque
3114 3973 3284 4046 ‘cultu
3306 4012 3320 4036 ,
3347 3989 3451 4040 quo

1866 4041 1968 4100 vita
2003 4041 2276 4099 hominum
2305 4047 2604 4100 communis
2633 4043 2842 4100 fruitur.
2870 4042 2913 4099 ll
2935 4086 2948 4111 ,
2981 4041 3174 4109 2600,
3204 4041 3453 4097 Indorum

1864 4119 2306 4188 gymnosOphistae.

2625 4251 2672 4307 11

1941 4393 2191 4457 11Αιιειιε,
2242 4401 2325 4447 est
2353 4391 2664 4447 Grzecorum
2693 4397 2843 4457 ἔχειν,
2893 4387 2944 4441 in
2989 4395 3211 4454 utraque
3256 4388 3455 4454 signiti-

1864 4466 2078 4521 catione
2102 4506 2117 4530 ,
2153 4476 2208 4520 ut
2239 4465 2306 4517 sit
2334 4475 2387 4517 et
2417 4479 2562 4529 posse
2589 4473 2640 4516 et
2668 4461 2877 4525 debere,
2902 4477 2951 4514 ν.
3009 4473 3059 4514 c.
3112 4459 3166 4524 Ι,
3208 4459 3315 4515 409
3367 4466 3404 4514 Λ
3439 4505 3452 4522 ,

1871 4536 2091 4600 (labent,
2121 4537 2184 4590 de
2212 4536 2434 4588 incolatu
2460 4535 2620 4599 aeris,
2664 4534 2697 4586 i.
2728 4548 2776 4586 c.
2815 4541 3037 4598 possunt
3072 4531 3358 4585 incolentes
3405 4545 3456 4586 σι

1867 4612 2198 4663 mansionem
2233 4608 2488 4661 habentes
2529 4607 2579 4658 in
2619 4619 2761 4658 aere.
2795 4603 2868 4666 ll,
2903 4602 3007 4657 851
3061 4601 3104 4656 Α
3127 4643 3141 4667 ,
3203 4600 3455 4655 "abemus

1865 4682 2013 4733 etiam
2045 4682 2448 4733 vestimentorum
2478 4679 2529 4728 in
2561 4677 2839 4745 Scripturis
2879 4675 3176 4726 mentionem
3207 4673 3276 4724 ad
3306 4692 3452 4745 spem

1787 4725 1839 4786 D
1870 4753 2037 4804 carnis
2055 4752 2402 4818 allegorizare.
2435 4748 2497 4813 11,
2531 4748 2635 4801 7l0
2658 4725 2722 4812 Ar,
2755 4746 3000 4818 Ca'terum
3029 4746 3207 4818 totiens
3228 4725 3454 4818 naitham

1873 4823 2095 4875 revocari
2141 4813 2346 4885 haberi,
2377 4821 2412 4874 i.
2449 4835 2499 4873 e.
2531 4819 2726 4872 debere
2755 4817 3010 4872 revocari.
3048 4814 3104 4885 ll
3129 4854 3144 4878 ,
3187 4813 3325 4868 1014
3380 4816 3451 4879 Β,

1877 4893 2123 4960 Queis....
2151 4893 2480 4957 habebantur,
2511 4891 2544 4942 i.
2580 4905 2628 4943 c.
2664 4891 2712 4942 in
2734 4884 3242 4960 quilmssedebant.
3276 4885 3450 4940 Latin.

1876 4957 1983 5016 vult
2009 4965 2330 5018 vehebantur.
2368 4962 2442 5025 ll,
2475 4962 2582 5014 206
2616 4961 2684 5025 Β,
2723 4957 2787 5012 Et
2821 4959 2894 5011 sic
2925 4959 3037 5028 jam
3062 4957 3271 5010 habetur
3308 4964 3414 5027 ejus-
3438 4999 3450 5020 ,

1874 5036 2010 5102 quod
2051 5037 2185 5101 licet,
2216 5046 2343 5100 eun,
2381 5038 2410 5087 i.
2462 5049 2511 5086 e.
2545 5048 2667 5086 reus
2711 5039 2792 5085 est
2839 5029 2974 5102 ejus,
3004 5028 3351 5102 _quod_licet,
3400 5045 3454 5081 ut

1876 5097 2046 5162 Crarc.
2075 5097 2256 5176 εχιὲσιι.
2287 5097 2438 5173 ἰννῢχός
2469 5113 2586 5160 s‘m.
2634 5103 2673 5176 Il
2693 5144 2707 5167 ,
2740 5102 2842 5156 564
2872 5099 2916 5154 Α
2941 5139 2955 5163 ,
2993 5097 3128 5150 Dum
3173 5099 3251 5176 ita?
3287 5116 3453 5150 rerum

1878 5179 2057 5243 habet,
2095 5175 2127 5232 i.
2156 5196 2205 5232 e.
2236 5181 2362 5231 dum
2387 5179 2502 5240 ejus
2531 5192 2613 5227 res
2651 5175 2701 5227 in
2732 5188 2797 5226 eo
2826 5183 2950 5225 stitit
2999 5177 3169 5243 statu,
3202 5175 3324 5223 οὕτω
3370 5182 3458 5224 es“

1876 5241 2162 5317 «meum.
2207 5259 2398 5317 εχουσα.
2432 5247 2449 5302 1
2477 5291 2489 5307 ,
2525 5247 2660 5301 1285
2681 5245 2722 5299 Α
2745 5285 2759 5309 ,
2797 5243 2993 5296 Etenim
3031 5241 3122 5294 illa
3153 5252 3269 5294 tunc
3302 5245 3456 5295 caci-

1875 5318 1952 5374 tas
1973 5318 2120 5391 longe
2140 5339 2170 5373 a
2199 5321 2380 5384 finibus
2404 5318 2883 5391 seaculi/iubebatur,

1950 5383 2280 5458 Iliniuth,
2308 5393 2413 5444 ﬁt
2442 5389 2511 5455 Β,
2543 5388 2801 5441 [iaciendo
2841 5384 3078 5458 visibilem
3115 5393 3161 5437 et
3203 5383 3454 5443 habilem.

1877 5464 1913 5518 i.
1941 5480 1990 5519 e.
2018 5465 2245 5519 habilem
2267 5454 2651 5531 perfectionis,
2678 5475 2780 5531 non
2814 5472 2906 5531 per
2927 5454 3421 5531 oniniapertectam
3439 5496 3453 5517 ,

1876 5536 1969 5588 sed
2002 5546 2177 5606 aptam
2215 5525 2526 5606 pel-lectioni
2559 5525 2834 5584 habendae.
2885 5529 2939 5594 l,
2991 5525 3131 5582 1222
3171 5525 3244 5592 Β,
3298 5525 3459 5579 Omne

1877 5605 2070 5675 tempus
2092 5605 2612 5679 habilebaptismo._
2767 5672 2777 5679 _
3019 5671 3050 5679 _
3252 5669 3282 5679 ,,

1954 5669 2206 5734 llsntrus.
2235 5678 2298 5740 ll,
2329 5669 2398 5730 82
2429 5677 2488 5742 tl,
2516 5672 2809 5728 Substantia
2841 5671 2978 5725 tibia
3009 5671 3117 5725 Deo
3147 5669 3337 5742 tradita
3363 5679 3457 5730 est,

1877 5753 2077 5805 habitus
2125 5768 2157 5803 a
2203 5739 2422 5813 seculo,
2473 5739 2509 5802 i.
2555 5760 2606 5800 e.
2650 5743 2956 5799 modusille
3005 5739 3457 5813 habeudihﬂores,

1875 5826 2183 5894 quicunque
2214 5810 2425 5894 tandem
2468 5822 2557 5894 sit,
2592 5833 2619 5894 a
2654 5816 2864 5894 mundo.
2889 5823 2988 5869 est.
3020 5811 3198 5894 l,_§52
3237 5810 3461 5894 B,__Ciri-

1879 5883 2024 5948 tatem
2056 5883 2275 5945 tabernae
2295 5891 2469 5942 habitu
2493 5889 2822 5958 abolefacere,
2854 5887 2885 5939 i.
2914 5901 2963 5941 e.
2988 5887 3194 5940 civilem
3219 5883 3462 5958 ordinem

1879 5967 2274 6034 honestumque
2317 5953 2979 6018 tabernaria'conlusione
3023 5963 3369 6016 commutare.
3419 5953 3456 6014 Ι,
