4184 6496
153 422 276 482 1515
1137 416 1344 474 INDEX
1382 413 1813 476 LATINITATIS
1850 413 2426 474 TERTULLI:\NE1E.
3284 413 3419 471 1511

145 536 360 604 quadam
406 535 538 590 so!is
567 547 670 606 non
702 530 994 606 ordinaria.
1014 531 1135 606 sed
1167 535 1488 604 prodigiosa.
1538 535 1734 606 Vulgus
1762 535 1814 596 Α
1839 534 2298 602 Quemadmodum
2330 535 2378 586 in
2411 530 2696 606 Eleusiniis
2734 528 2829 606 fuit
2856 541 3012 600 any»)
3035 573 3046 590 .
3073 529 3159 596 qui
3191 546 3280 583 rex
3311 542 3428 585 erat

147 607 531 676 astrologorqu
565 605 722 662 hodie
752 614 906 660 vocat
933 605 1267 661 altitudinem
1300 618 1352 660 et
1380 606 1619 662 domum.
1649 604 1661 606 ⁷
1839 621 1932 660 seu
1967 606 2250 674 przefectus
2275 605 2559 676 mysteriis.
2579 604 2873 672 llesychio:
2905 615 3147 676 ,‘s‘zstiebc,
3177 613 3331 672 ἀρχων
3355 629 3427 663 τις

1837 686 2039 739 Imma,“
2065 675 2343 747 μυστηρίωιί
2381 692 2616 747 προνοῶν,
2647 676 2728 727 cui
2756 716 2770 738 ,
2817 683 2872 727 ttt
2914 675 3167 739 subjecti,
3205 677 3429 747 unperto

1870 721 1955 818 ju‘s
1979 718 2445 819 adjiingellianturf
2473 755 2514 799 οἱ
2539 718 2820 819 ini/1517.72:
2842 754 2896 800 et
2929 718 3293 819 itpdthol’,_de.
3313 747 3435 815 qui-

1839 815 1938 874 bus
1962 815 2166 882 Pollux,
2200 819 2345 882 Vlll,
2385 820 2448 881 8,
2478 819 2512 871 5
2554 830 2605 871 et
2649 818 2737 869 Elii.
2771 817 2832 870 Et
2871 817 3124 882 prteclare
3171 815 3433 873 Meursius

1841 891 1891 944 in
1944 891 2214 944 Eleusiniis
2244 931 2258 953 ,
2322 907 2442 958 rap.
2482 890 2548 944 15
2582 907 2593 942 :
2633 907 2649 936 ι
2688 888 2759 941 Ita
2787 889 2947 942 etiam
2987 886 3075 940 hic
3114 887 3166 940 in
3201 885 3434 958 Cybeles

1840 963 2138 1016 ministerio
2167 961 2287 1015 talis
2332 960 2608 1015 Gallorum
2652 975 2742 1012 rex
2771 974 2865 1013 seu
2894 958 3228 1028 Archigallus
3258 958 3434 1012 innui-

1841 1041 1956 1099 tur,
1998 1035 2087 1103 qui
2132 1046 2258 1086 suos
2285 1031 2478 1086 habeat
2503 1030 2832 1103 sacriliculos
2861 1038 2915 1103 et
2957 1031 3191 1084 minores
3217 1028 3432 1094 Gallos,

1839 1101 2034 1174 quibus
2079 1103 2258 1158 itidem
2310 1102 2651 1171 imperaverit
2697 1111 2816 1155 rota
2863 1101 3039 1156 lacere
3066 1141 3081 1168 ,
3115 1112 3167 1156 et
3210 1103 3437 1155 lacertos

1838 1173 2023 1230 Secare
2057 1189 2152 1244 pro
2183 1173 2385 1229 Aurelii
2421 1175 2611 1227 salute.

1913 1246 2199 1302 IIPERT-IGO
2220 1288 2234 1306 .
2265 1256 2349 1299 est
2375 1244 2588 1302 lmdatio
2614 1244 2750 1299 cutis
2774 1283 2789 1309 ,
2813 1257 3036 1315 serpens
3057 1257 3176 1298 cum
3207 1244 3436 1315 pruritu.

1841 1316 1906 1379 11.
1945 1317 2082 1372 1018
2113 1321 2176 1382 Α,
2213 1315 2386 1370 Nullis
2414 1316 2625 1369 rctcrnis
2667 1332 2818 1383 parco
2844 1356 2858 1376 .
2900 1313 3029 1368 nulli
3069 1313 3398 1384 impertigini.

1913 1389 2216 1444 IIPINGBBE.
2260 1387 2314 1450 I,
2341 1386 2450 1442 280
2505 1387 2578 1451 Β,
2607 1385 2841 1440 (Ῑωεὶιαιε
2887 1386 2990 1439 odii
3040 1387 3091 1439 in
3137 1385 3442 1454 stt/fragium

1841 1461 2161 1532 impingunt,
2192 1460 2246 1532 7i.
2293 1476 2342 1513 e.
2392 1460 2704 1532 c:eco_odi(_)
2755 1456 2970 1532 laudant
3012 1457 3164 1532 quasi
3190 1457 3443 1532 sull‘ragio

1843 1528 2159 1600 prohiiatem
2188 1531 2444 1600 ipsorum.
2479 1530 2517 1595 1,
2541 1530 2640 1585 661
2673 1529 2744 1596 Β,
2768 1529 2826 1585 Si
2855 1528 3056 1584 oculum
3081 1530 3193 1600 quis
3219 1531 3442 1600 impege-

1843 1604 1906 1655 rit
1949 1602 2232 1656 libidinose.

1913 1673 2208 1736 IIWNBBE,
2258 1671 2530 1736 condere,
2573 1682 2868 1728 exstruere.
2919 1671 2997 1740 ll,
3034 1670 3161 1728 1051
3212 1671 3294 1739 Α,
3347 1672 3448 1728 Ubi

1843 1745 2025 1798 moenia
2055 1742 2291 1798 Statilius
2311 1742 2512 1797 Taurus
2541 1744 2800 1815 imposuit.

1914 1816 2240 1870 Iunonum.
2271 1815 2325 1879 1,
2352 1816 2491 1871 1518
2517 1815 2593 1881 Α,
2625 1815 2761 1883 Quid
2801 1816 2949 1870 alteri
2978 1816 3439 1888 concupiscentiam

1846 1889 1912 1942 im
1921 1898 2198 1953 portamus.

1917 1960 2328 2015 luron'l'ttttt'ns.
2353 1957 2396 2013 11
2419 1998 2435 2025 ,
2477 1959 2582 2015 927
2607 1957 2648 2015 C
2673 2001 2688 2025 ,
2739 1959 3110 2030 [inportunitas
3140 1961 3435 2017 liberorum.

1846 2032 1967 2088 Jun.
1997 2033 2377 2103 interpretatur
2404 2037 2470 2086 de
2499 2032 2646 2102 prole
2671 2033 2932 2102 capitibus
2961 2033 3141 2089 liberis
3183 2033 3441 2103 importu-

1850 2121 1916 2159 ne
1949 2105 2226 2171 impcrata.
2259 2102 2374 2157 Non
2407 2105 2598 2172 placet.
2633 2103 3014 2172 lrnportunitas
3043 2115 3120 2159 est
3149 2145 3163 2170 ,
3195 2102 3314 2173 qna:
3339 2121 3443 2162 nec

1853 2176 2107 2246 temporis
2153 2189 2251 2230 nec
2273 2173 2375 2229 loci
2421 2174 2579 2246 habet.
2623 2174 3078 2246 commoditatem.
3130 2176 3450 2246 Importuni-

1855 2245 2015 2302 tatem
2073 2246 2360 2300 liberorum
2413 2245 2550 2298 dixit
2598 2287 2611 2309 ,
2667 2245 3168 2317 qttodgparentibus
3219 2249 3448 2317 majores

209 817 314 874 lto.
350 817 413 882 11,
445 818 551 874 505
594 817 660 884 Α,
711 815 778 872 Ut
824 820 973 872 etiam
1003 818 1350 872 inclamarerit
1394 819 1446 872 in
1471 834 1584 872 eam
1614 816 1728 872 lao.

147 889 232 943 Est
276 892 630 944 exrlamantis
684 898 742 946 et
785 889 1176 944 exclamatione
1221 892 1462 945 sistentis
1511 900 1566 943 et
1610 890 1736 943 lior-

147 964 299 1015 lautis
361 960 644 1028 desistere,
705 970 864 1027 prout
920 961 1211 1016 ostendunt
1273 971 1562 1031 sequentes
1627 959 1734 1013 l‘or-

146 1033 323 1097 malm,
391 1048 614 1102 quarum
679 1031 856 1102 priore
917 1033 1187 1098 Quirites,
1255 1031 1554 1102 posteriore
1617 1031 1737 1085 Cte-

147 1117 228 1157 sar
284 1104 678 1172 appellabatur,
730 1113 788 1156 ut
837 1118 1023 1158 eorum
1090 1105 1371 1172 majestate
1427 1113 1482 1157 et
1547 1114 1736 1156 aucto-

147 1175 297 1229 ritate
339 1189 580 1244 praesens
619 1174 850 1243 impetus
886 1175 1183 1228 sisteretur.
1229 1174 1388 1240 lbid.,
1436 1173 1566 1228 Inde
1600 1174 1737 1228 inve-

146 1247 276 1298 nitur
301 1245 394 1298 lao
422 1248 472 1298 in
491 1245 776 1314 scripturis,
817 1261 1011 1315 nempe
1039 1245 1433 1300 bscreticorum.

236 1317 409 1371 ICTcs.
474 1315 562 1382 ll,
630 1317 725 1370 151
794 1315 884 1380 Α,
950 1315 1016 1370 In
1077 1315 1235 1370 alium
1297 1318 1452 1370 ictum
1509 1315 1738 1370 (attside-

145 1405 307 1442 remus
361 1388 427 1459 d_e
479 1389 748 1459 voluntatis
783 1388 1044 1459 qualitate
1075 1429 1088 1451 ,
1120 1403 1148 1440 a
1177 1387 1738 1459 gladiatoribus_sum-

146 1469 306 1528 ptum.
371 1457 567 1525 Cicer.,
609 1458 628 1512 1
679 1457 862 1525 Catil.,
925 1459 1057 1525 Quot
1127 1457 1218 1530 ego
1273 1469 1386 1513 tuas
1439 1457 1733 1528 petitiones,

147 1533 212 1582 ita
257 1531 538 1600 conjectas,
592 1540 645 1582 nt
688 1530 834 1584 vitari
880 1546 1026 1598 posse
1069 1546 1171 1584 non
1225 1531 1532 1600 viderentur,
1583 1544 1740 1600 parva

144 1598 367 1670 quadam
415 1601 772 1667 declinatione,
814 1611 880 1665 et,
911 1613 966 1654 ut
1002 1601 1166 1664 aiunt,
1197 1617 1410 1669 corpore
1447 1599 1622 1670 effugi.
1670 1598 1741 1654 Ut

145 1675 210 1726 sit
240 1691 254 1726 :
299 1687 408 1727 uno
425 1681 740 1740 argumento
768 1671 1017 1739 refutato,
1051 1672 1186 1727 alius
1215 1672 1627 1726 inlirmationem
1657 1671 1740 1724 in-

147 1745 360 1812 quirere
404 1754 458 1798 et
507 1743 773 1799 rationem
835 1758 1019 1800 secum
1082 1743 1218 1798 inire
1273 1759 1374 1814 qua
1433 1741 1739 1813 improbari

165 1827 306 1870 NlSSII
319 1858 332 1868 .

148 1833 454 1942 "nitidius.
483 1884 553 1951 11,
584 1885 688 1958 161
717 1887 755 1941 Α
776 1927 791 1954 ,
826 1885 966 1958 diale
985 1886 1386 1958 accepitiidiotes
1410 1886 1623 1958 quisque
1647 1893 1738 1958 aut

149 1931 1740 2029 ρριῖιῖἐῖεὐῖὶιᾶϊάῖἕιῐιιὶἱ.’ιῖξῖδῖῐῢῖ’ἶς’ῶῖιῖἓρῖ”ὲῆἷιῖιίιῖἇξ
1766 1931 1817 1995 Β

148 2046 240 2097 que
266 2073 281 2094 ,
344 2046 405 2083 ne
453 2029 670 2083 dixerim
710 2030 1054 2100 imprudentes
1091 2038 1136 2083 et
1166 2029 1368 2095 idiotw,
1415 2045 1528 2098 qua:
1577 2029 1743 2098 major

146 2117 347 2169 semper
374 2102 680 2154 credentium
723 2117 842 2171 pars
871 2111 962 2154 est.
996 2102 1036 2155 11
1058 2143 1071 2165 ,
1111 2100 1251 2156 1012
1283 2102 1354 2162 D.
1387 2101 1494 2156 Sed
1542 2109 1613 2154 est
1651 2101 1745 2171 hoc

146 2172 378 2226 solemne
402 2173 646 2240 perversis
671 2169 731 2226 εί
746 2173 916 2226 idiotis
937 2172 1208 2226 litercticis.
1236 2172 1428 2242 Rigalt.
1456 2172 1585 2242 legit
1608 2169 1744 2224 idioo

149 2243 209 2296 tis
251 2253 298 2298 et
346 2243 612 2297 hiereticis.

220 2314 482 2378 looaws,
539 2325 620 2369 est
672 2329 832 2386 grmc.
885 2318 1053 2376 ἱκανός.
1089 2313 1165 2381 11,
1203 2314 1308 2370 809
1357 2314 1438 2381 C,
1472 2312 1536 2368 Et
1579 2313 1751 2382 utique

152 2387 363 2440 idoneus
389 2397 461 2440 est
509 2387 711 2457 reﬁcere
730 2428 744 2452 ,
777 2388 864 2457 qui
895 2391 1030 2457 fecit.
1084 2386 1159 2451 11,
1189 2388 1290 2442 507
1320 2387 1362 2441 Β
1383 2428 1396 2450 ,
1447 2386 1754 2457 Quanquam

153 2459 396 2509 habemus
445 2457 611 2525 ipsum
633 2455 798 2510 Deum
823 2455 1058 2512 idoneum
1103 2459 1510 2526 pollicitatorem.
1541 2457 1580 2510 Il
1605 2455 1620 2521 ,
1646 2455 1747 2511 991

154 2534 193 2582 Α
213 2570 227 2588 ,
261 2528 504 2598 Etjacta:
530 2526 731 2598 sortes(
762 2529 960 2583 rectius
981 2571 996 2593 ,
1029 2529 1168 2598 quod
1201 2531 1324 2582 vidit
1349 2530 1459 2598 jam
1493 2529 1716 2582 Ursinus
1736 2567 1750 2589 ,

155 2598 372 2664 sordes)
409 2615 508 2652 non
531 2598 668 2652 ablui
712 2599 936 2664 idoneaz;
970 2601 1076 2653 vid.
1127 2601 1355 2654 Senties.
1387 2600 1426 2652 Il
1447 2642 1460 2662 ,
1492 2599 1628 2652 1050
1670 2600 1709 2649 Λ
1738 2639 1752 2661 ,

158 2671 288 2734 Qum
315 2687 407 2738 per
456 2686 620 2724 aerem
661 2669 902 2739 liquanda
940 2686 1246 2725 aranearum
1299 2672 1593 2739 Itoroscopis
1641 2669 1754 2721 ido-

157 2759 282 2795 nens
305 2742 447 2794 sedes
475 2740 649 2794 tendit.

229 2811 620 2884 lentescens.
652 2809 725 2877 11,
755 2811 860 2884 724
887 2813 926 2867 Α
951 2853 968 2876 ,
1004 2812 1117 2867 Nec
1145 2814 1418 2884 ignavescit
1459 2813 1684 2866 omnino.

230 2882 448 2940 lessus.
484 2884 559 2949 11,
602 2884 670 2938 19
699 2885 770 2951 Β,
805 2883 994 2954 Igneus
1038 2882 1198 2948 deus,
1225 2887 1259 2939 i.
1303 2900 1352 2939 e.
1400 2885 1534 2954 ignis
1556 2924 1571 2948 ,
1603 2897 1762 2954 quem

160 2955 468 3010 Heraclitus
496 2954 762 3023 Ephesius
790 2953 1015 3011 faciebat
1054 2956 1244 3019 demn,
1276 2969 1365 3011 aut
1395 2953 1542 3010 certe
1567 2953 1764 3024 princi-

157 3029 308 3100 pium
353 3027 612 3100 omnium:

235 3101 404 3155 lcms.
436 3097 510 3162 11,
543 3098 610 3153 15
651 3098 726 3162 Β,
771 3098 989 3169 Majoris
1028 3098 1159 3168 ignis
1196 3099 1429 3152 ardorem
1459 3099 1764 3169 inferentes,

164 3173 200 3226 i.
233 3188 288 3226 c.
319 3171 510 3236 divini,
531 3185 689 3239 supra
717 3167 874 3242 quam
897 3167 1111 3223 humani
1143 3180 1236 3224 aut
1265 3170 1416 3224 istius
1444 3167 1647 3242 mundi.
1669 3167 1725 3242 _l!
1748 3205 1764 3230 ,

160 3244 227 3296 27
264 3242 312 3296 Α
334 3283 347 3303 ,
399 3241 478 3294 Ad
511 3239 752 3312 profanos
778 3242 1080 3306 iudicandos
1117 3243 1223 3310 igni
1252 3252 1517 3311 perpetuo.
1548 3239 1589 3294 11
1612 3280 1626 3303 ,
1658 3240 1768 3312 276

1854 2319 2183 2372 calamitates
2235 2317 2489 2386 pluraque
2543 2315 2878 2371 incommoda
2930 2329 3112 2372 essent
3168 2315 3446 2375 subeunda

1855 2393 1924 2443 ob
1955 2389 2171 2462 liberos.
2216 2387 2288 2452 11,
2325 2387 2432 2444 105
2459 2389 2500 2441 Α
2527 2428 2543 2455 ,
2574 2403 2669 2458 pro
2697 2387 2816 2462 loco
2842 2402 2902 2442 ac
2929 2396 3202 2459 tempore,
3233 2405 3296 2447 ac
3323 2407 3455 2462 qua-

1858 2461 2098 2515 rumdam
2143 2473 2489 2528 personarum
2521 2460 2949 2529 importunitate.

1930 2529 2540 2595 luromuuusﬁervius,
2573 2530 2638 2584 ad
2673 2531 2852 2600 Virgil.
2879 2571 2892 2592 .
2924 2530 3049 2588 Ain.
3079 2531 3184 2602 XI,
3227 2550 3278 2588 ν.
3314 2534 3452 2600 505,

1860 2603 2207 2672 importunum
2235 2603 2499 2670 explicat,
2529 2602 2615 2655 ubi
2647 2601 3138 2674 nullnmgrel'ugiunt
3169 2601 3282 2669 CSI,
3310 2607 3454 2674 quod

1861 2683 2012 2728 caret
2055 2683 2241 2748 portu,
2276 2674 2325 2748 id
2353 2682 2437 2728 est
2462 2674 2657 2748 quiete.
2691 2672 2708 2726 1
2733 2713 2748 2739 ,
2782 2672 2886 2748 488
2913 2672 2958 2728 Α
2982 2672 3020 2748 ,_
3043 2675 3139 2748 vos
3172 2672 3337 2748 igitur
3357 2679 3455 2728 iiii-

1863 2748 2069 2812 portuni
2101 2744 2246 2799 rebus
2271 2745 2536 2806 Immanis,
2569 2743 2602 2796 i.
2650 2759 2700 2798 e.
2727 2744 3055 2809 calamitosi,
3085 2743 3407 2802 incommodi
3436 2789 3454 2814 ,

1866 2824 2086 2887 propter
2124 2831 2260 2885 quos
2308 2831 2436 2884 pace
2489 2814 2696 2883 publica
2732 2814 2884 2887 orbis
2915 2827 3078 2870 caret.
3110 2817 3187 2880 11,
3223 2821 3326 2874 155
3369 2821 3409 2874 Α
3435 2859 3453 2886 ,

1867 2885 1942 2941 ΑΙ)
1974 2885 2096 2962 ίμηα
2141 2887 2457 2962 solummodo
2503 2885 2772 2962 arbuscula
2812 2896 3109 2955 temperaret
3155 2906 3306 2960 quam
3351 2891 3462 2962 ipse

1867 2959 2091 3011 medicus
2134 2959 2476 3029 importunam
2499 2957 2715 3029 interim
2751 2969 2918 3013 norat.

1940 3027 2289 3102 lurnesse._ll
2316 3068 2345 3102 ,ν
2363 3029 2469 3102 552
2497 3028 2584 3102 B,_
2596 3027 2761 3102 Quam
2798 3041 2902 3102 tam
2923 3031 3163 3097 impresse
3187 3032 3462 3102 Apostolus

1869 3101 2165 3174 demandat.
2216 3099 2266 3166 1,
2299 3099 2402 3156 577
2434 3099 2503 3164 Β,
2547 3099 2654 3155 Sed
2689 3115 2788 3170 quo
2818 3099 3016 3170 plenius
3057 3113 3103 3155 et
3134 3099 3459 3174 imp'ressius,

1871 3172 1908 3226 i.
1939 3188 1988 3226 e.
2030 3173 2196 3241 magis
2233 3174 2395 3226 clare.

1947 3243 2266 3314 lupatuene.
2299 3241 2637 3314 promulgare
2679 3241 2793 3312 lege
2848 3241 2952 3297 lata
2983 3243 3035 3297 in
3075 3243 3302 3314 imperio
3339 3263 3458 3302 suo.

160 3314 232 3375 C,
261 3314 358 3366 Cui
392 3309 559 3367 nullus
588 3309 720 3384 ignis
741 3314 970 3383 coquitur
997 3313 1048 3366 in
1084 3309 1381 3384 gemma
1405 3353 1421 3378 ,
1476 3313 1618 3367 1284
1663 3309 1756 3384 ΛΑ.
1785 3317 1832 3381 C
1863 3315 1915 3377 1,
1943 3315 2048 3370 207
2085 3314 2128 3368 Α
2148 3353 2164 3379 ,
2211 3309 2401 3368 Nullus
2458 3309 2610 3367 Verus
2639 3309 2890 3380 impressit
2914 3355 2930 3380 ,
2970 3329 2998 3367 a
3026 3331 3086 3371 re
3114 3309 3325 3373 militari
3366 3320 3466 3376 de-

166 3386 352 3439 lioma:
394 3381 630 3452 quidem,
661 3401 774 3454 qua:
802 3381 942 3456 ignis
970 3381 1108 3456 illius
1147 3384 1548 3456 inextinguibilis
1577 3381 1760 3452 imagi-

164 3473 286 3510 nem
313 3467 563 3521 tractant,
591 3467 674 3512 est
702 3455 1030 3526 periphrasis
1057 3454 1372 3526 Vestalium.

178 3605 187 3615 .
240 3529 618 3583 lcsoscanrts.
668 3523 721 3590 1,
756 3526 886 3582 1211
926 3525 998 3591 Β,
1047 3525 1234 3580 Clausa
1288 3527 1402 3580 licet
1444 3523 1768 3596 ignoscenda:

158 3617 352 3670 janua.

1868 3395 2136 3455 sumptum
2159 3425 2174 3450 ,
2208 3386 2293 3440 ubi
2327 3385 2732 3454 impressionem
2763 3385 2940 3442 facere
2972 3385 3223 3442 dicuntur
3266 3390 3464 3445 cohor-

1870 3466 1982 3583 t’es,
2024 3471 2144 3511 cum
2178 3458 2231 3511 in
2276 3457 2506 3511 hostium
2547 3458 2717 3512 aciem
2745 3457 3050 3524 incursant,
3099 3474 3325 3532 eamque
3355 3473 3467 3516 tur-

1907 3540 2017 3582 am.

1907 3544 2017 3582 8111.

1945 3600 2376 3673 lurnovmtzx'rta,
2425 3600 2499 3668 11,
2539 3598 2644 3656 469
2682 3599 2764 3666 Α,
2819 3601 2979 3666 Quasi
3027 3601 3468 3673 improvidcntiam

1872 3672 2121 3726 existimo.

1946 3744 2288 3798 lurenemts.
2317 3743 2360 3797 11
2383 3783 2396 3808 ,
2427 3741 2535 3798 412
2561 3742 2634 3809 Β,
2665 3742 2766 3797 Pro
2796 3742 3114 3813 impudentia
3158 3747 3468 3804 idololatria:

1876 3817 1999 3871 satis
2042 3814 2144 3868 Deo
2193 3818 2379 3886 faceret
2423 3831 2510 3883 per
2549 3815 2918 3883 impudentiam
2965 3817 3107 3886 fidei.
3149 3817 3471 3877 Idololatrix

1876 3885 2203 3959 impudentia
2231 3887 2325 3959 luit
2351 3926 2366 3950 ,
2394 3902 2514 3941 cum
2533 3957 2541 3959 Α
2559 3902 2664 3959 non
2704 3886 2888 3954 puduit
2916 3885 3141 3943 adorare
3181 3889 3386 3959 lapides
3415 3901 3473 3946 et

1876 3957 2049 4030 ligna;
2090 3955 2419 4026 impudentia
2478 3957 2629 4030 lidei,
2665 3973 2787 4012 cum
2834 3959 3051 4014 minime
3091 3955 3254 4030 pudet
3302 3961 3468 4017 Deum

1877 4028 2097 4084 credere
2129 4036 2308 4083 natum
2338 4038 2392 4083 et
2419 4029 2757 4084 cruciﬁxum.

1949 4121 2297 4180 lurvmcnu.
2324 4123 2384 4189 1,
2411 4121 2514 4178 507
2538 4121 2614 4187 Α,
2651 4121 2744 4176 Dei
2773 4119 2942 4175 Filius
2983 4123 3179 4177 nullam
3206 4125 3270 4179 de
3296 4126 3475 4188 impie-

1880 4193 2054 4248 dicitia
2102 4196 2246 4248 habet
2296 4205 2526 4247 matrem.
2576 4193 2812 4264 Rigalt.,
2859 4192 3105 4250 llhenan.
3153 4207 3207 4248 et
3245 4197 3474 4254 llavcrc.

1883 4265 2066 4336 legunt
2122 4268 2185 4318 de
2229 4265 2494 4336 pudicitia.
2544 4263 2612 4319 Ut
2639 4263 2832 4321 Sensus
2881 4265 2976 4318 sit:
3023 4268 3112 4320 Dei
3165 4266 3332 4323 Filius
3363 4283 3466 4324 non

1883 4346 2086 4391 tantmn
2112 4351 2180 4391 ex
2204 4337 2413 4406 impuro
2435 4344 2489 4390 et
2518 4336 2700 4391 illicito
2725 4336 3010 4392 concubitu
3038 4351 3144 4391 non
3171 4349 3250 4393 cst
3274 4350 3428 4394 natus
3448 4379 3464 4404 ,

1883 4407 2079 4464 sedne
2129 4407 2342 4478 quidem
2368 4423 2436 4464 ex
2465 4423 2597 4477 puro
2651 4408 2904 4479 licitoquc
2963 4409 3303 4465 matrimonio
3349 4426 3472 4465 sns-

1883 4490 2092 4549 ceptus.

1957 4573 2031 4627 ΙΝ.
2061 4572 2133 4629 11,
2167 4573 2300 4628 1051
2338 4572 2416 4638 Α,
2451 4571 2514 4625 In
2557 4572 2730 4643 fibula:
2759 4588 2929 4626 morsu
2954 4613 2968 4638 ,
3001 4572 3036 4626 i.
3071 4588 3119 4626 e.
3153 4588 3249 4643 per
3290 4573 3472 4630 fibula:

1887 4659 2142 4698 morsum.
2190 4645 2262 4709 ll,
2297 4645 2401 4700 125
2429 4645 2507 4708 Α,
2537 4644 2601 4697 1η
2629 4653 2862 4705 ventum,
2895 4644 2931 4696 i.
2957 4659 3006 4698 e.
3038 4654 3197 4698 vento
3225 4644 3466 4712 ferente,

1806 4712 1861 4774 D
1887 4727 2044 4768 vento
2083 4718 2348 4781 secundo,
2394 4727 2549 4784 prout
2586 4716 2795 4768 occasio
2841 4715 3074 4780 dederit,
3106 4719 3353 4771 suaserit.
3388 4717 3428 4770 ll
3450 4756 3468 4782 ,

1889 4788 1992 4841 681
2019 4789 2082 4852 Α,
2100 4787 2157 4841 Si
2187 4789 2238 4839 in
2265 4788 2515 4841 Creatoris
2542 4787 2822 4854 accipitur;
2851 4787 3072 4839 suband.
3106 4788 3482 4856 interpretatio-

1892 4875 2024 4922 nem,
2050 4871 2102 4912 ut
2126 4859 2193 4913 de
2216 4859 2472 4913 Creatore
2501 4857 2746 4912 videlicet
2777 4857 3117 4925 intelligatur.
3154 4858 3194 4922 l,
3237 4859 3377 4913 1202
3404 4859 3475 4924 Α,

1892 4929 2018 4982 Cum
2045 4947 2133 4999 per
2156 4930 2289 4983 viam
2330 4931 2384 4983 in
2423 4945 2584 4982 mores
2621 4928 2890 4981 bestiarum
2932 4929 3323 4993 latrocinantur,
3357 4931 3390 4982 i.
3420 4947 3470 4984 e.

1897 5002 1950 5054 in
1978 5017 2180 5054 morem
2210 5001 2533 5066 bestiarum,
2560 5014 2720 5070 more
2750 4999 3060 5052 bestiarum.
3095 5000 3198 5053 l’ro
3232 5002 3484 5070 perviam,

1897 5071 2088 5140 Rigalt.
2123 5073 2249 5143 legit
2271 5089 2356 5140 per
2387 5072 2538 5126 invia.
2560 5072 2648 5126 Sic
2672 5069 2764 5143 lib.
2778 5072 2840 5122 de
2871 5072 3050 5122 Anima
3080 5085 3098 5122 :
3132 5071 3264 5137 Quid
3293 5082 3337 5124 et
3368 5074 3486 5143 ipsis

1895 5143 2064 5195 bestiis
2086 5141 2319 5212 objecerit
2339 5160 2424 5198 eos
2443 5159 2568 5208 quos
2594 5143 2646 5194 in
2672 5141 2826 5210 sylvis
2853 5153 2896 5194 et
2922 5143 3044 5194 ariis
3067 5141 3411 5197 trucidaverit.

1969 5213 2343 5269 lsaccusnus.
2378 5213 2420 5276 1,
2443 5213 2548 5268 520
2575 5213 2640 5276 Α,
2676 5213 2989 5265 luaccusatis
3019 5223 3065 5266 et
3095 5215 3377 5281 impunitis.

1970 5285 2327 5340 Immensae.
2359 5285 2432 5347 11,
2475 5285 2581 5340 895
2625 5284 2696 5347 (2,
2748 5283 2913 5351 Igitur
2954 5301 3080 5352 quas
3137 5301 3235 5337 non
3279 5286 3487 5347 divisit.

1901 5357 2116 5410 tacendo
2157 5358 2462 5410 inalteravit.
2499 5356 2572 5409 lla
2619 5356 2896 5424 legendum
2949 5371 3041 5422 pro
3067 5356 3119 5408 in
3145 5357 3305 5408 altera
3352 5357 3490 5410 iniit.

1901 5429 2246 5494 lnalterarit,
2297 5427 2485 5482 indidit
2533 5426 2714 5490 alteri,
2775 5425 3077 5495 conjunxit,
3127 5427 3400 5488 confudit.
3434 5435 3496 5480 ut

1900 5504 2010 5569 jam
2041 5499 2196 5553 ambo
2223 5514 2328 5553 una
2358 5499 2465 5553 sint
2489 5538 2502 5561 ,
2535 5513 2599 5552 ac
2637 5511 2756 5552 sese
2785 5506 2968 5550 mutuo
3014 5499 3341 5552 contineant.
3376 5497 3496 5568 lpse

1907 5573 2063 5640 paulo
2085 5580 2204 5640 post
2229 5589 2241 5625 :
2275 5570 2319 5622 Α
2339 5569 2548 5624 muliere
2571 5584 2671 5623 non
2703 5569 2976 5638 separavit,
3004 5578 3052 5622 ct
3082 5584 3182 5622 non
3204 5585 3418 5639 separan
3430 5570 3493 5622 do

1906 5644 2169 5708 conjunxit
2190 5643 2267 5708 ei,
2298 5661 2330 5694 a
2358 5658 2457 5709 qua
2490 5657 2591 5694 non
2615 5640 2888 5708 separavit.

1981 5735 2284 5789 INANIMALIA
2313 5776 2326 5798 ,
2355 5732 2641 5787 inanimata
2663 5774 2678 5797 ,
2711 5748 2829 5803 qum
2859 5747 2886 5785 a
2913 5733 3215 5803 semetipsis
3246 5749 3349 5789 non
3381 5749 3499 5789 mo-

1910 5818 2119 5860 ventur.
2152 5805 2191 5858 11
2210 5847 2222 5869 ,
2251 5805 2359 5860 230
2387 5805 2427 5858 C
2449 5845 2462 5867 ,
2491 5804 2600 5859 250
2629 5805 2669 5858 C
2695 5847 2708 5867 ,
2741 5803 3055 5857 Inanimalia
3085 5815 3130 5858 et
3157 5807 3501 5875 incorporalia

1913 5878 2087 5931 laudes
2129 5889 2349 5941 canunt;
2391 5877 2578 5930 alludit
2617 5875 2683 5929 ad
2719 5876 2974 5946 hymnum
3021 5877 3179 5930 trium
3213 5893 3500 5946 puerorum

1917 5952 2046 6006 Dan.
2087 5948 2146 6003 lll
2172 5990 2184 6017 ,
2213 5949 2362 6019 juxta
2395 5947 2683 6007 editionem
2713 5946 3096 6006 Theodotionis
3127 5965 3143 6007 :
3175 5964 3298 6005 nam
3321 5949 3373 6005 in
3405 5947 3500 6004 bc-

245 3672 432 3725 Ituax.
479 3668 529 3735 1,
586 3670 722 3726 1214
751 3671 826 3735 Α,
860 3669 1298 3726 (.‘onversationem
1323 3670 1595 3739 injungens
1620 3668 1771 3721 mise-

172 3743 415 3796 rimrdiw
454 3741 670 3807 illicem,
713 3743 747 3796 i.
790 3760 838 3796 (ι.
883 3743 1248 3807 inductorem,
1281 3741 1349 3795 ab
1379 3741 1664 3794 illiciendo.
1716 3739 1768 3805 1,

176 3814 285 3870 488
310 3815 355 3868 Α
373 3855 387 3878 ,
429 3810 528 3867 Vos
557 3815 808 3867 malorum
839 3815 996 3866 illices
1019 3829 1234 3880 semper.

252 3886 513 3940 ILLIBEBIS
535 3927 550 3950 ,
599 3886 689 3956 qui
729 3896 811 3938 est
836 3886 950 3938 sine
997 3879 1178 3940 liberis
1205 3927 1220 3952 ,
1249 3895 1416 3946 ἅπαις.
1449 3883 1490 3938 11
1513 3925 1527 3948 ,
1558 3883 1666 3939 445
1693 3879 1768 3949 C,

184 3957 356 4024 Quam
387 3959 427 4008 si
470 3956 627 4026 frater
666 3957 872 4009 illiberis
903 3957 1185 4010 decesserit.

262 4029 531 4083 leunsnn.
589 4028 670 4096 ll,
724 4028 827 4083 126
878 4026 960 4092 Β,
1012 4026 1209 4080 Ibidem
1249 4029 1448 4096 scorpio
1499 4042 1592 4096 pro
1637 4025 1776 4078 solea

183 4104 460 4153 anathema
489 4093 692 4164 illidito,
719 4109 801 4156 cst
825 4100 963 4155 idem
996 4099 1135 4168 quod
1167 4115 1324 4169 supra
1351 4093 1577 4164 dixerat,
1601 4110 1778 4168 urgere

185 4172 360 4227 bestia:
398 4171 604 4225 calcem.

259 4244 606 4298 ILLUIISARE.
638 4243 712 4308 11,
753 4243 860 4300 586
891 4244 934 4298 Α
960 4285 975 4309 ,
1006 4242 1142 4296 Dum
1187 4258 1395 4307 operum
1439 4240 1778 4308 differentiam

181 4316 464 4368 illuminat.
493 4315 569 4378 11,
599 4314 700 4369 817
741 4315 816 4380 Λ,
848 4316 918 4380 Β,
954 4314 1158 4368 Pariter
1182 4315 1518 4378 illuminavit,
1551 4313 1672 4382 quid
1696 4313 1782 4365 cui

185 4387 371 4455 prosit.
415 4385 464 4449 1,
505 4385 612 4441 280
646 4386 725 4452 Α,
761 4387 947 4442 Nonne
975 4397 1020 4440 et
1052 4402 1138 4440 vos
1175 4386 1396 4453 quotidie
1424 4384 1780 4453 experimentis

187 4456 599 4512 illuminantibus
628 4460 855 4512 tenebras
879 4458 1192 4526 antiquitatis
1217 4496 1231 4520 ,
1257 4467 1362 4511 etc.

262 4527 644 4586 ILLUIINA‘I'OR.
689 4529 760 4593 11,
789 4530 887 4584 401
924 4525 1006 4589 Β,
1028 4528 1215 4592 Novm,
1247 4537 1494 4597 (anltetu
1522 4525 1782 4596 religionis

187 4600 529 4656 illuminator.
564 4603 615 4668 1,
665 4600 768 4656 595
797 4600 872 4666 Α,
905 4600 1232 4655 Illuminator
1255 4611 1402 4669 atque
1430 4599 1675 4651 deductor
1699 4612 1784 4668 ge-

189 4676 332 4728 neris
372 4674 600 4727 humani.
649 4672 692 4726 11
725 4711 740 4737 ,
789 4674 857 4728 85
897 4673 940 4728 .\
965 4713 979 4739 ,
1028 4671 1268 4725 Auctores
1299 4670 1369 4723 rei
1408 4671 1484 4724 vel
1522 4669 1783 4723 illumina-

189 4755 349 4799 tores.

269 4816 564 4873 Instemus.
599 4816 652 4881 1,
684 4815 818 4871 1527
851 4815 928 4880 Α,
964 4814 1066 4868 Sed
1095 4813 1425 4865 lmmilitatem
1463 4812 1646 4864 anima:
1682 4825 1786 4864 sua:

193 4889 248 4940 in
277 4889 438 4942 rictus
466 4905 659 4959 quoque
678 4889 1004 4958 castigatione
1032 4884 1136 4959 Deo
1167 4884 1450 4959 immolant.
1484 4883 1555 4959 11,
1590 4881 1781 4959 968},

198 4961 330 5024 Qua:
355 4960 424 5012 ad
465 4953 722 5031 vesperam
743 4953 988 5031 jejunum
1035 4957 1346 5031 pinguiorem
1362 4955 1664 5031 orationem
1681 4953 1786 5031 Deo

196 5031 452 5084 immolat.
501 5025 580 5094 II',
624 5025 838 5093 099⁷8,
871 5029 932 5084 Si
972 5025 1311 5098 paenitentiam
1354 5027 1457 5098 lico
1492 5025 1786 5078 immolarit.

197 5101 274 5165 11,
313 5103 416 5155 707
448 5101 523 5166 Β,
553 5102 646 5157 Cui
687 5100 904 5171 populus
930 5097 1464 5171 su/fragiisinimolal.

323 5119 413 5155 tUl
448 5119 490 5156 IS
509 5143 523 5166 ,
553 5119 645 5157 ωη
723 5119 904 5171 oputus
930 5119 1189 5168 suuragtts
1217 5119 1464 5151 immutat.

277 5173 552 5228 luuusous
582 5215 594 5239 ,
622 5119 936 5227 substantiv.
966 5171 984 5224 1
1009 5210 1024 5236 ,
1071 5169 1209 5225 1500
1255 5168 1327 5230 Δ,
1358 5166 1607 5220 Ornatum
1646 5181 1791 5235 queui

204 5245 527 5297 immundum
561 5245 850 5299 muliebrem
874 5241 1101 5296 convenit
1129 5241 1228 5293 dici
1254 5281 1268 5305 ,
1313 5254 1506 5309 nempe
1531 5254 1657 5293 cura
1704 5251 1794 5291 ca-

207 5315 320 5384 pilli
351 5325 406 5370 et
435 5316 589 5370 cutis.

281 5385 536 5451 IMIUNIS,
584 5389 836 5442 intactus.
889 5384 964 5449 11,
999 5384 1137 5440 1010
1185 5384 1264 5448 Α,
1314 5381 1379 5435 Et
1428 5381 1580 5436 cultri
1631 5387 1798 5435 vertex

206 5460 352 5512 solus
373 5460 628 5513 immunis.

282 5529 598 5596 luuvsmus,
626 5539 848 5598 ἄμουσος,
883 5527 969 5597 Qui
991 5528 1247 5582 musicam
1272 5527 1494 5596 ignorat.
1528 5524 1568 5589 l,
1598 5523 1704 5598 205
1730 5520 1792 5576 Α.

285 5595 591 5657 lurs‘rtsns.
633 5595 685 5664 I',
721 5601 854 5656 1257
890 5595 962 5664 Β,
999 5599 1276 5668 Impatiens
1298 5595 1451 5651 etiam
1480 5595 1679 5649 tacendi
1705 5603 1796 5668 es‘t.

882 5651 1049 5735 Quum
1084 5651 1161 5722 ’τοι
1192 5670 1320 5740 justi
1340 5669 1704 5740 impendimur,
1736 5651 1804 5740 de

216 5741 538 5799 Christianis
559 5785 573 5809 ,
606 5735 694 5814 qui
729 5748 884 5797 morti
915 5735 1224 5805 traduntur,
1256 5735 1419 5814 atque
1440 5754 1469 5792 e
1498 5739 1676 5792 medio
1709 5735 1806 5788 tol-

215 5819 416 5873 luntur.
449 5817 507 5881 1,
551 5811 649 5870 051
695 5815 770 5878 Β,
804 5815 952 5879 Quod
992 5815 1141 5866 ltomo
1181 5829 1274 5882 par
1317 5811 1426 5879 ejus
1472 5820 1574 5863 tam
1625 5821 1807 5862 nocens

218 5890 382 5958 factus
411 5901 483 5942 est
506 5931 519 5954 ,
547 5899 598 5942 ut
635 5899 736 5958 tam
758 5883 1415 5958 crudeliterimpendatur.

289 5950 570 6017 luctantia.
599 5959 648 6024 1,
679 5955 777 6017 126
798 5957 842 6014 Λ
869 5997 884 6024 ,
914 5953 1096 6013 Solida
1120 5970 1258 6026 wque
1289 5954 1499 6026 imperia
1529 5950 1805 6008 mandavit.
