4184 6496
145 429 281 488 1515

1142 423 1349 481 INDEX
1387 420 1817 483 LATINITATIS
1854 419 2431 481 TERTULLIANExE.

3289 419 3423 478 1511

139 543 364 612 quadam
411 542 543 597 solis
572 554 685 613 non,
706 537 1140 613 ordinaria_,sedg
1171 541 1492 610 prodigiosa.
1542 541 1738 613 Vulgus
1767 541 1819 602 Α
1844 541 2302 613 Quemadmodum
2334 542 2384 593 in
2415 537 2701 613 Eleusiniis
2740 535 2834 613 fuit
2861 547 3016 607 esp/'63}
3039 579 3051 598 ,
3079 536 3164 602 qui
3195 553 3285 591 rex
3316 549 3432 592 erat

141 611 535 684 astrologorum
570 612 726 668 liodie
756 621 910 667 vocat
937 611 1271 668 altitudinem
1304 625 1356 668 et
1384 613 1623 668 douuun.

210 825 321 881 I,\0.
355 825 418 888 II,
450 825 555 881 565
597 823 663 891 Α,
715 822 782 878 Ut
827 827 978 879 etiam
1007 825 1354 879 inclamarerit
1399 825 1450 878 in
1475 841 1588 878 eam
1618 823 1732 879 luo.

143 895 235 950 Est
283 899 634 950 exelamantis
689 905 746 952 et
789 895 1180 951 exclamatione
1225 898 1466 952 sisteutis
1515 906 1570 950 et
1615 896 1740 950 lior-

144 969 306 1022 tantis
365 967 648 1034 desistere,
709 977 868 1034 prout
924 967 1216 1022 ostendunt
1277 978 1566 1038 sequentes
1631 967 1739 1020 lor-

143 1039 329 1103 mula»,
395 1054 618 1108 quarum
683 1038 860 1108 priore
921 1039 1191 1105 Quirites,
1258 1038 1558 1108 posteriore
1622 1038 1741 1092 Ca:-

144 1124 232 1164 sar
291 1111 682 1180 appellabatur,
735 1119 792 1163 ut
841 1125 1027 1164 eorum
1094 1111 1375 1179 majestate
1431 1121 1487 1180 et
1551 1120 1741 1162 aucto-

145 1181 304 1236 ritate
344 1196 583 1251 prmscns
623 1181 854 1250 impetus
891 1181 1187 1236 sisteretur.
1233 1180 1392 1246 Ibid.,
1439 1179 1571 1234 Inde
1605 1181 1742 1234 iuve-

144 1253 284 1305 uitur
307 1251 399 1305 lao
426 1254 476 1304 in
495 1252 780 1321 scripturis,
821 1267 1015 1322 nempe
1043 1251 1437 1307 bmreticorum.

240 1324 413 1378 Icrcs.
477 1322 520 1377 II
551 1364 566 1388 ,
633 1323 729 1377 151
798 1322 888 1387 Α,
952 1321 1020 1377 In
1081 1322 1239 1376 aliunt
1301 1325 1456 1377 ictunt
1513 1321 1742 1376 conside-

144 1412 314 1448 remus
365 1394 431 1466 d_e
483 1395 752 1466 voluntatis
787 1395 1048 1466 qualitate
1079 1435 1092 1458 ,
1124 1410 1153 1447 a
1181 1394 1743 1466 gladiatoribus‘sum-

145 1476 312 1535 ptum.
375 1464 631 1531 Cicer.,l
683 1464 866 1532 Catil.,
929 1466 1062 1532 Quot
1131 1463 1221 1537 ego
1277 1477 1390 1520 tuas
1443 1463 1738 1535 petitiones,

146 1539 216 1590 ita
265 1538 541 1607 conjectas,
595 1546 648 1589 ut
692 1537 838 1590 vitari
884 1553 1030 1605 posse
1073 1553 1175 1591 non
1229 1537 1537 1607 viderentur,
1587 1551 1745 1607 parva

145 1605 372 1677 quadam
419 1608 775 1674 declinatione,
818 1618 884 1672 et,
915 1619 970 1660 ut
1006 1608 1170 1672 aiunt,
1202 1624 1415 1676 corpore
1451 1606 1626 1677 effugi.
1675 1605 1746 1662 Ut

147 1681 215 1733 sit
246 1697 260 1733 :
305 1694 413 1733 uno
429 1689 744 1748 argumento
771 1678 1021 1745 relutato,
1054 1679 1190 1733 alius
1219 1679 1632 1734 inlirmationem
1662 1677 1744 1732 in-

149 1751 365 1819 quirch
407 1761 462 1805 et
510 1750 776 1806 rationem
838 1765 1023 1806 secum
1086 1751 1222 1806 inire
1277 1766 1378 1821 qua
1437 1748 1744 1820 improbari

169 1833 312 1876 IUSSII
324 1864 336 1875 .

150 1839 458 1948 "uigilans.
487 1891 557 1958 II,
589 1892 691 1948 161
720 1895 758 1948 Α
779 1934 795 1960 ,
830 1892 970 1948 Male
989 1893 1182 1960 accepit
1209 1893 1390 1948 idiotes
1414 1893 1628 1964 quisque
1652 1900 1742 1945 aut

153 1979 416 2030 perversus
445 1966 539 2037 hoc
563 1964 774 2020 dictant.
806 1964 852 2020 II
875 2007 890 2032 ,
925 1966 1026 2022 I57
1056 1967 1096 2021 C
1120 2007 1134 2030 ,
1173 1965 1445 2037 Simplices
1474 1967 1606 2018 enint
1632 1964 1744 2037 qui-

151 2053 247 2103 que
274 2079 288 2100 ,
347 2052 410 2090 ne
457 2036 674 2090 dixerim
713 2038 1058 2107 imprudentes
1094 2047 1140 2091 et
1169 2036 1372 2102 idiotce,
1419 2051 1532 2106 qua:
1581 2036 1747 2105 major

150 2123 351 2176 semper
379 2109 684 2162 credentium
727 2125 847 2178 pars
875 2119 966 2162 est.
999 2109 1039 2163 II
1062 2151 1074 2173 ,
1115 2108 1254 2162 1012
1287 2109 1358 2169 1),
1391 2109 1498 2163 Sed
1546 2117 1618 2160 est
1655 2108 1750 2178 hoc

151 2179 383 2232 solemne
406 2179 650 2246 perversis
675 2176 735 2233 et
750 2179 920 2234 idiotis
941 2179 1212 2233 Iacrcticis.
1240 2179 1432 2249 Rigalt.
1460 2179 1589 2249 legit
1612 2176 1748 2231 idio-

152 2250 215 2303 tis
259 2260 304 2304 et
350 2250 617 2304 hwreticis.

227 2321 486 2385 Inoueus,
543 2331 625 2376 est
676 2337 836 2392 grzec.
889 2325 1056 2383 ἱκανός.
1094 2320 1168 2388 ll,
1207 2321 1311 2377 809
1361 2321 1442 2388 C,
1476 2319 1540 2375 Et
1583 2320 1754 2389 utique

155 2393 369 2446 idoneus
394 2404 465 2446 est
512 2394 715 2464 reﬁcere
734 2435 748 2459 ,
781 2394 868 2464 qui
899 2397 1034 2464 fecit.
1087 2393 1128 2447 Il
1148 2435 1163 2458 ,
1192 2395 1294 2449 597
1324 2393 1365 2448 Β
1386 2435 1400 2457 ,
1451 2393 1758 2464 Quanquam

156 2465 400 2516 habemus
449 2464 615 2532 ipsunt
638 2461 803 2516 Deum
827 2461 1062 2519 idoneum
1107 2466 1514 2532 pollicitatorem.
1545 2464 1583 2516 Il
1609 2461 1625 2528 ,
1650 2461 1752 2518 991

157 2541 198 2589 Α
219 2577 234 2596 ,
268 2535 507 2606 Etjacta:
534 2533 735 2606 sortes(
766 2535 964 2590 reetius
984 2578 1000 2600 ,
1033 2536 1172 2606 quod
1205 2538 1327 2589 vidit
1353 2537 1462 2605 jam
1496 2535 1720 2589 Ursinus
1740 2573 1754 2596 ,

159 2605 376 2675 sordes)
413 2622 511 2658 non
535 2605 672 2658 ablui
715 2606 908 2659 idonea:
922 2624 940 2671 ;
974 2607 1079 2660 vid.
1131 2608 1358 2662 Sonoes.
1391 2607 1464 2668 Il,
1495 2606 1632 2660 1050
1675 2607 1713 2656 Λ
1741 2646 1756 2668 ,

163 2678 293 2741 Qua:
319 2693 410 2745 per
460 2693 625 2731 aerem
665 2677 906 2746 liquanda
944 2693 1250 2732 aranearum
1303 2679 1596 2746 horoscopis
1645 2675 1758 2728 ido-

163 2765 287 2802 neus
309 2749 451 2801 sedes
479 2747 653 2801 tendit.

237 2817 624 2891 ICNM‘ESCERE.
653 2816 728 2891 11,
759 2819 864 2875 724
891 2820 931 2874 Α
954 2860 971 2884 ,
1008 2819 1120 2874 Nec
1149 2821 1422 2891 iguavescit
1463 2820 1688 2873 omnino.

239 2889 450 2946 Icueus.
488 2891 563 2955 Il,
606 2890 673 2945 19
703 2892 773 2958 Β,
808 2891 998 2961 lgneus
1041 2889 1201 2955 deus,
1229 2893 1262 2946 i.
1307 2907 1356 2946 ρ.
1403 2891 1574 2961 ignis,
1607 2903 1766 2961 quem

168 2962 471 3016 Heraclitus
499 2961 764 3030 Ephesius
794 2960 1018 3018 faciebat
1057 2963 1214 3018 deum
1233 3003 1248 3026 ,
1280 2975 1368 3017 aut
1399 2960 1544 3017 certe
1570 2960 1768 3030 princi-

165 3034 312 3106 pium
358 3033 616 3106 omnium.

243 3107 406 3160 Icaus.
440 3103 514 3168 Il,
547 3104 614 3159 15
654 3105 729 3168 Β,
775 3105 992 3176 Majoris
1030 3105 1163 3175 ignis
1199 3105 1433 3159 ardorem
1462 3105 1768 3176 inferentes,

172 3179 209 3232 i.
242 3193 292 3232 c.
324 3177 514 3243 divini,
535 3191 692 3246 supra
721 3174 879 3248 quam
901 3174 1114 3230 liumatti
1146 3186 1239 3230 aut
1269 3177 1419 3230 istius
1448 3174 1650 3248 mundi.
1673 3174 1727 3248 II
1751 3213 1767 3237 ,

168 3250 236 3302 27
271 3248 318 3302 Α
339 3289 353 3309 ,
401 3248 481 3301 Ad
515 3246 756 3318 profanos
781 3249 1084 3314 iudicandos
1121 3249 1226 3317 igni
1256 3259 1521 3317 perpetuo.
1551 3246 1593 3301 Il
1615 3287 1629 3311 ,
1661 3247 1772 3318 276

169 3320 241 3380 C.
267 3320 364 3372 Cui
395 3316 563 3374 nullus
593 3316 724 3390 ignis
745 3321 974 3389 coquitur
1001 3320 1052 3372 in
1088 3316 1384 3390 gehenna.I
1409 3359 1425 3385 ,
1479 3319 1622 3373 1281
1666 3316 1760 3390 Ar.

175 3392 358 3445 Ilomw
397 3389 633 3460 quidem,
664 3407 777 3461 qua:
815 3392 946 3461 ignis
973 3389 1112 3462 illius
1151 3391 1551 3462 inextinguibilis
1580 3389 1764 3459 imagi-

175 3479 290 3516 nem
318 3473 567 3527 tractant,
595 3473 678 3518 est
705 3461 1034 3532 periphrasis
1060 3461 1376 3514 Vestalium.

250 3535 621 3589 lesosesuns.
671 3530 889 3594 1,1241
930 3531 1001 3597 Β,
1050 3531 1239 3586 Clausa
1292 3533 1406 3586 licet
1449 3530 1772 3603 ignoscentice

201 3623 356 3658 anna.

201 3625 356 3658 muta.

167 3625 193 3675 1
251 3677 435 3731 Ιιιεχ.
483 3674 533 3741 I,
590 3675 725 3732 1214
755 3676 830 3741 Α,
863 3675 1599 3745 Conversationeminjungens
1623 3675 1775 3727 mise-

177 3749 418 3802 ricordia:
457 3747 673 3812 illieent,
716 3749 750 3801 i.
793 3765 842 3802 e.
886 3748 1252 3812 inductorem,
1285 3747 1352 3801 ab
1383 3747 1668 3801 illiCiendo.
1721 3745 1772 3812 I,

182 3819 289 3875 688
314 3820 390 3884 Α,
432 3816 531 3872 Vos
561 3821 812 3874 malorunt
842 3820 1000 3872 illices
1022 3835 1239 3886 semper.

257 3891 517 3945 ILLtut-znts
539 3931 552 3955 ,
603 3891 692 3961 qui
733 3902 814 3944 est
839 3891 954 3944 siue
1001 3885 1182 3945 liberis
1209 3933 1224 3957 ,
1253 3900 1420 3951 ἄπαις.
1452 3888 1494 3944 II
1517 3931 1530 3954 ,
1562 3889 1670 3946 M5
1697 3885 1772 3956 C,

188 3962 359 4030 Quam
389 3964 430 4014 si
473 3961 630 4031 frater
670 3962 876 4015 illiberis
906 3962 1189 4015 decesserit.

267 4035 534 4088 ILLIDERE.
592 4033 674 4102 11,
728 4034 830 4089 126
881 4031 922 4087 Β
951 4075 964 4098 ,
1016 4032 1214 4086 Ibidem
1253 4035 1452 4102 scorpio
1503 4047 1596 4102 pro
1641 4031 1780 4084 solea

187 4109 462 4158 anathema
492 4098 696 4170 illidito,
723 4115 805 4161 est
829 4105 967 4161 idem
999 4104 1139 4174 quod
1171 4121 1328 4175 supra
1355 4098 1581 4170 dixerat,
1604 4116 1782 4174 urgere

189 4178 363 4233 bestia:
401 4176 607 4230 calcem.

262 4250 609 4304 ILLUHISARE.
642 4248 716 4315 II,
757 4249 864 4306 586
895 4250 938 4304 Α
964 4291 979 4315 ,
1010 4248 1146 4301 Dant
1190 4265 1399 4314 operum
1443 4245 1782 4314 differentiam

188 4321 466 4374 illuminat.
498 4320 572 4385 11,
602 4320 703 4375 817
745 4321 820 4386 Λ,
852 4322 922 4386 Β,
958 4319 1162 4374 Pariter
1187 4321 1523 4384 illuminavit,
1555 4319 1675 4388 quid
1700 4320 1786 4371 cui

191 4393 374 4461 prosit.
418 4390 467 4455 I,
507 4391 616 4447 286
650 4392 728 4458 Α,
765 4392 951 4447 Nonne
979 4402 1024 4446 et
1056 4408 1142 4446 vos
1179 4392 1400 4459 quotidie
1428 4390 1784 4459 experimentis

193 4462 602 4518 illuminantibus
631 4465 858 4518 tenebras
882 4463 1196 4532 antiquitatis
1221 4502 1235 4526 ,
1261 4472 1366 4517 etc.

264 4533 648 4592 ILLUIINATOR.
692 4535 764 4599 Il,
793 4536 890 4590 401
928 4531 1009 4594 Β,
1033 4534 1219 4598 Novm,
1251 4543 1498 4603 tantazque
1526 4531 1786 4602 religionis

193 4606 531 4662 illuminator.
567 4607 618 4674 I,
669 4606 772 4662 595
801 4605 876 4672 Α,
910 4606 1236 4660 Illnminator
1259 4617 1406 4674 atque
1434 4605 1678 4657 deductor
1703 4618 1788 4673 ge-

195 4681 336 4733 neris
374 4679 604 4733 humani.
654 4677 696 4732 II
729 4717 744 4743 ,
793 4680 861 4734 85
901 4679 943 4733 .\
969 4719 983 4744 ,
1032 4677 1273 4730 Auctores
1303 4676 1373 4729 rei
1411 4676 1488 4729 vel
1527 4675 1787 4728 illumina—

194 4761 350 4805 tores.

271 4822 569 4879 Ιιυιοιλκε.
603 4821 656 4886 I,
689 4821 822 4876 1527
854 4820 932 4885 Α,
969 4821 1071 4875 Sed
1099 4819 1428 4871 humilitatem
1466 4817 1650 4870 auium:
1685 4830 1788 4868 sure

198 4893 251 4946 in
280 4895 440 4948 rictus
469 4885 663 4964 quoque
682 4895 1008 4962 castigatione
1037 4889 1140 4964 Deo
1171 4890 1454 4964 imntolant.
1488 4889 1559 4964 11,
1594 4885 1784 4964 968__A,

202 4966 332 5030 Qua:
357 4966 426 5018 ad
468 4958 727 5037 vesperam
747 4958 993 5037 jeiunans
1039 4963 1350 5037 pinguiorem
1365 4961 1668 5037 orationem
1683 4958 1789 5037 Deo

201 5037 454 5090 immolat.
503 5030 584 5099 11⁷,
628 5030 841 5099 b993,
876 5034 936 5089 Si
975 5030 1314 5103 penitentiam
1358 5033 1460 5103 Deo
1495 5030 1789 5083 immolarit.

202 5106 278 5171 II,
316 5109 420 5161 707
451 5108 492 5162 Β
512 5149 526 5170 ,
556 5108 651 5162 Cui
691 5106 908 5177 p0pulus
934 5102 1202 5177 suffragiis
1221 5102 1468 5177 iiitntolat.

326 5125 416 5161 lUl
451 5125 492 5162 is
512 5149 526 5170 ,
556 5125 649 5162 ωιι

280 5178 555 5234 quuuuus
586 5221 598 5243 ,
626 5125 724 5233 sui:

211 5321 323 5390 pilli
354 5331 409 5375 et
437 5322 593 5376 cutis.

283 5391 540 5457 IMIUNIS,
589 5394 840 5447 intactus.
892 5389 968 5455 ll,
1003 5389 1141 5445 1010
1189 5389 1268 5453 Λ,
1318 5385 1383 5440 Et
1432 5386 1584 5440 cultri
1635 5392 1801 5440 vertex

209 5465 354 5518 solus
376 5466 632 5518 immunis.

285 5535 601 5601 luuustcus,
630 5545 852 5603 ἄμουσος,
886 5532 973 5603 qui
996 5533 1250 5587 musicam
1275 5531 1498 5601 ignorat.
1531 5529 1572 5594 I,
1603 5527 1708 5603 265
1734 5525 1796 5581 Λ.

285 5605 592 5662 Ium'rteus.
638 5601 689 5669 l',
725 5606 858 5660 1257
894 5601 932 5658 Β
953 5645 967 5669 ,
1004 5604 1280 5673 Impatiens
1305 5603 1454 5656 etiam
1484 5601 1682 5654 tacendi
1709 5609 1800 5673 εει.

886 5657 1054 5740 Quarti
1088 5657 1164 5728 ’τοι
1196 5675 1324 5746 justi
1345 5674 1708 5746 impendimur,
1740 5657 1808 5746 de

217 5747 542 5804 Christianis
563 5790 577 5814 ,
611 5752 698 5818 qui
733 5752 888 5801 morti
919 5741 1228 5810 traduntur,
1260 5741 1421 5818 atque,
1443 5759 1472 5797 e
1501 5743 1680 5797 medio
1712 5741 1810 5793 Iol-

215 5824 419 5878 lnntur.
452 5823 510 5887 I,
555 5816 653 5876 651
700 5820 774 5883 Β,
809 5819 956 5884 Quod
996 5819 1146 5870 homo
1185 5833 1278 5887 par
1321 5816 1430 5884 ejus
1475 5824 1578 5868 tam
1629 5827 1811 5867 nocens

216 5895 386 5963 {actus
415 5905 523 5958 est,
551 5905 602 5947 ut
640 5903 740 5963 tum
763 5887 1419 5963 crudeliterimpendatur.

291 5956 574 6022 lut‘nntt‘u.
603 5965 652 6030 Ι,
685 5962 781 6023 126
802 5962 847 6019 Λ
873 6003 888 6029 ,
919 5959 1100 6019 Solida
1124 5975 1262 6031 wque
1293 5959 1503 6030 imperia
1533 5956 1809 6012 mandavit.

1770 1937 1822 2002 B

726 5170 940 5232 siantiv.
970 5176 988 5229 I
1013 5215 1028 5242 ,
1075 5170 1213 5230 I309
1259 5173 1331 5236 Δ,
1361 5170 1611 5225 Ornatam
1649 5185 1795 5240 quem

207 5251 530 5302 immundum
564 5251 854 5304 muliebrem
879 5246 1105 5302 convenit
1133 5246 1232 5298 dici
1258 5285 1272 5309 ,
1317 5259 1510 5314 nempe
1534 5259 1661 5299 cura
1707 5257 1797 5297 ea-

1844 627 1937 666 seu
1971 612 2255 681 przcl'ectus
2279 611 2564 683 mysteriis.
2584 611 2878 679 Ilesycliio:
2909 621 3152 683 βκπςλεὺς,
3181 621 3336 678 ἀρχων
3359 635 3431 670 τις

1842 692 2043 746 ΑΟη-λῆσι
2069 682 2346 754 μυστηρίωᾴ
2386 699 2587 754 προνοῶν
2608 723 2621 743 ,
2652 683 2734 733 cui
2761 723 2775 744 ,
2822 690 2877 734 ttt
2919 682 3172 746 subjecti,
3209 683 3434 754 imperio

1843 756 1959 825 ejus
1983 751 2437 825 adjungebantur,
2478 762 2519 806 οἱ
2543 761 2825 825 ἐπιμελῆτει]
2847 761 2900 807 et
2933 751 3289 825 icpowoiot,_tle
3317 754 3439 822 qui-

1844 823 1942 880 bus
1967 823 2171 891 Pollux,
2205 825 2350 890 VIII,
2390 827 2452 890 8,
2483 826 2516 878 5
2559 837 2610 878 et
2653 825 2742 876 26.
2775 823 2836 878 Et
2876 825 3128 890 praeclare
3174 823 3438 880 Meursius

1845 897 1896 952 in
1948 898 2219 952 Eleusinius
2249 938 2263 961 ,
2327 913 2447 965 cap.
2487 897 2552 950 15
2587 914 2598 949 :
2638 914 2653 944 ι
2693 895 2764 948 lta
2792 896 2952 949 etiam
2993 893 3079 948 bie
3119 894 3170 948 in
3207 893 3439 964 Cybeles

1844 970 2142 1024 ministerio
2173 969 2292 1022 talis
2337 968 2613 1022 Gallorum
2657 982 2747 1019 rex
2776 982 2870 1020 seu
2899 965 3232 1036 Arcliigallus
3262 965 3439 1036 innui-

1846 1047 1960 1106 tur,
2003 1042 2091 1110 qui
2137 1053 2262 1093 suos
2290 1037 2836 1094 liabeatsacriliculos
2865 1046 2919 1110 et
2962 1039 3195 1092 minores
3221 1035 3436 1102 Gallos,

1843 1108 2038 1181 quibus
2084 1111 2263 1165 itidem
2315 1110 2656 1181 imperaverit
2702 1119 2820 1162 vota
2868 1108 3086 1174 Iacere,
3119 1119 3171 1163 ct
3214 1110 3441 1162 lacertos

1843 1180 2028 1237 secare
2062 1197 2157 1250 pro
2187 1180 2391 1236 Aurelii
2426 1182 2616 1234 salute.

1917 1253 2204 1309 Iuram-I00
2225 1295 2238 1314 .
2270 1263 2354 1306 est
2379 1251 2593 1309 ftedatio
2619 1251 2755 1306 cutis
2778 1290 2793 1316 ,
2818 1264 3041 1321 serpens
3062 1264 3180 1305 cum
3211 1251 3440 1321 pruritu.

1846 1323 1911 1388 II,
1948 1325 2086 1380 1018
2117 1329 2181 1389 Λ,
2217 1321 2390 1376 Nullis
2419 1323 2629 1376 veternis
2671 1339 2823 1390 parco
2848 1363 2862 1384 ,
2904 1319 3033 1375 nulli
3073 1319 3403 1392 impertigini.

1917 1396 2222 1451 IIPINGERE.
2265 1395 2318 1456 Ι,
2346 1393 2454 1449 280
2509 1395 2582 1458 Β,
2612 1392 2846 1447 Cazcitate
2891 1393 2994 1446 odii
3044 1394 3095 1446 in
3140 1393 3446 1462 suffragium

1845 1467 2250 1540 impingunt,_i.
2298 1483 2347 1520 e.
2396 1467 2710 1540 c:eco_odit_i
2759 1464 2974 1540 laudant
3016 1464 3169 1540 quasi
3194 1464 3447 1540 suffragio

1848 1535 2164 1607 probiiatem
2193 1538 2448 1606 ipsorum.
2484 1537 2522 1603 1,
2545 1537 2644 1592 661
2677 1537 2748 1604 Β,
2773 1536 2831 1592 Si
2859 1535 3060 1591 oculum
3085 1537 3197 1607 quis
3223 1538 3446 1608 impege-

1847 1611 1911 1663 rit
1954 1609 2237 1664 libidinose.

1917 1681 2214 1743 Iuvencus,
2263 1678 2534 1743 condere,
2577 1689 2873 1735 exstruere.
2923 1679 3001 1747 Il,
3037 1677 3165 1735 1051
3216 1678 3298 1747 Α,
3351 1679 3451 1735 Ubi

1847 1753 2030 1806 nttrnia
2059 1749 2294 1806 Statilius
2316 1749 2516 1804 Taurus
2546 1751 2805 1822 imposuit.

1918 1823 2245 1877 Iuvonnns.
2277 1822 2329 1886 I,
2356 1823 2496 1878 1518
2522 1821 2598 1889 Α,
2622 1821 2765 1890 Quid
2805 1823 2953 1877 alteri
2982 1824 3444 1895 concupiscentiam

1850 1896 2202 1960 importamus.

1921 1967 2332 2022 IuPORTUNITAs.
2357 1964 2400 2020 II
2424 2005 2439 2032 ,
2481 1966 2586 2022 9'27
2611 1965 2652 2022 C
2678 2009 2692 2032 ,
2743 1966 3114 2037 lmportunitas
3144 1967 3439 2024 liberorum.

1850 2039 1971 2095 Jun.
2001 2040 2381 2110 interpretatur
2408 2045 2474 2093 de
2504 2039 2650 2108 prole
2675 2041 2936 2108 capitibus
2965 2040 3146 2096 liberis
3187 2041 3445 2110 importu-

1854 2128 1921 2166 ne
1953 2112 2230 2178 imperata.
2263 2109 2378 2164 Non
2411 2112 2603 2178 placet.
2638 2110 3018 2180 [inportunitas
3047 2123 3124 2166 est
3152 2153 3167 2176 ,
3200 2109 3318 2180 qua:
3343 2129 3447 2169 nec

1857 2183 2112 2252 temporis
2157 2197 2255 2237 nec
2277 2181 2380 2236 loci
2425 2182 2583 2236 liabet
2627 2181 3083 2236 commoditatem.
3133 2183 3454 2252 Importuni-

1859 2265 2019 2308 tatem
2078 2253 2364 2308 liberorqu
2417 2252 2554 2306 dixit
2602 2294 2615 2316 ,
2671 2252 3172 2324 quodparcntibus
3222 2256 3452 2324 majores

1858 2325 2187 2379 calamitates
2239 2324 2493 2392 pluraque
2547 2323 2883 2378 incommoda
2934 2336 3116 2379 essent
3172 2323 3450 2382 subeunda

1859 2399 1928 2449 ob
1960 2396 2174 2449 liberos.
2221 2394 2293 2460 Il,
2328 2394 2436 2451 105
2463 2396 2503 2448 Α
2531 2435 2547 2462 ,
2579 2411 2674 2465 pro
2702 2395 2821 2468 loco
2846 2409 2906 2449 ac
2933 2403 3173 2466 tempore
3191 2437 3206 2463 ,
3237 2412 3300 2454 ac
3327 2415 3459 2468 qua-

1862 2467 2103 2522 rumdam
2148 2480 2493 2535 personarum
2526 2467 2953 2536 importunitate.

1934 2536 2544 2603 luron'wuvs.Servius,
2577 2537 2643 2591 ad
2677 2538 2856 2609 Virgil.
2883 2578 2896 2600 ,
2928 2537 3053 2595 :En.
3084 2539 3187 2609 XI,
3230 2557 3281 2596 ν.
3318 2541 3456 2608 505,

1865 2610 2211 2678 importunum
2239 2609 2469 2682 exillicat
2489 2649 2503 2671 ,
2533 2609 2619 2682 ubi
2651 2608 3142 2682 nullumgrelugium
3173 2608 3285 2677 est,
3314 2615 3458 2682 quod

1866 2691 2016 2736 caret
2060 2689 2246 2755 portu,
2280 2681 2329 2755 id
2357 2688 2441 2734 est
2465 2681 2661 2755 quiete.
2693 2679 2751 2745 I,
2786 2679 2890 2755 188
2917 2679 2961 2734 Α
2986 2679 3024 2755 ,λ
3047 2681 3143 2755 Vos
3176 2679 3341 2755 igitur
3361 2686 3460 2736 im-

1867 2755 2074 2819 portuni
2105 2751 2250 2806 rebus
2275 2752 2540 2812 humanis,
2573 2751 2606 2803 i.
2654 2766 2704 2805 e.
2731 2751 3058 2818 calamitosi,
3089 2751 3411 2810 incommodi
3439 2797 3458 2822 ,

1870 2831 2090 2893 propter
2128 2838 2264 2892 quos
2312 2837 2440 2890 pace
2493 2821 2700 2890 publica
2737 2821 2888 2893 orbis
2919 2835 3082 2878 caret.
3114 2824 3191 2888 II,
3227 2828 3330 2882 155
3373 2828 3413 2881 Α
3439 2867 3457 2893 ,

1871 2892 1946 2948 Ab
1977 2892 2101 2970 Anna
2145 2893 2461 2970 solummodo
2507 2892 2775 2970 arbuscula
2817 2903 3113 2963 temperaret
3159 2913 3310 2967 quam
3355 2892 3466 2970 ipse

1871 2965 2095 3036 medicus
2138 2966 2480 3036 importunam
2504 2964 2720 3036 interim
2755 2977 2922 3020 norat.

1944 3035 2473 3110 lurnssse._lli,7§32
2501 3035 2765 3110 B,_Quam
2802 3048 2905 3110 tam
2927 3038 3167 3104 impresse
3191 3040 3467 3110 Apostolus

1873 3108 2169 3182 demandat.
2220 3106 2406 3182 1,377
2438 3106 2507 3172 Β,
2551 3106 2657 3162 Sed
2693 3123 2792 3176 quo
2821 3107 3020 3177 plenius
3060 3120 3107 3162 ct
3138 3106 3463 3182 impressius,

1875 3179 1888 3191 ο

1875 3181 1912 3234 i.
1943 3195 1992 3233 e.
2034 3181 2200 3248 magis
2237 3181 2399 3233 clare.

1951 3251 2242 3322 [uenustatis
2257 3290 2270 3322 ,
2303 3249 2641 3322 promulgare
2683 3249 2797 3319 lege
2852 3249 2956 3304 lata
2987 3250 3039 3304 in
3079 3251 3306 3322 imperio
3343 3271 3462 3310 suo.

1789 3325 1836 3389 C
1867 3322 1918 3384 I,
1947 3322 2052 3377 207
2088 3321 2132 3376 Α
2153 3361 2168 3386 ,
2215 3320 2405 3374 Nullus
2462 3319 2614 3374 Verus
2644 3321 2934 3388 impressit,
2974 3337 3002 3374 a
3030 3339 3090 3378 rc
3118 3319 3329 3380 militari
3370 3327 3470 3383 de-

1871 3402 2140 3462 smuptum
2162 3431 2178 3457 ,
2212 3393 2297 3446 ubi
2331 3393 2736 3460 impressionem
2766 3392 2944 3449 lacere
2976 3393 3227 3450 dicuntur
3270 3397 3468 3452 cobor—

1874 3473 1986 3590 hes,
2027 3478 2148 3518 cum
2181 3465 2235 3518 in
2280 3463 2510 3518 hostium
2551 3465 2721 3520 aciem
2749 3465 3054 3532 incursattt,
3103 3482 3328 3540 eamque
3359 3481 3470 3524 tur-

1911 3547 2020 3589 aut.

1911 3552 2020 3589 3111.

1946 3606 2380 3690 Iupnovmsxrts,
2429 3607 2503 3674 II,
2543 3605 2648 3663 469
2687 3605 2768 3673 Α,
2823 3608 2983 3674 Quasi
3031 3608 3472 3680 improvidentiam

1876 3689 2125 3733 CIISUMO.

1949 3751 2291 3806 lupvosurts.
2320 3749 2364 3804 II
2387 3790 2400 3815 ,
2430 3748 2539 3805 “2
2565 3749 2638 3815 Β,
2668 3748 2770 3804 Pro
2801 3749 3117 3820 impudentia
3162 3754 3472 3810 idololatria:

1880 3823 2002 3877 satis
2046 3820 2147 3875 Deo
2197 3825 2382 3892 faceret
2427 3838 2514 3890 per
2552 3821 2922 3890 impudentiam
2969 3823 3111 3892 fidei.
3154 3823 3474 3883 Idololatritn

1881 3892 2207 3966 impudentia
2234 3894 2329 3966 fuit
2354 3933 2370 3957 ,
2397 3909 2516 3948 cum
2538 3965 2543 3966 γ
2562 3908 2668 3966 non
2708 3892 2901 3966 puduit,
2920 3892 3144 3950 adorare
3185 3895 3390 3966 lapides
3419 3907 3476 3953 et

1881 3964 2052 4036 ligna;
2094 3963 2423 4032 impudentia
2481 3965 2633 4029 lidei,
2669 3981 2790 4019 cum
2838 3965 3055 4020 minime
3095 3963 3257 4036 pudet
3305 3967 3472 4024 Deum

1881 4034 2101 4090 credere
2133 4043 2312 4090 natum
2342 4045 2395 4090 et
2423 4036 2760 4090 crucifixum.

1952 4127 2300 4186 Iupuntcms.
2327 4129 2344 4183 1
2373 4171 2388 4196 ,
2415 4128 2517 4185 507
2542 4129 2584 4182 A
2603 4170 2617 4195 ,
2654 4128 2747 4183 Dei
2776 4127 2945 4182 Filius
2987 4131 3183 4184 nullam
3210 4133 3273 4186 de
3300 4133 3478 4195 impu-

1885 4199 2058 4254 dicitia
2105 4202 2251 4254 habet
2300 4211 2530 4253 matrem.
2585 4200 2815 4270 Bigalt.,
2861 4199 3108 4256 Iiltenan.
3157 4214 3210 4255 et
3249 4204 3478 4262 llavcrc.

1887 4271 2070 4341 legunt
2126 4274 2189 4324 de
2233 4271 2497 4342 pudicitia.
2548 4270 2835 4327 Utseusus
2884 4273 2980 4325 sit:
3027 4275 3116 4327 Dei
3169 4273 3336 4330 Filius
3367 4291 3470 4331 nou

1887 4351 2090 4397 tantum
2116 4357 2184 4398 ex
2209 4344 2416 4412 impuro
2439 4351 2492 4397 et
2522 4343 2703 4398 illicito
2728 4342 3014 4398 concubitu
3042 4358 3148 4398 non
3174 4356 3254 4399 est
3277 4357 3432 4401 natus
3452 4387 3468 4412 ,

1886 4413 2083 4469 sedne
2133 4414 2346 4484 quidem
2372 4429 2440 4470 es
2468 4429 2600 4483 puro
2654 4414 2908 4485 licitoque
2967 4416 3307 4472 matrimonio
3353 4433 3475 4472 sas-

1887 4496 2096 4555 ceptus.

1961 4579 2034 4633 lu.
2065 4578 2137 4636 ll.
2172 4579 2303 4634 1051
2341 4578 2420 4644 Α,
2455 4577 2518 4632 In
2552 4578 2734 4650 ﬁbula:
2763 4594 2932 4632 morstt
2957 4621 2972 4644 ,
3004 4578 3040 4632 i.
3075 4595 3123 4632 ρ.
3157 4595 3252 4650 per
3294 4581 3476 4637 fibulas

1890 4665 2146 4704 morsum.
2194 4651 2266 4715 ll,
2301 4652 2404 4706 125
2433 4651 2511 4714 A,
2541 4649 2604 4704 In
2633 4660 2866 4711 ventum,
2898 4650 2935 4703 i.
2961 4666 3010 4704 c.
3041 4649 3201 4705 vento
3229 4651 3470 4718 ferente,

1810 4718 1864 4779 D
1891 4732 2048 4774 vento
2087 4724 2352 4787 secundo,
2397 4733 2553 4790 prout
2589 4722 2799 4774 occasio
2845 4722 3078 4786 dederit,
3111 4725 3357 4778 suaserit.
3392 4723 3431 4777 ll
3454 4763 3472 4789 ,

1893 4793 1996 4847 481
2023 4795 2085 4857 Α,
2103 4793 2161 4846 Si
2191 4795 2242 4845 in
2269 4794 2519 4847 Creatoris
2546 4793 2825 4860 accipitur;
2854 4793 3076 4846 subaud.
3110 4795 3486 4862 interpretatio-

1895 4880 2028 4928 nem,
2054 4877 2106 4918 ut
2130 4865 2196 4918 de
2219 4864 2476 4919 Creatore
2505 4863 2749 4918 videlicet
2781 4864 3121 4932 intelligatur.
3158 4865 3197 4928 Ι,
3240 4865 3380 4919 1262
3408 4865 3479 4931 A,

1895 4934 2022 4988 Cum
2049 4952 2136 5004 per
2160 4935 2292 4988 viam
2334 4937 2387 4988 in
2427 4951 2588 4989 mores
2624 4934 2894 4986 bestiarum
2936 4935 3326 4999 latrocinantur,
3361 4937 3394 4989 i.
3425 4953 3474 4990 c.

1901 5007 1953 5058 in
1982 5023 2184 5060 morem
2213 5007 2537 5072 bestiarum,
2565 5021 2714 5059 more
2753 5006 3064 5059 bestiarum.
3099 5007 3202 5059 Pro
3235 5009 3488 5076 perviam,

1900 5077 2091 5146 Rigalt.
2127 5078 2253 5148 legit
2274 5094 2360 5146 per
2391 5077 2542 5132 invia.
2563 5079 2652 5132 Sic
2675 5076 2843 5130 lib.de
2875 5078 3054 5128 Anima
3083 5092 3102 5128 :
3135 5078 3268 5143 Quia
3297 5089 3341 5130 et
3371 5081 3489 5148 ipsis

1899 5148 2067 5201 bestiis
2090 5147 2322 5218 objecerit
2343 5165 2428 5203 eos
2447 5165 2572 5214 quos
2598 5149 2650 5200 in
2676 5148 2830 5216 sylvis
2856 5159 2900 5200 et
2925 5149 3048 5200 ariis
3070 5147 3414 5202 trucidaverit.

1972 5219 2346 5274 Iuaccusnus.
2381 5219 2423 5282 l,
2446 5219 2552 5273 529
2579 5219 2643 5283 Α,
2679 5219 2992 5271 lnaccusatis
3022 5229 3068 5272 et
3098 5220 3380 5287 impunitis.

1974 5291 2330 5345 Immensae.
2362 5291 2436 5353 Il,
2479 5291 2584 5346 895
2628 5290 2700 5353 C,
2752 5289 2916 5357 Igitur
2957 5306 3083 5358 quas
3141 5307 3238 5343 non
3283 5292 3491 5353 divisit.

1905 5363 2119 5416 tacendo
2161 5364 2465 5416 inalteravit.
2503 5362 2575 5415 Ita
2623 5361 2900 5430 legendum
2952 5377 3044 5429 pro
3071 5362 3123 5414 in
3149 5363 3309 5414 altera
3356 5363 3493 5417 iniit.

1904 5434 2250 5500 lnalteravit,
2300 5433 2488 5488 indidit
2536 5432 2718 5495 alteri,
2779 5431 3080 5501 conjunxit,
3130 5433 3403 5494 confudit.
3438 5442 3500 5487 ut

1904 5509 2013 5575 jam
2045 5505 2200 5559 ambo
2227 5520 2331 5558 una
2361 5505 2468 5559 sint
2493 5544 2506 5567 ,
2538 5519 2602 5558 ac
2640 5518 2760 5558 sese
2789 5512 2972 5556 mutuo
3017 5505 3344 5558 contineant.
3381 5505 3500 5574 Ipse

1911 5578 2066 5645 paulo
2089 5585 2207 5645 post
2232 5594 2245 5630 :
2279 5576 2322 5628 Α
2343 5575 2552 5630 muliere
2575 5590 2674 5628 non
2706 5575 2979 5644 separavit,
3008 5584 3055 5628 et
3086 5590 3186 5628 non
3208 5576 3497 5646 separando

1909 5649 2172 5714 conjunxit
2193 5648 2270 5713 ei,
2302 5666 2333 5700 (ι
2361 5664 2460 5715 qua
2494 5663 2594 5700 non
2618 5646 2891 5714 separavit.

1985 5741 2288 5794 INANIIALIA
2317 5782 2329 5804 ,
2359 5738 2644 5793 inanimata
2666 5779 2681 5803 ,
2715 5753 2832 5809 qum
2862 5753 2889 5790 a
2917 5739 3219 5809 semetipsis
3249 5756 3352 5795 non
3384 5755 3502 5795 mo-

1914 5823 2123 5866 ventur.
2156 5811 2195 5864 II
2214 5853 2226 5876 ,
2255 5810 2362 5866 250
2391 5810 2430 5864 C
2452 5851 2466 5873 ,
2495 5809 2602 5864 256
2633 5811 2680 5881 Β
2699 5852 2711 5873 ,
2745 5808 3059 5863 lmmimalia
3088 5808 3133 5864 et
3161 5813 3504 5881 incorporalia

1917 5885 2090 5936 laudes
2132 5894 2352 5946 canunt;
2394 5883 2581 5936 alludit
2620 5879 2688 5934 ad
2721 5881 2978 5951 hymnum
3024 5882 3182 5936 trium
3217 5879 3504 5952 puerorum

1920 5957 2050 6011 Dan.
2091 5954 2149 6008 ιιι
2176 5995 2188 6022 ,
2217 5955 2364 6025 juxta
2399 5953 2686 6013 editionem
2717 5951 3099 6013 Theodotiouis
3131 5971 3146 6013 :
3179 5951 3301 6011 nam
3325 5955 3377 6011 in
3407 5953 3503 6010 bc-
