  <div class='ocr_page' id='page_1' title='image "/cluster/home/n/w/nwhite01/storage/ocr_20150623/2/hvd.32044015466741/733.png"; bbox 0 0 4184 6496; ppageno 0'>
   <div class='ocr_carea' id='block_1_1' title="bbox 698 390 836 447">
    <p class='ocr_par' dir='ltr' id='par_1_1' title="bbox 698 390 836 447">
     <span class='ocr_line' id='line_1_1' title="bbox 698 390 836 447; baseline -0.007 -1"><span class='ocrx_word' id='word_1_1' title='bbox 698 390 836 447; x_wconf 72' lang='grc'>1513</span> 
     </span>
    </p>
   </div>
   <div class='ocr_carea' id='block_1_2' title="bbox 1687 381 2976 444">
    <p class='ocr_par' dir='ltr' id='par_1_2' title="bbox 1687 381 2976 444">
     <span class='ocr_line' id='line_1_2' title="bbox 1687 381 2976 444; baseline -0.002 -1"><span class='ocrx_word' id='word_1_2' title='bbox 1687 384 1896 443; x_wconf 70' lang='lat' dir='ltr'><strong>INDEX</strong></span> <span class='ocrx_word' id='word_1_3' title='bbox 1930 381 2363 441; x_wconf 73' lang='lat' dir='ltr'><strong>LATINITATIS</strong></span> <span class='ocrx_word' id='word_1_4' title='bbox 2401 381 2976 444; x_wconf 55' lang='lat' dir='ltr'><strong>TEli&#39;lULLlANE/E.</strong></span> 
     </span>
    </p>
   </div>
   <div class='ocr_carea' id='block_1_3' title="bbox 3843 386 3991 445">
    <p class='ocr_par' dir='ltr' id='par_1_3' title="bbox 3843 386 3991 445">
     <span class='ocr_line' id='line_1_3' title="bbox 3843 386 3991 445; baseline 0.007 -1"><span class='ocrx_word' id='word_1_5' title='bbox 3843 386 3991 445; x_wconf 83' lang='grc'>1516</span> 
     </span>
    </p>
   </div>
   <div class='ocr_carea' id='block_1_4' title="bbox 695 499 3991 575">
    <p class='ocr_par' dir='ltr' id='par_1_4' title="bbox 695 499 3991 575">
     <span class='ocr_line' id='line_1_4' title="bbox 695 499 3991 575; baseline -0.001 -14"><span class='ocrx_word' id='word_1_6' title='bbox 695 507 841 561; x_wconf 72' lang='lat' dir='ltr'><strong>brrco</strong></span> <span class='ocrx_word' id='word_1_7' title='bbox 864 503 1367 572; x_wconf 67' lang='grc' dir='ltr'><strong>ηοηιιιιίιοιιὶ,τῡοιο</strong></span> <span class='ocrx_word' id='word_1_8' title='bbox 1394 502 1665 559; x_wconf 79' lang='lat' dir='ltr'><strong>annotavit</strong></span> <span class='ocrx_word' id='word_1_9' title='bbox 1690 502 1997 575; x_wconf 85' lang='lat' dir='ltr'><strong>llierooym.</strong></span> <span class='ocrx_word' id='word_1_10' title='bbox 2024 499 2281 575; x_wconf 81' lang='lat' dir='ltr'><strong>Eamdem</strong></span> <span class='ocrx_word' id='word_1_11' title='bbox 2312 500 2366 558; x_wconf 83' lang='lat' dir='ltr'><strong>A</strong></span> <span class='ocrx_word' id='word_1_12' title='bbox 2460 499 2724 575; x_wconf 72' lang='lat' dir='ltr'><strong>Iseonsto.</strong></span> <span class='ocrx_word' id='word_1_13' title='bbox 2773 502 2838 568; x_wconf 89' lang='lat' dir='ltr'><strong>ll,</strong></span> <span class='ocrx_word' id='word_1_14' title='bbox 2884 500 3025 557; x_wconf 84' lang='grc'>1020</span> <span class='ocrx_word' id='word_1_15' title='bbox 3070 500 3134 567; x_wconf 84' lang='grc' dir='ltr'><strong><em>Α,</em></strong></span> <span class='ocrx_word' id='word_1_16' title='bbox 3190 499 3341 570; x_wconf 83' lang='lat' dir='ltr'><strong>Quod</strong></span> <span class='ocrx_word' id='word_1_17' title='bbox 3381 500 3483 558; x_wconf 86' lang='lat' dir='ltr'><strong>sint</strong></span> <span class='ocrx_word' id='word_1_18' title='bbox 3529 500 3770 573; x_wconf 65' lang='lat' dir='ltr'><strong>quaedam</strong></span> <span class='ocrx_word' id='word_1_19' title='bbox 3798 502 3991 558; x_wconf 83' lang='lat' dir='ltr'><strong>delicta</strong></span> 
     </span>
    </p>
   </div>
   <div class='ocr_carea' id='block_1_5' title="bbox 698 572 2289 646">
    <p class='ocr_par' dir='ltr' id='par_1_5' title="bbox 698 572 2289 646">
     <span class='ocr_line' id='line_1_5' title="bbox 698 572 2289 646; baseline -0.003 -16"><span class='ocrx_word' id='word_1_20' title='bbox 698 578 859 632; x_wconf 81' lang='lat' dir='ltr'><strong>etiam</strong></span> <span class='ocrx_word' id='word_1_21' title='bbox 901 578 1028 632; x_wconf 88' lang='lat' dir='ltr'><strong>citat</strong></span> <span class='ocrx_word' id='word_1_22' title='bbox 1068 575 1448 646; x_wconf 71' lang='lat' dir='ltr'><strong>Exomologcsis</strong></span> <span class='ocrx_word' id='word_1_23' title='bbox 1495 576 1646 631; x_wconf 90' lang='lat' dir='ltr'><strong>titulo</strong></span> <span class='ocrx_word' id='word_1_24' title='bbox 1688 572 1985 646; x_wconf 82' lang='lat' dir='ltr'><strong>Cyprianus</strong></span> <span class='ocrx_word' id='word_1_25' title='bbox 2030 575 2179 629; x_wconf 89' lang='lat' dir='ltr'><strong>libris</strong></span> <span class='ocrx_word' id='word_1_26' title='bbox 2226 572 2289 626; x_wconf 86' lang='lat' dir='ltr'><strong>de</strong></span> 
     </span>
    </p>
   </div>
   <div class='ocr_carea' id='block_1_6' title="bbox 699 646 1379 714">
    <p class='ocr_par' dir='ltr' id='par_1_6' title="bbox 699 646 1379 714">
     <span class='ocr_line' id='line_1_6' title="bbox 699 646 1379 714; baseline -0.004 -12"><span class='ocrx_word' id='word_1_27' title='bbox 699 647 881 714; x_wconf 88' lang='lat' dir='ltr'><strong>Lapsis</strong></span> <span class='ocrx_word' id='word_1_28' title='bbox 909 656 964 703; x_wconf 85' lang='lat' dir='ltr'><strong>et</strong></span> <span class='ocrx_word' id='word_1_29' title='bbox 1009 646 1153 702; x_wconf 85' lang='lat' dir='ltr'><strong>Orat.</strong></span> <span class='ocrx_word' id='word_1_30' title='bbox 1186 647 1379 701; x_wconf 89' lang='lat' dir='ltr'><strong>domin.</strong></span> 
     </span>
    </p>
   </div>
   <div class='ocr_carea' id='block_1_7' title="bbox 773 716 1655 783">
    <p class='ocr_par' dir='ltr' id='par_1_7' title="bbox 773 716 1655 783">
     <span class='ocr_line' id='line_1_7' title="bbox 773 716 1655 783; baseline -0.002 -7"><span class='ocrx_word' id='word_1_31' title='bbox 773 720 1307 776; x_wconf 69' lang='lat' dir='ltr'><strong>lNAPPREﬂBNSIBlLIS.</strong></span> <span class='ocrx_word' id='word_1_32' title='bbox 1339 716 1415 783; x_wconf 87' lang='lat' dir='ltr'><strong>ll,</strong></span> <span class='ocrx_word' id='word_1_33' title='bbox 1450 716 1559 774; x_wconf 79' lang='grc'><strong>256</strong></span> <span class='ocrx_word' id='word_1_34' title='bbox 1588 719 1655 774; x_wconf 85' lang='grc' dir='ltr'><strong>Λ.</strong></span> 
     </span>
    </p>
   </div>
   <div class='ocr_carea' id='block_1_8' title="bbox 772 789 2290 857">
    <p class='ocr_par' dir='ltr' id='par_1_8' title="bbox 772 789 2290 857">
     <span class='ocr_line' id='line_1_8' title="bbox 772 789 2290 857; baseline -0.002 -12"><span class='ocrx_word' id='word_1_35' title='bbox 772 791 1067 847; x_wconf 67' lang='lat' dir='ltr'><strong>lxnoxt&#39;rtts.</strong></span> <span class='ocrx_word' id='word_1_36' title='bbox 1094 789 1145 856; x_wconf 87' lang='grc' dir='ltr'><strong><em>Ι,</em></strong></span> <span class='ocrx_word' id='word_1_37' title='bbox 1174 790 1277 845; x_wconf 73' lang='grc'>624</span> <span class='ocrx_word' id='word_1_38' title='bbox 1308 792 1349 844; x_wconf 88' lang='grc' dir='ltr'><strong>Λ</strong></span> <span class='ocrx_word' id='word_1_39' title='bbox 1372 831 1386 857; x_wconf 91' lang='grc'><strong>,</strong></span> <span class='ocrx_word' id='word_1_40' title='bbox 1436 789 1532 845; x_wconf 87' lang='lat' dir='ltr'><strong>Ubi</strong></span> <span class='ocrx_word' id='word_1_41' title='bbox 1562 791 1725 846; x_wconf 89' lang='lat' dir='ltr'><strong>onmis</strong></span> <span class='ocrx_word' id='word_1_42' title='bbox 1750 791 1938 845; x_wconf 76' lang='lat' dir='ltr'><strong>duritia</strong></span> <span class='ocrx_word' id='word_1_43' title='bbox 1966 800 2010 845; x_wconf 90' lang='lat' dir='ltr'><strong>et</strong></span> <span class='ocrx_word' id='word_1_44' title='bbox 2039 789 2290 845; x_wconf 88' lang='lat' dir='ltr'><strong>inbonitas</strong></span> 
     </span>
    </p>
   </div>
   <div class='ocr_carea' id='block_1_9' title="bbox 703 862 1311 916">
    <p class='ocr_par' dir='ltr' id='par_1_9' title="bbox 703 862 1311 916">
     <span class='ocr_line' id='line_1_9' title="bbox 703 862 1311 916; baseline -0.002 0"><span class='ocrx_word' id='word_1_45' title='bbox 703 870 747 916; x_wconf 87' lang='lat' dir='ltr'><strong>ct</strong></span> <span class='ocrx_word' id='word_1_46' title='bbox 777 863 1049 916; x_wconf 72' lang='lat' dir='ltr'><strong>insuavitas</strong></span> <span class='ocrx_word' id='word_1_47' title='bbox 1074 862 1311 915; x_wconf 71' lang='lat' dir='ltr'><strong>constitit.</strong></span> 
     </span>
    </p>
   </div>
   <div class='ocr_carea' id='block_1_10' title="bbox 773 931 2291 1005">
    <p class='ocr_par' dir='ltr' id='par_1_10' title="bbox 773 931 2291 1005">
     <span class='ocr_line' id='line_1_10' title="bbox 773 931 2291 1005; baseline -0.001 -17"><span class='ocrx_word' id='word_1_48' title='bbox 773 934 1050 1005; x_wconf 57' lang='lat' dir='ltr'><strong>luemus.</strong></span> <span class='ocrx_word' id='word_1_49' title='bbox 1070 932 1156 1005; x_wconf 12' lang='lat' dir='ltr'><strong>ill,</strong></span> <span class='ocrx_word' id='word_1_50' title='bbox 1179 932 1284 989; x_wconf 90' lang='lat'><strong>970</strong></span> <span class='ocrx_word' id='word_1_51' title='bbox 1311 932 1372 996; x_wconf 92' lang='grc' dir='ltr'><strong>Β,</strong></span> <span class='ocrx_word' id='word_1_52' title='bbox 1403 931 1708 1005; x_wconf 81' lang='lat' dir='ltr'><strong>Martyribus</strong></span> <span class='ocrx_word' id='word_1_53' title='bbox 1741 935 1977 999; x_wconf 81' lang='lat' dir='ltr'><strong>incertis,</strong></span> <span class='ocrx_word' id='word_1_54' title='bbox 2010 933 2043 986; x_wconf 94' lang='lat' dir='ltr'><strong>i.</strong></span> <span class='ocrx_word' id='word_1_55' title='bbox 2074 948 2127 988; x_wconf 88' lang='lat' dir='ltr'><strong>e.</strong></span> <span class='ocrx_word' id='word_1_56' title='bbox 2154 947 2291 1003; x_wconf 89' lang='lat' dir='ltr'><strong>quo-</strong></span> 
     </span>
    </p>
   </div>
   <div class='ocr_carea' id='block_1_11' title="bbox 704 1004 2176 1076">
    <p class='ocr_par' dir='ltr' id='par_1_11' title="bbox 704 1004 2176 1076">
     <span class='ocr_line' id='line_1_11' title="bbox 704 1004 2176 1076; baseline -0.001 -17"><span class='ocrx_word' id='word_1_57' title='bbox 704 1020 823 1059; x_wconf 87' lang='lat' dir='ltr'><strong>rmn</strong></span> <span class='ocrx_word' id='word_1_58' title='bbox 854 1004 985 1059; x_wconf 86' lang='lat' dir='ltr'><strong>ﬁdes</strong></span> <span class='ocrx_word' id='word_1_59' title='bbox 1010 1004 1186 1076; x_wconf 74' lang='lat' dir='ltr'><strong>minus</strong></span> <span class='ocrx_word' id='word_1_60' title='bbox 1209 1013 1490 1076; x_wconf 84' lang='lat' dir='ltr'><strong>_spcctata,</strong></span> <span class='ocrx_word' id='word_1_61' title='bbox 1526 1020 1696 1076; x_wconf 91' lang='lat' dir='ltr'><strong>neque</strong></span> <span class='ocrx_word' id='word_1_62' title='bbox 1728 1006 1855 1059; x_wconf 73' lang='lat' dir='ltr'><strong>satis</strong></span> <span class='ocrx_word' id='word_1_63' title='bbox 1884 1006 2176 1065; x_wconf 74' lang='lat' dir='ltr'><strong>explorata.</strong></span> 
     </span>
    </p>
   </div>
   <div class='ocr_carea' id='block_1_12' title="bbox 776 1074 2291 1146">
    <p class='ocr_par' dir='ltr' id='par_1_12' title="bbox 776 1074 2291 1146">
     <span class='ocr_line' id='line_1_12' title="bbox 776 1074 2291 1146; baseline -0.002 -16"><span class='ocrx_word' id='word_1_64' title='bbox 776 1076 1042 1131; x_wconf 69' lang='lat' dir='ltr'><strong>INCIDERE.</strong></span> <span class='ocrx_word' id='word_1_65' title='bbox 1072 1074 1233 1146; x_wconf 64' lang='lat'><strong>1,429</strong></span> <span class='ocrx_word' id='word_1_66' title='bbox 1255 1074 1319 1139; x_wconf 77' lang='grc' dir='ltr'><strong><em>Α,</em></strong></span> <span class='ocrx_word' id='word_1_67' title='bbox 1353 1074 1630 1146; x_wconf 79' lang='lat' dir='ltr'><strong>Antequam</strong></span> <span class='ocrx_word' id='word_1_68' title='bbox 1661 1078 1743 1129; x_wconf 85' lang='lat' dir='ltr'><strong>isti</strong></span> <span class='ocrx_word' id='word_1_69' title='bbox 1772 1078 1841 1129; x_wconf 86' lang='lat' dir='ltr'><strong>dii</strong></span> <span class='ocrx_word' id='word_1_70' title='bbox 1869 1078 2225 1138; x_wconf 72' lang='lat' dir='ltr'><strong>inciderentur,</strong></span> <span class='ocrx_word' id='word_1_71' title='bbox 2256 1076 2291 1128; x_wconf 88' lang='lat' dir='ltr'><strong>i.</strong></span> 
     </span>
    </p>
   </div>
   <div class='ocr_carea' id='block_1_13' title="bbox 704 1145 2295 1217">
    <p class='ocr_par' dir='ltr' id='par_1_13' title="bbox 704 1145 2295 1217">
     <span class='ocr_line' id='line_1_13' title="bbox 704 1145 2295 1217; baseline -0.002 -16"><span class='ocrx_word' id='word_1_72' title='bbox 704 1162 754 1201; x_wconf 79' lang='grc' dir='ltr'><strong>ο.</strong></span> <span class='ocrx_word' id='word_1_73' title='bbox 790 1147 941 1201; x_wconf 92' lang='lat' dir='ltr'><strong>incisi</strong></span> <span class='ocrx_word' id='word_1_74' title='bbox 991 1145 1347 1217; x_wconf 87' lang='lat' dir='ltr'><strong>insculptique</strong></span> <span class='ocrx_word' id='word_1_75' title='bbox 1392 1145 1627 1214; x_wconf 80' lang='lat' dir='ltr'><strong>fuerant,</strong></span> <span class='ocrx_word' id='word_1_76' title='bbox 1672 1164 1791 1201; x_wconf 89' lang='lat' dir='ltr'><strong>nam</strong></span> <span class='ocrx_word' id='word_1_77' title='bbox 1834 1150 1901 1202; x_wconf 89' lang='lat' dir='ltr'><strong>ab</strong></span> <span class='ocrx_word' id='word_1_78' title='bbox 1951 1148 2295 1214; x_wconf 90' lang='lat' dir='ltr'><strong>inscriptione</strong></span> 
     </span>
    </p>
   </div>
   <div class='ocr_carea' id='block_1_14' title="bbox 706 1216 2293 1287">
    <p class='ocr_par' dir='ltr' id='par_1_14' title="bbox 706 1216 2293 1287">
     <span class='ocr_line' id='line_1_14' title="bbox 706 1216 2293 1287; baseline 0 -15"><span class='ocrx_word' id='word_1_79' title='bbox 706 1220 776 1272; x_wconf 80' lang='lat' dir='ltr'><strong>dii</strong></span> <span class='ocrx_word' id='word_1_80' title='bbox 810 1218 1185 1273; x_wconf 84' lang='lat' dir='ltr'><strong>noscebantur.</strong></span> <span class='ocrx_word' id='word_1_81' title='bbox 1212 1216 1300 1287; x_wconf 12' lang='lat' dir='ltr'><strong>ill,</strong></span> <span class='ocrx_word' id='word_1_82' title='bbox 1334 1218 1441 1273; x_wconf 81' lang='grc'><strong>255</strong></span> <span class='ocrx_word' id='word_1_83' title='bbox 1466 1218 1507 1272; x_wconf 88' lang='lat' dir='ltr'><strong><em>C</em></strong></span> <span class='ocrx_word' id='word_1_84' title='bbox 1532 1261 1547 1284; x_wconf 91' lang='lat'><strong>,</strong></span> <span class='ocrx_word' id='word_1_85' title='bbox 1592 1221 1753 1287; x_wconf 85' lang='lat' dir='ltr'><strong>Quem</strong></span> <span class='ocrx_word' id='word_1_86' title='bbox 1780 1220 1980 1273; x_wconf 90' lang='lat' dir='ltr'><strong>titulum</strong></span> <span class='ocrx_word' id='word_1_87' title='bbox 2012 1218 2293 1272; x_wconf 78' lang='lat' dir='ltr'><strong>incidemus</strong></span> 
     </span>
    </p>
   </div>
   <div class='ocr_carea' id='block_1_15' title="bbox 706 1286 1515 1353">
    <p class='ocr_par' dir='ltr' id='par_1_15' title="bbox 706 1286 1515 1353">
     <span class='ocr_line' id='line_1_15' title="bbox 706 1286 1515 1353; baseline 0.001 -11"><span class='ocrx_word' id='word_1_88' title='bbox 706 1305 769 1343; x_wconf 78' lang='lat' dir='ltr'><strong>ea;</strong></span> <span class='ocrx_word' id='word_1_89' title='bbox 804 1286 997 1342; x_wconf 84' lang='lat' dir='ltr'><strong>duobus</strong></span> <span class='ocrx_word' id='word_1_90' title='bbox 1017 1330 1031 1353; x_wconf 87' lang='lat'><strong>,</strong></span> <span class='ocrx_word' id='word_1_91' title='bbox 1074 1288 1169 1342; x_wconf 90' lang='lat' dir='ltr'><strong>deo</strong></span> <span class='ocrx_word' id='word_1_92' title='bbox 1196 1286 1515 1343; x_wconf 79' lang='lat' dir='ltr'><strong>Marcionis?</strong></span> 
     </span>
    </p>
   </div>
   <div class='ocr_carea' id='block_1_16' title="bbox 779 1358 2297 1431">
    <p class='ocr_par' dir='ltr' id='par_1_16' title="bbox 779 1358 2297 1431">
     <span class='ocr_line' id='line_1_16' title="bbox 779 1358 2297 1431; baseline 0 -17"><span class='ocrx_word' id='word_1_93' title='bbox 779 1360 1097 1415; x_wconf 69' lang='lat' dir='ltr'><strong>INCLUDERE.</strong></span> <span class='ocrx_word' id='word_1_94' title='bbox 1129 1358 1180 1426; x_wconf 90' lang='grc' dir='ltr'><strong><em>Ι,</em></strong></span> <span class='ocrx_word' id='word_1_95' title='bbox 1220 1360 1358 1431; x_wconf 86' lang='grc'>1256</span> <span class='ocrx_word' id='word_1_96' title='bbox 1387 1359 1458 1427; x_wconf 77' lang='grc' dir='ltr'><strong>Β,</strong></span> <span class='ocrx_word' id='word_1_97' title='bbox 1506 1360 1611 1416; x_wconf 90' lang='lat' dir='ltr'><strong>Sed</strong></span> <span class='ocrx_word' id='word_1_98' title='bbox 1640 1361 1899 1416; x_wconf 95' lang='lat' dir='ltr'><strong>includere</strong></span> <span class='ocrx_word' id='word_1_99' title='bbox 1946 1378 2057 1415; x_wconf 92' lang='lat' dir='ltr'><strong>eam</strong></span> <span class='ocrx_word' id='word_1_100' title='bbox 2084 1360 2100 1427; x_wconf 85' lang='lat'>(</span> <span class='ocrx_word' id='word_1_101' title='bbox 2124 1360 2297 1431; x_wconf 81' lang='lat' dir='ltr'><strong>pmni-</strong></span> 
     </span>
    </p>
   </div>
   <div class='ocr_carea' id='block_1_17' title="bbox 709 1430 2293 1554">
    <p class='ocr_par' dir='ltr' id='par_1_17' title="bbox 709 1430 2293 1554">
     <span class='ocr_line' id='line_1_17' title="bbox 709 1430 2293 1554; baseline -0.001 -70"><span class='ocrx_word' id='word_1_102' title='bbox 709 1433 963 1554; x_wconf 47' lang='lat' dir='ltr'><strong>teutiamj</strong></span> <span class='ocrx_word' id='word_1_103' title='bbox 1008 1431 1300 1501; x_wconf 85' lang='lat' dir='ltr'><strong>negligant,</strong></span> <span class='ocrx_word' id='word_1_104' title='bbox 1335 1430 1597 1501; x_wconf 88' lang='lat' dir='ltr'><strong>baptismo</strong></span> <span class='ocrx_word' id='word_1_105' title='bbox 1644 1434 1879 1497; x_wconf 90' lang='lat' dir='ltr'><strong>scilicet,</strong></span> <span class='ocrx_word' id='word_1_106' title='bbox 1923 1435 2013 1502; x_wconf 92' lang='lat' dir='ltr'><strong>qui</strong></span> <span class='ocrx_word' id='word_1_107' title='bbox 2061 1430 2293 1486; x_wconf 86' lang='lat' dir='ltr'><strong>etobsi-</strong></span> 
     </span>
     <span class='ocr_line' id='line_1_18' title="bbox 709 1502 2293 1554; baseline 0 0"><span class='ocrx_word' id='word_1_108' title='bbox 709 1503 881 1554; x_wconf 87' lang='lat' dir='ltr'><strong>anatio</strong></span> <span class='ocrx_word' id='word_1_109' title='bbox 962 1502 1135 1554; x_wconf 80' lang='lat' dir='ltr'><strong>icitur.</strong></span> <span class='ocrx_word' id='word_1_110' title='bbox 1184 1502 1247 1554; x_wconf 88' lang='lat' dir='ltr'><strong>Et</strong></span> <span class='ocrx_word' id='word_1_111' title='bbox 1274 1502 1388 1554; x_wconf 85' lang='lat' dir='ltr'><strong>inse</strong></span> <span class='ocrx_word' id='word_1_112' title='bbox 1417 1503 1572 1554; x_wconf 79' lang='lat' dir='ltr'><strong>paulo</strong></span> <span class='ocrx_word' id='word_1_113' title='bbox 1607 1514 1764 1554; x_wconf 79' lang='lat' dir='ltr'><strong>00st:</strong></span> <span class='ocrx_word' id='word_1_114' title='bbox 1802 1503 2105 1554; x_wconf 86' lang='lat' dir='ltr'><strong>Intentionis</strong></span> <span class='ocrx_word' id='word_1_115' title='bbox 2132 1519 2293 1554; x_wconf 87' lang='lat' dir='ltr'><strong>serant</strong></span> 
     </span>
    </p>
   </div>
   <div class='ocr_carea' id='block_1_18' title="bbox 707 1502 2299 1573">
    <p class='ocr_par' dir='ltr' id='par_1_18' title="bbox 707 1502 2299 1573">
     <span class='ocr_line' id='line_1_19' title="bbox 707 1502 2299 1573; baseline 0.002 -21"><span class='ocrx_word' id='word_1_116' title='bbox 707 1503 881 1573; x_wconf 83' lang='lat' dir='ltr'><strong>gnalio</strong></span> <span class='ocrx_word' id='word_1_117' title='bbox 923 1502 1135 1557; x_wconf 79' lang='lat' dir='ltr'><strong>dicitur.</strong></span> <span class='ocrx_word' id='word_1_118' title='bbox 1184 1502 1247 1556; x_wconf 88' lang='lat' dir='ltr'><strong>Et</strong></span> <span class='ocrx_word' id='word_1_119' title='bbox 1274 1502 1388 1571; x_wconf 90' lang='lat' dir='ltr'><strong>ipse</strong></span> <span class='ocrx_word' id='word_1_120' title='bbox 1416 1503 1572 1572; x_wconf 86' lang='lat' dir='ltr'><strong>paulo</strong></span> <span class='ocrx_word' id='word_1_121' title='bbox 1607 1514 1764 1573; x_wconf 83' lang='lat' dir='ltr'><strong>post:</strong></span> <span class='ocrx_word' id='word_1_122' title='bbox 1802 1503 2105 1557; x_wconf 86' lang='lat' dir='ltr'><strong>lntentionis</strong></span> <span class='ocrx_word' id='word_1_123' title='bbox 2132 1519 2299 1555; x_wconf 85' lang='lat' dir='ltr'><strong>serant</strong></span> 
     </span>
    </p>
   </div>
   <div class='ocr_carea' id='block_1_19' title="bbox 708 1573 2299 1644">
    <p class='ocr_par' dir='ltr' id='par_1_19' title="bbox 708 1573 2299 1644">
     <span class='ocr_line' id='line_1_20' title="bbox 708 1573 2299 1644; baseline -0.001 -17"><span class='ocrx_word' id='word_1_124' title='bbox 708 1574 1048 1644; x_wconf 57' lang='lat' dir='ltr'><strong>obstructum.</strong></span> <span class='ocrx_word' id='word_1_125' title='bbox 1086 1573 1397 1628; x_wconf 71' lang='lat' dir='ltr'><strong>Ptenilentia</strong></span> <span class='ocrx_word' id='word_1_126' title='bbox 1445 1575 1615 1644; x_wconf 85' lang='lat' dir='ltr'><strong>igitur</strong></span> <span class='ocrx_word' id='word_1_127' title='bbox 1655 1584 1710 1629; x_wconf 89' lang='lat' dir='ltr'><strong>et</strong></span> <span class='ocrx_word' id='word_1_128' title='bbox 1744 1574 1875 1628; x_wconf 82' lang='lat' dir='ltr'><strong>ﬁdes</strong></span> <span class='ocrx_word' id='word_1_129' title='bbox 1906 1586 2033 1630; x_wconf 90' lang='lat' dir='ltr'><strong>tunc</strong></span> <span class='ocrx_word' id='word_1_130' title='bbox 2076 1574 2299 1628; x_wconf 85' lang='lat' dir='ltr'><strong>includi-</strong></span> 
     </span>
    </p>
   </div>
   <div class='ocr_carea' id='block_1_20' title="bbox 709 1642 2298 1714">
    <p class='ocr_par' dir='ltr' id='par_1_20' title="bbox 709 1642 2298 1714">
     <span class='ocr_line' id='line_1_21' title="bbox 709 1642 2298 1714; baseline 0.002 -19"><span class='ocrx_word' id='word_1_131' title='bbox 709 1652 796 1698; x_wconf 92' lang='lat' dir='ltr'><strong>tur</strong></span> <span class='ocrx_word' id='word_1_132' title='bbox 828 1685 842 1706; x_wconf 85' lang='lat'><strong>,</strong></span> <span class='ocrx_word' id='word_1_133' title='bbox 884 1659 1006 1699; x_wconf 90' lang='lat' dir='ltr'><strong>cum</strong></span> <span class='ocrx_word' id='word_1_134' title='bbox 1038 1642 1091 1697; x_wconf 87' lang='lat' dir='ltr'><strong>in</strong></span> <span class='ocrx_word' id='word_1_135' title='bbox 1134 1642 1776 1714; x_wconf 53' lang='lat' dir='ltr'><strong>baptismum&#39;deducitur</strong></span> <span class='ocrx_word' id='word_1_136' title='bbox 1810 1686 1825 1710; x_wconf 90' lang='lat'><strong>,</strong></span> <span class='ocrx_word' id='word_1_137' title='bbox 1878 1647 2018 1701; x_wconf 86' lang='lat' dir='ltr'><strong>sicut</strong></span> <span class='ocrx_word' id='word_1_138' title='bbox 2060 1645 2298 1699; x_wconf 90' lang='lat' dir='ltr'><strong>actiones</strong></span> 
     </span>
    </p>
   </div>
   <div class='ocr_carea' id='block_1_21' title="bbox 704 1714 2297 1798">
    <p class='ocr_par' dir='ltr' id='par_1_21' title="bbox 704 1714 2297 1798">
     <span class='ocr_line' id='line_1_22' title="bbox 704 1714 2297 1798; baseline 0.002 -32"><span class='ocrx_word' id='word_1_139' title='bbox 704 1714 906 1798; x_wconf 74' lang='lat' dir='ltr'><strong>judicio</strong></span> <span class='ocrx_word' id='word_1_140' title='bbox 948 1715 1180 1798; x_wconf 58' lang='lat' dir='ltr'><strong>inclusas</strong></span> <span class='ocrx_word' id='word_1_141' title='bbox 1224 1714 1359 1769; x_wconf 80' lang='lat' dir='ltr'><strong>dixit</strong></span> <span class='ocrx_word' id='word_1_142' title='bbox 1387 1716 1565 1798; x_wconf 44' lang='lat' dir='ltr'><strong>.Caitts</strong></span> <span class='ocrx_word' id='word_1_143' title='bbox 1590 1758 1604 1782; x_wconf 89' lang='lat'><strong>,</strong></span> <span class='ocrx_word' id='word_1_144' title='bbox 1637 1732 1762 1798; x_wconf 80' lang='lat' dir='ltr'><strong>qua:_</strong></span> <span class='ocrx_word' id='word_1_145' title='bbox 1794 1726 1918 1798; x_wconf 75' lang='lat' dir='ltr'><strong>sunt</strong></span> <span class='ocrx_word' id='word_1_146' title='bbox 1965 1720 2014 1772; x_wconf 90' lang='lat' dir='ltr'><strong>in</strong></span> <span class='ocrx_word' id='word_1_147' title='bbox 2040 1716 2297 1798; x_wconf 70' lang='lat' dir='ltr'><strong>judicium</strong></span> 
     </span>
    </p>
   </div>
   <div class='ocr_carea' id='block_1_22' title="bbox 710 1785 2295 1857">
    <p class='ocr_par' dir='ltr' id='par_1_22' title="bbox 710 1785 2295 1857">
     <span class='ocr_line' id='line_1_23' title="bbox 710 1785 2295 1857; baseline 0.001 -18"><span class='ocrx_word' id='word_1_148' title='bbox 710 1785 976 1840; x_wconf 66' lang='lat' dir='ltr'><strong>deductae.</strong></span> <span class='ocrx_word' id='word_1_149' title='bbox 1006 1786 1173 1841; x_wconf 87' lang='lat' dir='ltr'><strong>Porro</strong></span> <span class='ocrx_word' id='word_1_150' title='bbox 1196 1826 1212 1853; x_wconf 93' lang='lat'><strong>,</strong></span> <span class='ocrx_word' id='word_1_151' title='bbox 1262 1786 1627 1855; x_wconf 67' lang='lat' dir='ltr'><strong>paenitentiam</strong></span> <span class='ocrx_word' id='word_1_152' title='bbox 1655 1785 1935 1843; x_wconf 83' lang='lat' dir='ltr'><strong>includere</strong></span> <span class='ocrx_word' id='word_1_153' title='bbox 1983 1788 2295 1857; x_wconf 83' lang='lat' dir='ltr'><strong>negligant,</strong></span> 
     </span>
    </p>
   </div>
   <div class='ocr_carea' id='block_1_23' title="bbox 708 1857 2299 1927">
    <p class='ocr_par' dir='ltr' id='par_1_23' title="bbox 708 1857 2299 1927">
     <span class='ocr_line' id='line_1_24' title="bbox 708 1857 2299 1927; baseline 0.001 -18"><span class='ocrx_word' id='word_1_154' title='bbox 708 1857 800 1926; x_wconf 86' lang='lat' dir='ltr'><strong>qui</strong></span> <span class='ocrx_word' id='word_1_155' title='bbox 843 1857 1080 1927; x_wconf 86' lang='lat' dir='ltr'><strong>pristinis</strong></span> <span class='ocrx_word' id='word_1_156' title='bbox 1138 1873 1280 1927; x_wconf 80' lang='lat' dir='ltr'><strong>:rgre</strong></span> <span class='ocrx_word' id='word_1_157' title='bbox 1328 1859 1668 1926; x_wconf 87' lang='lat' dir='ltr'><strong>renuntiant,</strong></span> <span class='ocrx_word' id='word_1_158' title='bbox 1715 1860 1867 1927; x_wconf 87' lang='lat' dir='ltr'><strong>quasi</strong></span> <span class='ocrx_word' id='word_1_159' title='bbox 1914 1858 2299 1913; x_wconf 82' lang='lat' dir='ltr'><strong>maleﬁciorum</strong></span> 
     </span>
    </p>
   </div>
   <div class='ocr_carea' id='block_1_24' title="bbox 710 1928 2300 2053">
    <p class='ocr_par' dir='ltr' id='par_1_24' title="bbox 710 1928 2300 2053">
     <span class='ocr_line' id='line_1_25' title="bbox 710 1928 2300 2053; baseline 0.001 -73"><span class='ocrx_word' id='word_1_160' title='bbox 710 1942 917 2053; x_wconf 75' lang='lat' dir='ltr'><strong>Stlllllllla</strong></span> <span class='ocrx_word' id='word_1_161' title='bbox 946 1944 1105 2001; x_wconf 89' lang='lat' dir='ltr'><strong>quam</strong></span> <span class='ocrx_word' id='word_1_162' title='bbox 1132 1928 1326 1984; x_wconf 88' lang='lat' dir='ltr'><strong>includi</strong></span> <span class='ocrx_word' id='word_1_163' title='bbox 1355 1930 1620 2001; x_wconf 88' lang='lat' dir='ltr'><strong>baptismo</strong></span> <span class='ocrx_word' id='word_1_164' title='bbox 1641 1930 1860 1998; x_wconf 88' lang='lat' dir='ltr'><strong>volunt,</strong></span> <span class='ocrx_word' id='word_1_165' title='bbox 1892 1930 2130 1985; x_wconf 89' lang='lat' dir='ltr'><strong>nondum</strong></span> <span class='ocrx_word' id='word_1_166' title='bbox 2152 1944 2300 1985; x_wconf 93' lang='lat' dir='ltr'><strong>com-</strong></span> 
     </span>
     <span class='ocr_line' id='line_1_26' title="bbox 710 2009 873 2053; baseline 0 0"><span class='ocrx_word' id='word_1_167' title='bbox 710 2015 742 2053; x_wconf 79' lang='lat' dir='ltr'><strong>lt</strong></span> <span class='ocrx_word' id='word_1_168' title='bbox 768 2009 873 2053; x_wconf 88' lang='lat' dir='ltr'><strong>eta.</strong></span> 
     </span>
    </p>
   </div>
   <div class='ocr_carea' id='block_1_25' title="bbox 710 2009 873 2069">
    <p class='ocr_par' dir='ltr' id='par_1_25' title="bbox 710 2009 873 2069">
     <span class='ocr_line' id='line_1_27' title="bbox 710 2009 873 2069; baseline 0.031 -20"><span class='ocrx_word' id='word_1_169' title='bbox 710 2009 873 2069; x_wconf 77' lang='lat' dir='ltr'><strong>pteta.</strong></span> 
     </span>
    </p>
   </div>
   <div class='ocr_carea' id='block_1_26' title="bbox 784 2092 2303 2165">
    <p class='ocr_par' dir='ltr' id='par_1_26' title="bbox 784 2092 2303 2165">
     <span class='ocr_line' id='line_1_28' title="bbox 784 2092 2303 2165; baseline 0.001 -17"><span class='ocrx_word' id='word_1_170' title='bbox 784 2093 1097 2165; x_wconf 68' lang='lat' dir='ltr'><strong>lucocuus,</strong></span> <span class='ocrx_word' id='word_1_171' title='bbox 1128 2092 1357 2158; x_wconf 85' lang='lat' dir='ltr'><strong>mansio,</strong></span> <span class='ocrx_word' id='word_1_172' title='bbox 1388 2092 1737 2149; x_wconf 89' lang='lat' dir='ltr'><strong>domicilium.</strong></span> <span class='ocrx_word' id='word_1_173' title='bbox 1770 2094 1906 2158; x_wconf 78' lang='lat' dir='ltr'><strong>Vox,</strong></span> <span class='ocrx_word' id='word_1_174' title='bbox 1940 2110 2040 2165; x_wconf 88' lang='lat' dir='ltr'><strong>qua</strong></span> <span class='ocrx_word' id='word_1_175' title='bbox 2063 2108 2192 2149; x_wconf 90' lang='lat' dir='ltr'><strong>usus</strong></span> <span class='ocrx_word' id='word_1_176' title='bbox 2220 2101 2303 2149; x_wconf 89' lang='lat' dir='ltr'><strong>est</strong></span> 
     </span>
    </p>
   </div>
   <div class='ocr_carea' id='block_1_27' title="bbox 715 2164 2299 2235">
    <p class='ocr_par' dir='ltr' id='par_1_27' title="bbox 715 2164 2299 2235">
     <span class='ocr_line' id='line_1_29' title="bbox 715 2164 2299 2235; baseline 0.003 -18"><span class='ocrx_word' id='word_1_177' title='bbox 715 2174 771 2235; x_wconf 76' lang='lat' dir='ltr'><strong>et</strong></span> <span class='ocrx_word' id='word_1_178' title='bbox 796 2164 981 2228; x_wconf 87' lang='lat' dir='ltr'><strong>Varro,</strong></span> <span class='ocrx_word' id='word_1_179' title='bbox 1023 2180 1180 2235; x_wconf 86' lang='lat' dir='ltr'><strong>quem</strong></span> <span class='ocrx_word' id='word_1_180' title='bbox 1226 2165 1445 2219; x_wconf 90' lang='lat' dir='ltr'><strong>multum</strong></span> <span class='ocrx_word' id='word_1_181' title='bbox 1478 2167 1713 2220; x_wconf 82' lang='lat' dir='ltr'><strong>imitatur</strong></span> <span class='ocrx_word' id='word_1_182' title='bbox 1756 2164 1980 2221; x_wconf 86' lang='lat' dir='ltr'><strong>Tertull.</strong></span> <span class='ocrx_word' id='word_1_183' title='bbox 2029 2166 2201 2230; x_wconf 70' lang='lat'><strong>1,409</strong></span> <span class='ocrx_word' id='word_1_184' title='bbox 2230 2165 2299 2231; x_wconf 85' lang='grc' dir='ltr'><strong><em>Α,</em></strong></span> 
     </span>
    </p>
   </div>
   <div class='ocr_carea' id='block_1_28' title="bbox 722 2233 2303 2305">
    <p class='ocr_par' dir='ltr' id='par_1_28' title="bbox 722 2233 2303 2305">
     <span class='ocr_line' id='line_1_30' title="bbox 722 2233 2303 2305; baseline 0.001 -16"><span class='ocrx_word' id='word_1_185' title='bbox 722 2233 919 2290; x_wconf 91' lang='lat' dir='ltr'><strong>llabent</strong></span> <span class='ocrx_word' id='word_1_186' title='bbox 948 2236 1011 2291; x_wconf 90' lang='lat' dir='ltr'><strong>de</strong></span> <span class='ocrx_word' id='word_1_187' title='bbox 1044 2233 1275 2290; x_wconf 74' lang='lat' dir='ltr'><strong>incolatu</strong></span> <span class='ocrx_word' id='word_1_188' title='bbox 1303 2238 1452 2291; x_wconf 89' lang='lat' dir='ltr'><strong>aeris.</strong></span> <span class='ocrx_word' id='word_1_189' title='bbox 1484 2238 1547 2301; x_wconf 91' lang='lat' dir='ltr'><strong>ll,</strong></span> <span class='ocrx_word' id='word_1_190' title='bbox 1594 2237 1700 2293; x_wconf 88' lang='grc'><strong>855</strong></span> <span class='ocrx_word' id='word_1_191' title='bbox 1730 2236 1795 2302; x_wconf 83' lang='grc' dir='ltr'><strong><em>Λ,</em></strong></span> <span class='ocrx_word' id='word_1_192' title='bbox 1841 2236 1965 2291; x_wconf 85' lang='lat' dir='ltr'><strong>Vere</strong></span> <span class='ocrx_word' id='word_1_193' title='bbox 1996 2247 2175 2291; x_wconf 88' lang='lat' dir='ltr'><strong>sancta</strong></span> <span class='ocrx_word' id='word_1_194' title='bbox 2214 2254 2303 2305; x_wconf 88' lang='lat' dir='ltr'><strong>per</strong></span> 
     </span>
    </p>
   </div>
   <div class='ocr_carea' id='block_1_29' title="bbox 714 2307 2301 2376">
    <p class='ocr_par' dir='ltr' id='par_1_29' title="bbox 714 2307 2301 2376">
     <span class='ocr_line' id='line_1_31' title="bbox 714 2307 2301 2376; baseline 0.001 -17"><span class='ocrx_word' id='word_1_195' title='bbox 714 2308 990 2361; x_wconf 85' lang='lat' dir='ltr'><strong>incolatutn</strong></span> <span class='ocrx_word' id='word_1_196' title='bbox 1017 2307 1244 2376; x_wconf 78' lang='lat' dir='ltr'><strong>Spiritus</strong></span> <span class='ocrx_word' id='word_1_197' title='bbox 1291 2309 1472 2362; x_wconf 78' lang='lat' dir='ltr'><strong>sancti.</strong></span> <span class='ocrx_word' id='word_1_198' title='bbox 1502 2308 1565 2369; x_wconf 85' lang='lat' dir='ltr'><strong>ll.</strong></span> <span class='ocrx_word' id='word_1_199' title='bbox 1589 2308 1691 2363; x_wconf 64' lang='grc'><strong>717</strong></span> <span class='ocrx_word' id='word_1_200' title='bbox 1719 2309 1779 2372; x_wconf 86' lang='lat' dir='ltr'><strong>C,</strong></span> <span class='ocrx_word' id='word_1_201' title='bbox 1803 2307 2145 2362; x_wconf 80' lang='lat' dir='ltr'><strong>Evocaturam</strong></span> <span class='ocrx_word' id='word_1_202' title='bbox 2167 2325 2221 2363; x_wconf 88' lang='lat' dir='ltr'><strong>se</strong></span> <span class='ocrx_word' id='word_1_203' title='bbox 2239 2307 2301 2360; x_wconf 90' lang='lat' dir='ltr'><strong>ab</strong></span> 
     </span>
    </p>
   </div>
   <div class='ocr_carea' id='block_1_30' title="bbox 714 2378 2303 2461">
    <p class='ocr_par' dir='ltr' id='par_1_30' title="bbox 714 2378 2303 2461">
     <span class='ocr_line' id='line_1_32' title="bbox 714 2378 2303 2461; baseline 0.001 -32"><span class='ocrx_word' id='word_1_204' title='bbox 714 2379 935 2461; x_wconf 53' lang='lat' dir='ltr'><strong>inferum</strong></span> <span class='ocrx_word' id='word_1_205' title='bbox 960 2380 1188 2461; x_wconf 73' lang='lat' dir='ltr'><strong>incolatu</strong></span> <span class='ocrx_word' id='word_1_206' title='bbox 1223 2380 1507 2461; x_wconf 72' lang='lat' dir='ltr'><strong>pollicetur.</strong></span> <span class='ocrx_word' id='word_1_207' title='bbox 1539 2378 1603 2440; x_wconf 84' lang='lat' dir='ltr'><strong>ll,</strong></span> <span class='ocrx_word' id='word_1_208' title='bbox 1634 2378 1705 2433; x_wconf 86' lang='lat'><strong>96</strong></span> <span class='ocrx_word' id='word_1_209' title='bbox 1719 2379 1799 2443; x_wconf 83' lang='lat' dir='ltr'><strong>’A,</strong></span> <span class='ocrx_word' id='word_1_210' title='bbox 1834 2379 1907 2433; x_wconf 81' lang='lat' dir='ltr'><strong>Ab</strong></span> <span class='ocrx_word' id='word_1_211' title='bbox 1936 2380 2047 2449; x_wconf 91' lang='lat' dir='ltr'><strong>ipso</strong></span> <span class='ocrx_word' id='word_1_212' title='bbox 2076 2379 2303 2433; x_wconf 84' lang='lat' dir='ltr'><strong>incolatu</strong></span> 
     </span>
    </p>
   </div>
   <div class='ocr_carea' id='block_1_31' title="bbox 718 2448 1557 2519">
    <p class='ocr_par' dir='ltr' id='par_1_31' title="bbox 718 2448 1557 2519">
     <span class='ocr_line' id='line_1_33' title="bbox 718 2448 1557 2519; baseline 0.001 -17"><span class='ocrx_word' id='word_1_213' title='bbox 718 2448 997 2519; x_wconf 79' lang='lat' dir='ltr'><strong>Babylonis</strong></span> <span class='ocrx_word' id='word_1_214' title='bbox 1028 2449 1166 2502; x_wconf 88' lang='lat' dir='ltr'><strong>illius</strong></span> <span class='ocrx_word' id='word_1_215' title='bbox 1187 2448 1557 2503; x_wconf 77' lang='lat' dir='ltr'><strong>submoventur.</strong></span> 
     </span>
    </p>
   </div>
   <div class='ocr_carea' id='block_1_32' title="bbox 789 2538 2303 2608">
    <p class='ocr_par' dir='ltr' id='par_1_32' title="bbox 789 2538 2303 2608">
     <span class='ocr_line' id='line_1_34' title="bbox 789 2538 2303 2608; baseline -0.001 -14"><span class='ocrx_word' id='word_1_216' title='bbox 789 2538 1071 2596; x_wconf 65' lang='lat' dir='ltr'><strong>lncoccns.</strong></span> <span class='ocrx_word' id='word_1_217' title='bbox 1098 2539 1140 2603; x_wconf 87' lang='grc' dir='ltr'><strong><em>Ι,</em></strong></span> <span class='ocrx_word' id='word_1_218' title='bbox 1171 2539 1276 2596; x_wconf 78' lang='grc'>645</span> <span class='ocrx_word' id='word_1_219' title='bbox 1298 2540 1357 2607; x_wconf 88' lang='grc' dir='ltr'><strong>Β,</strong></span> <span class='ocrx_word' id='word_1_220' title='bbox 1397 2540 1498 2608; x_wconf 90' lang='lat' dir='ltr'><strong>Qui</strong></span> <span class='ocrx_word' id='word_1_221' title='bbox 1533 2542 1737 2595; x_wconf 89' lang='lat' dir='ltr'><strong>nomina</strong></span> <span class='ocrx_word' id='word_1_222' title='bbox 1782 2541 2011 2595; x_wconf 87' lang='lat' dir='ltr'><strong>incolunt</strong></span> <span class='ocrx_word' id='word_1_223' title='bbox 2036 2549 2303 2595; x_wconf 90' lang='lat' dir='ltr'><strong>auctorum</strong></span> 
     </span>
    </p>
   </div>
   <div class='ocr_carea' id='block_1_33' title="bbox 716 2610 2303 2683">
    <p class='ocr_par' dir='ltr' id='par_1_33' title="bbox 716 2610 2303 2683">
     <span class='ocr_line' id='line_1_35' title="bbox 716 2610 2303 2683; baseline 0 -17"><span class='ocrx_word' id='word_1_224' title='bbox 716 2629 911 2679; x_wconf 87' lang='lat' dir='ltr'><strong>earum,</strong></span> <span class='ocrx_word' id='word_1_225' title='bbox 951 2613 984 2665; x_wconf 93' lang='lat' dir='ltr'><strong>i.</strong></span> <span class='ocrx_word' id='word_1_226' title='bbox 1013 2627 1063 2666; x_wconf 90' lang='lat' dir='ltr'><strong>e.</strong></span> <span class='ocrx_word' id='word_1_227' title='bbox 1095 2610 1385 2683; x_wconf 76' lang='lat' dir='ltr'><strong>honoribus</strong></span> <span class='ocrx_word' id='word_1_228' title='bbox 1424 2611 1749 2683; x_wconf 65' lang='lat' dir='ltr'><strong>daimonum,</strong></span> <span class='ocrx_word' id='word_1_229' title='bbox 1778 2613 1866 2683; x_wconf 85' lang='lat' dir='ltr'><strong>qui</strong></span> <span class='ocrx_word' id='word_1_230' title='bbox 1900 2612 1951 2667; x_wconf 91' lang='lat' dir='ltr'><strong>in</strong></span> <span class='ocrx_word' id='word_1_231' title='bbox 2002 2612 2303 2667; x_wconf 83' lang='lat' dir='ltr'><strong>simulacris</strong></span> 
     </span>
    </p>
   </div>
   <div class='ocr_carea' id='block_1_34' title="bbox 718 2681 2302 2748">
    <p class='ocr_par' dir='ltr' id='par_1_34' title="bbox 718 2681 2302 2748">
     <span class='ocr_line' id='line_1_36' title="bbox 718 2681 2302 2748; baseline -0.002 -9"><span class='ocrx_word' id='word_1_232' title='bbox 718 2693 1052 2739; x_wconf 90' lang='lat' dir='ltr'><strong>mortuorum</strong></span> <span class='ocrx_word' id='word_1_233' title='bbox 1101 2681 1250 2739; x_wconf 86' lang='lat' dir='ltr'><strong>velut</strong></span> <span class='ocrx_word' id='word_1_234' title='bbox 1292 2682 1533 2748; x_wconf 88' lang='lat' dir='ltr'><strong>inquilini</strong></span> <span class='ocrx_word' id='word_1_235' title='bbox 1580 2681 1843 2747; x_wconf 82' lang='lat' dir='ltr'><strong>habitant,</strong></span> <span class='ocrx_word' id='word_1_236' title='bbox 1890 2696 1943 2737; x_wconf 84' lang='lat' dir='ltr'><strong>et</strong></span> <span class='ocrx_word' id='word_1_237' title='bbox 1999 2683 2302 2738; x_wconf 87' lang='lat' dir='ltr'><strong>nominibus</strong></span> 
     </span>
    </p>
   </div>
   <div class='ocr_carea' id='block_1_35' title="bbox 717 2754 2301 2825">
    <p class='ocr_par' dir='ltr' id='par_1_35' title="bbox 717 2754 2301 2825">
     <span class='ocr_line' id='line_1_37' title="bbox 717 2754 2301 2825; baseline 0 -17"><span class='ocrx_word' id='word_1_238' title='bbox 717 2770 902 2809; x_wconf 87' lang='lat' dir='ltr'><strong>eorum</strong></span> <span class='ocrx_word' id='word_1_239' title='bbox 928 2754 1236 2819; x_wconf 87' lang='lat' dir='ltr'><strong>abutuntur,</strong></span> <span class='ocrx_word' id='word_1_240' title='bbox 1263 2754 1352 2822; x_wconf 85' lang='lat' dir='ltr'><strong>qui</strong></span> <span class='ocrx_word' id='word_1_241' title='bbox 1384 2762 1526 2809; x_wconf 81' lang='lat' dir='ltr'><strong>artes</strong></span> <span class='ocrx_word' id='word_1_242' title='bbox 1553 2756 1671 2809; x_wconf 87' lang='lat' dir='ltr'><strong>illas</strong></span> <span class='ocrx_word' id='word_1_243' title='bbox 1702 2755 2075 2811; x_wconf 88' lang='lat' dir='ltr'><strong>tradiderunt:</strong></span> <span class='ocrx_word' id='word_1_244' title='bbox 2110 2770 2301 2825; x_wconf 79' lang='lat' dir='ltr'><strong>synec-</strong></span> 
     </span>
    </p>
   </div>
   <div class='ocr_carea' id='block_1_36' title="bbox 717 2824 1984 2897">
    <p class='ocr_par' dir='ltr' id='par_1_36' title="bbox 717 2824 1984 2897">
     <span class='ocr_line' id='line_1_38' title="bbox 717 2824 1984 2897; baseline 0.002 -17"><span class='ocrx_word' id='word_1_245' title='bbox 717 2826 961 2892; x_wconf 79' lang='lat' dir='ltr'><strong>docltice,</strong></span> <span class='ocrx_word' id='word_1_246' title='bbox 998 2826 1236 2891; x_wconf 80' lang='lat' dir='ltr'><strong>incolere,</strong></span> <span class='ocrx_word' id='word_1_247' title='bbox 1268 2824 1411 2879; x_wconf 91' lang='lat' dir='ltr'><strong>velut</strong></span> <span class='ocrx_word' id='word_1_248' title='bbox 1442 2826 1755 2897; x_wconf 88' lang='lat' dir='ltr'><strong>inquilinum</strong></span> <span class='ocrx_word' id='word_1_249' title='bbox 1783 2827 1984 2883; x_wconf 80' lang='lat' dir='ltr'><strong>Colere.</strong></span> 
     </span>
    </p>
   </div>
   <div class='ocr_carea' id='block_1_37' title="bbox 789 2916 2304 2991">
    <p class='ocr_par' dir='ltr' id='par_1_37' title="bbox 789 2916 2304 2991">
     <span class='ocr_line' id='line_1_39' title="bbox 789 2916 2304 2991; baseline 0.003 -20"><span class='ocrx_word' id='word_1_250' title='bbox 789 2916 1246 2991; x_wconf 64' lang='lat' dir='ltr'><strong>Inconcussmius.</strong></span> <span class='ocrx_word' id='word_1_251' title='bbox 1276 2918 1340 2991; x_wconf 86' lang='lat' dir='ltr'><strong>ll,</strong></span> <span class='ocrx_word' id='word_1_252' title='bbox 1372 2918 1476 2973; x_wconf 87' lang='lat'><strong>979</strong></span> <span class='ocrx_word' id='word_1_253' title='bbox 1505 2919 1569 2986; x_wconf 82' lang='grc' dir='ltr'><strong><em>Α,</em></strong></span> <span class='ocrx_word' id='word_1_254' title='bbox 1598 2919 1697 2971; x_wconf 82' lang='lat' dir='ltr'><strong>Aut</strong></span> <span class='ocrx_word' id='word_1_255' title='bbox 1741 2920 1885 2991; x_wconf 79' lang='lat' dir='ltr'><strong>paria</strong></span> <span class='ocrx_word' id='word_1_256' title='bbox 1909 2937 2103 2991; x_wconf 86' lang='lat' dir='ltr'><strong>quoque</strong></span> <span class='ocrx_word' id='word_1_257' title='bbox 2131 2938 2304 2976; x_wconf 87' lang='lat' dir='ltr'><strong>eorum</strong></span> 
     </span>
    </p>
   </div>
   <div class='ocr_carea' id='block_1_38' title="bbox 721 2988 2131 3057">
    <p class='ocr_par' dir='ltr' id='par_1_38' title="bbox 721 2988 2131 3057">
     <span class='ocr_line' id='line_1_40' title="bbox 721 2988 2131 3057; baseline 0 -14"><span class='ocrx_word' id='word_1_258' title='bbox 721 2990 985 3043; x_wconf 74' lang='lat' dir='ltr'><strong>ntazcltiam</strong></span> <span class='ocrx_word' id='word_1_259' title='bbox 1013 3000 1061 3043; x_wconf 91' lang='lat' dir='ltr'><strong>et</strong></span> <span class='ocrx_word' id='word_1_260' title='bbox 1087 2988 1466 3057; x_wconf 88' lang='lat' dir='ltr'><strong>fornicationem</strong></span> <span class='ocrx_word' id='word_1_261' title='bbox 1496 2990 1896 3043; x_wconf 85' lang='lat' dir='ltr'><strong>inconcessibilia</strong></span> <span class='ocrx_word' id='word_1_262' title='bbox 1922 2988 2131 3044; x_wconf 73' lang='lat' dir='ltr'><strong>seruari.</strong></span> 
     </span>
    </p>
   </div>
   <div class='ocr_carea' id='block_1_39' title="bbox 795 3059 2305 3134">
    <p class='ocr_par' dir='ltr' id='par_1_39' title="bbox 795 3059 2305 3134">
     <span class='ocr_line' id='line_1_41' title="bbox 795 3059 2305 3134; baseline 0.003 -21"><span class='ocrx_word' id='word_1_263' title='bbox 795 3059 1519 3134; x_wconf 53' lang='lat' dir='ltr'><strong>lacouuctvis,particularis.</strong></span> <span class='ocrx_word' id='word_1_264' title='bbox 1549 3060 1611 3134; x_wconf 82' lang='lat' dir='ltr'><strong>ll,</strong></span> <span class='ocrx_word' id='word_1_265' title='bbox 1647 3061 1785 3115; x_wconf 87' lang='grc'>1059</span> <span class='ocrx_word' id='word_1_266' title='bbox 1813 3060 1874 3125; x_wconf 85' lang='grc' dir='ltr'><strong>Β,</strong></span> <span class='ocrx_word' id='word_1_267' title='bbox 1916 3062 2143 3128; x_wconf 84' lang='lat' dir='ltr'><strong>Quarum</strong></span> <span class='ocrx_word' id='word_1_268' title='bbox 2186 3080 2305 3134; x_wconf 87' lang='lat' dir='ltr'><strong>pars</strong></span> 
     </span>
    </p>
   </div>
   <div class='ocr_carea' id='block_1_40' title="bbox 726 3130 1990 3203">
    <p class='ocr_par' dir='ltr' id='par_1_40' title="bbox 726 3130 1990 3203">
     <span class='ocr_line' id='line_1_42' title="bbox 726 3130 1990 3203; baseline 0.002 -18"><span class='ocrx_word' id='word_1_269' title='bbox 726 3132 983 3203; x_wconf 82' lang='lat' dir='ltr'><strong>gentilitas</strong></span> <span class='ocrx_word' id='word_1_270' title='bbox 1008 3130 1376 3203; x_wconf 81' lang='lat' dir='ltr'><strong>inhabitantur,</strong></span> <span class='ocrx_word' id='word_1_271' title='bbox 1408 3132 1601 3203; x_wconf 70' lang='lat' dir='ltr'><strong>caneris</strong></span> <span class='ocrx_word' id='word_1_272' title='bbox 1626 3134 1990 3203; x_wconf 81' lang='lat' dir='ltr'><strong>incommunes.</strong></span> 
     </span>
    </p>
   </div>
   <div class='ocr_carea' id='block_1_41' title="bbox 795 3200 2303 3274">
    <p class='ocr_par' dir='ltr' id='par_1_41' title="bbox 795 3200 2303 3274">
     <span class='ocr_line' id='line_1_43' title="bbox 795 3200 2303 3274; baseline 0.003 -18"><span class='ocrx_word' id='word_1_273' title='bbox 795 3204 1285 3274; x_wconf 63' lang='lat' dir='ltr'><strong>Inconcuesmtus.</strong></span> <span class='ocrx_word' id='word_1_274' title='bbox 1315 3201 1377 3264; x_wconf 83' lang='lat' dir='ltr'><strong>ll.</strong></span> <span class='ocrx_word' id='word_1_275' title='bbox 1406 3202 1511 3259; x_wconf 85' lang='grc'><strong>515</strong></span> <span class='ocrx_word' id='word_1_276' title='bbox 1550 3202 1611 3267; x_wconf 77' lang='lat' dir='ltr'><strong>lt,</strong></span> <span class='ocrx_word' id='word_1_277' title='bbox 1643 3200 1809 3273; x_wconf 87' lang='lat' dir='ltr'><strong>Igitur</strong></span> <span class='ocrx_word' id='word_1_278' title='bbox 1836 3219 2161 3274; x_wconf 75' lang='lat' dir='ltr'><strong>qumcumque</strong></span> <span class='ocrx_word' id='word_1_279' title='bbox 2197 3206 2303 3260; x_wconf 77' lang='lat' dir='ltr'><strong>exi-</strong></span> 
     </span>
    </p>
   </div>
   <div class='ocr_carea' id='block_1_42' title="bbox 2326 1892 2376 1953">
    <p class='ocr_par' dir='ltr' id='par_1_42' title="bbox 2326 1892 2376 1953">
     <span class='ocr_line' id='line_1_44' title="bbox 2326 1892 2376 1953; baseline 0 0"><span class='ocrx_word' id='word_1_280' title='bbox 2326 1892 2376 1953; x_wconf 91' lang='lat' dir='ltr'><strong>B</strong></span> 
     </span>
    </p>
   </div>
   <div class='ocr_carea' id='block_1_43' title="bbox 2393 574 3059 641">
    <p class='ocr_par' dir='ltr' id='par_1_43' title="bbox 2393 574 3059 641">
     <span class='ocr_line' id='line_1_45' title="bbox 2393 574 3059 641; baseline 0.003 -17"><span class='ocrx_word' id='word_1_281' title='bbox 2393 574 2705 641; x_wconf 70' lang='lat' dir='ltr'><strong>quotidiani:</strong></span> <span class='ocrx_word' id='word_1_282' title='bbox 2732 576 3059 628; x_wconf 86' lang='lat' dir='ltr'><strong>incursionis.</strong></span> 
     </span>
    </p>
   </div>
   <div class='ocr_carea' id='block_1_44' title="bbox 2464 642 3989 708">
    <p class='ocr_par' dir='ltr' id='par_1_44' title="bbox 2464 642 3989 708">
     <span class='ocr_line' id='line_1_46' title="bbox 2464 642 3989 708; baseline 0.003 -10"><span class='ocrx_word' id='word_1_283' title='bbox 2464 642 2741 699; x_wconf 73' lang='lat' dir='ltr'><strong>Ixcuusus.</strong></span> <span class='ocrx_word' id='word_1_284' title='bbox 2766 644 2831 708; x_wconf 88' lang='lat' dir='ltr'><strong>ll,</strong></span> <span class='ocrx_word' id='word_1_285' title='bbox 2855 646 2961 699; x_wconf 87' lang='lat'><strong>782</strong></span> <span class='ocrx_word' id='word_1_286' title='bbox 2984 644 3050 707; x_wconf 80' lang='grc' dir='ltr'><strong><em>Α,</em></strong></span> <span class='ocrx_word' id='word_1_287' title='bbox 3078 643 3143 698; x_wconf 86' lang='lat' dir='ltr'><strong>Et</strong></span> <span class='ocrx_word' id='word_1_288' title='bbox 3172 655 3337 699; x_wconf 85' lang='lat' dir='ltr'><strong>tamen</strong></span> <span class='ocrx_word' id='word_1_289' title='bbox 3357 661 3420 699; x_wconf 90' lang='lat' dir='ltr'><strong>ne</strong></span> <span class='ocrx_word' id='word_1_290' title='bbox 3442 646 3570 699; x_wconf 86' lang='lat' dir='ltr'><strong>mihi</strong></span> <span class='ocrx_word' id='word_1_291' title='bbox 3592 656 3727 700; x_wconf 71' lang='lat' dir='ltr'><strong>vacet</strong></span> <span class='ocrx_word' id='word_1_292' title='bbox 3748 646 3989 701; x_wconf 87' lang='lat' dir='ltr'><strong>incursus</strong></span> 
     </span>
    </p>
   </div>
   <div class='ocr_carea' id='block_1_45' title="bbox 2394 712 3988 785">
    <p class='ocr_par' dir='ltr' id='par_1_45' title="bbox 2394 712 3988 785">
     <span class='ocr_line' id='line_1_47' title="bbox 2394 712 3988 785; baseline 0.003 -19"><span class='ocrx_word' id='word_1_293' title='bbox 2394 716 2615 769; x_wconf 85' lang='lat' dir='ltr'><strong>nominis</strong></span> <span class='ocrx_word' id='word_1_294' title='bbox 2658 717 2726 769; x_wconf 88' lang='lat' dir='ltr'><strong>ad</strong></span> <span class='ocrx_word' id='word_1_295' title='bbox 2769 716 2999 769; x_wconf 88' lang='lat' dir='ltr'><strong>eumdem</strong></span> <span class='ocrx_word' id='word_1_296' title='bbox 3042 717 3317 785; x_wconf 79' lang='lat' dir='ltr'><strong>Christum,</strong></span> <span class='ocrx_word' id='word_1_297' title='bbox 3351 725 3455 771; x_wconf 88' lang='lat' dir='ltr'><strong>etc.</strong></span> <span class='ocrx_word' id='word_1_298' title='bbox 3510 712 3587 772; x_wconf 85' lang='lat' dir='ltr'><strong>Ne</strong></span> <span class='ocrx_word' id='word_1_299' title='bbox 3629 718 3768 772; x_wconf 88' lang='lat' dir='ltr'><strong>elabi</strong></span> <span class='ocrx_word' id='word_1_300' title='bbox 3807 718 3988 773; x_wconf 84' lang='lat' dir='ltr'><strong>sinam</strong></span> 
     </span>
    </p>
   </div>
   <div class='ocr_carea' id='block_1_46' title="bbox 2394 788 3994 857">
    <p class='ocr_par' dir='ltr' id='par_1_46' title="bbox 2394 788 3994 857">
     <span class='ocr_line' id='line_1_48' title="bbox 2394 788 3994 857; baseline 0.003 -18"><span class='ocrx_word' id='word_1_301' title='bbox 2394 790 2728 841; x_wconf 82' lang='lat' dir='ltr'><strong>occasionem</strong></span> <span class='ocrx_word' id='word_1_302' title='bbox 2765 788 3172 857; x_wconf 80' lang='lat' dir='ltr'><strong>argumentandi</strong></span> <span class='ocrx_word' id='word_1_303' title='bbox 3217 804 3281 842; x_wconf 78' lang='lat' dir='ltr'><strong>ex</strong></span> <span class='ocrx_word' id='word_1_304' title='bbox 3330 790 3545 843; x_wconf 88' lang='lat' dir='ltr'><strong>nomine</strong></span> <span class='ocrx_word' id='word_1_305' title='bbox 3578 788 3769 843; x_wconf 72' lang='lat' dir='ltr'><strong>Adam.</strong></span> <span class='ocrx_word' id='word_1_306' title='bbox 3800 788 3994 844; x_wconf 72' lang='grc'>1110111⁵-</span> 
     </span>
    </p>
   </div>
   <div class='ocr_carea' id='block_1_47' title="bbox 2395 857 3989 937">
    <p class='ocr_par' dir='ltr' id='par_1_47' title="bbox 2395 857 3989 937">
     <span class='ocr_line' id='line_1_49' title="bbox 2395 857 3989 937; baseline 0.003 -29"><span class='ocrx_word' id='word_1_307' title='bbox 2395 872 2511 937; x_wconf 75' lang='lat' dir='ltr'><strong>sum</strong></span> <span class='ocrx_word' id='word_1_308' title='bbox 2542 857 2671 912; x_wconf 86' lang='lat' dir='ltr'><strong>dicit</strong></span> <span class='ocrx_word' id='word_1_309' title='bbox 2697 860 3171 937; x_wconf 80' lang='lat' dir='ltr'><strong>argumentationis</strong></span> <span class='ocrx_word' id='word_1_310' title='bbox 3220 859 3499 937; x_wconf 83' lang='lat' dir='ltr'><strong>impetum.</strong></span> <span class='ocrx_word' id='word_1_311' title='bbox 3551 859 3616 926; x_wconf 88' lang='lat' dir='ltr'><strong>ll,</strong></span> <span class='ocrx_word' id='word_1_312' title='bbox 3647 859 3715 914; x_wconf 96' lang='lat'>87</span> <span class='ocrx_word' id='word_1_313' title='bbox 3747 860 3813 927; x_wconf 74' lang='grc' dir='ltr'><strong><em>Δ,</em></strong></span> <span class='ocrx_word' id='word_1_314' title='bbox 3844 859 3989 913; x_wconf 87' lang='lat' dir='ltr'><strong>Dum</strong></span> 
     </span>
    </p>
   </div>
   <div class='ocr_carea' id='block_1_48' title="bbox 2396 930 3691 1000">
    <p class='ocr_par' dir='ltr' id='par_1_48' title="bbox 2396 930 3691 1000">
     <span class='ocr_line' id='line_1_50' title="bbox 2396 930 3691 1000; baseline 0.002 -20"><span class='ocrx_word' id='word_1_315' title='bbox 2396 930 2655 982; x_wconf 85' lang='lat' dir='ltr'><strong>incursum</strong></span> <span class='ocrx_word' id='word_1_316' title='bbox 2676 931 2969 999; x_wconf 79' lang='lat' dir='ltr'><strong>quwstionis</strong></span> <span class='ocrx_word' id='word_1_317' title='bbox 2996 931 3225 995; x_wconf 76' lang='lat' dir='ltr'><strong>excutio,</strong></span> <span class='ocrx_word' id='word_1_318' title='bbox 3260 931 3297 984; x_wconf 92' lang='lat' dir='ltr'><strong>i.</strong></span> <span class='ocrx_word' id='word_1_319' title='bbox 3331 945 3384 984; x_wconf 92' lang='lat' dir='ltr'><strong>e.</strong></span> <span class='ocrx_word' id='word_1_320' title='bbox 3416 930 3691 1000; x_wconf 87' lang='lat' dir='ltr'><strong>impetum.</strong></span> 
     </span>
    </p>
   </div>
   <div class='ocr_carea' id='block_1_49' title="bbox 2467 1000 3989 1070">
    <p class='ocr_par' dir='ltr' id='par_1_49' title="bbox 2467 1000 3989 1070">
     <span class='ocr_line' id='line_1_51' title="bbox 2467 1000 3989 1070; baseline 0.001 -16"><span class='ocrx_word' id='word_1_321' title='bbox 2467 1000 2735 1055; x_wconf 71' lang='lat' dir='ltr'><strong>lxmcsue.</strong></span> <span class='ocrx_word' id='word_1_322' title='bbox 2762 1001 2825 1066; x_wconf 91' lang='lat' dir='ltr'><strong>ll,</strong></span> <span class='ocrx_word' id='word_1_323' title='bbox 2854 1000 2959 1055; x_wconf 86' lang='lat'><strong>267</strong></span> <span class='ocrx_word' id='word_1_324' title='bbox 2986 1001 3048 1067; x_wconf 84' lang='lat' dir='ltr'><strong>C,</strong></span> <span class='ocrx_word' id='word_1_325' title='bbox 3083 1002 3195 1068; x_wconf 93' lang='lat' dir='ltr'><strong>Quo</strong></span> <span class='ocrx_word' id='word_1_326' title='bbox 3221 1001 3435 1070; x_wconf 86' lang='lat' dir='ltr'><strong>denique</strong></span> <span class='ocrx_word' id='word_1_327' title='bbox 3458 1003 3730 1054; x_wconf 81' lang='lat' dir='ltr'><strong>initiantur</strong></span> <span class='ocrx_word' id='word_1_328' title='bbox 3761 1010 3808 1056; x_wconf 89' lang='lat' dir='ltr'><strong>et</strong></span> <span class='ocrx_word' id='word_1_329' title='bbox 3849 1002 3989 1056; x_wconf 88' lang='lat' dir='ltr'><strong>indi-</strong></span> 
     </span>
    </p>
   </div>
   <div class='ocr_carea' id='block_1_50' title="bbox 2396 1072 3987 1143">
    <p class='ocr_par' dir='ltr' id='par_1_50' title="bbox 2396 1072 3987 1143">
     <span class='ocr_line' id='line_1_52' title="bbox 2396 1072 3987 1143; baseline 0.004 -20"><span class='ocrx_word' id='word_1_330' title='bbox 2396 1082 2576 1143; x_wconf 82' lang='lat' dir='ltr'><strong>cantur</strong></span> <span class='ocrx_word' id='word_1_331' title='bbox 2603 1072 2654 1124; x_wconf 90' lang='lat' dir='ltr'><strong>in</strong></span> <span class='ocrx_word' id='word_1_332' title='bbox 2682 1074 2813 1125; x_wconf 88' lang='lat' dir='ltr'><strong>hanc</strong></span> <span class='ocrx_word' id='word_1_333' title='bbox 2840 1073 3092 1136; x_wconf 74' lang='lat' dir='ltr'><strong>hwresin;</strong></span> <span class='ocrx_word' id='word_1_334' title='bbox 3124 1074 3157 1125; x_wconf 91' lang='lat' dir='ltr'><strong>i.</strong></span> <span class='ocrx_word' id='word_1_335' title='bbox 3189 1088 3239 1128; x_wconf 87' lang='lat' dir='ltr'><strong>e.</strong></span> <span class='ocrx_word' id='word_1_336' title='bbox 3272 1072 3639 1128; x_wconf 87' lang='lat' dir='ltr'><strong>inscribuntur</strong></span> <span class='ocrx_word' id='word_1_337' title='bbox 3667 1082 3722 1127; x_wconf 88' lang='lat' dir='ltr'><strong>et</strong></span> <span class='ocrx_word' id='word_1_338' title='bbox 3746 1073 3901 1143; x_wconf 83' lang='lat' dir='ltr'><strong>quasi</strong></span> <span class='ocrx_word' id='word_1_339' title='bbox 3931 1075 3987 1129; x_wconf 81' lang='lat' dir='ltr'><strong>in</strong></span> 
     </span>
    </p>
   </div>
   <div class='ocr_carea' id='block_1_51' title="bbox 2396 1141 3319 1199">
    <p class='ocr_par' dir='ltr' id='par_1_51' title="bbox 2396 1141 3319 1199">
     <span class='ocr_line' id='line_1_53' title="bbox 2396 1141 3319 1199; baseline 0 -2"><span class='ocrx_word' id='word_1_340' title='bbox 2396 1141 2627 1197; x_wconf 88' lang='lat' dir='ltr'><strong>indicem</strong></span> <span class='ocrx_word' id='word_1_341' title='bbox 2656 1143 2735 1197; x_wconf 87' lang='lat' dir='ltr'><strong>sui</strong></span> <span class='ocrx_word' id='word_1_342' title='bbox 2768 1144 2970 1199; x_wconf 90' lang='lat' dir='ltr'><strong>ordinis</strong></span> <span class='ocrx_word' id='word_1_343' title='bbox 2995 1143 3319 1198; x_wconf 81' lang='lat' dir='ltr'><strong>referuntur.</strong></span> 
     </span>
    </p>
   </div>
   <div class='ocr_carea' id='block_1_52' title="bbox 2474 1214 3989 1285">
    <p class='ocr_par' dir='ltr' id='par_1_52' title="bbox 2474 1214 3989 1285">
     <span class='ocr_line' id='line_1_54' title="bbox 2474 1214 3989 1285; baseline 0.001 -18"><span class='ocrx_word' id='word_1_344' title='bbox 2474 1214 2730 1268; x_wconf 72' lang='lat' dir='ltr'><strong>lxotcwu.</strong></span> <span class='ocrx_word' id='word_1_345' title='bbox 2757 1214 2797 1279; x_wconf 89' lang='grc' dir='ltr'><strong><em>Ι,</em></strong></span> <span class='ocrx_word' id='word_1_346' title='bbox 2826 1215 2931 1270; x_wconf 75' lang='grc'><strong>259</strong></span> <span class='ocrx_word' id='word_1_347' title='bbox 2950 1214 3094 1279; x_wconf 79' lang='lat' dir='ltr'><strong>A,Si</strong></span> <span class='ocrx_word' id='word_1_348' title='bbox 3120 1214 3351 1285; x_wconf 85' lang='lat' dir='ltr'><strong>denique.</strong></span> <span class='ocrx_word' id='word_1_349' title='bbox 3371 1216 3507 1283; x_wconf 87' lang='lat' dir='ltr'><strong>quod</strong></span> <span class='ocrx_word' id='word_1_350' title='bbox 3535 1214 3763 1284; x_wconf 68' lang='lat' dir='ltr'><strong>proxime</strong></span> <span class='ocrx_word' id='word_1_351' title='bbox 3776 1216 3989 1281; x_wconf 84' lang='lat' dir='ltr'><strong>accidit,</strong></span> 
     </span>
    </p>
   </div>
   <div class='ocr_carea' id='block_1_53' title="bbox 2400 1284 3987 1357">
    <p class='ocr_par' dir='ltr' id='par_1_53' title="bbox 2400 1284 3987 1357">
     <span class='ocr_line' id='line_1_55' title="bbox 2400 1284 3987 1357; baseline 0.003 -20"><span class='ocrx_word' id='word_1_352' title='bbox 2400 1284 2683 1339; x_wconf 79' lang='lat' dir='ltr'><strong>domesticis</strong></span> <span class='ocrx_word' id='word_1_353' title='bbox 2723 1286 2967 1349; x_wconf 88' lang='lat' dir='ltr'><strong>indiciis;</strong></span> <span class='ocrx_word' id='word_1_354' title='bbox 2999 1284 3277 1357; x_wconf 82' lang='lat' dir='ltr'><strong>legendum</strong></span> <span class='ocrx_word' id='word_1_355' title='bbox 3304 1286 3590 1341; x_wconf 85' lang='lat' dir='ltr'><strong>domesticis</strong></span> <span class='ocrx_word' id='word_1_356' title='bbox 3604 1286 3839 1357; x_wconf 85' lang='lat' dir='ltr'><strong>judiciis.</strong></span> <span class='ocrx_word' id='word_1_357' title='bbox 3878 1288 3987 1341; x_wconf 85' lang='lat' dir='ltr'><strong>Do-</strong></span> 
     </span>
    </p>
   </div>
   <div class='ocr_carea' id='block_1_54' title="bbox 2399 1356 3948 1426">
    <p class='ocr_par' dir='ltr' id='par_1_54' title="bbox 2399 1356 3948 1426">
     <span class='ocr_line' id='line_1_56' title="bbox 2399 1356 3948 1426; baseline 0.001 -16"><span class='ocrx_word' id='word_1_358' title='bbox 2399 1356 2619 1411; x_wconf 90' lang='lat' dir='ltr'><strong>mestica</strong></span> <span class='ocrx_word' id='word_1_359' title='bbox 2646 1357 3040 1421; x_wconf 86' lang='lat' dir='ltr'><strong>autemjudicia</strong></span> <span class='ocrx_word' id='word_1_360' title='bbox 3069 1367 3192 1411; x_wconf 91' lang='lat' dir='ltr'><strong>sunt</strong></span> <span class='ocrx_word' id='word_1_361' title='bbox 3223 1358 3503 1426; x_wconf 85' lang='lat' dir='ltr'><strong>opiniones</strong></span> <span class='ocrx_word' id='word_1_362' title='bbox 3536 1356 3948 1426; x_wconf 72' lang='lat' dir='ltr'><strong>prieconceptze.</strong></span> 
     </span>
    </p>
   </div>
   <div class='ocr_carea' id='block_1_55' title="bbox 2472 1426 3994 1499">
    <p class='ocr_par' dir='ltr' id='par_1_55' title="bbox 2472 1426 3994 1499">
     <span class='ocr_line' id='line_1_57' title="bbox 2472 1426 3994 1499; baseline 0.001 -20"><span class='ocrx_word' id='word_1_363' title='bbox 2472 1426 2741 1499; x_wconf 63' lang='lat' dir='ltr'><strong>lauicana.</strong></span> <span class='ocrx_word' id='word_1_364' title='bbox 2769 1427 2809 1493; x_wconf 91' lang='lat' dir='ltr'><strong>l,</strong></span> <span class='ocrx_word' id='word_1_365' title='bbox 2838 1428 2945 1483; x_wconf 70' lang='grc'>429</span> <span class='ocrx_word' id='word_1_366' title='bbox 2967 1429 3158 1492; x_wconf 80' lang='lat' dir='ltr'><strong>A,_Sed</strong></span> <span class='ocrx_word' id='word_1_367' title='bbox 3188 1426 3365 1482; x_wconf 77' lang='lat' dir='ltr'><strong>Roma:</strong></span> <span class='ocrx_word' id='word_1_368' title='bbox 3394 1439 3566 1498; x_wconf 85' lang='lat' dir='ltr'><strong>postea</strong></span> <span class='ocrx_word' id='word_1_369' title='bbox 3591 1445 3705 1482; x_wconf 89' lang='lat' dir='ltr'><strong>cum</strong></span> <span class='ocrx_word' id='word_1_370' title='bbox 3730 1430 3994 1499; x_wconf 77' lang='lat' dir='ltr'><strong>indigenis</strong></span> 
     </span>
    </p>
   </div>
   <div class='ocr_carea' id='block_1_56' title="bbox 2400 1498 3990 1568">
    <p class='ocr_par' dir='ltr' id='par_1_56' title="bbox 2400 1498 3990 1568">
     <span class='ocr_line' id='line_1_58' title="bbox 2400 1498 3990 1568; baseline 0.001 -15"><span class='ocrx_word' id='word_1_371' title='bbox 2400 1498 2524 1553; x_wconf 87' lang='lat' dir='ltr'><strong>suis.</strong></span> <span class='ocrx_word' id='word_1_372' title='bbox 2570 1498 2834 1568; x_wconf 76' lang='lat' dir='ltr'><strong>Indigenze</strong></span> <span class='ocrx_word' id='word_1_373' title='bbox 2860 1516 2975 1553; x_wconf 91' lang='lat' dir='ltr'><strong>non.</strong></span> <span class='ocrx_word' id='word_1_374' title='bbox 2993 1499 3059 1555; x_wconf 90' lang='lat' dir='ltr'><strong>ad</strong></span> <span class='ocrx_word' id='word_1_375' title='bbox 3110 1500 3402 1563; x_wconf 78' lang='lat' dir='ltr'><strong>Romanos,</strong></span> <span class='ocrx_word' id='word_1_376' title='bbox 3432 1500 3524 1553; x_wconf 93' lang='lat' dir='ltr'><strong>sed</strong></span> <span class='ocrx_word' id='word_1_377' title='bbox 3564 1501 3628 1553; x_wconf 86' lang='lat' dir='ltr'><strong>ad</strong></span> <span class='ocrx_word' id='word_1_378' title='bbox 3660 1498 3990 1555; x_wconf 81' lang='lat' dir='ltr'><strong>Stercutium</strong></span> 
     </span>
    </p>
   </div>
   <div class='ocr_carea' id='block_1_57' title="bbox 2404 1570 3989 1642">
    <p class='ocr_par' dir='ltr' id='par_1_57' title="bbox 2404 1570 3989 1642">
     <span class='ocr_line' id='line_1_59' title="bbox 2404 1570 3989 1642; baseline 0 -19"><span class='ocrx_word' id='word_1_379' title='bbox 2404 1570 2668 1642; x_wconf 80' lang='lat' dir='ltr'><strong>referendi</strong></span> <span class='ocrx_word' id='word_1_380' title='bbox 2698 1579 2841 1625; x_wconf 89' lang='lat' dir='ltr'><strong>sunt.</strong></span> <span class='ocrx_word' id='word_1_381' title='bbox 2872 1572 3010 1625; x_wconf 89' lang='lat' dir='ltr'><strong>Sunt</strong></span> <span class='ocrx_word' id='word_1_382' title='bbox 3032 1570 3177 1626; x_wconf 89' lang='lat' dir='ltr'><strong>enim</strong></span> <span class='ocrx_word' id='word_1_383' title='bbox 3199 1571 3461 1642; x_wconf 75' lang='lat' dir='ltr'><strong>indigena:</strong></span> <span class='ocrx_word' id='word_1_384' title='bbox 3485 1571 3579 1637; x_wconf 90' lang='lat' dir='ltr'><strong>illi,</strong></span> <span class='ocrx_word' id='word_1_385' title='bbox 3611 1572 3701 1641; x_wconf 90' lang='lat' dir='ltr'><strong>qui</strong></span> <span class='ocrx_word' id='word_1_386' title='bbox 3730 1586 3834 1625; x_wconf 87' lang='lat' dir='ltr'><strong>una</strong></span> <span class='ocrx_word' id='word_1_387' title='bbox 3866 1587 3989 1625; x_wconf 89' lang='lat' dir='ltr'><strong>eum</strong></span> 
     </span>
    </p>
   </div>
   <div class='ocr_carea' id='block_1_58' title="bbox 2404 1641 3994 1712">
    <p class='ocr_par' dir='ltr' id='par_1_58' title="bbox 2404 1641 3994 1712">
     <span class='ocr_line' id='line_1_60' title="bbox 2404 1641 3994 1712; baseline 0.002 -18"><span class='ocrx_word' id='word_1_388' title='bbox 2404 1641 2665 1712; x_wconf 72' lang='lat' dir='ltr'><strong>Sterculio</strong></span> <span class='ocrx_word' id='word_1_389' title='bbox 2695 1642 2961 1698; x_wconf 85' lang='lat' dir='ltr'><strong>vernaculi</strong></span> <span class='ocrx_word' id='word_1_390' title='bbox 3012 1651 3067 1697; x_wconf 88' lang='lat' dir='ltr'><strong>et</strong></span> <span class='ocrx_word' id='word_1_391' title='bbox 3114 1643 3315 1712; x_wconf 88' lang='lat' dir='ltr'><strong>proprii</strong></span> <span class='ocrx_word' id='word_1_392' title='bbox 3366 1642 3735 1698; x_wconf 79' lang='lat' dir='ltr'><strong>Romanorum</strong></span> <span class='ocrx_word' id='word_1_393' title='bbox 3786 1643 3884 1711; x_wconf 88' lang='lat' dir='ltr'><strong>dii,</strong></span> <span class='ocrx_word' id='word_1_394' title='bbox 3936 1653 3994 1697; x_wconf 91' lang='lat' dir='ltr'><strong>ut</strong></span> 
     </span>
    </p>
   </div>
   <div class='ocr_carea' id='block_1_59' title="bbox 2401 1711 3269 1779">
    <p class='ocr_par' dir='ltr' id='par_1_59' title="bbox 2401 1711 3269 1779">
     <span class='ocr_line' id='line_1_61' title="bbox 2401 1711 3269 1779; baseline 0 -14"><span class='ocrx_word' id='word_1_395' title='bbox 2401 1711 2668 1779; x_wconf 76' lang='lat' dir='ltr'><strong>Mutunus,</strong></span> <span class='ocrx_word' id='word_1_396' title='bbox 2700 1712 2939 1769; x_wconf 88' lang='lat' dir='ltr'><strong>Tutunus</strong></span> <span class='ocrx_word' id='word_1_397' title='bbox 2967 1724 3018 1766; x_wconf 90' lang='lat' dir='ltr'><strong>et</strong></span> <span class='ocrx_word' id='word_1_398' title='bbox 3044 1711 3269 1767; x_wconf 88' lang='lat' dir='ltr'><strong>similes.</strong></span> 
     </span>
    </p>
   </div>
   <div class='ocr_carea' id='block_1_60' title="bbox 2473 1782 3993 1855">
    <p class='ocr_par' dir='ltr' id='par_1_60' title="bbox 2473 1782 3993 1855">
     <span class='ocr_line' id='line_1_62' title="bbox 2473 1782 3993 1855; baseline 0.003 -18"><span class='ocrx_word' id='word_1_399' title='bbox 2473 1783 2796 1839; x_wconf 68' lang='lat' dir='ltr'><strong>INDIGITARE.</strong></span> <span class='ocrx_word' id='word_1_400' title='bbox 2835 1785 2896 1851; x_wconf 93' lang='lat' dir='ltr'><strong>ll,</strong></span> <span class='ocrx_word' id='word_1_401' title='bbox 2930 1783 3034 1839; x_wconf 89' lang='lat'><strong>976</strong></span> <span class='ocrx_word' id='word_1_402' title='bbox 3063 1784 3125 1849; x_wconf 83' lang='lat' dir='ltr'><strong>C,</strong></span> <span class='ocrx_word' id='word_1_403' title='bbox 3156 1782 3367 1839; x_wconf 85' lang='lat' dir='ltr'><strong>Precem</strong></span> <span class='ocrx_word' id='word_1_404' title='bbox 3395 1783 3687 1855; x_wconf 84' lang='lat' dir='ltr'><strong>indigitant,</strong></span> <span class='ocrx_word' id='word_1_405' title='bbox 3722 1784 3758 1838; x_wconf 92' lang='lat' dir='ltr'><strong>i.</strong></span> <span class='ocrx_word' id='word_1_406' title='bbox 3784 1800 3840 1841; x_wconf 90' lang='lat' dir='ltr'><strong>c.</strong></span> <span class='ocrx_word' id='word_1_407' title='bbox 3867 1800 3993 1855; x_wconf 78' lang='lat' dir='ltr'><strong>pre-</strong></span> 
     </span>
    </p>
   </div>
   <div class='ocr_carea' id='block_1_61' title="bbox 2406 1856 3988 1926">
    <p class='ocr_par' dir='ltr' id='par_1_61' title="bbox 2406 1856 3988 1926">
     <span class='ocr_line' id='line_1_63' title="bbox 2406 1856 3988 1926; baseline 0 -16"><span class='ocrx_word' id='word_1_408' title='bbox 2406 1865 2594 1910; x_wconf 83' lang='lat' dir='ltr'><strong>cantur</strong></span> <span class='ocrx_word' id='word_1_409' title='bbox 2635 1870 2848 1926; x_wconf 84' lang='lat' dir='ltr'><strong>precem</strong></span> <span class='ocrx_word' id='word_1_410' title='bbox 2894 1857 3193 1926; x_wconf 78' lang='lat' dir='ltr'><strong>mysticam,</strong></span> <span class='ocrx_word' id='word_1_411' title='bbox 3225 1871 3343 1926; x_wconf 69' lang='lat' dir='ltr'><strong>quae</strong></span> <span class='ocrx_word' id='word_1_412' title='bbox 3372 1856 3475 1909; x_wconf 90' lang='lat' dir='ltr'><strong>dici</strong></span> <span class='ocrx_word' id='word_1_413' title='bbox 3525 1856 3575 1909; x_wconf 90' lang='lat' dir='ltr'><strong>in</strong></span> <span class='ocrx_word' id='word_1_414' title='bbox 3627 1856 3841 1924; x_wconf 84' lang='lat' dir='ltr'><strong>publico</strong></span> <span class='ocrx_word' id='word_1_415' title='bbox 3884 1872 3988 1911; x_wconf 90' lang='lat' dir='ltr'><strong>nou</strong></span> 
     </span>
    </p>
   </div>
   <div class='ocr_carea' id='block_1_62' title="bbox 2408 1925 3991 1997">
    <p class='ocr_par' dir='ltr' id='par_1_62' title="bbox 2408 1925 3991 1997">
     <span class='ocr_line' id='line_1_64' title="bbox 2408 1925 3991 1997; baseline 0.002 -20"><span class='ocrx_word' id='word_1_416' title='bbox 2408 1926 2592 1995; x_wconf 86' lang='lat' dir='ltr'><strong>possit.</strong></span> <span class='ocrx_word' id='word_1_417' title='bbox 2645 1925 2778 1981; x_wconf 88' lang='lat' dir='ltr'><strong>Nam</strong></span> <span class='ocrx_word' id='word_1_418' title='bbox 2853 1925 3130 1997; x_wconf 87' lang='lat' dir='ltr'><strong>indigitare</strong></span> <span class='ocrx_word' id='word_1_419' title='bbox 3183 1925 3457 1996; x_wconf 85' lang='lat' dir='ltr'><strong>imprecari</strong></span> <span class='ocrx_word' id='word_1_420' title='bbox 3503 1928 3720 1996; x_wconf 81' lang='lat' dir='ltr'><strong>exponit</strong></span> <span class='ocrx_word' id='word_1_421' title='bbox 3775 1927 3991 1994; x_wconf 83' lang='lat' dir='ltr'><strong>Festus,</strong></span> 
     </span>
    </p>
   </div>
   <div class='ocr_carea' id='block_1_63' title="bbox 2404 1997 3898 2067">
    <p class='ocr_par' dir='ltr' id='par_1_63' title="bbox 2404 1997 3898 2067">
     <span class='ocr_line' id='line_1_65' title="bbox 2404 1997 3898 2067; baseline -0.001 -15"><span class='ocrx_word' id='word_1_422' title='bbox 2404 1997 2561 2066; x_wconf 88' lang='lat' dir='ltr'><strong>idque</strong></span> <span class='ocrx_word' id='word_1_423' title='bbox 2584 1999 2825 2052; x_wconf 84' lang='lat' dir='ltr'><strong>oratione</strong></span> <span class='ocrx_word' id='word_1_424' title='bbox 2850 2013 3065 2063; x_wconf 85' lang='lat' dir='ltr'><strong>arcana,</strong></span> <span class='ocrx_word' id='word_1_425' title='bbox 3099 2013 3270 2067; x_wconf 89' lang='lat' dir='ltr'><strong>neque</strong></span> <span class='ocrx_word' id='word_1_426' title='bbox 3298 1998 3347 2051; x_wconf 88' lang='lat' dir='ltr'><strong>in</strong></span> <span class='ocrx_word' id='word_1_427' title='bbox 3374 1998 3561 2067; x_wconf 80' lang='lat' dir='ltr'><strong>vulgus</strong></span> <span class='ocrx_word' id='word_1_428' title='bbox 3593 2007 3898 2053; x_wconf 72' lang='lat' dir='ltr'><strong>manatura.</strong></span> 
     </span>
    </p>
   </div>
   <div class='ocr_carea' id='block_1_64' title="bbox 2476 2069 3998 2141">
    <p class='ocr_par' dir='ltr' id='par_1_64' title="bbox 2476 2069 3998 2141">
     <span class='ocr_line' id='line_1_66' title="bbox 2476 2069 3998 2141; baseline 0.001 -19"><span class='ocrx_word' id='word_1_429' title='bbox 2476 2071 2873 2124; x_wconf 72' lang='lat' dir='ltr'><strong>lNotcNATtvcu.</strong></span> <span class='ocrx_word' id='word_1_430' title='bbox 2893 2069 2953 2129; x_wconf 88' lang='lat' dir='ltr'><strong>ll.</strong></span> <span class='ocrx_word' id='word_1_431' title='bbox 2973 2069 3078 2124; x_wconf 93' lang='grc'><strong>675</strong></span> <span class='ocrx_word' id='word_1_432' title='bbox 3094 2074 3158 2134; x_wconf 81' lang='grc' dir='ltr'><strong><em>Α,</em></strong></span> <span class='ocrx_word' id='word_1_433' title='bbox 3179 2069 3554 2139; x_wconf 84' lang='lat' dir='ltr'><strong>lndignativum</strong></span> <span class='ocrx_word' id='word_1_434' title='bbox 3579 2070 3713 2137; x_wconf 89' lang='lat' dir='ltr'><strong>quod</strong></span> <span class='ocrx_word' id='word_1_435' title='bbox 3732 2071 3998 2141; x_wconf 86' lang='lat' dir='ltr'><strong>appellant</strong></span> 
     </span>
    </p>
   </div>
   <div class='ocr_carea' id='block_1_65' title="bbox 2403 2141 3992 2210">
    <p class='ocr_par' dir='ltr' id='par_1_65' title="bbox 2403 2141 3992 2210">
     <span class='ocr_line' id='line_1_67' title="bbox 2403 2141 3992 2210; baseline 0 -17"><span class='ocrx_word' id='word_1_436' title='bbox 2403 2148 2599 2207; x_wconf 67' lang='grc' dir='ltr'><strong>θυμικὸν</strong></span> <span class='ocrx_word' id='word_1_437' title='bbox 2617 2184 2629 2207; x_wconf 90' lang='grc'><strong>,</strong></span> <span class='ocrx_word' id='word_1_438' title='bbox 2657 2151 2703 2194; x_wconf 93' lang='lat' dir='ltr'><strong>et</strong></span> <span class='ocrx_word' id='word_1_439' title='bbox 2731 2142 3217 2210; x_wconf 83' lang='lat' dir='ltr'><strong>concupiscentivum</strong></span> <span class='ocrx_word' id='word_1_440' title='bbox 3257 2141 3391 2205; x_wconf 89' lang='lat' dir='ltr'><strong>quod</strong></span> <span class='ocrx_word' id='word_1_441' title='bbox 3424 2151 3602 2194; x_wconf 75' lang='lat' dir='ltr'><strong>vocant</strong></span> <span class='ocrx_word' id='word_1_442' title='bbox 3632 2146 3992 2209; x_wconf 71' lang='grc' dir='ltr'><strong>ὶπιθυμητικόν.</strong></span> 
     </span>
    </p>
   </div>
   <div class='ocr_carea' id='block_1_66' title="bbox 2477 2210 4000 2282">
    <p class='ocr_par' dir='ltr' id='par_1_66' title="bbox 2477 2210 4000 2282">
     <span class='ocr_line' id='line_1_68' title="bbox 2477 2210 4000 2282; baseline -0.001 -16"><span class='ocrx_word' id='word_1_443' title='bbox 2477 2214 2835 2266; x_wconf 73' lang='lat' dir='ltr'><strong>INDISCRETUS.</strong></span> <span class='ocrx_word' id='word_1_444' title='bbox 2872 2212 2911 2276; x_wconf 89' lang='grc' dir='ltr'><strong><em>Ι,</em></strong></span> <span class='ocrx_word' id='word_1_445' title='bbox 2954 2212 3058 2267; x_wconf 73' lang='grc'>472</span> <span class='ocrx_word' id='word_1_446' title='bbox 3078 2212 3144 2277; x_wconf 83' lang='grc' dir='ltr'><strong><em>Α,</em></strong></span> <span class='ocrx_word' id='word_1_447' title='bbox 3177 2210 3362 2265; x_wconf 82' lang='lat' dir='ltr'><strong>Omnia</strong></span> <span class='ocrx_word' id='word_1_448' title='bbox 3391 2212 3663 2265; x_wconf 85' lang='lat' dir='ltr'><strong>indiscreta</strong></span> <span class='ocrx_word' id='word_1_449' title='bbox 3693 2222 3813 2266; x_wconf 90' lang='lat' dir='ltr'><strong>sunt</strong></span> <span class='ocrx_word' id='word_1_450' title='bbox 3860 2213 4000 2282; x_wconf 87' lang='lat' dir='ltr'><strong>apud</strong></span> 
     </span>
    </p>
   </div>
   <div class='ocr_carea' id='block_1_67' title="bbox 2404 2294 2948 2352">
    <p class='ocr_par' dir='ltr' id='par_1_67' title="bbox 2404 2294 2948 2352">
     <span class='ocr_line' id='line_1_69' title="bbox 2404 2294 2948 2352; baseline 0 -16"><span class='ocrx_word' id='word_1_451' title='bbox 2404 2300 2513 2346; x_wconf 74' lang='grc'>1108,</span> <span class='ocrx_word' id='word_1_452' title='bbox 2544 2294 2724 2352; x_wconf 79' lang='lat' dir='ltr'><strong>prwter</strong></span> <span class='ocrx_word' id='word_1_453' title='bbox 2746 2300 2948 2337; x_wconf 64' lang='grc' dir='ltr'><strong>πλείονες.</strong></span> 
     </span>
    </p>
   </div>
   <div class='ocr_carea' id='block_1_68' title="bbox 2474 2352 3996 2419">
    <p class='ocr_par' dir='ltr' id='par_1_68' title="bbox 2474 2352 3996 2419">
     <span class='ocr_line' id='line_1_70' title="bbox 2474 2352 3996 2419; baseline 0.001 -11"><span class='ocrx_word' id='word_1_454' title='bbox 2474 2354 2797 2408; x_wconf 71' lang='lat' dir='ltr'><strong>lumvrouus.</strong></span> <span class='ocrx_word' id='word_1_455' title='bbox 2844 2354 2906 2417; x_wconf 89' lang='lat' dir='ltr'><strong>ll,</strong></span> <span class='ocrx_word' id='word_1_456' title='bbox 2964 2354 3058 2410; x_wconf 90' lang='grc'><strong>161</strong></span> <span class='ocrx_word' id='word_1_457' title='bbox 3091 2353 3153 2419; x_wconf 93' lang='grc' dir='ltr'><strong>Β,</strong></span> <span class='ocrx_word' id='word_1_458' title='bbox 3217 2352 3497 2408; x_wconf 70' lang='lat' dir='ltr'><strong>[labentem</strong></span> <span class='ocrx_word' id='word_1_459' title='bbox 3524 2354 3576 2408; x_wconf 90' lang='lat' dir='ltr'><strong>in</strong></span> <span class='ocrx_word' id='word_1_460' title='bbox 3603 2370 3656 2409; x_wconf 91' lang='lat' dir='ltr'><strong>se</strong></span> <span class='ocrx_word' id='word_1_461' title='bbox 3697 2354 3996 2409; x_wconf 79' lang='lat' dir='ltr'><strong>individuus</strong></span> 
     </span>
    </p>
   </div>
   <div class='ocr_carea' id='block_1_69' title="bbox 2404 2426 3612 2496">
    <p class='ocr_par' dir='ltr' id='par_1_69' title="bbox 2404 2426 3612 2496">
     <span class='ocr_line' id='line_1_71' title="bbox 2404 2426 3612 2496; baseline -0.002 -15"><span class='ocrx_word' id='word_1_462' title='bbox 2404 2442 2547 2487; x_wconf 88' lang='lat' dir='ltr'><strong>suas,</strong></span> <span class='ocrx_word' id='word_1_463' title='bbox 2599 2440 2674 2479; x_wconf 88' lang='lat' dir='ltr'><strong>sc.</strong></span> <span class='ocrx_word' id='word_1_464' title='bbox 2710 2426 2954 2491; x_wconf 87' lang='lat' dir='ltr'><strong>comites,</strong></span> <span class='ocrx_word' id='word_1_465' title='bbox 2979 2427 3238 2480; x_wconf 79' lang='lat' dir='ltr'><strong>rationem</strong></span> <span class='ocrx_word' id='word_1_466' title='bbox 3268 2434 3322 2496; x_wconf 82' lang='lat' dir='ltr'><strong>et</strong></span> <span class='ocrx_word' id='word_1_467' title='bbox 3350 2426 3612 2496; x_wconf 79' lang='lat' dir='ltr'><strong>s0pltiam.</strong></span> 
     </span>
    </p>
   </div>
   <div class='ocr_carea' id='block_1_70' title="bbox 2478 2495 3991 2563">
    <p class='ocr_par' dir='ltr' id='par_1_70' title="bbox 2478 2495 3991 2563">
     <span class='ocr_line' id='line_1_72' title="bbox 2478 2495 3991 2563; baseline 0.001 -14"><span class='ocrx_word' id='word_1_468' title='bbox 2478 2496 2844 2551; x_wconf 71' lang='lat' dir='ltr'><strong>lsountrnus.</strong></span> <span class='ocrx_word' id='word_1_469' title='bbox 2904 2497 2966 2562; x_wconf 91' lang='lat' dir='ltr'><strong>ll,</strong></span> <span class='ocrx_word' id='word_1_470' title='bbox 3015 2496 3118 2552; x_wconf 84' lang='grc'><strong>579</strong></span> <span class='ocrx_word' id='word_1_471' title='bbox 3172 2501 3236 2563; x_wconf 78' lang='grc' dir='ltr'><strong><em>Α,</em></strong></span> <span class='ocrx_word' id='word_1_472' title='bbox 3294 2495 3646 2551; x_wconf 88' lang='lat' dir='ltr'><strong>lndubitatum</strong></span> <span class='ocrx_word' id='word_1_473' title='bbox 3706 2498 3991 2552; x_wconf 88' lang='lat' dir='ltr'><strong>interitum.</strong></span> 
     </span>
    </p>
   </div>
   <div class='ocr_carea' id='block_1_71' title="bbox 2404 2567 3461 2638">
    <p class='ocr_par' dir='ltr' id='par_1_71' title="bbox 2404 2567 3461 2638">
     <span class='ocr_line' id='line_1_73' title="bbox 2404 2567 3461 2638; baseline -0.001 -15"><span class='ocrx_word' id='word_1_474' title='bbox 2404 2567 2543 2623; x_wconf 85' lang='lat' dir='ltr'><strong>lren.</strong></span> <span class='ocrx_word' id='word_1_475' title='bbox 2574 2569 2680 2621; x_wconf 64' lang='lat' dir='ltr'><strong>itus&quot;</strong></span> <span class='ocrx_word' id='word_1_476' title='bbox 2706 2575 2911 2634; x_wconf 62' lang='grc' dir='ltr'><strong>ὠνάμην</strong></span> <span class='ocrx_word' id='word_1_477' title='bbox 2942 2575 3235 2623; x_wconf 60' lang='lat' dir='ltr'><strong>inunita-Osci</strong></span> <span class='ocrx_word' id='word_1_478' title='bbox 3260 2576 3461 2638; x_wconf 65' lang='grc' dir='ltr'><strong>λέγεται.</strong></span> 
     </span>
    </p>
   </div>
   <div class='ocr_carea' id='block_1_72' title="bbox 2476 2637 4003 2705">
    <p class='ocr_par' dir='ltr' id='par_1_72' title="bbox 2476 2637 4003 2705">
     <span class='ocr_line' id='line_1_74' title="bbox 2476 2637 4003 2705; baseline 0 -11"><span class='ocrx_word' id='word_1_479' title='bbox 2476 2640 2757 2694; x_wconf 67' lang='lat' dir='ltr'><strong>luocceuc.</strong></span> <span class='ocrx_word' id='word_1_480' title='bbox 2787 2641 2848 2705; x_wconf 94' lang='lat' dir='ltr'><strong>ll,</strong></span> <span class='ocrx_word' id='word_1_481' title='bbox 2871 2640 2942 2695; x_wconf 93' lang='lat'><strong>29</strong></span> <span class='ocrx_word' id='word_1_482' title='bbox 2962 2639 3028 2703; x_wconf 83' lang='lat' dir='ltr'><strong>A,</strong></span> <span class='ocrx_word' id='word_1_483' title='bbox 3061 2637 3379 2703; x_wconf 72' lang='lat' dir='ltr'><strong>traduxerim,</strong></span> <span class='ocrx_word' id='word_1_484' title='bbox 3406 2642 3439 2693; x_wconf 90' lang='lat' dir='ltr'><strong>i.</strong></span> <span class='ocrx_word' id='word_1_485' title='bbox 3464 2653 3513 2693; x_wconf 92' lang='lat' dir='ltr'><strong>e.</strong></span> <span class='ocrx_word' id='word_1_486' title='bbox 3536 2637 3853 2701; x_wconf 83' lang='lat' dir='ltr'><strong>deleverim,</strong></span> <span class='ocrx_word' id='word_1_487' title='bbox 3886 2654 4003 2694; x_wconf 89' lang='lat' dir='ltr'><strong>sus-</strong></span> 
     </span>
    </p>
   </div>
   <div class='ocr_carea' id='block_1_73' title="bbox 2406 2709 3997 2776">
    <p class='ocr_par' dir='ltr' id='par_1_73' title="bbox 2406 2709 3997 2776">
     <span class='ocr_line' id='line_1_75' title="bbox 2406 2709 3997 2776; baseline 0.001 -13"><span class='ocrx_word' id='word_1_488' title='bbox 2406 2710 2619 2765; x_wconf 85' lang='lat' dir='ltr'><strong>tulerint</strong></span> <span class='ocrx_word' id='word_1_489' title='bbox 2643 2722 2695 2763; x_wconf 92' lang='lat' dir='ltr'><strong>et</strong></span> <span class='ocrx_word' id='word_1_490' title='bbox 2724 2713 2789 2761; x_wconf 80' lang='lat' dir='ltr'><strong>ali</strong></span> <span class='ocrx_word' id='word_1_491' title='bbox 2817 2727 2879 2765; x_wconf 87' lang='lat' dir='ltr'><strong>ea</strong></span> <span class='ocrx_word' id='word_1_492' title='bbox 2923 2710 3233 2765; x_wconf 84' lang='lat' dir='ltr'><strong>adducenda</strong></span> <span class='ocrx_word' id='word_1_493' title='bbox 3284 2711 3653 2764; x_wconf 77' lang='lat' dir='ltr'><strong>abstinuerim.</strong></span> <span class='ocrx_word' id='word_1_494' title='bbox 3698 2709 3763 2776; x_wconf 86' lang='lat' dir='ltr'><strong>II,</strong></span> <span class='ocrx_word' id='word_1_495' title='bbox 3793 2711 3905 2766; x_wconf 80' lang='grc'>’552</span> <span class='ocrx_word' id='word_1_496' title='bbox 3933 2710 3997 2775; x_wconf 72' lang='grc' dir='ltr'><strong><em>Α,</em></strong></span> 
     </span>
    </p>
   </div>
   <div class='ocr_carea' id='block_1_74' title="bbox 2407 2781 4000 2851">
    <p class='ocr_par' dir='ltr' id='par_1_74' title="bbox 2407 2781 4000 2851">
     <span class='ocr_line' id='line_1_76' title="bbox 2407 2781 4000 2851; baseline 0.002 -17"><span class='ocrx_word' id='word_1_497' title='bbox 2407 2781 2581 2834; x_wconf 77' lang='lat' dir='ltr'><strong>Etiam</strong></span> <span class='ocrx_word' id='word_1_498' title='bbox 2626 2782 2779 2850; x_wconf 81' lang='lat' dir='ltr'><strong>fidem</strong></span> <span class='ocrx_word' id='word_1_499' title='bbox 2802 2783 2949 2835; x_wconf 90' lang='lat' dir='ltr'><strong>istant</strong></span> <span class='ocrx_word' id='word_1_500' title='bbox 2999 2781 3229 2851; x_wconf 81' lang='lat' dir='ltr'><strong>Apostoli</strong></span> <span class='ocrx_word' id='word_1_501' title='bbox 3271 2782 3600 2841; x_wconf 71' lang='lat' dir='ltr'><strong>induxerunt.</strong></span> <span class='ocrx_word' id='word_1_502' title='bbox 3634 2782 3669 2835; x_wconf 90' lang='lat' dir='ltr'><strong>i.</strong></span> <span class='ocrx_word' id='word_1_503' title='bbox 3694 2797 3745 2836; x_wconf 86' lang='lat' dir='ltr'><strong>e.</strong></span> <span class='ocrx_word' id='word_1_504' title='bbox 3780 2782 4000 2837; x_wconf 79' lang='lat' dir='ltr'><strong>deleve-</strong></span> 
     </span>
    </p>
   </div>
   <div class='ocr_carea' id='block_1_75' title="bbox 2408 2851 4000 2922">
    <p class='ocr_par' dir='ltr' id='par_1_75' title="bbox 2408 2851 4000 2922">
     <span class='ocr_line' id='line_1_77' title="bbox 2408 2851 4000 2922; baseline 0.001 -17"><span class='ocrx_word' id='word_1_505' title='bbox 2408 2862 2532 2906; x_wconf 90' lang='lat' dir='ltr'><strong>rttnt</strong></span> <span class='ocrx_word' id='word_1_506' title='bbox 2575 2852 2845 2921; x_wconf 79' lang='lat' dir='ltr'><strong>Evangelii</strong></span> <span class='ocrx_word' id='word_1_507' title='bbox 2884 2852 3331 2922; x_wconf 79' lang='lat' dir='ltr'><strong>promulgatione.</strong></span> <span class='ocrx_word' id='word_1_508' title='bbox 3379 2853 3439 2914; x_wconf 91' lang='lat' dir='ltr'><strong>Il,</strong></span> <span class='ocrx_word' id='word_1_509' title='bbox 3494 2851 3596 2909; x_wconf 90' lang='grc'><strong>107</strong></span> <span class='ocrx_word' id='word_1_510' title='bbox 3618 2853 3684 2917; x_wconf 80' lang='grc' dir='ltr'><strong><em>Δ,</em></strong></span> <span class='ocrx_word' id='word_1_511' title='bbox 3716 2851 4000 2906; x_wconf 77' lang='lat' dir='ltr'><strong>Possumus</strong></span> 
     </span>
    </p>
   </div>
   <div class='ocr_carea' id='block_1_76' title="bbox 2397 2923 4001 2993">
    <p class='ocr_par' dir='ltr' id='par_1_76' title="bbox 2397 2923 4001 2993">
     <span class='ocr_line' id='line_1_78' title="bbox 2397 2923 4001 2993; baseline 0.001 -18"><span class='ocrx_word' id='word_1_512' title='bbox 2397 2926 2510 2993; x_wconf 88' lang='lat' dir='ltr'><strong>jam</strong></span> <span class='ocrx_word' id='word_1_513' title='bbox 2531 2924 2946 2978; x_wconf 82' lang='lat' dir='ltr'><strong>consultationem</strong></span> <span class='ocrx_word' id='word_1_514' title='bbox 2969 2933 3107 2977; x_wconf 86' lang='lat' dir='ltr'><strong>tuam</strong></span> <span class='ocrx_word' id='word_1_515' title='bbox 3130 2923 3387 2989; x_wconf 86' lang='lat' dir='ltr'><strong>inducere,</strong></span> <span class='ocrx_word' id='word_1_516' title='bbox 3420 2924 3455 2976; x_wconf 89' lang='lat' dir='ltr'><strong>i.</strong></span> <span class='ocrx_word' id='word_1_517' title='bbox 3480 2939 3529 2978; x_wconf 92' lang='lat' dir='ltr'><strong>e.</strong></span> <span class='ocrx_word' id='word_1_518' title='bbox 3564 2923 3754 2978; x_wconf 86' lang='lat' dir='ltr'><strong>tollere</strong></span> <span class='ocrx_word' id='word_1_519' title='bbox 3778 2924 4001 2978; x_wconf 89' lang='lat' dir='ltr'><strong>dubium</strong></span> 
     </span>
    </p>
   </div>
   <div class='ocr_carea' id='block_1_77' title="bbox 2409 2994 4002 3064">
    <p class='ocr_par' dir='ltr' id='par_1_77' title="bbox 2409 2994 4002 3064">
     <span class='ocr_line' id='line_1_79' title="bbox 2409 2994 4002 3064; baseline 0.001 -17"><span class='ocrx_word' id='word_1_520' title='bbox 2409 2994 2814 3048; x_wconf 85' lang='lat' dir='ltr'><strong>consultationis</strong></span> <span class='ocrx_word' id='word_1_521' title='bbox 2861 3005 2983 3048; x_wconf 69' lang='lat' dir='ltr'><strong>tum.</strong></span> <span class='ocrx_word' id='word_1_522' title='bbox 3045 2994 3278 3061; x_wconf 75' lang='lat' dir='ltr'><strong>Exponit</strong></span> <span class='ocrx_word' id='word_1_523' title='bbox 3326 3004 3501 3064; x_wconf 79' lang='lat' dir='ltr'><strong>autem</strong></span> <span class='ocrx_word' id='word_1_524' title='bbox 3564 2995 3826 3064; x_wconf 86' lang='lat' dir='ltr'><strong>seipsum,</strong></span> <span class='ocrx_word' id='word_1_525' title='bbox 3880 3010 4002 3049; x_wconf 86' lang='lat' dir='ltr'><strong>cum</strong></span> 
     </span>
    </p>
   </div>
   <div class='ocr_carea' id='block_1_78' title="bbox 2409 3063 4003 3129">
    <p class='ocr_par' dir='ltr' id='par_1_78' title="bbox 2409 3063 4003 3129">
     <span class='ocr_line' id='line_1_80' title="bbox 2409 3063 4003 3129; baseline 0.001 -12"><span class='ocrx_word' id='word_1_526' title='bbox 2409 3064 2557 3118; x_wconf 88' lang='lat' dir='ltr'><strong>addit</strong></span> <span class='ocrx_word' id='word_1_527' title='bbox 2589 3082 2601 3117; x_wconf 93' lang='lat'><strong>:</strong></span> <span class='ocrx_word' id='word_1_528' title='bbox 2630 3074 2678 3118; x_wconf 88' lang='lat' dir='ltr'><strong>et</strong></span> <span class='ocrx_word' id='word_1_529' title='bbox 2706 3065 3057 3119; x_wconf 89' lang='lat' dir='ltr'><strong>determinare.</strong></span> <span class='ocrx_word' id='word_1_530' title='bbox 3090 3064 3154 3126; x_wconf 90' lang='lat' dir='ltr'><strong>ll,</strong></span> <span class='ocrx_word' id='word_1_531' title='bbox 3201 3064 3307 3119; x_wconf 83' lang='lat'><strong>680</strong></span> <span class='ocrx_word' id='word_1_532' title='bbox 3337 3066 3396 3129; x_wconf 89' lang='grc' dir='ltr'><strong>Β,</strong></span> <span class='ocrx_word' id='word_1_533' title='bbox 3432 3063 3660 3119; x_wconf 87' lang='lat' dir='ltr'><strong>Proinde</strong></span> <span class='ocrx_word' id='word_1_534' title='bbox 3699 3066 3836 3119; x_wconf 88' lang='lat' dir='ltr'><strong>enint</strong></span> <span class='ocrx_word' id='word_1_535' title='bbox 3871 3067 4003 3121; x_wconf 79' lang='lat' dir='ltr'><strong>riam</strong></span> 
     </span>
    </p>
   </div>
   <div class='ocr_carea' id='block_1_79' title="bbox 2407 3135 4003 3205">
    <p class='ocr_par' dir='ltr' id='par_1_79' title="bbox 2407 3135 4003 3205">
     <span class='ocr_line' id='line_1_81' title="bbox 2407 3135 4003 3205; baseline 0.001 -14"><span class='ocrx_word' id='word_1_536' title='bbox 2407 3145 2634 3191; x_wconf 85' lang='lat' dir='ltr'><strong>sternunt</strong></span> <span class='ocrx_word' id='word_1_537' title='bbox 2660 3146 2831 3204; x_wconf 90' lang='lat' dir='ltr'><strong>postea</strong></span> <span class='ocrx_word' id='word_1_538' title='bbox 2872 3137 3147 3190; x_wconf 84' lang='lat' dir='ltr'><strong>inducendi</strong></span> <span class='ocrx_word' id='word_1_539' title='bbox 3185 3138 3315 3205; x_wconf 82' lang='lat' dir='ltr'><strong>ejus,</strong></span> <span class='ocrx_word' id='word_1_540' title='bbox 3365 3136 3398 3190; x_wconf 92' lang='lat' dir='ltr'><strong>i.</strong></span> <span class='ocrx_word' id='word_1_541' title='bbox 3437 3151 3486 3189; x_wconf 93' lang='lat' dir='ltr'><strong>e.</strong></span> <span class='ocrx_word' id='word_1_542' title='bbox 3525 3135 3764 3202; x_wconf 88' lang='lat' dir='ltr'><strong>delendi,</strong></span> <span class='ocrx_word' id='word_1_543' title='bbox 3806 3138 4003 3193; x_wconf 85' lang='lat' dir='ltr'><strong>oblite-</strong></span> 
     </span>
    </p>
   </div>
   <div class='ocr_carea' id='block_1_80' title="bbox 2408 3206 3998 3280">
    <p class='ocr_par' dir='ltr' id='par_1_80' title="bbox 2408 3206 3998 3280">
     <span class='ocr_line' id='line_1_82' title="bbox 2408 3206 3998 3280; baseline 0.001 -19"><span class='ocrx_word' id='word_1_544' title='bbox 2408 3206 2579 3280; x_wconf 80' lang='lat' dir='ltr'><strong>randi.</strong></span> <span class='ocrx_word' id='word_1_545' title='bbox 2610 3207 2673 3271; x_wconf 87' lang='lat' dir='ltr'><strong>ll,</strong></span> <span class='ocrx_word' id='word_1_546' title='bbox 2701 3206 2771 3261; x_wconf 83' lang='lat'>58</span> <span class='ocrx_word' id='word_1_547' title='bbox 2813 3208 2887 3280; x_wconf 73' lang='grc' dir='ltr'><strong>Β,</strong></span> <span class='ocrx_word' id='word_1_548' title='bbox 2929 3206 3107 3280; x_wconf 86' lang='lat' dir='ltr'><strong>Neque</strong></span> <span class='ocrx_word' id='word_1_549' title='bbox 3151 3206 3397 3280; x_wconf 63' lang='lat' dir='ltr'><strong>ethnicos</strong></span> <span class='ocrx_word' id='word_1_550' title='bbox 3422 3208 3661 3280; x_wconf 86' lang='lat' dir='ltr'><strong>inducere</strong></span> <span class='ocrx_word' id='word_1_551' title='bbox 3699 3210 3998 3277; x_wconf 88' lang='lat' dir='ltr'><strong>potuissent,</strong></span> 
     </span>
    </p>
   </div>
   <div class='ocr_carea' id='block_1_81' title="bbox 728 3273 3621 3347">
    <p class='ocr_par' dir='ltr' id='par_1_81' title="bbox 728 3273 3621 3347">
     <span class='ocr_line' id='line_1_83' title="bbox 728 3273 3621 3347; baseline 0.001 -21"><span class='ocrx_word' id='word_1_552' title='bbox 728 3274 845 3344; x_wconf 85' lang='lat' dir='ltr'><strong>gitis</strong></span> <span class='ocrx_word' id='word_1_553' title='bbox 874 3273 980 3347; x_wconf 74' lang='lat' dir='ltr'><strong>Deo</strong></span> <span class='ocrx_word' id='word_1_554' title='bbox 1019 3274 1195 3345; x_wconf 88' lang='lat' dir='ltr'><strong>digna,</strong></span> <span class='ocrx_word' id='word_1_555' title='bbox 1223 3273 1539 3330; x_wconf 89' lang='lat' dir='ltr'><strong>habebuntur</strong></span> <span class='ocrx_word' id='word_1_556' title='bbox 1573 3276 1627 3329; x_wconf 92' lang='lat' dir='ltr'><strong>in</strong></span> <span class='ocrx_word' id='word_1_557' title='bbox 1663 3284 1805 3345; x_wconf 82' lang='lat' dir='ltr'><strong>patre</strong></span> <span class='ocrx_word' id='word_1_558' title='bbox 1842 3275 2102 3346; x_wconf 84' lang='lat' dir='ltr'><strong>invisibili,</strong></span> <span class='ocrx_word' id='word_1_559' title='bbox 2130 3282 2298 3333; x_wconf 87' lang='lat' dir='ltr'><strong>incon-</strong></span> <span class='ocrx_word' id='word_1_560' title='bbox 2331 3279 2379 3344; x_wconf 85' lang='lat' dir='ltr'><strong><em>C</em></strong></span> <span class='ocrx_word' id='word_1_561' title='bbox 2412 3278 2446 3333; x_wconf 92' lang='lat' dir='ltr'><strong>i.</strong></span> <span class='ocrx_word' id='word_1_562' title='bbox 2478 3293 2527 3332; x_wconf 92' lang='lat' dir='ltr'><strong>e.</strong></span> <span class='ocrx_word' id='word_1_563' title='bbox 2562 3280 2845 3343; x_wconf 82' lang='lat' dir='ltr'><strong>adducere,</strong></span> <span class='ocrx_word' id='word_1_564' title='bbox 2876 3273 3153 3347; x_wconf 86' lang='lat' dir='ltr'><strong>impellere</strong></span> <span class='ocrx_word' id='word_1_565' title='bbox 3181 3278 3247 3331; x_wconf 87' lang='lat' dir='ltr'><strong>ad</strong></span> <span class='ocrx_word' id='word_1_566' title='bbox 3276 3277 3621 3333; x_wconf 89' lang='lat' dir='ltr'><strong>credendum.</strong></span> 
     </span>
    </p>
   </div>
   <div class='ocr_carea' id='block_1_82' title="bbox 726 3344 1085 3418">
    <p class='ocr_par' dir='ltr' id='par_1_82' title="bbox 726 3344 1085 3418">
     <span class='ocr_line' id='line_1_84' title="bbox 726 3344 1085 3418; baseline 0.008 -23"><span class='ocrx_word' id='word_1_567' title='bbox 726 3344 1085 3418; x_wconf 72' lang='lat' dir='ltr'><strong>gressibilique.</strong></span> 
     </span>
    </p>
   </div>
   <div class='ocr_carea' id='block_1_83' title="bbox 800 3416 2310 3483">
    <p class='ocr_par' dir='ltr' id='par_1_83' title="bbox 800 3416 2310 3483">
     <span class='ocr_line' id='line_1_85' title="bbox 800 3416 2310 3483; baseline 0.002 -12"><span class='ocrx_word' id='word_1_568' title='bbox 800 3418 1241 3472; x_wconf 70' lang='lat' dir='ltr'><strong>lxconcnucnrts.</strong></span> <span class='ocrx_word' id='word_1_569' title='bbox 1289 3416 1353 3483; x_wconf 89' lang='lat' dir='ltr'><strong>ll,</strong></span> <span class='ocrx_word' id='word_1_570' title='bbox 1403 3417 1507 3472; x_wconf 70' lang='grc'>654</span> <span class='ocrx_word' id='word_1_571' title='bbox 1546 3416 1611 3481; x_wconf 80' lang='grc' dir='ltr'><strong><em>Λ,</em></strong></span> <span class='ocrx_word' id='word_1_572' title='bbox 1651 3417 1729 3469; x_wconf 81' lang='lat' dir='ltr'><strong>Ad</strong></span> <span class='ocrx_word' id='word_1_573' title='bbox 1773 3418 1866 3471; x_wconf 89' lang='lat' dir='ltr'><strong>hoc</strong></span> <span class='ocrx_word' id='word_1_574' title='bbox 1896 3435 1987 3473; x_wconf 88' lang='lat' dir='ltr'><strong>nos</strong></span> <span class='ocrx_word' id='word_1_575' title='bbox 2014 3420 2310 3474; x_wconf 86' lang='lat' dir='ltr'><strong>mirabimur</strong></span> 
     </span>
    </p>
   </div>
   <div class='ocr_carea' id='block_1_84' title="bbox 728 3488 2309 3559">
    <p class='ocr_par' dir='ltr' id='par_1_84' title="bbox 728 3488 2309 3559">
     <span class='ocr_line' id='line_1_86' title="bbox 728 3488 2309 3559; baseline 0.004 -20"><span class='ocrx_word' id='word_1_576' title='bbox 728 3489 1162 3559; x_wconf 77' lang='lat' dir='ltr'><strong>incongruentiam</strong></span> <span class='ocrx_word' id='word_1_577' title='bbox 1207 3488 1371 3557; x_wconf 87' lang='lat' dir='ltr'><strong>primo</strong></span> <span class='ocrx_word' id='word_1_578' title='bbox 1415 3489 1724 3555; x_wconf 84' lang='lat' dir='ltr'><strong>deﬁnitionis</strong></span> <span class='ocrx_word' id='word_1_579' title='bbox 1770 3493 2086 3558; x_wconf 84' lang='lat' dir='ltr'><strong>provocantis</strong></span> <span class='ocrx_word' id='word_1_580' title='bbox 2131 3492 2197 3544; x_wconf 86' lang='lat' dir='ltr'><strong>ad</strong></span> <span class='ocrx_word' id='word_1_581' title='bbox 2250 3509 2309 3545; x_wconf 87' lang='lat' dir='ltr'><strong>ea</strong></span> 
     </span>
    </p>
   </div>
   <div class='ocr_carea' id='block_1_85' title="bbox 729 3559 1639 3631">
    <p class='ocr_par' dir='ltr' id='par_1_85' title="bbox 729 3559 1639 3631">
     <span class='ocr_line' id='line_1_87' title="bbox 729 3559 1639 3631; baseline -0.001 -20"><span class='ocrx_word' id='word_1_582' title='bbox 729 3575 844 3631; x_wconf 81' lang='lat' dir='ltr'><strong>qua:</strong></span> <span class='ocrx_word' id='word_1_583' title='bbox 871 3561 921 3613; x_wconf 88' lang='lat' dir='ltr'><strong>iu</strong></span> <span class='ocrx_word' id='word_1_584' title='bbox 942 3559 1161 3613; x_wconf 86' lang='lat' dir='ltr'><strong>animant</strong></span> <span class='ocrx_word' id='word_1_585' title='bbox 1189 3576 1288 3613; x_wconf 88' lang='lat' dir='ltr'><strong>non</strong></span> <span class='ocrx_word' id='word_1_586' title='bbox 1318 3560 1639 3631; x_wconf 79' lang='lat' dir='ltr'><strong>conveniunt.</strong></span> 
     </span>
    </p>
   </div>
   <div class='ocr_carea' id='block_1_86' title="bbox 802 3630 2309 3703">
    <p class='ocr_par' dir='ltr' id='par_1_86' title="bbox 802 3630 2309 3703">
     <span class='ocr_line' id='line_1_88' title="bbox 802 3630 2309 3703; baseline 0.003 -19"><span class='ocrx_word' id='word_1_587' title='bbox 802 3630 1291 3685; x_wconf 69' lang='lat' dir='ltr'><strong>INCONSIDERANTIA.</strong></span> <span class='ocrx_word' id='word_1_588' title='bbox 1340 3630 1404 3696; x_wconf 90' lang='lat' dir='ltr'><strong>ll,</strong></span> <span class='ocrx_word' id='word_1_589' title='bbox 1452 3630 1571 3703; x_wconf 12' lang='lat'>8687</span> <span class='ocrx_word' id='word_1_590' title='bbox 1607 3631 1663 3694; x_wconf 86' lang='grc' dir='ltr'><strong>Β,</strong></span> <span class='ocrx_word' id='word_1_591' title='bbox 1718 3630 1888 3685; x_wconf 80' lang='lat' dir='ltr'><strong>Etiam</strong></span> <span class='ocrx_word' id='word_1_592' title='bbox 1935 3650 2025 3702; x_wconf 85' lang='lat' dir='ltr'><strong>pro</strong></span> <span class='ocrx_word' id='word_1_593' title='bbox 2066 3632 2309 3703; x_wconf 77' lang='lat' dir='ltr'><strong>Apostolo</strong></span> 
     </span>
    </p>
   </div>
   <div class='ocr_carea' id='block_1_87' title="bbox 731 3702 2129 3771">
    <p class='ocr_par' dir='ltr' id='par_1_87' title="bbox 731 3702 2129 3771">
     <span class='ocr_line' id='line_1_89' title="bbox 731 3702 2129 3771; baseline 0.001 -16"><span class='ocrx_word' id='word_1_594' title='bbox 731 3702 843 3771; x_wconf 83' lang='lat' dir='ltr'><strong>ipso</strong></span> <span class='ocrx_word' id='word_1_595' title='bbox 881 3719 1054 3755; x_wconf 85' lang='lat' dir='ltr'><strong>revera</strong></span> <span class='ocrx_word' id='word_1_596' title='bbox 1078 3705 1317 3756; x_wconf 72' lang='lat' dir='ltr'><strong>maxima’</strong></span> <span class='ocrx_word' id='word_1_597' title='bbox 1343 3702 1784 3771; x_wconf 78' lang='lat' dir='ltr'><strong>inconsiderantia:</strong></span> <span class='ocrx_word' id='word_1_598' title='bbox 1812 3706 2129 3758; x_wconf 79' lang='lat' dir='ltr'><strong>revincendo.</strong></span> 
     </span>
    </p>
   </div>
   <div class='ocr_carea' id='block_1_88' title="bbox 804 3766 2312 3845">
    <p class='ocr_par' dir='ltr' id='par_1_88' title="bbox 804 3766 2312 3845">
     <span class='ocr_line' id='line_1_90' title="bbox 804 3766 2312 3845; baseline 0.004 -19"><span class='ocrx_word' id='word_1_599' title='bbox 804 3773 1315 3829; x_wconf 65' lang='lat' dir='ltr'><strong>INCONTRADICIBILE.</strong></span> <span class='ocrx_word' id='word_1_600' title='bbox 1346 3773 1410 3839; x_wconf 85' lang='lat' dir='ltr'><strong>ll,</strong></span> <span class='ocrx_word' id='word_1_601' title='bbox 1444 3772 1551 3828; x_wconf 67' lang='grc'>456</span> <span class='ocrx_word' id='word_1_602' title='bbox 1580 3773 1641 3839; x_wconf 91' lang='grc' dir='ltr'><strong>Β,</strong></span> <span class='ocrx_word' id='word_1_603' title='bbox 1683 3766 1818 3839; x_wconf 77' lang='lat' dir='ltr'><strong>Quid</strong></span> <span class='ocrx_word' id='word_1_604' title='bbox 1858 3777 1989 3828; x_wconf 89' lang='lat' dir='ltr'><strong>enint</strong></span> <span class='ocrx_word' id='word_1_605' title='bbox 2032 3777 2312 3845; x_wconf 81' lang='lat' dir='ltr'><strong>sapientius</strong></span> 
     </span>
    </p>
   </div>
   <div class='ocr_carea' id='block_1_89' title="bbox 733 3845 1328 3899">
    <p class='ocr_par' dir='ltr' id='par_1_89' title="bbox 733 3845 1328 3899">
     <span class='ocr_line' id='line_1_91' title="bbox 733 3845 1328 3899; baseline -0.002 -2"><span class='ocrx_word' id='word_1_606' title='bbox 733 3853 779 3897; x_wconf 88' lang='lat' dir='ltr'><strong>et</strong></span> <span class='ocrx_word' id='word_1_607' title='bbox 810 3845 1328 3899; x_wconf 87' lang='lat' dir='ltr'><strong>incontradicibilius?</strong></span> 
     </span>
    </p>
   </div>
   <div class='ocr_carea' id='block_1_90' title="bbox 808 3913 2057 3979">
    <p class='ocr_par' dir='ltr' id='par_1_90' title="bbox 808 3913 2057 3979">
     <span class='ocr_line' id='line_1_92' title="bbox 808 3913 2057 3979; baseline 0.003 -11"><span class='ocrx_word' id='word_1_608' title='bbox 808 3914 1282 3977; x_wconf 72' lang='lat' dir='ltr'><strong>INCONVEM&#39;IBILIS,</strong></span> <span class='ocrx_word' id='word_1_609' title='bbox 1309 3914 1371 3977; x_wconf 91' lang='lat' dir='ltr'><strong>ll,</strong></span> <span class='ocrx_word' id='word_1_610' title='bbox 1404 3913 1508 3971; x_wconf 80' lang='grc'><strong>757</strong></span> <span class='ocrx_word' id='word_1_611' title='bbox 1536 3914 1603 3979; x_wconf 88' lang='grc' dir='ltr'><strong><em>Λ,</em></strong></span> <span class='ocrx_word' id='word_1_612' title='bbox 1627 3915 1693 3971; x_wconf 91' lang='lat' dir='ltr'><strong>de</strong></span> <span class='ocrx_word' id='word_1_613' title='bbox 1725 3926 1910 3971; x_wconf 88' lang='lat' dir='ltr'><strong>natura</strong></span> <span class='ocrx_word' id='word_1_614' title='bbox 1944 3917 2057 3973; x_wconf 88' lang='lat' dir='ltr'><strong>Dei.</strong></span> 
     </span>
    </p>
   </div>
   <div class='ocr_carea' id='block_1_91' title="bbox 805 3985 2314 4053">
    <p class='ocr_par' dir='ltr' id='par_1_91' title="bbox 805 3985 2314 4053">
     <span class='ocr_line' id='line_1_93' title="bbox 805 3985 2314 4053; baseline 0.004 -14"><span class='ocrx_word' id='word_1_615' title='bbox 805 3985 1126 4041; x_wconf 65' lang='lat' dir='ltr'><strong>lncortosus.</strong></span> <span class='ocrx_word' id='word_1_616' title='bbox 1166 3987 1228 4053; x_wconf 88' lang='lat' dir='ltr'><strong>ll,</strong></span> <span class='ocrx_word' id='word_1_617' title='bbox 1258 3986 1363 4042; x_wconf 88' lang='grc'>960</span> <span class='ocrx_word' id='word_1_618' title='bbox 1388 3985 1454 4052; x_wconf 82' lang='grc' dir='ltr'><strong><em>Λ,</em></strong></span> <span class='ocrx_word' id='word_1_619' title='bbox 1491 3986 1674 4043; x_wconf 86' lang='lat' dir='ltr'><strong>Statim</strong></span> <span class='ocrx_word' id='word_1_620' title='bbox 1718 3999 1886 4043; x_wconf 90' lang='lat' dir='ltr'><strong>autem</strong></span> <span class='ocrx_word' id='word_1_621' title='bbox 1910 3989 2197 4045; x_wconf 89' lang='lat' dir='ltr'><strong>solitudinis</strong></span> <span class='ocrx_word' id='word_1_622' title='bbox 2235 3991 2314 4045; x_wconf 82' lang='lat' dir='ltr'><strong>in-</strong></span> 
     </span>
    </p>
   </div>
   <div class='ocr_carea' id='block_1_92' title="bbox 736 4058 1765 4129">
    <p class='ocr_par' dir='ltr' id='par_1_92' title="bbox 736 4058 1765 4129">
     <span class='ocr_line' id='line_1_94' title="bbox 736 4058 1765 4129; baseline 0.003 -19"><span class='ocrx_word' id='word_1_623' title='bbox 736 4058 954 4129; x_wconf 79' lang='lat' dir='ltr'><strong>copiostc</strong></span> <span class='ocrx_word' id='word_1_624' title='bbox 982 4060 1342 4129; x_wconf 86' lang='lat' dir='ltr'><strong>circumspectu</strong></span> <span class='ocrx_word' id='word_1_625' title='bbox 1367 4058 1765 4113; x_wconf 81' lang='lat' dir='ltr'><strong>scandalizatus.</strong></span> 
     </span>
    </p>
   </div>
   <div class='ocr_carea' id='block_1_93' title="bbox 809 4128 2311 4201">
    <p class='ocr_par' dir='ltr' id='par_1_93' title="bbox 809 4128 2311 4201">
     <span class='ocr_line' id='line_1_95' title="bbox 809 4128 2311 4201; baseline 0.004 -20"><span class='ocrx_word' id='word_1_626' title='bbox 809 4128 1121 4184; x_wconf 65' lang='lat' dir='ltr'><strong>lscouroas.</strong></span> <span class='ocrx_word' id='word_1_627' title='bbox 1157 4128 1219 4192; x_wconf 89' lang='lat' dir='ltr'><strong>Il,</strong></span> <span class='ocrx_word' id='word_1_628' title='bbox 1250 4129 1445 4201; x_wconf 14' lang='lat'><strong>25071;,</strong></span> <span class='ocrx_word' id='word_1_629' title='bbox 1480 4130 1542 4185; x_wconf 87' lang='lat' dir='ltr'><strong>Si</strong></span> <span class='ocrx_word' id='word_1_630' title='bbox 1569 4146 1667 4199; x_wconf 88' lang='lat' dir='ltr'><strong>qua</strong></span> <span class='ocrx_word' id='word_1_631' title='bbox 1695 4132 1965 4201; x_wconf 83' lang='lat' dir='ltr'><strong>incorpora</strong></span> <span class='ocrx_word' id='word_1_632' title='bbox 2003 4133 2064 4186; x_wconf 90' lang='lat' dir='ltr'><strong>iis</strong></span> <span class='ocrx_word' id='word_1_633' title='bbox 2104 4133 2311 4201; x_wconf 83' lang='lat' dir='ltr'><strong>adsunt,</strong></span> 
     </span>
    </p>
   </div>
   <div class='ocr_carea' id='block_1_94' title="bbox 738 4199 1994 4271">
    <p class='ocr_par' dir='ltr' id='par_1_94' title="bbox 738 4199 1994 4271">
     <span class='ocr_line' id='line_1_96' title="bbox 738 4199 1994 4271; baseline 0 -16"><span class='ocrx_word' id='word_1_634' title='bbox 738 4199 774 4255; x_wconf 87' lang='lat' dir='ltr'><strong>i.</strong></span> <span class='ocrx_word' id='word_1_635' title='bbox 799 4214 848 4271; x_wconf 69' lang='grc' dir='ltr'><strong>ρ.</strong></span> <span class='ocrx_word' id='word_1_636' title='bbox 882 4215 985 4253; x_wconf 90' lang='lat' dir='ltr'><strong>non</strong></span> <span class='ocrx_word' id='word_1_637' title='bbox 1013 4214 1263 4271; x_wconf 71' lang='lat' dir='ltr'><strong>corpora,</strong></span> <span class='ocrx_word' id='word_1_638' title='bbox 1289 4200 1557 4255; x_wconf 74' lang='lat' dir='ltr'><strong>indeﬁnito</strong></span> <span class='ocrx_word' id='word_1_639' title='bbox 1588 4199 1994 4271; x_wconf 81' lang='lat' dir='ltr'><strong>signiﬁcatione.</strong></span> 
     </span>
    </p>
   </div>
   <div class='ocr_carea' id='block_1_95' title="bbox 808 4268 2317 4344">
    <p class='ocr_par' dir='ltr' id='par_1_95' title="bbox 808 4268 2317 4344">
     <span class='ocr_line' id='line_1_97' title="bbox 808 4268 2317 4344; baseline 0.004 -20"><span class='ocrx_word' id='word_1_640' title='bbox 808 4268 1200 4344; x_wconf 70' lang='lat' dir='ltr'><strong>INCORPQRALIS.</strong></span> <span class='ocrx_word' id='word_1_641' title='bbox 1244 4270 1286 4325; x_wconf 89' lang='lat' dir='ltr'><strong>ll</strong></span> <span class='ocrx_word' id='word_1_642' title='bbox 1306 4312 1321 4337; x_wconf 92' lang='lat'><strong>,</strong></span> <span class='ocrx_word' id='word_1_643' title='bbox 1361 4271 1467 4344; x_wconf 87' lang='lat'><strong>229</strong></span> <span class='ocrx_word' id='word_1_644' title='bbox 1496 4271 1557 4336; x_wconf 78' lang='lat' dir='ltr'><strong>C,</strong></span> <span class='ocrx_word' id='word_1_645' title='bbox 1591 4268 1769 4327; x_wconf 72' lang='lat' dir='ltr'><strong>Prima</strong></span> <span class='ocrx_word' id='word_1_646' title='bbox 1797 4275 1928 4344; x_wconf 89' lang='lat' dir='ltr'><strong>facie</strong></span> <span class='ocrx_word' id='word_1_647' title='bbox 1951 4274 2148 4328; x_wconf 86' lang='lat' dir='ltr'><strong>videtur</strong></span> <span class='ocrx_word' id='word_1_648' title='bbox 2176 4276 2317 4330; x_wconf 91' lang='lat' dir='ltr'><strong>nobis</strong></span> 
     </span>
    </p>
   </div>
   <div class='ocr_carea' id='block_1_96' title="bbox 740 4341 1458 4411">
    <p class='ocr_par' dir='ltr' id='par_1_96' title="bbox 740 4341 1458 4411">
     <span class='ocr_line' id='line_1_98' title="bbox 740 4341 1458 4411; baseline 0 -16"><span class='ocrx_word' id='word_1_649' title='bbox 740 4341 1074 4411; x_wconf 87' lang='lat' dir='ltr'><strong>incorporalis</strong></span> <span class='ocrx_word' id='word_1_650' title='bbox 1104 4359 1208 4398; x_wconf 89' lang='lat' dir='ltr'><strong>esse</strong></span> <span class='ocrx_word' id='word_1_651' title='bbox 1230 4343 1458 4396; x_wconf 87' lang='lat' dir='ltr'><strong>materia.</strong></span> 
     </span>
    </p>
   </div>
   <div class='ocr_carea' id='block_1_97' title="bbox 811 4412 2318 4487">
    <p class='ocr_par' dir='ltr' id='par_1_97' title="bbox 811 4412 2318 4487">
     <span class='ocr_line' id='line_1_99' title="bbox 811 4412 2318 4487; baseline 0.002 -20"><span class='ocrx_word' id='word_1_652' title='bbox 811 4412 1372 4487; x_wconf 6' lang='lat' dir='ltr'><strong>luconrousuns_.qll,</strong></span> <span class='ocrx_word' id='word_1_653' title='bbox 1401 4412 1503 4469; x_wconf 78' lang='lat'><strong>657</strong></span> <span class='ocrx_word' id='word_1_654' title='bbox 1531 4413 1597 4481; x_wconf 83' lang='lat' dir='ltr'><strong>A,</strong></span> <span class='ocrx_word' id='word_1_655' title='bbox 1630 4413 2030 4487; x_wconf 84' lang='lat' dir='ltr'><strong>Incorporalitas</strong></span> <span class='ocrx_word' id='word_1_656' title='bbox 2074 4421 2135 4470; x_wconf 89' lang='lat' dir='ltr'><strong>ob</strong></span> <span class='ocrx_word' id='word_1_657' title='bbox 2180 4416 2318 4470; x_wconf 90' lang='lat' dir='ltr'><strong>omni</strong></span> 
     </span>
    </p>
   </div>
   <div class='ocr_carea' id='block_1_98' title="bbox 742 4484 2320 4608">
    <p class='ocr_par' dir='ltr' id='par_1_98' title="bbox 742 4484 2320 4608">
     <span class='ocr_line' id='line_1_100' title="bbox 742 4484 2320 4608; baseline 0.003 -73"><span class='ocrx_word' id='word_1_658' title='bbox 742 4499 921 4608; x_wconf 53' lang='lat' dir='ltr'><strong>gcztere</strong></span> <span class='ocrx_word' id='word_1_659' title='bbox 963 4487 1205 4540; x_wconf 69' lang='lat' dir='ltr'><strong>custodite</strong></span> <span class='ocrx_word' id='word_1_660' title='bbox 1248 4484 1403 4539; x_wconf 86' lang='lat' dir='ltr'><strong>libera</strong></span> <span class='ocrx_word' id='word_1_661' title='bbox 1449 4494 1541 4554; x_wconf 88' lang='lat' dir='ltr'><strong>est,</strong></span> <span class='ocrx_word' id='word_1_662' title='bbox 1586 4484 1823 4542; x_wconf 89' lang='lat' dir='ltr'><strong>immunis</strong></span> <span class='ocrx_word' id='word_1_663' title='bbox 1852 4505 1882 4542; x_wconf 92' lang='lat' dir='ltr'><strong>a</strong></span> <span class='ocrx_word' id='word_1_664' title='bbox 1922 4504 2070 4559; x_wconf 67' lang='lat' dir='ltr'><strong>poena</strong></span> <span class='ocrx_word' id='word_1_665' title='bbox 2110 4499 2155 4543; x_wconf 90' lang='lat' dir='ltr'><strong>et</strong></span> <span class='ocrx_word' id='word_1_666' title='bbox 2184 4505 2215 4541; x_wconf 90' lang='lat' dir='ltr'><strong>a</strong></span> <span class='ocrx_word' id='word_1_667' title='bbox 2243 4491 2320 4560; x_wconf 87' lang='lat' dir='ltr'><strong>fo-</strong></span> 
     </span>
     <span class='ocr_line' id='line_1_101' title="bbox 742 4571 872 4608; baseline 0 0"><span class='ocrx_word' id='word_1_668' title='bbox 742 4573 798 4608; x_wconf 82' lang='lat' dir='ltr'><strong>re</strong></span> <span class='ocrx_word' id='word_1_669' title='bbox 820 4571 872 4608; x_wconf 91' lang='lat' dir='ltr'><strong>a.</strong></span> 
     </span>
    </p>
   </div>
   <div class='ocr_carea' id='block_1_99' title="bbox 741 4571 872 4611">
    <p class='ocr_par' dir='ltr' id='par_1_99' title="bbox 741 4571 872 4611">
     <span class='ocr_line' id='line_1_102' title="bbox 741 4571 872 4611; baseline 0.008 -1"><span class='ocrx_word' id='word_1_670' title='bbox 741 4571 872 4611; x_wconf 68' lang='grc' dir='ltr'><strong>τρια.</strong></span> 
     </span>
    </p>
   </div>
   <div class='ocr_carea' id='block_1_100' title="bbox 817 4623 2318 4701">
    <p class='ocr_par' dir='ltr' id='par_1_100' title="bbox 817 4623 2318 4701">
     <span class='ocr_line' id='line_1_103' title="bbox 817 4623 2318 4701; baseline 0.002 -20"><span class='ocrx_word' id='word_1_671' title='bbox 817 4626 1153 4701; x_wconf 66' lang='lat' dir='ltr'><strong>lacusculis.</strong></span> <span class='ocrx_word' id='word_1_672' title='bbox 1188 4623 1252 4693; x_wconf 85' lang='grc'>11,</span> <span class='ocrx_word' id='word_1_673' title='bbox 1286 4627 1401 4701; x_wconf 30' lang='grc'>,575</span> <span class='ocrx_word' id='word_1_674' title='bbox 1424 4626 1487 4695; x_wconf 88' lang='lat' dir='ltr'><strong>C,</strong></span> <span class='ocrx_word' id='word_1_675' title='bbox 1518 4626 1587 4683; x_wconf 83' lang='lat' dir='ltr'><strong>Et</strong></span> <span class='ocrx_word' id='word_1_676' title='bbox 1626 4629 1711 4683; x_wconf 90' lang='lat' dir='ltr'><strong>ille</strong></span> <span class='ocrx_word' id='word_1_677' title='bbox 1730 4631 1879 4701; x_wconf 84' lang='lat' dir='ltr'><strong>jussu</strong></span> <span class='ocrx_word' id='word_1_678' title='bbox 1908 4640 1953 4685; x_wconf 92' lang='lat' dir='ltr'><strong>et</strong></span> <span class='ocrx_word' id='word_1_679' title='bbox 1986 4631 2233 4700; x_wconf 82' lang='lat' dir='ltr'><strong>increpita</strong></span> <span class='ocrx_word' id='word_1_680' title='bbox 2258 4648 2318 4685; x_wconf 86' lang='lat' dir='ltr'><strong>ea</strong></span> 
     </span>
    </p>
   </div>
   <div class='ocr_carea' id='block_1_101' title="bbox 753 4698 1547 4769">
    <p class='ocr_par' dir='ltr' id='par_1_101' title="bbox 753 4698 1547 4769">
     <span class='ocr_line' id='line_1_104' title="bbox 753 4698 1547 4769; baseline -0.001 -17"><span class='ocrx_word' id='word_1_681' title='bbox 753 4698 1029 4767; x_wconf 71' lang='lat' dir='ltr'><strong>expellens,</strong></span> <span class='ocrx_word' id='word_1_682' title='bbox 1054 4713 1245 4769; x_wconf 86' lang='lat' dir='ltr'><strong>nempe</strong></span> <span class='ocrx_word' id='word_1_683' title='bbox 1267 4698 1547 4755; x_wconf 72' lang='lat' dir='ltr'><strong>dminonia.</strong></span> 
     </span>
    </p>
   </div>
   <div class='ocr_carea' id='block_1_102' title="bbox 816 4769 2324 4842">
    <p class='ocr_par' dir='ltr' id='par_1_102' title="bbox 816 4769 2324 4842">
     <span class='ocr_line' id='line_1_105' title="bbox 816 4769 2324 4842; baseline 0.002 -17"><span class='ocrx_word' id='word_1_684' title='bbox 816 4771 1102 4828; x_wconf 62' lang='lat' dir='ltr'><strong>Incussus.</strong></span> <span class='ocrx_word' id='word_1_685' title='bbox 1149 4769 1200 4839; x_wconf 73' lang='grc' dir='ltr'><strong><em>Ι,</em></strong></span> <span class='ocrx_word' id='word_1_686' title='bbox 1230 4770 1367 4826; x_wconf 70' lang='grc'>1266</span> <span class='ocrx_word' id='word_1_687' title='bbox 1394 4770 1459 4835; x_wconf 78' lang='grc' dir='ltr'><strong><em>Α,</em></strong></span> <span class='ocrx_word' id='word_1_688' title='bbox 1493 4771 1643 4837; x_wconf 88' lang='lat' dir='ltr'><strong>Quod</strong></span> <span class='ocrx_word' id='word_1_689' title='bbox 1680 4772 1722 4827; x_wconf 87' lang='lat' dir='ltr'><strong>si</strong></span> <span class='ocrx_word' id='word_1_690' title='bbox 1766 4774 2021 4842; x_wconf 76' lang='lat' dir='ltr'><strong>patientia:</strong></span> <span class='ocrx_word' id='word_1_691' title='bbox 2058 4773 2324 4841; x_wconf 88' lang='lat' dir='ltr'><strong>incubabo,</strong></span> 
     </span>
    </p>
   </div>
   <div class='ocr_carea' id='block_1_103' title="bbox 752 4841 2322 4913">
    <p class='ocr_par' dir='ltr' id='par_1_103' title="bbox 752 4841 2322 4913">
     <span class='ocr_line' id='line_1_106' title="bbox 752 4841 2322 4913; baseline 0.003 -19"><span class='ocrx_word' id='word_1_692' title='bbox 752 4841 786 4894; x_wconf 91' lang='lat' dir='ltr'><strong>i.</strong></span> <span class='ocrx_word' id='word_1_693' title='bbox 820 4857 869 4897; x_wconf 88' lang='lat' dir='ltr'><strong>c.</strong></span> <span class='ocrx_word' id='word_1_694' title='bbox 900 4842 1301 4913; x_wconf 82' lang='lat' dir='ltr'><strong>indormiscam,</strong></span> <span class='ocrx_word' id='word_1_695' title='bbox 1323 4843 1669 4898; x_wconf 61' lang='lat' dir='ltr'><strong>translatione</strong></span> <span class='ocrx_word' id='word_1_696' title='bbox 1693 4841 1901 4913; x_wconf 89' lang='lat' dir='ltr'><strong>sumpta</strong></span> <span class='ocrx_word' id='word_1_697' title='bbox 1923 4860 1952 4898; x_wconf 91' lang='lat' dir='ltr'><strong>a</strong></span> <span class='ocrx_word' id='word_1_698' title='bbox 1978 4845 2133 4899; x_wconf 88' lang='lat' dir='ltr'><strong>rebus</strong></span> <span class='ocrx_word' id='word_1_699' title='bbox 2163 4846 2322 4907; x_wconf 87' lang='lat' dir='ltr'><strong>caris.</strong></span> 
     </span>
    </p>
   </div>
   <div class='ocr_carea' id='block_1_104' title="bbox 749 4911 2328 4984">
    <p class='ocr_par' dir='ltr' id='par_1_104' title="bbox 749 4911 2328 4984">
     <span class='ocr_line' id='line_1_107' title="bbox 749 4911 2328 4984; baseline 0.004 -20"><span class='ocrx_word' id='word_1_700' title='bbox 749 4927 880 4980; x_wconf 85' lang='lat' dir='ltr'><strong>quas</strong></span> <span class='ocrx_word' id='word_1_701' title='bbox 934 4928 1002 4969; x_wconf 90' lang='lat' dir='ltr'><strong>ne</strong></span> <span class='ocrx_word' id='word_1_702' title='bbox 1046 4911 1348 4982; x_wconf 86' lang='lat' dir='ltr'><strong>perdamus,</strong></span> <span class='ocrx_word' id='word_1_703' title='bbox 1394 4914 1553 4969; x_wconf 91' lang='lat' dir='ltr'><strong>etiam</strong></span> <span class='ocrx_word' id='word_1_704' title='bbox 1594 4930 1755 4984; x_wconf 88' lang='lat' dir='ltr'><strong>quum</strong></span> <span class='ocrx_word' id='word_1_705' title='bbox 1806 4911 2125 4980; x_wconf 86' lang='lat' dir='ltr'><strong>dormimus,</strong></span> <span class='ocrx_word' id='word_1_706' title='bbox 2175 4916 2328 4971; x_wconf 85' lang='lat' dir='ltr'><strong>nobis</strong></span> 
     </span>
    </p>
   </div>
   <div class='ocr_carea' id='block_1_105' title="bbox 745 4984 2327 5057">
    <p class='ocr_par' dir='ltr' id='par_1_105' title="bbox 745 4984 2327 5057">
     <span class='ocr_line' id='line_1_108' title="bbox 745 4984 2327 5057; baseline 0.003 -22"><span class='ocrx_word' id='word_1_707' title='bbox 745 4988 1091 5057; x_wconf 63' lang='lat' dir='ltr'><strong>supponimus</strong></span> <span class='ocrx_word' id='word_1_708' title='bbox 1104 4984 1360 5057; x_wconf 75' lang='lat' dir='ltr'><strong>custodia:</strong></span> <span class='ocrx_word' id='word_1_709' title='bbox 1375 4999 1582 5041; x_wconf 83' lang='lat' dir='ltr'><strong>Caussa.</strong></span> <span class='ocrx_word' id='word_1_710' title='bbox 1602 4987 1642 5053; x_wconf 93' lang='grc' dir='ltr'><strong><em>Ι,</em></strong></span> <span class='ocrx_word' id='word_1_711' title='bbox 1660 4986 1764 5042; x_wconf 76' lang='grc'><strong>658</strong></span> <span class='ocrx_word' id='word_1_712' title='bbox 1780 4986 1836 5051; x_wconf 85' lang='grc' dir='ltr'><strong>Β,</strong></span> <span class='ocrx_word' id='word_1_713' title='bbox 1853 4985 2127 5057; x_wconf 86' lang='lat' dir='ltr'><strong>Ipsumque</strong></span> <span class='ocrx_word' id='word_1_714' title='bbox 2142 5004 2327 5056; x_wconf 88' lang='lat' dir='ltr'><strong>aerem,</strong></span> 
     </span>
    </p>
   </div>
   <div class='ocr_carea' id='block_1_106' title="bbox 755 5055 1323 5126">
    <p class='ocr_par' dir='ltr' id='par_1_106' title="bbox 755 5055 1323 5126">
     <span class='ocr_line' id='line_1_109' title="bbox 755 5055 1323 5126; baseline 0.011 -22"><span class='ocrx_word' id='word_1_715' title='bbox 755 5057 835 5125; x_wconf 70' lang='lat' dir='ltr'><strong>qui</strong></span> <span class='ocrx_word' id='word_1_716' title='bbox 858 5056 1073 5126; x_wconf 87' lang='lat' dir='ltr'><strong>desuper</strong></span> <span class='ocrx_word' id='word_1_717' title='bbox 1103 5055 1323 5110; x_wconf 89' lang='lat' dir='ltr'><strong>incubat.</strong></span> 
     </span>
    </p>
   </div>
   <div class='ocr_carea' id='block_1_107' title="bbox 821 5126 2328 5199">
    <p class='ocr_par' dir='ltr' id='par_1_107' title="bbox 821 5126 2328 5199">
     <span class='ocr_line' id='line_1_110' title="bbox 821 5126 2328 5199; baseline 0.003 -19"><span class='ocrx_word' id='word_1_718' title='bbox 821 5126 1030 5183; x_wconf 77' lang='lat' dir='ltr'><strong>lncuao.</strong></span> <span class='ocrx_word' id='word_1_719' title='bbox 1065 5126 1128 5191; x_wconf 92' lang='lat' dir='ltr'><strong>ll,</strong></span> <span class='ocrx_word' id='word_1_720' title='bbox 1158 5126 1261 5199; x_wconf 74' lang='grc'>724</span> <span class='ocrx_word' id='word_1_721' title='bbox 1295 5126 1364 5199; x_wconf 14' lang='lat' dir='ltr'><strong>7C,</strong></span> <span class='ocrx_word' id='word_1_722' title='bbox 1408 5127 1578 5183; x_wconf 82' lang='lat' dir='ltr'><strong>Genus</strong></span> <span class='ocrx_word' id='word_1_723' title='bbox 1622 5138 1731 5183; x_wconf 90' lang='lat' dir='ltr'><strong>erat</strong></span> <span class='ocrx_word' id='word_1_724' title='bbox 1773 5128 2020 5198; x_wconf 84' lang='lat' dir='ltr'><strong>gravioris</strong></span> <span class='ocrx_word' id='word_1_725' title='bbox 2065 5127 2328 5199; x_wconf 87' lang='lat' dir='ltr'><strong>aliquanto</strong></span> 
     </span>
    </p>
   </div>
   <div class='ocr_carea' id='block_1_108' title="bbox 749 5198 1875 5269">
    <p class='ocr_par' dir='ltr' id='par_1_108' title="bbox 749 5198 1875 5269">
     <span class='ocr_line' id='line_1_111' title="bbox 749 5198 1875 5269; baseline 0.002 -17"><span class='ocrx_word' id='word_1_726' title='bbox 749 5200 966 5269; x_wconf 82' lang='lat' dir='ltr'><strong>soporis,</strong></span> <span class='ocrx_word' id='word_1_727' title='bbox 996 5208 1049 5252; x_wconf 87' lang='lat' dir='ltr'><strong>ut</strong></span> <span class='ocrx_word' id='word_1_728' title='bbox 1075 5199 1138 5251; x_wconf 91' lang='lat' dir='ltr'><strong>de</strong></span> <span class='ocrx_word' id='word_1_729' title='bbox 1166 5198 1411 5269; x_wconf 76' lang='lat' dir='ltr'><strong>incubone</strong></span> <span class='ocrx_word' id='word_1_730' title='bbox 1434 5200 1763 5269; x_wconf 74' lang='lat' dir='ltr'><strong>praesumptio</strong></span> <span class='ocrx_word' id='word_1_731' title='bbox 1782 5209 1875 5254; x_wconf 91' lang='lat' dir='ltr'><strong>est.</strong></span> 
     </span>
    </p>
   </div>
   <div class='ocr_carea' id='block_1_109' title="bbox 820 5267 2326 5341">
    <p class='ocr_par' dir='ltr' id='par_1_109' title="bbox 820 5267 2326 5341">
     <span class='ocr_line' id='line_1_112' title="bbox 820 5267 2326 5341; baseline 0.001 -18"><span class='ocrx_word' id='word_1_732' title='bbox 820 5268 1137 5341; x_wconf 71' lang='lat' dir='ltr'><strong>incomitata.</strong></span> <span class='ocrx_word' id='word_1_733' title='bbox 1168 5267 1211 5334; x_wconf 86' lang='grc' dir='ltr'><strong><em>Ι,</em></strong></span> <span class='ocrx_word' id='word_1_734' title='bbox 1243 5267 1381 5326; x_wconf 87' lang='grc'>1296</span> <span class='ocrx_word' id='word_1_735' title='bbox 1410 5271 1471 5337; x_wconf 87' lang='grc' dir='ltr'><strong>Β,</strong></span> <span class='ocrx_word' id='word_1_736' title='bbox 1505 5267 1767 5326; x_wconf 75' lang='lat' dir='ltr'><strong>Sustineat</strong></span> <span class='ocrx_word' id='word_1_737' title='bbox 1792 5272 2011 5341; x_wconf 87' lang='lat' dir='ltr'><strong>quidem,</strong></span> <span class='ocrx_word' id='word_1_738' title='bbox 2044 5272 2133 5325; x_wconf 90' lang='lat' dir='ltr'><strong>sed</strong></span> <span class='ocrx_word' id='word_1_739' title='bbox 2160 5281 2213 5326; x_wconf 87' lang='lat' dir='ltr'><strong>ut</strong></span> <span class='ocrx_word' id='word_1_740' title='bbox 2243 5272 2326 5325; x_wconf 82' lang='lat' dir='ltr'><strong>in-</strong></span> 
     </span>
    </p>
   </div>
   <div class='ocr_carea' id='block_1_110' title="bbox 751 5339 2330 5411">
    <p class='ocr_par' dir='ltr' id='par_1_110' title="bbox 751 5339 2330 5411">
     <span class='ocr_line' id='line_1_113' title="bbox 751 5339 2330 5411; baseline 0.004 -19"><span class='ocrx_word' id='word_1_741' title='bbox 751 5339 942 5394; x_wconf 87' lang='lat' dir='ltr'><strong>culcent</strong></span> <span class='ocrx_word' id='word_1_742' title='bbox 972 5340 1213 5411; x_wconf 85' lang='lat' dir='ltr'><strong>pedibus,</strong></span> <span class='ocrx_word' id='word_1_743' title='bbox 1238 5352 1511 5410; x_wconf 85' lang='lat' dir='ltr'><strong>proteram</strong></span> <span class='ocrx_word' id='word_1_744' title='bbox 1530 5357 1593 5397; x_wconf 90' lang='lat' dir='ltr'><strong>ac</strong></span> <span class='ocrx_word' id='word_1_745' title='bbox 1624 5339 1853 5397; x_wconf 84' lang='lat' dir='ltr'><strong>ludibrio</strong></span> <span class='ocrx_word' id='word_1_746' title='bbox 1876 5342 2107 5399; x_wconf 86' lang='lat' dir='ltr'><strong>habeant</strong></span> <span class='ocrx_word' id='word_1_747' title='bbox 2133 5358 2330 5399; x_wconf 83' lang='lat' dir='ltr'><strong>uxores</strong></span> 
     </span>
    </p>
   </div>
   <div class='ocr_carea' id='block_1_111' title="bbox 748 5412 1348 5476">
    <p class='ocr_par' dir='ltr' id='par_1_111' title="bbox 748 5412 1348 5476">
     <span class='ocr_line' id='line_1_114' title="bbox 748 5412 1348 5476; baseline 0.003 -13"><span class='ocrx_word' id='word_1_748' title='bbox 748 5424 901 5476; x_wconf 82' lang='lat' dir='ltr'><strong>suas;</strong></span> <span class='ocrx_word' id='word_1_749' title='bbox 930 5412 1035 5466; x_wconf 91' lang='lat' dir='ltr'><strong>vid.</strong></span> <span class='ocrx_word' id='word_1_750' title='bbox 1066 5412 1348 5467; x_wconf 72' lang='lat' dir='ltr'><strong>ABCANUI.</strong></span> 
     </span>
    </p>
   </div>
   <div class='ocr_carea' id='block_1_112' title="bbox 819 5480 2333 5557">
    <p class='ocr_par' dir='ltr' id='par_1_112' title="bbox 819 5480 2333 5557">
     <span class='ocr_line' id='line_1_115' title="bbox 819 5480 2333 5557; baseline 0.002 -21"><span class='ocrx_word' id='word_1_751' title='bbox 819 5480 1138 5557; x_wconf 68' lang='lat' dir='ltr'><strong>lacunosae.</strong></span> <span class='ocrx_word' id='word_1_752' title='bbox 1170 5482 1234 5549; x_wconf 90' lang='lat' dir='ltr'><strong>ll,</strong></span> <span class='ocrx_word' id='word_1_753' title='bbox 1269 5483 1407 5557; x_wconf 85' lang='grc'>1052</span> <span class='ocrx_word' id='word_1_754' title='bbox 1446 5484 1509 5551; x_wconf 94' lang='grc' dir='ltr'><strong>Β,</strong></span> <span class='ocrx_word' id='word_1_755' title='bbox 1542 5486 1702 5553; x_wconf 82' lang='lat' dir='ltr'><strong>Quem</strong></span> <span class='ocrx_word' id='word_1_756' title='bbox 1741 5483 2043 5557; x_wconf 60' lang='lat' dir='ltr'><strong>(mundum)</strong></span> <span class='ocrx_word' id='word_1_757' title='bbox 2087 5485 2333 5539; x_wconf 85' lang='lat' dir='ltr'><strong>incumbi-</strong></span> 
     </span>
    </p>
   </div>
   <div class='ocr_carea' id='block_1_113' title="bbox 750 5555 2324 5625">
    <p class='ocr_par' dir='ltr' id='par_1_113' title="bbox 750 5555 2324 5625">
     <span class='ocr_line' id='line_1_116' title="bbox 750 5555 2324 5625; baseline 0.004 -21"><span class='ocrx_word' id='word_1_758' title='bbox 750 5569 884 5619; x_wconf 87' lang='lat' dir='ltr'><strong>mus,</strong></span> <span class='ocrx_word' id='word_1_759' title='bbox 917 5555 950 5608; x_wconf 92' lang='lat' dir='ltr'><strong>i.</strong></span> <span class='ocrx_word' id='word_1_760' title='bbox 991 5570 1040 5609; x_wconf 92' lang='lat' dir='ltr'><strong>e.</strong></span> <span class='ocrx_word' id='word_1_761' title='bbox 1066 5558 1121 5625; x_wconf 88' lang='lat' dir='ltr'><strong>in</strong></span> <span class='ocrx_word' id='word_1_762' title='bbox 1149 5570 1255 5625; x_wconf 91' lang='lat' dir='ltr'><strong>quo</strong></span> <span class='ocrx_word' id='word_1_763' title='bbox 1281 5556 1526 5611; x_wconf 83' lang='lat' dir='ltr'><strong>vivimus.</strong></span> <span class='ocrx_word' id='word_1_764' title='bbox 1558 5556 1599 5622; x_wconf 91' lang='lat' dir='ltr'><strong>l,</strong></span> <span class='ocrx_word' id='word_1_765' title='bbox 1630 5555 1825 5617; x_wconf 78' lang='lat' dir='ltr'><strong>653B.</strong></span> <span class='ocrx_word' id='word_1_766' title='bbox 1860 5555 1926 5611; x_wconf 85' lang='lat' dir='ltr'><strong>Et</strong></span> <span class='ocrx_word' id='word_1_767' title='bbox 1969 5555 2030 5609; x_wconf 81' lang='lat' dir='ltr'><strong>in</strong></span> <span class='ocrx_word' id='word_1_768' title='bbox 2069 5573 2161 5610; x_wconf 86' lang='lat' dir='ltr'><strong>suo</strong></span> <span class='ocrx_word' id='word_1_769' title='bbox 2202 5572 2324 5610; x_wconf 87' lang='lat' dir='ltr'><strong>san-</strong></span> 
     </span>
    </p>
   </div>
   <div class='ocr_carea' id='block_1_114' title="bbox 749 5624 2324 5698">
    <p class='ocr_par' dir='ltr' id='par_1_114' title="bbox 749 5624 2324 5698">
     <span class='ocr_line' id='line_1_117' title="bbox 749 5624 2324 5698; baseline 0.004 -23"><span class='ocrx_word' id='word_1_770' title='bbox 749 5625 899 5698; x_wconf 87' lang='lat' dir='ltr'><strong>guine</strong></span> <span class='ocrx_word' id='word_1_771' title='bbox 925 5624 1205 5698; x_wconf 74' lang='lat' dir='ltr'><strong>squalentia</strong></span> <span class='ocrx_word' id='word_1_772' title='bbox 1241 5642 1454 5698; x_wconf 86' lang='lat' dir='ltr'><strong>corpora</strong></span> <span class='ocrx_word' id='word_1_773' title='bbox 1484 5628 1860 5697; x_wconf 85' lang='lat' dir='ltr'><strong>patientissimis</strong></span> <span class='ocrx_word' id='word_1_774' title='bbox 1906 5628 2063 5681; x_wconf 87' lang='lat' dir='ltr'><strong>oculis</strong></span> <span class='ocrx_word' id='word_1_775' title='bbox 2108 5628 2324 5698; x_wconf 79' lang='lat' dir='ltr'><strong>desuper</strong></span> 
     </span>
    </p>
   </div>
   <div class='ocr_carea' id='block_1_115' title="bbox 749 5696 2327 5767">
    <p class='ocr_par' dir='ltr' id='par_1_115' title="bbox 749 5696 2327 5767">
     <span class='ocr_line' id='line_1_118' title="bbox 749 5696 2327 5767; baseline 0.003 -21"><span class='ocrx_word' id='word_1_776' title='bbox 749 5696 1020 5767; x_wconf 88' lang='lat' dir='ltr'><strong>incumbat.</strong></span> <span class='ocrx_word' id='word_1_777' title='bbox 1045 5696 1087 5759; x_wconf 87' lang='grc' dir='ltr'><strong><em>Ι,</em></strong></span> <span class='ocrx_word' id='word_1_778' title='bbox 1115 5698 1218 5753; x_wconf 71' lang='grc'>540</span> <span class='ocrx_word' id='word_1_779' title='bbox 1246 5696 1313 5764; x_wconf 87' lang='grc' dir='ltr'><strong><em>Α,</em></strong></span> <span class='ocrx_word' id='word_1_780' title='bbox 1341 5698 1404 5750; x_wconf 79' lang='lat' dir='ltr'><strong>At</strong></span> <span class='ocrx_word' id='word_1_781' title='bbox 1432 5696 1491 5751; x_wconf 87' lang='lat' dir='ltr'><strong>in</strong></span> <span class='ocrx_word' id='word_1_782' title='bbox 1511 5699 1630 5753; x_wconf 89' lang='lat' dir='ltr'><strong>deos</strong></span> <span class='ocrx_word' id='word_1_783' title='bbox 1654 5707 1839 5753; x_wconf 78' lang='lat' dir='ltr'><strong>vestros</strong></span> <span class='ocrx_word' id='word_1_784' title='bbox 1862 5715 1949 5767; x_wconf 87' lang='lat' dir='ltr'><strong>per</strong></span> <span class='ocrx_word' id='word_1_785' title='bbox 1974 5700 2143 5753; x_wconf 87' lang='lat' dir='ltr'><strong>omnia</strong></span> <span class='ocrx_word' id='word_1_786' title='bbox 2170 5696 2327 5753; x_wconf 70' lang='lat' dir='ltr'><strong>nteit:-</strong></span> 
     </span>
    </p>
   </div>
   <div class='ocr_carea' id='block_1_116' title="bbox 751 5766 2284 5825">
    <p class='ocr_par' dir='ltr' id='par_1_116' title="bbox 751 5766 2284 5825">
     <span class='ocr_line' id='line_1_119' title="bbox 751 5766 2284 5825; baseline 0.001 -5"><span class='ocrx_word' id='word_1_787' title='bbox 751 5766 841 5820; x_wconf 88' lang='lat' dir='ltr'><strong>bra</strong></span> <span class='ocrx_word' id='word_1_788' title='bbox 868 5766 1081 5821; x_wconf 83' lang='lat' dir='ltr'><strong>validius</strong></span> <span class='ocrx_word' id='word_1_789' title='bbox 1108 5768 1399 5821; x_wconf 88' lang='lat' dir='ltr'><strong>incumbunt</strong></span> <span class='ocrx_word' id='word_1_790' title='bbox 1426 5771 1577 5823; x_wconf 76' lang='lat' dir='ltr'><strong>ascia:</strong></span> <span class='ocrx_word' id='word_1_791' title='bbox 1605 5781 1650 5821; x_wconf 91' lang='lat' dir='ltr'><strong>et</strong></span> <span class='ocrx_word' id='word_1_792' title='bbox 1678 5766 1921 5825; x_wconf 80' lang='lat' dir='ltr'><strong>runcitttt&#39;.</strong></span> <span class='ocrx_word' id='word_1_793' title='bbox 2282 5819 2284 5822; x_wconf 76' lang='grc'><strong>,</strong></span> 
     </span>
    </p>
   </div>
   <div class='ocr_carea' id='block_1_117' title="bbox 820 5836 2326 5913">
    <p class='ocr_par' dir='ltr' id='par_1_117' title="bbox 820 5836 2326 5913">
     <span class='ocr_line' id='line_1_120' title="bbox 820 5836 2326 5913; baseline 0.005 -23"><span class='ocrx_word' id='word_1_794' title='bbox 820 5836 1241 5913; x_wconf 33' lang='grc' dir='ltr'><strong>Ιιηςυιιελκετ-ΙΙ,</strong></span> <span class='ocrx_word' id='word_1_795' title='bbox 1284 5838 1487 5913; x_wconf 60' lang='grc'>9966,</span> <span class='ocrx_word' id='word_1_796' title='bbox 1537 5839 1648 5894; x_wconf 79' lang='lat' dir='ltr'><strong>Nec</strong></span> <span class='ocrx_word' id='word_1_797' title='bbox 1692 5842 1821 5895; x_wconf 88' lang='lat' dir='ltr'><strong>enint</strong></span> <span class='ocrx_word' id='word_1_798' title='bbox 1869 5842 2070 5897; x_wconf 84' lang='lat' dir='ltr'><strong>interest</strong></span> <span class='ocrx_word' id='word_1_799' title='bbox 2118 5852 2326 5913; x_wconf 74' lang='lat' dir='ltr'><strong>nuptam</strong></span> 
     </span>
    </p>
   </div>
   <div class='ocr_carea' id='block_1_118' title="bbox 752 5906 1687 5985">
    <p class='ocr_par' dir='ltr' id='par_1_118' title="bbox 752 5906 1687 5985">
     <span class='ocr_line' id='line_1_121' title="bbox 752 5906 1687 5985; baseline 0.001 -20"><span class='ocrx_word' id='word_1_800' title='bbox 752 5906 969 5965; x_wconf 80' lang='lat' dir='ltr'><strong>alienam</strong></span> <span class='ocrx_word' id='word_1_801' title='bbox 994 5926 1062 5965; x_wconf 92' lang='lat' dir='ltr'><strong>an</strong></span> <span class='ocrx_word' id='word_1_802' title='bbox 1086 5910 1287 5966; x_wconf 81' lang='lat' dir='ltr'><strong>viduam</strong></span> <span class='ocrx_word' id='word_1_803' title='bbox 1315 5910 1427 5985; x_wconf 86' lang='lat' dir='ltr'><strong>quis</strong></span> <span class='ocrx_word' id='word_1_804' title='bbox 1450 5911 1687 5969; x_wconf 71' lang='lat' dir='ltr'><strong>incursat.</strong></span> 
     </span>
    </p>
   </div>
   <div class='ocr_carea' id='block_1_119' title="bbox 2345 4673 2401 4737">
    <p class='ocr_par' dir='ltr' id='par_1_119' title="bbox 2345 4673 2401 4737">
     <span class='ocr_line' id='line_1_122' title="bbox 2345 4673 2401 4737; baseline 0 0"><span class='ocrx_word' id='word_1_805' title='bbox 2345 4673 2401 4737; x_wconf 88' lang='lat' dir='ltr'><strong>D</strong></span> 
     </span>
    </p>
   </div>
   <div class='ocr_carea' id='block_1_120' title="bbox 2482 3348 3996 3416">
    <p class='ocr_par' dir='ltr' id='par_1_120' title="bbox 2482 3348 3996 3416">
     <span class='ocr_line' id='line_1_123' title="bbox 2482 3348 3996 3416; baseline 0.003 -15"><span class='ocrx_word' id='word_1_806' title='bbox 2482 3349 2733 3404; x_wconf 69' lang='lat' dir='ltr'><strong>Innocua.</strong></span> <span class='ocrx_word' id='word_1_807' title='bbox 2768 3350 2831 3415; x_wconf 91' lang='lat' dir='ltr'><strong>ll,</strong></span> <span class='ocrx_word' id='word_1_808' title='bbox 2860 3350 2928 3405; x_wconf 87' lang='grc'><strong>55</strong></span> <span class='ocrx_word' id='word_1_809' title='bbox 2950 3351 3005 3411; x_wconf 71' lang='grc' dir='ltr'><strong>ι),</strong></span> <span class='ocrx_word' id='word_1_810' title='bbox 3038 3350 3133 3415; x_wconf 86' lang='lat' dir='ltr'><strong>Qui</strong></span> <span class='ocrx_word' id='word_1_811' title='bbox 3162 3348 3223 3402; x_wconf 88' lang='lat' dir='ltr'><strong>ab</strong></span> <span class='ocrx_word' id='word_1_812' title='bbox 3245 3348 3500 3416; x_wconf 84' lang='lat' dir='ltr'><strong>Apostolis</strong></span> <span class='ocrx_word' id='word_1_813' title='bbox 3529 3348 3680 3416; x_wconf 82' lang='lat' dir='ltr'><strong>ﬁdem</strong></span> <span class='ocrx_word' id='word_1_814' title='bbox 3700 3349 3996 3405; x_wconf 87' lang='lat' dir='ltr'><strong>induerant.</strong></span> 
     </span>
    </p>
   </div>
   <div class='ocr_carea' id='block_1_121' title="bbox 2410 3418 4005 3490">
    <p class='ocr_par' dir='ltr' id='par_1_121' title="bbox 2410 3418 4005 3490">
     <span class='ocr_line' id='line_1_124' title="bbox 2410 3418 4005 3490; baseline 0.002 -16"><span class='ocrx_word' id='word_1_815' title='bbox 2410 3418 2533 3474; x_wconf 86' lang='lat' dir='ltr'><strong>Jun.</strong></span> <span class='ocrx_word' id='word_1_816' title='bbox 2569 3422 2866 3490; x_wconf 73' lang='lat' dir='ltr'><strong>suspicatur</strong></span> <span class='ocrx_word' id='word_1_817' title='bbox 2889 3422 3189 3474; x_wconf 86' lang='lat' dir='ltr'><strong>imbuerant.</strong></span> <span class='ocrx_word' id='word_1_818' title='bbox 3214 3419 3277 3487; x_wconf 93' lang='lat' dir='ltr'><strong>ll,</strong></span> <span class='ocrx_word' id='word_1_819' title='bbox 3303 3420 3410 3475; x_wconf 84' lang='grc'><strong>955</strong></span> <span class='ocrx_word' id='word_1_820' title='bbox 3437 3419 3498 3484; x_wconf 87' lang='grc' dir='ltr'><strong>Β,</strong></span> <span class='ocrx_word' id='word_1_821' title='bbox 3526 3419 3616 3474; x_wconf 85' lang='lat' dir='ltr'><strong>Sic</strong></span> <span class='ocrx_word' id='word_1_822' title='bbox 3642 3420 3773 3474; x_wconf 90' lang='lat' dir='ltr'><strong>duas</strong></span> <span class='ocrx_word' id='word_1_823' title='bbox 3796 3420 4005 3477; x_wconf 73' lang='lat' dir='ltr'><strong>ercia:</strong></span> 
     </span>
    </p>
   </div>
   <div class='ocr_carea' id='block_1_122' title="bbox 2412 3490 4004 3557">
    <p class='ocr_par' dir='ltr' id='par_1_122' title="bbox 2412 3490 4004 3557">
     <span class='ocr_line' id='line_1_125' title="bbox 2412 3490 4004 3557; baseline 0.002 -12"><span class='ocrx_word' id='word_1_824' title='bbox 2412 3493 2605 3557; x_wconf 89' lang='lat' dir='ltr'><strong>literas,</strong></span> <span class='ocrx_word' id='word_1_825' title='bbox 2634 3508 2883 3545; x_wconf 86' lang='lat' dir='ltr'><strong>summam</strong></span> <span class='ocrx_word' id='word_1_826' title='bbox 2923 3502 2969 3545; x_wconf 94' lang='lat' dir='ltr'><strong>et</strong></span> <span class='ocrx_word' id='word_1_827' title='bbox 3009 3494 3261 3557; x_wconf 87' lang='lat' dir='ltr'><strong>ultimam,</strong></span> <span class='ocrx_word' id='word_1_828' title='bbox 3284 3493 3379 3545; x_wconf 84' lang='lat' dir='ltr'><strong>sibi</strong></span> <span class='ocrx_word' id='word_1_829' title='bbox 3408 3494 3571 3544; x_wconf 90' lang='lat' dir='ltr'><strong>induit</strong></span> <span class='ocrx_word' id='word_1_830' title='bbox 3618 3490 3891 3547; x_wconf 88' lang='lat' dir='ltr'><strong>Dominus.</strong></span> <span class='ocrx_word' id='word_1_831' title='bbox 3918 3494 4004 3549; x_wconf 85' lang='lat' dir='ltr'><strong>Sic</strong></span> 
     </span>
    </p>
   </div>
   <div class='ocr_carea' id='block_1_123' title="bbox 2411 3560 3997 3630">
    <p class='ocr_par' dir='ltr' id='par_1_123' title="bbox 2411 3560 3997 3630">
     <span class='ocr_line' id='line_1_126' title="bbox 2411 3560 3997 3630; baseline 0 -13"><span class='ocrx_word' id='word_1_832' title='bbox 2411 3561 2625 3618; x_wconf 84' lang='lat' dir='ltr'><strong>Tacitus</strong></span> <span class='ocrx_word' id='word_1_833' title='bbox 2654 3581 2665 3615; x_wconf 90' lang='lat'>:</span> <span class='ocrx_word' id='word_1_834' title='bbox 2696 3560 2867 3616; x_wconf 80' lang='lat' dir='ltr'><strong>Etiam</strong></span> <span class='ocrx_word' id='word_1_835' title='bbox 2894 3564 3130 3617; x_wconf 86' lang='lat' dir='ltr'><strong>adversus</strong></span> <span class='ocrx_word' id='word_1_836' title='bbox 3162 3580 3255 3615; x_wconf 85' lang='lat' dir='ltr'><strong>nos</strong></span> <span class='ocrx_word' id='word_1_837' title='bbox 3296 3562 3503 3615; x_wconf 86' lang='lat' dir='ltr'><strong>hostilia</strong></span> <span class='ocrx_word' id='word_1_838' title='bbox 3543 3563 3818 3629; x_wconf 88' lang='lat' dir='ltr'><strong>induerat;</strong></span> <span class='ocrx_word' id='word_1_839' title='bbox 3850 3566 3997 3630; x_wconf 85' lang='lat' dir='ltr'><strong>item,</strong></span> 
     </span>
    </p>
   </div>
   <div class='ocr_carea' id='block_1_124' title="bbox 2412 3631 4003 3704">
    <p class='ocr_par' dir='ltr' id='par_1_124' title="bbox 2412 3631 4003 3704">
     <span class='ocr_line' id='line_1_127' title="bbox 2412 3631 4003 3704; baseline 0.003 -19"><span class='ocrx_word' id='word_1_840' title='bbox 2412 3650 2651 3704; x_wconf 88' lang='lat' dir='ltr'><strong>ntagnunt</strong></span> <span class='ocrx_word' id='word_1_841' title='bbox 2679 3636 2903 3687; x_wconf 88' lang='lat' dir='ltr'><strong>anintum</strong></span> <span class='ocrx_word' id='word_1_842' title='bbox 2927 3634 3163 3687; x_wconf 88' lang='lat' dir='ltr'><strong>induisse.</strong></span> <span class='ocrx_word' id='word_1_843' title='bbox 3217 3633 3280 3699; x_wconf 87' lang='lat' dir='ltr'><strong>ll,</strong></span> <span class='ocrx_word' id='word_1_844' title='bbox 3314 3634 3416 3688; x_wconf 83' lang='grc'><strong>105</strong></span> <span class='ocrx_word' id='word_1_845' title='bbox 3448 3632 3511 3697; x_wconf 86' lang='grc' dir='ltr'><strong>Β,</strong></span> <span class='ocrx_word' id='word_1_846' title='bbox 3545 3631 3715 3701; x_wconf 88' lang='lat' dir='ltr'><strong>Igitur</strong></span> <span class='ocrx_word' id='word_1_847' title='bbox 3745 3635 4003 3689; x_wconf 87' lang='lat' dir='ltr'><strong>consulta-</strong></span> 
     </span>
    </p>
   </div>
   <div class='ocr_carea' id='block_1_125' title="bbox 2415 3704 4004 3774">
    <p class='ocr_par' dir='ltr' id='par_1_125' title="bbox 2415 3704 4004 3774">
     <span class='ocr_line' id='line_1_128' title="bbox 2415 3704 4004 3774; baseline 0.003 -18"><span class='ocrx_word' id='word_1_848' title='bbox 2415 3706 2538 3758; x_wconf 89' lang='lat' dir='ltr'><strong>tioni</strong></span> <span class='ocrx_word' id='word_1_849' title='bbox 2578 3716 2680 3758; x_wconf 78' lang='lat' dir='ltr'><strong>tua:</strong></span> <span class='ocrx_word' id='word_1_850' title='bbox 2708 3706 2937 3759; x_wconf 90' lang='lat' dir='ltr'><strong>ordinem</strong></span> <span class='ocrx_word' id='word_1_851' title='bbox 2978 3720 3173 3774; x_wconf 90' lang='lat' dir='ltr'><strong>quoque</strong></span> <span class='ocrx_word' id='word_1_852' title='bbox 3225 3705 3501 3757; x_wconf 87' lang='lat' dir='ltr'><strong>induimus.</strong></span> <span class='ocrx_word' id='word_1_853' title='bbox 3551 3704 3614 3768; x_wconf 90' lang='lat' dir='ltr'><strong>Il,</strong></span> <span class='ocrx_word' id='word_1_854' title='bbox 3668 3705 3774 3759; x_wconf 70' lang='grc'>754</span> <span class='ocrx_word' id='word_1_855' title='bbox 3808 3706 3872 3771; x_wconf 93' lang='grc' dir='ltr'><strong>Β,</strong></span> <span class='ocrx_word' id='word_1_856' title='bbox 3906 3707 4004 3774; x_wconf 86' lang='lat' dir='ltr'><strong>Qui</strong></span> 
     </span>
    </p>
   </div>
   <div class='ocr_carea' id='block_1_126' title="bbox 2414 3774 4003 3843">
    <p class='ocr_par' dir='ltr' id='par_1_126' title="bbox 2414 3774 4003 3843">
     <span class='ocr_line' id='line_1_129' title="bbox 2414 3774 4003 3843; baseline 0.003 -15"><span class='ocrx_word' id='word_1_857' title='bbox 2414 3774 2665 3843; x_wconf 83' lang='lat' dir='ltr'><strong>baptisma</strong></span> <span class='ocrx_word' id='word_1_858' title='bbox 2691 3778 2800 3842; x_wconf 81' lang='lat' dir='ltr'><strong>eius</strong></span> <span class='ocrx_word' id='word_1_859' title='bbox 2822 3778 3061 3830; x_wconf 87' lang='lat' dir='ltr'><strong>induerit.</strong></span> <span class='ocrx_word' id='word_1_860' title='bbox 3094 3776 3156 3840; x_wconf 92' lang='grc' dir='ltr'><strong>ΙΙ,</strong></span> <span class='ocrx_word' id='word_1_861' title='bbox 3190 3774 3293 3831; x_wconf 85' lang='grc'><strong>779</strong></span> <span class='ocrx_word' id='word_1_862' title='bbox 3320 3774 3386 3839; x_wconf 84' lang='grc' dir='ltr'><strong><em>Α,</em></strong></span> <span class='ocrx_word' id='word_1_863' title='bbox 3422 3775 3559 3840; x_wconf 80' lang='lat' dir='ltr'><strong>Quid</strong></span> <span class='ocrx_word' id='word_1_864' title='bbox 3579 3776 3776 3831; x_wconf 88' lang='lat' dir='ltr'><strong>vestiris</strong></span> <span class='ocrx_word' id='word_1_865' title='bbox 3803 3795 3835 3830; x_wconf 90' lang='lat' dir='ltr'><strong>a</strong></span> <span class='ocrx_word' id='word_1_866' title='bbox 3872 3780 4003 3832; x_wconf 86' lang='lat' dir='ltr'><strong>nudo</strong></span> 
     </span>
    </p>
   </div>
   <div class='ocr_carea' id='block_1_127' title="bbox 2414 3844 4000 3917">
    <p class='ocr_par' dir='ltr' id='par_1_127' title="bbox 2414 3844 4000 3917">
     <span class='ocr_line' id='line_1_130' title="bbox 2414 3844 4000 3917; baseline 0.003 -18"><span class='ocrx_word' id='word_1_867' title='bbox 2414 3847 2459 3899; x_wconf 91' lang='lat' dir='ltr'><strong>si</strong></span> <span class='ocrx_word' id='word_1_868' title='bbox 2488 3844 2743 3899; x_wconf 83' lang='lat' dir='ltr'><strong>Christum</strong></span> <span class='ocrx_word' id='word_1_869' title='bbox 2774 3847 3026 3901; x_wconf 86' lang='lat' dir='ltr'><strong>induisti?</strong></span> <span class='ocrx_word' id='word_1_870' title='bbox 3049 3846 3112 3912; x_wconf 87' lang='lat' dir='ltr'><strong>ll,</strong></span> <span class='ocrx_word' id='word_1_871' title='bbox 3147 3847 3250 3901; x_wconf 87' lang='grc'><strong>112</strong></span> <span class='ocrx_word' id='word_1_872' title='bbox 3289 3847 3351 3913; x_wconf 89' lang='lat' dir='ltr'><strong>D,</strong></span> <span class='ocrx_word' id='word_1_873' title='bbox 3384 3846 3641 3901; x_wconf 79' lang='lat' dir='ltr'><strong>Christum</strong></span> <span class='ocrx_word' id='word_1_874' title='bbox 3674 3846 3889 3905; x_wconf 85' lang='lat' dir='ltr'><strong>indutus</strong></span> <span class='ocrx_word' id='word_1_875' title='bbox 3932 3866 4000 3917; x_wconf 86' lang='lat' dir='ltr'><strong>es,</strong></span> 
     </span>
    </p>
   </div>
   <div class='ocr_carea' id='block_1_128' title="bbox 2414 3918 3306 3987">
    <p class='ocr_par' dir='ltr' id='par_1_128' title="bbox 2414 3918 3306 3987">
     <span class='ocr_line' id='line_1_131' title="bbox 2414 3918 3306 3987; baseline 0.001 -16"><span class='ocrx_word' id='word_1_876' title='bbox 2414 3918 2658 3987; x_wconf 84' lang='lat' dir='ltr'><strong>siquidem</strong></span> <span class='ocrx_word' id='word_1_877' title='bbox 2679 3918 2730 3970; x_wconf 91' lang='lat' dir='ltr'><strong>in</strong></span> <span class='ocrx_word' id='word_1_878' title='bbox 2758 3918 3015 3972; x_wconf 79' lang='lat' dir='ltr'><strong>Christum</strong></span> <span class='ocrx_word' id='word_1_879' title='bbox 3032 3920 3215 3971; x_wconf 84' lang='lat' dir='ltr'><strong>tinctus</strong></span> <span class='ocrx_word' id='word_1_880' title='bbox 3236 3934 3306 3972; x_wconf 94' lang='lat' dir='ltr'><strong>es.</strong></span> 
     </span>
    </p>
   </div>
   <div class='ocr_carea' id='block_1_129' title="bbox 2488 3987 3996 4061">
    <p class='ocr_par' dir='ltr' id='par_1_129' title="bbox 2488 3987 3996 4061">
     <span class='ocr_line' id='line_1_132' title="bbox 2488 3987 3996 4061; baseline 0 -17"><span class='ocrx_word' id='word_1_881' title='bbox 2488 3990 2860 4045; x_wconf 66' lang='lat' dir='ltr'><strong>lamentatus.</strong></span> <span class='ocrx_word' id='word_1_882' title='bbox 2890 3989 2951 4054; x_wconf 90' lang='lat' dir='ltr'><strong>ll,</strong></span> <span class='ocrx_word' id='word_1_883' title='bbox 2976 3988 3081 4044; x_wconf 91' lang='grc'><strong>818</strong></span> <span class='ocrx_word' id='word_1_884' title='bbox 3109 3988 3167 4051; x_wconf 87' lang='grc' dir='ltr'><strong>Β,</strong></span> <span class='ocrx_word' id='word_1_885' title='bbox 3202 3987 3323 4043; x_wconf 86' lang='grc' dir='ltr'><strong>Νοη</strong></span> <span class='ocrx_word' id='word_1_886' title='bbox 3368 3990 3488 4059; x_wconf 85' lang='lat' dir='ltr'><strong>quia</strong></span> <span class='ocrx_word' id='word_1_887' title='bbox 3516 4000 3561 4045; x_wconf 83' lang='lat' dir='ltr'><strong>et</strong></span> <span class='ocrx_word' id='word_1_888' title='bbox 3582 3990 3884 4045; x_wconf 74' lang='lat' dir='ltr'><strong>substantiae</strong></span> <span class='ocrx_word' id='word_1_889' title='bbox 3902 3990 3996 4061; x_wconf 88' lang='lat' dir='ltr'><strong>ipsi</strong></span> 
     </span>
    </p>
   </div>
   <div class='ocr_carea' id='block_1_130' title="bbox 2416 4061 4005 4133">
    <p class='ocr_par' dir='ltr' id='par_1_130' title="bbox 2416 4061 4005 4133">
     <span class='ocr_line' id='line_1_133' title="bbox 2416 4061 4005 4133; baseline 0.001 -18"><span class='ocrx_word' id='word_1_890' title='bbox 2416 4062 2724 4115; x_wconf 88' lang='lat' dir='ltr'><strong>inemeribile</strong></span> <span class='ocrx_word' id='word_1_891' title='bbox 2757 4064 2855 4126; x_wconf 91' lang='lat' dir='ltr'><strong>sit,</strong></span> <span class='ocrx_word' id='word_1_892' title='bbox 2903 4062 2939 4114; x_wconf 93' lang='lat' dir='ltr'><strong>i.</strong></span> <span class='ocrx_word' id='word_1_893' title='bbox 2968 4076 3016 4115; x_wconf 90' lang='lat' dir='ltr'><strong>c.</strong></span> <span class='ocrx_word' id='word_1_894' title='bbox 3044 4061 3185 4130; x_wconf 91' lang='lat' dir='ltr'><strong>quod</strong></span> <span class='ocrx_word' id='word_1_895' title='bbox 3220 4075 3348 4115; x_wconf 89' lang='lat' dir='ltr'><strong>caro</strong></span> <span class='ocrx_word' id='word_1_896' title='bbox 3399 4078 3504 4115; x_wconf 89' lang='lat' dir='ltr'><strong>non</strong></span> <span class='ocrx_word' id='word_1_897' title='bbox 3538 4064 3706 4132; x_wconf 86' lang='lat' dir='ltr'><strong>possit</strong></span> <span class='ocrx_word' id='word_1_898' title='bbox 3747 4064 4005 4133; x_wconf 82' lang='lat' dir='ltr'><strong>attingere</strong></span> 
     </span>
    </p>
   </div>
   <div class='ocr_carea' id='block_1_131' title="bbox 2418 4133 3619 4203">
    <p class='ocr_par' dir='ltr' id='par_1_131' title="bbox 2418 4133 3619 4203">
     <span class='ocr_line' id='line_1_134' title="bbox 2418 4133 3619 4203; baseline 0.001 -17"><span class='ocrx_word' id='word_1_899' title='bbox 2418 4141 2511 4203; x_wconf 88' lang='lat' dir='ltr'><strong>aut</strong></span> <span class='ocrx_word' id='word_1_900' title='bbox 2544 4134 2826 4203; x_wconf 83' lang='lat' dir='ltr'><strong>consequi;</strong></span> <span class='ocrx_word' id='word_1_901' title='bbox 2852 4146 2980 4203; x_wconf 84' lang='lat' dir='ltr'><strong>nam</strong></span> <span class='ocrx_word' id='word_1_902' title='bbox 3011 4133 3201 4203; x_wconf 86' lang='lat' dir='ltr'><strong>mereri</strong></span> <span class='ocrx_word' id='word_1_903' title='bbox 3233 4136 3619 4203; x_wconf 13' lang='lat' dir='ltr'><strong>estgconsequi.</strong></span> 
     </span>
    </p>
   </div>
   <div class='ocr_carea' id='block_1_132' title="bbox 2490 4201 4005 4276">
    <p class='ocr_par' dir='ltr' id='par_1_132' title="bbox 2490 4201 4005 4276">
     <span class='ocr_line' id='line_1_135' title="bbox 2490 4201 4005 4276; baseline 0.001 -20"><span class='ocrx_word' id='word_1_904' title='bbox 2490 4202 2691 4257; x_wconf 70' lang='lat' dir='ltr'><strong>Inesss.</strong></span> <span class='ocrx_word' id='word_1_905' title='bbox 2725 4201 2787 4269; x_wconf 90' lang='lat' dir='ltr'><strong>ll,</strong></span> <span class='ocrx_word' id='word_1_906' title='bbox 2836 4202 2941 4258; x_wconf 81' lang='grc'><strong>652</strong></span> <span class='ocrx_word' id='word_1_907' title='bbox 2994 4202 3055 4267; x_wconf 89' lang='grc' dir='ltr'><strong>Β,</strong></span> <span class='ocrx_word' id='word_1_908' title='bbox 3083 4202 3262 4276; x_wconf 81' lang='lat' dir='ltr'><strong>Capite</strong></span> <span class='ocrx_word' id='word_1_909' title='bbox 3309 4201 3479 4276; x_wconf 85' lang='lat' dir='ltr'><strong>itaque</strong></span> <span class='ocrx_word' id='word_1_910' title='bbox 3521 4201 3566 4257; x_wconf 83' lang='lat' dir='ltr'><strong>et</strong></span> <span class='ocrx_word' id='word_1_911' title='bbox 3604 4208 3863 4276; x_wconf 83' lang='lat' dir='ltr'><strong>facturam</strong></span> <span class='ocrx_word' id='word_1_912' title='bbox 3910 4204 4005 4258; x_wconf 86' lang='lat' dir='ltr'><strong>dici</strong></span> 
     </span>
    </p>
   </div>
   <div class='ocr_carea' id='block_1_133' title="bbox 2419 4274 4005 4346">
    <p class='ocr_par' dir='ltr' id='par_1_133' title="bbox 2419 4274 4005 4346">
     <span class='ocr_line' id='line_1_136' title="bbox 2419 4274 4005 4346; baseline 0.002 -19"><span class='ocrx_word' id='word_1_913' title='bbox 2419 4276 2671 4345; x_wconf 88' lang='lat' dir='ltr'><strong>generari,</strong></span> <span class='ocrx_word' id='word_1_914' title='bbox 2707 4291 2798 4344; x_wconf 86' lang='lat' dir='ltr'><strong>pro</strong></span> <span class='ocrx_word' id='word_1_915' title='bbox 2840 4276 3004 4346; x_wconf 85' lang='lat' dir='ltr'><strong>inesse</strong></span> <span class='ocrx_word' id='word_1_916' title='bbox 3047 4278 3187 4343; x_wconf 90' lang='lat' dir='ltr'><strong>poni.</strong></span> <span class='ocrx_word' id='word_1_917' title='bbox 3223 4274 3451 4329; x_wconf 79' lang='lat' dir='ltr'><strong>Verbum</strong></span> <span class='ocrx_word' id='word_1_918' title='bbox 3479 4274 3640 4330; x_wconf 82' lang='lat' dir='ltr'><strong>inesse</strong></span> <span class='ocrx_word' id='word_1_919' title='bbox 3685 4291 3752 4330; x_wconf 81' lang='lat' dir='ltr'><strong>ex</strong></span> <span class='ocrx_word' id='word_1_920' title='bbox 3794 4276 4005 4346; x_wconf 84' lang='lat' dir='ltr'><strong>propria</strong></span> 
     </span>
    </p>
   </div>
   <div class='ocr_carea' id='block_1_134' title="bbox 2346 4345 4007 4416">
    <p class='ocr_par' dir='ltr' id='par_1_134' title="bbox 2346 4345 4007 4416">
     <span class='ocr_line' id='line_1_137' title="bbox 2346 4345 4007 4416; baseline -0.001 -15"><span class='ocrx_word' id='word_1_921' title='bbox 2346 4374 2347 4377; x_wconf 54' lang='grc' dir='ltr'><strong>η</strong></span> <span class='ocrx_word' id='word_1_922' title='bbox 2421 4347 2820 4416; x_wconf 66' lang='lat' dir='ltr'><strong>compositionis</strong></span> <span class='ocrx_word' id='word_1_923' title='bbox 2846 4345 3012 4400; x_wconf 80' lang='lat' dir='ltr'><strong>forma</strong></span> <span class='ocrx_word' id='word_1_924' title='bbox 3040 4362 3145 4399; x_wconf 91' lang='lat' dir='ltr'><strong>non</strong></span> <span class='ocrx_word' id='word_1_925' title='bbox 3173 4353 3346 4399; x_wconf 88' lang='lat' dir='ltr'><strong>solum</strong></span> <span class='ocrx_word' id='word_1_926' title='bbox 3372 4346 3637 4414; x_wconf 81' lang='lat' dir='ltr'><strong>signiﬁcat</strong></span> <span class='ocrx_word' id='word_1_927' title='bbox 3673 4345 3877 4402; x_wconf 75' lang='lat' dir='ltr'><strong>essein</strong></span> <span class='ocrx_word' id='word_1_928' title='bbox 3916 4348 4007 4400; x_wconf 86' lang='lat' dir='ltr'><strong>ali-</strong></span> 
     </span>
    </p>
   </div>
   <div class='ocr_carea' id='block_1_135' title="bbox 2421 4417 4004 4491">
    <p class='ocr_par' dir='ltr' id='par_1_135' title="bbox 2421 4417 4004 4491">
     <span class='ocr_line' id='line_1_138' title="bbox 2421 4417 4004 4491; baseline 0.004 -23"><span class='ocrx_word' id='word_1_929' title='bbox 2421 4433 2540 4485; x_wconf 90' lang='lat' dir='ltr'><strong>quo,</strong></span> <span class='ocrx_word' id='word_1_930' title='bbox 2573 4433 2757 4471; x_wconf 83' lang='lat' dir='ltr'><strong>verum</strong></span> <span class='ocrx_word' id='word_1_931' title='bbox 2789 4418 2947 4471; x_wconf 85' lang='lat' dir='ltr'><strong>etiam</strong></span> <span class='ocrx_word' id='word_1_932' title='bbox 2979 4417 3213 4488; x_wconf 87' lang='lat' dir='ltr'><strong>generari</strong></span> <span class='ocrx_word' id='word_1_933' title='bbox 3232 4426 3279 4471; x_wconf 90' lang='lat' dir='ltr'><strong>et</strong></span> <span class='ocrx_word' id='word_1_934' title='bbox 3304 4417 3516 4487; x_wconf 88' lang='lat' dir='ltr'><strong>produci</strong></span> <span class='ocrx_word' id='word_1_935' title='bbox 3544 4417 3597 4471; x_wconf 91' lang='lat' dir='ltr'><strong>in</strong></span> <span class='ocrx_word' id='word_1_936' title='bbox 3630 4434 3755 4484; x_wconf 89' lang='lat' dir='ltr'><strong>esse,</strong></span> <span class='ocrx_word' id='word_1_937' title='bbox 3798 4426 4004 4491; x_wconf 63' lang='grc' dir='ltr'><strong>προεω-</strong></span> 
     </span>
    </p>
   </div>
   <div class='ocr_carea' id='block_1_136' title="bbox 2424 4496 2917 4549">
    <p class='ocr_par' dir='ltr' id='par_1_136' title="bbox 2424 4496 2917 4549">
     <span class='ocr_line' id='line_1_139' title="bbox 2424 4496 2917 4549; baseline 0 -6"><span class='ocrx_word' id='word_1_938' title='bbox 2424 4497 2579 4543; x_wconf 73' lang='grc' dir='ltr'><strong>λισθαι</strong></span> <span class='ocrx_word' id='word_1_939' title='bbox 2609 4498 2673 4549; x_wconf 76' lang='lat' dir='ltr'><strong>sic</strong></span> <span class='ocrx_word' id='word_1_940' title='bbox 2698 4497 2749 4545; x_wconf 74' lang='grc' dir='ltr'><strong><em>τὸ</em></strong></span> <span class='ocrx_word' id='word_1_941' title='bbox 2778 4496 2917 4543; x_wconf 73' lang='grc' dir='ltr'><strong>εἶναι.</strong></span> 
     </span>
    </p>
   </div>
   <div class='ocr_carea' id='block_1_137' title="bbox 2496 4557 3245 4626">
    <p class='ocr_par' dir='ltr' id='par_1_137' title="bbox 2496 4557 3245 4626">
     <span class='ocr_line' id='line_1_140' title="bbox 2496 4557 3245 4626; baseline 0 -13"><span class='ocrx_word' id='word_1_942' title='bbox 2496 4561 2928 4626; x_wconf 67' lang='grc' dir='ltr'><strong>ΙΝεχιιειιιεΝτιΑ,</strong></span> <span class='ocrx_word' id='word_1_943' title='bbox 2957 4558 3019 4622; x_wconf 89' lang='lat' dir='ltr'><strong>ll.</strong></span> <span class='ocrx_word' id='word_1_944' title='bbox 3053 4557 3157 4613; x_wconf 77' lang='grc'><strong>685</strong></span> <span class='ocrx_word' id='word_1_945' title='bbox 3184 4558 3245 4614; x_wconf 90' lang='lat' dir='ltr'><strong>C.</strong></span> 
     </span>
    </p>
   </div>
   <div class='ocr_carea' id='block_1_138' title="bbox 2495 4627 4010 4703">
    <p class='ocr_par' dir='ltr' id='par_1_138' title="bbox 2495 4627 4010 4703">
     <span class='ocr_line' id='line_1_141' title="bbox 2495 4627 4010 4703; baseline 0.002 -18"><span class='ocrx_word' id='word_1_946' title='bbox 2495 4630 2964 4703; x_wconf 24' lang='lat' dir='ltr'><strong>Insxrmcmtusg</strong></span> <span class='ocrx_word' id='word_1_947' title='bbox 2997 4631 3037 4697; x_wconf 90' lang='grc'>1,</span> <span class='ocrx_word' id='word_1_948' title='bbox 3089 4631 3193 4686; x_wconf 87' lang='grc'><strong>695</strong></span> <span class='ocrx_word' id='word_1_949' title='bbox 3248 4630 3313 4696; x_wconf 74' lang='grc' dir='ltr'><strong><em>Α,</em></strong></span> <span class='ocrx_word' id='word_1_950' title='bbox 3358 4627 3719 4686; x_wconf 77' lang='lat' dir='ltr'><strong>lnextricabile</strong></span> <span class='ocrx_word' id='word_1_951' title='bbox 3775 4632 4010 4703; x_wconf 82' lang='lat' dir='ltr'><strong>impactis</strong></span> 
     </span>
    </p>
   </div>
   <div class='ocr_carea' id='block_1_139' title="bbox 2432 4701 4009 4774">
    <p class='ocr_par' dir='ltr' id='par_1_139' title="bbox 2432 4701 4009 4774">
     <span class='ocr_line' id='line_1_142' title="bbox 2432 4701 4009 4774; baseline 0.003 -19"><span class='ocrx_word' id='word_1_952' title='bbox 2432 4704 2755 4773; x_wconf 76' lang='lat' dir='ltr'><strong>naufragium</strong></span> <span class='ocrx_word' id='word_1_953' title='bbox 2785 4713 2874 4756; x_wconf 85' lang='lat' dir='ltr'><strong>est.</strong></span> <span class='ocrx_word' id='word_1_954' title='bbox 2928 4701 3126 4758; x_wconf 76' lang='lat' dir='ltr'><strong>Grtccis</strong></span> <span class='ocrx_word' id='word_1_955' title='bbox 3155 4711 3374 4768; x_wconf 70' lang='grc' dir='ltr'><strong>ναυάγιον</strong></span> <span class='ocrx_word' id='word_1_956' title='bbox 3420 4710 3640 4773; x_wconf 62' lang='grc' dir='ltr'><strong>ἄφυκτον,</strong></span> <span class='ocrx_word' id='word_1_957' title='bbox 3682 4705 3827 4774; x_wconf 88' lang='lat' dir='ltr'><strong>quod</strong></span> <span class='ocrx_word' id='word_1_958' title='bbox 3854 4701 4009 4759; x_wconf 62' lang='lat' dir='ltr'><strong>vitari</strong></span> 
     </span>
    </p>
   </div>
   <div class='ocr_carea' id='block_1_140' title="bbox 2432 4774 4012 4845">
    <p class='ocr_par' dir='ltr' id='par_1_140' title="bbox 2432 4774 4012 4845">
     <span class='ocr_line' id='line_1_143' title="bbox 2432 4774 4012 4845; baseline 0.001 -17"><span class='ocrx_word' id='word_1_959' title='bbox 2432 4789 2537 4829; x_wconf 88' lang='lat' dir='ltr'><strong>non</strong></span> <span class='ocrx_word' id='word_1_960' title='bbox 2572 4784 2764 4843; x_wconf 73' lang='lat' dir='ltr'><strong>potesL</strong></span> <span class='ocrx_word' id='word_1_961' title='bbox 2802 4775 2900 4841; x_wconf 85' lang='lat' dir='ltr'><strong>Qui</strong></span> <span class='ocrx_word' id='word_1_962' title='bbox 2954 4775 3006 4827; x_wconf 91' lang='lat' dir='ltr'><strong>in</strong></span> <span class='ocrx_word' id='word_1_963' title='bbox 3060 4776 3306 4843; x_wconf 87' lang='lat' dir='ltr'><strong>scopulos</strong></span> <span class='ocrx_word' id='word_1_964' title='bbox 3348 4774 3665 4844; x_wconf 82' lang='lat' dir='ltr'><strong>impingunt,</strong></span> <span class='ocrx_word' id='word_1_965' title='bbox 3718 4790 4012 4845; x_wconf 86' lang='lat' dir='ltr'><strong>navemque</strong></span> 
     </span>
    </p>
   </div>
   <div class='ocr_carea' id='block_1_141' title="bbox 2432 4844 4012 4915">
    <p class='ocr_par' dir='ltr' id='par_1_141' title="bbox 2432 4844 4012 4915">
     <span class='ocr_line' id='line_1_144' title="bbox 2432 4844 4012 4915; baseline 0.002 -16"><span class='ocrx_word' id='word_1_966' title='bbox 2432 4845 2700 4914; x_wconf 80' lang='lat' dir='ltr'><strong>frangunt,</strong></span> <span class='ocrx_word' id='word_1_967' title='bbox 2731 4860 2849 4898; x_wconf 89' lang='lat' dir='ltr'><strong>sese</strong></span> <span class='ocrx_word' id='word_1_968' title='bbox 2874 4844 3134 4915; x_wconf 76' lang='lat' dir='ltr'><strong>estrieare</strong></span> <span class='ocrx_word' id='word_1_969' title='bbox 3158 4846 3271 4899; x_wconf 87' lang='lat' dir='ltr'><strong>sive</strong></span> <span class='ocrx_word' id='word_1_970' title='bbox 3299 4846 3553 4915; x_wconf 80' lang='lat' dir='ltr'><strong>expedire</strong></span> <span class='ocrx_word' id='word_1_971' title='bbox 3579 4860 3608 4897; x_wconf 89' lang='lat' dir='ltr'><strong>a</strong></span> <span class='ocrx_word' id='word_1_972' title='bbox 3638 4846 3882 4915; x_wconf 82' lang='lat' dir='ltr'><strong>periculo</strong></span> <span class='ocrx_word' id='word_1_973' title='bbox 3912 4844 4012 4902; x_wconf 90' lang='lat' dir='ltr'><strong>non</strong></span> 
     </span>
    </p>
   </div>
   <div class='ocr_carea' id='block_1_142' title="bbox 2431 4914 4010 4987">
    <p class='ocr_par' dir='ltr' id='par_1_142' title="bbox 2431 4914 4010 4987">
     <span class='ocr_line' id='line_1_145' title="bbox 2431 4914 4010 4987; baseline 0 -16"><span class='ocrx_word' id='word_1_974' title='bbox 2431 4926 2675 4987; x_wconf 85' lang='lat' dir='ltr'><strong>possunt.</strong></span> <span class='ocrx_word' id='word_1_975' title='bbox 2714 4916 2894 4985; x_wconf 74' lang='lat' dir='ltr'><strong>Virgil.</strong></span> <span class='ocrx_word' id='word_1_976' title='bbox 2924 4916 2991 4987; x_wconf 85' lang='lat' dir='ltr'><strong>de</strong></span> <span class='ocrx_word' id='word_1_977' title='bbox 3027 4914 3394 4987; x_wconf 55' lang='lat' dir='ltr'><strong>labyrintho:</strong></span> <span class='ocrx_word' id='word_1_978' title='bbox 3431 4914 3810 4971; x_wconf 66' lang='lat' dir='ltr'><strong>Ineuricabilis</strong></span> <span class='ocrx_word' id='word_1_979' title='bbox 3856 4934 4010 4972; x_wconf 86' lang='lat' dir='ltr'><strong>error.</strong></span> 
     </span>
    </p>
   </div>
   <div class='ocr_carea' id='block_1_143' title="bbox 2504 4984 4013 5058">
    <p class='ocr_par' dir='ltr' id='par_1_143' title="bbox 2504 4984 4013 5058">
     <span class='ocr_line' id='line_1_146' title="bbox 2504 4984 4013 5058; baseline 0 -16"><span class='ocrx_word' id='word_1_980' title='bbox 2504 4984 2893 5053; x_wconf 55' lang='lat' dir='ltr'><strong>chmcsmxll,</strong></span> <span class='ocrx_word' id='word_1_981' title='bbox 2923 4986 3019 5042; x_wconf 70' lang='lat' dir='ltr'><strong>7M</strong></span> <span class='ocrx_word' id='word_1_982' title='bbox 3064 4984 3229 5058; x_wconf 32' lang='lat' dir='ltr'><strong>A,’Et</strong></span> <span class='ocrx_word' id='word_1_983' title='bbox 3255 4989 3569 5058; x_wconf 88' lang='lat' dir='ltr'><strong>concretione</strong></span> <span class='ocrx_word' id='word_1_984' title='bbox 3591 4990 3761 5041; x_wconf 88' lang='lat' dir='ltr'><strong>carnis</strong></span> <span class='ocrx_word' id='word_1_985' title='bbox 3792 4989 4013 5058; x_wconf 70' lang='lat' dir='ltr'><strong>iufccat.</strong></span> 
     </span>
    </p>
   </div>
   <div class='ocr_carea' id='block_1_144' title="bbox 2504 5056 4017 5131">
    <p class='ocr_par' dir='ltr' id='par_1_144' title="bbox 2504 5056 4017 5131">
     <span class='ocr_line' id='line_1_147' title="bbox 2504 5056 4017 5131; baseline 0.001 -19"><span class='ocrx_word' id='word_1_986' title='bbox 2504 5059 2791 5131; x_wconf 65' lang='lat' dir='ltr'><strong>laruans.</strong></span> <span class='ocrx_word' id='word_1_987' title='bbox 2822 5058 2863 5123; x_wconf 91' lang='lat' dir='ltr'><strong>l,</strong></span> <span class='ocrx_word' id='word_1_988' title='bbox 2905 5058 3005 5113; x_wconf 80' lang='grc'>411</span> <span class='ocrx_word' id='word_1_989' title='bbox 3052 5056 3117 5123; x_wconf 81' lang='grc' dir='ltr'><strong><em>Α,</em></strong></span> <span class='ocrx_word' id='word_1_990' title='bbox 3154 5057 3223 5111; x_wconf 83' lang='lat' dir='ltr'><strong>Et</strong></span> <span class='ocrx_word' id='word_1_991' title='bbox 3248 5058 3354 5131; x_wconf 80' lang='lat' dir='ltr'><strong>iam</strong></span> <span class='ocrx_word' id='word_1_992' title='bbox 3389 5057 3743 5127; x_wconf 80' lang='lat' dir='ltr'><strong>defunctorum</strong></span> <span class='ocrx_word' id='word_1_993' title='bbox 3768 5056 4017 5131; x_wconf 80' lang='lat' dir='ltr'><strong>infamant</strong></span> 
     </span>
    </p>
   </div>
   <div class='ocr_carea' id='block_1_145' title="bbox 2433 5127 4016 5197">
    <p class='ocr_par' dir='ltr' id='par_1_145' title="bbox 2433 5127 4016 5197">
     <span class='ocr_line' id='line_1_148' title="bbox 2433 5127 4016 5197; baseline 0.001 -13"><span class='ocrx_word' id='word_1_994' title='bbox 2433 5131 2649 5184; x_wconf 89' lang='lat' dir='ltr'><strong>animas.</strong></span> <span class='ocrx_word' id='word_1_995' title='bbox 2702 5130 2961 5184; x_wconf 75' lang='lat' dir='ltr'><strong>lut‘amare</strong></span> <span class='ocrx_word' id='word_1_996' title='bbox 3002 5132 3204 5183; x_wconf 86' lang='lat' dir='ltr'><strong>animas</strong></span> <span class='ocrx_word' id='word_1_997' title='bbox 3249 5127 3622 5183; x_wconf 79' lang='lat' dir='ltr'><strong>defunctorum</strong></span> <span class='ocrx_word' id='word_1_998' title='bbox 3650 5138 3756 5193; x_wconf 89' lang='lat' dir='ltr'><strong>est,</strong></span> <span class='ocrx_word' id='word_1_999' title='bbox 3808 5127 4016 5197; x_wconf 79' lang='lat' dir='ltr'><strong>quando</strong></span> 
     </span>
    </p>
   </div>
   <div class='ocr_carea' id='block_1_146' title="bbox 2431 5200 4015 5269">
    <p class='ocr_par' dir='ltr' id='par_1_146' title="bbox 2431 5200 4015 5269">
     <span class='ocr_line' id='line_1_149' title="bbox 2431 5200 4015 5269; baseline 0 -13"><span class='ocrx_word' id='word_1_1000' title='bbox 2431 5201 2649 5257; x_wconf 82' lang='lat' dir='ltr'><strong>fortium</strong></span> <span class='ocrx_word' id='word_1_1001' title='bbox 2680 5211 2735 5254; x_wconf 89' lang='lat' dir='ltr'><strong>et</strong></span> <span class='ocrx_word' id='word_1_1002' title='bbox 2785 5202 3148 5269; x_wconf 68' lang='lat' dir='ltr'><strong>prmsmutium</strong></span> <span class='ocrx_word' id='word_1_1003' title='bbox 3196 5200 3431 5254; x_wconf 88' lang='lat' dir='ltr'><strong>virorum</strong></span> <span class='ocrx_word' id='word_1_1004' title='bbox 3476 5202 3678 5255; x_wconf 64' lang='lat' dir='ltr'><strong>umbrat</strong></span> <span class='ocrx_word' id='word_1_1005' title='bbox 3708 5201 3776 5255; x_wconf 84' lang='lat' dir='ltr'><strong>ad</strong></span> <span class='ocrx_word' id='word_1_1006' title='bbox 3815 5202 4015 5257; x_wconf 87' lang='lat' dir='ltr'><strong>libitum</strong></span> 
     </span>
    </p>
   </div>
   <div class='ocr_carea' id='block_1_147' title="bbox 2430 5273 4016 5342">
    <p class='ocr_par' dir='ltr' id='par_1_147' title="bbox 2430 5273 4016 5342">
     <span class='ocr_line' id='line_1_150' title="bbox 2430 5273 4016 5342; baseline 0.001 -14"><span class='ocrx_word' id='word_1_1007' title='bbox 2430 5273 2805 5342; x_wconf 78' lang='lat' dir='ltr'><strong>impurissitna:</strong></span> <span class='ocrx_word' id='word_1_1008' title='bbox 2833 5273 3083 5326; x_wconf 71' lang='lat' dir='ltr'><strong>vent-lica:</strong></span> <span class='ocrx_word' id='word_1_1009' title='bbox 3127 5273 3445 5336; x_wconf 79' lang='lat' dir='ltr'><strong>excitantur,</strong></span> <span class='ocrx_word' id='word_1_1010' title='bbox 3473 5273 3555 5327; x_wconf 80' lang='lat' dir='ltr'><strong>vel</strong></span> <span class='ocrx_word' id='word_1_1011' title='bbox 3596 5273 3821 5327; x_wconf 78' lang='lat' dir='ltr'><strong>excitari</strong></span> <span class='ocrx_word' id='word_1_1012' title='bbox 3852 5274 4016 5329; x_wconf 90' lang='lat' dir='ltr'><strong>simu-</strong></span> 
     </span>
    </p>
   </div>
   <div class='ocr_carea' id='block_1_148' title="bbox 2431 5342 4014 5411">
    <p class='ocr_par' dir='ltr' id='par_1_148' title="bbox 2431 5342 4014 5411">
     <span class='ocr_line' id='line_1_151' title="bbox 2431 5342 4014 5411; baseline 0 -13"><span class='ocrx_word' id='word_1_1013' title='bbox 2431 5344 2627 5406; x_wconf 90' lang='lat' dir='ltr'><strong>lantur,</strong></span> <span class='ocrx_word' id='word_1_1014' title='bbox 2669 5359 2791 5396; x_wconf 90' lang='lat' dir='ltr'><strong>cum</strong></span> <span class='ocrx_word' id='word_1_1015' title='bbox 2832 5343 2965 5396; x_wconf 88' lang='lat' dir='ltr'><strong>nihil</strong></span> <span class='ocrx_word' id='word_1_1016' title='bbox 3002 5342 3108 5396; x_wconf 88' lang='lat' dir='ltr'><strong>sint</strong></span> <span class='ocrx_word' id='word_1_1017' title='bbox 3147 5344 3248 5396; x_wconf 91' lang='lat' dir='ltr'><strong>nisi</strong></span> <span class='ocrx_word' id='word_1_1018' title='bbox 3288 5358 3450 5397; x_wconf 79' lang='lat' dir='ltr'><strong>mera:</strong></span> <span class='ocrx_word' id='word_1_1019' title='bbox 3501 5358 3652 5411; x_wconf 75' lang='lat' dir='ltr'><strong>puga:</strong></span> <span class='ocrx_word' id='word_1_1020' title='bbox 3681 5354 3732 5398; x_wconf 91' lang='lat' dir='ltr'><strong>et</strong></span> <span class='ocrx_word' id='word_1_1021' title='bbox 3776 5343 4014 5399; x_wconf 57' lang='lat' dir='ltr'><strong>fallacias.</strong></span> 
     </span>
    </p>
   </div>
   <div class='ocr_carea' id='block_1_149' title="bbox 2431 5412 4018 5479">
    <p class='ocr_par' dir='ltr' id='par_1_149' title="bbox 2431 5412 4018 5479">
     <span class='ocr_line' id='line_1_152' title="bbox 2431 5412 4018 5479; baseline 0 -10"><span class='ocrx_word' id='word_1_1022' title='bbox 2431 5414 2497 5479; x_wconf 89' lang='lat' dir='ltr'><strong>ll,</strong></span> <span class='ocrx_word' id='word_1_1023' title='bbox 2553 5415 2657 5469; x_wconf 87' lang='lat'><strong>997</strong></span> <span class='ocrx_word' id='word_1_1024' title='bbox 2710 5413 2777 5477; x_wconf 80' lang='grc' dir='ltr'><strong><em>Α,</em></strong></span> <span class='ocrx_word' id='word_1_1025' title='bbox 2818 5412 2885 5466; x_wconf 88' lang='lat' dir='ltr'><strong>Et</strong></span> <span class='ocrx_word' id='word_1_1026' title='bbox 2910 5413 3040 5467; x_wconf 89' lang='lat' dir='ltr'><strong>licet.</strong></span> <span class='ocrx_word' id='word_1_1027' title='bbox 3078 5413 3215 5467; x_wconf 89' lang='lat' dir='ltr'><strong>cultu</strong></span> <span class='ocrx_word' id='word_1_1028' title='bbox 3264 5424 3514 5466; x_wconf 87' lang='lat' dir='ltr'><strong>etornatu</strong></span> <span class='ocrx_word' id='word_1_1029' title='bbox 3566 5415 3799 5468; x_wconf 76' lang='lat' dir='ltr'><strong>ntteroris</strong></span> <span class='ocrx_word' id='word_1_1030' title='bbox 3840 5431 4018 5470; x_wconf 83' lang='lat' dir='ltr'><strong>munus</strong></span> 
     </span>
    </p>
   </div>
   <div class='ocr_carea' id='block_1_150' title="bbox 2384 5482 4014 5557">
    <p class='ocr_par' dir='ltr' id='par_1_150' title="bbox 2384 5482 4014 5557">
     <span class='ocr_line' id='line_1_153' title="bbox 2384 5482 4014 5557; baseline 0.002 -19"><span class='ocrx_word' id='word_1_1031' title='bbox 2384 5496 2399 5508; x_wconf 49' lang='grc' dir='ltr'><strong>ν·</strong></span> <span class='ocrx_word' id='word_1_1032' title='bbox 2432 5487 2699 5557; x_wconf 86' lang='lat' dir='ltr'><strong>infament.</strong></span> <span class='ocrx_word' id='word_1_1033' title='bbox 2738 5486 2800 5545; x_wconf 87' lang='lat' dir='ltr'><strong>ll,</strong></span> <span class='ocrx_word' id='word_1_1034' title='bbox 2831 5484 2938 5539; x_wconf 75' lang='grc'>450</span> <span class='ocrx_word' id='word_1_1035' title='bbox 2965 5484 3027 5549; x_wconf 85' lang='grc' dir='ltr'><strong><em>υ,</em></strong></span> <span class='ocrx_word' id='word_1_1036' title='bbox 3060 5482 3142 5538; x_wconf 82' lang='lat' dir='ltr'><strong>Ne</strong></span> <span class='ocrx_word' id='word_1_1037' title='bbox 3195 5485 3491 5557; x_wconf 88' lang='lat' dir='ltr'><strong>patientiam</strong></span> <span class='ocrx_word' id='word_1_1038' title='bbox 3526 5484 3640 5554; x_wconf 84' lang='lat' dir='ltr'><strong>ejus</strong></span> <span class='ocrx_word' id='word_1_1039' title='bbox 3681 5486 4014 5557; x_wconf 84' lang='lat' dir='ltr'><strong>infamaretis.</strong></span> 
     </span>
    </p>
   </div>
   <div class='ocr_carea' id='block_1_151' title="bbox 2432 5556 4019 5625">
    <p class='ocr_par' dir='ltr' id='par_1_151' title="bbox 2432 5556 4019 5625">
     <span class='ocr_line' id='line_1_154' title="bbox 2432 5556 4019 5625; baseline -0.001 -13"><span class='ocrx_word' id='word_1_1040' title='bbox 2432 5556 2474 5622; x_wconf 92' lang='lat' dir='ltr'><strong>l,</strong></span> <span class='ocrx_word' id='word_1_1041' title='bbox 2505 5556 2609 5612; x_wconf 87' lang='grc'><strong>699</strong></span> <span class='ocrx_word' id='word_1_1042' title='bbox 2637 5557 2697 5618; x_wconf 86' lang='grc' dir='ltr'><strong>Β,</strong></span> <span class='ocrx_word' id='word_1_1043' title='bbox 2722 5557 2813 5611; x_wconf 89' lang='lat' dir='ltr'><strong>Sic</strong></span> <span class='ocrx_word' id='word_1_1044' title='bbox 2832 5566 2878 5610; x_wconf 91' lang='lat' dir='ltr'><strong>et</strong></span> <span class='ocrx_word' id='word_1_1045' title='bbox 2901 5557 3037 5609; x_wconf 88' lang='lat' dir='ltr'><strong>circa</strong></span> <span class='ocrx_word' id='word_1_1046' title='bbox 3086 5557 3399 5620; x_wconf 86' lang='lat' dir='ltr'><strong>majestatem</strong></span> <span class='ocrx_word' id='word_1_1047' title='bbox 3440 5556 3761 5623; x_wconf 87' lang='lat' dir='ltr'><strong>imperatoris</strong></span> <span class='ocrx_word' id='word_1_1048' title='bbox 3801 5559 4019 5625; x_wconf 80' lang='lat' dir='ltr'><strong>infama-</strong></span> 
     </span>
    </p>
   </div>
   <div class='ocr_carea' id='block_1_152' title="bbox 2432 5627 4016 5697">
    <p class='ocr_par' dir='ltr' id='par_1_152' title="bbox 2432 5627 4016 5697">
     <span class='ocr_line' id='line_1_155' title="bbox 2432 5627 4016 5697; baseline 0.001 -16"><span class='ocrx_word' id='word_1_1049' title='bbox 2432 5644 2565 5682; x_wconf 88' lang='lat' dir='ltr'><strong>ntur.</strong></span> <span class='ocrx_word' id='word_1_1050' title='bbox 2594 5627 2659 5693; x_wconf 87' lang='lat' dir='ltr'><strong>ll,</strong></span> <span class='ocrx_word' id='word_1_1051' title='bbox 2688 5627 2757 5682; x_wconf 69' lang='grc'>84</span> <span class='ocrx_word' id='word_1_1052' title='bbox 2784 5627 2851 5693; x_wconf 86' lang='grc' dir='ltr'><strong><em>Δ,</em></strong></span> <span class='ocrx_word' id='word_1_1053' title='bbox 2900 5627 2990 5683; x_wconf 85' lang='lat' dir='ltr'><strong>Sic</strong></span> <span class='ocrx_word' id='word_1_1054' title='bbox 3040 5628 3207 5694; x_wconf 86' lang='lat' dir='ltr'><strong>itaque</strong></span> <span class='ocrx_word' id='word_1_1055' title='bbox 3233 5636 3280 5681; x_wconf 91' lang='lat' dir='ltr'><strong>et</strong></span> <span class='ocrx_word' id='word_1_1056' title='bbox 3313 5627 3449 5681; x_wconf 89' lang='lat' dir='ltr'><strong>circa</strong></span> <span class='ocrx_word' id='word_1_1057' title='bbox 3480 5628 3772 5697; x_wconf 64' lang='lat' dir='ltr'><strong>uoluptates</strong></span> <span class='ocrx_word' id='word_1_1058' title='bbox 3817 5639 4016 5697; x_wconf 85' lang='lat' dir='ltr'><strong>specta-</strong></span> 
     </span>
    </p>
   </div>
   <div class='ocr_carea' id='block_1_153' title="bbox 2432 5696 4016 5769">
    <p class='ocr_par' dir='ltr' id='par_1_153' title="bbox 2432 5696 4016 5769">
     <span class='ocr_line' id='line_1_156' title="bbox 2432 5696 4016 5769; baseline 0.001 -16"><span class='ocrx_word' id='word_1_1059' title='bbox 2432 5701 2662 5753; x_wconf 88' lang='lat' dir='ltr'><strong>culorum</strong></span> <span class='ocrx_word' id='word_1_1060' title='bbox 2716 5700 2963 5769; x_wconf 88' lang='lat' dir='ltr'><strong>infamata</strong></span> <span class='ocrx_word' id='word_1_1061' title='bbox 3016 5698 3236 5752; x_wconf 87' lang='lat' dir='ltr'><strong>conditio</strong></span> <span class='ocrx_word' id='word_1_1062' title='bbox 3290 5707 3381 5751; x_wconf 90' lang='lat' dir='ltr'><strong>est.</strong></span> <span class='ocrx_word' id='word_1_1063' title='bbox 3454 5696 3517 5762; x_wconf 87' lang='lat' dir='ltr'><strong>ll,</strong></span> <span class='ocrx_word' id='word_1_1064' title='bbox 3569 5699 3637 5752; x_wconf 82' lang='lat'><strong>97</strong></span> <span class='ocrx_word' id='word_1_1065' title='bbox 3669 5698 3733 5764; x_wconf 95' lang='grc' dir='ltr'><strong>Β,</strong></span> <span class='ocrx_word' id='word_1_1066' title='bbox 3782 5696 3853 5753; x_wconf 80' lang='lat' dir='ltr'><strong>At</strong></span> <span class='ocrx_word' id='word_1_1067' title='bbox 3891 5702 4016 5754; x_wconf 84' lang='lat' dir='ltr'><strong>enim</strong></span> 
     </span>
    </p>
   </div>
   <div class='ocr_carea' id='block_1_154' title="bbox 2435 5768 3799 5837">
    <p class='ocr_par' dir='ltr' id='par_1_154' title="bbox 2435 5768 3799 5837">
     <span class='ocr_line' id='line_1_157' title="bbox 2435 5768 3799 5837; baseline -0.001 -13"><span class='ocrx_word' id='word_1_1068' title='bbox 2435 5769 2752 5824; x_wconf 88' lang='lat' dir='ltr'><strong>Christianus</strong></span> <span class='ocrx_word' id='word_1_1069' title='bbox 2778 5768 2868 5823; x_wconf 87' lang='lat' dir='ltr'><strong>nec</strong></span> <span class='ocrx_word' id='word_1_1070' title='bbox 2886 5771 3102 5837; x_wconf 86' lang='lat' dir='ltr'><strong>januam</strong></span> <span class='ocrx_word' id='word_1_1071' title='bbox 3127 5785 3271 5823; x_wconf 87' lang='lat' dir='ltr'><strong>suam</strong></span> <span class='ocrx_word' id='word_1_1072' title='bbox 3297 5769 3482 5823; x_wconf 85' lang='lat' dir='ltr'><strong>laureis</strong></span> <span class='ocrx_word' id='word_1_1073' title='bbox 3510 5768 3799 5835; x_wconf 88' lang='lat' dir='ltr'><strong>infamabit.</strong></span> 
     </span>
    </p>
   </div>
   <div class='ocr_carea' id='block_1_155' title="bbox 2508 5838 4013 5911">
    <p class='ocr_par' dir='ltr' id='par_1_155' title="bbox 2508 5838 4013 5911">
     <span class='ocr_line' id='line_1_158' title="bbox 2508 5838 4013 5911; baseline 0.001 -17"><span class='ocrx_word' id='word_1_1074' title='bbox 2508 5842 2711 5895; x_wconf 68' lang='lat' dir='ltr'><strong>lxrntvs.</strong></span> <span class='ocrx_word' id='word_1_1075' title='bbox 2738 5841 2800 5906; x_wconf 92' lang='lat' dir='ltr'><strong>ll,</strong></span> <span class='ocrx_word' id='word_1_1076' title='bbox 2829 5839 3025 5911; x_wconf 61' lang='lat' dir='ltr'><strong>544A,</strong></span> <span class='ocrx_word' id='word_1_1077' title='bbox 3053 5839 3287 5911; x_wconf 85' lang='lat' dir='ltr'><strong>Infantes</strong></span> <span class='ocrx_word' id='word_1_1078' title='bbox 3308 5838 3648 5911; x_wconf 81' lang='lat' dir='ltr'><strong>testimonium</strong></span> <span class='ocrx_word' id='word_1_1079' title='bbox 3678 5840 3871 5895; x_wconf 82' lang='lat' dir='ltr'><strong>Christi</strong></span> <span class='ocrx_word' id='word_1_1080' title='bbox 3897 5859 4013 5896; x_wconf 84' lang='lat' dir='ltr'><strong>san-</strong></span> 
     </span>
    </p>
   </div>
   <div class='ocr_carea' id='block_1_156' title="bbox 2438 5908 4015 5986">
    <p class='ocr_par' dir='ltr' id='par_1_156' title="bbox 2438 5908 4015 5986">
     <span class='ocr_line' id='line_1_159' title="bbox 2438 5908 4015 5986; baseline 0.001 -17"><span class='ocrx_word' id='word_1_1081' title='bbox 2438 5914 2587 5986; x_wconf 86' lang='lat' dir='ltr'><strong>guine</strong></span> <span class='ocrx_word' id='word_1_1082' title='bbox 2619 5914 2902 5969; x_wconf 81' lang='lat' dir='ltr'><strong>titaverunt.</strong></span> <span class='ocrx_word' id='word_1_1083' title='bbox 2937 5908 3172 5967; x_wconf 80' lang='lat' dir='ltr'><strong>tutantes</strong></span> <span class='ocrx_word' id='word_1_1084' title='bbox 3197 5912 3309 5971; x_wconf 85' lang='lat' dir='ltr'><strong>sive</strong></span> <span class='ocrx_word' id='word_1_1085' title='bbox 3331 5920 3511 5978; x_wconf 67' lang='lat' dir='ltr'><strong>atate,</strong></span> <span class='ocrx_word' id='word_1_1086' title='bbox 3534 5908 3650 5970; x_wconf 82' lang='lat' dir='ltr'><strong>sive</strong></span> <span class='ocrx_word' id='word_1_1087' title='bbox 3675 5911 4015 5983; x_wconf 76' lang='lat' dir='ltr'><strong>simplicitate</strong></span> 
     </span>
    </p>
   </div>
  </div>
