4184 6496
158 421 300 477 1317

1158 414 1370 473 INDEX
1407 412 1836 472 LATINITATIS
1873 412 2451 472 TERTULLIANEIE.

3299 417 3440 477 1518

156 534 379 607 668181
430 543 677 607 morum;
709 529 1489 607 [riorem_interpretationem
1541 542 1744 607 tenent.
1776 530 1829 591 Α
1854 530 2058 597 dignas.
2100 530 2246 607 Servi
2269 548 2421 603 super
2440 529 2720 607 dominum,
2747 530 3022 607 inqttit,_et
3065 535 3302 607 discipuli
3347 554 3433 591 su-

156 607 242 668 qui
272 604 341 659 de
364 603 694 658 infanticidio
716 603 940 657 Herodis
966 602 1198 658 hatcdici
1225 613 1430 673 putant,
1452 620 1515 659 ex
1541 605 1751 674 Matth.,

154 675 229 749 lli:
267 675 643 749 posteriorem,
672 673 857 749 quitle
886 675 1141 745 apostolis
1167 684 1220 749 et
1254 676 1526 749 discipulis
1550 673 1751 749 marty;

156 748 410 814 ribusque
434 746 654 810 Christi,
693 746 781 815 qui
833 762 935 798 non
989 753 1149 800 :etate
1202 746 1452 809 infantes.
1481 748 1574 803 sed
1634 746 1755 804 ﬁdei

154 826 205 871 ct
232 819 360 870 vita:
388 816 651 881 inStituto,
678 833 741 869 ex
782 817 989 877 Mattlu,
1017 815 1183 871 XVIII
1208 833 1222 881 ;
1248 828 1405 887 atquc
1431 817 1531 871 hoc
1559 820 1758 874 contir-

156 899 306 941 mant
330 888 608 956 sequentia
636 904 651 949 ;
682 904 801 941 nam
835 888 921 941 illa
951 889 1135 953 verba,
1166 890 1249 956 qui
1279 906 1477 943 crucem
1509 891 1753 955 clamant,

156 974 264 1013 non
275 958 347 1013 de
361 957 562 1013 ludatis
576 959 940 1022 enuntiautnr,
970 957 1061 1013 sed
1080 959 1149 1012 de
1166 960 1513 1028 gloriantibtts
1534 963 1583 1015 in
1598 977 1756 1017 cruce

155 1030 377 1101 Christi.
397 1029 440 1094 I,
454 1029 561 1085 3H
576 1032 640 1096 Α,
658 1028 800 1095 Veni,
820 1031 1049 1100 demerge
1071 1028 1261 1099 ferrum
1289 1032 1339 1083 in
1371 1032 1613 1101 infantem
1636 1036 1725 1087 nul
1739 1064 1755 1074 -

158 1100 256 1171 lius
276 1101 563 1163 inimicum,
592 1101 783 1155 nullius
806 1117 970 1167 reum,
1002 1102 1227 1155 omnium
1256 1102 1437 1170 ﬁlium.
1468 1103 1530 1167 Il,
1561 1105 1665 1158 422’.
1692 1104 1753 1171 Β,

157 1170 221 1225 Et
252 1172 572 1241 impudentia
590 1172 828 1241 infantes.

227 1241 559 1299 laesarum.
593 1243 655 1310 11,
685 1242 793 1298 262
822 1243 890 1310 Λ,
927 1241 1041 1311 Qua
1067 1258 1188 1297 suos
1208 1242 1449 1312 infamat,
1480 1244 1516 1299 i.
1548 1262 1598 1301 e.
1636 1247 1757 1302 cibo

158 1315 323 1383 pascit
348 1314 597 1384 infantili.

232 1384 610 1441 lsrsnnutus.
645 1386 684 1453 Ι,
714 1386 814 1443 561
850 1388 914 1453 Α,
949 1385 1355 1440 Perduccrentur
1392 1388 1655 1457 iufantarii
1710 1399 1758 1442 et

159 1458 309 1527 coqui
340 1466 385 1509 et
417 1458 514 1525 ipsi
541 1474 691 1513 canes
720 1460 954 1525 pronnbi.
984 1458 1169 1512 Trium
1224 1474 1420 1525 nempe
1472 1461 1755 1514 criminum

161 1528 579 1597 postulabantur
615 1549 627 1583 :
664 1530 949 1598 impietatis
973 1571 987 1593 ,
1018 1528 1424 1598 Thyestrearum
1457 1534 1753 1598 epularum,

161 1610 215 1653 ct
239 1600 561 1654 concubitus
596 1602 801 1655 incesti.
837 1601 1071 1656 Aiehant
1092 1600 1231 1653 enim
1266 1600 1463 1653 ethnici
1494 1604 1757 1655 Christia-

167 1684 291 1734 nos,
328 1668 421 1723 ubi
457 1672 858 1737 convenissent,
888 1682 1121 1725 mactare
1151 1670 1339 1724 solitos
1359 1672 1633 1738 infantem,
1663 1689 1756 1727 cu-

160 1741 249 1809 jus
277 1756 445 1796 carne
496 1743 833 1808 manducata,
867 1752 921 1797 et
948 1752 1109 1810 epoto
1138 1744 1415 1810 sanguine,
1463 1744 1635 1797 hedus
1675 1746 1758 1798 in-

167 1821 249 1865 ter
276 1827 338 1866 se
370 1813 525 1879 inire,
555 1829 616 1867 ac
647 1825 764 1883 post
794 1815 1095 1868 convivimn
1126 1827 1246 1866 ctnu
1274 1815 1548 1881 quibusvis
1574 1816 1760 1869 mulie-

166 1883 319 1936 ribus
368 1890 667 1950 promiscue
705 1885 1061 1947 commisceri,
1105 1884 1345 1954 adeoque
1388 1886 1644 1941 adhibere
1669 1902 1759 1941 ea-

168 1955 341 2027 nesin
368 1970 525 2027 more
564 1971 683 2027 esse
724 1958 802 2010 ‘atl
848 1954 1166 2011 candelabra
1207 1957 1473 2027 alligatos,
1529 1958 1619 2027 qui
1659 1957 1761 2011 ulla

171 2026 372 2091 injecta
395 2025 715 2079 candelabra
743 2034 1093 2096 everterent;
1139 2026 1497 2096 cxtinetisque
1546 2025 1762 2083 lumini-

170 2097 292 2161 bus,
342 2107 467 2149 tunc
505 2098 617 2152 licti
659 2097 908 2153 dicebant
938 2095 1350 2152 [milissitnarum
1377 2098 1585 2153 illarum
1616 2114 1763 2154 com-

170 2167 491 2222 mixtionun:
518 2169 737 2221 scelera.

244 2238 517 2293 INFANTIA.
553 2238 613 2305 ll,
645 2240 743 2295 681
776 2240 841 2307 Λ,
876 2238 943 2293 Et
990 2239 1192 2309 quidem
1232 2238 1294 2293 ab
1322 2240 1541 2310 infantia
1566 2248 1610 2294 et
1640 2241 1765 2310 ipsa:

170 2326 293 2382 sua,
323 2312 393 2382 de
412 2311 708 2365 arhOribus.
744 2312 807 2379 ΙΙ,
837 2311 940 2368 914
963 2309 1025 2377 C,
1058 2311 1195 2364 Adeo
1226 2322 1277 2364 ut
1304 2309 1408 2377 pra:
1434 2314 1532 2365 illa
1549 2309 1766 2382 infantia

171 2381 296 2449 ﬁdei
326 2381 616 2451 ignorarent
646 2384 831 2437 adhuc.

180 2522 193 2532 ι
231 2450 530 2591 rlarscws,
555 2467 661 2506 non
693 2453 882 2508 factus.
916 2453 957 2519 I,
987 2454 1091 2510 555
1115 2452 1181 2520 Α,
1209 2452 1408 2525 Corpus
1446 2453 1676 2510 innatant
1721 2464 1770 2511 et

180 2538 227 2575 tn
256 2532 443 2576 cetum.

175 2532 443 2576 inlectum.

249 2593 457 2659 larem,
488 2594 663 2648 omnis
688 2595 835 2651 locus
865 2604 958 2651 aut
991 2603 1163 2650 status
1206 2603 1557 2651 mortuorum.
1590 2596 1631 2663 I,
1664 2597 1769 2652 680

178 2662 245 2730 Α,
275 2665 373 2740 _Sic
398 2674 444 2718 et
475 2663 702 2720 Lazarus
730 2667 869 2737 apud
916 2669 1105 2740 inferos
1124 2668 1219 2740 in,
1244 2668 1362 2740 sinu
1382 2668 1598 2721 Abralue
1618 2662 1770 2740 refri-

178 2735 375 2805 gerium
389 2748 710 2801 consecutus;
734 2735 799 2792 ex
828 2739 1004 2793 verbis
1026 2738 1223 2793 Christi
1253 2738 1319 2791 ad
1350 2737 1646 2805 latronem,
1676 2735 1771 2793 lto-

181 2808 261 2859 die
290 2823 488 2861 mecum
518 2810 614 2862 eris
640 2810 692 2862 in
714 2811 976 2877 paradiso,
1000 2820 1053 2864 et
1076 2810 1308 2867 Abrahae
1352 2812 1419 2863 tle
1473 2811 1676 2865 Lazaro
1704 2810 1771 2865 ad

178 2877 401 2951 divitem
425 2890 792 2948 purpuratum,
830 2892 883 2935 et
910 2879 1168 2935 Johannis
1223 2889 1515 2951 martyrum
1563 2884 1772 2937 animas

178 2948 415 3020 videntis
450 2953 550 3004 sub
580 2952 753 3017 altari,
805 2961 859 3006 et
882 2951 1031 3005 Pauli
1072 2951 1137 3003 ad
1181 2948 1450 3018 Thessal.,
1477 2952 1517 3018 1,
1549 2967 1665 3020 cap.
1714 2956 1767 3006 4.

180 3019 440 3074 Veterum
462 3021 709 3090 plerique
736 3025 790 3075 in
818 3037 879 3075 ea
908 3022 1166 3075 sententia
1192 3023 1358 3085 luere,
1400 3034 1455 3075 ut
1491 3023 1775 3078 crederent

179 3104 303 3145 esse
332 3088 474 3159 apttd
516 3088 725 3162 inferos
752 3094 1049 3146 animarum
1099 3094 1431 3162 receptacula
1470 3096 1674 3161 piarum
1720 3104 1774 3148 et

180 3162 468 3233 impiarum
496 3160 861 3232 divinijudicii
904 3163 1044 3217 diem
1076 3160 1520 3233 exspectantium.
1568 3163 1771 3219 Interea

181 3242 364 3313 tamen
398 3231 510 3303 pias
531 3231 745 3316 quidem
770 3249 917 3303 pace,
941 3233 1139 3316 quiete,
1176 3231 1467 3316 refrigerio
1503 3234 1770 3316 gaudere;

1790 1923 1839 1986 B

1863 620 1950 670 per
1977 605 2292 667 tttuqislrttm,
2324 604 2580 673 aspernati
2601 604 2643 656 si
2682 606 2811 671 forte
2849 605 2900 657 in
2942 604 3161 660 Abraha:
3194 604 3319 661 sinu
3348 625 3441 663 ex.

1861 678 2122 749 pretantltv
2150 676 2530 749 resurrectionis
2556 677 2793 749 solatium
2823 692 3022 749 cupere.
3076 679 3147 749 lix
3178 678 3259 733 itis
3287 680 3443 749 igitur

1860 745 2181 815 colligimus,
2218 746 2459 799 homines
2503 746 2676 799 adhuc
2713 762 2827 799 arvo
2864 748 2952 801 illo
2974 748 3125 803 valde
3151 745 3444 804 l'ttisse'ha-

1860 830 1976 868 rum
2002 832 2179 871 rerum
2211 816 2446 871 incertos
2484 831 2547 869 ac
2590 817 2797 871 dubios.
2821 816 3059 887 Sequens
3104 828 3233 874 tetas
3260 822 3445 876 videre

1860 886 1960 939 sibi
1988 888 2095 959 visa
2126 895 2225 947 est.
2265 902 2385 957 qua:
2416 888 2619 956 priores
2652 904 2755 942 non
2801 886 3062 944 viderant.
3092 893 3445 959 Augustinum

1862 966 2039 1012 tamen
2077 958 2260 1012 halmit
2284 973 2434 1027 mque
2460 958 2720 1013 incertum
2750 974 2812 1013 ac
2846 960 3086 1015 dubium.
3134 958 3246 1016 Imo
3280 971 3335 1017 et
3361 978 3446 1017 re-

1860 1029 2052 1101 gulam
2087 1028 2209 1101 ﬁdei
2236 1030 2654 1101 Asiguilicatiouis
2692 1030 2940 1101 ambiguo
2970 1033 3445 1089 tenuivitinferno-

1864 1115 1980 1152 rma
2013 1100 2126 1154 sive
2170 1097 2458 1154 inferorum
2493 1100 2809 1155 vocabulum
2840 1097 2867 1155 Ξ
2901 1102 3021 1157 aliis
3059 1104 3329 1159 Christum
3378 1104 3445 1160 ad

1861 1169 2062 1246 inferos
2082 1170 2424 1246 descendisse
2456 1170 2820 1246 horrentibus,
2840 1182 2899 1226 ut
2927 1174 3008 1227 vel
3038 1177 3302 1244 passionis
3324 1190 3448 1246 pro-

1861 1242 2095 1297 fossione
2141 1242 2466 1312 sepulturam
2508 1252 2563 1296 et
2585 1242 2904 1298 descensum
2949 1242 3448 1311 involverentfaut

1864 1312 1956 1381 qui
1982 1313 2251 1385 sepultum
2272 1313 2553 1385 dixissent,
2580 1313 2923 1370 descendisse
2951 1326 3205 1385 prieterea
3234 1332 3339 1371 non
3368 1318 3449 1371 di-

1861 1384 2570 1459 cere_n_t,_qui_desecudisse
2611 1385 2711 1439 hoc
2748 1401 2843 1459 pro
2893 1384 3162 1457 sepultura
3216 1390 3447 1459 positum

1863 1454 2085 1525 intelligi
2117 1456 2334 1510 vellent.
2364 1454 2431 1509 Et
2459 1456 2527 1507 ita
2551 1455 2661 1521 jam
2693 1454 2898 1526 pridem
2930 1454 2981 1512 in
3004 1454 3236 1514 Orientis
3265 1461 3450 1515 Eccle-

1862 1526 1958 1579 siis
1994 1526 2156 1580 fuisse
2206 1537 2430 1581 testatur
2456 1525 2719 1583 Rul‘linus.
2751 1528 2937 1583 lreutei
2983 1533 3244 1585 sententia
3287 1532 3449 1587 habe-

1865 1605 1950 1650 tur
1995 1598 2044 1648 in
2094 1596 2198 1651 line
2252 1596 2475 1657 lihriV;
2508 1597 2722 1657 Justiu't,
2756 1600 3124 1664 Qutestionibus
3166 1600 3353 1657 LXXV
3396 1612 3452 1659 et

1863 1666 2116 1743 L_X_XYI;_
2134 1667 2535 1743 Tertullia_ni_|I,_
2689 1668 2887 1743 11,Ᾱῖᾧὲ
2905 1671 2965 1734 Β,
2989 1688 3095 1743 sq.,
3119 1673 3221 1728 747
3250 1675 3311 1738 C,
3339 1689 3447 1743 sq.,

1863 1740 1961 1809 1151
1993 1742 2057 1805 Α,
2085 1739 2145 1794 Β.
2180 1740 2456 1809 Augustini
2489 1739 2655 1807 Epist.
2708 1740 2863 1807 LVII,
2909 1745 2977 1795 ad
3022 1739 3345 1809 Dardanum,
3387 1739 3452 1801 ὀι

1865 1808 2051 1883 XCIX.
2092 1810 2161 1863 ad
2194 1808 2464 1883 Euodium,
2519 1820 2574 1865 et
2615 1811 2859 1876 lih.‘Vll,
2907 1814 2970 1867 de
3020 1813 3202 1870 Genesi
3225 1817 3294 1869 ad
3321 1808 3447 1883 lilt.,

1867 1897 1979 1953 cap.
1998 1882 2192 1943 52,53,
2218 1882 2305 1943 54,
2323 1892 2377 1953 et
2397 1882 2585 1947 Quaest.
2611 1898 2764 1953 super
2793 1883 2996 1951 (lenes,
3019 1886 3109 1940 lib.
3144 1884 3185 1950 l,
3214 1902 3327 1953 cap.
3357 1882 3449 1944 25.

1939 1902 1979 1941 υ.
1998 1902 2085 1943 oz,
2103 1902 2192 1943 oo,
2218 1902 2305 1943 04.
2323 1902 2376 1936 et
2397 1902 2585 1947 υιιωδι.
2611 1902 2764 1953 super
2793 1902 2996 1951 bettes.,
3019 1902 3109 1940 Ill).
3144 1902 3185 1950 ι,
3214 1902 3272 1941 ca
3318 1930 3327 1937 .
3357 1902 3449 1944 25.

1939 1952 2185 2025 Iussum,
2214 1952 2495 2025 sacriﬁcia,
2525 1969 2643 2025 qua-
2695 1954 2797 2008 diis
2832 1957 3077 2012 manibus
3112 1902 3449 2025 inl‘eregant,

1868 2027 2023 2109 ntali
2050 2024 2260 2109 Festus,
2287 2024 2447 2109 l,6_45
2466 2029 2528 2086 Α,
2556 2024 2681 2109 illo;
2706 2026 2867 2109 edicta
2888 2028 2970 2109 die
2984 2029 3301 2109 inferiarum,
3333 2030 3370 2084 i.
3396 2024 3451 2085 e.

1870 2095 2078 2163 publice
2106 2095 2303 2148 indicto
2331 2107 2385 2150 et
2417 2097 2756 2160 pronuntiato
2778 2097 2873 2165 die
2893 2095 3226 2156 inferiarum.

1938 2166 2358 2238 lsruseusue.
2385 2165 2448 2229 Il,
2481 2166 2591 2238 ΞΞΠ
2612 2169 2675 2231 Α,
2707 2165 2851 2237 Ignis
2875 2170 3216 2238 iuﬂabellntus
3236 2181 3326 2226 cst.

1938 2236 2303 2313 IN_FLA!IHARE.
2334 2236 2373 2301 I,
2409 2237 2542 2291 1514
2566 2236 2632 2301 Δ,
2680 2236 2769 2313 Sic
2796 2250 2843 2291 et
2870 2236 3032 2313 p'retia
3070 2241 3216 2313 rebus
3245 2244 3453 2313 inflant-

1869 2309 2043 2371 mavit,
2083 2318 2138 2360 ut
2184 2325 2237 2361 se
2280 2324 2477 2377 quoque
2509 2312 2821 2362 accenderet.
2867 2311 2939 2365 Ita
2984 2322 3038 2366 et
3082 2309 3456 2376 Plinitts’dixit

1869 2380 2086 2448 pretium
2111 2379 2402 2444 accendere,
2438 2379 2528 2433 lib.
2560 2379 2740 2444 XVIII,
2780 2380 2911 2437 llist.
2950 2381 3075 2435 Nat.

1942 2450 2155 2526 Iurasti.
2202 2450 2266 2517 ll,
2306 2449 2505 2526 96711,
2544 2449 2858 2526 Deponimus
2908 2455 3099 2523 infulas
3143 2465 3190 2509 et
3236 2457 3458 2526 impares

1871 2538 2066 2588 sumus,
2098 2523 2130 2576 i.
2162 2538 2349 2594 canus
2393 2522 2532 2587 laici,
2556 2537 2676 2576 cum
2703 2524 2769 2576 ad
2815 2522 3263 2594 penuqttationcm
3289 2522 3456 2583 disci-

1873 2594 2030 2661 plina:
2045 2592 2403 2667 sacerdotalis
2430 2608 2798 2667 provocamur,
2818 2592 3146 2666 deponimus
3175 2614 3456 2667 personam

1871 2662 2279 2736 sacerdotalem,
2308 2674 2363 2717 et
2384 2663 2496 2733 jam
2522 2663 2749 2719 dicimus
2774 2662 2916 2722 alios
2942 2684 3063 2724 esse
3104 2662 3287 2736 laicos,
3320 2662 3454 2728 alios

1874 2734 2202 2789 sacerdotes.

1946 2806 2257 2860 Ixrttscstts.
2287 2804 2352 2870 II,
2379 2804 2485 2859 203
2526 2802 2567 2860 C
2587 2847 2600 2870 ,
2632 2804 2739 2861 206
2768 2806 2833 2874 Δ,
2877 2808 3127 2878 Spiritum
3155 2810 3250 2865 Dei
3278 2813 3460 2869 delicto

1873 2876 2193 2949 infuscandi,
2222 2883 2305 2931 τοῦ
2334 2886 2588 2942 amictum,
2620 2886 2676 2930 ttt
2714 2878 2766 2931 in
2815 2876 3089 2937 Glossario
3152 2886 3455 2949 exponitur,

1875 2948 1912 3001 i.
1933 2963 1982 3001 e.
2003 2948 2217 3001 vitiaudi
2240 2949 2360 3002 labe
2381 2958 2433 3002 et
2457 2949 2853 3018 corrumpendi.
2877 2951 2939 3017 ll,
2957 2952 3064 3007 308
3092 2952 3154 3019 C,
3188 2948 3461 3020 Quantitas

1874 3029 1921 3071 ct
1948 3020 2165 3091 qualitas
2194 3020 2415 3091 muneris
2439 3020 2706 3085 iufuscabit
2732 3022 2953 3075 divitem.
2987 3023 3050 3083 Il.
3075 3026 3180 3079 808
3206 3026 3271 3091 A,
3304 3026 3462 3082 Tenes

1876 3090 2383 3169 scripturam-vluith
2422 3106 2539 3143 caro
2586 3092 2888 3160 infuscatur.
2915 3092 2983 3169 Il,
3006 3095 3115 3169 652
3154 3096 3218 3163 Λ,
3260 3090 3323 3151 Si
3361 3116 3463 3169 qua

1874 3159 2031 3237 igitur
2056 3159 2326 3212 candidum
2347 3170 2394 3237 et
2422 3177 2605 3237 parum
2630 3177 2795 3237 aerem
2821 3165 3041 3237 veritatis
3068 3159 3347 3237 infuscant.

1949 3230 2224 3309 lassatus,
2255 3246 2339 3285 res
2379 3230 2767 3309 ingenionfacta
2811 3230 3134 3309 etginventa;
3157 3242 3359 3309 εὕρημα.
3395 3240 3460 3308 Il,

181 3300 612 3375 impias'contra
660 3300 911 3372 carcere,
956 3300 1183 3375 ignibus,
1238 3300 1477 3374 gelienna
1507 3300 1769 3362 'cruciari.
1799 3310 1847 3375 C
1882 3300 2019 3356 1οτ5θ⁸
2050 3306 2113 3367 Α,
2148 3302 2400 3369 Stupuere
2425 3301 3053 3375 illicoCarthaginienses,
3082 3319 3135 3362 ut
3168 3300 3346 3363 navum
3372 3300 3461 3365 es;

181 3373 401 3447 Piarum
422 3377 781 3447 ‘receptacula
810 3377 863 3431 in
894 3373 1105 3431 recessu
1124 3373 1351 3447 quidem
1383 3377 1731 3432 subterraneo
1755 3418 1770 3445 ,

180 3445 283 3499 sed
359 3443 698 3517 inferioribus
749 3448 916 3502 multo
967 3443 1247 3516 impiar'tnn
1310 3446 1517 3517 abyssis
1587 3443 1775 3517 super-

182 3525 411 3588 structo.
436 3516 578 3571 Inter
605 3528 885 3588 utrumque
911 3530 1088 3573 autem
1138 3516 1510 3587 insuperabilis
1540 3516 1773 3572 altitudi-

184 3588 271 3658 nis
309 3586 478 3641 chaos
502 3586 863 3642 oblirmatnm.
900 3588 1071 3657 Quum
1104 3586 1273 3658 igitur
1308 3589 1358 3641 in
1384 3587 1480 3641 hac
1509 3591 1773 3645 sententia

185 3656 352 3712 fuerit
375 3658 754 3721 Tertullianus.
804 3656 935 3713 nihil
970 3669 1054 3715 est
1104 3656 1245 3726 quod
1285 3660 1369 3714 hic
1412 3661 1686 3726 miremur,
1719 3671 1773 3715 et

185 3677 352 3712 merit
385 3677 754 3721 serttnnanus.
804 3677 932 3713 num
970 3677 1054 3715 εει
1144 3677 1245 3713 uou
1286 3677 1369 3714 nte
1412 3677 1686 3726 miremur,
1719 3677 1771 3715 et

182 3728 449 3784 Lazarum
475 3739 530 3784 et
553 3730 783 3786 Ahraha:
799 3733 973 3785 sinum
990 3677 1135 3786 antu?
1160 3730 1359 3785 inferos
1381 3733 1614 3785 censeri.
1640 3732 1771 3786 Nam

185 3746 449 3784 Lazarum
475 3746 530 3784 et
553 3746 783 3786 Abrana:
799 3747 973 3785 sutum
990 3750 1016 3782 a
1065 3746 1130 3785 ua
1160 3746 1359 3785 tltleros
1381 3746 1614 3785 censeri.
1640 3746 1771 3786 Nam

185 3810 244 3880 et
287 3802 402 3871 ipse
450 3801 638 3881 eodem
668 3818 860 3881 sensu,
880 3802 969 3881 lib.
999 3746 1061 3855 dli
1083 3802 1286 3881 Anima,
1318 3804 1548 3881 adimam
1572 3802 1773 3881 Christi

185 3871 262 3923 ait
281 3886 552 3941 egressam
591 3872 658 3927 de
682 3873 923 3927 cruciﬁxi
971 3888 1197 3941 corpore
1222 3871 1289 3927 ad
1314 3872 1515 3928 inferos
1553 3871 1775 3928 descen-

186 3942 357 4008 disse,
389 3954 445 3996 ut
471 3954 747 4013 compotes
768 3944 851 3998 sui
870 3944 1069 4000 faceret
1098 3944 1454 3999 Patriarchas.
1486 3944 1589 3997 Alii
1646 3960 1775 3999 vero

186 4013 382 4086 eadem
412 4029 622 4085 quoque
666 4015 769 4069 title
813 4024 867 4069 ct
897 4016 1034 4086 apud
1074 4014 1273 4070 inferos
1314 4030 1433 4070 esse
1472 4014 1773 4084 paradisum

187 4082 489 4157 credidere,
522 4082 627 4153 quo
660 4087 850 4157 latroni
886 4082 1128 4142 Christus
1156 4086 1393 4141 condixit
1418 4103 1431 4139 :
1456 4082 1653 4140 etenim
1686 4101 1777 4157 pa-

189 4154 357 4209 radisi
395 4157 653 4227 vocabulo
679 4156 966 4227 significari
1015 4157 1227 4212 hortum
1272 4173 1366 4212 seu
1415 4165 1644 4227 pratum,
1680 4154 1775 4213 seu

190 4225 438 4295 quemvis
460 4228 619 4281 alium
654 4225 850 4284 aut—(eui
890 4227 1367 4297 refrigeriilocum,
1413 4225 1503 4282 ubi
1548 4228 1776 4283 Patriar—

190 4298 333 4362 clue,
364 4298 453 4351 tibi
492 4298 783 4363 Abraham,
818 4299 904 4352 ubi
958 4299 1143 4365 .Iacob,
1175 4299 1262 4353 tibi
1290 4300 1542 4366 Lazarus,
1562 4300 1648 4353 ubi
1691 4301 1777 4355 ille

191 4367 493 4439 delatrone
524 4369 717 4439 ﬁdelis,
746 4372 834 4425 ubi
856 4372 1015 4424 etiam
1036 4382 1325 4439 martyrum
1351 4371 1543 4425 animae
1570 4370 1776 4439 placide

192 4437 492 4513 quiescant.
523 4438 601 4513 Ac
627 4442 693 4496 de
724 4442 1045 4513 martyribus
1068 4437 1281 4507 quidem
1320 4437 1608 4510 Septimius
1649 4456 1773 4495 nos-

195 4520 279 4563 ter
322 4510 395 4564 ita
438 4512 671 4568 sensisse
718 4510 926 4567 videtur
970 4515 1022 4567 in
1059 4512 1353 4581 Scorpiace,
1381 4527 1502 4567 cum
1546 4515 1622 4566 ait
1664 4513 1777 4566 aui-

194 4594 313 4654 mas
336 4595 521 4636 eorum
544 4584 645 4654 sub
667 4584 819 4637 altari
856 4585 1161 4652 patientiam
1195 4599 1429 4654 pascere,
1487 4596 1539 4639 et
1568 4582 1776 4638 indutas

193 4650 391 4725 stolam
421 4652 700 4707 candidam
730 4650 981 4709 claritatis
1013 4650 1288 4725 usurpare.
1321 4656 1481 4722 Quasi
1512 4655 1668 4709 sedes
1688 4655 1774 4708 illa

195 4721 301 4796 sub
328 4722 517 4796 altari,
537 4730 758 4782 ὑποκάτω
786 4721 1355 4796 Owtmsptwfloanui
1384 4725 1638 4791 revelata,
1679 4741 1773 4779 no-

195 4792 345 4848 mine
370 4793 550 4849 altaris
576 4808 770 4851 terram
808 4792 1087 4867 signiticet,
1114 4812 1276 4865 super
1305 4813 1461 4866 quam
1508 4798 1778 4851 immolata

197 4872 498 4937 martyrum
520 4882 767 4937 corpora,
786 4870 949 4923 veluti
974 4883 1133 4937 super
1144 4869 1310 4923 altare
1332 4867 1780 4937 jacucrunt,unde

197 4933 439 5002 ipsorum
481 4933 671 4993 anim—ai
700 4933 758 4994 in
781 4933 1158 4995 subterraneas
1201 4933 1536 4995 amteuitates
1576 4940 1644 4992 ab
1685 4953 1781 4993 an-

194 5006 336 5074 gelis
359 5017 485 5061 sunt
534 5007 747 5077 delatae,
802 5011 889 5065 ubi
943 5011 1393 5066 resurrectionem
1444 5025 1508 5064 ac
1553 5010 1645 5064 Dei
1693 5027 1780 5064 re.

196 5092 361 5149 gnum
391 5079 787 5149 praestolamur.
819 5080 1017 5135 Moram
1048 5097 1175 5135 vero
1193 5081 1470 5148 tantulam,
1492 5080 1613 5136 licet
1635 5096 1781 5135 eom-

199 5146 447 5223 plurium
472 5165 757 5223 annorum,
792 5153 989 5207 sanctis
1038 5152 1257 5207 minime
1282 5146 1518 5223 gravem,
1565 5162 1781 5206 auertite

198 5217 389 5294 gloria:
419 5220 610 5287 llducia
638 5217 913 5294 singulari.
941 5217 1321 5279 Verumtamen
1358 5222 1673 5293 Septimium
1728 5223 1783 5277 in

202 5291 306 5344 hac
327 5295 590 5365 sententia
620 5291 805 5365 parum
833 5292 998 5349 fuisse
1026 5304 1384 5365 constantem,
1434 5291 1672 5365 arguunt
1718 5308 1783 5348 ea

202 5308 306 5344 nae
327 5308 590 5346 sententia
690 5310 805 5349 rum
833 5308 998 5349 tuisse
1026 5308 1384 5362 conStantcm,
1441 5308 1672 5365 arguunt
1718 5308 1783 5348 ea

202 5375 327 5431 qua:
356 5362 493 5416 libro
518 5363 581 5417 de
610 5308 998 5420 Risurrectione
1028 5366 1266 5420 tradidit.
1318 5364 1529 5419 Etenim
1574 5376 1784 5433 postea-

200 5449 371 5506 quam
390 5434 649 5506 probavit,
677 5451 891 5492 omnem
920 5438 1150 5491 animam
1170 5438 1309 5506 apud
1338 5434 1540 5492 inferos
1560 5451 1781 5505 seques-

201 5505 331 5557 tri-ri
361 5505 413 5557 in
444 5504 583 5559 diem
609 5506 838 5573 Domini,
871 5507 1149 5562 confestim
1178 5504 1362 5562 eximit
1386 5508 1453 5560 ab
1476 5522 1537 5562 ea
1555 5504 1782 5575 disposi-

203 5575 351 5649 tione
373 5586 663 5649 martyrum
691 5580 897 5633 animas
923 5619 939 5645 ,
973 5579 1231 5648 paradiso,
1264 5578 1450 5647 inquit,
1483 5596 1582 5633 non
1609 5578 1785 5649 inferis

202 5645 527 5719 degerssrasi
549 5648 752 5716 Quibus
778 5660 923 5705 certe
952 5645 1127 5705 verbis
1168 5645 1474 5719 paradisum
1506 5665 1624 5704 esse
1646 5645 1784 5719 apud

202 5716 408 5771 inferos
428 5730 582 5789 negat
604 5737 615 5772 :
640 5720 767 5785 etsi,
794 5721 883 5774 lib.
913 5721 975 5774 de
1002 5716 1201 5786 Anima,
1254 5721 1547 5775 secundum
1602 5716 1787 5775 lreitzei

202 5792 545 5856 sententiam,
569 5792 839 5845 Christum
869 5792 1040 5860 ipsum
1070 5793 1291 5847 dixisset
1332 5794 1501 5846 forma
1542 5793 1787 5847 humana:

203 5862 393 5914 mortis
420 5864 559 5933 apud
586 5861 785 5935 inferos
827 5864 1091 5928 functum;
1131 5878 1327 5935 eosque
1354 5862 1584 5934 superbe
1631 5862 1789 5917 nimis

204 5943 470 6003 censere,
509 5934 595 6002 qui
627 5948 734 5989 non
763 5946 1008 6002 putarent
1051 5934 1256 5991 animas
1310 5936 1542 5993 lidebant
1606 5936 1785 5991 interis

1880 3384 2108 3427 truncum
2130 3374 2485 3446 ingenium.__l,
2508 3373 2714 3446 52878,
2748 3374 2814 3428 Et
2844 3378 3084 3446 insignia.
3110 3380 3146 3432 i.
3182 3396 3233 3435 e.
3266 3397 3350 3436 res
3377 3382 3463 3436 itt-

1875 3445 2094 3514 geniose
2126 3443 2370 3520 inventas.
2388 3444 2465 3520 _II,
2629 3445 2691 3520 Β,
2720 3445 2800 3498 Ad
2812 3443 3102 3520 iniquitatis
3131 3450 3355 3520 ingenia.
3388 3460 3465 3508 ὠ-

1877 3513 2346 3592 ῥέζμταιτιηιηίῦθδ
2372 3513 2605 3592 ‘B,_Sine
2642 3517 2868 3592 ingeniis
2911 3520 3124 3574 decoris.
3159 3513 3209 3589 1,
3235 3524 3372 3579 1519
3400 3525 3462 3592 C,

1879 3586 2013 3652 Quia
2060 3586 2232 3661 gloria
2267 3586 2585 3661 etallatianis
2625 3589 2890 3661 ingenium
2934 3601 3025 3645 est.
3074 3593 3113 3656 Ι,
3147 3586 3252 3649 625
3282 3596 3348 3661 Α,
3399 3586 3464 3650 Ei

1876 3672 2024 3731 autne
2050 3657 2310 3724 carniﬁcis
2331 3656 2591 3731 ingeniam
2617 3658 2668 3711 in
2692 3656 2971 3716 iormentis.
3003 3661 3066 3728 II,
3100 3663 3205 3718 668
3242 3666 3304 3731 Β,
3335 3656 3462 3721 Non

1876 3729 2008 3806 enim
2038 3732 2262 3806 membra
2304 3742 2421 3806 sunt
2456 3728 2755 3806 substantia:
2806 3732 3065 3797 animalis,
3106 3735 3197 3787 sed
3233 3728 3458 3806 ingenia,

1878 3798 1917 3875 i.
1936 3800 2166 3875 re._vires
2187 3797 2516 3875 _et_e_ftica_ci;e
2546 3810 2598 3875 et
2630 3815 2829 3869 operm,
2852 3812 2907 3855 ut
2935 3808 3088 3857 antea
3110 3797 3372 3875 exposuit.
3401 3797 3463 3875 ΙΙ,

1876 3869 1981 3925 986
2006 3870 2064 3935 Β,
2090 3869 2196 3925 Sed
2222 3869 2399 3923 viderit
2420 3871 2673 3939 ingenium
2696 3869 3465 3934 extraordinarium;Extraor;

1876 3939 2140 4016 dinarium
2177 3939 2470 4016 instrietus
2520 3941 2790 4016 ingenium
2836 3944 3003 4014 dicit,
3052 3948 3194 4016 quod
3243 3951 3465 4007 minimo

1877 4013 2125 4066 convenit
2169 4010 2497 4079 Christiano,
2540 4010 2678 4082 quod
2710 4023 2791 4069 cst
2828 4010 2997 4070 .extra'
3034 4010 3276 4074 ordinem
3322 4024 3465 4077 chri-

1877 4084 2064 4156 stiana:
2088 4081 2762 4156 disciplima.puniit-mam
2786 4088 3083 4156 sequentia.

1953 4152 2220 4209 laossrus.
2256 4152 2317 4219 ΙΙ,
2342 4153 2542 4226 855A,
2577 4154 2839 4226 Numquid
2863 4152 2926 4212 ab
2962 4160 3357 4219 immortalitatis
3383 4164 3465 4218 in-

1878 4235 2040 4295 gesta,
2076 4226 2111 4279 i.
2140 4240 2191 4280 e.
2221 4224 2716 4293 superindmnento.

1949 4295 2221 4375 lucustis.
2255 4295 2317 4375 I_l,
2347 4296 2573 4375 aliut},
2607 4296 2885 4375 interdum
2918 4311 2965 4355 et
3000 4318 3063 4356 ea:
3090 4304 3309 4375 alicujus
3350 4308 3468 4361 boni

1879 4370 2046 4450 aperis
2091 4368 2331 4439 ingratia.
2361 4366 2403 4433 I,
2440 4367 2578 4423 1250
2606 4370 2674 4434 Α,
2716 4369 2905 4424 Viderit
2950 4388 3071 4443 ergo
3120 4366 3345 4446 iugi-alia
3375 4380 3467 4434 lto-

1879 4454 1980 4491 mm
1988 4456 2088 4492 um.

1951 4510 2212 4577 INGRATIS,
2245 4510 2426 4576 invite,
2446 4511 2704 4583 ἀκουσίως,
2730 4512 2881 4583 quasi
2910 4528 3002 4583 per
3026 4516 3150 4571 vim.
3182 4516 3226 4582 l,
3264 4516 3370 4573 284
3399 4520 3459 4583 Β,

1880 4581 1986 4657 sint
2024 4583 2235 4657 ingratis
2266 4582 2535 4657 necessitas
2575 4581 2796 4657 obsequii
2833 4581 3141 4657 praeferatur
3165 4589 3382 4643 veritati.
3417 4581 3456 4657 Ι,

2015 4652 2082 4718 Α,
2114 4652 2336 4727 [ngratis
2358 4654 2632 4727 experieris
2652 4652 2957 4709 conditionii
2988 4668 3089 4711 tua:
3118 4658 3298 4727 legem,
3335 4661 3369 4714 i.
3403 4652 3455 4715 e'.

1802 4704 1856 4764 Β
1884 4704 2218 4797 ξιφιῖβῑίιριῖξ,
2334 4704 2667 4797 nioi'iendmn
2697 4735 2751 4779 et
2793 4704 3194 4797 resurgendum,
3211 4704 3315 4784 erit

1884 4794 1946 4868 11,
1974 4794 2078 4868 211
2108 4794 2173 4868 Α,
2218 4795 2545 4868 suspiciones
2589 4812 2707 4849 suas
2747 4794 2971 4868 ingratis
3002 4799 3186 4867 fulcire
3227 4813 3461 4859 conatur.

1881 4864 1945 4940 11,
1981 4866 2191 4940 14513,
2226 4866 2326 4919 Aut
2371 4866 2583 4936 ingratis
2628 4864 2934 4935 luminasus,
2972 4864 3011 4923 i.
3045 4884 3097 4925 e.
3147 4873 3308 4940 male,
3352 4890 3470 4928 ma-

1885 4937 2047 5007 ligne,
2081 4937 2148 4991 de
2173 4951 2409 4991 carcere.

1957 5008 2253 5083 lucnessus.
2285 5008 2351 5083 _|I,
2385 5007 2487 5063 7M
2516 5008 2581 5075 A,
2612 5006 2858 5080 Legitima
2887 5011 3166 5068 nativitatis
3192 5013 3349 5083 ferme
3385 5016 3472 5069 de-

1884 5080 2003 5153 cimi
2050 5081 2255 5153 mensis
2280 5080 2534 5153 ingressus
2580 5091 2672 5145 est,
2704 5083 2742 5137 i.
2783 5097 2834 5137 e.
2866 5097 2987 5138 cum
3018 5080 3201 5153 partus
3230 5101 3469 5143 mensem

1884 5148 2153 5204 decimum
2178 5151 2286 5219 agit
2316 5148 2365 5203 in
2391 5160 2563 5205 utero.

1955 5221 2270 5277 Iacusrsns.
2314 5220 2378 5286 II,
2412 5220 2514 5276 156
2550 5222 2610 5285 C,
2643 5220 2708 5276 Et
2739 5221 2887 5276 Latio
2916 5224 2970 5277 in
3014 5225 3314 5281 hodiernum
3357 5228 3474 5283 Jovi

1884 5294 2051 5365 media
2079 5294 2133 5346 in
2158 5292 2277 5345 urbe
2304 5292 2555 5365 humanus
2581 5295 2790 5363 sanguis
2816 5296 3122 5365 ingustatur.
3374 5348 3389 5361 ,

1956 5362 2283 5430 Ικιιηιτλιιι,
2334 5363 2503 5439 indui,
2553 5362 2888 5439 vestimento'
2919 5381 3060 5439 esse.
3116 5368 3179 5434 ll,
3225 5369 3363 5427 1059
3407 5372 3469 5439 Β,

1889 5434 2119 5501 Quarum
2149 5452 2267 5507 pars
2300 5435 2569 5507 gentilitas
2616 5436 2985 5507 inltabitantur.
3014 5436 3080 5502 Il,
3124 5440 3235 5494 2i?)
3270 5442 3336 5507 A,
3367 5434 3473 5497 Sed

1883 5506 2176 5560 inhabitari.
2233 5505 2314 5560 Ad
2352 5506 2569 5561 verbum
2616 5510 2774 5561 vertit
2814 5506 2945 5563 illud
2992 5508 3063 5564 ts.
3112 5509 3251 5567 XLV
3284 5505 3475 5570 aliud

1889 5583 1972 5631 καὶ
1996 5580 2244 5640 οἰιιιῖσοιι,
2281 5586 2331 5629 ut
2352 5576 2775 5630 inhabitarentur.

1962 5648 2247 5703 lausuae.
2278 5648 2317 5715 Ι,
2349 5649 2453 5704 115
2477 5649 2544 5708 Α,
2576 5649 2673 5713 Qui
2717 5648 2823 5703 aris
2860 5651 3151 5708 inhalantes
3193 5670 3377 5709 numen
3412 5656 3476 5711 tle

1892 5720 2067 5773 nidore
2112 5721 2418 5779 concipiunt.
2460 5720 2584 5772 Tale
2616 5721 3012 5775 vaticinatitmis
3036 5726 3342 5791 exemplum
3386 5743 3475 5781 sa-

1890 5793 2258 5865 crzeAhistoriaa
2291 5791 2524 5865 prmbent
2551 5793 2598 5841 iu
2625 5790 2898 5865 Balaamo,
2927 5792 3083 5865 Nunt.
3118 5790 3302 5864 XXIII,
3341 5800 3391 5865 1,
3414 5799 3469 5863 2,

1892 5862 1945 5940 ὃ.
1978 5860 2115 5940 Quin
2147 5863 2257 5940 ipse
2284 5860 2472 5929 Apollo
2504 5871 2657 5931 negat
2685 5860 2965 5921 vaticinari
2991 5879 3049 5921 se
3080 5880 3238 5934 posse
3268 5860 3472 5940 absque

1893 5932 2343 6005 thytttiatttutibus.
