4184 6496
716 412 856 473 1⁸519

1682 409 1892 469 INDEX
1933 404 2362 467 LATINITATIS
2404 404 2990 465 TERTULLIANEZE.

3861 402 3886 459 1
3897 401 4007 459 3‘30

782 534 1130 590 INHONESTAS.
1172 531 1235 599 11,
1266 532 1366 589 ’551
1392 530 1457 595 Β,
1503 529 1597 585 611
1654 528 1698 586 Λ
1725 572 1738 593 ,
1787 530 1938 583 Omni
1986 532 2298 583 inltonestate
2324 528 2372 588 Α
2404 527 2611 593 ﬁrmas,
2655 528 2688 580 i.
2726 542 2775 581 c.
2807 527 2849 579 si
2884 523 3152 599 irascaris.
3185 522 3244 591 1,
3300 522 3434 578 128i
3465 520 3529 587 Λ,
3564 520 3626 575 Et
3646 536 3757 589 qua:
3788 520 4011 590 Delphis

714 614 996 675 prostratus
1022 605 1316 665 cauebatur,
1346 604 1381 659 i.
1409 618 1459 675 Ac.
1489 602 1845 675 delorttiitate.

784 676 1129 732 lanonesrus.
1165 675 1227 741 11,
1260 675 1365 729 772
1392 673 1456 729 A.
1484 673 1814 728 Contuntclite
1843 675 2162 727 inhonestam
2189 687 2299 725 ear-

712 764 825 801 nem
857 750 1150 812 probavere,
1179 746 1215 801 i.
1245 760 1295 802 c.
1324 745 1647 800 deformem.

782 819 1030 875 lauoaoa.
1062 819 1127 886 ll,
1153 818 1256 875 108
1285 817 1345 883 Β,
1378 816 1459 871 Ad
1484 816 1866 871 contestamlum
1896 825 2061 869 autem
2084 815 2297 868 inhono-

710 906 792 944 res
816 891 980 944 illum.

782 961 1142 1017 lNIIONORMtE.
1175 960 1238 1026 11,
1269 959 1375 1016 595
1396 957 1457 1026 C,
1491 957 1890 1013 Inltonorabitur
1920 959 2016 1021 vir,
2040 958 2211 1027 utique
2240 956 2299 1009 ob

713 1033 1043 1086 substantiam
1069 1032 1400 1095 honorabilis,
1436 1034 1471 1085 i.
1502 1046 1553 1086 c.
1588 1034 1790 1085 honore
1823 1048 1919 1085 suo
1956 1032 2295 1083 destitnclnr.

712 1102 776 1166 11,
806 1103 910 1158 808
939 1104 1001 1171 Β,
1035 1104 1102 1161 Ut
1145 1103 1312 1158 carnis
1354 1120 1454 1157 non
1500 1113 1664 1155 tamen
1715 1102 1995 1156 substantia
2039 1100 2125 1153 setl
2159 1109 2301 1152 actus

711 1174 1060 1230 iit/tonoretur.

784 1245 1104 1302 lNllUMANUS.
1138 1244 1201 1311 ll,
1240 1244 1374 1301 1047
1406 1244 1472 1307 Α.
1510 1243 1577 1300 Ut
1609 1261 1672 1299 ex
1700 1260 1799 1298 uno
1826 1244 2149 1315 circumjcctn
2186 1241 2301 1315 licet

713 1318 942 1389 equidem
973 1334 1219 1389 nusquam
1254 1318 1553 1389 inhumano.
1582 1316 1760 1371 Latin.
1791 1316 1938 1386 legit,
1970 1314 2151 1371 licente
2190 1314 2302 1381 qui-

712 1386 830 1460 dem
858 1386 1114 1460 nusquam
1138 1387 1410 1460 inurbano.

787 1455 1044 1515 lusacrio.
1076 1459 1138 1525 Il,
1173 1460 1237 1514 17
1268 1459 1336 1524 Α,
1366 1458 1743 1529 Sollicitudinis
1770 1458 1993 1529 injectio.
2027 1455 2090 1520 11,
2120 1455 2190 1511 ‘28
2231 1455 2297 1520 Α,

715 1527 877 1596 Quasi
905 1547 1008 1585 non
1048 1531 1194 1585 liccat
1244 1528 1475 1585 omnibus
1524 1531 1658 1584 male
1695 1527 1996 1585 examinatis
2032 1528 2303 1595 injectione

711 1602 932 1673 alicujus
954 1602 1085 1673 ntali
1110 1603 1391 1673 impingere
1413 1618 1500 1671 per
1524 1618 1765 1666 errorem,
1787 1609 1869 1656 est
1896 1614 2052 1670 grate.
2080 1605 2294 1673 iatEo).r:.

711 1669 778 1743 11,
807 1669 914 1727 2Ἷο
937 1672 1002 1740 C,
1035 1672 1154 1726 Nisi
1183 1669 1376 1727 steteris
1404 1669 1599 1743 quoque
1619 1669 1913 1743 injectionis
1926 1673 2035 1740 ejus
2057 1670 2302 1743 elidendis

712 1741 856 1825 locus
885 1744 1053 1799 detur.
1086 1743 1153 1806 11,
1179 1744 1286 1801 206
1312 1746 1378 1823 ᾼ,
1416 1741 1529 1798 Sua
1567 1741 1856 1825 injectionc,
1888 1752 2095 1825 itacui},
2123 1741 2303 1825 timere-

714 1813 862 1885 t_ione
882 1830 977 1871 seu
989 1826 1305 1885 argumento
1322 1814 1374 1869 in
1394 1810 1720 1870 contrarium
1739 1825 2007 1885 contorto.
2022 1810 2092 1885 ill,
2105 1811 2223 1885 41790
2237 1810 2297 1885 Β,

712 1883 823 1959 Sed
845 1889 1013 1943 ethazc
1032 1882 1245 1959 injectio
1273 1902 1516 1959 eorum...
1530 1886 1647 1957 jam
1670 1897 1840 1942 retusa
1870 1895 1961 1941 est.
1995 1884 2058 1947 Il,
2101 1882 2298 1959 708i},

711 1953 741 2031 ζ
751 1955 874 2031 llam
889 1974 1003 2015 vero
1020 1953 1325 2031 (Ileleuam)
1338 1953 1657 2031 injectionem
1673 1976 1817 2013 suam
1833 1958 2069 2031 primam.
2093 1954 2184 2031 (ita
2193 1953 2302 2007 rius

714 2024 992 2099 Justinus:
1026 2024 1250 2099 primam
1282 2024 1566 2098 quamdam
1599 2024 1843 2084 mentem'
1859 2044 1955 2083 seu
1999 2024 2301 2099 intelligen-

716 2098 865 2154 tiam.
883 2097 1242 2159 lremmentis
1268 2097 1674 2171 cenceptionem
1694 2110 1913 2155 matrem
1931 2097 2190 2159 omnium,
2208 2112 2302 2166 per

715 2184 875 2243 quam
909 2173 1059 2229 initio
1086 2183 1265 2229 mente
1284 2172 1531 2243 concepit
1557 2173 1776 2243 angelos
1804 2172 1977 2225 facere
2003 2180 2055 2223 et
2074 2172 2302 2243 archan-

714 2242 955 2316 gelole,
994 2244 1132 2301 1005
1162 2245 1223 2313 Β,
1256 2241 1511 2312 Quoniam
1546 2241 1648 2297 non
1675 2241 2302 2316 ignoramus_injectiones

713 2312 846 2389 ciu},
868 2318 920 2371 οὗ
933 2323 1027 2389 γὰρ
1042 2319 1190 2389 ebeni}
1210 2312 1273 2372 ea
1289 2312 1799 2389 ηοπζμαιτιᾴγνςοῦῇιεν,
1820 2332 1881 2369 ex
1904 2314 2081 2389 Πρω.
2096 2354 2110 2377 ,
2130 2312 2192 2375 ΙΙ,
2219 2314 2297 2365 11.

788 2385 1048 2443 lutosae.
1080 2388 1144 2455 11,
1183 2388 1254 2444 54
1282 2387 1344 2454 C,
1372 2406 1423 2441 η.
1459 2385 1560 2458 (6),
1592 2388 1668 2458 nlui
1698 2398 1905 2458 utroque
1930 2385 2188 2458 Cltristunt
2217 2399 2301 2458 rc-

716 2458 1041 2531 preltensioni
1069 2454 1481 2531 injicientes._ll_,
1512 2454 1712 2531 189ΑΑ,
1749 2454 1859 2531 ec
1890 2454 2041 2523 pudet
2072 2455 2187 2531 illos
2222 2456 2304 2506 in-

709 2524 893 2595 jicere,
920 2531 955 2586 i.
988 2546 1037 2585 e.
1069 2524 1250 2585 ὺῦοιῐν.
1279 2529 1344 2595 ll,
1377 2528 1481 2583 708
1511 2528 1570 2594 Β,
1605 2527 1718 2595 Qua
1758 2526 1997 2595 injecerat
2022 2524 2229 2595 angelos
2256 2534 2303 2577 et

715 2601 1052 2673 archaugelos
1077 2601 1311 2666 condere,
1338 2601 1374 2654 i.
1406 2616 1455 2655 e.
1489 2610 1670 2673 mente
1700 2607 2044 2667 conceperat.
2077 2596 2306 2666 Exponit

712 2672 968 2743 sequens,
992 2674 1145 2741 huius
1172 2689 1283 2728 eam
1306 2672 1561 2743 propositi
1582 2680 1887 2743 compotem.

808 2738 1329 2800 atareapaenutus.
1358 2738 1435 2810 ΙΙ,
1467 2742 1573 2799 561
1606 2738 1830 2807 Α,⁷ιιοο
1867 2740 1975 2793 solo
2005 2738 2307 2810 ininterpre—

713 2817 855 2871 tabili
880 2818 1099 2870 nomine.

788 2887 1235 2952 lutuveu'nutus,
1268 2890 1633 2958 ἀνιξερεΰνηοτος.
1684 2884 1763 2953 ll,
1793 2883 1898 2940 2'53
1953 2881 2023 2939 Β.
2071 2880 2310 2937 lninven-

717 2957 880 3029 tibilia
899 2958 1103 3028 judicia
1139 2959 1270 3029 ejus.

788 3024 1287 3097 lataresrtesnius,
1310 3032 1678 3099 ἀνεξιχνίαστοι.
1707 3027 1751 3084 ll
1771 3070 1783 3095 ,
1806 3027 1913 3084 258
1937 3026 2007 3094 Β,
2038 3024 2309 3082 lninvesti-

714 3100 905 3173 gabiles
930 3102 1024 3173 vite
1042 3103 1171 3173 ejus.

788 3171 954 3227 lNIltE.
988 3170 1074 3238 11,
1096 3173 1203 3228 893
1230 3172 1302 3234 C.
1336 3171 1502 3244 Igitur
1537 3188 1662 3244 quas
1690 3189 1793 3226 non
1841 3170 2008 3223 divisit
2061 3170 2306 3244 tacendo,

704 3243 771 3296 'in
793 3244 954 3297 altera
977 3244 1108 3297 iniit.
1143 3241 1621 3313 Recliusvlcgilur,
1644 3242 1800 3313 igitur
1825 3258 1950 3311 quas
1972 3257 2070 3294 non
2099 3241 2268 3313 divisit
2290 3281 2304 3303 ,

2404 600 2660 652 insaniunt
2680 640 2694 663 ,
2724 599 2908 650 nubere
2938 598 3183 649 nesciunt.

2474 670 2803 725 INSCRIBERE.
2836 669 2899 733 ll,
2938 667 3041 723 504
3069 667 3141 731 C,
3172 666 3278 721 Sed
3318 667 3426 736 ipse
3466 666 3685 719 nmnrlus
3726 665 4010 731 inscriptus

2402 753 2505 805 est,
2538 742 2653 794 scil.
2707 742 2809 794 hoc
2856 739 3182 794 testimonio.
3229 739 3424 793 Sens.:
3474 738 3745 790 Catholica
3806 737 3891 789 illa
3956 743 4013 788 et

2401 828 2609 866 summa
2641 812 2732 865 Dei
2766 812 2973 864 bonitas
3013 812 3265 879 inscripta
3320 819 3402 863 c~t
3452 808 3502 861 in
3552 809 3733 862 mutuli
3786 806 4010 859 tabulis.

2402 884 2477 949 ll,
2520 884 2624 938 ’714
2672 883 2714 937 Α
2736 924 2750 947 ,
2794 881 2920 935 Cum
2947 892 2991 935 et
3022 883 3129 951 [ato
3148 884 3263 951 jam
3289 880 3611 935 inscribitur.
3664 880 3697 933 i.
3729 892 3777 932 c.
3812 893 4011 932 accen-

2403 969 2572 1009 δΟΙΙΙΓ.

2477 1027 2842 1080 Ικςαιιιιιτυηλ.
2908 1023 2983 1087 ΙΙ,
3033 1024 3137 1079 58⁵3
3182 1024 3256 1087 Λ,
3308 1021 3471 1077 Nobis
3511 1023 3647 1077 enim
3691 1023 4009 1091 inscriptum

2403 1099 2555 1163 liuius
2583 1100 2817 1160 seminis,
2845 1103 3044 1166 εῃραρή
3067 1138 3081 1161 ,
3116 1111 3216 1166 qua
3248 1096 3484 1164 inscripti
3530 1111 3715 1148 sumus
3744 1096 3810 1147 ad
3860 1096 4007 1147 salu-

2406 1182 2510 1221 tem
2541 1169 2591 1222 in
2626 1169 2725 1221 hoc
2752 1169 2968 1220 animali
3008 1182 3207 1231 censu,
3251 1174 3307 1220 ut
3336 1178 3461 1221 ante
3513 1168 3725 1219 diccbat
3792 1175 4002 1219 auctor.

2405 1241 2585 1307 Itaque
2620 1240 2936 1308 inscriptum
2971 1237 3133 1308 hujus
3176 1236 3400 1294 seminis
3444 1246 3528 1293 est
3573 1238 3751 1307 regula
3783 1237 4006 1291 animali

2404 1311 2597 1364 semini
2627 1313 2944 1380 praestituta.

2481 1378 2799 1447 lxsec'uron,
2854 1389 3185 1451 persecutor.
3242 1379 3294 1442 1,
3342 1378 3449 1435 29b
3502 1380 3578 1443 A,
3628 1378 3777 1433 Tales
3808 1396 4012 1450 semper

2405 1454 2547 1507 nobis
2576 1453 2901 1517 insecutores,
2936 1453 3132 1521 iniusti,
3168 1453 3334 1521 impii,
3363 1463 3548 1520 turpes.

2480 1524 2757 1579 lNSERERE.
2785 1523 2824 1577 ll
2846 1564 2861 1589 ,
2891 1524 2989 1577 581
3025 1527 3061 1577 Λ
3093 1565 3107 1588 ,
3142 1524 3204 1576 In
3235 1540 3380 1593 quem
3413 1534 3553 1576 tanta
3587 1522 3792 1576 licentia
3822 1523 4011 1577 Jesutn

2406 1598 2652 1650 inserunt.
2685 1594 3038 1649 Valentiniani
3087 1598 3327 1650 inserunt
3353 1594 3534 1649 .lcsum
3583 1596 3729 1647 illum
3795 1612 3863 1649 ex
3896 1611 4013 1648 om-

2406 1668 2552 1723 nium
2582 1682 2794 1720 :conum
2826 1665 3176 1721 dclloratione
3223 1674 3560 1721 constantem
3610 1668 3861 1719 Sotcrem
3887 1707 3904 1729 ,
3958 1668 4009 1720 in

2405 1738 2688 1793 animalem
2746 1737 3005 1805 demiurgi
3060 1737 3363 1799 Christum,
3428 1736 3663 1790 fertilem
3730 1738 4008 1792 Christum

2406 1815 2835 1873 ennstittientcs,
2885 1818 2939 1863 et
2989 1823 3176 1864 semen
3227 1808 3466 1878 Spiritalc
3508 1808 3696 1864 eodem
3756 1809 3924 1863 modo
3956 1810 4009 1863 in

2407 1882 2639 1935 animale
2664 1880 2961 1936 infuleiunt.

2480 1953 2846 2007 lx~occscexs.
2876 1951 2914 2005 ll
2937 1994 2952 2016 ,
2982 1950 3087 2006 7350
3115 1950 3157 2005 Β
3180 1992 3195 2017 ,
3226 1950 3439 2007 Uterum
3470 1951 3532 2005 de
3552 1952 3633 2004 die
3657 1951 3707 2004 in
3741 1952 3879 2005 diem
3926 1952 4009 2005 iu-

2407 2026 2728 2078 soleseentem
2752 2066 2765 2089 ,
2800 2027 2834 2078 i.
2865 2039 2913 2078 ει.
2953 2023 3384 2093 protuberantem
3414 2033 3469 2078 et
3509 2039 3659 2078 more
3688 2039 3793 2076 non
3846 2024 4009 2077 solito

2406 2097 2823 2165 prmninentem.
2858 2095 2934 2159 ΙΙ,
2966 2096 3070 2151 700
3101 2096 3174 2161 Β,
3215 2095 3484 2165 Tanquam
3528 2107 3739 2149 tonsura
3788 2096 4010 2148 insoles-

2407 2180 2563 2221 eenus
2592 2171 2785 2238 generis
2812 2169 3040 2221 Immani.

2479 2237 2777 2304 lasrnrta,
2814 2240 3038 2303 instans,
3068 2239 3389 2308 persecutio.
3423 2239 3463 2302 l,
3499 2237 3635 2292 126?;
3664 2237 3725 2301 Β,
3760 2237 4012 2302 Quotiens

2407 2310 2649 2363 instantia
2676 2313 2784 2380 ejus
2811 2312 3028 2364 deterior
3066 2314 3203 2379 faeta
3234 2319 3305 2364 est
3334 2311 3678 2380 caussissnis.
3704 2309 3724 2363 1
3751 2351 3766 2375 ,
3788 2308 3892 2364 651
3932 2309 3974 2362 Β
3992 2349 4007 2373 ,

2408 2382 2508 2433 Aut
2538 2379 2780 2433 instantia
2807 2382 3115 2451 qutestionis.
3166 2381 3239 2447 ll,
3272 2380 3374 2436 718
3404 2381 3445 2435 Β
3467 2423 3482 2447 ,
3520 2379 3775 2435 Instantia
3822 2382 4013 2434 divina:

2409 2453 2588 2520 gratitv
2613 2453 2792 2506 victus.

2485 2521 2841 2595 lxsrsunane,
2863 2522 2932 2589 11,
2977 2523 3083 2579 565
3120 2524 3196 2591 C,
3252 2525 3335 2581 Ex
3384 2525 3689 2595 Apostolieis
3740 2523 3917 2577 Lucas
3964 2533 4011 2577 et

2410 2591 2621 2667 Marcus
2648 2591 2968 2667 instaurant,
2994 2596 3029 2651 i.
3053 2613 3102 2651 e.
3136 2598 3405 2652 instruunt
3431 2591 3483 2651 et
3511 2604 3717 2667 parant.
3744 2595 3911 2658 I'lin.,
3944 2595 4008 2649 ll.

2411 2665 2500 2733 ’Νη
2529 2665 2620 2719 lili.
2650 2666 2822 2721 XXXI
2846 2710 2860 2733 ,
2888 2682 3007 2736 cap.
3027 2668 3068 2720 .2
3097 2686 3108 2721 :
3147 2668 3221 2721 .11.
3251 2669 3424 2723 Cicero
3451 2665 3721 2720 Academia
3753 2683 3850 2720 sua
3898 2684 4008 2719 mo-

2410 2747 2703 2789 numentum
2734 2740 2826 2792 sibi
2875 2738 3244 2793 instauraverat
3268 2782 3283 2806 ,
3317 2756 3407 2793 ceu
3435 2755 3547 2793 rero
3571 2756 3670 2793 non
3713 2748 3760 2791 et
3821 2740 3875 2791 in
3910 2748 4009 2793 toto

2412 2817 2662 2861 terrarum
2684 2810 2802 2863 orbe
2830 2810 3046 2879 fecisset.

2482 2879 2818 2953 I_NSTITL‘ERE.
2846 2882 2906 2946 ΙΙ,
2933 2883 2995 2937 51
3018 2881 3058 2936 D
3074 2923 3090 2948 ,
3113 2899 3165 2936 n.
3189 2880 3267 2953 (7)
3288 2880 3610 2944 .‘Necessitas
3630 2881 4009 2946 instituit;sub-

2410 2950 2535 3025 and.
2566 2968 2669 3007 eos.
2704 2954 2796 3007 Est
2832 2956 2975 3009 enim
3026 2950 3356 3010 'l‘ertulliauo
3392 2954 3595 3025 ellipsis
3636 2954 4008 3008 antecedentis

2410 3021 2859 3091 frequentissima.
3051 3084 3055 3087 ,

2484 3093 2805 3151 ΙΝετιτυτιο.
2866 3094 2915 3160 Ι,
2952 3094 3059 3151 576
3094 3098 3169 3161 Α,
3213 3096 3623 3151 lnstittttiouibtts
3657 3096 3850 3165 pravis.
3900 3094 4004 3149 lla-

2412 3179 2556 3218 vcrc.
2594 3169 2706 3221 vult
2756 3169 2981 3235 spectari
3017 3167 3098 3222 his
3131 3169 3306 3223 verbis
3358 3185 3387 3223 a
3427 3168 3755 3223 Tertulliani:
3792 3167 4006 3220 (iubetis

2418 3237 2682 3309 tabulam,
2718 3238 2807 3291 ubi
2857 3239 2939 3291 ba:
2964 3253 3139 3307 prava:
3183 3242 3573 3305 institutiones,
3610 3239 3809 3309 quibus
3848 3238 4005 3291 homo

718 3316 931 3368 tacendo
964 3314 1281 3378 inalteravit,
1336 3316 1373 3368 i.
1420 3307 1472 3369 οἶ
1519 3307 1707 3368 indidit
1759 3307 1945 3376 alteri,
1997 3311 2305 3380 conjunxit,
2337 3317 2382 3382 ρ
2419 3307 2888 3371 circumscribitur,
2915 3310 2947 3361 i.
2978 3327 3023 3362 e.
3053 3307 4001 3382 fallitur;suntiam,vgbwbomrast'a,

717 3386 987 3452 contudit,
1024 3394 1081 3439 ut
1104 3387 1216 3454 jam
1244 3385 1404 3440 ambo
1448 3400 1551 3438 una
1584 3395 1795 3448 essent,
1839 3398 1902 3437 ac
1948 3398 2069 3437 sese
2124 3390 2308 3436 nmmo

717 3458 1073 3513 continerent.
1106 3456 1223 3527 Ipse
1252 3456 1410 3526 paulo
1432 3465 1586 3526 post:
1614 3457 1655 3508 Α
1677 3456 1890 3509 muliere
1912 3470 2012 3508 non
2032 3454 2306 3523 separavit,

719 3538 769 3582 et
798 3544 897 3582 non
920 3526 1208 3598 separando
1233 3528 1501 3598 coniungit
1522 3528 1567 3581 ei
1583 3568 1596 3589 ,
1627 3543 1658 3598 a
1678 3543 1777 3598 qua
1804 3543 1903 3579 non
1934 3526 2204 3598 separauit.

791 3596 1026 3654 meum.
1058 3597 1131 3663 11,
1160 3599 1267 3655 815
1293 3598 1373 3663 Β,
1421 3597 1569 3652 Nihil
1607 3596 1749 3651 aliud
1787 3613 1871 3661 se,
1919 3613 2071 3663 quant
2111 3596 2311 3651 inludia

719 3669 1007 3725 animarunt
1032 3669 1403 3725 sontuiaturum
1424 3711 1439 3737 ,
1484 3669 1520 3723 i.
1552 3683 1604 3723 e.
1638 3666 1911 3723 illusioncs
1940 3668 2172 3721 manium
2196 3706 2210 3733 ,
2255 3668 2309 3722 in

725 3741 984 3797 ultionem
1035 3742 1284 3796 inimicos
1327 3756 1453 3797 suos
1485 3738 1754 3812 parricidii
1813 3745 2061 3794 auctores
2124 3738 2308 3808 exagi-

716 3812 963 3873 tantium.

793 3884 1205 3950 laoccmcaru,
1251 3883 1566 3953 obsequium
1618 3881 1908 3951 obiectum.
1960 3879 2041 3948 Il,
2076 3881 2176 3938 401
2229 3881 2306 3949 Β,

723 3953 825 4020 Qui
853 3965 899 4009 et
928 3955 1317 4010 iuobedientiam
1346 3956 1450 4009 illis
1481 3954 1783 4023 exprobrare
1803 3962 1990 4023 posset.

793 4023 1239 4082 lnonscuastuus.
1288 4024 1327 4080 ll
1350 4068 1365 4093 ,
1398 4025 1502 4081 652
1532 4026 1573 4080 Α
1596 4067 1611 4092 ,
1662 4024 1851 4079 Manili
1894 4034 1942 4077 et
1980 4024 2089 4079 illic
2126 4024 2311 4079 divina:

720 4096 1158 4152 determinatiouis
1183 4097 1541 4152 inobscurabili
1568 4098 1767 4166 regula.

794 4168 1183 4234 luorncrosus,
1214 4184 1336 4223 cum
1358 4164 1639 4239 genitivoﬁ
1663 4168 1712 4233 Ι,
1755 4167 1863 4222 435
1890 4165 1929 4219 Α
1960 4207 1975 4232 ,
2010 4164 2308 4238 lnoﬂiciosa

722 4239 854 4308 ejus,
883 4256 1054 4308 graeca
1078 4240 1296 4295 locutio.

793 4309 1138 4367 laouzscenc.
1165 4310 1220 4378 l,
1265 4309 1405 4367 1969
1431 4309 1501 4375 Β,
1532 4309 1657 4364 Cum
1687 4308 1843 4363 cineri
1867 4317 1913 4362 et
1933 4322 2079 4362 sacco
2121 4309 2307 4365 inoles-

721 4382 821 4446 cit,
856 4383 890 4435 i.
934 4399 986 4437 c.
1023 4382 1365 4439 assuetudine
1419 4381 1783 4451 ptenitentiam
1839 4379 2151 4451 fmniliarcm
2206 4382 2305 4436 sibi

723 4452 984 4526 redditet
1020 4469 1157 4526 pene
1186 4450 1500 4526 naturalem.
1548 4452 1835 4526 Desumpta
1882 4450 2192 4526 metaphora
2238 4453 2307 4507 ab

722 4522 1040 4589 arboribus,
1067 4540 1209 4594 quae,
1239 4524 1412 4579 insita:
1444 4524 1494 4577 iu
1525 4523 1656 4577 alias
1677 4523 1898 4576 arbores
1924 4531 1976 4577 ct
2004 4522 2303 4589 inoculatzc,

723 4594 846 4650 cibo
894 4606 949 4650 et
990 4597 1247 4650 alimento
1300 4603 1615 4649 assuescunt
1670 4607 1763 4662 per
1808 4602 2053 4647 truncum
2112 4594 2306 4648 educto

721 4677 778 4719 et
805 4676 1049 4723 attracto.
1088 4666 1139 4733 Ι,
1190 4666 1298 4722 486
1330 4667 1403 4734 Α,
1449 4664 1695 4721 Omnibus
1734 4663 1864 4717 vitiis
1916 4673 1961 4717 et
2010 4664 2307 4719 criminibus

721 4737 947 4793 inolevit.

795 4807 1025 4865 laoaane
1044 4850 1058 4874 ,
1085 4823 1147 4865 os
1171 4808 1256 4864 vel
1287 4822 1433 4863 oram
1465 4808 1747 4862 instruere.
1782 4804 1846 4873 ll,
1865 4804 1970 4862 8l5
1996 4805 2067 4874 Β,
2094 4806 2307 4865 Coronis

721 4895 919 4951 quoque
933 4881 1176 4951 potatoris
1205 4880 1282 4934 sui
1311 4879 1607 4951 inarabitur.

796 4948 1229 5007 laeatscres'm.
1257 4951 1297 5005 ll
1318 4992 1331 5015 ,
1354 4950 1463 5006 295
1482 4950 1522 5005 C
1544 4989 1559 5014 ,
1586 4948 1777 5021 Nonne
1805 4958 1923 5003 tunc
1946 4950 2107 5021 magis
2129 4950 2307 5021 decep-

725 5029 810 5092 tus
830 5038 893 5075 ea:
920 5022 1293 5092 inprrescientia
1315 5021 1474 5092 futuri
1509 5020 1780 5075 videretur.

797 5091 1022 5164 inutiles.
1054 5094 1095 5148 ll
1116 5133 1132 5161 ,
1166 5093 1263 5148 691
1298 5091 1371 5164 Β,
1402 5091 1482 5145 Αη
1510 5092 1553 5164 si
1583 5092 1785 5146 desierit
1814 5093 2007 5164 inquies
2032 5093 2161 5164 ejus.

794 5163 1222 5231 Immensae",
1254 5162 1392 5218 10⁸55
1421 5164 1488 5227 Α,
1521 5161 1795 5232 lnquietat.
1816 5162 1851 5217 i.
1881 5161 1933 5218 c.
1962 5161 2303 5232 inquietator;

724 5234 998 5359 .sa-pe.
1047 5236 1306 5291 'l‘urbare.
1341 5234 1395 5302 1,
1446 5232 1553 5290 563
1594 5238 1669 5301 Α,
1730 5232 1989 5289 Honorem
2036 5236 2312 5305 inquietant

766 5317 1028 5359 immtatis.

766 5308 1028 5361 ivinitatis.

796 5377 1169 5441 lNQUIETATOB.
1208 5377 1249 5447 I,
1282 5377 1386 5435 651
1410 5376 1452 5432 Β
1472 5418 1487 5444 ,
1518 5377 1710 5448 Auriga
1756 5376 1843 5431 ille
1863 5418 1878 5445 ,
1927 5385 1995 5430 tot
2025 5377 2313 5432 animarum

724 5448 1046 5516 inquietator.

796 5520 1247 5583 luqummrnus.
1275 5518 1359 5591 Il,
1411 5519 1514 5576 717
1553 5519 1634 5585 Α,
1685 5517 1815 5575 Toto
1862 5520 2193 5592 inquilinatus
2236 5520 2316 5576 sui

725 5600 965 5660 tempore.

795 5662 1237 5729 INRECOGITATIO,
1292 5662 1327 5717 i.
1360 5676 1408 5717 e.
1464 5661 1807 5732 incogitatlo,
1858 5672 1914 5717 ut
1956 5662 2175 5718 Plautus
2219 5662 2312 5729 ait,

723 5733 838 5789 sive
892 5733 1365 5789 inconsiderantia.
1414 5732 1493 5801 11,
1546 5733 1651 5789 919
1697 5734 1771 5801 Β,
1825 5733 1953 5789 [ltro
2000 5735 2111 5803 ipsa
2166 5736 2318 5800 huius

726 5805 928 5859 consilii
957 5806 1235 5877 intcrjectio
1257 5847 1272 5872 ,
1295 5805 1441 5876 quasi
1483 5806 1951 5876 inrecogitationem
1980 5822 2212 5860 excessus
2240 5804 2320 5859 sui

724 5890 893 5945 passa.

795 5947 1060 6005 lassatae.
1098 5945 1137 6017 1,
1158 5947 1265 6005 692
1293 5947 1333 6006 C
1354 5987 1369 6015 ,
1410 5946 1550 6004 Nam
1595 5949 1637 6006 si
1680 5950 1901 6017 insanis,
1926 5949 2038 6020 jam
2070 5965 2175 6004 esse
2202 5965 2322 6005 con-

2330 4706 2385 4768 Ι)

2422 3389 2592 3447 poctzc
2615 3420 2626 3440 ,
2658 3390 2918 3443 oratores,
2969 3390 3069 3435 clc.
3122 3380 3185 3443 Il.
3214 3381 3319 3437 9.08
3344 3382 3405 3445 B,
3438 3380 3635 3435 Horum
3658 3381 3791 3432 enim
3821 3391 4004 3432 natura

2415 3449 2645 3523 [iubendo
2672 3452 3072 3523 institutionem,
3119 3454 3303 3507 habere
3334 3454 3517 3523 poterit
3561 3462 3608 3506 et
3641 3452 4000 3505 cessationem.

2414 3519 2477 3586 11,
2502 3522 2608 3604 810
2635 3524 2707 3603 Α,
2724 3521 2904 3604 Itaque
2930 3525 3290 3579 restitutionem
3310 3519 3476 3579 carnis
3497 3524 3776 3594 faciliorem
3805 3524 4004 3590 credas,

2412 3607 2563 3661 quam
2591 3595 2971 3647 institutionem.

2484 3663 2862 3739 lasrnucrtus.
2886 3664 2947 3729 11,
2975 3665 3080 3721 668
3106 3665 3173 3733 Α,
3194 3665 3259 3719 Et
3284 3668 3346 3721 de
3374 3682 3466 3720 suo
3491 3674 3592 3720 tota
3621 3675 3815 3721 estnon
3847 3666 4004 3739 magis

2413 3734 2713 3791 instructilt's
2756 3738 2985 3803 aliunde,
3017 3754 3169 3806 qttam
3190 3738 3455 3793 divisibilis
3480 3754 3544 3791 ea:
3567 3755 3639 3792 se.

2486 3806 2830 3875 lnsrnuc'rus,
2881 3809 3191 3877 splendidus
3217 3820 3533 3879 apparatus,
3576 3821 3627 3864 et
3671 3810 3999 3866 instrumen-

2414 3886 2526 3932 tum
2548 3879 2898 3934 domesticum
2926 3879 3268 3935 invidiosum.
3298 3882 3338 3943 Ι,
3364 3880 3468 3936 ’505
3492 3881 3556 3947 Δ,
3588 3879 3805 3945 Ilabitu,
3832 3889 3962 3937 victu
3981 3923 3997 3947 ,

2412 3950 2682 4004 instructu.
2712 3950 2876 4018 Quam
2899 3950 3114 4006 dicimus
3138 3968 3249 4005 cum
3271 3954 3407 4005 omni
3427 3953 3674 4006 instructu
3712 3971 3808 4007 suo
3840 3955 3998 4016 nasci,

2412 4022 2563 4091 quasi
2606 4037 2727 4077 cum
2762 4024 2905 4077 omni
2938 4024 3197 4078 instructu
3222 4032 3275 4078 cl
3305 4025 3686 4087 instrumento,
3718 4024 3998 4079 CtttnOmni

2411 4106 2609 4163 censu,
2659 4109 2778 4148 cum
2806 4095 3055 4151 omnibus
3083 4096 3212 4148 suis.
3243 4095 3331 4149 Sic
3352 4095 3491 4149 cnim
3522 4110 3703 4163 supra.
3745 4098 3923 4163 Atque
3949 4096 3997 4148 in

2412 4161 2553 4219 hunc
2609 4163 2960 4233 signiﬁcatum
3015 4166 3310 4220 locutiones
3362 4167 3491 4219 istas
3542 4161 3680 4236 apud
3723 4161 3999 4221 Atri—canos

2410 4238 2708 4304 praesertim
2742 4236 2906 4308 fuisse
2936 4236 3131 4308 indicat
3151 4236 3499 4308 Augustinus,
3522 4238 3611 4292 lib.
3662 4238 3703 4291 11
3734 4239 3927 4304 Quwst.
3949 4240 3999 4290 in

2413 4307 2609 4373 Exod.,
2638 4318 2825 4377 qumst.
2858 4305 2924 4360 17
2957 4325 2969 4361 :
3002 4307 3209 4362 Grtrcus
3231 4305 3462 4377 (inquit,
3494 4310 3757 4369 ἀπθσιευγξν
3778 4352 3793 4375 ,
3826 4309 3996 4373 habet,

2409 4378 2496 4450 ubi
2514 4381 2859 4434 substantiam
2876 4381 3082 4433 Latinus
3100 4379 3450 4450 interpretatus
3466 4390 3555 4441 est,
3574 4385 3708 4447 quod
3728 4380 4001 4444 aliquando

2409 4449 2623 4523 Censum
2658 4452 3052 4523 interpretantur
3078 4454 3266 4520 nostri,
3290 4452 3417 4506 sicut
3441 4467 3572 4505 nunc
3596 4452 3902 4505 instructam
3924 4452 3999 4504 di—

2408 4535 2519 4574 cere
2546 4522 2809 4577 voluimus.

2482 4590 2917 4651 lasrncuearun.
2956 4593 2995 4659 l,
3020 4594 3122 4649 577
3167 4593 3231 4655 Α.
3257 4592 3658 4647 Instrumentum
3702 4593 3992 4661 literaturtr,

2413 4662 2449 4717 i.
2474 4679 2521 4718 ο.
2542 4679 2705 4719 sat-ra:
2726 4667 2908 4721 literat.
2938 4666 3093 4731 1,581
3122 4665 3187 4732 A,
3210 4664 3563 4719 lnstrumentis
3582 4664 3784 4730 istis.ll,
3804 4666 3905 4719 ΞΗ
3933 4665 4000 4731 Λ,

2412 4735 2492 4807 Ad
2518 4735 2763 4807 originale
2783 4744 3168 4791 instrumentum
3192 4736 3360 4807 Moysi
3382 4737 3683 4807 provocabo.
3720 4737 3785 4802 ll,
3814 4738 3909 4792 151
3935 4737 3998 4798 Α.

2415 4806 2760 4861 Instrumenta
2778 4808 2973 4879 imperii
3005 4809 3287 4875 loquentur.
3318 4806 3379 4874 ll,
3402 4806 3508 4862 267
3542 4808 3602 4871 Β,
3635 4806 3744 4861 Nec
3770 4816 4001 4878 poterunt

2412 4894 2594 4947 negare
2611 4879 2855 4950 discipuli
2883 4880 3021 4950 ejus,
3067 4880 3202 4942 quod
3232 4880 3284 4932 in
3306 4892 3501 4932 summa
3534 4879 3869 4933 instrumento
3908 4881 4000 4950 Ιιιιέ

2413 4951 2546 5003 bent.
2580 4949 2644 5014 11,
2675 4949 2775 5004 561
2812 4950 2872 5016 Β,
2905 4949 3132 5003 Alterum
3153 4953 3361 5003 alterius
3396 4950 3738 5021 instrumenti,
3768 4953 3846 5004 rel
3870 4949 4001 5021 quod

2412 5022 2571 5090 magis
2602 5021 2654 5074 in
2681 5037 2774 5074 usu
2800 5032 2871 5075 est
2900 5022 3064 5074 dicere
3083 5061 3098 5086 ,
3128 5022 3425 5075 testamenti.
3460 5020 3525 5086 ll,
3547 5022 3648 5077 169
3676 5021 3737 5082 Β.
3768 5022 3866 5087 Qui
3884 5020 4003 5076 om.

2412 5094 2497 5145 nia
2524 5092 2835 5161 apostolatus
2858 5095 2965 5164 ejus
2985 5093 3315 5145 instrumenta
3337 5093 3656 5164 protulerint.
3710 5092 3753 5164 11
3776 5134 3791 5158 ,
3816 5094 3919 5147 472
3940 5093 3998 5157 (Σ,

2417 5163 2583 5231 Quam
2611 5164 2673 5217 de
2715 5162 3044 5218 instrumento
3076 5164 3332 5216 Actorum.
3381 5163 3443 5228 11,
3470 5162 3577 5218 481
3609 5165 3676 5230 Α,
3712 5163 4003 5218 Secundum

2414 5251 2675 5289 commune
2699 5236 3086 5289 instrumentum
3110 5275 3124 5300 ,
3160 5235 3196 5287 i.
3227 5249 3274 5289 c.
3310 5235 3604 5289 secandum
3644 5250 3767 5289 eam
3802 5245 4000 5302 partem

2414 5305 2689 5376 Evangelii
2711 5306 2890 5369 Luc-.e,
2920 5320 3079 5375 quam
3102 5316 3155 5359 ct
3175 5304 3500 5376 Marcionita:
3522 5308 3885 5361 communiter
3912 5322 4002 5359 uo—

2415 5374 2619 5447 biscum
2650 5374 2946 5447 accipiunt.
2968 5377 3029 5443 ll,
3058 5376 3164 5431 906
3203 5376 3262 5441 Β,
3293 5374 3421 5429 Plus
3448 5378 3770 5431 instrumenti
3796 5379 3863 5429 ad
3902 5378 4002 5430 bal-

2416 5464 2537 5502 neas
2578 5446 2829 5518 deferunt.
2849 5448 3125 5515 Clemens,
3156 5447 3432 5518 Ptcdagog.
3458 5448 3546 5512 Ill,
3582 5448 3652 5503 5:
3683 5456 3759 5500 Τά
3782 5472 3835 5501 τε
3859 5452 4001 5520 cimu-

2417 5529 2614 5590 ρώματα
2638 5520 2739 5588 μεθ’
2768 5522 2827 5574 ὧν
2852 5523 3227 5591 ἔμπομπεὺρυσιν
3256 5523 3579 5591 gemmati)»;
3617 5527 3663 5575 ἰν
3704 5526 3806 5581 τοῖς
3844 5532 4002 5591 βαλι-

2419 5603 2552 5652 νείοις
2574 5599 2869 5661 «portatam.
2895 5591 2959 5654 ll,
2990 5590 3129 5645 1506
3156 5594 3219 5655 Α,
3249 5589 3296 5642 F
3297 5591 3491 5643 trutinis
3513 5589 3905 5645 instrumentum
3933 5594 4000 5645 is-

2424 5663 2513 5715 tutl
2534 5662 2789 5716 muliebris
2816 5663 2991 5732 glorite
3018 5662 3354 5732 contulerunt,
3384 5661 3420 5715 i.
3449 5676 3499 5716 e.
3525 5663 3783 5716 mundum
3815 5662 4002 5717 mulie-

2424 5733 2572 5787 ln'em
2592 5774 2607 5800 ,
2636 5731 2947 5787 instructum
2967 5773 2981 5798 ,
3015 5748 3084 5788 cx
3110 5732 3246 5786 libro
3277 5731 3483 5786 Enoch.
3513 5737 3689 5800 κὸπμια,
3711 5740 3822 5794 ταῖς
3846 5739 3999 5800 7am-

2425 5815 2515 5870 ειν.
2542 5804 2605 5868 ll,
2639 5804 2777 5859 1525
2803 5804 2863 5867 Β,
2896 5804 3007 5870 Quo
3035 5820 3153 5875 ergo
3192 5815 3337 5872 pacto
3364 5803 3661 5871 pudicttiam
3686 5806 3797 5859 sine
3817 5808 3998 5858 instru-

2428 5886 2596 5928 mento
2636 5877 2745 5941 eius
2774 5876 3131 5939 tractabimus,
3182 5875 3215 5927 i.
3249 5889 3299 5928 c.
3332 5878 3447 5929 sine
3474 5878 3766 5945 gravitate,
3815 5888 3998 5945 nempe

2431 5950 2741 6004 instructior
2780 5956 2863 6002 est
2894 5946 3177 6018 pudicitia,
3221 5960 3341 6017 qua:
3368 5950 3682 6018 gravitatem
3728 5949 3890 6005 habet
3918 5968 3998 6002 w-
