4184 6496
188 408 305 465 1521

1164 404 1378 461 INDEX
1415 400 1845 461 LATINITATIS
1882 401 2458 461 TERTULLIANEtE.

3318 406 3458 466 1522

182 521 382 574 mitem.
422 516 486 577 ll.
531 516 639 573 850
669 518 729 581 Β,
774 516 916 571 Tunc
942 526 988 571 et
1018 519 1291 587 Apostolus
1318 536 1407 589 per
1447 528 1603 573 totum
1632 534 1756 582 pene
1782 518 1831 578 Α
1859 533 1961 587 que
1984 518 2141 572 intus.
2176 519 2238 583 11,
2265 519 2361 573 851
2391 520 2456 585 Α,
2484 518 2727 574 Sensibus
2762 518 2932 587 utique
2974 517 3311 576 intimandum
3340 522 3455 580 Do-
3499 545 3503 548 ν

176 593 582 658 instrumentum,
606 592 638 642 i.
656 606 705 643 ο.
731 604 826 658 per
845 604 1033 645 omnes
1055 605 1177 645 suas
1200 591 1469 657 epistolas.
1496 591 1535 650 I,
1559 590 1665 645 656
1688 591 1752 653 Α,

182 662 340 726 Quam
372 666 435 715 de
480 657 821 717 instrumentis
862 662 1174 714 ethnicarum
1202 664 1478 716 literarum.
1526 663 1564 727 1,
1620 662 1759 716 1202

174 732 212 787 C
233 775 246 795 ,
275 735 543 798 Quantum
571 735 953 785 instrumentum
985 734 1171 785 mundo
1192 736 1348 801 ferat,
1380 748 1570 800 nempe
1596 748 1752 801 aqua.

240 804 650 865 lxsruntrtvusi,
680 804 816 871 quml
848 819 949 856 non
981 812 1062 858 est
1100 804 1385 859 obnoxium
1422 805 1759 873 passionibus

171 885 219 929 et
241 877 662 935 mutationibus,
690 876 760 939 ll,
793 876 897 928 582
928 875 992 928 ,1.

238 946 451 1001 lusus.
485 950 555 1012 ll,
599 948 703 1000 3.30
745 948 802 1009 Β,
842 946 1078 999 Insulam
1107 945 1391 1000 I"elieulam
1424 947 1629 1009 credas,
1679 946 1760 1000 in-

171 1019 336 1081 sulm,
394 1021 590 1072 domus
640 1034 873 1085 magnae,
932 1020 1347 1087 circumquaque
1407 1018 1487 1071 via
1547 1017 1757 1086 publica

168 1090 388 1151 cinctae,
425 1107 542 1159 qua:
586 1089 873 1159 plurimum
906 1089 1155 1143 tabernas
1200 1088 1493 1143 instilorias
1513 1098 1567 1145 et
1596 1089 1759 1143 meri-

170 1162 301 1214 toria
327 1158 604 1215 emuncula
647 1158 845 1214 habere
870 1162 1063 1213 solent.

236 1223 675 1286 Insunt-ramus.
708 1229 749 1283 Il
766 1272 780 1295 ,
805 1231 908 1285 197
926 1273 938 1290 .
964 1232 1004 1285 C
1023 1272 1036 1291 .
1066 1232 1108 1284 A
1138 1248 1235 1301 quo
1256 1232 1461 1287 verbum
1485 1230 1757 1284 insultatoo

166 1304 297 1356 riunt
322 1304 386 1356 de
416 1314 576 1357 ntorte
602 1345 615 1365 ,
648 1311 692 1356 cl
720 1304 1169 1372 triuntphatorium
1197 1306 1410 1372 accepit.

235 1374 524 1429 Issuunne.
560 1373 599 1428 ll
624 1413 639 1438 ,
672 1372 777 1426 217
809 1374 849 1428 Β
871 1416 885 1440 ,
911 1374 971 1429 Si
996 1383 1190 1427 tantam
1211 1390 1385 1428 curam
1411 1372 1760 1429 instructionis

168 1457 350 1499 ηοω-ατ
376 1446 643 1516 insumpsit
677 1445 900 1515 Spiritus
928 1455 1152 1499 sanctus.

234 1518 597 1580 lxrizsrsrto,
648 1517 682 1569 i.
724 1533 778 1586 q.
828 1517 1071 1572 intentio.
1120 1518 1159 1579 l,
1204 1516 1309 1572 500
1363 1517 1436 1581 Β,
1506 1517 1759 1570 Adversus

166 1590 389 1641 omnium
417 1590 688 1642 criminum
723 1588 1121 1641 intentationem.
1163 1588 1334 1655 1,132
1379 1589 1439 1651 Β,
1484 1588 1624 1642 Satis
1651 1588 1761 1641 hwc

168 1662 409 1713 adversus
436 1660 811 1714 intentationem
850 1660 983 1712 (teste
1011 1659 1301 1713 divinitatis.
1333 1659 1374 1713 Il
1398 1700 1413 1724 ,
1445 1658 1582 1713 1009
1612 1658 1669 1723 Β,
1699 1658 1761 1713 Si

165 1733 316 1784 etiam
347 1732 603 1801 sequentia
624 1731 761 1784 illius
778 1730 1003 1801 epistola:
1029 1737 1095 1783 ad
1120 1731 1499 1785 intentationem
1527 1728 1761 1799 Apostoli

165 1802 429 1856 extendas.

238 1874 523 1937 lsrcsno,
554 1872 755 1929 crimen
777 1916 793 1942 ,
836 1874 1126 1929 accusatio.
1162 1871 1225 1941 ll,
1260 1872 1388 1942 656,
1420 1873 1487 1941 Λ,
1522 1871 1761 1927 Enormis

161 1946 375 1997 intentio
403 1946 763 2013 philosophice.

235 2015 651 2080 lxrnncsLsnB,
702 2026 913 2085 tempus
960 2016 1303 2085 iuterjiccrc,
1352 2026 1409 2071 ut
1456 2018 1506 2070 in
1556 2016 1762 2071 ratione

164 2086 427 2140 fastorum
461 2090 609 2142 oliui.
634 2089 675 2142 ll
698 2130 713 2156 ,
750 2087 876 2153 504,
906 2089 945 2142 D
968 2129 983 2154 ,
1029 2087 1145 2141 Nisi
1166 2089 1209 2141 si
1242 2087 1581 2142 Creatorich
1608 2087 1762 2141 inter-

160 2160 371 2211 culavit.

233 2228 636 2287 INTEBCEDEDE.
663 2231 725 2296 11,
752 2230 880 2294 555,
915 2230 981 2295 Λ,
1004 2232 1108 2284 Sed
1134 2232 1412 2284 intercessit
1437 2238 1594 2283 mater
1616 2229 1759 2297 Sigc,

164 2299 265 2354 i.e.
317 2305 567 2371 oppttsuit
608 2318 684 2367 se,
727 2303 958 2361 obstitit;
1008 2302 1206 2355 forensi
1247 2302 1446 2370 phrasi.
1480 2300 1758 2356 Imittur.—

162 2377 300 2439 ‘rseze
330 2378 379 2425 Et
414 2378 555 2427 αὖτόν
582 2383 611 2433 ἡ
639 2384 771 2443 Σιγῆ.
806 2372 867 2436 ll,
896 2374 1000 2428 295
1022 2375 1086 2437 Α,
1115 2374 1264 2436 Quod
1302 2373 1437 2426 Deus
1465 2389 1565 2425 non
1604 2373 1761 2425 inter-

165 2446 370 2497 cesserit
413 2445 651 2496 adversus
679 2442 759 2509 ea,
793 2444 827 2497 i.
863 2459 913 2497 e.
945 2460 1050 2497 non
1108 2445 1398 2498 obstiterit.
1448 2444 1511 2509 11,
1540 2442 1649 2497 472
1684 2443 1753 2509 C,

162 2513 522 2569 Intercessisse
549 2518 792 2583 quosdam
820 2516 907 2583 qui
937 2515 1179 2567 dicerent.

233 2586 617 2641 lsrtzncwenu.
650 2587 712 2650 ll,
744 2586 864 2647 126.
898 2585 972 2650 Λ,
1006 2587 1337 2655 Imperatoris
1360 2584 1526 2639 Marci
1554 2584 1762 2656 (Anto—

163 2656 272 2728 nini
300 2658 317 2723 )
328 2660 443 2728 jam
475 2658 766 2726 intercepti,
796 2658 829 2709 i.
858 2671 906 2711 c.
938 2670 1119 2726 quem,
1150 2667 1436 2723 antequam
1469 2656 1761 2727 sciretCy-

164 2726 283 2781 bcle
316 2726 548 2782 mortem
581 2730 718 2797 ejus,
748 2728 1102 2796 interceperat
1130 2728 1316 2782 fatutu.

236 2799 657 2854 Innumeram.
683 2800 722 2863 l,
753 2800 857 2854 650
890 2799 956 2865 Α,
981 2799 1115 2870 Ipsa:
1137 2800 1240 2853 illa:
1265 2800 1473 2869 pudoris
1498 2800 1577 2855 sui
1596 2800 1757 2854 inter-

164 2880 455 2937 emptrtces.

234 2940 629 3014 lsreurccron.
674 2941 714 2994 ll
742 2983 754 3005 ,
786 2941 978 3014 750B,
1014 2940 1132 3014 Sed
1171 2943 1285 3011 jam
1335 2942 1415 2996 hic
1473 2943 1752 3014 responde,

164 3011 459 3080 interfector
479 3015 700 3066 veritatis
715 3029 732 3064 :
759 3012 990 3080 appellat
1012 3012 1357 3068 Marcionem.

236 3082 575 3137 lsrsnmuus.
611 3083 671 3142 ll,
694 3083 801 3139 229
823 3084 883 3147 Β,
910 3084 992 3135 hic
1021 3084 1229 3136 materia
1247 3083 1383 3137 Deus
1410 3084 1539 3137 nihil
1581 3085 1756 3139 interi-

166 3154 264 3207 bile
296 3156 513 3223 fecisset.
544 3155 701 3219 lbid.,
732 3154 812 3209 Er
840 3155 1079 3209 interibili
1100 3155 1154 3207 in
1174 3162 1433 3208 a'ternum.

238 3226 487 3291 Inuum,
523 3226 807 3281 interdum.
843 3226 879 3286 I.
927 3226 1033 3282 509
1055 3225 1120 3292 Λ,
1164 3225 1290 3292 Quae
1329 3228 1529 3295 prodita
1556 3228 1755 3281 interim

1863 590 2051 643 minuta
2080 591 2399 659 signi/ienuit.

1935 660 2223 735 Ismene.
2259 662 2321 725 ΙΙ,
2357 661 2494 717 1229
2524 662 2587 727 Δ,
2614 662 2811 735 Prtvire
2836 663 3179 735 inductionem
3208 666 3452 735 paeniten-

1863 731 1946 785 tia'
1963 734 2132 799 jussit,
2168 734 2199 785 i.
2226 749 2275 787 e.
2312 736 2652 803 baptismum.
2678 734 2718 800 1,
2756 733 2893 789 1270
2913 734 2977 801 Α,
3012 736 3091 788 Ad
3139 731 3453 792 occasionem

1863 806 2095 856 secunda:
2119 805 2448 870 intinctionis,
2484 808 2576 859 i.e.
2611 806 2869 875 martyrii,
2901 804 2939 873 I,
3000 806 3136 861 1247
3191 808 3256 873 Α,
3307 808 3452 863 Prce-

1862 876 2080 950 sttinptio
2123 875 2431 950 inlinctionis
2456 878 2731 950 imponat;
2766 876 2799 929 i.
2836 892 2886 932 e.
2912 876 3103 933 fiducia
3145 881 3311 935 venia:
3357 896 3453 950 per

1862 943 2185 1010 baptismum
2222 947 2590 1011 impetrandae.

1935 1017 2197 1071 lucanus.
2225 1016 2286 1077 ll,
2312 1017 2418 1073 585
2444 1017 2507 1081 Α,
2541 1019 2604 1071 Et
2643 1027 2810 1072 tamen
2860 1019 3111 1075 inunitam
3164 1021 3217 1075 in
3264 1021 3449 1077 Adam.

1863 1086 1999 1141 II‘CII.
2032 1106 2042 1140 Ζ
2077 1094 2227 1142 river
2256 1092 2320 1140 ἑνὶ
2351 1107 2414 1159 τῷ
2443 1086 2585 1156 Ᾰδάμ
2623 1099 2877 1145 συττᾶσαν.

1934 1157 2286 1235 Inmatura",
2311 1157 2463 1235 25Β,
2496 1161 2754 1235 Quterenti
2783 1161 3080 1235 invenietur,
3123 1162 3157 1217 i.
3198 1178 3247 1219 e.
3304 1180 3451 1235 qum—

1862 1231 2003 1302 renti
2032 1232 2222 1295 aderit,
2247 1230 2386 1295 quod
2418 1233 2628 1301 quaerit,
2652 1246 2824 1302 ganea
2856 1232 3056 1302 phrasi.

1937 1300 2243 1376 lsvuujus,
2268 1302 2520 1376 inventio,
2549 1300 2751 1373 ιῡρηξαι,
2774 1300 2943 1357 forma
2977 1302 3355 1363 Tertullianea.
3384 1309 3449 1376 ll,

1864 1370 1969 1425 618
1993 1372 2051 1435 Β,
2078 1371 2443 1426 Testimonium
2471 1383 2541 1428 est
2557 1370 2777 1428 veritatis
2805 1376 3035 1428 inventus
3054 1376 3233 1435 ipsius.

1937 1442 2196 1517 luvcsris,
2229 1444 2318 1517 qui
2347 1455 2496 1501 veste
2538 1444 2888 1517 noniudutus
2913 1455 3012 1500 est.
3068 1442 3129 1512 ll,
3200 1448 3337 1505 1058
3382 1452 3449 1517 Α,

1867 1512 2051 1588 Iliadas
2068 1524 2203 1588 certe
2226 1512 2272 1567 et
2297 1516 2496 1570 investis
2524 1516 2681 1585 ﬁgulo
2727 1533 2819 1570 suo
2861 1517 3101 1571 constitit.
3160 1518 3223 1583 ll,
3254 1520 3359 1575 900
3387 1512 3452 1588 (Σ,

1864 1584 2035 1663 Etiam
2066 1586 2289 1663 nondum
2319 1588 2407 1663 viri
2436 1584 2645 1663 masculi
2672 1588 2890 1653 incestis,
2914 1588 2957 1663 _i_.
2987 1603 3036 1663 ρ,
3053 1593 3237 1663 appetis;
3252 1584 3455 1663 ἀρθὸρσὺ

1863 1657 1957 1729 qui
1986 1659 2038 1711 in
2069 1666 2236 1723 veste,
2266 1659 2298 1711 i.
2324 1674 2372 1712 e.
2396 1658 2448 1712 in
2476 1659 2719 1729 castitate
2744 1668 2799 1729 et
2824 1658 3074 1729 pudicitia
3100 1657 3296 1715 adhuc
3326 1657 3405 1717 est
3436 1705 3452 1729 ,

1864 1736 1921 1813 ut
1950 1728 2327 1813 interpretatur
2346 1728 2663 1813 _l‘i‘qni'usﬂl,
2692 1728 2798 1784 906
2842 1728 2908 1795 Λ,
2942 1728 3005 1782 Et
3024 1734 3409 1813 paterfamilias
3436 1728 3453 1800 ,

1864 1798 1976 1853 licet
2006 1800 2229 1853 investis.
2257 1799 2320 1859 ll.
2346 1800 2449 1855 746
2478 1800 2540 1866 Β,
2558 1798 2692 1854 Puta
2714 1816 2849 1854 nunc
2875 1816 2999 1870 puer
3018 1798 3239 1857 investis.

1789 1913 1838 1975 Β
1937 1871 2150 1926 ΙκγιυιΑ.
2177 1872 2215 1933 Ι,
2241 1870 2675 1954 487.Α,.Ιηυίάὶα
2699 1872 2883 1925 ca'lnm
2909 1872 3455 1955 tundintus..Exponi-

1871 1952 1955 1997 tur
2002 1946 2245 1997 ἀτενισιιόρ
2274 1942 2339 1997 ab
2356 1942 2645 1997 invidendo.
2675 1942 2813 1997 nuod
2843 1953 2925 1997 est
2969 1943 3117 1997 valde
3160 1946 3345 1997 videre-
3400 1956 3455 1997 et

1930 1959 1955 1995 r
2002 1946 2245 2010 ἀτενισμός
2274 1942 2339 1998 ab
2356 1942 2645 2009 invidendo,
2675 1942 2813 2012 quod
2843 1953 2925 1998 est
2969 1943 3117 1997 valde
3160 1942 3345 2012 videre,
3400 1956 3455 2001 et

1864 2023 2114 2069 contenta
2143 2014 2421 2068 oculorum
2464 2014 2579 2069 acie
2621 2014 2811 2069 intueri
2842 2014 2893 2067 in
2923 2013 3120 2071 aliquid
3162 2016 3455 2071 vehemen-

1866 2084 2085 2140 tissime.
2124 2086 2196 2139 lta
2222 2085 2445 2140 Junius:
2471 2087 2622 2140 aliter
2640 2085 2900 2153 Rigaltius
2924 2086 2989 2139 ad
3017 2084 3222 2152 1,1159
3243 2088 3309 2153 A,
3336 2088 3454 2142 Cla-

1863 2166 2003 2208 ruant
2041 2158 2108 2209 ad
2130 2156 2405 2227 Dominum
2430 2157 2619 2211 invidia
2642 2159 2827 2211 animle
2852 2166 3158 2227 martyrum,
3184 2160 3219 2212 i.
3255 2174 3301 2213 c.
3343 2159 3453 2213 cla-

1862 2227 2057 2297 mando
2088 2228 2340 2282 invidiam
2364 2226 2583 2294 faciunt,
2616 2230 2875 2297 sanguine
2929 2226 3025 2297 per
3063 2228 3137 2283 t0t
3180 2231 3450 2284 cruciatus

1863 2296 1980 2351 fuso
2003 2298 2252 2352 invidiam
2281 2299 2537 2369 objiciunt
2567 2300 2697 2354 Deo.
2722 2299 2854 2353 Tam
2874 2308 2998 2353 sunt
3021 2300 3231 2355 obnixa:
3259 2300 3314 2356 et'
3338 2301 3455 2355 eili-

1862 2383 2016 2442 caces
2042 2380 2334 2442 martyrum
2362 2385 2540 2437 voces,
2574 2379 2630 2424 ut
2656 2373 2722 2425 ab
2751 2371 2876 2435 Deo,
2910 2370 2995 2424 vel
3026 2372 3209 2437 invito,
3240 2372 3453 2442 sangui-

1863 2440 1945 2513 nis
1973 2442 2041 2495 ob
2074 2440 2241 2510 ipsibs
2288 2458 2483 2498 nomen
2530 2442 2631 2497 fusi
2669 2443 2955 2497 vindictam
2998 2454 3315 2513 extorquere
3346 2440 3454 2497 *νει-

1862 2512 2003 2584 leant
2039 2532 2052 2567 :
2081 2514 2321 2584 adeoque
2348 2515 2541 2584 ipsum,
2562 2513 2661 2567 nisi
2692 2515 2993 2583 petentibus
3016 2512 3233 2580 annuat,
3256 2515 3454 2570 invidia

1861 2583 2190 2639 crudelitatis
2216 2583 2739 2641 etimmiscricordire
2767 2600 2994 2641 onerare
3023 2586 3319 2642 videantur.
3356 2586 3395 2640 ll
3432 2627 3447 2652 ,

1861 2656 2045 2720 115Ᾱ,
2082 2656 2225 2710 Malo
2253 2657 2494 2729 invidiam
2520 2656 2564 2709 ei
2601 2659 2765 2725 facere
2812 2673 2900 2725 per
2946 2658 3255 2729 uoluntatem
3294 2658 3456 2729 ipsius

1861 2729 2138 2797 pereundo,
2170 2744 2322 2797 quam
2352 2728 2497 2781 bilem
2526 2743 2616 2795 per
2644 2742 2805 2797 meam
2830 2727 3107 2781 evadendo.

1934 2796 2241 2871 luvrsuuus.
2314 2798 2393 2863 ll,
2430 2798 2537 2852 225
2593 2797 2659 2863 Α,
2725 2796 3002 2853 Invisibilis
3052 2799 3332 2871 (terra),
3403 2806 3458 2853 ut

1859 2868 2027 2992 acti/fac
2098 2871 2241 2941 aquis
2298 2878 2536 2941 tanquam
2582 2870 2890 2923 munimento
2951 2871 3183 2941 genitalis
3230 2868 3457 2927 humoris

1862 2955 1892 2992 ο
1928 2956 2100 2992 tucm.

1862 2955 2100 2996 ODllllCll'l.

1930 3011 2214 3069 luvocsns.
2239 3012 2281 3080 1,
2326 3011 2431 3068 599
2456 3012 2515 3077 Β,
2550 3012 2801 3079 Quoniam
2829 3014 3058 3069 remissio
3106 3011 3312 3069 Domini
3359 3014 3455 3069 Dei

1860 3082 1933 3135 tui
1979 3085 2211 3139 invocata
2262 3094 2353 3149 est,
2383 3090 2713 3150 ἐπικέκληται,
2782 3084 2991 3154 publica
3048 3100 3180 3140 voce
3219 3090 3455 3157 promul-

1857 3162 1999 3223 gata.

1931 3224 2285 3282 luvowuns.
2318 3226 2381 3292 II,
2413 3224 2516 3282 499
2544 3227 2601 3291 Β,
2634 3224 3039 3282 Exinvoluntate
3060 3227 3136 3281 vel
3164 3228 3454 3283 necessitate

165 3297 320 3369 etiam
348 3298 1503 3369 humanamanimadversionemprovocabunt.
1534 3300 1594 3365 ll,
1628 3299 1766 3353 1052
1791 3296 1836 3363 C
1870 3295 2195 3369 delinquenti,
2239 3299 2272 3351 i.
2299 3314 2348 3353 c.
2379 3298 2504 3352 dum
2531 3299 2838 3367 praetexitur
2862 3308 3134 3368 peccatum
3156 3300 3457 3356 involunta—

167 3367 230 3429 Β,
268 3366 522 3437 Fungitur
549 3378 593 3419 ct
636 3370 743 3437 ipse
769 3370 987 3422 mundus
1014 3368 1212 3421 interim
1250 3370 1361 3431 iste,
1390 3386 1536 3437 queat
1564 3373 1759 3423 incum-

166 3426 353 3491 bimus.
378 3426 614 3492 Tandem
645 3426 933 3508 aliquando
970 3457 983 3491 :
1012 3439 1073 3503 ΙΙ,
1108 3438 1244 3492 1015
1284 3426 1537 3499 Βξυηίιιδ
1558 3442 1759 3495 interim

168 3511 355 3562 erroris
386 3510 457 3561 tui
511 3510 923 3563 renuntiatorem.
954 3509 1152 3563 Tamen
1185 3528 1196 3561 :
1230 3509 1267 3567 I.
1297 3510 1403 3563 586
1417 3511 1495 3575 'A,
1533 3511 1760 3565 ιιίεαίνα

168 3580 320 3633 unius
340 3581 535 3634 interim
552 3582 827 3650 praphetie.
863 3580 924 3645 ll,
958 3580 1146 3643 554A,
1167 3579 1377 3633 Interim
1397 3583 1449 3634 in
1472 3583 1756 3648 tricenario,

175 3654 212 3704 i.
230 3667 279 3705 c.
302 3661 729 3721 quantacumque
744 3654 848 3705 sint
871 3652 1090 3705 istorum
1118 3652 1394 3720 privilegia
1414 3667 1758 3707 numerorum

172 3722 225 3776 in
269 3724 573 3787 tricenario,
596 3732 697 3790 etc.
734 3724 1017 3793 Agnoscant
1039 3724 1236 3776 interim
1262 3733 1459 3777 naturte
1491 3726 1759 3778 auctorita-

178 3803 297 3857 tem,
330 3795 364 3846 i.
397 3809 447 3848 e.
469 3794 579 3860 jam
612 3808 769 3848 nunc.
822 3795 885 3861 ΙΙ,
921 3794 987 3850 10
1014 3793 1305 3861 B,Inlerim
1327 3804 1373 3849 et
1398 3810 1613 3862 semper,
1644 3796 1677 3849 i.
1705 3810 1756 3850 e.

173 3865 475 3918 interdum.

245 3935 688 3990 INTERPELLATIO.
721 3934 761 4000 Ι,
793 3934 898 3989 702
924 3936 985 3995 Β,
1012 3935 1075 3988 Et
1106 3952 1239 3988 nunc
1263 3952 1325 3989 ea:
1361 3937 1533 3990 eadem
1580 3952 1759 3990 caussa

172 4006 517 4075 interpellatio
546 4006 828 4075 sanguinis,
855 4006 1239 4075 haemorrhagia
1266 4007 1490 4062 fortasse
1508 4047 1523 4074 ,
1542 4022 1609 4061 ex
1656 4022 1759 4077 qua

173 4079 405 4148 Scapula
434 4087 544 4131 tum
572 4078 859 4131 laborabat.

248 4150 661 4203 Innumeram.
706 4150 937 4203 Passivc.
980 4148 1169 4213 “,2”
1208 4149 1272 4215 Δ,
1309 4148 1455 4216 Quod
1502 4151 1554 4203 in
1603 4159 1761 4203 ntale-

173 4222 307 4273 riam
340 4222 656 4289 interpretari
686 4221 860 4289 possit.
894 4220 955 4286 ll,
984 4221 1085 4274 627
1116 4220 1180 4285 Λ,
1212 4219 1585 4289 Interpretatur
1631 4224 1761 4275 enim

173 4290 473 4359 spiritaliter
492 4291 582 4343 sic.
609 4291 670 4357 ll,
703 4291 839 4363 1222
861 4292 925 4355 Α,
960 4290 1007 4343 Ν
1016 4292 1479 4363 ecnincongruenter
1524 4294 1590 4345 ad
1630 4294 1763 4363 ﬁgu-

172 4379 288 4415 ram
308 4362 733 4429 interpretabitur.
765 4362 825 4425 ΙΙ,
840 4364 946 4417 910
969 4363 1035 4425 Λ,
1056 4361 1166 4415 IIoc
1185 4378 1273 4415 nos
1293 4365 1543 4415 interdum
1563 4361 1764 4416 diabolo

177 4435 593 4505 interpretamur,
615 4434 648 4486 i.
668 4449 714 4486 e.
742 4434 1112 4497 adtribuimus,
1138 4445 1410 4502 acceptum
1432 4434 1670 4488 ferimus.
1698 4434 1761 4499 ll,

182 4504 255 4560 92
306 4503 372 4571 Ᾱ,
407 4503 817 4575 Transgressioni
866 4505 1267 4571 interpretanda,
1315 4505 1349 4557 i.
1394 4520 1442 4559 ρ.
1500 4520 1618 4573 quae
1668 4519 1764 4575 pro

181 4576 609 4645 transgressione
634 4575 858 4645 judicari
886 4584 939 4645 et
957 4575 1136 4629 haberi
1168 4576 1376 4630 debeat.
1441 4607 1447 4614 -

252 4644 698 4701 Ιιητὶιιιιιῐιετλτιο.
725 4646 785 4711 ll,
808 4645 879 4699 22
905 4644 963 4710 C,
1003 4646 1073 4701 25
1104 4648 1166 4711 Α,
1212 4646 1416 4701 Certare
1461 4662 1575 4700 cum
1611 4646 1766 4700 inter—

179 4719 479 4789 pretationis
535 4690 889 4788 gubernatiulo,
923 4690 963 4770 i.’
980 4733 1029 4770 c.
1059 4690 1178 4772 cum
1209 4718 1432 4783 ratione,
1460 4732 1580 4772 cum
1608 4717 1768 4773 disci-
1792 4690 1845 4750 D

179 4791 326 4859 plina
359 4791 602 4854 rationis,
635 4805 753 4858 qua:
779 4804 991 4843 onmem
1047 4789 1540 4857 interpretationem
1578 4790 1771 4859 guber-

179 4875 317 4916 nare
345 4860 525 4925 debet,
558 4869 612 4913 et
636 4861 685 4913 in
711 4875 771 4914 ea
794 4875 1008 4927 semper
1025 4876 1265 4928 regnare.

256 4932 716 4985 lnreneumnoa.
747 4931 806 4993 II,
834 4932 935 5001 957
979 4934 1044 4997 Α,
1098 4931 1246 4985 Idem
1292 4931 1561 5001 Apostolus
1600 4931 1772 4986 edocet

178 5004 537 5072 interpretator
561 5003 817 5070 utriusque
844 5000 1169 5056 Testamenti.

256 5074 566 5147 Iurensres,
586 5072 754 5127 limes.
788 5072 850 5139 ll,
875 5073 969 5127 441
1004 5073 1062 5139 Β,
1092 5073 1159 5129 Et
1185 5086 1436 5147 carperunt
1468 5090 1596 5130 nova
1620 5074 1778 5128 inter-

178 5146 297 5200 slite
321 5144 352 5197 ,Ι
362 5149 575 5197 alumne.

257 5217 638 5271 INTERVENIRE.
672 5215 713 5281 l,
769 5214 906 5270 1267
937 5215 1002 5279 Δ,
1053 5217 1153 5271 Aut
1206 5218 1627 5272 admonitionibus
1664 5215 1774 5270 Do—

184 5288 310 5342 mini
339 5288 599 5340 intervenit
633 5303 774 5341 usus.
809 5288 1052 5342 Rhenan.
1082 5290 1452 5344 intervenimus.
1485 5290 1773 5344 Interveni-

184 5373 309 5415 mus
335 5360 605 5413 erroribus
630 5360 845 5423 nostris,
870 5368 963 5412 aut
990 5361 1113 5414 mali
1144 5362 1348 5415 insidiis
1365 5401 1379 5425 ,
1404 5376 1523 5414 cum
1550 5373 1647 5414 nos
1670 5360 1773 5415 illis

184 5430 531 5500 Opponimus,
564 5444 669 5483 non
699 5430 1101 5496 consentiendo,
1126 5432 1217 5485 sed
1264 5432 1518 5485 evitando
1572 5431 1765 5499 potius.

186 5502 278 5557 Sic
303 5501 431 5555 olim
476 5503 716 5555 tribunus
758 5502 1232 5556 senatusconsultis
1272 5501 1653 5557 intercedebat.
1704 5502 1773 5557 At

186 5572 641 5653 admonitionibus
675 5572 879 5627 Domini
907 5573 1322 5641 intervenimus,
1364 5589 1483 5629 cum
1536 5573 1614 5628 eis
1676 5573 1774 5628 ob-

185 5658 481 5700 SCOUIHHII‘.

192 5785 235 5841 ῃ
264 5714 549 5839 Inﬁma,
576 5722 658 5769 est
686 5714 882 5779 tunica,
915 5730 1032 5785 qua:
1058 5715 1157 5771 sub
1212 5715 1374 5787 pallio
1428 5714 1733 5787 gestabatur
1760 5752 1778 5783 ,

245 5827 259 5853 ’
293 5826 502 5839 ,νγ-Δια

266 5858 543 5911 Ικτιιιιιιιε.
576 5857 615 5921 1,
648 5857 787 5911 1510
813 5857 878 5923 Λ,
932 5856 1122 5912 Nullus
1160 5860 1329 5913 clavus
1374 5867 1635 5927 argentum
1664 5858 1781 5911 inti-

197 5938 302 5985 mat
329 5929 531 5997 tabulis,
563 5928 884 5995 intromittit,
908 5931 1158 5984 intestino
1180 5950 1340 6002 opere
1368 5932 1536 6001 infigit
1569 5931 1779 5986 inserit-

554 6020 990 6083 TERTULLIANI
1036 6024 1115 6083 ll.

1868 3367 2027 3435 rium,
2054 3380 2107 3424 et
2126 3370 2190 3423 ad
2216 3370 2356 3438 quod
2374 3372 2419 3422 vi
2445 3371 2833 3425 etnecessitate
2859 3367 2983 3424 Sunt
3011 3371 3199 3425 coacti.

1934 3439 2042 3495 Iun.
2077 3440 2141 3506 11,
2173 3440 2280 3494 282
2306 3440 2367 3501 Β,
2395 3439 2581 3494 Gratus
2610 3457 2762 3507 esses,
2793 3442 2929 3495 odee
2954 3442 3206 3509 hceretice,
3256 3443 3300 3497 si
3334 3444 3458 3497 isses

1862 3511 1913 3585 in
1936 3511 2615 3585 dispositionemCreatoris,
2636 3512 2667 3565 i.
2701 3526 2749 3566 c.
2768 3512 2812 3565 si
2834 3512 3163 3578 obstitisscs;
3189 3528 3293 3569 non
3310 3516 3455 3570 enim

1860 3580 2279 3636 Mareion'natus
2310 3582 2519 3635 fuisses.

1932 3651 2418 3728 inaccurensutus.
2445 3651 2509 3719 ll,
2546 3651 2682 3728 1007
2706 3650 2766 3728 C_,_
2795 3650 3155 3728 __Immund_ilia
3197 3656 3455 3728 iri-ccupe-

1861 3725 2031 3790 rabili,
2064 3725 2095 3777 i.
2123 3739 2172 3779 e.
2198 3723 2338 3779 unde
2364 3725 2668 3795 recuperari
2698 3724 2827 3777 nihil
2850 3725 3043 3795 potest,
3064 3723 3454 3784 immunditiam

1862 3796 2067 3869 scilicet
2088 3805 2206 3869 arte
2227 3796 2369 3849 nulla
2398 3795 2707 3869 curabilcm.
2730 3795 2817 3869 Sic
2857 3794 3011 3860 inira,
3059 3797 3147 3869 ubi
3186 3796 3254 3853 de
3294 3801 3455 3869 lepra:

1860 3866 2195 3990 hminunditia
2223 3867 2468 3933 sanabili,
2498 3866 2929 3936 recuperationem
2958 3876 3005 3921 et
3029 3866 3451 3937 reformationem

1902 3938 2013 3989 txit.

1902 3938 2013 3989 ixit.

1936 4006 2216 4084 lunocsne.
2248 4007 2289 4074 l,
2333 4007 2563 4084 69091,Δ
2590 4007 2694 4061 Per
2878 4017 2924 4084 e_t
2952 4026 3110 4084 plena:
3147 4012 3217 4084 ad
3265 4013 3454 4084 impios

1865 4090 2061 4148 parata:
2079 4080 2389 4148 irrogantur.
2414 4078 2683 4134 Mendose.
2710 4078 2999 4134 Verissima
3040 4082 3198 4137 lectio
3228 4094 3309 4139 est
3336 4078 3453 4140 vnl-

1864 4159 2007 4219 gata,
2034 4166 2191 4220 quant
2235 4160 2413 4206 tuetur
2452 4150 2611 4205 etiam
2650 4150 2820 4205 codex
2850 4152 3111 4222 Agobardi
3142 4172 3154 4207 :
3186 4153 3291 4209 Per
3335 4158 3454 4212 illas

1865 4232 1909 4275 et
1942 4238 2101 4291 paena:
2120 4222 2378 4289 adimpios
2400 4233 2591 4293 parata:
2615 4222 2934 4291 ignorantur.
2975 4222 3065 4277 Ait
3093 4223 3451 4282 Tertulliauus

1866 4308 1963 4361 per
1987 4294 2219 4361 iniquam
2262 4294 2595 4347 saecularium
2639 4300 2956 4360 potestatem
2979 4294 3235 4350 adversus
3264 4296 3449 4352 Chris-

1868 4365 2041 4417 tianos
2078 4364 2333 4417 saevitiam
2378 4364 2517 4427 tieri,
2550 4376 2657 4433 quo
2715 4363 2890 4417 minus
2932 4364 3117 4434 religio
3157 4367 3449 4423 christiana

1868 4434 2127 4502 proficiat,
2158 4448 2219 4487 ae
2248 4449 2341 4503 per
2381 4434 2483 4488 hoc
2510 4433 2761 4506 ignorari,
2794 4448 2911 4503 qua:
2950 4433 3056 4489 sint
3082 4450 3112 4490 a
3144 4436 3251 4491 Deo
3282 4454 3451 4506 [nemo

1867 4506 2123 4559 adversus
2153 4506 2342 4573 impios
2367 4516 2584 4576 paratae.
2625 4504 2807 4576 Itaque
2843 4520 3031 4561 omnes
3069 4506 3227 4576 hujus
3267 4504 3451 4565 steculi

1869 4584 2159 4645 potestates
2182 4588 2235 4630 et
2263 4575 2567 4645 dignitates,
2600 4590 2705 4629 non
2736 4575 2906 4629 solum
2936 4575 3155 4643 alienas,
3184 4594 3365 4633 verum
3397 4591 3453 4636 et

1872 4647 2113 4701 inimicas
2142 4647 2233 4701 Dei
2256 4662 2396 4711 esse,
2425 4648 2665 4716 adeoque
2688 4646 3000 4701 Christianis
3038 4648 3130 4703 Dei
3159 4649 3452 4706 cultoribus

1874 4719 2094 4773 minime
2120 4718 2433 4772 ambiendas
2457 4728 2548 4771 aut
2572 4716 2955 4786 suscipiendas.

1946 4790 2197 4844 Innocua.
2246 4790 2309 4853 ll,
2351 4789 2449 4844 701
2499 4788 2559 4853 C,
2606 4788 2710 4841 702
2754 4786 2820 4854 Α,
2870 4786 3163 4844 /Ethalides
3190 4800 3356 4846 autem
3403 4805 3452 4849 et

1877 4858 2218 4914 lIermotimus
2271 4860 2440 4931 fabam
2504 4874 2697 4931 quoque
2746 4859 2799 4912 in
2854 4860 3053 4929 pabulis
3109 4864 3454 4921 communibus

1874 4933 2114 5006 iri-uerat,
2138 4933 2183 5006 Ai.
2196 4946 2258 5006 ρ.
2290 4932 2558 5006 intulerat,
2579 4930 2867 5006 injecerat;
2895 4944 3018 4985 nam
3043 4940 3097 4987 et
3117 4949 3262 4988 ruere
3288 4950 3451 5006 agen-

1874 5003 1943 5057 tis
1969 5010 2072 5067 est,
2102 5002 2406 5057 aitServius
2428 5002 2477 5056 in
2504 5000 2695 5070 Georg.
2728 5000 2788 5054 ll.

1950 5073 2119 5128 lscu.
2183 5073 2247 5141 11,
2298 5074 2420 5145 7551
2481 5074 2547 5137 Α,
2578 5070 2674 5145 In
2737 5070 2875 5145 isclis
2931 5070 3453 5145 Carthaginiensibus.

1879 5144 2213 5269 VcIiCtlsbulum
2284 5144 2742 5216 Carthaginiense.
2822 5142 2974 5214 Syris
3032 5142 3209 5201 iscola.
3274 5146 3449 5205 Latin.

1879 5232 1929 5269 se
1950 5232 1997 5269 ιο
2020 5234 2069 5269 a.

1876 5217 2069 5272 schola.

1947 5288 2124 5356 lsren,
2158 5286 2447 5361 Danubius.
2496 5285 2559 5353 11,
2594 5284 2713 5361 247“
2734 5284 2798 5351 Β,
2847 5283 2983 5339 Istro
3029 5286 3285 5361 fallacior,
3336 5291 3457 5361 quia

1876 5370 2069 5415 nautas
2113 5357 2494 5431 profunditate,
2546 5356 2828 5431 rapiditate
2877 5366 2931 5411 et
2974 5360 3209 5431 cautium
3256 5356 3455 5431 scopu-

1874 5427 2156 5556 forumque
2215 5430 2679 5487 intervenientium
2744 5427 3042 5499 frequentia
3090 5430 3315 5500 plurima
3355 5427 3456 5488 lal-

1898 5513 1953 5556 ιι.

1958 5574 2206 5629 Ιτειιλιιε.
2246 5573 2309 5636 ll,
2352 5571 2491 5627 1008
2532 5571 2599 5636 Α,
2644 5570 2770 5625 Cum
2801 5570 2874 5643 ad
2907 5569 3194 5643 Corinthios
3236 5576 3462 5643 ejusdem

1885 5647 2117 5716 Apostoli
2166 5645 2323 5699 litera:
2350 5646 2552 5698 iterant.
2585 5643 2649 5710 ll,
2674 5643 2773 5697 711
2800 5640 2861 5710 Β,
2893 5642 3092 5699 Anima:
3116 5645 3168 5698 in
3184 5640 3330 5699 aliud
3358 5664 3464 5703 cor-

1885 5734 1979 5785 pus
2008 5718 2216 5771 iteratcc.

1959 5780 2108 5857 ixi/6;,
2135 5789 2174 5853 Ι,
2208 5786 2345 5842 1198
2373 5785 2436 5850 Λ,
2457 5785 2561 5839 Sed
2586 5800 2679 5858 nos
2718 5785 2964 5854 pisciculi,
3000 5786 3279 5858 secundum
3309 5794 3467 5858 ῑχςύδ,

1886 5850 2115 5913 nostrum
2156 5850 2331 5915 Iesum
2370 5858 2621 5911 Christum
2652 5850 2868 5927 in'agua
2906 5860 3182 5912 nascimur.
3214 5850 3471 5927 Ῐχθὺξήοέ

1886 5949 2003 5987 tuen
2031 5936 2317 6003 ἀκρειέὼον
2341 5928 2360 6003 (
2383 5939 2437 5983 ιιι
2463 5928 2536 5984 ait
2559 5927 2747 5984 Junius
2770 5934 2787 5997 )
2814 5944 2877 5981 ex
2904 5929 3177 5999 Sibyllinis
3204 5932 3473 6009 versibus,

2607 6021 3200 6108 (Quaranlc-tlcux.)
