4184 6496
736 426 756 481 -1
770 422 863 481 351

1689 417 1899 475 INDEX
1940 416 2368 474 LATINITATIS
2406 416 2984 474 TERTI‘IJJANErE.

3882 413 4023 473 1552

734 550 911 594 autem
964 535 1196 592 historiae
1238 541 1307 605 et,
1346 532 1618 589 memoria:
1643 574 1657 597 ,
1698 531 1841 601 quod
1887 532 1970 586 hae
2020 532 2319 601 signilicmtl

2447 550 2510 586 res
2536 550 2658 603 quas
2684 545 2927 605 osi-mia:
2953 531 3249 605 appellant;
3290 531 3380 587 alii
3420 532 3600 603 legunt
3641 536 3872 593 ἀποικίαις
3897 574 3912 599 ,
3944 534 4020 587 nil

735 610 980 672 archiva,
1029 618 1085 662 ut
1134 622 1252 661 mox
1296 604 1569 675 loquitur,
1598 620 1690 657 seu
1736 606 2184 675 commentarios;
2216 605 2319 658 ill;e

735 699 865 737 vero
891 689 1195 743 rinigestam
1228 680 1278 749 in
1311 674 1489 731 rerum
1516 685 1784 749 gestarum
1814 676 1979 749 libros
2021 674 2316 749 historiam.

738 753 779 808 11
810 796 823 817 ,
873 752 979 807 960
1029 750 1102 816 C,
1164 746 1435 819 Occupatis
1476 748 1730 802 memoria:
1757 746 1915 813 locis,
1962 746 2213 815 impeditis
2239 763 2324 800 sa-

736 825 941 895 pientia:
979 821 1235 875 membris.

810 895 1156 959 Μιςκωοιωι,
1189 889 1328 961 quod
1360 903 1613 961 vereinon
1645 896 1720 961 est
1741 929 1755 952 ,
1785 887 2003 961 iil_olum.
2034 886 2089 961 l,
2112 886 2219 941 416
2240 888 2280 942 Β
2306 931 2318 954 ,

741 966 841 1033 Qui
872 957 1188 1019 mendacium
1209 957 1453 1015 colentes.
1485 960 1526 1015 ll
1552 1001 1566 1023 ,
1602 961 1659 1014 5|
1695 960 1739 1014 Α
1762 957 2197 1033 .Erpositionum
2231 976 2320 1033 ett-

742 1030 855 1091 ritnt
885 1036 1147 1089 mendacia
1172 1075 1186 1097 ,
1231 1034 1265 1085 i.
1298 1047 1350 1087 e.
1379 1047 1563 1086 earnm
1610 1032 2035 1100 expositionum,
2069 1045 2200 1099 quas
2242 1030 2318 1096 gi-

738 1116 906 1178 gnunt
954 1107 1347 1178 Scripturarum
1392 1099 1690 1178 adulteria.’
1729 1100 1769 1155 11
1796 1142 1810 1166 ,
1852 1099 1923 1155 86
1970 1099 2042 1167 Β,
2087 1100 2149 1155 Si
2190 1103 2325 1155 enim

740 1173 1059 1232 incudm-inm
1075 1173 1364 1228 divinitatis
1384 1173 1619 1227 diabolus
1649 1184 1906 1241 operatur.

814 1249 1065 1303 MENTIRI.
1090 1247 1131 1301 Il
1152 1288 1167 1307 .
1199 1244 1305 1302 898
1324 1246 1363 1297 (ἶ
1383 1286 1395 1308 ,
1437 1245 1499 1299 Si
1524 1245 1595 1297 ita
1641 1244 1823 1307 virgini
1868 1258 2054 1296 cassum
2082 1241 2325 1312 capillum

741 1321 909 1375 decori
960 1320 1219 1372 mentitur.
1273 1316 1474 1371 Sensus
1526 1323 1650 1369 est:
1684 1313 1890 1368 Viderit
1938 1313 2191 1367 saeculum
2218 1354 2234 1378 ,
2280 1314 2326 1368 si

741 1391 877 1445 adeo
918 1392 1173 1444 mentitur
1212 1387 1425 1451 decori,
1461 1386 1561 1439 hoc
1586 1396 1660 1437 eSI
1684 1424 1698 1448 ,
1731 1385 1775 1437 si
1808 1394 1913 1439 tam
1956 1399 2116 1452 prave
2143 1383 2325 1439 decori

744 1462 917 1527 favet,
961 1471 1018 1515 ut
1059 1473 1256 1513 cassum
1304 1456 1492 1526 virgini
1520 1455 1770 1524 capillum
1817 1455 2147 1527 decoriesse
2178 1470 2327 1509 men-

746 1533 934 1597 tiatur,
983 1546 1104 1585 cum
1144 1530 1214 1583 sit
1258 1528 1432 1596 potius
1466 1527 1963 1597 dehonestamento.
1996 1526 2173 1580 Alium
2204 1541 2327 1581 sen-

743 1618 861 1657 Slllll
902 1596 1145 1673 qnzesivit
1191 1599 1462 1673 Latinius,
1512 1598 1664 1673 litera
1711 1596 1979 1673 detracm,
2024 1598 2067 1673 si
2116 1598 2185 1649 ita
2226 1600 2328 1650 vir-

745 1675 851 1739 gini
898 1668 1079 1727 cauum
1125 1671 1367 1740 capillum
1399 1669 1569 1724 decori
1617 1668 1859 1732 metitur,
1910 1678 1966 1721 ut
2003 1668 2070 1721 sit
2099 1683 2322 1740 sensus:

752 1745 952 1799 Viderit
979 1739 1255 1815 smenlum,
1285 1742 1515 1815 sitalem
1545 1740 1739 1794 tribuat
1772 1753 2076 1815 mensuram
2108 1739 2285 1815 decori
2310 1782 2324 1804 ,

744 1830 940 1870 czesum
977 1815 1165 1884 virgini
1205 1810 1453 1884 capillum
1494 1819 1550 1865 ut
1591 1823 1757 1881 puero
1805 1810 2150 1879 promissum.
2197 1812 2327 1877 Quae

744 1886 1051 1954 cenjeetura
1069 1883 1190 1940 non
1216 1883 1485 1955 displicet.

821 1951 1217 2011 hil-ZRCENABIUS.
1252 1951 1440 2019 1,”270
1484 1952 1561 2017 Α,
1597 1951 1914 2006 Merccnaria
1960 1951 2287 2007 advocatione
2310 1995 2327 2019 ,

749 2029 785 2081 i.
819 2043 868 2083 c.
892 2028 1150 2081 advocato
1176 2025 1423 2079 mercede
1446 2022 1729 2079 conducto.
1760 2022 1810 2089 1,
1842 2021 1950 2079 572
1977 2022 2024 2079 Λ
2043 2022 2332 2089 ,Alercena-

745 2100 853 2152 rius
881 2100 1080 2152 noxius.
1112 2096 1229 2151 Vid.
1263 2096 1479 2151 Nonus.

819 2169 1027 2224 Menrat
1050 2210 1063 2235 ,
1086 2168 1339 2237 consequi
1364 2208 1379 2233 ,
1410 2180 1601 2235 nempe
1627 2164 1741 2219 hmc
1772 2164 2087 2237 signiﬁcatio
2114 2165 2331 2221 demum

749 2251 870 2309 post
929 2240 1201 2295 Ciceronis
1240 2236 1479 2307 témpora
1528 2238 1784 2299 invaluit,
1830 2236 2166 2305 suspicione»:
2222 2254 2332 2291 me-

746 2314 989 2365 rebuntur
1024 2312 1247 2380 alicujus
1296 2310 1646 2380 conscientiw,
1691 2310 1744 2361 ll.
1792 2322 1843 2361 e.
1876 2309 1928 2360 in
1975 2309 2333 2376 suspicionem

750 2386 995 2446 venient,
1036 2396 1098 2436 se
1124 2396 1230 2436 non
1261 2380 1509 2450 ignorare
1536 2379 1692 2450 huius
1720 2392 1945 2450 caussa,
1966 2393 2123 2450 quam
2156 2390 2335 2435 mmen

750 2454 1007 2534 datnnaiit
1028 2448 1363 2534 ,ljustitia‘vm'.‘
1386 2448 1675 2534 curtmv‘l,
1706 2450 1767 2530 11
1798 2448 2332 2534 ,νιιΟΞ-ΡιεηἊιίμηι,

751 2527 909 2591 epist.
942 2524 997 2577 8.
1029 2519 1219 2578 Minue.
1254 2520 1422 2584 Felix,
1455 2522 1506 2574 in
1540 2519 1769 2591 Octavio,
1799 2519 1842 2575 ν
1867 2559 1883 2585 ,
1918 2520 2003 2591 15.
2036 2520 2091 2581 1,
2120 2521 2227 2575 271
2250 2522 2359 2588 Δ,

752 2590 941 2649 Meruit
970 2610 1169 2663 plenam
1188 2634 1203 2657 ,
1230 2595 1264 2647 i.
1295 2608 1345 2646 e.
1377 2604 1531 2661 paena
1562 2590 1783 2646 allectus
1804 2601 1903 2645 est.
1931 2590 2098 2663 1,400
2121 2590 2198 2657 Α,
2226 2592 2339 2647 Με-

750 2667 905 2719 ritum
957 2662 1052 2735 fuit
1091 2664 1332 2719 delictum
1357 2679 1531 2717 eorum
1553 2704 1567 2726 ,
1610 2663 1645 2735 i.
1693 2677 1744 2717 e.
1777 2662 1987 2716 meruit.
2020 2662 2072 2735 l,
2116 2664 2227 2735 4:478,
2257 2663 2295 2735 Β
2319 2704 2335 2729 ,

756 2736 857 2803 Qui
883 2733 1076 2790 merear
1095 2738 1363 2806 impetrare
1381 2775 1396 2797 ,
1422 2735 1455 2787 i.
1486 2750 1532 2789 e.
1561 2734 1649 2803 qni
1683 2734 2069 2806 ennsequar._ll
2090 2775 2105 2801 ,
2131 2733 2240 2806 202
2266 2734 2336 2799 Β,

754 2808 815 2863 Si
838 2804 1259 2862 meruerimusilli
1284 2819 1390 2858 esse
1411 2846 1424 2865 ,
1459 2807 1493 2857 i.
1529 2824 1579 2858 e.
1608 2819 1978 2870 assequamur.
2012 2804 2056 2858 11
2081 2845 2095 2867 ,
2128 2804 2233 2859 578
2262 2809 2300 2859 Α
2323 2846 2337 2871 ,

762 2876 974 2932 Veniam
997 2879 1258 2933 meruisse.
1287 2876 1305 2930 Ι
1327 2917 1341 2942 ,
1374 2876 1479 2931 688
1505 2878 1545 2929 A
1570 2916 1583 2939 ,
1618 2876 1717 2941 Qui
1745 2875 2143 2945 familiaritatem
2168 2892 2341 2947 regum

752 2948 1092 3003 merebantur.

826 3020 1185 3075 Menrromuu.
1218 3017 1260 3073 ll
1283 3059 1298 3085 ,
1330 3016 1435 3073 550
1461 3016 1531 3083 Β,
1566 3016 1883 3071 Meritorium
1908 3019 2071 3087 facins
2097 3026 2169 3071 est
2196 3035 2344 3072 mun-

755 3091 885 3153 dus,
930 3094 967 3146 i.
1010 3107 1060 3146 e.
1105 3091 1297 3147 domus
1342 3089 1636 3145 cmnaeulis
1686 3088 1881 3143 referta
1927 3089 2217 3143 meritoriis
2244 3092 2261 3156 (
2289 3100 2346 3145 ut

756 3163 979 3218 Sueten.
1030 3172 1185 3217 vocat
1234 3158 1479 3226 Vitellio,
1530 3175 1651 3230 cap.
1711 3162 1742 3213 7
1794 3160 1855 3228 ),
1929 3173 2048 3229 qua:
2102 3160 2347 3216 locantur

757 3242 995 3301 qurestus
1019 3234 1186 3302 gratia
1213 3273 1229 3298 ,
1264 3247 1383 3302 qua:
1412 3230 1599 3287 eadem
1629 3230 1881 3286 dicuntur
1925 3230 2221 3287 meritoria.
2253 3231 2347 3302 Ju-

757 3304 929 3359 venal.
956 3346 970 3369 ,

758 3376 978 3429 mittunt.

829 3446 1104 3503 Μειιιτωι.
1152 3446 1233 3511 11,
1267 3445 1373 3501 572
1399 3445 1439 3501 C
1459 3487 1473 3511 ,
1510 3444 1693 3498 Merito
1736 3444 1885 3497 unius
1916 3443 2161 3509 proverbii
2186 3487 2200 3510 ,
2230 3444 2265 3498 i.
2297 3460 2348 3501 e.

759 3519 1128 3574 attributione.
1155 3518 1197 3572 ll
1217 3558 1232 3582 ,
1270 3517 1377 3572 510
1405 3517 1477 3581 C,
1507 3514 1785 3569 Dominum
1814 3525 1859 3567 et
1892 3515 1972 3567 hic
2002 3516 2354 3570 retributorem

760 3590 1022 3659 utriusque
1045 3590 1240 3653 meriti,
1268 3590 1303 3642 i.
1342 3603 1392 3643 e.
1422 3588 1545 3642 boni
1570 3598 1619 3642 et
1648 3588 1793 3640 mali.
1816 3586 1858 3659 11
1881 3628 1895 3651 ,
1922 3586 2027 3659 alii
2048 3586 2126 3659 VC,
2150 3586 2353 3659 Idcirco

759 3677 873 3713 cum
900 3657 1188 3714 auctoribus
1216 3659 1393 3713 merita
1421 3660 1809 3713 communicare.
1842 3657 1894 3721 I,
1927 3658 2066 3712 1154
2088 3658 2131 3711 Α
2148 3701 2162 3723 ,
2190 3657 2354 3711 .lleri-

760 3734 917 3785 ritum
946 3732 1067 3798 fidei
1098 3740 1283 3797 vocat,
1314 3730 1457 3800 quod
1508 3729 1673 3783 Deum
1707 3738 1909 3799 patrem
1952 3728 2223 3797 appellare
2254 3743 2353 3783 no-

760 3802 844 3856 bis
879 3802 1055 3856 liceat.
1990 3814 1997 3821 '

834 3872 1102 3929 MEROPBS.
1132 3872 1213 3937 11,
1245 3871 1385 3928 1052
1412 3871 1453 3926 Β
1474 3913 1488 3935 ,
1521 3869 1724 3926 ᾹΞΙίςιιι.
1746 3910 1761 3935 ,
1810 3868 1903 3923 lib.
1934 3866 2030 3934 111,
2074 3868 2235 3923 refert
2266 3868 2349 3925 Si-

766 3943 942 3998 lemnn
988 3947 1295 4015 quemdam
1325 3943 1506 4015 Midae,
1541 3941 1785 4013 Phrygia:
1813 3941 1961 4015 regi,
2020 3941 2354 4015 persuasisse

763 4025 911 4069 extra
954 4011 1096 4070 hunc
1140 4014 1397 4069 mundtuu
1441 4014 1604 4070 alium
1646 4011 1802 4078 esse,
1856 4012 1908 4066 in
1954 4025 2061 4081 quo
2106 4011 2355 4071 homines

762 4085 1006 4153 MerOpes
1034 4088 1449 4155 appellarentur.

836 4152 1048 4213 Nessus.
1071 4152 1157 4224 ll,
1188 4156 1291 4213 740
1322 4156 1362 4210 Β
1384 4198 1400 4223 ,
1432 4155 1519 4211 Sic
1542 4152 1726 4225 rapida
1752 4168 1961 4223 qumque
1986 4169 2120 4207 mors
2146 4162 2202 4207 ut
2241 4171 2351 4209 σενα

762 4244 926 4283 incum
951 4246 1146 4284 "MSS".

837 4301 1160 4357 ΜετΑιιυιι.
1190 4299 1271 4363 11,
1301 4300 1440 4356 1038
1468 4301 1543 4365 Α,
1598 4295 1814 4352 Pellitus
1858 4294 2002 4361 orbi,
2058 4304 2111 4349 nt
2154 4297 2356 4351 metallo

764 4372 945 4436 datur,
981 4376 1014 4425 i.
1050 4390 1097 4427 e.
1134 4383 1380 4436 tanquam
1411 4371 1476 4425 ad
1509 4372 1718 4423 metalla
1748 4368 2050 4423 damnatur.
2074 4366 2223 4421 Geni.
2251 4367 2358 4423 Ge-

767 4457 883 4497 nes.
907 4484 920 4506 ,
955 4444 1051 4507 Ill,
1078 4442 1292 4510 17,18.
1324 4442 1383 4509 Ι,
1414 4442 1650 4505 150911,
1682 4439 1879 4494 Metalli
1908 4444 2087 4509 refuga
2109 4480 2123 4504 ,
2152 4438 2220 4492 de
2250 4449 2357 4494 tor-

762 4515 957 4583 quibus
987 4525 1039 4569 ct
1070 4514 1293 4569 armillis
1312 4554 1328 4579 ,
1351 4515 1445 4585 qui
1470 4528 1499 4567 a
1538 4512 1808 4567 communi
1851 4510 2187 4565 metallorum
2208 4521 2356 4567 sorte

764 4586 1000 4654 seipsum
1026 4586 1231 4640 eximit.

834 4652 1066 4711 METABI.
1095 4655 1138 4711 11
1162 4699 1177 4718 ,
1207 4655 1314 4712 912
1350 4654 1393 4710 Β
1411 4696 1427 4721 ,
1459 4653 1622 4709 Nobis
1650 4652 1897 4708 Dominus
1922 4652 2073 4706 etiam
2097 4653 2358 4708 revelatio-

765 4727 915 4782 nibus
933 4728 1196 4782 vela‘minis
1223 4728 1388 4798 spatia
1414 4736 1629 4782 metatus
1658 4735 1729 4798 est
1752 4727 1810 4798 _i.
1832 4740 1883 4779 e.
1902 4724 2191 4798 constituit
2226 4724 2358 4798 lines

765 4809 819 4853 et
841 4801 1117 4855 terminos.
1165 4799 1208 4854 11
1229 4796 1258 4866 ,ἡ
1273 4797 1379 4853 988
1410 4798 1484 4865 Β,
1532 4799 1605 4852 Ab
1652 4796 1944 4851 idololatria
1973 4804 2239 4850 metamur.
2274 4796 2353 4864 11,

767 4870 941 4942 577ΑΛ
965 4911 980 4935 ,
1026 4869 1250 4942 Inferius
1276 4870 1423 4942 illum
1446 4880 1663 4925 metatur
1701 4868 2015 4942 medietatem
2056 4867 2353 4942 Acharnoth.

837 4937 1115 5007 Merum,
1164 4942 1313 4997 locus
1360 4941 1413 4994 in
1465 4955 1573 5011 quo
1616 4947 1904 5011 metamur.
1963 4937 2040 5011 ll,
2089 4937 2228 4993 1052
2266 4939 2355 5011 Β,

769 5011 965 5067 Nostra
985 5023 1116 5067 certe
1144 5012 1378 5078 metatio,
1407 5012 1442 5068 i.
1475 5009 1525 5066 ὁ.
1561 5012 1647 5066 hic
1677 5010 1904 5064 mundus
1924 5050 1938 5075 ,
1987 5009 2039 5062 iu
2079 5023 2187 5077 quo
2229 5010 2359 5063 vivi-

763 5098 903 5139 mus.
956 5084 1037 5151 11,
1069 5082 1175 5139 669
1216 5083 1290 5149 Β,
1326 5081 1395 5137 Et
1435 5083 1617 5154 quibus
1660 5082 1713 5135 in
1754 5095 1965 5150 corpore
2006 5081 2358 5137 metationibus

763 5164 1151 5225 sequestrantur.

764 5296 801 5365 ﬁ
830 5224 1119 5305 Mauros.
1167 5226 1241 5293 Il,
1274 5224 1382 5282 255
1410 5224 1486 5293 Β,
1524 5225 1726 5280 Arbitro
1754 5232 1802 5279 et
1847 5231 2089 5277 ntetatore
2134 5224 2269 5277 initii
2313 5233 2358 5279 et

804 5313 904 5350 nis.

804 5313 904 5350 1111.

837 5367 1085 5422 Merene.
1109 5367 1183 5431 ll.
1213 5367 1318 5423 50s
1346 5367 1419 5434 Β,
1449 5366 1521 5433 C,
1551 5365 1710 5436 Cujus
1753 5376 1797 5421 et
1829 5366 1973 5421 litera
2013 5375 2198 5422 metens
2242 5384 2357 5421 car-

765 5455 880 5494 nem
909 5440 1020 5510 ejus
1039 5481 1053 5504 ,
1087 5440 1121 5493 i.
1150 5455 1201 5495 e.
1232 5441 1316 5494 lex
1340 5438 1785 5510 circumcisionis.

838 5507 1222 5579 Μῆνθεομέχειν.
1252 5510 1306 5575 Ι,
1340 5511 1444 5565 7οἳ
1473 5510 1542 5575 Β,
1577 5509 1694 5565 Noli
1720 5524 1838 5563 eum
1867 5509 1977 5564 DCO
2003 5507 2223 5563 bellare.
2268 5508 2356 5564 Bis

768 5580 821 5633 in
849 5582 983 5636 Actis
1009 5583 1237 5651 Apostol.
1264 5592 1335 5649 μὴ
1361 5588 1681 5649 θεομᾶχωμεν.
1714 5582 1921 5646 ϐἱοαιό,
1953 5580 2004 5632 in
2041 5579 2135 5632 lib.
2167 5580 2229 5634 de
2254 5581 2353 5634 Sc-

768 5661 901 5724 nect.
934 5668 951 5705 :
980 5650 1117 5716 Quid
1154 5661 1229 5705 est
1255 5654 1387 5707 enim
1408 5653 1550 5707 aliud
1578 5655 1836 5724 gigantum
1866 5667 2003 5705 more
2030 5650 2218 5705 bellare
2241 5666 2357 5705 cum

766 5722 865 5776 diis
884 5763 899 5786 ,
932 5724 1027 5776 nisi
1055 5733 1251 5777 natura!
1276 5739 1581 5793 repugnare.

838 5799 1211 5862 Μιτιμψὺχωτις
1230 5835 1246 5861 ,
1269 5794 1313 5850 ll
1334 5837 1346 5849 .
1381 5794 1485 5850 702
1510 5799 1571 5848 Α.

839 5870 1271 5933 Μετινσωμάτωσις
1292 5907 1306 5933 ,
1340 5864 1381 5920 ΙΙ
1406 5907 1420 5929 ,
1451 5865 1553 5920 702
1582 5866 1642 5919 Α.

844 5941 1101 5993 Messalas.
1134 5934 1209 6007 ll,
1242 5936 1347 5993 700
1376 5936 1452 6000 Α,
1483 5937 1615 5991 Dum
1643 5937 1891 5994 solenmes
1918 5936 2067 5992 etiam
2093 5936 2355 6005 migratio-

1057 3304 1178 3360 atir.
1220 3301 1331 3358 lll:
1362 3301 1503 3357 Nam
1543 3317 1657 3371 qua:
1695 3302 1949 3356 meritoria
1993 3317 2225 3356 somnum
2253 3301 2350 3356 ad—
2378 3314 2423 3377 ο

2427 605 2667 658 interest.
2704 604 3271 659 Pliavoriu.:l\l§1mai
3297 615 3509 675 λέγονται
3560 614 3606 657 οἱ
3656 614 4020 665 καταλείποντες

2426 686 2510 730 τὶν
2542 680 2664 729 ἰδίαν
2686 682 2836 741 πόλιν,
2860 682 2941 729 καὶ
2971 686 3115 737 ἄλλη-ι
3144 682 3389 737 siticines.

2498 746 2653 802 MICA.
2685 746 2764 809 11,
2799 747 2907 801 655
2936 746 2978 801 Β
3000 790 3015 811 ,
3060 748 3157 800 Aut
3189 750 3345 800 micas
3386 748 3448 799 de
3478 746 3830 816 minutiloquio
3873 748 4020 801 Aris-

2426 818 2590 871 totelis
2613 818 2827 885 infersit.
2847 818 3006 872 Micas
3023 828 3075 871 et
3098 819 3522 889 Ininuliloquium
3538 819 3667 872 dicit
3687 827 4013 887 λεποληίειν,

2426 889 2885 958 scribeniligenus
2923 889 3151 953 subtile,
3198 890 3502 955 concisum,
3558 890 3718 959 quale
3764 900 3848 943 est
3900 891 4022 943 Ari-

2428 962 2653 1013 stotelis.
2708 960 2895 1015 Junius
2926 960 3055 1030 legit
3108 962 3321 1014 intersit.
3373 959 3469 1015 Est
3513 972 3691 1014 autem
3724 960 4018 1030 intergere,

2426 1032 2745 1097 ἀπομάσσειν,
2796 1032 2847 1085 in
2903 1031 3177 1102 Glossario
3219 1030 3485 1086 nutricum
3532 1030 3839 1102 proprium,
3898 1047 4021 1099 quae

2429 1102 2741 1170 intergendn
2789 1102 2987 1170 pultem
3042 1101 3293 1156 exhibent
3327 1102 3614 1171 parvulis,
3673 1112 3928 1170 tauquam
3974 1102 4021 1157 si

2429 1172 2624 1239 digitos
2654 1174 2985 1239 intergerent
3009 1177 3074 1226 ad
3100 1174 3267 1227 malas
3293 1174 3550 1242 ipsorum.

2500 1242 2752 1297 MILESLE.
2804 1244 2873 1307 ll,
2918 1244 3022 1299 686
3049 1244 3089 1299 C
3112 1285 3127 1310 ,
3163 1242 3262 1297 Per
3285 1245 3419 1312 quod
3448 1244 3685 1299 historias
3705 1252 3751 1297 et
3794 1243 4023 1299 milesias

2428 1330 2626 1367 a'ouum
2652 1331 2880 1368 suorum.
2937 1314 3113 1369 Latin.
3166 1315 3401 1369 historias
3444 1331 3585 1384 teque
3635 1315 3891 1379 milesias,
3938 1316 4023 1369 vel

2430 1386 2668 1439 historias
2694 1402 2878 1451 easque
2916 1387 3158 1439 milesias.
3193 1384 3409 1439 Milesia:
3437 1385 3772 1455 appellantur
3815 1386 4025 1440 Latinis

2429 1455 2622 1527 (attulit:
2692 1456 2983 1525 magniﬁcae
3031 1468 3191 1525 atque
3251 1461 3769 1527 ὑπερτρσνωδούμιναι.
3848 1457 4024 1511 Julius

2430 1526 2760 1595 Capitolinus
2792 1529 2841 1581 in
2869 1526 3057 1581 Clodio
3088 1527 3307 1581 Albino:
3340 1525 3572 1581 Milesias
3618 1528 3856 1581 nonnulli
3883 1529 4023 1596 ejus-

2431 1598 2543 1650 dem
2564 1614 2669 1651 csse
2692 1599 2896 1663 dicunt,
2929 1615 3145 1669 quarum
3171 1602 3309 1669 fama
3339 1615 3437 1652 non
3484 1598 3722 1669 ignobilis
3768 1598 4022 1669 habetur,

2429 1670 2657 1791 (Inamris
2677 1670 2993 1723 mediocriter
3018 1668 3221 1739 scripta:
3242 1670 3364 1722 sint.
3396 1669 3655 1725 Videntur
3699 1680 3883 1723 autem
3921 1668 4024 1723 Mi-

2455 1740 2569 1791 esite
2613 1740 2769 1791 dicta:
2812 1750 3031 1791 nrnnter
3056 1756 3243 1791 vanam
3293 1739 3621 1791 Milesiorum
3647 1739 4024 1791 eloriationem

2455 1740 2569 1792 esito
2613 1740 2769 1794 dicta:
2812 1750 3031 1810 propter
3056 1756 3243 1794 vanam
3293 1739 3621 1795 Milesiorum
3647 1739 4024 1807 gloriationem

2433 1811 2514 1883 de
2570 1810 2787 1883 oraculo
2858 1811 3116 1883 Didymmi
3166 1811 3463 1883 Apollinis
3544 1812 3597 1865 in
3656 1810 4021 1883 Branchidis,

2432 1881 2583 1951 cujus
2630 1882 2903 1952 templum'
2936 1881 3055 1937 eum
3106 1882 3229 1936 olim
3292 1881 3497 1937 Xerxes
3543 1882 3868 1947 evertisset,
3910 1896 4029 1936 oni-

2435 1956 2720 2022 enlumque
2790 1952 3092 2019 desiisset,
3145 1953 3570 2009 innumerabiles
3623 1952 3835 2007 fabulas
3897 1968 4026 2007 con-

2437 2032 2685 2078 texerunt
2758 2024 2989 2091 frustra,
3069 2034 3125 2078 ut
3196 2024 3277 2079 sui
3358 2024 3563 2078 oraculi
3632 2024 4029 2079 restitutionem

2436 2093 2769 2149 afﬁrmarent
2821 2096 2873 2150 in
2926 2096 3161 2165 templo,
3230 2095 3370 2163 quod
3445 2095 3683 2149 omnium
3730 2097 4027 2165 maximum

2438 2166 2934 2235 retedilieaverant,
3008 2164 3065 2222 ut
3117 2166 3333 2233 Strabo,
3390 2166 3478 2220 lib.
3534 2165 3652 2222 XIV
3710 2164 4025 2237 Geograph,

2439 2245 2638 2290 narrat.

2509 2308 2793 2381 Murrane.
2818 2307 2895 2381 llr,
2926 2307 3055 2365 1051
3088 2308 3162 2373 Β,
3197 2307 3326 2374 Qua:
3347 2324 3519 2381 inuras
3549 2311 3789 2381 frangere
3810 2307 3995 2362 militat
4016 2349 4029 2372 ,

2441 2378 2475 2451 i.
2507 2394 2554 2433 e.
2588 2379 2741 2451 cujus
2785 2380 2973 2434 militia
3000 2389 3081 2436 est
3113 2394 3297 2435 muros
3340 2378 3601 2451 frangere.
3653 2378 3879 2437 Ciacon.
3933 2394 4017 2451 ap.

2440 2450 2611 2504 Latin.
2646 2450 2759 2504 vult
2782 2451 2999 2504 minitat.

2510 2521 2733 2577 MIIICE.
2758 2522 2813 2586 1,
2844 2521 2949 2577 501
2984 2523 3059 2589 Α,
3096 2520 3300 2577 Mimice
3328 2519 3909 2594 philosophia/fectant
3952 2536 4029 2575 vc-

2439 2593 2635 2646 ritatcm
2660 2636 2675 2658 ,
2709 2594 2744 2647 i.
2770 2609 2821 2649 e.
2852 2594 3045 2648 mimos
3068 2606 3229 2662 agunt
3253 2636 3268 2659 ,
3293 2592 3412 2647 eum
3441 2593 3530 2647 alii
3566 2592 3853 2647 videantur
3875 2592 4024 2658 foris,

2441 2664 2661 2786 alilisgit
2682 2665 2825 2786 itntus
2848 2704 2863 2731 ,
2893 2665 3138 2735 adeoque
3159 2664 3447 2734 aliquando
3478 2664 3701 2719 delectis
3730 2665 3878 2719 vitiis
3905 2664 4030 2718 ridi-

2443 2749 2507 2786 eu
2536 2752 2545 2785 I
2619 2750 2686 2786 un
2722 2773 2734 2786 .

2443 2736 2545 2787 culi
2579 2736 2734 2787 liunt.

2518 2804 2876 2868 ΜικιετιιΑιιε,
2917 2806 3162 2859 ministro
3192 2808 3299 2869 nti,
3360 2808 3631 2876 instigare.
3688 2805 3749 2871 1,
3796 2805 3907 2861 276
3957 2806 4034 2869 Δ,

2448 2875 2575 2942 Qua:
2596 2892 2681 2930 vos
2706 2877 2975 2930 ministret.
3026 2876 3287 2931 Heilman.
3319 2878 3432 2932 vult
3474 2875 3556 2931 cui
3597 2893 3682 2932 vos
3719 2878 4029 2931 ministretis.

2447 2949 2486 3001 ll
2510 2989 2524 3012 ,
2551 2948 2655 3002 775
2686 2947 2761 3013 Β,
2798 2947 2922 3003 Sine
2947 2964 3047 3017 qua
3094 2949 3272 3002 notitia
3296 2951 3379 3004 sui
3426 2949 3573 3002 nulla
3613 2950 3787 3001 anima
3839 2965 3900 3003 se
3947 2952 4036 3001 mi-

2446 3020 2664 3073 nistrare
2684 3020 2960 3092 potuisset,
2992 3021 3025 3074 i.
3069 3036 3119 3075 e.
3146 3034 3205 3076 se
3236 3020 3404 3090 ipsam
3435 3035 3530 3090 per
3556 3036 3615 3076 se
3641 3020 3891 3092 praabere
3918 3035 4036 3074 eum

2446 3092 2652 3145 ratione
2676 3090 2991 3145 ministram.

2521 3161 2710 3233 Minus.
2746 3161 2786 3215 11
2812 3202 2827 3228 ,
2856 3162 2961 3216 227
2993 3162 3072 3229 Α,
3106 3160 3183 3217 De
3210 3163 3423 3218 tenebris
3470 3179 3585 3217 vero
3613 3163 3723 3233 ipse
3752 3161 3824 3215 ad
3872 3162 4037 3215 minus

2451 3248 2541 3303 per
2564 3232 2802 3303 Esaiam.

2528 3302 2843 3358 MINUTALIS.
2874 3304 2949 3368 11,
2990 3305 3088 3361 251
3126 3306 3164 3359 Α
3193 3348 3207 3369 ,
3256 3305 3319 3361 Si
3348 3306 3401 3359 in
3455 3304 3811 3371 minutalibns,
3868 3314 3921 3356 ut
3972 3306 4037 3357 ita

2458 3375 2692 3439 dixerim,
2721 3377 2907 3444 regnis.
2930 3376 3001 3439 11,
3028 3378 3129 3432 705
3155 3376 3198 3432 Α
3218 3418 3231 3443 ,
3262 3376 3457 3431 Culices
3475 3420 3490 3443 ,
3538 3377 3775 3445 formicas
3796 3417 3810 3439 ,
3845 3377 4001 3428 tineas
4022 3417 4035 3439 ,

2458 3455 2503 3499 et
2532 3446 2626 3499 hoc
2649 3462 2805 3517 genus
2824 3447 3111 3501 minutalia.
3139 3448 3187 3512 1,
3220 3449 3358 3503 1510
3380 3448 3447 3509 Β,
3482 3447 3726 3517 Ejusdem
3766 3458 3919 3500 terra:
3948 3450 4038 3497 iiii-

2458 3518 2655 3571 natalia
2676 3560 2691 3580 ,
2728 3520 2761 3570 i.
2794 3534 2843 3571 e.
2879 3520 3161 3581 minutias.
3191 3531 3369 3587 partes
3398 3521 3802 3573 minutissimas.

2528 3587 2978 3651 MINUTILOQUIUI.
3005 3590 3077 3653 11,
3108 3591 3211 3645 655
3240 3590 3307 3655 Β,
3353 3592 3449 3643 Aut
3488 3592 3644 3643 micas
3677 3590 3738 3643 de
3778 3590 4038 3642 minutilo-

2456 3660 2572 3732 quia
2596 3661 2876 3732 Aristotelis
2896 3663 3126 3732 infersitw
3148 3662 3312 3726 lren.,
3331 3662 3423 3714 lib.
3454 3661 3515 3725 ll,
3544 3662 3629 3715 ubi
3657 3660 3917 3715 adversus
3938 3661 4035 3711 γε..

2460 3730 2780 3784 lentinianos
2801 3730 3045 3785 dixerat:
3088 3731 3150 3785 Et
3182 3733 3587 3801 minutiloquium
3611 3741 3808 3793 autem,
3850 3741 3896 3784 et
3924 3732 4038 3784 sub-

2459 3802 2687 3854 tilitatem
2716 3802 2850 3855 circa
2877 3804 3176 3872 quttstioucs
3195 3843 3210 3867 ,
3255 3820 3369 3857 cum
3412 3804 3476 3856 sit
3507 3803 3915 3867 Aristotelicum,
3964 3803 4037 3855 in-

2458 3873 2590 3942 ferre
2614 3872 2733 3941 fidei
2762 3884 3027 3927 conantur.

2530 3943 2821 4008 MIRIONES,
2850 3952 3143 4011 θαυμασταί,
3167 3946 3256 4014 qui
3286 3943 3616 4000 admirantur
3641 3943 3843 4005 omnia,
3878 3943 4035 4010 inque

2459 4015 2523 4069 iis
2544 4024 2787 4085 stupent,
2819 4016 2961 4079 sive,
2993 4027 3046 4071 ut
3091 4016 3202 4069 vult
3233 4015 3555 4081 Rhenanus,
3585 4016 3673 4085 qui
3721 4015 3793 4068 ob
3825 4015 4035 4068 nimiam

2458 4101 2519 4140 ac
2550 4084 2843 4141 deformem
2874 4088 3169 4142 admirandi
3214 4098 3268 4143 et
3312 4087 3546 4143 scandali
3580 4084 3815 4155 patiendi
3867 4087 4034 4137 faciti-

2461 4165 2657 4222 tatem,
2690 4166 2871 4212 essent
2898 4158 3065 4213 ﬁrmis
3108 4160 3217 4213 suis
3245 4158 3497 4214 fratribus
3539 4158 3710 4213 dolori
3754 4170 3819 4210 ac
3864 4156 4035 4210 admi-

2458 4229 2669 4301 rationi.
2706 4228 2776 4301 11,
2828 4230 2894 4284 14
2926 4230 2995 4295 Β,
3034 4230 3208 4284 Solent
3259 4232 3463 4301 quidem
3508 4230 3590 4283 isti
3641 4228 3912 4301 miriones;
3952 4227 4035 4278 ali

2462 4298 2681 4371 legunt:
2727 4300 2903 4371 Solent
2939 4302 3141 4371 quidem
3190 4298 3287 4371 istii
3313 4301 3661 4371 infirmiores,
3696 4298 3799 4371 line
3846 4313 4033 4371 senss,

2463 4369 2792 4441 hmresesde
2821 4368 3173 4441 quorumdam
3210 4370 3608 4441 inﬁrmitatibus
3650 4368 3849 4423 habere
3902 4369 4035 4441 quod

2459 4442 2655 4495 valent.
2713 4440 2847 4495 Istas
2900 4452 3076 4497 autem
3135 4443 3496 4507 inﬁrmitates,
3559 4440 3661 4495 hoc
3727 4448 3846 4504 est,
3896 4440 4038 4492 inﬁr-

2461 4515 2660 4568 miores
2690 4514 2819 4569 istos
2838 4511 3172 4569 Christianos
3200 4514 3453 4568 mdilicari
3476 4513 3652 4568 solere
3696 4512 3749 4565 in
3790 4511 3993 4565 ruinam
4019 4551 4033 4573 ,

2459 4598 2653 4665 nempe
2682 4584 3028 4653 inluni-esin,
3074 4587 3143 4641 ab
3186 4585 3280 4650 iis,
3330 4599 3465 4655 quos
3507 4584 3615 4655 jam
3672 4581 3901 4639 barresis
3943 4583 4038 4636 de-

2459 4665 2621 4725 cepll.

2534 4727 2790 4782 MISCERE.
2811 4727 2863 4795 1,
2891 4727 2996 4784 599
3022 4728 3065 4783 Β
3087 4769 3101 4792 ,
3140 4727 3384 4781 Nascitur
3414 4727 3563 4781 homo
3600 4726 3705 4780 Deo
3734 4726 3933 4779 mistns.

2532 4797 2893 4855 MISERABILIS.
2924 4800 2965 4854 11
2989 4842 3004 4865 ,
3054 4799 3160 4856 963
3189 4799 3259 4865 B,
3296 4799 3555 4866 Quatenus
3601 4796 3905 4851 miserabilis
3953 4813 4033 4861 es,

2464 4868 2498 4923 i.
2524 4884 2573 4923 e.
2601 4880 2811 4937 quanta:
2841 4871 3196 4925 miserationis
3216 4872 3438 4940 gratiam
3461 4869 3684 4940 adeptus
3707 4884 3789 4922 es.

2534 4940 2745 5013 Mirqu
2771 4984 2785 5007 ,
2821 4949 3049 5013 Mtapa.,a
3075 4938 3248 5013 Persis
3275 4943 3351 4996 sol
3380 4938 3590 5013 dicitur.
3622 4938 3699 5003 11,
3732 4941 3802 4993 54
3848 4938 3892 4994 Λ
3912 4980 3926 5002 ,
3972 4938 4036 4992 Et

2462 5012 2505 5065 si
2524 5012 2693 5066 adhuc
2722 5014 2946 5066 meminit
2971 5012 3209 5075 Mithrte,
3252 5014 3286 5065 i.
3313 5028 3363 5067 e.
3396 5012 3686 5081 singularia
3727 5026 3879 5064 saera
3921 5013 4036 5064 facit

2462 5083 2621 5137 illius.
2648 5083 2718 5150 ll,
2748 5083 2847 5140 261
2880 5083 2959 5145 Α.
2991 5083 3135 5138 Sicut
3163 5084 3325 5138 arida:
3371 5093 3415 5137 et
3459 5082 3682 5135 ardentis
3722 5092 3920 5135 natura:
3958 5098 4035 5135 sa-

2462 5166 2718 5208 cramenta
2742 5156 2907 5209 leones
2929 5155 3135 5208 Mithrte
3155 5154 3598 5224 philosophantur.
3622 5153 3803 5205 Sacris
3837 5152 4035 5207 “ultra:

2461 5225 2576 5281 sive
2623 5226 2761 5281 Solis
2811 5226 3197 5281 adhibebantur
3253 5227 3466 5281 leonum
3523 5224 3831 5278 simulacra.
3881 5224 4035 5277 Erant

2460 5307 2637 5352 autem
2663 5306 3029 5363 sacramenta,
3062 5296 3164 5351 hoe
3200 5307 3283 5351 est
3326 5297 3476 5364 signa
3520 5311 3613 5349 seu
3658 5296 3910 5364 mysteria
3954 5309 4036 5347 so-

2459 5367 2587 5422 laris
2630 5377 2833 5423 naturae
2885 5368 3049 5423 arida:
3093 5378 3147 5422 et
3192 5368 3448 5422 ardentis.
3489 5365 3638 5421 Tunc
3684 5367 3829 5420 enim
3880 5375 4034 5419 astus

2461 5439 2786 5505 intenditur,
2834 5439 3008 5495 fontes
3055 5448 3109 5493 et
3150 5438 3294 5493 ﬂuvii
3323 5441 3629 5499 siccantur.
3672 5451 3795 5491 cum
3837 5436 4033 5506 ingredi

2460 5509 2667 5564 leonem
2721 5512 2798 5571 sol
2849 5511 3074 5575 dicitur,
3125 5519 3250 5565 tunc
3309 5510 3536 5580 denique
3592 5507 3807 5580 Cereris
3862 5520 4036 5580 raptus

2460 5580 2793 5649 celebratur,
2845 5581 2947 5636 hoc
2989 5592 3074 5637 est
3119 5582 3309 5637 messis
3335 5578 3539 5652 agitur,
3587 5588 3646 5635 ut
3695 5579 3857 5635 docet
3897 5578 4035 5633 Arati

2458 5652 2795 5707 scholiastes.

2531 5722 2707 5777 MITRA
2732 5765 2746 5789 ,
2776 5723 2963 5792 capitis
2991 5730 3211 5778 ornatus
3238 5722 3547 5787 muliebris,
3596 5728 3754 5777 uenia
3794 5720 4031 5783 subtilis,

2460 5802 2513 5849 et
2538 5797 2685 5863 quasi
2717 5794 2914 5849 corolla
2944 5808 3009 5849 ex
3043 5794 3134 5848 lilo
3160 5794 3399 5849 confecta
3438 5810 3559 5849 raro
3599 5802 3747 5847 testu
3772 5836 3788 5858 ,
3839 5793 4035 5861 capillis

2458 5865 2795 5920 continendis
2824 5873 2967 5935 apta.
3000 5864 3071 5931 11,
3096 5864 3203 5923 912
3231 5868 3272 5923 Δ
3294 5907 3310 5934 ,
3337 5864 3505 5921 Mitris
3521 5866 3659 5921 enim
3690 5874 3735 5919 et
3758 5864 3892 5919 lanis
3914 5877 4034 5931 quir-

2460 5937 2579 5991 dam
2606 5952 2704 5991 non
2730 5937 2894 5992 velant
2918 5947 3087 6006 caput.
