4184 6496
744 404 883 464 1555

1661 404 1871 461 INDEX
1912 404 2342 465 LATINITATIS
2378 406 2953 469 TERTULLIANE/E.

3880 414 3903 467 1
3918 410 4022 469 556

804 517 1073 593 Narseus,
1102 515 1270 593 origo,
1322 514 1617 593 initium],
1649 516 1787 593 1256
1813 517 1875 593 Β,
1922 516 2102 593 Igitur
2134 518 2318 593 natalet

2502 521 2734 579 Nenvus.
2771 524 2831 589 ll,
2862 524 2966 581 786
2989 525 3048 593 Β,
3079 524 3346 581 Perillam
3396 542 3599 583 nervum
3650 526 4018 591 tnnbilicarem,

742 590 1073 656 impatientia:
1098 590 1149 641 in
1176 590 1285 656 ipso
1313 588 1514 641 diabolo
1542 588 1860 655 deprehendo
1887 591 2021 648 :sie,
2052 590 2140 643 lib.
2164 590 2181 642 Ι
2207 591 2323 645 adv.

746 660 937 725 Mam,
971 660 1165 713 natales
1186 659 1457 730 agnitionis
1487 658 1641 725 dixit,
1672 669 1725 713 et
1752 659 1840 712 lib.
1872 660 1935 712 dc
1968 658 2158 725 I’nllio,
2190 670 2335 714 nata-

745 734 816 786 les
841 732 1037 785 mundi.

816 802 1127 858 Nummus.
1152 802 1216 873 ΙΙ,
1243 800 1348 857 228
1380 800 1538 867 B,.Ut
1567 815 1630 854 ea:
1647 801 1789 870 aquis
1811 801 2046 857 natatiles
2070 811 2117 857 et
2149 804 2331 857 volati-

746 874 817 928 les
837 874 1038 927 aninue.

813 944 1054 999 Narona.
1081 944 1120 1009 Ι,
1140 944 1238 999 8H
1266 944 1331 1009 Α,
1360 940 1422 995 Et
1440 942 1768 1010 dispositione
1793 953 2005 998 natura.
2043 943 2151 999 MS.
2172 943 2327 999 Fuld.

744 1016 931 1069 divina:
969 1025 1297 1080 naturtehet
1332 1013 1634 1084 adscripsit,
1674 1016 1765 1081 qui
1809 1015 1949 1069 illam
1990 1016 2329 1070 collationem

740 1087 908 1151 dedit,
929 1101 1021 1142 seu
1054 1088 1279 1151 Modius,
1320 1086 1600 1155 Scioppius
1633 1101 1646 1138 :
1675 1085 1873 1139 dictum
1931 1086 2167 1154 profecto
2210 1102 2331 1155 gra-

739 1160 878 1223 vius,
912 1167 966 1212 et
992 1158 1165 1212 verbis
1190 1156 1385 1213 Christi
1406 1157 1751 1211 conveniens.
1777 1156 1816 1221 l,
1841 1157 1939 1212 471
1972 1157 2037 1223 Α,
2067 1155 2196 1211 Jure
2231 1174 2328 1211 na-

742 1240 869 1283 tura:
892 1234 1067 1282 matris
1095 1231 1261 1283 unius.

810 1299 1134 1355 Nummus.
1163 1301 1223 1365 ΙΙ,
1246 1301 1347 1356 891
1362 1299 1422 1365 Β,
1448 1298 1695 1353 Naturale
1708 1299 2000 1353 vocabulum
2016 1308 2086 1352 est
2099 1299 2327 1369 fwmina,

741 1372 988 1426 naturalis
1008 1374 1235 1425 vocabuli
1254 1372 1505 1441 generale,
1523 1370 1721 1423 mulier.
1742 1369 1989 1423 Naturale
2011 1371 2327 1424 vocabulum

738 1444 838 1497 i.e.
860 1456 889 1495 a
916 1452 1100 1496 natura
1126 1457 1410 1496 commune
1428 1442 1662 1495 omnium
1687 1441 2058 1501 animantium,
2084 1442 2327 1508 qunetlis-

743 1522 1035 1568 cernuntur
1060 1529 1211 1567 sexu.
1242 1513 1508 1577 Generale,
1543 1511 1683 1580 quod
1706 1510 1981 1580 distinguit
2009 1513 2060 1564 in
2092 1512 2327 1567 humano

711 1599 960 1655 'gcnere;
993 1584 1112 1637 huic
1139 1585 1382 1637 subditur
1404 1583 1636 1655 speciale.

811 1656 1206 1709 Narcnauras.
1238 1655 1299 1721 ll,
1330 1653 1433 1708 722
1459 1654 1519 1719 Β,
1552 1652 1649 1719 Qui
1676 1668 1792 1723 ergo
1820 1653 1882 1707 de
1913 1654 2077 1707 somni
2116 1663 2327 1709 natura.

742 1726 881 1781 litate
907 1726 1172 1780 dubitabit.

808 1796 1259 1852 NATURIFICATUS.
1292 1796 1354 1863 ll,
1384 1796 1487 1853 581
1519 1796 1576 1862 Β,
1614 1794 1967 1865 Naturi/icata:
1977 1797 2091 1866 jam
2118 1797 2325 1866 spirita-

735 1871 803 1925 lis
826 1868 1129 1922 conditionis
1149 1870 1501 1939 germanitate.

810 1936 1177 1995 Nsornttcwn'.
1214 1938 1253 2005 Ι,
1288 1939 1392 1994 695
1420 1940 1485 2004 Δ,
1518 1936 1875 1991 Incxtricabile
1913 1939 2146 2007 impactis
2197 1956 2322 1992 nau-

738 2011 962 2081 fragium
983 2020 1075 2076 est,
1104 2010 1276 2065 Graec.
1304 2017 1523 2076 ναυάγιον
1576 2019 1793 2076 ἄφυκτον,
1830 2010 1969 2075 quod
2024 2010 2177 2063 vitari
2219 2027 2322 2063 nou

736 2081 1102 2150 potest.Quiin
1124 2082 1371 2151 scopulos
1402 2082 1716 2149 impingunt,
1746 2094 2038 2151 navemque
2053 2081 2321 2149 frangam,

735 2167 856 2208 sese
868 2153 1129 2210 extricarc
1148 2150 1261 2207 sive
1273 2152 1529 2218 expedire
1555 2166 1583 2203 a
1610 2150 1844 2218 periculo
1867 2166 1971 2205 non
1988 2164 2226 2220 possunt.

808 2224 1217 2281 NAVICULARIUS.
1248 2224 1313 2287 ll,
1345 2224 1448 2278 574
1478 2222 1540 2288 Β,
1568 2220 1717 2275 Aliud
1763 2229 1855 2285 est,
1893 2222 1937 2276 si
1976 2221 2225 2289 affectavit
2263 2225 2325 2279 dc

737 2298 1165 2352 naviculariorum
1186 2295 1396 2363 collegio
1413 2294 1648 2363 allegere.

809 2367 1104 2431 Nanctum.
1140 2366 1179 2430 I,
1213 2366 1317 2421 695
1347 2364 1559 2430 A,lnter
1586 2365 1676 2416 Iros
1702 2364 1934 2431 scopulos
1961 2374 2007 2417 et
2033 2366 2193 2427 sinus,
2238 2367 2323 2418 in-

734 2446 810 2489 ter
838 2441 944 2493 haec
962 2438 1093 2491 vada
1126 2447 1171 2489 et
1201 2440 1332 2505 freta
1369 2435 1672 2490 idololatria:
1713 2434 1964 2502 veli/icata
2001 2436 2180 2503 spiritu
2225 2434 2325 2489 Dei

736 2509 867 2577 ﬁdes
895 2512 1115 2579 navigat.

808 2576 1186 2637 Necesskmus.
1222 2578 1261 2644 Ι,
1295 2579 1433 2634 1510
1460 2580 1522 2643 Α,
1551 2577 1746 2646 Opera:
1790 2576 1956 2643 plures
2003 2586 2049 2629 et
2092 2593 2321 2631 necessa-

734 2652 912 2707 riores.
935 2654 995 2720 ΙΙ,
1024 2652 1129 2707 768
1153 2656 1216 2719 Α,
1251 2650 1407 2716 Quasi
1436 2651 1744 2703 necessarius
1762 2648 1957 2720 aliquid
1979 2647 2216 2711 afferrent
2240 2666 2315 2716 eo,

734 2740 835 2795 pro
862 2717 1023 2796 magis
1052 2717 1406 2779 necessarium.
1442 2720 1482 2788 1,
1520 2720 1657 2796 1266
1681 2717 1872 2796 A,_U
1895 2722 2081 2796 ‘ntajor
2109 2720 2316 2796 injuria,

734 2792 806 2851 ibi
861 2792 1171 2851 necessarior
1229 2796 1433 2865 injuria:
1473 2794 1689 2847 medela.
1722 2792 1785 2859 11,
1819 2792 1955 2846 1002
1996 2792 2055 2855 Β,
2104 2792 2223 2847 Nisi
2267 2801 2321 2845 ut

732 2882 976 2940 perpetuo
1000 2872 1066 2921 ad
1084 2867 1425 2940 necessariam
1451 2868 1817 2940 constringant.

807 2939 1151 2993 Necessnas.
1185 2938 1221 3003 1,
1238 2937 1343 2992 275
1364 2938 1429 3002 Δ,
1452 2937 1495 2991 0
1511 2937 1805 2990 sententiam
1828 2936 2116 2989 necessitate
2136 2943 2319 3007 confu-

736 3029 865 3076 sam,
899 3012 935 3065 i.
965 3026 1013 3066 c.
1040 3026 1159 3080 qum
1185 3010 1493 3080 necessario
1518 3007 1695 3075 aliqua
1728 3021 1791 3058 ex
1821 3016 1967 3074 parte
1997 3010 2321 3080 contraius-

735 3083 906 3137 titiam
937 3076 1137 3151 peccat.
1168 3080 1262 3135 Vel
1292 3079 1465 3145 potius
1497 3096 1506 3132 :
1532 3094 1634 3149 qua
1662 3091 1943 3133 occurrere
1967 3078 2150 3131 volens
2189 3076 2321 3133 Tra-

731 3155 889 3223 janus
906 3164 959 3207 et
975 3154 1097 3208 odio
1118 3155 1166 3207 in
1183 3152 1511 3208 Christianos
1535 3163 1587 3206 et
1603 3151 1959 3223 justtecorum
1976 3164 2179 3223 caussm
2201 3165 2260 3223 pa
2270 3166 2320 3203 r-

736 3219 882 3289 ecre,
915 3225 1087 3279 neutri
1140 3226 1276 3279 bene
1328 3219 1617 3277 satisfecit;
1662 3222 1703 3286 l,
1757 3219 1863 3274 275
1910 3220 1975 3285 Α,
2006 3219 2315 3289 Necessitas,

2352 1914 2399 1974 B

2442 593 2477 647 i.
2510 609 2559 669 ρ.
2592 611 2844 669 venarum
2872 607 2925 652 et
2950 599 3264 653 arteriarum
3294 599 3659 669 compagincm
3681 640 3696 660 ,
3753 608 4021 669 quatenus

2440 666 2647 720 collatis
2674 668 2724 720 in
2746 668 3053 723 umbilicum
3078 670 3224 723 libris
3248 666 3460 725 coeunt.
3488 666 3561 734 ’1,
3610 671 3715 725 625
3751 670 3814 731 Β,
3866 668 4022 722 Nihil

2436 751 2552 810 crus
2578 738 2724 790 sentit
2751 740 2803 791 in
2829 756 2998 795 nervo.
3024 739 3232 795 Nervus
3257 751 3341 795 est
3369 741 3492 810 ligni
3520 756 3707 807 genus,
3731 756 3837 809 quo
3857 756 4017 794 crura

2434 806 2696 881 disjuncta
2719 818 2772 863 et
2802 811 2976 864 luxata
3008 806 3490 881 l‘rangebanturfln
3514 806 3615 881 leg.
3646 806 4013 866 Xll‘l‘abular.

2437 876 2620 953 Secum
2648 878 2815 953 ducito
2842 899 2860 945 ;
2888 884 3105 948 vincito;
3128 876 3221 935 aut
3242 899 3391 937 nervo
3420 894 3505 936 aut
3530 876 3851 953 compedibus
3870 883 4020 949 quin-

2435 948 2595 1023 decim
2621 951 2813 1023 pondo.
2843 954 3120 1007 etc.Vetus
3139 954 3301 1023 gloss.
3318 970 3517 1017 nervus,
3544 948 3798 1020 ξυλὸπέδη.
3820 953 3861 1017 Ι,
3888 954 4016 1017 512,

2432 1020 2536 1072 Alii
2560 1022 2626 1073 ad
2648 1024 2885 1076 incestam
2901 1020 3161 1077 libidinem
3178 1027 3334 1079 nervi.

2504 1090 2690 1165 Nteon.
2721 1092 2762 1157 Ι,
2793 1093 2897 1147 407
2928 1099 2991 1159 Α,
3046 1094 3244 1148 Pabula
3274 1097 3482 1165 propria
3509 1096 3701 1149 nidoris
3728 1106 3775 1149 et
3800 1097 4017 1165 sangui-

2433 1162 2531 1227 nis,
2569 1164 2907 1219 Iibaminibus
2936 1175 2988 1219 et
3017 1162 3329 1230 sacriliciis;
3371 1162 3465 1220 sed
3495 1167 3671 1221 hocin
3694 1168 3813 1221 loco
3840 1162 4017 1221 torsan

2430 1232 2741 1307 loquitnrde
2761 1236 3033 1307 sacrificiis
3047 1239 3362 1307 generatim,
3380 1238 3565 1291 nonde
3581 1239 4018 1292 necrmnantit-is.

2502 1304 2782 1379 NIHIETAS.
2818 1306 2879 1372 ll,
2911 1307 3016 1363 256
3048 1304 3115 1375 Ἀ,
3160 1307 3648 1379 Inappreltensibilis
3690 1325 3798 1379 pra:
3834 1310 4017 1362 nimie-

2433 1383 2533 1428 tate
2561 1378 2868 1431 certaminis.

2501 1446 2733 1521 Nonius.
2759 1447 2821 1512 ll,
2854 1449 2958 1504 150
2979 1447 3045 1515 C,
3073 1450 3211 1504 Num
3234 1467 3351 1521 ergo
3380 1460 3425 1505 et
3452 1452 3809 1521 Apostolorum
3858 1452 4019 1504 litera:

2430 1520 2639 1588 nobiles,
2673 1523 2706 1572 i.
2738 1535 2788 1574 e.
2821 1536 2995 1576 nonne
3020 1532 3143 1575 sunt
3166 1520 3413 1577 omnibus
3440 1533 3601 1585 notae,
3634 1523 3814 1588 clarae,
3840 1523 4019 1574 inani-

2428 1586 2627 1642 festze‘l
2677 1590 2959 1659 Exemplar
2989 1592 3163 1649 Ursini
3218 1592 3375 1649 habet
3421 1593 3664 1658 mobiles,
3722 1595 3759 1647 i.
3801 1586 3853 1647 c.
3900 1609 4017 1661 qua:

2428 1662 2642 1731 sapiunt
2670 1671 3022 1731 praeterquam
3050 1672 3261 1730 sonant,
3304 1673 3359 1719 et
3386 1665 3526 1719 aliud
3558 1674 3640 1718 est
3668 1668 3716 1717 in
3749 1664 3975 1717 vocibus
3998 1706 4013 1727 ,

2427 1729 2581 1804 aliud»
2602 1731 2651 1783 in
2680 1729 2947 1804 sensibus.
2981 1734 3204 1788 Pratlert
3251 1744 3429 1790 tamen
3476 1734 3671 1804 Rigalt.
3704 1735 3847 1788 illam
3876 1738 4016 1803 prio-

2428 1816 2540 1875 rem
2573 1802 2872 1875 lec1ioncm.
2898 1802 3022 1875 Jun.
3054 1806 3178 1875 legit
3202 1806 3408 1870 nubila),
3439 1806 3475 1859 i.
3508 1802 3566 1860 c.—
3592 1806 3733 1860 nube
3774 1802 4015 1860 obscuri-

2430 1873 2549 1945 tatis
2579 1882 2632 1925 et
2659 1874 2882 1942 caligine
2911 1873 3126 1939 oll‘usze,
3146 1892 3213 1929 ne
3243 1877 3621 1945 intelligantur.

2503 1942 2733 2008 Nomius,
2767 1952 2937 2015 Nape;
2965 1988 2979 2013 ,
3022 1947 3267 2001 mentalis
3292 1988 3306 2006 .
3358 1942 3729 2003 intellectualis
3758 1964 3774 2014 ;
3817 1947 3907 2001 alii
3940 1947 4015 2002 le-

2428 2024 2557 2082 gnnt
2583 2026 2771 2079 nactos,
2804 2022 2983 2083 νοητός,
3002 2029 3056 2071 ut
3086 2017 3222 2073 lrcn.
3258 2017 3322 2079 ll,
3352 2018 3457 2074 574
3482 2020 3543 2073 Β.

2500 2084 2709 2151 Nones,
2744 2089 2931 2157 religio
2957 2088 3267 2142 christiana.
3299 2090 3352 2155 l,
3385 2089 3491 2145 278
3522 2092 3588 2154 Α,
3624 2089 3696 2142 De
3726 2106 3784 2142 co
3815 2090 4017 2142 nomine

2428 2156 2778 2220 excludamur,
2810 2156 2927 2213 i.’e.
2961 2160 3265 2215 desinamus
3291 2161 3459 2215 audiri
3482 2161 3804 2225 Christiani,
3847 2163 4015 2213 chris-

2430 2228 2745 2301 tianamque
2767 2230 3117 2301 repudiemus
3139 2231 3472 2301 religionem.
3516 2232 3533 2285 Ι
3570 2273 3585 2295 ,
3626 2231 3733 2284 280
3763 2236 3803 2284 Λ
3829 2271 3846 2295 ,
3883 2232 4017 2297 Quos

2426 2306 2558 2371 retro
2587 2308 2709 2371 ante
2727 2299 2818 2371 hoc
2841 2317 3051 2371 nomen,
3107 2299 3401 2371 i.c.'olim
3429 2343 3444 2368 ,
3489 2312 3773 2371 antequam
3828 2304 4019 2355 licreut

2427 2366 2735 2422 Christiani.
2772 2368 2809 2443 l.
2844 2370 3077 2443 125211,
3112 2369 3313 2426 Nomen
3350 2366 3462 2426 cum
3493 2366 3688 2443 familia
3708 2374 3875 2443 ipsius
3902 2391 4015 2442 per-

2427 2450 2683 2506 sequentes
2708 2481 2721 2499 ,
2775 2441 2809 2493 i.
2842 2456 2891 2494 e.
2927 2442 3235 2510 religionem
3263 2441 3607 2497 christianam
3637 2453 3691 2497 et
3717 2441 4017 2498 scetatores

2427 2510 2559 2579 ejus.
2587 2511 2624 2572 Ι,
2646 2511 2739 2565 661
2764 2514 2827 2576 Α,
2860 2510 3213 2567 Persecutores
3239 2515 3474 2568 dominici
3504 2516 3740 2568 nominis.
3765 2515 3807 2577 1,
3831 2514 3937 2568 52ῗί
3954 2518 4014 2579 Λ,

2430 2577 2503 2655 In
2517 2623 2530 2647 ,
2546 2584 2713 2655 homo,
2732 2593 2922 2655 tantum
2939 2586 3241 2655 nomen,i.e.
3264 2586 3450 2655 ingens
3469 2596 3797 2639 momentum
3809 2577 4017 2650 ,Inagna

2424 2652 2609 2720 gloria.
2644 2652 2705 2719 ll,
2749 2654 2854 2707 800
2879 2657 2942 2717 Α,
2978 2653 3044 2706 Et
3075 2664 3231 2708 totum
3256 2652 3451 2708 arboris
3478 2672 3657 2708 nomen
3686 2656 4015 2721 expantlitur,

2427 2724 2473 2794 i_.
2497 2739 2548 2776 c.
2576 2724 2829 2794 quidquid
2862 2725 3188 2794 signiﬁcatur
3218 2726 3425 2781 arboris
3449 2726 3683 2781 nomine.
3713 2726 3779 2787 ll,
3812 2728 3923 2780 800
3952 2730 4017 2791 Α,

2426 2791 2493 2845 Et
2536 2791 2602 2846 de
2626 2791 2939 2865 istoc/noque
2968 2798 3169 2851 nomine
3195 2799 3430 2865 peritura:
3473 2799 3526 2850 in
3557 2798 3752 2850 nullum
3781 2798 3904 2849 inde
3932 2816 4021 2848 no-

2425 2881 2555 2938 inen.
2588 2866 2714 2921 Post
2739 2868 3012 2921 cadaveris
3040 2869 3205 2923 nostri
3234 2872 3629 2938 corruptionem
3652 2910 3666 2935 ,
3710 2868 3917 2922 nullum
3941 2879 4019 2921 est

2424 2935 2743 3011 destinatum
2800 2954 3031 3003 nomen,
3080 2955 3185 3005 quo
3231 2935 3450 2993 materia
3510 2940 3633 3005 illa,
3686 2956 3807 3011 qua:
3848 2940 4020 2993 fuerat

2424 3004 2639 3063 humani
2661 3011 2921 3077 corporis,
2948 3004 3203 3078 signetur.
3238 3011 3347 3065 lloe
3373 3004 3746 3065 vocatntortein
3762 3011 4013 3065 vocabuli.

2494 3078 2819 3134 Nicout'ma.
2862 3082 2901 3135 ΙΙ
2930 3122 2944 3145 ,
2993 3083 3062 3137 65
3089 3082 3162 3147 Β,
3216 3082 3365 3147 Quod
3417 3092 3571 3135 totam
3617 3085 3763 3135 istam
3805 3083 4018 3135 lttl‘Tt’Silt

2426 3146 2820 3222 Nicolaitarnm,
2850 3166 2953 3207 etc.
3007 3146 3383 3222 Signiticantur
3414 3152 3483 3205 illi
3538 3154 3711 3206 Actor.
3741 3153 3834 3206 XX
3868 3195 3883 3216 ,
3939 3155 4017 3206 his

2424 3221 2599 3294 verbis
2629 3240 2641 3275 ε
2696 3230 2957 3294 Λξξοῧντες
2987 3221 3353 3294 διεσλτρκμμένα.
3387 3225 3672 3276 Auctorem
3706 3223 3863 3291 hujus
3905 3240 4018 3276 scc-

737 3313 893 3363 quam
923 3297 1065 3366 leges
1093 3296 1300 3365 injustas
1327 3295 1583 3366 adversus
1608 3293 1944 3366 Christianos
1968 3294 2087 3345 latae
2128 3289 2323 3362 judici-
2350 3300 2394 3363 ρ
2431 3292 2724 3366 ttel'aciunt
2752 3292 3049 3358 Nicolaum,
3098 3289 3261 3366 unum
3288 3309 3318 3348 e
3342 3289 3851 3366 septemjiiaconis,
3887 3295 4017 3346 Ter-

738 3362 837 3422 bns
867 3362 1161 3435 imponunt:
1183 3367 1222 3431 1,
1254 3367 1355 3421 515
1382 3366 1446 3426 Α,
1480 3365 1544 3419 Ut
1572 3367 1779 3434 quisque
1799 3362 2060 3435 dominum
2104 3366 2325 3435 sanctio-

735 3456 841 3493 rem
864 3434 1099 3509 expertus
1129 3449 1201 3492 est
1216 3440 1534 3491 domesticam
1560 3438 1937 3509 necessitalent.‘
1955 3434 2132 3509 sena:
2150 3434 2325 3509 Reve-

734 3526 795 3563 ra
823 3511 891 3563 illi
922 3503 1272 3579 cognoscunt,
1306 3508 1436 3563 nihil
1461 3509 1559 3561 sibi
1579 3507 1701 3561 boni
1732 3520 1761 3579 a
1792 3503 1896 3579 diis
1928 3504 2041 3558 istis
2062 3507 2323 3579 accedere

736 3582 824 3649 qui
855 3575 1041 3645 majori
1070 3582 1117 3633 vi
1143 3580 1366 3646 subjecti
1397 3586 1540 3643 sunt,
1558 3575 1858 3632 necessitati
1888 3588 2079 3649 nempe
2110 3577 2324 3633 domes-

732 3648 876 3707 tica‘.
914 3652 974 3717 Il,
1006 3652 1111 3707 585
1139 3650 1201 3717 C,
1240 3652 1493 3719 Quoniam
1523 3652 1796 3719 humanam
1820 3648 2029 3719 apponit
2058 3652 2325 3702 necessita-

739 3733 836 3775 tem
861 3725 1004 3791 quasi
1030 3718 1435 3787 deprecatricem.
1460 3722 1520 3785 Il,
1552 3722 1621 3777 95
1646 3722 1711 3787 Λ,
1748 3718 1866 3771 Non
1901 3718 2134 3791 gdmittit
2162 3729 2324 3776 status

738 3794 856 3859 ﬁdei
874 3784 1234 3863 'allegationcm
1254 3784 1579 3848 necessitatis.
1614 3793 1676 3858 ΙΙ,
1700 3784 1769 3847 95
1796 3791 1856 3855 Β,
1889 3784 2081 3850 ρίιίὺιιε
2101 3791 2325 3859 [anulla-

734 3866 938 3918 rissima
962 3875 1031 3917 est
1058 3865 1320 3918 advocatio
1341 3866 1664 3917 necessitatis.

808 3935 1049 3990 NEGMIE.
1075 3934 1137 3999 ll,
1160 3935 1267 3989 246
1290 3932 1351 4000 C,
1385 3936 1485 3998 Qui
1515 3934 1748 3989 Euxinus
1770 3945 1952 3990 natura
2001 3943 2231 4003 negatur,
2265 3934 2318 3989 h.

738 4022 789 4060 e.
815 4006 949 4061 fallit
978 4007 1252 4061 mendacio
1273 4007 1625 4072 cognominis,
1650 4022 1769 4059 cum
1811 4009 1881 4061 ob
1901 4008 2169 4072 ingenium
2215 4007 2320 4060 loci

739 4093 801 4131 ac
831 4077 1091 4131 leritatem
1121 4085 1323 4131 natura:
1348 4078 1505 4141 ἄεινος
1557 4077 1659 4131 dici
1710 4075 1919 4131 debeat.
1958 4076 2136 4129 Ovid:
2163 4075 2322 4139 Quem

738 4157 868 4201 tenet
899 4148 1090 4202 Euxini
1138 4148 1357 4202 mendax
1410 4148 1706 4215 cognomine
1755 4145 1990 4211 Pontni;
2021 4146 2081 4211 ll,
2114 4146 2219 4199 247
2253 4150 2316 4214 Α,

737 4236 908 4273 omnes
934 4229 1199 4287 negantur,
1226 4220 1261 4272 i.
1292 4234 1341 4273 e.
1359 4218 1867 4288 cohibentnrglacie,
1884 4218 2048 4273 ﬂuere
2074 4232 2177 4269 non
2200 4233 2321 4284 pos-

737 4300 878 4345 sunt.
909 4291 947 4355 l,
980 4291 1081 4347 52ἆ
1096 4290 1160 4355 Α,
1196 4291 1430 4359 Alioquin
1445 4290 1684 4358 negandi,
1711 4289 1755 4341 si
1774 4306 1872 4342 non
1888 4298 2191 4359 gustassent,
2211 4292 2244 4341 i.
2267 4304 2313 4343 e.

736 4366 1033 4429 negandum
1064 4370 1225 4427 esset,
1253 4376 1349 4416 eos
1376 4376 1495 4415 esse
1521 4361 1875 4429 Christianos;
1898 4361 2085 4420 si.non
2139 4368 2321 4428 gusta-

736 4427 855 4485 rent
878 4434 1185 4501 sanguinem
1211 4473 1225 4495 ,
1250 4446 1408 4499 quem
1461 4427 1736 4501 tantopere
1775 4432 2020 4485 dicuntur
2045 4427 2312 4498 appetere.

805 4502 1079 4557 Necnon.
1107 4502 1169 4569 ll,
1192 4504 1281 4569 95,
1306 4502 1372 4569 Α,
1405 4501 1486 4555 Ita
1513 4502 1667 4570 ﬁdem
1694 4518 1855 4555 meam
1884 4503 2133 4573 deferens,
2168 4518 2321 4571 nega-

736 4583 815 4627 tor
830 4576 1072 4627 invenior.

806 4646 1101 4701 Necortun.
1136 4646 1214 4711 11,
1270 4646 1377 4701 285
1419 4645 1485 4709 Α,
1538 4645 1601 4698 At
1644 4659 1779 4715 nunc
1822 4646 2317 4715 negotiumpatitur

2432 3362 2636 3417 tttllian.
2670 3362 2769 3418 hoc
2795 3366 2843 3417 in
2878 3366 3013 3426 loco,
3044 3365 3305 3434 Epiphan.
3332 3362 3527 3419 Htvres.
3559 3364 3706 3419 XXV
3730 3382 3745 3431 ;
3769 3364 4016 3420 Clemens

2428 3434 2687 3506 Alexand.
2732 3434 2922 3489 Strom.
2968 3436 3008 3489 ΙΙ
3034 3447 3086 3491 et
3116 3436 3211 3501 Ill;
3243 3437 3576 3506 llieronym.,
3624 3438 3779 3506 epist.
3809 3436 3875 3489 de
3920 3435 4016 3489 Fa—

2428 3504 2587 3559 biano
2613 3516 2668 3560 et
2711 3507 2775 3559 ad
2816 3508 3257 3574 Ctesiphontem;
3303 3504 3521 3569 Euseb,
3554 3504 3743 3561 lib.'lll
3769 3525 3784 3569 ;
3812 3507 4015 3560 l’ltilas-

2427 3576 2561 3647 trius
2592 3577 2902 3642 Brixiensis,
2945 3578 3037 3631 lib.
3063 3580 3125 3632 de
3157 3577 3692 3642 IIwr.;Tlteotloret.,
3730 3578 3872 3631 llwr.
3905 3579 4011 3647 fab.

2428 3645 2520 3700 lib.
2546 3648 2611 3702 lll
2631 3692 2644 3713 ,
2678 3650 2982 3718 Augustin.,
3014 3648 3155 3703 liter.
3175 3650 3240 3713 νς
3269 3659 3321 3703 et
3350 3649 3438 3701 alii
3467 3650 3751 3702 innumeri.
3784 3645 4014 3717 Ignatius

2429 3725 2604 3772 tamen
2628 3761 2642 3783 ,
2676 3720 2984 3787 scrupulum
3017 3721 3215 3790 injicit,
3247 3720 3335 3789 qui
3365 3720 3524 3787 epist.
3556 3721 3623 3772 ad
3666 3720 3966 3773 Trallianos
3998 3738 4009 3771 :

2428 3793 2617 3857 Φεὺγετε
2647 3801 2725 3845 καὶ
2751 3800 2859 3851 τοὺς
2897 3801 3166 3855 viminum;
3195 3834 3209 3854 ,
3241 3800 3347 3853 τοὺς
3378 3795 3703 3858 ψευδονύμους.
3727 3790 3877 3844 Adde
3902 3792 4013 3859 plc-

2428 3873 2621 3932 rosque
2665 3864 2877 3917 illorum
2915 3874 3121 3932 patrum
3158 3863 3461 3917 dubitanter
3502 3864 3643 3930 loqui
3684 3865 3751 3916 de
3794 3861 4013 3916 Nicotao

2430 3930 2519 3983 illo
2550 3973 2565 3994 ,
2600 3934 2648 3987 in
2678 3949 2835 4003 quem
2868 3930 3017 3989 facile
3049 3932 3146 3987 fuit
3186 3933 3315 3987 illud
3370 3932 3596 4002 rejicere
3641 3941 3859 4003 propter
3892 3934 4011 3987 vita:

2427 4003 2613 4074 sordes
2632 4015 2686 4059 et
2712 4020 2890 4060 mores
2916 4006 3368 4074 eorruptissimos.
3984 4056 3987 4059 ,

2497 4072 2671 4129 Non.
2702 4076 2763 4140 ll,
2802 4077 2865 4129 17
2894 4078 2954 4143 Β,
2993 4072 3089 4130 θεῖ’
3113 4077 3298 4145 pejoris
3336 4091 3531 4145 quoque
3559 4084 3691 4127 nota:
3719 4075 4007 4128 tentationi-

2429 4146 2538 4198 bus.
2568 4144 2875 4213 Metaphora
2916 4164 2943 4201 a
2989 4144 3255 4201 mercibus
3290 4155 3381 4200 aut
3407 4144 3512 4198 vini
3554 4144 3859 4215 generibus,
3892 4162 4009 4215 quze

2426 4217 2669 4287 solebant
2696 4218 2945 4287 distingui
2987 4218 3125 4271 notis
3148 4258 3163 4283 ,
3216 4226 3375 4287 atque
3394 4231 3459 4271 ex
3488 4216 3550 4287 iis
3574 4218 3884 4270 internosci.
3928 4217 3968 4270 11
3992 4259 4004 4281 ,

2425 4286 2532 4341 251
2556 4290 2620 4352 Α,
2655 4288 2763 4341 Nec
2791 4286 2935 4354 sono,
2964 4305 3053 4341 nec
3081 4299 3211 4341 nota:
3248 4286 3463 4357 nominis
3493 4286 3667 4357 hujus,
3704 4288 3738 4339 i.
3763 4303 3814 4342 c.
3842 4292 4009 4355 scrip,

2428 4366 2560 4412 tura:
2590 4361 2842 4414 nominis.
2871 4360 2929 4428 1,
2972 4359 3107 4413 1258
3129 4360 3195 4424 Α,
3230 4356 3355 4423 Quis
3382 4358 3525 4411 miles
3550 4356 3567 4421 ,
3588 4368 3872 4428 postquam
3895 4376 4008 4411 cas-

2427 4431 2516 4482 tris
2540 4430 2644 4484 suis
2672 4432 2893 4496 emissus,
2916 4427 3017 4499 pro
3046 4431 3176 4483 notis
3203 4430 3306 4482 suis
3331 4430 3531 4497 satagit.
3556 4427 3721 4481 Notas
3752 4429 4007 4483 militares

2424 4499 2582 4567 dicit,
2624 4504 2814 4569 quibus
2859 4504 3011 4557 miles
3062 4502 3345 4555 denotatur
3387 4502 3457 4553 ob
3486 4499 3678 4554 delicta
3711 4502 4004 4562 militaria,

2426 4580 2546 4641 puta
2577 4573 2617 4624 si
2648 4572 2809 4628 fuerit
2836 4588 3103 4637 emansor,
3131 4571 3390 4635 desertor,
3438 4570 3725 4625 seditiosus
3745 4612 3760 4638 ,
3791 4582 3899 4627 etc.
3948 4572 4001 4636 Ι,

2432 4642 2566 4698 1248
2594 4643 2634 4696 Β
2659 4684 2673 4708 ,
2711 4644 2951 4699 Peccator
2987 4645 3118 4698 enim
3148 4642 3371 4695 omnium
3400 4652 3632 4694 notarum
3661 4658 3777 4694 cum
3803 4644 3920 4694 sim.

735 4693 953 4781 Deuiji.
977 4693 1261 4771 (Eiricéséii
1283 4693 1389 4771 [)vevo
1417 4693 1684 4784 negotium
1698 4693 2310 4771 Mareioanitarumrtemc-
2340 4693 2393 4753 Β
2426 4783 2439 4785 _
2490 4693 2843 4780 Noveuuns,
2863 4716 2930 4770 de
2946 4730 3010 4771 eo
3035 4713 3176 4785 quod
3201 4723 3587 4785 recc-inserunt]
3610 4722 3715 4785 est.
3735 4713 3795 4777 ll,
3820 4714 3921 4767 157
3939 4716 3998 4775 .-\,

732 4787 864 4840 ritas
894 4790 1201 4853 ctaudacia,
1232 4789 1318 4855 qui
1349 4788 1448 4841 sibi
1475 4786 1635 4840 alium
1659 4785 1815 4839 deum
1846 4788 1914 4840 ab
1934 4787 2308 4853 Omnipotcnte

727 4858 1115 4913 conﬁnxerunt.
1134 4859 1196 4924 ll,
1228 4859 1332 4914 905
1355 4858 1415 4922 Β,
1434 4856 1571 4911 Nam
1584 4858 2035 4928 fwminasqnidem
2064 4874 2093 4908 a
2121 4859 2312 4911 duode-

730 4929 827 4980 cim
850 4932 1015 4994 annis,
1045 4928 1325 4984 masculum
1352 4944 1468 4982 vero
1492 4946 1524 4981 α
1550 4928 1742 4981 duobus
1772 4930 1991 4999 amplius
2035 4930 2102 4980 ad
2154 4946 2308 4999 nego-

730 5000 803 5050 tia
829 5001 1053 5065 mittunt,
1079 5000 1115 5066 i,
1145 5016 1193 5055 e.
1223 5008 1465 5054 statuunt
1502 5001 1580 5052 sui
1606 4999 1741 5068 juris
1757 5014 1875 5055 esse
1897 5001 2043 5066 quasi
2082 5016 2112 5053 e
2157 5015 2313 5068 repa-

726 5070 863 5135 gulis
885 5070 1070 5125 aliena:
1123 5072 1456 5125 auctoritatis
1504 5070 1926 5124 eximautzdant
1975 5070 2309 5136 negotiorum

723 5142 1078 5209 gerendorum
1106 5150 1443 5211 potestatem,
1461 5140 1660 5211 dejure
1679 5141 1901 5207 phrasis.
1932 5141 1992 5203 ll,
2017 5141 2120 5195 619
2148 5142 2204 5204 Β,
2228 5139 2309 5195 Ea:

724 5214 922 5281 negotio
947 5209 1270 5271 curiositatis.
1302 5212 1364 5274 ll,
1393 5212 1497 5267 888
1523 5212 1579 5271 Β,
1608 5209 1885 5276 Prominm
1916 5212 2029 5279 jam
2060 5214 2309 5281 negotium

728 5298 793 5335 ex
811 5299 986 5349 passus
1017 5300 1137 5337 metr
1150 5284 1419 5353 opinionis,
1445 5283 1479 5335 i.
1500 5299 1548 5336 e.
1568 5282 1653 5349 qui
1684 5292 1835 5335 antea
1852 5281 1922 5353 lui
1948 5293 2236 5350 occupatus
2256 5285 2306 5337 in

728 5353 969 5423 ponenda
997 5368 1169 5422 grazce
1195 5354 1446 5423 opinione
1475 5368 1590 5406 mea
1620 5353 1686 5405 de
1712 5352 1948 5406 velandis
1978 5354 2305 5421 virginibus:

728 5422 800 5476 ita
826 5422 949 5477 Jun.
981 5422 1353 5491 eXplicat,’scd
1401 5424 1627 5493 Rigaltio
1676 5424 1906 5487 videtur,
1949 5424 2308 5491 disputatione

726 5494 952 5561 quadam
1004 5494 1259 5549 adversus
1312 5493 1546 5553 Cra-cos.
1603 5503 1815 5547 cumet
1859 5495 2092 5563 virgines
2142 5496 2306 5549 velari

723 5573 973 5632 Oportere
994 5566 1169 5618 acrius
1194 5565 1330 5618 forte
1351 5565 1685 5625 asseruisset,
1718 5564 2024 5619 Griecornm
2052 5567 2306 5620 conviciis

723 5643 977 5705 exceptus
1002 5649 1065 5688 ac
1093 5650 1189 5703 pro
1221 5636 1470 5691 lia-retice
1495 5636 1790 5705 exagitatus
1819 5633 1996 5689 fuisse.

796 5703 1399 5774 Νεορηῖτυε,νεόφυτοςε
1436 5708 1482 5759 is
1506 5703 1805 5772 quirecens
1822 5705 1887 5761 ad
1927 5706 2083 5761 (idem
2130 5708 2304 5763 chris-

722 5776 917 5831 tianum
944 5782 1187 5841 accessit,
1211 5777 1272 5843 ll,
1300 5778 1364 5830 57
1388 5777 1453 5842 Δ,
1498 5776 1605 5829 268
1634 5776 1691 5830 Β.

791 5845 1082 5921 Neeonnt,
1128 5849 1395 5921 luxuriose
1419 5856 1473 5901 et
1513 5847 1727 5921 profuse
1780 5850 2041 5917 vn'crc.l,
2096 5850 2202 5907 515
2232 5852 2299 5921 Λ,

722 5917 831 5974 Sub
858 5934 1044 5991 magna
1070 5919 1331 5991 gravitatis
1355 5920 1618 5991 super/icit:
1652 5930 1941 5991 nepotatur.

2412 4783 2540 4853 Ipsa
2567 4788 2827 4840 novellitas
2848 4780 3066 4839 Praxeai
3090 4784 3326 4839 hesterni.
3360 4780 3425 4849 ll,
3455 4782 3557 4837 697
3582 4784 3640 4848 C,
3664 4782 3840 4853 Neque
3864 4802 4001 4838 men-

2414 4857 2614 4908 dacium
2637 4858 2816 4909 devitat
2841 4857 3196 4911 novellitatem.

2486 4926 2785 4995 Novuws,
2805 4944 3009 4985 recens.
3032 4926 3183 4993 Ι,592
3198 4927 3259 4991 Α,
3272 4925 3437 4992 Quam
3459 4925 3717 4995 aliquanto
3730 4926 3997 4979 novellam.

2484 4998 2775 5053 Novumus.
2848 5000 2890 5054 ll
2913 5040 2927 5066 ,
2977 4998 3117 5053 1042
3147 4999 3185 5051 Β
3206 5039 3220 5063 ,
3253 4995 3498 5050 Fullones
3527 4995 3771 5051 Noniani.
3805 4997 3997 5050 Novius

2416 5080 2572 5138 poeta
2605 5070 2834 5124 fabulam
2884 5070 3051 5125 edidit
3095 5068 3341 5122 Fullones
3382 5067 3692 5136 inscriptam
3732 5108 3747 5133 ,
3799 5084 3906 5138 quo
3946 5071 3995 5121 in

2417 5140 2579 5194 verbo
2607 5141 2743 5194 inest
2770 5142 2992 5195 nelanda
3022 5140 3364 5196 obscenitas.

2481 5210 2739 5267 Novnss.
2771 5213 2833 5277 ll,
2869 5212 3006 5267 1056
3032 5210 3093 5277 C,
3128 5210 3366 5266 Novitate
3404 5208 3571 5278 [elices
3598 5218 3755 5262 vocat
3784 5208 3995 5264 Cartha-

2409 5284 2697 5349 ginienses,
2762 5285 2885 5351 quia
2929 5283 3192 5352 Carthago
3249 5281 3391 5352 juris
3442 5280 3598 5333 italici
3654 5280 3792 5352 facta
3840 5293 3989 5345 erat,

2412 5354 2669 5406 bcnt‘llClO
2698 5350 2880 5408 Severi
2912 5350 3271 5422 imperatoris,
3312 5351 3464 5421 cujus
3489 5360 3730 5419 tempore
3758 5350 3991 5406 libellum

2409 5424 2473 5477 de
2503 5422 2671 5476 Pallio
2700 5426 2910 5493 scripsit.
2937 5425 3317 5479 Tertullianus.

2480 5494 2693 5549 Nonus.
2726 5496 2768 5560 Ι,
2802 5490 2907 5550 572
2934 5496 3000 5559 Α,
3032 5494 3373 5549 Mercennrius
3394 5492 3595 5546 noxius.
3629 5490 3990 5548 Gothofredus

2410 5568 2617 5619 noxium
2666 5581 2762 5633 pro
2800 5565 3017 5619 obnoxio
3060 5568 3235 5635 capit;
3288 5564 3546 5635 Rigaltius
3584 5580 3691 5617 non
3723 5564 3859 5618 bona
3891 5566 3991 5618 ﬁde

2408 5638 2481 5689 ait
2509 5645 2776 5690 versatum
2804 5677 2819 5702 ,
2864 5640 2985 5706 quia
3016 5638 3170 5691 toties
3198 5637 3386 5690 dentes
3413 5635 3703 5688 bestiarum
3731 5636 3985 5689 eluserat.

2409 5706 2583 5761 Malim
2612 5706 2711 5761 hoc
2738 5709 2788 5759 in
2819 5708 2934 5762 loco
2966 5710 3180 5761 noxium
3206 5707 3503 5775 intelligere
3530 5720 3652 5759 eum
3671 5746 3685 5770 ,
3720 5708 3809 5775 qui
3829 5748 3843 5769 ,
3869 5721 3987 5760 cum

2409 5778 2608 5846 nullam
2633 5778 2905 5832 habuisset
2926 5780 3295 5833 necessitatem
3330 5776 3594 5846 pugnandi
3627 5792 3751 5830 eum
3772 5776 3983 5844 bestiis,

2408 5843 2546 5903 inter
2569 5849 2757 5903 noxios
2788 5849 2890 5903 illis
2924 5866 3027 5903 non
3058 5849 3301 5904 addictus
3321 5843 3344 5911 ,“
3366 5843 3541 5901 tamen
3576 5847 3752 5901 lucelli
3781 5843 3986 5917 cupidi?

2407 5930 2511 5978 tate
2533 5959 2550 5990 ,
2580 5920 2823 5978 mercede
2855 5931 3003 5991 pacta
3023 5961 3040 5991 ,
3072 5922 3183 5991 ipse
3209 5936 3267 5977 sc
3297 5919 3502 5975 lanista:
3532 5919 3841 5975 tradiderat.
