4184 6496
190 435 323 490 1577

1213 433 1424 490 INDEX
1467 431 1898 490 LATINITATIS
1935 430 2516 489 TERTULLIANEIE.

3338 430 3477 486 1578

185 549 377 602 dii-inm
403 547 610 618 capita.
645 545 941 614 eodemque
964 546 1263 618 significatu
1293 564 1450 615 supra
1489 551 1774 603 tlamuatio-
1804 552 1855 610 Λ
1953 547 2268 604 Τιυικειτυε.
2305 548 2366 606 ΙΙ,
2393 547 2498 602 888
2532 546 2603 608 Β,
2637 546 2718 600 Ea:
2742 558 2840 616 quo
2867 545 3133 600 transitum
3169 561 3274 600 sure
3315 551 3478 605 (vluti:

188 623 262 670 nis
291 622 466 671 titulos
492 622 640 672 dixit.
695 620 731 672 ll
754 662 766 681 ,
799 621 904 674 939
938 620 1008 682 Β,
1055 619 1120 673 Ut
1151 630 1356 685 uterque
1384 623 1559 673 titulus
1591 622 1778 674 sancti-

189 693 302 742 tatis
328 694 379 742 in
410 691 594 744 Christi
637 707 785 744 censu
812 693 1218 761 dispungeretur.
1262 691 1438 746 Utitur
1470 693 1781 761 metaphora

188 777 213 812 a
272 763 736 815 ralim-inatoribus
782 763 974 823 ducta,
1027 773 1078 814 ct
1118 781 1144 813 a
1210 764 1562 828 censoribus,
1612 766 1782 832 quiin

189 834 393 885 tabulas
431 835 668 886 referunt
710 835 922 887 nomina
960 845 1014 887 et
1047 833 1228 886 titulos
1277 850 1459 888 eorum
1492 836 1580 903 qui
1625 835 1785 902 pr'oli-

191 915 386 957 lcnlur.
421 905 540 959 για.
583 906 932 959 lllscuscens.
969 905 1043 967 ΙΙ,
1097 905 1204 957 ⁸233
1234 904 1310 965 C,
1367 905 1529 970 Quem
1581 907 1785 958 titulum

188 977 469 1028 incidemus
497 1018 509 1039 ,
557 993 618 1028 ea:
654 977 881 1038 duobus,
931 977 1024 1029 deo
1077 975 1401 1028 Marcionis?
1425 977 1665 1032 Incidere
1707 985 1784 1030 cst

189 1058 377 1100 notare
407 1047 604 1115 aliquid
639 1048 688 1099 in
718 1048 1080 1101 monumentis
1120 1062 1296 1099 rerum
1338 1057 1623 1113 gestarum.
1661 1049 1775 1101 Cic.

193 1116 430 1170 Incidere
449 1119 665 1188 elogium
693 1119 744 1170 in
765 1134 834 1172 ws
859 1161 872 1181 ,
897 1135 1141 1181 marmor,
1170 1129 1273 1172 elc.
1307 1118 1440 1171 Plin.
1465 1119 1527 1172 de
1552 1118 1782 1187 Pompo-

189 1191 270 1239 nio
299 1206 519 1257 magno,
551 1190 640 1242 lib.
683 1189 808 1253 VII,
843 1204 960 1258 cap.
1007 1189 1076 1242 26
1101 1229 1114 1251 ,
1158 1199 1547 1243 commemorat
1601 1191 1780 1245 titulos

189 1261 533 1313 victoriarum
576 1271 628 1312 ct
672 1260 1060 1330 triumphorum
1097 1269 1324 1314 notatos.
1357 1259 1526 1326 Quem
1567 1262 1632 1313 ad
1664 1277 1780 1313 rno-

189 1332 314 1383 dum
345 1332 534 1384 alludit
560 1331 786 1385 Tertull.
811 1373 825 1395 ,
869 1341 924 1384 ut
947 1333 1016 1384 sit
1041 1331 1251 1398 publica
1279 1341 1640 1401 cognomento
1687 1333 1782 1387 ho-

191 1413 406 1457 nestare
433 1404 513 1456 vel
535 1403 791 1456 infamare
813 1445 826 1465 ,
854 1411 907 1455 et
925 1403 1101 1470 elogio
1134 1403 1436 1457 nobilitare.

261 1474 533 1528 Tossuaa.
569 1474 646 1535 ll,
678 1473 782 1529 700
825 1473 864 1526 B
883 1515 897 1538 ,
928 1474 1122 1545 Revera
1150 1474 1256 1527 lues
1283 1484 1326 1527 et
1353 1477 1514 1545 fames
1540 1483 1586 1528 et
1616 1473 1748 1528 bella
1767 1514 1782 1538 ,

188 1557 233 1599 et
264 1548 531 1615 voragines
554 1545 812 1598 civitatum
834 1561 926 1615 pro
955 1544 1174 1598 remedio
1196 1546 1507 1612 deputanda,
1544 1557 1786 1614 tanquam

189 1629 400 1670 tonsura
448 1617 790 1670 insolescentis
837 1617 1031 1686 generis
1079 1617 1308 1668 lannani.
1361 1616 1547 1671 Simile
1589 1626 1675 1672 est
1726 1617 1789 1670 de

190 1688 366 1740 Pallio
395 1731 408 1749 ,
441 1703 556 1756 cap.
593 1686 648 1740 2.

259 1761 613 1813 'l‘omn-zsruu.
654 1759 693 1812 Il
714 1800 728 1822 ,
767 1758 900 1812 1016
923 1758 996 1822 Β,
1031 1757 1209 1812 (Ialces
1239 1759 1368 1812 nihil
1392 1759 1638 1824 dicimus,
1669 1775 1789 1827 pro-

191 1834 458 1901 priumque
517 1843 647 1901 toga:
695 1841 1017 1885 tormentum.
1065 1829 1295 1884 Salinas.
1341 1831 1444 1899 leg.
1495 1840 1792 1883 termentum

190 1915 348 1972 togw,
382 1903 433 1956 li.
461 1917 510 1955 c.
539 1904 588 1955 id
616 1905 668 1955 in
694 1916 800 1971 quo
822 1910 939 1970 toga
967 1903 1306 1956 terminatur:
1333 1912 1383 1956 et
1414 1903 1624 1956 calceus
1653 1912 1789 1972 toga:

190 1958 273 2028 οςῖ
301 1958 575 2028 terminus.
610 1958 1038 2042 Pro'priuni'toga:
1061 1974 1146 2026 hic
1167 1973 1330 2038 dicit,
1363 1973 1482 2042 quia
1515 1973 1650 2040 apud
1685 1958 1790 2026 Ιῗοο
1819 1958 1867 2018 Β

195 2061 386 2100 manos
413 2061 510 2099 nec
539 2055 654 2114 toga
686 2047 801 2099 sine
828 2044 1024 2099 calceis
1055 2058 1154 2097 nec
1197 2044 1363 2098 calcei
1395 2046 1509 2098 sine
1543 2054 1659 2113 loga
1695 2060 1788 2098 su-

191 2119 493 2171 mebantur.
535 2116 606 2181 ll,
657 2116 758 2170 122
808 2118 846 2169 Α
877 2156 889 2178 ,
945 2114 1202 2168 llanmtile
1228 2117 1479 2184 spiculum
1515 2116 1567 2168 in
1597 2132 1792 2170 summa

192 2191 428 2242 tormenti
457 2190 653 2240 ratione
691 2188 1025 2256 rcstringeus,
1062 2188 1096 2240 i.
1120 2201 1168 2239 e.
1217 2196 1371 2250 prout
1401 2187 1451 2240 in
1482 2187 1788 2254 scorpione,

195 2262 391 2314 bellico
410 2268 692 2324 tormento,
714 2273 808 2327 per
827 2257 950 2312 illud
969 2267 1176 2326 tempus
1195 2256 1486 2311 videbatur.
1508 2256 1546 2320 Ι,
1571 2257 1788 2324 1505Α,

195 2330 555 2401 Eleemosgua:
583 2331 691 2383 sine
721 2340 989 2401 tormento.
1018 2329 1336 2401 Christiana:
1367 2329 1589 2401 maritus
1619 2329 1793 2383 ethni-

195 2420 291 2455 cus
316 2445 330 2465 ,
365 2399 454 2456 ubi
482 2403 546 2454 de
578 2401 692 2455 suis
722 2402 881 2455 rebus
903 2399 1102 2470 aliquid
1133 2401 1323 2454 abesse
1351 2399 1451 2453 sibi
1475 2409 1787 2466 notaverat,

198 2474 268 2526 ab
296 2488 464 2526 uxore
496 2473 698 2525 l'ortean
732 2472 783 2525 in
827 2469 1146 2526 christianos
1173 2485 1434 2540 pauperes
1461 2469 1751 2525 delibatum
1773 2512 1788 2536 ,

201 2544 519 2613 plerumque
547 2544 682 2597 adeo
707 2542 993 2613 swviebat,
1025 2553 1078 2595 ut
1105 2558 1291 2596 servos
1336 2542 1516 2596 uxoris
1554 2544 1789 2610 torqueri

199 2612 433 2684 juberel.
469 2616 535 2668 At
579 2629 700 2668 cum
735 2615 892 2668 ambo
919 2612 1193 2668 christiani
1221 2654 1235 2678 ,
1270 2625 1390 2668 tunc
1433 2613 1793 2684 eleemosyna:

203 2689 322 2740 sine
350 2694 636 2740 tormento.

279 2758 604 2810 'l‘mnucene
625 2799 639 2820 ,
675 2757 724 2810 in
755 2755 925 2810 lucem
970 2770 1237 2826 exponere
1263 2798 1276 2815 .
1330 2755 1544 2824 aperire
1567 2795 1581 2815 .
1640 2755 1792 2811 dete-

240 2844 352 2884 ere.
408 2829 448 2882 ΙΙ
470 2870 483 2891 ,
528 2828 702 2891 431),
735 2827 823 2882 Sic
871 2827 1073 2896 facilius
1105 2828 1444 2880 tradurcntur.
1472 2828 1551 2892 ΙΙ,
1593 2828 1688 2882 156
1720 2831 1756 2879 Α
1777 2869 1792 2895 ,

240 2845 352 2884 ere.
408 2845 448 2882 ll
470 2870 483 2891 ,
528 2845 602 2881 4.)
626 2845 666 2880 ιι
689 2870 702 2891 ,
735 2845 823 2882 otc
871 2845 1073 2896 recinus
1105 2845 1444 2880 traauremur.
1472 2845 1551 2892 ιι,
1593 2845 1688 2882 too
1720 2845 1756 2879 Α
1777 2869 1792 2895 ,

203 2845 481 2954 g'raducta:
499 2901 679 2952 dehinc
699 2939 712 2962 ,
744 2900 778 2952 i.
807 2914 854 2952 e.
888 2897 1236 2951 manifestata!
1280 2898 1689 2968 cotil‘ntatchue.
1716 2899 1757 2953 ΙΙ
1776 2940 1793 2968 ,

209 2973 313 3026 105
344 2974 388 3026 Α
411 3014 424 3033 ,
451 2972 548 3024 Aut
575 2971 798 3023 homines
821 2971 928 3040 ejus
959 2971 1116 3038 fuisse
1161 2970 1426 3031 traducat,
1462 2971 1494 3024 i.
1529 2985 1579 3026 e.
1611 2979 1795 3024 osten-

206 3045 332 3106 dat,
364 3043 695 3095 demonstret
725 3041 967 3093 homines
991 3040 1150 3093 fuisse
1171 3040 1366 3091 diaboli
1388 3080 1402 3102 ,
1429 3042 1548 3108 qui,
1583 3041 1797 3096 deserto

209 3115 355 3176 Deo,
390 3113 685 3169 defecerint
714 3111 777 3163 ad
827 3110 1114 3164 diabolum.
1157 3110 1228 3171 ll,
1277 3110 1379 3163 11ῐὶ
1409 3110 1480 3174 Β,
1514 3111 1648 3164 Dum
1678 3113 1797 3165 nolo

207 3186 410 3238 traduci
433 3184 569 3252 quod
595 3201 707 3237 sum
727 3224 738 3244 ,
766 3182 1026 3252 confessus
1057 3183 1110 3233 id
1137 3198 1244 3233 esse
1263 3182 1396 3250 quod
1426 3183 1543 3234 nolo
1570 3184 1793 3248 traduci,

204 3257 259 3310 id
287 3267 360 3310 est
390 3251 752 3309 Christianum.
784 3251 831 3326 ΙΙ
852 3294 864 3313 ,
889 3252 986 3306 671
1019 3252 1084 3316 Α,
1111 3254 1168 3326 Si
1198 3254 1356 3326 etiam,
1374 3254 1638 3326 prophetes
1665 3257 1796 3326 ejus,

206 3330 410 3380 occulta
462 3328 628 3380 cordis
675 3325 985 3378 traducendo
1025 3323 1284 3393 probatur.
1320 3325 1402 3387 ΙΙ,
1440 3325 1574 3379 1028
1620 3323 1698 3389 Λ,
1731 3326 1797 3380 Ut

206 3400 495 3452 traduceret
518 3399 786 3468 cogitatus.
819 3395 890 3459 11,
913 3396 1015 3448 647
1038 3395 1104 3458 C,
1143 3395 1267 3460 Qua?
1295 3398 1394 3468 vim
1429 3397 1576 3468 istam
1622 3399 1797 3466 perni-

207 3470 541 3523 ciosissimam
570 3467 682 3521 sola
711 3468 961 3529 traducit,
993 3467 1026 3520 i.
1061 3481 1110 3519 e.
1142 3483 1258 3534 qme
1286 3467 1574 3519 christiana
1623 3479 1799 3535 putes-

209 3553 294 3592 tas
339 3543 446 3592 sola
489 3539 762 3591 dmmnnas
806 3538 998 3605 abigit,
1029 3538 1256 3606 migrare
1282 3539 1456 3603 cogit,
1489 3539 1689 3591 excutit
1731 3539 1800 3593 de

206 3613 518 3666 hominibus
537 3651 552 3675 ,
582 3608 875 3675 adjurando
896 3609 1117 3661 scilicet.
1153 3607 1203 3669 I,
1237 3610 1332 3662 H6
1355 3609 1399 3663 Α
1420 3650 1434 3671 ,
1460 3607 1802 3663 Traductione

208 3701 312 3736 non
361 3683 594 3734 traduces
639 3681 924 3752 proxinmm
982 3688 1140 3731 tuum.
1203 3679 1375 3733 Graec.
1421 3680 1590 3734 Levit.
1639 3681 1796 3737 XIX:

207 3759 390 3824 Ελεγμὸ
415 3761 613 3818 iii-’5“;
643 3761 719 3806 τὸν
749 3758 945 3824 ’κλίσιον
973 3773 1077 3804 σου.

286 3821 617 3886 'l‘naoucrlo,
644 3823 950 3887 illustratio,
983 3821 1369 3876 demenstralio
1393 3866 1406 3886 ,
1439 3821 1689 3876 detectio.
1717 3821 1757 3875 ΙΙ
1778 3865 1791 3889 ,

211 3899 285 3952 55
309 3897 372 3960 Α,
405 3896 484 3948 Ne
507 3896 693 3961 pariter
713 3894 1049 3946 admittantur
1090 3894 1432 3946 traductiones
1452 3910 1645 3957 eorum,
1676 3894 1710 3946 i.
1741 3909 1786 3946 e.

209 3969 530 4022 documenta
553 3975 695 4020 certa
717 4008 730 4029 ,
756 3965 949 4032 quibus
978 3964 1252 4018 mendacia
1312 3979 1405 4017 sua
1454 3964 1795 4018 traducantur

208 4052 373 4109 atque
403 4037 618 4109 ridenda
652 4037 1020 4109 propinentur.
1055 4036 1123 4109 ΙΙ,
1158 4036 1253 4109 (ﬁt
1293 4035 1361 4100 Β,
1394 4033 1795 4109 Minantestra-j

210 4105 498 4163 ductionem
526 4107 922 4176 uniuscujusque
955 4108 1140 4159 cordis.
1178 4107 1366 4176 ltigalt.
1399 4107 1617 4175 exponit
1646 4105 1714 4160 de
1743 4107 1793 4160 vi

208 4182 396 4251 gratia:
428 4179 681 4249 spiritalis
701 4219 714 4240 ,
743 4193 864 4251 qua:
887 4177 1792 4251 divinorumprmce_ptor_u_m_sagit-

212 4247 282 4307 iis
301 4247 682 4306 conscientiam
714 4250 971 4317 cujusque
999 4248 1326 4318 transadigit.
1360 4249 1428 4312 ΙΙ,
1464 4247 1568 4304 ’508
1591 4248 1633 4302 Β
1657 4291 1669 4313 ,
1723 4247 1791 4302 Ut

211 4324 581 4376 traductionem
627 4321 706 4373 sui
749 4323 1003 4385 sentiunt,
1041 4320 1074 4372 i.
1107 4335 1156 4372 c.
1189 4335 1308 4373 cum
1338 4322 1537 4375 erroris
1564 4335 1794 4390 arguun-

213 4407 300 4450 tur
330 4407 384 4448 et
409 4392 816 4447 convincuntur.

284 4465 532 4520 Tnsnux.
568 4463 640 4528 ΙΙ,
672 4463 740 4516 5'2
768 4463 839 4526 B,
890 4463 931 4516 A
954 4463 1131 4532 quibus
1158 4461 1414 4514 traducem
1455 4461 1600 4525 ﬁdei,
1638 4462 1688 4532 7i.
1743 4477 1792 4516 c.

212 4537 620 4593 translationem
652 4535 773 4588 tidel
823 4535 891 4588 de
939 4551 1038 4587 una
1071 4533 1296 4589 ecclesia
1326 4535 1374 4586 in
1403 4533 1581 4586 aliam.
1613 4531 1800 4586 Eccle-

210 4612 308 4664 sia:
349 4622 541 4676 nempe
571 4615 754 4676 mutuo
782 4605 928 4672 (ιιιθεί
969 4622 1060 4673 per
1106 4620 1293 4658 manus
1323 4603 1797 4676 apostolicamrdo-

1888 622 2116 689 fecerint,
2151 620 2185 673 i.
2217 638 2264 672 c.
2305 620 2525 687 puerilia
2549 620 2903 674 excesserint.

1961 691 2384 752 'fnanscmnsutz,
2419 690 2469 742 in
2517 690 2675 742 alium
2725 689 3031 744 lransl'erre.
3093 689 3168 754 ll,
3215 691 3350 745 1050
3396 693 3474 758 Λ,

1893 762 2025 827 Quot
2054 779 2231 834 census
2246 761 2534 834 transcripti
2554 764 2578 814 ?
2599 761 2656 826 ll,
2678 762 2781 814 619
2808 761 3155 832 |3,Antequam
3178 763 3483 834 transcripta

1890 843 2014 886 esset
2041 835 2091 884 in
2117 833 2536 902 Syrophaznicen.

1965 906 2265 958 'l‘nmuruu.
2296 903 2357 967 Il,
2385 904 2484 957 3515
2515 904 2576 966 Λ,
2611 903 2707 954 Aut
2731 904 2989 973 sanguinis
3018 903 3225 968 tributo,
3254 903 3320 958 dc
3343 920 3483 959 men-

1893 986 2061 1028 struo.
2094 975 2146 1044 Ι,
2181 974 2399 1039 1252A,
2433 974 2611 1026 Totius
2633 977 2830 1043 generis
2862 977 3064 1039 tributa,
3099 977 3132 1028 i.
3167 991 3215 1029 e.
3249 991 3480 1045 concep-

1885 1055 1995 1100 tum
2018 1048 2531 1114 nutricationemque
2558 1045 2715 1101 illatus
2733 1046 2786 1100 in
2811 1056 2980 1112 ulero,
2999 1057 3052 1100 ct
3078 1056 3283 1115 partum
3312 1047 3482 1117 ipsum

1886 1118 2196 1171 animalium
2230 1119 2489 1170 omnium.

1957 1187 2212 1242 TlthllEA.
2240 1187 2303 1254 ΙΙ,
2345 1189 2448 1242 5435
2485 1191 2550 1254 A,
2591 1203 2800 1258 aspera.
2833 1188 2954 1244 Jun.
3003 1188 3128 1259 legit
3157 1190 3356 1244 trcchea
3391 1204 3484 1246 seu

1889 1259 2119 1330 traicltea;
2149 1275 2308 1328 grmc.
2341 1267 2565 1330 τριχιὶα,
2603 1269 2630 1321 ἡ
2657 1267 2876 1330 τρηχεῖα.

1961 1329 2237 1384 ΤιιικιτΑε.
2297 1331 2376 1392 ΙΙ,
2417 1333 2477 1387 l9
2507 1336 2568 1395 Α,
2604 1329 2832 1384 'l'rruitas
2862 1333 3078 1386 hominis
3103 1375 3117 1399 ,
3174 1334 3287 1387 scil.
3327 1333 3484 1388 homo

1893 1399 2099 1471 Itylicus
2139 1417 2232 1454 seu
2279 1404 2532 1468 (:IlOiCtlS,
2587 1403 2620 1456 i.
2671 1419 2720 1456 c.
2778 1404 3068 1459 materialis
3109 1413 3164 1458 et
3209 1415 3480 1467 terrenus;

1893 1471 2053 1544 homo
2086 1473 2389 1543 psyebicus,
2445 1478 2480 1527 i.
2529 1492 2577 1528 e.
2623 1475 2892 1540 animalis,
2934 1484 2988 1529 ct
3020 1475 3179 1529 homo
3207 1477 3478 1544 Spiritalis.

1895 1544 1963 1596 Ita
1991 1542 2303 1598 Valentinus
2333 1546 2606 1599 censebat.
2639 1546 2703 1607 ΙΙ,
2727 1546 2831 1599 681
2864 1550 2905 1600 Λ
2933 1588 2947 1610 ,
2983 1545 3048 1600 Ut
3074 1542 3248 1600 adhuc
3286 1547 3484 1601 trinitas

1903 1613 2258 1669 Valentiniano
2281 1617 2524 1669 credatur.
2561 1617 2624 1682 ΙΙ,
2653 1619 2758 1671 675
2787 1616 2826 1668 Β
2849 1662 2862 1682 ,
2915 1617 3044 1669 Ecce
3084 1619 3218 1670 enim
3247 1629 3350 1671 tota
3378 1619 3484 1671 lucc

1894 1687 2116 1752 trinitas,
2141 1702 2331 1756 nempe
2361 1687 2586 1754 Partium
2615 1703 2709 1742 seu
2749 1687 3086 1743 alfectionum
3114 1690 3304 1742 aniuue
3331 1733 3343 1754 ,
3394 1705 3484 1742 ra-

1895 1757 2201 1810 tiocinantis
2224 1799 2238 1821 ,
2278 1760 2560 1813 irascentis
2585 1771 2636 1814 et
2666 1761 3117 1828 Concupiscentis.
3154 1759 3362 1814 Anima:
3393 1761 3485 1815 tri-

1896 1829 2017 1897 plex
2050 1843 2244 1882 munus
2274 1831 2323 1883 in
2354 1831 2648 1898 Evangelio
2679 1832 2962 1885 indicatur.

1966 1900 2293 1956 TRUCIDARE.
2325 1900 2368 1954 ΙΙ
2389 1943 2401 1964 ,
2433 1901 2537 1958 986
2580 1900 2653 1968 C,
2701 1902 2768 1957 In
2813 1903 3054 1957 cubiculis
3081 1921 3147 1957 an
3179 1904 3230 1957 in
3261 1902 3486 1958 turribus

1897 1972 2144 2041 pudicitia
2175 1973 2467 2026 trucidetur.

1971 2042 2207 2104 TRULLA,
2237 2059 2330 2098 vas
2357 2059 2567 2104 cavum.
2601 2046 2651 2099 in
2670 2061 2773 2114 quo
2793 2046 2997 2102 ventris
3017 2061 3152 2101 onus
3177 2046 3480 2116 deponitur,

1897 2117 1997 2188 sub
2013 2116 2144 2169 sella
2171 2116 2500 2170 latniliarica.
2534 2119 2572 2182 Ι,
2597 2118 2699 2172 544
2724 2118 2783 2184 Β,
2809 2119 3096 2188 Aliquando
3125 2120 3175 2173 in
3201 2121 3407 2173 trullam
3425 2123 3486 2174 de

1899 2186 1953 2241 M
1961 2189 2150 2240 incrua.

1971 2259 2192 2333 Tunica,
2226 2258 2268 2312 ΙΙ
2293 2300 2308 2325 ,
2341 2259 2479 2316 1050
2499 2258 2560 2333 C.
2599 2260 2804 2333 Tunica
2844 2260 3298 2333 Carthaginiensis
3329 2279 3356 2314 a
3389 2261 3486 2314 lto.

1899 2345 2052 2382 mana
2081 2331 2360 2385 dill'erebat
2383 2374 2397 2396 ,
2422 2331 2560 2401 quod
2595 2332 2708 2384 luce
2751 2334 2867 2387 sine
2897 2331 3120 2389 manicis
3166 2345 3218 2388 et
3272 2333 3486 2388 brevior

1897 2409 2035 2454 esset
2057 2401 2186 2525 ἰὲιιει
2218 2405 2479 2459 inanieata
2505 2409 2561 2458 et
2595 2402 2821 2473 longior.
2853 2404 2990 2460 Gell.
3033 2405 3097 2459 N.
3129 2406 3192 2461 A.
3226 2405 3317 2458 lib.
3358 2405 3443 2458 \‘ll
3467 2447 3481 2471 ,

1897 2486 2016 2525 can.
2128 2513 2140 2525 .

1897 2486 2016 2539 cap.
2057 2486 2140 2526 α.

1970 2544 2169 2598 Tunna.
2206 2544 2393 2613 ll,
2415 2548 2475 2613 Β,
2503 2546 2540 2599 Α
2573 2545 2719 2599 turba
2745 2563 2939 2614 eorum,
2977 2549 3010 2600 i.
3044 2564 3093 2604 c.
3126 2564 3154 2603 a
3186 2549 3335 2604 turba
3359 2548 3488 2603 deo-

1898 2629 2017 2668 rum
2053 2617 2350 2684 gentilium,
2378 2628 2780 2690 etiargurnento
2809 2621 2925 2688 ejus
2950 2622 3112 2674 aliam
3141 2622 3485 2690 frequentiam

1898 2701 2109 2762 aetrnum
2139 2689 2261 2762 sive
2298 2689 2618 2762 saeculorum
2671 2689 2974 2746 hominibus
3030 2689 3368 2762 persuadere,
3428 2700 3488 2746 ut

1903 2756 2262 2813 Valentiniani
2291 2759 2508 2813 faciunt.

1973 2827 2173 2903 Tenes.
2206 2830 2246 2893 Ι,
2276 2831 2378 2884 517
2405 2831 2470 2892 Α,
2505 2831 2582 2903 An
2606 2833 2701 2884 hoc
2721 2833 2936 2901 turpius.
2966 2833 3142 2903 Turpe
3165 2833 3486 2890 sacrificium

1902 2899 2072 2954 malus
2101 2901 2280 2966 homo,
2312 2903 2436 2972 quia
2472 2902 2613 2956 nihil
2646 2903 2756 2958 Deo
2789 2899 2889 2957 nisi
2941 2899 3234 2972 perlectum
3287 2907 3336 2958 in
3389 2923 3488 2960 suo

1898 2984 2096 3040 genere
2119 2972 2380 3026 immolari
2403 2973 2559 3030 debet
2584 2990 2598 3037 ;
2628 2973 2796 3028 infra:
2828 2973 2955 3030 Cum
2975 2987 3145 3032 enecta
3167 2989 3212 3032 et
3239 2977 3488 3032 labidiosa

1898 3053 1945 3096 et
1976 3042 2205 3096 scabiosa
2220 3059 2427 3113 quicque
2452 3047 2703 3098 mactatis.

1972 3114 2390 3183 'l'uaPILoouwu,
2434 3121 2762 3187 αἰσχρολνγίι,
2790 3116 2861 3183 ΙΙ,
2897 3119 3031 3175 1014
3062 3118 3124 3174 C.

2625 3254 2667 3311 U

1823 3357 1867 3418 C
1973 3391 2194 3455 Umouu.
2223 3391 2286 3457 ιι,
2316 3391 2453 3466 105:;
2474 3391 2533 3458 Β,
2574 3391 2672 3448 Per
2712 3394 2890 3466 ubique
2916 3397 3070 3461 orbis,
3113 3403 3178 3460 εις
3216 3406 3277 3456 τὰ,
3307 3424 3487 3458 παντα-

1903 3471 2097 3534 χοδῗτη
2119 3481 2221 3530 γῆς,
2253 3465 2482 3519 Salinas.
2510 3475 2664 3534 negat
2690 3482 2808 3520 esse
2834 3470 3179 3526 atticismum.

1975 3533 2291 3616 [[ρτιῃιιιε,
2320 3533 2597 3616 innultima
2614 3547 2772 3616 parte
2791 3555 2932 3616 esse,
2957 3540 3022 3594 ad
3053 3543 3208 3597 linem
3237 3560 3488 3616 propera-

1901 3604 2046 3684 re._ll
2064 3647 2077 3668 ,
2105 3608 2243 3660 1052
2267 3613 2304 3660 Α
2324 3647 2340 3669 ,
2368 3606 2494 3660 Cant
2524 3604 2689 3660 tamen
2717 3611 3006 3684 ultitnarent
3037 3604 3261 3680 tempora
3285 3604 3486 3684 ptilt'ia’.

1974 3675 2152 3742 Uuuo,
2188 3687 2324 3746 toga:
2353 3688 2467 3732 erat
2488 3689 2729 3732 Centrum
2749 3721 2762 3739 ,
2788 3690 2840 3734 et
2869 3683 3042 3737 nodus
3061 3675 3251 3738 artil'cx
3282 3675 3484 3740 cocun-

1903 3748 2033 3824 t_ium
2091 3750 2345 3818 plicarnm
2374 3790 2388 3812 ,
2446 3748 2570 3804 imle
2597 3751 2904 3824 umbilicus
2943 3764 3096 3822 togas.
3148 3756 3210 3820 ΙΙ,
3250 3757 3380 3810 1046
3418 3762 3484 3824 Λ,

1908 3817 2185 3898 ratumque
2211 3829 2470 3898 contractu
2498 3821 2728 3898 umbonis
2756 3817 3050 3894 [igmentuin
3072 3817 3359 3883 custodibus
3380 3817 3487 3898 for;

1900 3885 2360 3960 cipibus'assignet.
2691 3885 2708 3901 ⁸

1972 3959 2175 4039 Unum.
2208 3959 2269 4039 ΙΙ,
2305 3961 2404 4016 198
2426 3962 2486 4039 Β,
2527 3962 2919 4039 llattcgirirrtaitt
2949 3969 3178 4024 umbram
3207 3972 3356 4039 plane
3379 3973 3489 4026 siue

1899 4029 2088 4106 (initiae
2114 4033 2376 4106 pessimus
2407 4035 2569 4106 pictor
2623 4034 2726 4089 illis
2776 4029 3296 4106 argumentationibus
3345 4044 3482 4097 colo-

1898 4102 2044 4165 ravit,
2079 4103 2145 4156 ab
2173 4112 2286 4179 arte
2318 4102 3122 4179 pietoria,quamHermogenes
3150 4125 3481 4179 exercuerat,

1899 4180 2142 4248 tractum.
2170 4173 2348 4248 Prima
2389 4175 2607 4244 pictura:
2641 4178 2820 4244 initia,
2851 4173 3020 4248 inquit
3047 4181 3276 4246 Plinius,
3307 4173 3484 4239 umbra

1902 4242 2319 4321 hominiinneis
2343 4242 2723 4321 circumducta,
2753 4242 2872 4321 qua:
2917 4242 3124 4307 linearis
3170 4242 3346 4320 dicta;
3399 4273 3485 4310 se-

1900 4315 2073 4396 cunda
2101 4316 2321 4396 singulis
2337 4317 2624 4396 coloribus,
2643 4330 2696 4396 et
2726 4315 3163 4396 monochromatos
3196 4315 3480 4396 appellata.

1903 4385 2082 4454 [utque
2111 4389 2276 4466 prima
2306 4389 2421 4466 sine
2450 4389 2554 4442 ullo
2583 4393 2762 4466 colore
2793 4391 2909 4459 luit,
2935 4395 3070 4449 adeo
3100 4406 3156 4448 ut
3196 4385 3328 4466 quos
3372 4401 3486 4466 pin-

1902 4467 2127 4525 gerent,
2188 4458 2491 4513 adscribere
2533 4471 2674 4514 esset
2721 4458 3041 4520 institutum.
3091 4458 3288 4523 Deinde
3331 4458 3485 4524 lineae

1901 4527 2128 4582 colorari
2182 4540 2372 4606 cceptzn
2430 4541 2561 4584 testa
2611 4533 2751 4586 trita.
2808 4534 3117 4604 Cujusmodi
3165 4540 3380 4606 pictura:
3430 4542 3482 4596 in

1903 4610 2018 4680 arte
2047 4602 2303 4680 tectonica
2325 4617 2419 4670 par
2447 4605 2853 4680 estuixuoypagta,
2877 4602 2994 4680 qum
3023 4619 3106 4663 est
3128 4602 3273 4680 area:
3300 4612 3484 4680 jacens

211 4686 443 4735 ctrinam
478 4669 910 4764 "sibiutradindere.
945 4669 982 4740 Ι,
1012 4677 1144 4764 12557
1162 4675 1341 4764 ,ΒΆΑά
1359 4669 1627 4764 traducem
1653 4675 1799 4730 illuni
1824 4703 1875 4764 D
1904 4669 2205 4752 ell'ormatio
2229 4714 2242 4736 ,
2345 4669 2715 4764 lsuperli'ciar'ia
2732 4669 3058 4764 descriptio,
3115 4679 3274 4762 futuri
3300 4669 3484 4753 'oprris

212 4757 343 4818 eius,
365 4749 502 4821 quod
521 4767 551 4801 a
583 4747 724 4821 Malo
755 4747 1039 4821 hauserat,
1069 4749 1473 4821 ριειιεδριιδιιδε
1507 4748 1669 4821 Evam
1695 4762 1798 4821 Aso-

214 4827 320 4877 iatn
348 4818 669 4876 convenerat
694 4819 937 4880 Satanas,
966 4819 1131 4871 solam
1161 4819 1432 4873 amaverat
1472 4820 1658 4887 Spiritu
1693 4818 1794 4871 im-

216 4894 471 4962 patientia
524 4891 735 4946 iul'ecto.
786 4892 855 4943 At
907 4889 990 4962 illa
1045 4889 1552 4962 impatiensetiam
1590 4889 1796 4944 tacendi

215 4960 461 5036 pravam
489 4965 700 5036 Satanas
729 4961 1136 5036 suggestionem
1174 4960 1492 5036 transl'undit
1532 4960 1595 5036 in
1641 4974 1796 5015 suum

218 5003 1138 5102 ἏὶῖᾶιῖῗῗιιζῖἐίέἕῖῖιὲἐιὝίἷῖἶιὶεὲξὶἰί
1175 5003 1389 5083 'nauim
1424 5003 1492 5084 ιη’
1516 5003 1800 5098 Atinii?

217 5107 414 5163 exinde
460 5101 606 5160 illum
639 5101 763 5158 fecit
789 5104 904 5172 ejus
957 5103 1154 5172 peccati
1207 5101 1584 5169 adtraducem,
1637 5104 1688 5157 Ιι.
1745 5120 1796 5159 e.

219 5180 590 5234 administrtnn
635 5185 688 5230 et
739 5176 942 5228 socium
987 5172 1311 5228 traducendo
1362 5174 1412 5226 in
1459 5189 1797 5228 communem

221 5251 521 5320 prosapiam
550 5257 785 5320 peccato.
814 5246 874 5309 ll,
899 5245 998 5320 lilii
1030 5248 1092 5307 A,
1137 5246 1239 5320 Sed
1264 5246 1500 5320 quoniam
1546 5261 1694 5320 omne
1727 5255 1802 5299 te-

220 5317 322 5376 nue
343 5317 491 5390 atque
517 5319 832 5390 perlucidum
857 5317 986 5369 aeris
1009 5318 1248 5390 (cuiulum
1269 5326 1360 5380 est,
1388 5317 1480 5370 hoc
1495 5317 1588 5369 erit
1609 5317 1796 5383 anima,

215 5411 318 5464 qua
343 5386 494 5460 ﬂatus
515 5386 605 5452 est,
633 5400 678 5441 et
705 5389 915 5464 spiritus
932 5386 1135 5464 tradux.

293 5457 771 5516 Tnansrlcunnto.
811 5459 869 5524 ΙΙ,
899 5458 992 5512 191
1026 5458 1087 5522 Α,
1125 5457 1527 5530 Transﬁguratio
1556 5471 1626 5512 est
1648 5459 1804 5512 inter-

217 5553 298 5592 cm
305 5537 408 5601 ptio
434 5532 652 5602 pristini.

295 5599 734 5660 Tnsusrnenne.
773 5601 809 5664 Ι,
850 5599 985 5654 1⁸227
1018 5600 1092 5666 Α,
1145 5600 1327 5670 Itaque
1367 5604 1647 5655 universam
1691 5601 1804 5654 vita:

220 5677 650 5734 conversationem
678 5676 786 5726 sine
813 5673 1152 5743 gubernaculo
1169 5675 1376 5727 rationis
1394 5673 1735 5739 transfretat".

295 5741 828 5803 Tnunsruscromuu,
854 5746 991 5812 quod
1009 5754 1063 5798 et
1092 5743 1501 5812 perfunctorium
1525 5752 1623 5801 est,
1658 5741 1800 5810 quod

220 5822 329 5878 levi
359 5833 485 5874 cura
520 5818 594 5878 lit,
626 5828 676 5869 et
706 5815 846 5869 aliud
873 5815 1079 5884 agendo
1103 5858 1116 5880 ,
1155 5825 1264 5868 tum
1297 5814 1544 5868 videlicet
1566 5829 1673 5884 non
1715 5828 1802 5866 cu-

222 5906 424 5956 ramus,
461 5898 518 5941 nt
547 5886 744 5956 aliquid
772 5883 1052 5952 bene’liat,
1076 5885 1170 5940 sed
1195 5895 1394 5939 tantum
1444 5893 1501 5940 ut
1551 5883 1660 5938 ﬁat.
1715 5884 1791 5951 ΙΙ,

221 5962 331 6022 278
352 5962 392 6015 Β
407 6003 423 6030 ,
461 5959 527 6014 Et
554 5961 665 6031 ipsa
681 5959 1076 6030 transfuuctoria
1099 5966 1369 6030 pra’cepta.

1901 4743 2492 4824 speciprerrexliibens.
2539 4744 2845 4824 Exponitur
2881 4743 2948 4804 de
2993 4753 3286 4818 sermonis,
3333 4743 3484 4824 argu-

1902 4815 2088 4877 menti,
2119 4816 2192 4869 rei
2217 4815 2603 4870 demonstratze
2635 4818 2982 4874 obscuritate.

1973 4885 2176 4962 (Iasus.
2204 4886 2266 4951 ΙΙ,
2302 4885 2404 4942 190
2429 4887 2490 4950 Β,
2524 4886 2896 4962 Dividereillos
2914 4893 3099 4959 potius,
3127 4911 3277 4962 quam
3301 4911 3480 4953 auare.

1901 4956 2136 5036 Simplex
2162 4962 2381 5036 verbu_m
2407 4967 2644 5036 usurpat,
2661 4960 2816 5036 unde
2855 4956 2950 5036 nos
2975 4956 3201 5036 udunare
3233 4967 3481 5036 dicimus,

1901 5041 1954 5083 et
1980 5033 2290 5108 conmittere.
2310 5029 2444 5085 Tres
2472 5029 2893 5108 MSS._Va_ticani
2915 5035 3068 5108 codd.
3107 5037 3286 5106 legunt
3317 5029 3481 5108 unire,

1901 5099 1995 5172 sed
2008 5100 2148 5172 illud
2175 5103 2476 5156 Africanam
2509 5102 2676 5171 magis
2700 5103 2913 5172 phrasin
2937 5106 3154 5162 redolet.

1979 5169 2161 5250 Unus,
2181 5171 2570 5250 undecumque.
2602 5169 2818 5250 ἸΙ,’Ξ17
2857 5176 2915 5236 Β,
2962 5178 3276 5250 Quamquam
3319 5183 3482 5250 possi-

1907 5257 2016 5316 mus
2054 5242 2356 5316 undeiillas
2399 5245 2622 5316 prolatas
2669 5248 2934 5316 testimare.
2981 5249 3043 5311 ΙΙ,
3084 5242 3179 5304 ’ὶὲί
3233 5242 3486 5316 l1,'Unde

1908 5312 2071 5386 habet.
2095 5311 2154 5372 ll,
2173 5314 2356 5386 53.340,
2378 5314 2541 5386 Quam
2561 5315 2730 5386 carnis
2755 5318 3010 5371 veritatem
3034 5321 3165 5370 unde
3186 5311 3485 5386 producere.

1980 5381 2219 5456 Uscana.
2254 5383 2318 5446 ΙΙ,
2363 5385 2464 5438 12⁸2
2493 5387 2558 5450 Α,
2593 5385 2656 5438 Et
2698 5391 2914 5456 augendi
2950 5389 3114 5442 bestia:
3149 5381 3357 5448 calcem.
3389 5396 3486 5451 liis

1907 5453 2052 5531 galtii
2105 5455 2262 5531 lectio
2322 5456 2490 5524 magis
2539 5460 2730 5524 placet,
2767 5453 3010 5531 urgendi.
3059 5461 3260 5531 Urgere
3301 5466 3486 5522 bestize

1909 5525 2109 5606 calcem
2161 5525 2300 5606 idem
2335 5537 2428 5606 .est
2460 5535 2633 5606 atque
2679 5525 2867 5606 urgere
2896 5530 3117 5606 bestiam
3136 5525 3318 5590 'calcc.
3368 5538 3486 5606 Ipse

1910 5596 2067 5670 paulo
2098 5607 2218 5670 post
2239 5596 2420 5670 dicit:
2450 5595 2647 5670 Ibidem
2681 5595 2878 5665 scorpio
2907 5619 2998 5670 pro
3023 5604 3161 5657 solea
3217 5595 3487 5663 anathema

1905 5667 2106 5743 illic/ito.
2137 5667 2202 5731 ll,
2236 5667 2340 5743 558
2365 5667 2431 5743 _A,
2462 5667 2620 5743 (ξτεᾴο
2645 5670 2711 5721 ad
2737 5667 3056 5726 solent'uucti
3082 5677 3239 5743 prius.
3284 5679 3489 5736 Alludit

1903 5739 1967 5790 ad
2000 5740 2194 5797 ἠλίωςιν
2223 5741 2335 5794 sive
2364 5739 2755 5804 insolationem,
2787 5758 2886 5809 qua
2911 5739 3112 5800 scilicet
3152 5751 3293 5802 uncti
3343 5753 3489 5804 cale-

1903 5812 2099 5885 liebant
2123 5810 2374 5865 membris
2397 5809 2657 5865 siccandis
2679 5811 3075 5885 lirmandisque.
3091 5819 3242 5873 Pers.
3263 5819 3381 5876 Sat.
3398 5821 3489 5881 ιν.

2044 5881 2142 5934 Aut
2167 5885 2210 5937 si
2232 5893 2407 5936 unctus
2437 5898 2614 5948 cesses,
2643 5895 2688 5937 et
2705 5885 2835 5952 ﬁgas
2866 5887 2919 5939 in
2945 5881 3058 5944 cute
3082 5890 3261 5951 solem.

1900 5953 2025 6011 Jun.
2052 5955 2253 6010 mavult
2280 5954 2346 6008 ad
2376 5953 2558 6010 solium
2579 5969 2599 6024 ,'
2627 5953 2768 6029 quod
2793 5955 2934 6015 vide.
