4068 6338
276 317 343 373 15
536 348 547 355 ~
1355 315 1809 372 CLEMENTINA.

1955 318 2312 375 ΡΒΟαῖΜΙΛ.
3446 333 3509 392 ιι

273 435 526 489 ctoritate
553 430 1103 485 Francisci'l'urriani
1142 431 1258 501 (qui
1285 431 1415 487 illud
1457 441 1649 487 nactus
1674 447 1838 486 manu
1870 435 1914 491 Α
1946 429 2114 485 habes
2166 429 2305 485 infra
2332 472 2347 498 ,
2409 431 2463 485 in
2524 432 2836 503 Appendice
2900 449 3377 498 monumentorum
3442 449 3507 500 ad

271 526 560 595 scriptum,
589 524 644 579 in
688 524 919 594 epistola
951 524 1016 578 ad
1044 523 1269 577 Hosium
1298 526 1627 580 cardinalem
1659 524 1842 593 praeli—

271 614 470 671 minari
514 614 850 683 Defensianis
897 630 991 682 pro
1045 614 1329 666 sationibus
1382 614 1740 683 apostolorum
1793 626 1839 669 et

267 707 505 776 epistolis
548 707 859 775 pontiﬁcum
879 746 893 770 ,
936 706 1067 759 citat
1095 722 1159 759 ex
1189 706 1327 760 libro
1357 722 1453 759 vni
1472 706 1649 760 locum
1679 720 1840 775 quem

269 800 356 852 hic
377 799 527 866 leges
556 797 743 850 homil.
776 811 917 859 xvu,
950 797 1016 850 15
1035 838 1050 861 ,
1082 806 1135 851 et
1164 797 1494 865 Defensionis
1521 798 1614 852 lib.
1641 813 1694 861 v,
1719 812 1838 865 cap.

269 893 393 957 υἷι,
423 906 455 945 e
483 890 619 945 libb.
654 906 705 942 vt
743 897 795 944 et
835 904 929 941 vni
974 889 1091 941 loca
1138 888 1324 941 homil.
1358 904 1445 952 χι,
1480 888 1570 954 22,
1607 898 1659 941 et
1690 888 1837 943 hom.

263 1004 374 1053 ιη,
400 987 504 1053 12;
541 987 593 1040 in
624 983 1107 1054 Explanationibns
1132 998 1261 1035 vero
1288 983 1353 1036 ad
1386 981 1607 1036 Constit.
1643 993 1836 1049 opost.,

261 1082 355 1135 lib.
386 1097 451 1145 ll,
483 1096 607 1149 cap.
645 1080 711 1132 56
739 1122 752 1144 ,
787 1078 971 1131 laudat
993 1092 1021 1130 c
1046 1076 1139 1130 lib.
1172 1092 1243 1133 vn
1281 1076 1460 1129 locum
1494 1076 1642 1130 hom.
1683 1092 1838 1142 xvnt,

262 1174 339 1241 4),
400 1173 488 1226 vel
534 1173 720 1235 dices,
774 1187 899 1224 cum
950 1170 1120 1223 hocce
1173 1168 1447 1221 volumine
1489 1169 1835 1238 conjunctum

261 1266 436 1320 fuisse
476 1267 645 1323 alium
691 1264 934 1333 ejusdem
963 1262 1152 1316 farinze
1192 1262 1411 1326 librum,
1470 1261 1615 1315 verbi
1667 1263 1835 1331 gratia

260 1359 417 1412 illum
448 1357 543 1427 qui
564 1356 711 1413 Petri
745 1365 799 1410 et
829 1354 1055 1425 Apionis
1080 1354 1476 1423 disputationes
1505 1353 1836 1422 complecte-

260 1452 447 1506 batur.

340 1562 359 1594 ι
398 1542 557 1609 Quod
590 1543 635 1597 si
672 1542 832 1599 malis
858 1540 1134 1610 corrigere
1163 1540 1271 1605 κε’,
1314 1537 1613 1607 intelligere
1636 1537 1835 1606 poteris

258 1636 454 1705 viginti
487 1634 764 1700 homilias,
801 1633 1084 1703 epistolam
1136 1631 1275 1685 Petri
1311 1630 1377 1685 ad
1402 1628 1671 1687 Jacobum
1710 1645 1831 1684 cum

257 1728 678 1790 contestatione,
730 1742 794 1780 ac
842 1725 1125 1794 epistolam
1155 1723 1450 1779 Clementis
1485 1721 1551 1775 ad
1582 1720 1830 1775 eumdem

256 1817 547 1872 Jacobum.
586 1817 795 1872 Poteris
824 1819 985 1871 etiam
1025 1816 1308 1886 epistolam
1346 1814 1489 1870 Petri
1531 1816 1832 1885 separando

254 1925 283 1962 a
309 1910 710 1964 contestatione
738 1950 751 1973 ,
794 1909 1014 1963 credere
1039 1908 1299 1965 omissam
1330 1906 1499 1961 fuisse
1544 1907 1828 1976 epistolam

250 2002 577 2056 Clementis.
626 2001 786 2055 Certe
828 2016 895 2055 ex
943 2000 1246 2070 Epiphanio
1296 1998 1418 2069 (7),
1476 1997 1673 2055 Ruﬁno
1729 1999 1827 2067 (8),

250 2093 453 2147 Photio
482 2094 560 2162 (9)
600 2102 655 2147 et
692 2093 906 2164 Sylloge
944 2093 1046 2146 hac
1077 2099 1266 2145 nostra
1290 2099 1534 2155 constat,
1565 2089 1830 2145 Clementi

247 2186 494 2255 ascripta
525 2187 836 2257 apocrypha
866 2185 934 2240 de
963 2183 1495 2255 peregrinationibus
1515 2224 1528 2248 ,
1558 2185 1827 2242 sermoni-

248 2281 380 2345 bus,
426 2282 644 2335 actibus
672 2289 726 2334 et
752 2279 1211 2349 disputationibus
1239 2278 1383 2331 Petri
1412 2294 1426 2343 ;
1468 2278 1641 2348 deque
1672 2291 1827 2331 reco-

248 2372 501 2441 gnitione
546 2371 843 2427 Clementis
866 2371 1095 2441 ejusque
1137 2378 1423 2439 parentum
1467 2383 1530 2422 ac
1574 2367 1825 2434 fratrum,

246 2467 402 2519 varie
433 2465 744 2535 conscripta
772 2464 962 2529 fuisse,
989 2463 1308 2532 interpolata
1329 2504 1344 2521 .
1380 2469 1633 2529 corrupta
1666 2470 1827 2529 atque

245 2557 549 2628 permista;
582 2565 637 2610 et
665 2556 990 2626 quibusdam
1020 2554 1173 2609 libris
1202 2554 1402 2624 praeligi
1448 2553 1662 2607 solitam
1708 2552 1825 2621 epi-

249 2650 448 2703 stolam
465 2649 610 2703 Petri
630 2649 694 2703 ad
712 2648 997 2714 Iacobum,
1015 2647 1136 2703 aliis
1158 2645 1452 2720 Clementis
1463 2646 1529 2700 ad
1549 2644 1798 2699 eumdem

248 2742 375 2795 aliis
408 2750 733 2807 utramque;
762 2755 888 2797 cum
925 2749 1103 2793 tamen
1143 2739 1282 2792 idem
1319 2753 1457 2807 opus
1484 2745 1821 2806 sequeretur,

248 2832 547 2902 incipiens,
590 2832 737 2901 Ἐγὼ
764 2831 1032 2901 Κλήμης.
1066 2830 1185 2897 Quo
1210 2832 1373 2889 etiam
1404 2833 1490 2897 lit,
1521 2840 1579 2884 ut
1603 2830 1823 2899 triginta

244 2926 358 2979 duo
402 2924 789 2995 Nicephoriani
831 2924 955 2978 libri
986 2922 1253 2993 complexi
1294 2920 1473 2980 forsan
1516 2922 1716 2981 fuerint
1757 2921 1822 2974 li—

244 3020 377 3073 bros
405 3018 592 3072 decem
622 3017 1075 3087 Recognitionum.

1945 520 2339 591 Recognitioues
2362 523 2680 593 Clementis,
2726 544 2879 582 num.
2912 530 2935 583 1
2964 550 2977 598 ;
3012 532 3063 586 5.
3091 534 3325 604 denique
3354 534 3503 596 Nice-

1944 613 2148 682 phorus
2199 615 2332 671 dicit
2372 618 2506 685 (10),
2553 619 2892 687 Κλημέντια
2942 638 3061 678 esse
3098 625 3173 693 τῇ
3216 627 3512 697 ἐκκλησίᾳ

1942 705 2351 773 εὺπαράδεκτα
2385 728 2396 739 ·
2427 710 2478 764 id
2510 727 2639 766 vero
2663 711 2839 768 laudis
2868 730 3208 786 nequaquam
3234 720 3510 778 tribuisset

1942 799 2349 866 Κλημεντίοις,
2384 802 2487 856 nisi
2523 804 2808 859 incidisset
2838 806 2890 859 in
2922 822 2984 860 ea
3019 820 3327 880 repurgata.
3363 813 3505 869 ldem

1936 888 2203 956 judicium
2234 890 2350 945 fero
2380 893 2445 947 de
2472 895 2763 951 scholiaste
2796 908 2999 963 vetere,
3027 900 3184 968 cujus
3210 904 3414 958 mentio
3450 906 3510 960 lit

1942 979 1994 1032 in
2021 981 2464 1041 adnotationibus
2492 984 2555 1040 V.
2588 986 2651 1041 C.
2699 986 2916 1044 llcnrici
2967 989 3163 1046 Valesii
3194 995 3261 1048 ad
3304 994 3503 1060 Euseb.

1943 1070 2087 1127 llist.
2132 1074 2225 1129 lib.
2267 1091 2350 1141 ιιι,
2383 1093 2504 1147 cap.
2538 1079 2626 1133 58.
2658 1078 2762 1134 Sed
2800 1080 3053 1141 fortassis
3089 1084 3422 1156 Nicephorus
3454 1100 3508 1145 et

1940 1166 2258 1222 scholiastes
2302 1170 2390 1224 ille
2447 1171 2695 1231 viderant
2758 1182 2966 1233 tantum
3014 1175 3289 1234 Simconis
3341 1180 3507 1241 Meta-

1938 1256 2173 1325 phrastae
2204 1259 2496 1326 Epitomen,
2544 1273 2637 1317 aut
2675 1266 2835 1320 aliam
2868 1268 2916 1325 ei
2948 1270 3202 1325 similem.
3236 1272 3502 1337 Caeterum

1937 1351 2079 1419 quod
2126 1351 2180 1405 in
2222 1351 2449 1422 Synopsi
2490 1356 2786 1423 Athanasii,
2828 1358 3153 1415 Clementina
3198 1364 3507 1429 referantur

1937 1457 2059 1496 cum
2099 1443 2251 1499 libris
2298 1445 2429 1500 Novi
2480 1446 2813 1509 Testamenti
2859 1453 3055 1520 quibus
3091 1458 3502 1530 contradicitur,

1938 1535 2076 1604 apud
2112 1534 2477 1606 Nicephorum
2511 1554 2639 1595 vero
2669 1539 2773 1595 (ΣΡ.
2808 1558 2931 1599 cum
2964 1548 3286 1622 apocryphis
3308 1592 3326 1617 ,
3362 1553 3502 1606 ratio

1934 1635 2018 1679 est
2052 1626 2245 1689 lacuna
2293 1630 2577 1687 manifesta
2622 1634 2981 1694 Athanasiani
3021 1639 3247 1694 codicis.
3284 1642 3415 1703 Eam
3444 1653 3498 1697 tu

1935 1726 1987 1771 et
2012 1734 2077 1773 ex
2107 1730 2361 1776 contextu
2398 1722 2555 1778 facile
2596 1740 2880 1794 agnosces,
2914 1741 2965 1783 ct
2997 1746 3093 1799 per
3131 1731 3499 1802 Nicephorum

1934 1826 1997 1865 ac
2021 1811 2370 1868 Anastasium
2401 1816 2723 1889 complebis.

2008 1924 2025 1955 ι
2085 1906 2336 1975 Ὀμιλίαι
2370 1909 2510 1965 idem
2542 1918 2669 1969 sunt
2703 1922 2866 1981 atque
2901 1914 3246 1983 κηρύγματα
3289 1926 3343 1972 et
3372 1919 3499 1983 δια-

1928 1995 2158 2063 λέξεις,
2188 2000 2453 2071 colloquia
2476 2046 2491 2067 ,
2525 2020 2806 2067 sermones,
2840 2006 3265 2075 prwdicationes,
3303 2010 3501 2069 disser-

1931 2090 2175 2155 tationes,
2198 2091 2366 2161 Epist.
2395 2095 2458 2147 ad
2482 2094 2769 2159 Jacobum,
2797 2114 2915 2165 cap.
2945 2098 3012 2164 2;
3046 2098 3305 2169 Epitom.,
3343 2120 3495 2167 num,

1931 2179 2060 2245 145;
2112 2181 2555 2243 Clementinorum
2601 2204 2638 2255 ι,
2677 2188 2766 2244 20.
2800 2208 2817 2242 ι
2858 2189 3130 2249 Hactenus
3174 2194 3494 2264 Cotelcrius,

1997 2271 2087 2332 lli.
2121 2271 2319 2328 Verum
2363 2293 2472 2345 quo
2511 2280 2723 2347 plenius
2760 2281 3114 2352 dignoscatur
3144 2286 3497 2344 Clementiuo-

1928 2380 2044 2421 runt
2074 2375 2282 2431 auctor,
2310 2369 2581 2438 snnulque
2613 2371 2667 2425 in
2692 2373 2884 2442 primis
2913 2376 3164 2446 abimpia
3192 2377 3496 2443 Ebionismi

1927 2455 2049 2509 labe
2096 2467 2381 2528 purgetur,
2413 2477 2524 2529 qua
2562 2462 2739 2531 ipsum
2787 2466 2962 2523 fuisse
2991 2469 3335 2538 inquinatum
3367 2489 3494 2543 per-

1926 2549 2112 2607 hibent
2158 2553 2403 2611 nonnulli
2453 2569 2576 2610 cum
2630 2565 2869 2611 veterum
2938 2568 3049 2621 tum
3106 2564 3492 2631 recentiorum,

1925 2656 2105 2711 opera:
2152 2645 2387 2712 pretium
2442 2646 2605 2701 fuerit
2651 2647 3065 2718 disquisitiones
3115 2654 3217 2707 hac
3255 2656 3322 2710 de
3360 2673 3419 2711 re
3461 2675 3493 2719 a

1928 2735 2040 2789 viro
2088 2736 2248 2791 docto
2294 2740 2623 2807 perscriptas
2682 2740 2773 2795 hic
2822 2742 2876 2796 in
2921 2744 3156 2803 medium
3199 2747 3489 2817 adducere,

1922 2842 2059 2895 quas
2082 2827 2386 2897 inspexisse
2414 2830 2719 2889 studiosum
2738 2833 2993 2888 lectorem
3019 2835 3160 2890 haud
3186 2839 3485 2907 pmnitebit,

1923 2918 2015 2980 Sic
2041 2921 2204 2990 igitur
2231 2923 2670 2990 praestantissimi
2703 2926 2885 2995 operis
2912 2940 3103 2985 auctor
3140 2930 3252 3000 (11)
3284 2948 3296 2984 :
3329 2952 3346 2982 ι
3385 2931 3490 2987 Ho-

1921 3013 2195 3069 miliarum
2249 3023 2303 3067 et
2357 3013 2786 3085 Recognitiouum
2826 3017 3290 3081 Clementinarum
3341 3034 3488 3088 tanta

315 3110 383 3166 ll.
418 3130 436 3161 ι
480 3110 548 3164 Et
567 3125 697 3165 vero
727 3125 851 3180 quae
880 3110 1073 3164 damus
1104 3108 1462 3173 Clementina,
1490 3108 1613 3163 licet
1636 3106 1814 3176 nugis,
1841 3118 1891 3181 ς
1920 3114 2003 3159 est
2064 3104 2381 3172 similitudo,
2431 3117 2490 3161 ut
2538 3110 2818 3167 nonnullis
2870 3128 3039 3169 Unum
3088 3122 3145 3167 et
3192 3114 3332 3177 idem
3370 3132 3488 3173 esse

241 3202 375 3258 licet
418 3203 703 3258 erroribus
734 3211 1000 3268 scateant,
1044 3216 1075 3256 a
1102 3201 1540 3261 semichristiana
1576 3201 1818 3271 philoso-

240 3294 395 3363 phia,
454 3304 508 3348 et
557 3295 772 3359 haeresi,
825 3295 1094 3364 praecipue
1132 3292 1435 3351 Ebionitica
1464 3335 1479 3357 ,
1520 3292 1815 3364 profectis;

245 3403 349 3440 non
380 3388 504 3442 sine
544 3387 723 3442 fructu
754 3396 935 3441 tamen
985 3387 1252 3457 legentur,
1287 3394 1400 3442 tum
1452 3393 1670 3455 propter
1709 3385 1816 3447 ele-

236 3482 485 3544 gantiam
517 3480 821 3544 sermonis,
853 3487 968 3532 tum
997 3477 1311 3547 multiplicis
1341 3477 1602 3533 doctrinae
1629 3492 1816 3544 causa,

1921 3211 2079 3268 opus,
2119 3200 2213 3254 sed
2253 3214 2361 3254 non
2395 3201 2563 3256 semel
2598 3202 2804 3257 editum
2839 3204 3105 3267 videatur.
3153 3205 3313 3264 Hunc
3345 3210 3485 3265 serio

1919 3299 2127 3360 ptorem
2155 3292 2539 3349 circumcisum
2568 3293 2756 3356 fuisse.
2790 3306 2842 3351 et
2860 3296 3109 3353 Mosaicm
3131 3299 3265 3371 legis
3289 3302 3343 3355 in
3373 3301 3488 3371 ipsa

1918 3381 2181 3454 religione
2212 3384 2524 3440 Christiana
2566 3388 2967 3454 observantem,
3011 3391 3213 3445 nemini
3258 3392 3482 3458 dubium

1917 3489 2037 3529 esse
2076 3475 2330 3533 arbitror.
2387 3476 2521 3531 Nam
2552 3495 2675 3533 cum
2706 3479 2760 3533 in
2790 3479 3245 3550 Recognitionibus
3282 3492 3393 3537 tum
3431 3486 3483 3543 in

238 3584 358 3627 tum
420 3571 659 3642 denique
719 3571 785 3624 ad
835 3570 1031 3624 melius
1082 3568 1459 3639 cognoscenda
1516 3568 1817 3637 primarum
1912 3567 2161 3626 Homiliis
2188 3568 2382 3626 Petrus
2417 3570 2667 3639 plurimis
2707 3572 2759 3624 in
2801 3572 2935 3627 locis
2965 3573 3239 3627 inducitur
3282 3575 3483 3629 lustra:

240 3665 529 3719 hazreseon
579 3663 855 3732 dogmata.
902 3661 958 3717 In
1002 3662 1188 3717 multis
1229 3671 1409 3719 autem
1458 3660 1656 3714 similia
1691 3668 1820 3717 sunt

238 3756 577 3811 Clementina
633 3754 1117 3824 Recognitionibus
1172 3772 1188 3808 ι
1252 3754 1393 3807 unde
1464 3751 1815 3821 probabiliter

237 3850 622 3905 existimatum
675 3846 968 3909 Turriano,
1016 3861 1080 3901 ea
1140 3861 1262 3901 esse
1307 3846 1469 3903 aliam
1524 3843 1815 3898 editionem

246 3940 715 4011 Ἀναγνιυρὶσεων,
741 3939 810 3992 de
865 3954 972 4007 qua
1023 3937 1255 3992 Butinus
1305 3938 1361 3997 in
1421 3935 1739 4006 praefatione
1798 3956 1815 4006 ;

240 4044 559 4100 quanquam
604 4037 795 4083 auctor
831 4029 1140 4099 Synopseos
1191 4028 1443 4083 Periodos
1462 4025 1611 4085 Petri
1643 4043 1671 4081 a
1696 4026 1816 4087 Cle-

240 4123 495 4175 mentim's
524 4120 831 4191 distinguit.
875 4119 976 4174 Sed
1019 4129 1071 4174 et
1114 4119 1582 4190 interpolationem
1613 4119 1811 4179 {actam

237 4228 359 4270 esse
390 4216 445 4268 in
474 4214 721 4269 homiliis
752 4213 893 4278 istis,
922 4212 1083 4282 idque
1111 4228 1218 4268 non
1250 4213 1448 4279 semel,
1482 4214 1717 4283 conjicio
1745 4230 1811 4271 ex

240 4307 358 4361 his:
396 4306 449 4358 1.
483 4320 517 4360 e
554 4304 720 4359 simili
764 4314 911 4359 sorte
939 4320 1301 4376 congenerum
1333 4308 1807 4377 apocryphorum;

233 4399 445 4469 2.quod
468 4412 535 4451 ea
567 4413 689 4467 qua:
717 4398 769 4451 in
800 4397 1061 4452 Chronico
1080 4398 1439 4452 Alexandrino
1454 4408 1548 4453 eta
1574 4399 1811 4456 Maximo

232 4490 623 4560 proferuntur.
654 4503 763 4541 non
804 4505 994 4559 parum
1023 4489 1234 4547 diversa
1266 4491 1395 4554 sint,
1429 4506 1529 4549 nec
1558 4508 1663 4546 non
1689 4510 1810 4563 quae

232 4598 263 4636 a
300 4582 651 4636 Damasceno
682 4580 984 4643 interdum;
1023 4580 1076 4636 5.
1110 4597 1175 4637 ex
1208 4581 1308 4634 hac
1347 4582 1808 4641 Eunomianornm

230 4675 546 4743 corruptela
584 4692 598 4725 :
643 4673 744 4728 Ἐν
768 4671 927 4740 ἀρχῇ
958 4672 1169 4738 κτίσας
1199 4676 1229 4727 ό
1250 4672 1391 4738 Θεὸς
1420 4674 1525 4727 τὸν
1554 4676 1811 4742 οὐρανὸν

229 4766 331 4817 καὶ
365 4763 485 4831 τὴν
514 4763 653 4835 γῆν,
684 4764 884 4817 ἔκτισε
906 4762 1003 4816 καὶ
1034 4763 1140 4817 τὸν
1170 4766 1302 4817 υἱόν
1322 4784 1333 4795 ·
1360 4781 1481 4834 qua:
1508 4764 1808 4824 Turrianus

230 4860 289 4913 in
324 4858 648 4927 praefatione
676 4856 865 4914 Graeca
911 4857 978 4911 ad
1037 4856 1443 4915 Constitutioues
1497 4862 1805 4929 apostolicos

230 4954 460 5007 adducit
490 4967 556 5007 ex
585 4951 909 5018 Ammonio;
942 4950 996 5003 ὁ.
1035 4949 1162 5019 quia
1190 4949 1344 5003 locus
1382 4965 1412 5003 e
1457 4965 1563 5011 ms.
1608 4950 1808 5009 biblio,

234 5046 405 5098 theae
432 5044 878 5099 Claromontame
904 5042 1108 5097 relatus
1137 5041 1281 5095 inter
1319 5042 1630 5103 testimonia
1663 5054 1809 5099 vete—

235 5137 552 5194 rum.alium
577 5152 609 5190 a
632 5144 823 5189 nostro
842 5135 1160 5203 scriptorem
1177 5133 1454 5203 magisque
1466 5134 1611 5202 pium
1630 5138 1803 5205 sapit;

232 5244 371 5283 eum
434 5228 570 5285 forte
623 5229 785 5297 cujus
835 5226 1198 5297 fragmentum
1258 5224 1335 5279 De
1382 5224 1582 5295 Spiritu
1620 5241 1806 5289 sancto

305 5384 629 5455 (71Epiph.,
658 5384 812 5455 Hier.
845 5400 979 5455 xxx,
1012 5399 1066 5455 ιι.
1093 5380 1183 5455 15.

303 5448 383 5525 (8)
428 5448 629 5521 Ralm,
661 5454 877 5525 praefat.
910 5453 975 5509 ad
1012 5452 1145 5505 libb.
1190 5448 1455 5518 Rccognit.
1493 5460 1545 5503 et
1588 5453 1680 5507 lib.
1732 5454 1803 5508 De

224 5528 468 5583 adulter.
501 5526 620 5582 libb.
665 5525 886 5595 Origen.

304 5595 1121 5687 sane.

302 5659 421 5735 {10)
450 5662 694 5736 Niceph.,
721 5664 892 5736 Hist.
913 5663 1038 5736 ecgl.
1063 5663 1188 5736 _l_ib._
1210 5676 1289 5736 in,
1322 5674 1439 5736 cap.
1476 5659 1560 5713 18.

299 5729 419 5809 (ll)
452 5729 935 5807 larin.,'Dirinit.
957 5734 1023 5790 D.
1052 5731 1125 5786 N.
1158 5730 1214 5787 J.
1241 5731 1302 5786 ϐ.
1331 5772 1344 5797 ,
1385 5730 1477 5786 lib.
1507 5747 1563 5787 ιι.
1589 5745 1708 5801 cap,
1746 5729 1797 5795 7,

1919 3658 2091 3716 tiones
2119 3658 2379 3722 Judaicas
2410 3673 2505 3722 aut
2538 3664 2653 3732 ipse
2684 3680 2987 3733 usurpans,
3032 3673 3125 3719 aut
3150 3666 3270 3720 aliis
3296 3669 3484 3735 praeci—

1915 3752 2090 3822 piens,
2128 3770 2228 3809 nec
2266 3770 2388 3808 cum
2427 3756 2661 3814 ethnicis
2702 3755 2973 3824 baptismo
2997 3758 3231 3810 nondum
3256 3758 3482 3817 initiatis

1915 3845 2224 3901 comedens.
2251 3845 2380 3900 Post
2409 3846 2692 3914 epistolam
2732 3844 2878 3907 Petri
2917 3847 2981 3900 ad
3013 3845 3294 3914 Jacobum,
3319 3848 3479 3905 indu-

1913 3935 2054 3997 citur
2078 3935 2313 3997 Iacobus
2341 3936 2576 4007 graviter
2601 3936 2874 4000 sanciens,
2909 3946 2969 3997 ut
2994 3937 3114 3990 libri
3142 3940 3484 3993 Praedicatio,

1915 4043 2038 4083 num
2082 4027 2240 4094 Petri,
2273 4029 2376 4083 nisi
2422 4028 2563 4082 ﬁdeli
2595 4028 2942 4095 circumciso,
2993 4029 3197 4092 nemini
3236 4029 3481 4091 commit-

1912 4127 2116 4176 tantur.
2162 4118 2299 4173 Vide
2340 4117 2604 4189 Recognit.
2645 4119 2739 4173 lib.
2776 4135 2848 4185 Iv,
2883 4133 3003 4189 cap.
3035 4119 3103 4184 5;
3144 4119 3239 4173 lib.
3265 4136 3319 4186 v,
3349 4136 3474 4196 cap.

1910 4210 1998 4277 '56,
2043 4223 2097 4265 et
2128 4212 2221 4266 lib.
2266 4227 2386 4274 vnt,
2437 4227 2558 4281 cap.
2603 4212 2654 4277 l,
2701 4222 2756 4273 et
2786 4212 2976 4265 homil.
3033 4227 3072 4275 ι,
3117 4227 3237 4280 cap.
3284 4213 3384 4278 19;
3420 4230 3474 4280 ι,

1909 4319 2064 4373 capp.
2131 4304 2156 4360 1
2203 4312 2256 4357 et
2294 4303 2398 4370 2.6;
2442 4318 2520 4369 xt.
2562 4318 2719 4374 capp.
2749 4303 2856 4370 28,
2907 4304 2996 4370 29,
3054 4303 3143 4369 50,
3192 4304 3295 4369 5-1;
3352 4321 3474 4381 xm,

1912 4411 2065 4467 capp.
2096 4396 2130 4450 4
2149 4405 2203 4455 et
2232 4396 2285 4455 .9.

1990 4507 2009 4540 ι
2044 4488 2241 4542 Citavit
2279 4488 2379 4544 hos
2410 4486 2578 4546 libros
2603 4485 2863 4557 Origenes
2894 4486 3007 4557 (12)
3036 4506 3048 4541 :
3080 4490 3224 4558 quod
3258 4489 3474 4559 quidem

1910 4597 2096 4635 eorum
2142 4580 2516 4649 antiquitatem
2555 4580 2907 4637 demonstrat.
2951 4578 3144 4649 Scripti
3170 4582 3367 4636 saeculo
3392 4596 3451 4635 se

1910 4673 2090 4729 eundo
2127 4684 2378 4738 exeunte,
2420 4686 2482 4725 ac
2521 4680 2644 4741 post
2679 4688 2881 4729 annum
2922 4673 3046 4740 170,
3073 4675 3120 4728 si
3151 4691 3341 4729 eorum
3381 4692 3475 4746 pa-

1909 4780 2036 4819 rens
2084 4779 2149 4823 ex
2201 4763 2506 4821 Bardesane
2547 4771 2824 4818 mutuatus
2874 4774 2976 4831 est,
3026 4781 3147 4835 que
3186 4766 3255 4820 ab
3304 4765 3474 4828 Eusc-

1910 4857 1998 4911 bio
2034 4856 2145 4925 (15)
2176 4869 2247 4913 ex
2295 4856 2433 4913 libro
2480 4853 2804 4913 Bardesanis
2854 4856 3168 4925 deprompta
3194 4897 3208 4920 ,
3252 4859 3473 4912 totidem

1909 4948 2087 5003 verbis
2112 4947 2365 5017 leguntur
2387 4947 2479 4999 lib.
2519 4962 2569 4999 Ix
2603 4945 2895 5015 Recognit.,
2923 4964 3040 5018 cap.
3070 4950 3156 5003 19.

1992 5059 2011 5096 ι
2049 5038 2404 5109 Epiphanius,
2451 5038 2543 5115 qui
2598 5039 2697 5092 hos
2740 5038 2908 5091 libros
2956 5040 3217 5095 Clementi
3250 5042 3475 5105 omnino

1908 5132 2214 5202 suppositos
2265 5146 2373 5183 non
2423 5129 2684 5194 videbat,
2746 5130 2820 5191 ab
2866 5128 3136 5185 Ebionitls
3184 5143 3472 5200 corruptos

1906 5222 2400 5292 existimavitﬂt);
2434 5236 2735 5292 eorumque
2762 5221 2982 5291 perﬁdis
3004 5224 3256 5277 manibus
3284 5208 3473 5286 tribuit

1910 5381 1937 5452 ἐ
1971 5382 2024 5445 ι,
2050 5397 2206 5452 pagg.
2239 5358 2498 5434 λέξο-εει.

1977 5397 2024 5445 ι,
2050 5397 2206 5505 ωδε.
2239 5397 2498 5434 zao-zoa.

1977 5452 2088 5522 (12)
2149 5452 2358 5522 rigen.,
2391 5460 2522 5504 tom.
2553 5451 2648 5517 Ill,
2685 5453 2736 5503 iu
2763 5450 2894 5504 Gen.
2928 5450 3189 5507 Philocal.
3221 5468 3341 5521 cap.
3375 5452 3468 5519 εἰ,

1904 5534 1955 5577 et
2010 5524 2065 5575 in
2104 5521 2291 5579 Matth.
2324 5536 2466 5579 XXVI.
2496 5522 2547 5574 6.

2118 5591 2338 5671 Euseb”
2381 5590 2557 5671 ξίν-σῳ,
2591 5592 2914 5671 evang,
2942 5609 3015 5659 vl,
3049 5608 3169 5671 cap.
3195 5592 3265 5659 9.9

2004 5662 2086 5733 H)
2117 5661 2335 5732 Epiph.,
2386 5662 2533 5715 llmr.
2569 5679 2693 5728 xxx,
2728 5661 2754 5732 θ
2788 5663 2871 5716 lii.
