4068 6338
571 304 637 359 15

1412 305 1467 359 S.
1503 305 1886 361 CLEMENTIS
1931 310 1948 363 l
1989 306 2158 364 ROM.
2201 304 2396 361 ΡΟΝΤ.
2438 303 2662 359 OPERA
2692 301 2919 359 DUBIA.

3722 297 3786 352 l6

564 435 900 491 quaacunque
942 435 1131 488 parum
1178 435 1475 490 congruere
1518 438 1641 477 cum
1696 423 1994 480 Clementis
2030 427 2122 481 do-
2150 429 2195 486 Α
2223 422 2307 477 nis
2353 419 2489 490 Magi
2535 419 2903 483 ratiocinatio,
2947 432 2978 471 e
3025 413 3457 469 Christianorum
3501 411 3784 480 principiis

565 513 737 566 ctrina
771 511 1432 569 videbautur.Cotelerius
1471 514 1722 570 homilias
1753 515 2122 573 Clementinas
2224 515 2410 583 petita,
2443 521 2762 582 argumento
2785 519 2866 564 est
2895 509 3171 563 Christum
3204 506 3272 559 ab
3293 506 3392 569 eis,
3433 520 3538 558 non
3563 512 3622 556 ut
3649 518 3780 557 sum-

563 603 782 658 han-esis
821 602 1137 658 Ebiouiticze
1164 608 1309 659 notis
1339 606 1577 675 signatas
1618 607 1914 662 existimat.
1960 609 2124 664 Tille—

560 696 798 750 montius
828 697 1028 749 nullam
1077 697 1142 750 ad
1183 712 1296 751 rem
1332 699 1494 752 utiles
1533 708 1707 768 putat.
1740 700 1841 754 nisi
1886 700 2025 756 forte
2053 703 2120 756 ad

561 787 919 858 cegnitionem
952 787 1322 843 Ebionitarum
1357 790 1633 846 doctrinae.
1666 790 1893 848 Videtur
1929 809 2120 850 eorum

560 879 798 947 opinioni
846 879 1048 948 favere,
1095 882 1241 952 quod
1293 896 1435 951 saepe
1493 892 1685 938 auctor
1737 882 2118 954 Homiliarum,

558 971 858 1040 praesertim
909 987 1038 1027 vero
1081 974 1267 1028 homil.
1301 990 1362 1038 ιι,
1396 991 1515 1046 cap.
1545 975 1632 1043 58,
1669 975 1804 1031 falsa
1834 977 1976 1033 veris
1999 994 2122 1048 per-

559 1062 718 1116 mista
754 1061 922 1118 fuisse
953 1062 1006 1117 in
1041 1065 1213 1120 sacris
1244 1064 1542 1135 Scripturis
1573 1069 1887 1136 pronuntiat
1921 1088 1933 1123 :
1974 1071 2120 1140 quod

555 1155 772 1223 quidem
813 1155 879 1209 de
911 1154 1209 1226 Scripturis
1237 1158 1503 1228 judicium
1552 1158 1821 1217 Ebiouitis
1860 1163 2118 1218 usitatum

496 1241 500 1246 ’
555 1255 609 1301 et
644 1249 888 1302 solemne
920 1249 1040 1314 fuit,
1081 1259 1138 1305 ut
1181 1260 1326 1306 recte
1362 1252 1614 1308 observat
1652 1253 1974 1312 Cotelerius.
2014 1256 2118 1312 Sed

556 1353 678 1392 cum
711 1339 824 1408 ipse
862 1339 1020 1395 Philo
1046 1341 1110 1395 de
1138 1342 1465 1398 formatione
1494 1344 1616 1399 Eva).
1645 1361 1709 1400 ex
1741 1346 1934 1401 Adami
1970 1359 2118 1403 costa

555 1433 917 1498 pronuntiare
948 1448 1054 1487 non
1083 1433 1293 1488 dubitet
1319 1435 1452 1506 (l5),
1484 1437 1636 1500 Quod
1667 1455 1729 1491 ea
1756 1437 1819 1491 de
1839 1455 1892 1492 re
1919 1439 2119 1493 dictum

553 1533 654 1588 est,
698 1522 998 1592 fabulosum
1029 1542 1174 1590 esse;
1204 1526 1370 1597 liquet
1394 1529 1532 1584 hanc
1564 1531 1919 1585 temeritatem
1953 1531 2116 1586 Ebio-

554 1615 789 1669 nitarum
827 1619 1094 1687 prepriam
1145 1635 1248 1672 non
1284 1618 1473 1688 fuisse,
1505 1623 1597 1677 sed
1634 1623 1836 1677 dudum
1865 1639 1894 1677 a
1919 1622 2118 1679 Judaeis

554 1708 933 1778 excogitatam,
984 1725 1094 1777 quo
1134 1709 1344 1766 facilius
1376 1710 1670 1782 Scripturae
1720 1713 1835 1768 loca
1885 1729 2114 1783 quorum

555 1799 891 1854 subabsurda
935 1804 1143 1871 species
1198 1804 1500 1868 videbatur,
1549 1807 1878 1874 expedirent.
1929 1806 2117 1874 Quan-

553 1907 718 1960 quam
743 1892 1017 1948 fatendum
1047 1903 1129 1950 est
1156 1896 1324 1951 multo
1353 1897 1614 1952 audacius
1638 1907 1691 1953 et
1715 1900 1948 1968 ineptius
1971 1901 2116 1970 loqui

553 1993 829 2038 auctorem
872 1984 1251 2052 llomiliarum,
1292 2003 1452 2058 quam
1495 1987 1797 2045 Philonem.
1834 1989 1938 2046 Sed
1973 1993 2116 2062 quod

553 2076 830 2131 evidenter
857 2079 1050 2147 probat
1078 2079 1224 2134 hunc
1255 2080 1598 2149 scriptorem,
1627 2083 1729 2137 etsi
1763 2083 2119 2142 circumcisus

553 2176 608 2221 et
655 2168 788 2238 legis
848 2171 1141 2224 retinenda:
1187 2172 1466 2227 studiosus
1515 2171 1640 2236 fuit,
1681 2173 1904 2229 minime
1937 2182 2117 2232 tamen

554 2257 862 2312 Ebionitam
894 2261 1093 2327 fuisse;
1135 2277 1198 2317 ea
1225 2263 1290 2318 de
1315 2262 1454 2320 Filio
1485 2263 1577 2320 Dei
1618 2265 1671 2319 in
1705 2265 1951 2322 Homiliis
1987 2276 2040 2323 et
2063 2271 2116 2324 in

556 2350 1009 2420 Recognitionibus
1055 2357 1268 2420 statuit,
1321 2372 1442 2427 qua:
1481 2359 1549 2413 ab
1589 2357 1967 2415 Ebionitarum
2007 2362 2116 2416 lue-

553 2443 656 2497 resi
686 2459 912 2512 prorsus
933 2445 1278 2503 abhorreant.

628 2553 647 2585 ι
693 2533 866 2599 Nemo.
903 2545 984 2591 est
1017 2539 1109 2606 qui
1158 2555 1266 2594 non
1300 2541 1590 2611 perspiciat
1630 2543 1920 2598 immanem
1955 2544 2117 2614 hujus

553 2626 835 2695 scriptoris
864 2628 932 2681 ab
962 2627 1241 2686 'Ebionitis
1271 2632 1712 2703 discrepantiam,
1753 2636 1797 2689 si
1831 2636 1972 2706 legat
1996 2652 2117 2706 quae

553 2717 738 2774 homil.
768 2735 803 2784 ι,
836 2735 954 2790 cap.
981 2722 1030 2788 7,
1074 2739 1103 2777 a
1144 2725 1650 2795 pseudo-Clemente
1681 2738 1991 2794 narrantur,
2016 2746 2116 2783 au-

551 2809 698 2865 disse
743 2828 801 2866 se
851 2811 1035 2868 Roma:
1058 2816 1159 2870 sub
1198 2815 1434 2882 Tiberio,
1485 2833 1606 2872 cum
1646 2821 1866 2888 quidam
1904 2823 2117 2890 publice

551 2904 813 2959 clamaret
852 2925 863 2960 :
921 2905 1034 2960 Viri
1064 2907 1311 2974 Romani,
1354 2909 1578 2964 audite:
1612 2909 1790 2966 Filius
1839 2912 1932 2966 Dei
1968 2913 2115 2968 adest

551 2996 605 3048 in
625 2994 838 3051 Judwa.
889 2997 1050 3052 Addit
1091 3013 1150 3054 se
1200 3000 1286 3056 his
1310 3001 1509 3056 auditis
1536 3002 1763 3057 moleste
1789 3003 1980 3058 tulisse
2016 3019 2114 3059 ne-

2152 1769 2188 1826 ll

2231 606 2428 675 plicem
2484 603 2753 658 hominem
2793 645 2806 667 ,
2865 601 2957 671 qui
3023 599 3193 654 Filius
3251 596 3345 651 Dei
3405 595 3787 650 nominetenus

2225 696 2459 762 dicatur,
2483 695 2575 749 sed
2608 707 2666 750 ut
2689 695 2866 764 ipsum
2895 691 2984 746 Dei
3015 691 3236 757 Filium,
3268 688 3361 760 qui
3383 689 3437 743 in
3459 687 3604 744 hunc
3627 702 3763 742 mun

2222 790 2352 843 dum
2370 804 2400 843 e
2416 788 2552 842 ctelo
2581 787 2808 853 venerit,
2841 785 3121 840 adoratum
3146 783 3170 837 Γ
3172 783 3338 838 uisse.

2291 901 2381 957 IV.
2439 922 2460 953 ι
2503 901 2780 972 Duplicem
2832 898 3032 954 Christi
3087 908 3338 951 naturam
3395 895 3782 950 demonstrant

2221 1011 2341 1065 quat
2378 995 2571 1051 Petrus
2621 995 2750 1048 huic
2804 992 3041 1047 Simonis
3099 1000 3421 1061 argumento
3479 987 3768 1056 respondet

2222 1085 2408 1140 homil.
2444 1101 2596 1147 xvm,
2621 1100 2743 1154 cap.
2779 1084 2845 1137 15
2878 1101 2890 1136 :
2924 1081 3163 1149 Πρῶτον
3184 1079 3301 1149 μὲν
3330 1079 3441 1148 γὰρ
3462 1077 3713 1132 δύναται
3745 1078 3782 1129 ὁ

2218 1177 2398 1246 λόγος
2429 1175 2699 1244 εἰρῆσθαι
2745 1172 2894 1241 πρὸς
2946 1171 3172 1236 πάντας
3217 1169 3578 1234 Ἰουδαίους,
3637 1166 3783 1234 τοὺς

2219 1266 2442 1335 πατέρα
2469 1265 2810 1336 νομίζοντας
2837 1265 2987 1317 εἶναι
3014 1261 3119 1316 τοῦ
3159 1259 3412 1328 Χριστοῦ
3448 1258 3554 1312 τὸν
3580 1258 3777 1311 Δαϐίδ·

2219 1356 2317 1410 καὶ
2347 1357 2530 1411 αὐτὸν
2560 1356 2627 1408 δὲ
2669 1355 2772 1408 τὸν
2813 1352 3070 1422 Χριστὸν
3105 1349 3238 1404 Υἱὸν
3285 1350 3427 1416 ὄντα
3449 1390 3463 1414 ,
3511 1346 3610 1400 καὶ
3645 1347 3780 1400 Υίὸν

2221 1448 2367 1502 Θεοῦ
2389 1447 2476 1516 μὴ
2502 1445 2833 1515 ἐγνωκέναι.
2865 1443 2959 1498 Διὸ
2992 1441 3090 1496 καὶ
3124 1440 3350 1505 οἰκείως
3370 1440 3596 1506 εἴρηται
3616 1455 3627 1466 ·
3669 1439 3780 1490 Οὐ-

2217 1539 2339 1605 δεὶς
2369 1539 2518 1607 ἔγνω
2541 1536 2646 1590 τὸν
2666 1535 2925 1603 Πατέρα·
2967 1532 3098 1587 ἐπεὶ
3145 1530 3278 1586 ἀντὶ
3309 1530 3414 1583 τοῦ
3443 1528 3589 1582 Θεοῦ
3612 1566 3627 1591 ,
3669 1527 3776 1609 τόν

2217 1628 2392 1684 Δαϐὶδ
2421 1628 2640 1694 πάντες
2669 1628 2896 1695 ἔλεγον.
2936 1627 3002 1678 Τὸ
3036 1623 3102 1676 δὲ
3130 1621 3432 1684 ἐπάξαντα
3453 1617 3664 1673 εἰπεῖν·
3685 1616 3780 1681 Ὠς

2218 1719 2359 1775 οὐδὲ
2403 1719 2508 1772 τὸν
2537 1719 2670 1772 Υἱόν
2714 1734 2801 1782 τις
2847 1713 3024 1769 οἶδεν
3076 1710 3204 1765 ἐπεὶ
3247 1708 3432 1763 αὐτὸν
3471 1707 3614 1764 ,Υιὸν
3664 1708 3776 1758 οὐκ

2222 1807 2488 1876 ᾔδει-σαν.
2526 1805 2637 1863 Kal
2668 1805 2731 1859 τὸ
2764 1803 2968 1858 εἰπεῖν·
3009 1793 3106 1868 Οἷς
3151 1801 3226 1854 ἂν
3249 1799 3544 1866 ,βούληται
3586 1799 3620 1850 ὀ
3645 1794 3777 1863 Υἱὸς

2217 1903 2624 1969 ἀποκαλύψας
2657 1896 2840 1966 ὀρθῶς
2884 1896 3127 1963 εἴρηται.
3172 1893 3233 1946 '0
3273 1892 3384 1961 γὰρ
3435 1891 3533 1946 ἀπ’
3585 1889 3776 1957 ἀρχῆς

2217 1991 2302 2045 ὢν
2340 1990 2495 2056 Υἱὸς,
2533 1989 2720 2059 μόνος
2757 1987 3006 2055 ὡρίσθη,
3050 1985 3150 2037 ἵνα
3191 1983 3279 2048 οἷς
3304 1983 3600 2049 ,ϐούληται
3627 1983 3775 2035 ἀπο-

2219 2089 2486 2155 καλύψῃ.
2565 2085 2840 2138 Enimvero
2894 2081 3120 2150 primum
3187 2088 3350 2148 potest
3415 2077 3776 2131 testimonium

2218 2198 2327 2236 esse
2348 2182 2547 2235 dictum
2584 2178 2652 2232 ad
2688 2192 2862 2230 omnes
2887 2174 3125 2239 Judwos,
3157 2173 3246 2240 qui
3284 2171 3539 2241 putabant
3571 2180 3776 2239 patrem

2219 2272 2416 2328 Christi
2456 2288 2566 2326 esse
2597 2271 2868 2333 Davidem,
2907 2283 2992 2321 eos
3029 2282 3129 2319 non
3169 2265 3463 2334 cognovisse
3505 2263 3776 2318 Christum

2221 2359 2419 2414 Filium
2449 2359 2716 2429 (hominis)
2746 2369 2794 2412 et
2829 2355 3031 2410 Filium
3066 2356 3179 2408 Dei.
3221 2353 3395 2419 Quare
3430 2361 3547 2419 apte
3575 2354 3774 2406 dictum

2221 2462 2318 2517 est,
2345 2450 2512 2503 Nemo
2539 2451 2678 2503 novit
2705 2447 2942 2513 Patrem,
2974 2448 3097 2517 quia
3128 2462 3222 2516 pro
3256 2444 3365 2498 Deo
3399 2461 3575 2498 omnes
3607 2443 3776 2498 Davi-

2217 2549 2332 2600 dem
2384 2545 2649 2598 dicebant.
2689 2543 2757 2598 Et
2789 2542 2926 2613 quod
2969 2541 3261 2611 subjungit,
3299 2538 3409 2593 Nec
3457 2539 3629 2607 ﬁlium
3656 2539 3774 2606 quis

2216 2640 2378 2702 novit,
2413 2639 2536 2708 quia
2577 2652 2695 2690 eum
2745 2635 2947 2688 Filium
2978 2651 3090 2688 esse
3129 2633 3472 2687 nesciverunt.
3538 2631 3605 2684 Et
3635 2635 3773 2701 quod

2217 2733 2316 2795 ait,
2357 2729 2557 2796 Quibus
2585 2727 2803 2781 voluerit
2828 2725 3001 2778 Filius
3026 2724 3274 2787 revelare,
3305 2734 3439 2777 recte
3469 2723 3640 2780 habet.
3665 2722 3774 2788 Qui

2216 2824 2353 2877 enim
2386 2821 2450 2874 ab
2491 2819 2646 2872 initio
2685 2816 2861 2872 Filius
2903 2825 3002 2882 est,
3049 2815 3194 2870 solus
3240 2815 3530 2870 destinatus
3579 2824 3675 2879 est,
3715 2824 3774 2869 ut

2215 2915 2406 2988 quibus
2436 2914 2575 2983 cupit
2609 2911 2813 2966 revelet.
2877 2911 3143 2965 Accurata
3195 2925 3326 2965 sane
3355 2909 3422 2963 de
3452 2905 3569 2960 Fiiii
3618 2913 3773 2961 aeter-

2217 3007 2407 3071 nitate,
2439 3005 2666 3073 ejusque
2687 3018 2754 3057 ex
2780 2999 2940 3054 Patre
2965 3001 3314 3069 generatione
3341 2999 3656 3067 disputatio.
3678 2996 3771 3052 Dei

554 3087 751 3140 minem
783 3104 848 3143 ex
882 3098 1027 3143 tanta
1063 3089 1344 3146 hominum
1387 3093 1750 3162 multitudine,
1785 3106 1892 3151 tam
1919 3113 2115 3168 magno
2142 3103 2184 3159 C
2218 3109 2272 3154 et
2305 3097 2542 3152 hominis
2572 3095 2766 3159 Filius,
2809 3096 2877 3149 ab
2930 3094 3084 3148 initio
3137 3091 3306 3146 Filius
3340 3091 3579 3146 dicitur:
3630 3100 3683 3145 et
3712 3099 3769 3144 ut

553 3189 773 3249 accepto
803 3181 1272 3238 nuntio'dixisse:
1315 3185 1369 3238 In
1411 3184 1650 3242 Judaeam
1699 3189 2030 3258 proﬁciscar,
2060 3199 2118 3245 ut
2217 3202 2399 3263 pateat
2441 3197 2705 3258 quantum
2743 3187 2884 3242 inter
2927 3185 3143 3241 Patrem
3181 3193 3234 3241 et
3261 3193 3589 3250 creatorem,
3634 3183 3772 3236 inter

553 3287 898 3342 cognoscam,
915 3283 1094 3329 utrum
1116 3276 1218 3330 iste
1244 3278 1359 3331 haec
1381 3277 1662 3348 proferens
1684 3295 1807 3335 vera
1833 3281 2114 3350 loquatur;

555 3379 747 3433 nempe
791 3364 880 3418 ὅτι
925 3367 1055 3432 Υἱὸς
1089 3368 1234 3421 Θεοῦ
1263 3369 1695 3440 ἐπιδεδήμηκεν
1727 3373 1802 3441 τῇ
1842 3373 2114 3442 Ἰουδαίᾳ,

560 3474 579 3507 ε
617 3454 820 3509 Filium
863 3457 960 3511 Dei
988 3458 1042 3511 in
1068 3457 1314 3514 Judteam
1343 3463 1632 3518 advenisse.
1681 3483 1694 3516 ι
1738 3464 1909 3519 Tanta
1940 3465 2116 3520 admi-

552 3547 692 3602 ratio
720 3548 789 3603 ob
824 3551 1129 3605 nuntiatum
1176 3553 1296 3607 Filii
1333 3553 1428 3610 Dei
1457 3555 1509 3609 in
1537 3555 1776 3611 Iudaeam
1800 3559 2114 3627 adventum,

552 3654 677 3694 cum
708 3640 828 3710 ejus
872 3643 1326 3710 prazexistentiam
1364 3648 1623 3715 praeclare
1651 3649 1904 3718 exprimit
1931 3651 2114 3714 (nemo

551 3732 698 3786 enim
747 3732 946 3788 dixerit
989 3734 1180 3790 Isaiam
1237 3739 1554 3806 prophetam
1605 3740 1889 3798 advenisse
1927 3743 1981 3797 in
2019 3743 2117 3799 Ju—

551 3823 767 3894 daeam),
809 3835 937 3887 tum
991 3843 1243 3899 magnum
1300 3831 1517 3900 aliquod
1566 3833 1881 3904 mysterium
1931 3837 2115 3892 animo

551 3919 833 3975 observari
861 3921 1380 3992 demonstrat,quod
1415 3935 1444 3978 a
1476 3924 1783 3980 Socinianis
1813 3933 1866 3982 et
1895 3927 2113 3985 Arianis

534 4014 876 4070 commentis
907 4015 1063 4084 longe
1085 4014 1372 4084 discrepet.

626 4126 646 4158 ‹
692 4106 828 4160 Cum
871 4111 974 4160 hac
1022 4105 1138 4158 Filii
1195 4106 1288 4160 Dei
1338 4107 1557 4162 notione
1612 4108 1839 4166 miritice
1883 4111 2114 4180 quadrat

552 4197 694 4267 quod
741 4214 902 4252 verus
931 4197 1198 4266 Pr0pheta
1238 4200 1368 4267 (quo
1411 4199 1630 4254 nomine
1665 4199 1942 4256 Christum
1971 4201 2116 4258 desi-

555 4289 704 4358 gnat)
731 4290 880 4342 \lSUS
905 4305 1024 4342 esse
1049 4289 1280 4342 Abraha:
1306 4289 1506 4344 dicitur
1540 4291 1632 4346 lib.
1665 4309 1680 4346 ι
1709 4292 1959 4365 Recogn.,
1989 4310 2110 4364 cap.

553 4382 642 4435 '55.
700 4382 961 4437 Similiter
1015 4381 1146 4436 Mosi
1201 4383 1521 4451 apparuisse
1572 4395 1823 4440 narratur
1855 4401 1974 4456 cap.
2019 4387 2108 4442 54.

2217 3281 2416 3337 Filium
2439 3289 2492 3335 et
2531 3296 2642 3335 rem
2681 3288 2918 3334 creatam
2955 3279 3188 3341 intersit,
3228 3276 3395 3332 Deum
3433 3275 3602 3330 Judaei
3631 3290 3771 3344 qua-

2218 3385 2373 3428 tenus
2413 3371 2623 3426 Patrem
2649 3371 2876 3431 Christi.
2903 3369 3183 3441 ignorasse
3210 3369 3491 3431 dicuntur,
3523 3367 3772 3436 quamvis

2215 3479 2337 3519 eum
2369 3472 2426 3518 ut
2465 3474 2765 3518 creatorem
2799 3462 3042 3516 omnium
3067 3461 3233 3531 probe
3264 3458 3563 3515 novissent.

2292 3577 2310 3609 ι
2358 3555 2521 3611 Multa
2561 3557 2613 3610 in
2675 3555 2920 3610 eamdem
2971 3553 3294 3609 sententiam
3339 3551 3464 3606 libri
3516 3549 3773 3619 Recogui-

2217 3655 2414 3704 tianum
2441 3647 2811 3718 suppeditant.
2838 3645 2959 3700 Lib.
2989 3661 3026 3710 ι,
3065 3661 3188 3714 cap.
3213 3644 3304 3711 45,
3335 3643 3449 3698 inec
3479 3643 3768 3713 leguntur:

2215 3743 2348 3798 Cum
2368 3751 2501 3796 esset
2540 3739 2717 3793 Filius
2743 3739 2840 3793 Dei
2885 3749 2932 3792 et
2961 3739 3171 3791 initium
3217 3737 3470 3800 omnium,
3497 3734 3666 3804 factus
3689 3743 3766 3786 est

2214 3837 2386 3890 homo.
2413 3833 2478 3887 Et
2508 3848 2627 3902 cap.
2658 3831 2726 3887 69
2755 3851 2769 3886 ς
2798 3831 2978 3885 Nolite
3007 3840 3193 3898 putare
3215 3845 3308 3883 nos
3339 3828 3470 3882 duos
3506 3827 3768 3897 ingenitas

2215 3927 2386 3980 dicere
2411 3924 2569 3990 Deos,
2617 3934 2708 3979 aut
2742 3938 2903 3977 unum
2941 3921 3166 3975 divisum
3216 3935 3326 3973 esse
3366 3920 3420 3971 in
3470 3917 3624 3983 duos,
3666 3915 3766 3980 vel,

2219 4020 2354 4073 sicut
2389 4017 2540 4087 impii
2585 4016 2790 4080 dicunt,
2828 4017 3063 4066 eumdem
3105 4008 3398 4064 masculum
3441 4017 3488 4062 et
3519 4008 3767 4077 feminam

2213 4113 2296 4166 sui
2333 4111 2573 4180 effectum
2602 4123 2621 4160 :
2651 4107 2741 4160 sed
2788 4105 2993 4160 Filium
3035 4105 3130 4157 Dei
3162 4103 3489 4172 unigenitum
3517 4103 3765 4168 dicimus,

2212 4220 2313 4258 non
2339 4217 2401 4256 ea:
2428 4200 2535 4254 alio
2565 4199 2740 4264 initio,
2771 4197 2874 4252 sed
2912 4211 2976 4250 ea:
3013 4196 3128 4264 ipso
3171 4193 3514 4263 ine/)‘abiliter
3557 4202 3761 4247 natum.

2213 4293 2470 4351 Similiter
2497 4295 2657 4346 etiam
2703 4290 2768 4344 de
2816 4288 3096 4343 Paracleto
3133 4288 3378 4340 dicimus.
3409 4285 3476 4339 Et
3549 4285 3643 4340 lib.
3679 4301 3764 4352 ιιι,

2214 4403 2333 4458 cap.
2365 4386 2431 4441 48
2458 4405 2471 4440 :
2502 4384 2696 4439 Noster
2717 4393 2889 4436 autem
2930 4381 3202 4450 Magister,
3227 4379 3316 4449 qui
3346 4388 3421 4431 est
3455 4377 3632 4431 Filius
3673 4377 3764 4429 Dei

552 4473 875 4543 Quicunque
925 4489 1111 4527 verum
1143 4476 1210 4530 ab
1236 4491 1302 4531 eo
1341 4491 1448 4530 non
1485 4475 1791 4532 didicerunt
1821 4520 1837 4546 ,
1878 4451 1938 4533 bi
1978 4479 2111 4536 illud
2143 4451 2186 4506 Β
2213 4490 2262 4533 et
2280 4451 2530 4543 liontinis,
2565 4476 2842 4546 manifeste
2891 4474 3053 4526 bonus
3098 4481 3174 4526 est
3204 4487 3222 4525 :
3253 4471 3389 4541 quod
3430 4479 3604 4523 autem
3651 4485 3768 4523 vere

551 4582 660 4622 non
686 4567 960 4621 invenisse
985 4576 1358 4636 etquzerentes
1387 4567 1590 4622 obiisse
1612 4568 1892 4637 dicuntur,
1917 4571 2110 4626 homil.

2213 4570 2281 4624 sit
2308 4567 2504 4632 Filius,
2523 4569 2708 4638 quibus
2735 4566 2959 4635 oportuit
2984 4564 3186 4617 dictum
3204 4572 3280 4618 est
3305 4572 3354 4617 et
3379 4562 3597 4616 dicetur.
3628 4560 3768 4616 Hinc

549 4672 609 4723 ιι,
655 4674 771 4728 cap.
804 4658 836 4711 6
883 4674 897 4712 :
940 4658 1108 4712 Ὅσοι
1159 4658 1303 4712 ποτὲ
1333 4657 1618 4726 ἀλήθειαν
1647 4660 1865 4730 γνῶναι
1907 4661 2114 4717 ἐπεθύ-

2216 4677 2334 4732 cap.
2361 4663 2397 4716 2
2421 4661 2661 4731 ejusdem
2695 4659 2816 4713 libri
2852 4659 3163 4728 indignatur
3194 4654 3404 4721 Simon,
3429 4653 3538 4708 Deo
3565 4652 3762 4708 Filium

543 4766 770 4820 μησαν,
801 4749 957 4818 παρά
971 4749 1037 4802 δὲ
1062 4752 1273 4803 τούτου
1285 4750 1494 4819 μαθεῖν
1514 4751 1705 4820 αὐτὴν
1723 4753 1833 4805 οὐκ
1861 4754 2111 4824 εὐτύχη-

549 4858 688 4908 σαν,
719 4842 803 4912 μὴ
835 4842 1128 4909 εὑρόντες,
1160 4840 1470 4909 ζητοῦντες
1499 4843 1914 4913 ἐτελεύτησαν.

626 4954 644 4985 ι
696 4935 884 4989 Simon
937 4933 1128 5003 Magos
1177 4933 1364 4986 homil.
1415 4950 1544 5002 xvu,
1589 4951 1708 5005 cap.
1750 4938 1804 4999 4,
1838 4945 1898 4990 ut
1923 4937 2110 5004 probet

548 5023 720 5082 Deum
765 5037 892 5081 ante
943 5027 1278 5092 incognitum
1317 5045 1346 5082 a
1376 5028 1595 5082 Christo
1644 5027 1974 5093 nuntiatum,
2023 5028 2108 5084 his

549 5120 727 5174 verbis
770 5119 940 5172 utitur
977 5137 990 5173 :
1026 5119 1194 5173 Nemo
1237 5121 1374 5172 novit
1431 5119 1682 5186 Patrem,
1735 5120 1838 5173 nisi
1893 5119 2108 5183 Filius;

547 5224 660 5268 tum
683 5213 829 5266 addit
852 5231 864 5266 :
888 5215 956 5288 Ei
988 5213 1432 5279 οὗναύτὸςΥὶὸς
1449 5212 1528 5282 ἦν
1546 5215 1578 5267 ό
1610 5213 1831 5280 παρὼν,
1845 5212 1961 5267 ἀπὸ
1997 5215 2106 5283 τῆς

545 5305 730 5360 αὑτοῦ
756 5307 1107 5374 παρουσίας,
1142 5307 1228 5372 οἷς
1255 5307 1530 5361 ἐϐούλετο
1565 5307 1671 5360 τὸν
1708 5305 1896 5362 πᾶσιν
1918 5307 2108 5376 ἄγνων

547 5415 698 5452 στον
727 5398 1167 5453 ἀπεκάλυπτεν.
1206 5397 1294 5452 cSi
1322 5414 1442 5469 ergo
1474 5399 1563 5469 qui
1593 5397 1800 5452 advenit
1825 5440 1840 5465 ,
1875 5399 1984 5469 ipse
2006 5397 2106 5452 Fi-

546 5489 650 5542 lius
693 5501 829 5556 erat,
879 5499 993 5558 post
1036 5505 1188 5543 suum
1229 5490 1528 5554 adventura,
1558 5490 1744 5558 quibus
1773 5488 1956 5553 voluit,
1986 5505 2106 5543 eum

541 5582 634 5649 qui
680 5582 879 5635 cunctis
911 5582 1204 5652 incognitus
1247 5590 1380 5649 erat,
1413 5581 1673 5636 revelavit.
1716 5601 1734 5633 ι
1771 5579 1895 5635 Haec
1921 5579 2104 5635 Simo-

2215 4753 2436 4811 attribui
2465 4763 2722 4822 tanquam
2756 4749 2998 4803 animali.

2285 4844 2349 4900 γ.
2389 4841 2581 4897 Omnia
2613 4857 2642 4894 a
2672 4839 2809 4894 Filio
2842 4847 3023 4894 creata
3053 4852 3194 4902 esse,
3243 4835 3428 4890 multis
3455 4833 3592 4890 locis
3629 4848 3764 4888 eon-

2214 4939 2457 4993 lirmatur
2491 4953 2504 4989 :
2543 4933 2677 4988 Υὶοῦ
2719 4931 2890 4984 ἐστιν
2935 4928 3039 4984 τοῦ
3074 4928 3331 4996 οὐρανὸν
3362 4925 3460 4980 καὶ
3489 4925 3606 4995 ⁸γῆν
3639 4924 3766 4978 δια-

2216 5026 2662 5097 κοσμήσαντος,
2698 5024 2772 5077 ait
2816 5021 3033 5083 Petrus,
3084 5020 3274 5074 homil.
3328 5035 3482 5087 mn,
3537 5033 3655 5087 cap.
3705 5019 3764 5085 6,

2215 5119 2287 5174 τὸ
2309 5118 2355 5183 ᾧ
2393 5118 2679 5182 ,βούλεται
2735 5113 3121 5181 ἀποκαλύψαι
3146 5111 3256 5166 τὸν
3300 5111 3371 5165 ὲν
3412 5109 3768 5180 ἀπορρήτοις

2212 5209 2455 5278 Πατέρα.
2505 5207 2586 5262 Ad
2630 5205 2830 5259 Filium
2874 5204 2990 5259 caeli
3048 5213 3096 5257 et
3142 5215 3295 5257 terra:
3363 5206 3765 5258 constitutorem

2211 5290 2407 5371 spectat
2440 5297 2663 5353 revelare
2711 5296 2795 5350 cui
2843 5296 2947 5350 vult
2983 5295 3149 5365 ipsius
3196 5294 3413 5348 Patrem
3454 5295 3508 5346 in
3540 5294 3763 5347 abscon-

2211 5395 2339 5449 ditis
2383 5390 2630 5461 pOsitum.
2690 5387 2757 5442 Et
2815 5389 3002 5443 homil.
3048 5402 3160 5451 xvi,
3193 5402 3312 5455 cap.
3348 5385 3408 5438 ll
3453 5395 3505 5440 et
3543 5386 3631 5451 l2,
3663 5385 3764 5439 ob-

2207 5486 2415 5558 jicienti
2448 5482 2654 5538 Simoni
2693 5483 2834 5537 duos
2864 5496 2984 5536 esse
3022 5491 3316 5542 creatores,
3348 5492 3414 5533 eo
3435 5477 3582 5548 quod
3607 5477 3763 5531 dixe-

2211 5579 2276 5632 rit
2328 5576 2494 5642 Deus,
2555 5573 2866 5642 Faciamus,
2921 5572 3001 5629 sic
3042 5571 3335 5644 respondet
3385 5569 3580 5627 Petrus
3613 5587 3629 5625 :
3658 5567 3767 5636 Εἷς

617 5715 728 5786 (15)
757 5715 932 5782 Philo,
964 5717 1063 5775 lib.
1088 5733 1125 5771 ιι
1165 5714 1286 5784 Leg.
1321 5714 1572 5785 Ailegor.,
1619 5725 1748 5770 tom.
1777 5712 1818 5782 Ι,
1840 5729 1967 5784 pag.
1999 5711 2088 5779 70,
2121 5715 2250 5771 edit.
2284 5710 2516 5766 Londin.
2545 5708 2705 5764 17η.
