4068 6338
321 371 386 426 17
1431 398 1884 463 CLEMENTINA.
1923 439 1994 454 ιο-
2018 413 2375 475 PROOEMIA.
3487 451 3554 506 l8"

312 491 489 546 ἐστιν
519 497 552 549 ὁ
582 495 656 566 τῇ
703 502 890 558 αὐτοῦ
941 509 1122 577 σοφίᾳ
1153 513 1352 569 εἰπών·
1405 523 1752 595 Ποιήσωμεν
1782 528 1820 581 ἅ

312 589 552 624 Enni-rm
606 584 773 624 τηέιὶ
794 599 975 624 "nul...
1022 600 1208 624 .".__.__
1241 606 1314 624 the
1520 617 1531 624 .
1756 621 1768 624 _

1920 537 1960 594 Α
1980 534 2181 603 justus.
2215 537 2394 596 Unum
2426 552 2479 598 et
2507 547 2756 605 eumdem
2797 554 3001 612 cultum
3035 565 3396 621 sanctissima:
3417 567 3506 624 'l‘ri
3527 601 3544 613 ο

311 589 570 652 θρωπον·
606 584 691 662 τῌ
707 591 773 646 δέ
792 599 997 665 σοφίᾳ,
1015 600 1216 672 ὧσπερ
1235 606 1359 674 ἰδίῳ
1387 617 1821 684 πνεύματααὺτἾ

311 677 402 729 ἀεὶ
436 680 813 729 συνέτριψεν.
873 690 1122 729 'Hm.wm
1161 696 1267 729 ut...
1310 701 1387 729 Α...
1418 706 1583 729 4.--“;
1625 709 1692 729 _,~
1739 713 1802 729 ι»

1920 584 2181 603 "JH---"
2220 584 2394 596 νην...
2426 584 2479 598 η..
2507 584 2756 605 ιυιιιυιιιι
2797 584 3001 612 ιιιιιιιιιι
3035 584 3396 621 suucussumc
3427 584 3506 624 l't'l
3527 601 3542 613 -

1983 627 2134 684 nitati
2186 635 2430 690 adhiberi
2490 639 2705 707 docent,
2760 661 2882 715 quae
2932 649 3186 718 leguntur
3231 661 3417 716 homil.
3457 679 3542 729 In,

1532 677 1548 684 ν
1679 677 1686 680 _
1857 677 1873 688 ³
1985 677 2134 684 -_____.
2186 677 2430 690 ..νη-νυ..
2490 677 2705 707 υυυυιιι,
2801 677 2882 700 ua:
2932 677 3186 710 u'vuutur
3231 677 3417 716 lttllllll.
3457 679 3518 717 ΙΙΙ

309 677 402 818 ἓεῖ
436 680 815 818 71Wélagisr.
873 690 1122 746 Ἠνωτιιε
1155 696 1267 764 μὲν
1308 701 1387 768 ὡς
1417 706 1586 774 ψυχὴ
1619 709 1698 774 τῷ
1736 712 1875 778 Θεῷ·
1981 737 2099 790 cap.
2134 722 2200 776 72
2231 743 2242 778 :
2274 727 2392 780 Συῦ
2440 728 2550 797 γάρ
2590 677 2790 787 eorm“
2808 736 2957 803 δόξα
2983 693 3231 814 ﬂabdis-too
3251 791 3266 814 ,
3321 707 3542 818 bur-oc:

340 785 443 818 κτε
469 787 636 818 ’νεῖαι
771 779 870 818 ἀπ’
916 785 1102 818 ,τὴς-ηπ
1167 789 1245 818 ,ειη
1280 792 1402 818 “-1-
1447 796 1603 818 βμημ-
1769 802 1794 814 ’ν
1835 816 1840 818 Α
1988 814 2032 818 -
2145 813 2154 818 -
2279 815 2287 818 ‘

1427 767 1438 771 ν
1508 767 1542 774 η
1572 767 1581 774 -
1667 767 1678 774 -
1825 767 1836 778 ι
1983 767 2039 776 νυ-
2065 767 2099 776 --
2143 767 2200 776 -—
2231 767 2242 778 ο
2274 767 2387 780 -νν
2477 767 2513 780 νυ
2590 767 2652 785 cu
2672 767 2748 787 ιιι
2808 767 2876 790 UU
2919 767 2956 793 α
3002 767 3198 799 ιιιιυνιο
3321 767 3357 802 υ
3383 769 3471 807 ινο

306 767 739 914 ἐέτείνεταιῃὸὲ
771 779 870 831 ἀπ’
915 785 1135 849 αὑτοῦ,
1165 789 1245 855 ὡς
1276 792 1404 860 χεὶρ
1440 796 1879 870 δημιεῖιογοῦσα
1978 767 2159 880 [hirpi
2197 815 2292 868 καὶ
2331 767 2566 884 γιῷ’κῖξὶ
2599 823 2744 891 ἁγίῳ
2776 767 3542 914 Πνέύματιβὶςςτίρὺςισύῖιζ

306 874 335 908 τ
427 860 571 914 πᾶν.
686 884 781 914 nus
813 881 890 914 pst
912 877 1002 914 nni
1029 875 1315 914 .an;ulsla'm
1341 902 1447 914 η...
1470 890 1602 914 .t:..:.
1636 907 1647 914 .
1685 892 1844 914 nus,
2280 907 2331 914 --
2535 913 2544 914 ,
2667 913 2671 914 ,

301 855 370 909 τὸ
427 860 571 917 πᾶν.
637 865 781 921 Unus
813 881 890 924 est
912 877 1002 943 qui
1028 875 1315 946 Sapienlite
1338 902 1447 942 sua:
1465 890 1602 944 dixit
1631 907 1647 944 :
1677 892 1821 947 Facit

301 963 424 991 mus
457 950 719 991 Ιιηηιὸηοηι
793 960 928 991 ηυξ-
969 983 1081 991 ω.--
1133 969 1250 991 ρης
1332 978 1366 991 -.
1471 990 1474 991 ,

1978 855 2159 880 --ν-,μ
2197 855 2292 868 ην..
2333 855 2355 870 ι
2375 855 2440 884 up
2468 855 2566 874 mu
2599 855 2744 891 ιιμψ
2776 855 3195 902 ιινευματι,εις
3223 855 3361 908 τους
3387 855 3539 914 σύμ-

1977 918 2204 970 παντας
2233 907 2468 975 αἰῶνας.
2532 913 2734 982 Ἀμήν.
2757 918 2840 972 Ad
2866 930 2914 972 te
2939 924 3078 976 enim
3103 930 3323 989 pertinet
3345 944 3539 991 wterna

1977 950 2074 955 ηπ*
2104 950 2195 970 "'3
2233 950 2358 961 νηννί
2377 950 2468 975 νη,-
2546 950 2701 982 ημιιι
2721 958 2734 971 ο
2757 950 2837 972 nu
2866 950 2913 972 lc
2939 950 3078 976 curm
3103 950 3322 989 ρεηιηει
3345 950 3534 991 wterna

300 963 424 1048 mus
455 950 742 1013 hominem.
785 960 928 1017 Huic
969 983 1083 1022 vero
1126 969 1414 1041 Sapientiae
1461 990 1711 1050 tanquam
1752 1002 1874 1054 pro-
1973 993 2164 1063 gloria,
2203 997 2343 1065 laus,
2387 999 2540 1054 Patri
2584 1014 2632 1058 et
2686 1006 2828 1060 Filio
2871 1021 2921 1064 et
2952 1010 3180 1082 Spiritui
3227 1032 3428 1084 sancto,
3483 1025 3534 1080 in

300 1051 420 1084 υηο
447 1043 667 1084 xnin'hn'
701 1065 897 1084 comosa.-
926 1057 1035 1084 ἐκ-..
1071 1067 1303 1084 -..μ---.γι
1340 1067 1352 1084 ι
1413 1079 1422 1084 .
1479 1070 1519 1084 ιν
1567 1074 1578 1084 .
1744 1078 1753 1084 .
1781 1078 1791 1084 .

1201 1038 1210 1041 '
1567 1038 1579 1050 '
1752 1038 1764 1054 '
1973 1038 2164 1063 ειη-η’,
2203 1038 2343 1065 πίνων
2387 1038 2410 1053 ι
2436 1038 2539 1054 ιη’·
2584 1038 2632 1058 τι
2686 1038 2828 1060 I'uw
2871 1038 2918 1064 τι
2952 1038 3178 1082 optutu!
3227 1038 3428 1084 εαηοιο.
3483 1038 3534 1080 th

298 1038 667 1182 priopwimui
697 1065 897 1120 “mp”
926 1057 1035 1124 ίρδθ
1065 1067 1442 1132 εοηθακάείηιί·
1476 1070 1637 1127 Ulli!“
1664 1078 1871 1144 quidem
1973 1086 2148 1138 omnia
2172 1088 2389 1143 swcula.
2415 1092 2601 1147 Amen.
2636 1094 2774 1152 Hinc
2806 1099 2995 1158 homil.
3033 1120 3106 1170 Ix,
3131 1109 3265 1176 cap.’
3289 1111 3380 1177 25,
3407 1115 3537 1186 [κιρ.

455 1147 539 1186 80.
570 1144 628 1186 ut
651 1139 832 1186 anima
863 1159 879 1186 Γ
916 1147 980 1186 nl)
1008 1165 1066 1186 nn
1110 1164 1282 1186 nutan-
1331 1162 1628 1186 ,νεαρ-...Ηιημ
1665 1176 1717 1186 -.ι
1995 1178 2005 1186 .
2259 1181 2272 1186 _
2339 1182 2349 1186 -
2400 1184 2408 1186 _
2713 1171 2718 1180 ι

299 1138 378 1181 ⁸⁸⁸
404 1128 539 1198 θεον
570 1144 628 1187 ut
651 1139 832 1195 anima
860 1159 879 1197 :
916 1147 980 1200 ab
1008 1165 1066 1202 eo
1108 1164 1284 1208 autem
1326 1162 1629 1217 extenditur
1662 1176 1717 1218 ut
1756 1184 1821 1220 "lt

301 1234 425 1266 nus-
478 1225 871 1266 ηηὶπρηὸιηιο...
918 1241 1207 1266 mnum“..-
1293 1246 1351 1266 n.
1469 1253 1479 1263 .
1571 1255 1622 1266 ..
1787 1259 1797 1266 .

1973 1128 2146 1138 ν........
2172 1128 2389 1143 own"...
2415 1128 2601 1147 ιιηιιη.
2636 1128 2774 1180 nutu;
2806 1128 2995 1158 ιιυιιηι.
3033 1128 3106 1170 Ix,
3131 1128 3251 1176 cap.
3289 1128 3380 1177 ‘20,
3407 1128 3534 1186 uap-

1971 1178 2164 1232 tismus
2208 1181 2578 1239 administrari
2613 1187 2816 1244 dicitur
2847 1210 2859 1244 :
2901 1195 3299 1266 Τρισμακαρίᾳ
3327 1202 3534 1257 ἐπονο-

2213 1289 2230 1320 i
2271 1270 2371 1324 Ter
2419 1273 2572 1328 beata
2623 1279 2991 1337 invocatione:
3031 1303 3048 1335 ι
3082 1289 3223 1355 quod
3261 1289 3326 1346 de
3361 1295 3533 1350 tribus

1967 1356 2217 1416 Personis
2265 1362 2667 1429 intelligendum
2716 1381 2859 1440 patet
2902 1392 2967 1428 ex
3014 1377 3098 1431 his
3143 1382 3321 1436 verbis
3379 1384 3473 1439 lib.
3513 1402 3526 1439 ι

295 1407 692 1473 πεποίηκότος
745 1413 893 1468 θεοῦ
940 1417 1053 1486 τὴν
1113 1424 1312 1492 ἀρχὴν
1367 1429 1480 1498 τῆς
1524 1433 1821 1490 ἐκστάσεα

295 1489 460 1541 ἐγεί.
527 1496 808 1541 Ιρενρηιιιιιη
873 1519 1002 1541 ῇηΙΛ
1057 1512 1338 1541 λ.,-,ε..,-.ν
1429 1522 1460 1541 ο
1505 1525 1514 1535 -
1557 1527 1588 1541 ο.
1766 1529 1798 1541 ..

1970 1407 1987 1409 _
2021 1407 2217 1416 ---.----.,
2265 1407 2667 1429 ...ηπ-,ηνηνυιηι
2716 1407 2859 1440 ιιι-ιω.
2902 1407 2967 1428 ca
3014 1407 3098 1431 Illa
3147 1407 3321 1436 verum
3379 1407 3473 1439 IIU.
3513 1407 3526 1439 1

1965 1447 2257 1520 Recognit.,
2289 1470 2408 1524 cap.
2438 1458 2507 1511 65
2538 1477 2551 1512 :
2587 1459 2669 1514 Ad
2711 1462 2958 1518 ultimum
2986 1477 3178 1535 autem,
3222 1471 3395 1541 inquit
3421 1475 3526 1532 Pe-

294 1489 418 1555 ἕχεί
444 1531 460 1552 ,

276 2130 548 2188 siasticos
580 2133 645 2189 de
682 2143 869 2196 mumli
902 2160 996 2212 per
1031 2147 1224 2206 Filium
1257 2161 1534 2215 creatione
1573 2167 1842 2235 sensisse;

273 2237 468 2283 contra
496 2249 659 2300 quam
688 2237 862 2305 placet
885 2239 1210 2313 Socinianis,
1233 2251 1328 2318 qui
1361 2252 1499 2310 hanc
1519 2257 1844 2327 doctrinam,

270 2322 609 2383 Christianis
651 2331 993 2390 circumcisis
1035 2339 1250 2406 penitus
1294 2344 1556 2415 ignotam,
1592 2367 1621 2406 a
1662 2354 1842 2422 philo-

270 2415 466 2482 sOphis
525 2418 839 2489 religionem
898 2426 1346 2494 amplectentibus
1401 2415 1676 2493 inductam
1731 2443 1844 2495 lin-

267 2512 425 2572 gunL

350 2612 370 2644 ¢
417 2595 602 2652 Multis
644 2599 766 2654 aliis
807 2602 969 2657 rebus
999 2605 1312 2664 declaratur
1347 2613 1510 2684 hujus
1551 2620 1838 2690 scriptoris

266 2699 394 2739 cum
426 2687 722 2746 Catholicis
765 2694 1052 2749 verborum
1093 2708 1148 2753 et
1193 2707 1590 2762 sententiarum
1635 2687 1832 2770 simili-

265 2779 420 2832 tudo.
462 2778 656 2836 Omnia
705 2799 867 2838 nosse
917 2787 1114 2843 dicitur
1164 2792 1417 2850 Christus
1468 2799 1656 2857 homil.
1708 2820 1829 2872 vm,

261 2884 388 2938 cap.
419 2870 513 2949 2|.
548 2871 712 2928 Solus
743 2875 960 2932 animas
1003 2879 1313 2939 illuminare
1341 2901 1519 2954 posse,
1555 2893 1705 2949 solus
1739 2870 1831 2951 ve;

261 2947 485 3016 ritatem
519 2973 778 3034 relegere,
832 2968 1017 3024 homil.
1059 2986 1118 3037 lt,
1149 2990 1269 3043 cap.
1301 2947 1354 3031 ιζ
1401 2977 1562 3038 Solus
1610 2983 1824 3042 Patrem

259 3055 677 3110 immutabiliter
714 3061 916 3124 videre,
957 3063 1100 3118 hom.
1155 3083 1288 3133 xvu,
1328 3087 1452 3140 cap.
1485 3075 1568 3130 16.
1616 3079 1685 3132 Τὸ
1714 3081 1826 3151 γὰρ

254 3143 563 3210 ἀτρέπτως
580 3147 808 3215 Πατέρα
824 3149 969 3203 ἰδεῖν
998 3153 1130 3207 Υἱοῦ
1160 3154 1318 3224 μόνθυ
1350 3159 1539 3216 ἐστίν.
1561 3163 1703 3219 Nam
1715 3143 1825 3221 Pa-

256 3245 391 3288 trem
443 3238 850 3293 immutabiliter
897 3243 1088 3306 videre,
1144 3248 1318 3303 solius
1372 3249 1502 3306 Filii
1542 3266 1641 3311 est.
1711 3259 1820 3315 Ea-

252 3326 379 3380 dem
407 3328 610 3382 habent
640 3330 761 3383 libri
791 3331 1246 3404 Recognitionum,
1287 3346 1584 3410 praesertim
1634 3348 1730 3405 lib.
1765 3368 1816 3416 γ,

252 3434 378 3487 cap.
409 3419 496 3483 10,
533 3421 624 3473 ubi
665 3423 777 3477 haec
806 3423 1033 3494 legimus
1061 3445 1074 3481 :
1119 3428 1218 3483 llic
1239 3448 1359 3499 ergo
1399 3446 1477 3489 est
1502 3453 1651 3493 verus
1683 3439 1819 3495 Pro-

249 3512 430 3577 pheta,
471 3513 562 3580 qui
605 3513 661 3566 in
703 3512 895 3568 Judara
939 3518 1085 3573 nobis
1123 3526 1388 3591 apparuit,
1439 3537 1494 3581 ut
1545 3532 1816 3590 audistis:

247 3604 341 3672 qui
376 3613 528 3658 stans
553 3605 757 3674 publice
780 3609 893 3662 sola
906 3610 1148 3678 jussione
1175 3615 1399 3683 faciebat
1421 3636 1584 3677 cazcos
1621 3626 1814 3695 videre,

244 3696 440 3749 surdos
485 3698 707 3761 audire;
746 3699 966 3769 fugabat
1012 3705 1293 3770 damtones,
1331 3713 1484 3781 wgris
1531 3718 1814 3772 sanitatem

244 3788 524 3852 reddebat,
573 3799 623 3843 et
676 3795 898 3846 mortuis
928 3797 1110 3851 vitam.
1156 3798 1386 3872 Curaque
1421 3805 1555 3859 nihil
1598 3810 1648 3862 ei
1679 3821 1814 3866 esset

240 3875 593 3945 impossibile,
612 3881 774 3934 etiam
801 3884 1143 3953 cogitationes
1173 3888 1442 3948 hominum
1466 3899 1768 3965 pervidebat
1790 3917 1811 3958 :

238 3971 382 4038 quod
411 3972 550 4023 nulli
577 3983 652 4026 est
681 3975 947 4042 possibile,
981 3981 1086 4034 nisi
1109 3983 1209 4037 soli
1236 3984 1363 4042 Deo.

319 4079 338 4110 ε
389 4058 578 4130 Neque
597 4064 758 4117 etiam
784 4067 912 4120 illud
940 4069 1262 4141 principium
1289 4082 1807 4145 praetermittendum

235 4158 344 4213 est,
372 4151 524 4218 quod
576 4151 702 4208 huic
726 4157 977 4225 scriptori
1011 4176 1139 4216 cum
1187 4168 1401 4223 cteteris
1446 4174 1806 4242 scriptoribus

232 4240 629 4298 ecclesiasticis
661 4260 950 4321 commune
995 4265 1080 4306 est
1109 4272 1120 4308 :
1153 4255 1283 4312 deos
1327 4262 1432 4315 coli
1468 4279 1576 4319 non
1618 4267 1801 4338 licere,

231 4331 460 4385 etiamsi
493 4337 690 4388 summi
725 4347 776 4390 et
804 4341 1192 4410 omnipotentis
1225 4347 1314 4404 Dei
1353 4353 1584 4410 ministri
1608 4357 1800 4415 dican-

233 4439 358 4488 cur;
392 4425 490 4478 sed
520 4427 618 4479 soli
646 4426 815 4496 Patri,
843 4442 897 4486 et
925 4433 1062 4490 Filio
1091 4447 1144 4494 et
1181 4439 1405 4510 Spiritui
1443 4457 1632 4503 sancto
1657 4451 1803 4508 hunc

233 4514 509 4569 honorem
535 4517 885 4576 deferendum
918 4543 929 4579 :
963 4527 1014 4580 in
1040 4545 1150 4598 quo
1175 4533 1392 4600 quidem
1428 4537 1654 4594 insaniae
1695 4559 1798 4597 no-
1833 4544 1876 4598 D

231 4789 426 4841 homil.
454 4807 510 4857 x,
541 4806 661 4860 cap.
694 4795 760 4848 15
790 4797 956 4864 et16,
993 4811 1047 4854 et
1089 4801 1310 4875 Recogn.
1343 4809 1434 4863 lib.
1471 4827 1521 4876 v,
1554 4827 1675 4882 cap.
1705 4816 1791 4870 l9.

232 4881 478 4936 Alterum
531 4885 718 4941 multis
766 4888 898 4944 locis
945 4901 1192 4951 testatur.
1229 4898 1302 4954 De
1334 4903 1482 4956 cultu
1527 4881 1702 4960 Patris
1741 4916 1796 4962 et

231 4967 349 5022 Filii
382 4972 464 5025 sic
500 4973 743 5044 loquitur
780 4977 973 5035 Petrus
1006 4985 1096 5041 lib.
1149 5004 1180 5041 ι
1221 4989 1489 5061 Recognit.
1535 5011 1653 5066 cap.
1681 4997 1790 5054 47:

227 5059 370 5125 Quid
398 5066 539 5117 enim
563 5077 639 5119 est
676 5068 729 5120 in
763 5086 863 5138 quo
891 5073 1161 5130 adversari
1187 5059 1554 5146 prtedicationi
1596 5100 1790 5145 nostra:

228 5157 344 5224 quis
365 5159 592 5213 debeat?
611 5174 703 5214 aut
732 5164 785 5216 in
824 5181 925 5235 quo
952 5180 1136 5224 contra
1167 5177 1272 5227 veri
1296 5176 1599 5249 honestique
1631 5183 1786 5251 ﬁdem

224 5264 390 5301 sermo
417 5252 816 5318 praedicationis
848 5270 1042 5314 nostra:
1069 5264 1514 5332 deprehenditur?
1532 5275 1622 5341 qui
1653 5275 1782 5329 dicit

221 5345 582 5397 honorandum
616 5361 729 5400 esse
754 5346 920 5404 Deum
954 5363 1002 5406 et
1041 5353 1255 5410 Patrem
1288 5361 1518 5416 onmium
1545 5366 1784 5420 condito-

221 5450 345 5500 rem,
371 5437 585 5506 ejusque
616 5438 816 5493 Filium
841 5450 930 5512 qui
954 5445 1096 5499 solus
1122 5465 1238 5501 eum
1257 5462 1306 5504 et
1331 5454 1649 5513 voluntatem
1666 5463 1779 5532 ejus

220 5527 375 5590 novit,
417 5530 600 5597 cuique
637 5531 741 5583 soli
791 5533 855 5586 de
899 5537 1138 5590 omnibus
1180 5541 1491 5598 credendum
1541 5560 1618 5602 est

223 5621 457 5687 wa’cepit
486 5635 505 5672 :
534 5621 676 5676 solus
726 5625 866 5676 enim
907 5635 983 5679 est
1028 5628 1113 5681 lea:
1140 5640 1190 5683 et
1219 5631 1490 5702 legislator
1535 5651 1582 5693 et
1607 5642 1775 5710 judea:

421 5755 651 5831 iustiti”
683 5757 835 5831 Dial.
861 5777 978 5831 cap.
1013 5765 1097 5820 47.

282 5825 392 5896 (l7)
431 5825 681 5894 llieron.,
725 5827 894 5898 Epist.
921 5825 1009 5902 80,
1039 5838 1103 5890 ad
1127 5837 1358 5910 August.

527 1496 809 1566 legendum
873 1519 1002 1576 puto
1052 1512 1348 1585 ἐκτάσεως
1422 1496 1651 1593 Spiritus
1690 1546 1720 1581 a
1751 1529 1861 1584 Deo

289 1582 382 1692 ξιξιὶ
414 1587 595 1639 omnia
622 1591 766 1658 fecit,
791 1596 998 1654 initium
1025 1603 1177 1660 habet
1209 1613 1547 1670 extensionis.
1578 1618 1731 1689 Aqua
1765 1637 1860 1692 per

289 1666 649 1781 Enigenitu’m
697 1681 838 1739 facta
863 1688 1063 1747 dicitur
1094 1696 1186 1751 lib.
1212 1715 1286 1754 vu
1368 1666 1852 1781 ιιεεᾷᾇηξξᾏᾞᾶί

291 1759 430 1872 fide
483 1783 603 1836 cap.
659 1772 690 1825 7
743 1778 985 1845 ejusdem
1039 1787 1183 1858 libri,
1228 1801 1283 1847 et
1341 1759 1616 1866 cappfﬁi
1652 1759 1852 1872 etIV-bii,

287 1853 387 1909 lib.
451 1873 572 1958 vni.
625 1863 701 1919 Ex
780 1872 980 1962 quibus
1047 1853 1191 1949 patet
1267 1853 1925 1962 pseudo-Clementem:8

281 1947 543 2010 quamvis
610 1956 793 2012 multis
870 1960 1131 2024 Judaismi
1221 1947 1466 2045 reliquiis
1546 1981 1852 2052 implicatus

275 2045 451 2099 esset,
514 2039 654 2096 idem
701 2055 878 2106 tamen
927 2071 990 2112 ac
1046 2071 1272 2120 casteros
1323 2070 1614 2140 scriptores
1672 2080 1850 2134 eccle-

1964 1547 2101 1603 trus,
2126 1543 2375 1598 admonui
2416 1563 2524 1615 eos,
2557 1563 2613 1602 ut
2651 1554 2961 1624 priusquam
3001 1563 3429 1630 progrederemur
3453 1567 3522 1621 ad

1960 1641 2132 1700 gentes
2162 1638 2452 1704 prrcdicare
2476 1644 2550 1696 eis
2575 1645 2895 1712 agnitionem
2939 1648 3031 1702 Dei
3065 1649 3268 1717 Patris,
3311 1657 3412 1725 ipsi
3444 1675 3523 1712 ree

1958 1726 2367 1782 conciliarentur
2396 1731 2523 1799 Deo,
2556 1737 2893 1805 suscipientes
2937 1740 3135 1795 Filium
3183 1746 3317 1814 ejus.
3355 1750 3522 1804 Aliter

1958 1817 2095 1868 enim
2121 1819 2268 1872 nullo
2319 1823 2471 1875 modo
2498 1842 2584 1880 eos
2617 1830 2820 1882 ostendi
2861 1848 3010 1900 posse
3037 1835 3257 1902 salvari,
3300 1839 3404 1892 nisi
3429 1857 3524 1908 per

1957 1903 2187 1973 Spiritus
2213 1914 2384 1964 sancti
2415 1917 2645 1982 gratiam
2673 1921 2826 1974 trina:
2857 1923 3201 1978 invocationis
3227 1928 3362 1981 dilui
3386 1930 3518 2000 bap-

1953 1999 2163 2053 tismate
2192 2017 2551 2071 properarent.

2029 2090 2116 2147 Vl.
2164 2112 2183 2145 ι
2228 2093 2428 2151 [bidem
2483 2098 2642 2157 Jesus
2698 2115 2923 2160 vocatur
2967 2106 3212 2164 Christus
3265 2123 3509 2170 wternus.

1950 2178 2104 2247 Quod
2135 2192 2192 2238 ut
2217 2183 2569 2258 intelligatur,
2599 2209 2762 2260 quam
2827 2197 2933 2248 vim
2971 2207 3024 2251 et
3054 2203 3378 2256 sententiam
3413 2205 3512 2258 ha-

1949 2273 2092 2339 beat,
2125 2276 2523 2335 observandum
2561 2297 2644 2338 est
2680 2288 2752 2341 ita
2784 2287 2968 2345 Jcsuln
3006 2295 3214 2358 vocari,
3246 2305 3302 2349 ut
3342 2313 3506 2366 oppo-

1945 2375 2105 2419 natur
2149 2367 2356 2422 Simoni
2389 2373 2481 2440 qui
2510 2389 2568 2426 se
2601 2375 2878 2432 Christum
2931 2392 2982 2436 et
3019 2383 3261 2439 Stantem
3291 2387 3509 2442 dictita-

1942 2455 2053 2513 bat.
2100 2458 2258 2512 Ἀντὶ
2288 2461 2393 2515 τοῦ
2425 2461 2610 2531 ὄντως
2644 2467 2894 2534 Χριστοῦ
2922 2473 3089 2542 ἡμῶν
3119 2476 3334 2542 ἑαυτὸν
3366 2480 3507 2534 dra-

1939 2550 2181 2618 τορεύει.
2227 2570 2245 2603 ι
2286 2551 2392 2605 Pro
2422 2569 2538 2608 vero
2587 2554 2796 2611 Christo
2845 2572 3022 2616 nostro
3060 2582 3114 2618 se
3157 2569 3326 2636 ipsum
3363 2587 3504 2639 prie-

1937 2641 2109 2705 dicat,
2146 2661 2164 2692 ι
2201 2642 2375 2713 inquit
2405 2644 2599 2715 Aquila
2647 2649 2837 2706 hoxnil.
2871 2669 2929 2718 ll,
2957 2670 3077 2724 cap.
3113 2657 3203 2711 22.
3239 2659 3407 2715 Porro
3439 2679 3503 2717 co

1936 2736 2158 2791 nomine
2188 2739 2449 2808 majorem
2474 2758 2532 2796 se
2557 2746 2745 2802 mundi
2781 2757 3047 2812 creatore,
3084 2752 3284 2807 ibidem
3321 2757 3500 2812 decla-

1934 2835 2037 2881 rat.
2063 2827 2198 2898 Cap.
2244 2830 2337 2898 24,
2375 2833 2456 2888 sic
2492 2839 2754 2904 quaerenti
2779 2838 3042 2898 Do-itheo
3075 2844 3212 2900 :Dic
3260 2849 3409 2914 mihi,
3451 2853 3500 2906 si

1933 2924 1989 2970 tu
2011 2933 2064 2970 es
2097 2917 2277 2986 Stans,
2311 2933 2365 2976 ut
2403 2924 2612 2977 adorem
2662 2937 2743 2992 te;
2784 2935 3072 3001 respondet
3113 2935 3300 2993 Simon
3338 2958 3351 2994 :
3383 2940 3496 3010 Ego

1931 3025 2081 3072 sum;
2111 3020 2164 3064 et
2194 3015 2378 3067 statim
2406 3014 2699 3075 Dositbeus
2732 3024 2950 3090 cecidit,
2987 3039 3040 3080 et
3063 3029 3306 3084 adoravit
3344 3049 3492 3090 eum.

1926 3097 2144 3157 Nicetas
2175 3119 2292 3174 cap.
2312 3105 2402 3172 28,
2435 3108 2514 3164 sic
2540 3113 2792 3167 eumdem
2843 3115 3118 3173 Simonem
3154 3121 3449 3191 alloquitur
3474 3143 3494 3182 :

1849 3209 1893 3267 ρ
1932 3192 2068 3247 Deus
2105 3211 2215 3249 esse
2253 3213 2356 3250 non
2399 3209 2542 3267 potes
2567 3216 2586 3254 :
2611 3204 2736 3257 time
2773 3222 2912 3268 eum,
2943 3209 3034 3278 qui
3068 3227 3180 3264 vere
3225 3212 3362 3267 Deus
3389 3226 3496 3271 est.

1931 3283 2192 3340 Similiter
2223 3291 2481 3344 aduratur
2505 3292 2814 3360 Simon,lib.
2852 3314 2884 3350 ιι
2912 3299 3205 3371 Iiecognit.,
3239 3321 3358 3375 cap.
3396 3308 3482 3362 ll.

1929 3375 1986 3430 In
2009 3378 2198 3432 eodem
2229 3379 2388 3448 libro,
2415 3399 2534 3444 cap.
2569 3385 2656 3451 Η,
2697 3403 2792 3456 per
2834 3389 3124 3446 ridiculum
3155 3407 3380 3451 vocatur
3405 3399 3493 3451 in-

1918 3471 2283 3539 corruptibilis
2316 3472 2476 3530 Deus.
2509 3475 2628 3531 Non
2663 3480 2891 3534 dubium
2920 3498 3050 3552 ergo
3082 3485 3211 3554 quin
3255 3489 3485 3556 pseudo-

1922 3559 2196 3630 Clemens,
2230 3579 2354 3619 cum
2378 3564 2564 3622 Jesum
2602 3585 2789 3625 verum
2827 3581 2882 3626 et
2917 3584 3179 3630 aeternum
3203 3578 3479 3634 Christum

1915 3666 2038 3708 esse
2066 3656 2365 3724 contendit,
2398 3661 2581 3715 omnia
2627 3663 2675 3716 ei
2729 3664 2933 3718 tribuat
2975 3683 3096 3736 qua:
3149 3669 3249 3723 sibi
3293 3669 3478 3727 Simon

1915 3759 2012 3813 per
2041 3760 2318 3802 summum
2355 3749 2506 3806 nel‘as
2530 3757 2842 3826 arrogabat.

1989 3854 2008 3888 ι
2043 3834 2164 3891 Non
2187 3840 2646 3899 dissimulandum
2683 3856 2766 3900 est
2798 3849 3064 3904 nonnulla
3111 3851 3193 3906 bis
3235 3853 3289 3905 in
3321 3852 3476 3906 libris

1912 3940 2202 3986 occurrere
2237 3949 2358 4002 quae
2398 3936 2465 3990 de
2493 3935 2712 3991 Christo
2749 3939 2892 3994 dicta
2937 3941 3118 3996 minus
3156 3946 3479 4010 commode,

1910 4028 1964 4074 et
1993 4020 2190 4078 Ruﬁno
2223 4025 2334 4081 visa
2379 4037 2509 4082 sunt
2538 4027 2788 4085 Eunomii
2821 4035 3143 4090 commentis
3171 4036 3474 4100 simillima,

1909 4121 1963 4166 et
1994 4112 2352 4184 Epiphanium
2379 4120 2746 4184 adduxerunt,
2800 4133 2859 4178 ut
2903 4123 3169 4181 Ebionitis
3203 4143 3232 4180 a
3270 4129 3470 4197 quibus

1909 4201 2010 4257 bos
2037 4203 2206 4260 libros
2247 4206 2600 4277 interpolatos
2629 4215 2873 4281 putabat,
2901 4217 3227 4271 sententiam
3253 4220 3470 4273 Arianae

1909 4295 2192 4364 gemellam
2225 4299 2503 4370 aliingeret
2526 4314 2714 4359 contra
2746 4309 2913 4361 totius
2935 4309 3276 4378 antiquitatis
3301 4315 3458 4364 testi-

1908 4385 2178 4448 monium,
2211 4387 2320 4441 imo
2357 4400 2544 4445 contra
2598 4410 2757 4449 suum
2813 4399 3003 4466 ipsius,
3050 4401 3139 4468 qui
3184 4400 3461 4455 Christum

1906 4468 1974 4523 ab
2010 4468 2276 4530 Ebionitis
2320 4477 2619 4547 simplicem
2660 4483 2934 4539 hominem
2985 4487 3168 4542 haberi
3201 4491 3458 4546 declarat.

1907 4554 2012 4612 Sed
2053 4575 2177 4614 cum
2225 4564 2337 4618 haec
2374 4565 2568 4622 imitati
2613 4571 2722 4625 sint
2751 4571 3033 4644 Origenes,
3072 4577 3380 4637 Methodius
3409 4592 3463 4638 et

1901 4647 2237 4719 Lactantius,
2265 4657 2367 4709 erit
2397 4666 2605 4729 tempus
2632 4663 2696 4716 de
2731 4665 2813 4718 his
2844 4668 3033 4733 agendi
3071 4672 3242 4738 magis
3267 4688 3462 4742 Oppor-

1900 4753 2115 4812 tunum,
2150 4763 2272 4801 cum
2320 4750 2596 4808 solvendis
2642 4766 2956 4813 sanctorum
3005 4760 3225 4818 Patrum
3269 4767 3458 4824 dillici-

1897 4836 2122 4895 lioribus
2151 4841 2285 4896 locis
2311 4859 2528 4911 operam
2562 4846 2830 4904 dabimus.

1970 4944 1988 4976 ι
2037 4925 2114 4981 Ex
2146 4929 2231 4983 his
2256 4941 2437 4985 autem
2463 4951 2583 5002 quae
2606 4937 2910 5005 attulimus,
2949 4941 3104 4999 facile
3131 4949 3456 5018 perspicitur

1893 5013 2040 5069 hunc
2070 5021 2391 5090 scriptorem
2419 5041 2524 5078 non
2553 5029 2713 5081 modo
2744 5030 2877 5084 nihil
2908 5033 3105 5090 habere
3131 5041 3272 5107 quod
3298 5041 3453 5097 Ebio-

1890 5109 2129 5165 nitarum
2161 5130 2400 5170 errorem
2433 5119 2692 5185 redoleat,
2729 5122 2821 5176 sed
2846 5126 3009 5180 etiam
3042 5131 3108 5184 de
3143 5128 3258 5185 Filii
3287 5145 3447 5188 aeter-

1888 5202 2075 5269 nitate,
2109 5208 2501 5276 omnipotentia
2539 5223 2592 5267 et
2615 5231 2739 5269 vera
2785 5233 2847 5270 ex
2902 5218 3061 5276 Patre
3100 5228 3446 5292 generatione

1885 5302 2028 5348 recte
2051 5297 2270 5353 sentire.
2299 5301 2479 5367 Quare
2504 5321 2625 5374 qua:
2647 5307 2713 5361 de
2740 5307 3010 5366 Nazararis
3035 5312 3282 5369 Justinus
3306 5317 3440 5385 (l6),

1883 5381 2246 5458 Hieronymus
2276 5392 2388 5459 (l7)
2420 5404 2474 5449 et
2506 5397 2842 5468 Augustinus
2868 5403 2981 5472 (18)
3024 5381 3317 5470 testantur,
3345 5381 3440 5464 eos

1879 5473 2138 5530 nimirum
2172 5479 2295 5534 Filii
2342 5484 2680 5543 divinitatem
2727 5495 3044 5561 agnovisse;
3100 5511 3163 5549 ea
3209 5499 3332 5566 quis
3382 5501 3436 5556 in

1662 5568 1778 5620 qua!
1878 5564 2102 5621 dubium
2127 5583 2359 5636 revocet,
2391 5593 2514 5630 eum
2549 5588 2602 5632 et
2625 5583 2790 5635 tantis
2815 5585 3136 5640 auctoribus
3165 5588 3432 5658 nitantur,

1876 5664 1930 5711 et
1984 5658 2037 5712 in
2092 5663 2360 5733 scriptore
2395 5667 2528 5738 legis
2566 5671 3001 5728 obserrationem
3049 5679 3308 5737 audacter
3336 5686 3428 5740 do-

1949 5791 2060 5865 (18)
2100 5794 2356 5869 August.,
2387 5800 2482 5857 lib.
2518 5801 2590 5856 De
2617 5806 2801 5860 haeres.
