4068 6338
610 398 673 457 ts
1452 408 1508 464 s.
1550 406 1939 465 CLEMENTlS
1973 406 1993 461 ι
2030 407 2193 463 non.
2231 408 2427 465 rom.
2469 411 2695 468 orans
2731 412 2956 471 unum.
3068 372 3073 377 ’
3760 415 3831 470 20

606 522 763 570 cente
810 521 861 570 et
906 515 1256 586 praedicante,
1306 525 1586 593 conceptis
1645 526 1829 580 verbis
1874 526 2239 595 legantur?A
2333 528 2604 583 Cmterum
2636 527 2896 582 Cotelerii
2929 527 3221 583 editionem
3263 528 3403 599 typis
3453 529 3827 585 excudendam

606 599 805 660 Praeter
833 606 966 689 legis
1010 608 1445 667 observationem
1496 624 1559 667 et.
1597 615 1754 668 tidem
1786 616 1839 668 in
1884 616 2166 670 Christum

608 694 798 759 Deum,
844 696 975 751 illud
1035 701 1200 755 etiam
1247 702 1371 757 huic
1425 706 1676 774 scriptori
1728 722 1851 760 cum
1895 705 2167 765 Nazarmis

603 794 895 844 commune
948 799 1054 855 est,
1103 794 1251 862 quod
1302 794 1608 853 Pbarisaeos
1655 800 1852 854 acriter
1894 801 2165 855 interdum

602 878 921 949 insectatur,
947 894 1005 938 ut
1028 885 1215 941 bomil.
1250 905 1324 952 xu,
1362 905 1519 959 capp.
1539 891 1611 945 28
1634 901 1687 945 ct
1725 893 1793 948 29
1821 903 1871 947 et
1895 893 2163 965 Ilecognit.

598 971 698 1025 ltb.
728 988 768 1038 ις
794 989 913 1043 cap.
958 977 1049 1033 54.
1092 999 1111 1029 ι
1148 977 1265 1034 Huc
1297 996 1469 1050 usque
1500 982 1853 1041 doctissimus
1886 984 2162 1043 Maranus.

674 1054 784 1120 V'll.
818 1065 1009 1122 .Unum
1046 1079 1228 1125 tamen
1262 1084 1366 1139 est,
1402 1075 1547 1144 quod
1577 1077 1666 1132 hic
1697 1094 2039 1137 moneamus.
2073 1074 2168 1135 Ni-

600 1155 826 1221 mirum,
885 1161 987 1213 sub
1034 1161 1225 1215 barum
1272 1163 1724 1233 disquisitionum
1771 1168 1985 1223 initium
2048 1171 2167 1239 opi-

604 1255 761 1301 natus
783 1258 866 1304 est
894 1249 958 1307 V.
980 1251 1049 1321 β.
1085 1252 1513 1324 Recognitionum
1536 1267 1589 1313 ct
1616 1257 1968 1315 Homiliarum
1997 1277 2163 1315 unum

600 1349 653 1394 et
685 1340 823 1396 idem
862 1359 1000 1413 opus
1026 1361 1169 1411 esse,
1220 1349 1313 1402 sed
1363 1365 1471 1405 non
1513 1353 1686 1407 semel
1739 1354 1968 1420 editum,
2019 1355 2164 1425 quod

603 1432 809 1498 pridem
845 1435 1217 1493 insinuaverat
1244 1439 1549 1498 Cotelerius
1591 1458 1654 1499 ac
1682 1454 1805 1514 post
1831 1462 2031 1501 annum
2062 1447 2164 1501 170

603 1521 797 1580 litteris
829 1529 1109 1586 traditum.
1159 1530 1354 1586 Verum
1390 1543 1682 1604 antequam
1731 1538 1848 1593 luec‘
1887 1540 2163 1595 describe-

599 1631 804 1683 remus,
834 1621 900 1674 de
950 1622 1409 1693 Recognitionibus
1457 1628 1569 1697 jam
1627 1628 1804 1684 fuerat
1855 1632 2015 1687 nobis
2069 1633 2165 1687 de-

601 1721 990 1779 monstratum,
1020 1715 1139 1771 illas
1178 1718 1398 1772 demum
1446 1721 1651 1789 scripto
1689 1738 1795 1775 non
1830 1723 1999 1778 fuisse
2028 1740 2162 1779 con-

600 1801 841 1870 signatas
886 1816 1011 1859 ante
1057 1822 1260 1861 annmn
1306 1808 1434 1865 ‘2l6.
1479 1809 1926 1865 Clementinorum
1980 1823 2161 1868 autem

600 1901 878 1947 auctorem
926 1898 1070 1951 circa
1117 1914 1321 1954 annum
1367 1900 1700 1957 Christi250
1727 1902 2000 1972 ﬂoruisse,
2032 1921 2156 1961 cum

600 1982 810 2039 Joanne
860 1986 1029 2042 Millio
1080 1991 1553 2059 existimabamus,
1591 1995 1685 2064 qui
1731 1996 1849 2065 ejus
1897 1996 2161 2053 llomilias

597 2076 772 2131 editas
803 2075 969 2134 fuisse
995 2084 1308 2154 censct(19)
1332 2085 1434 2139 sub
1461 2085 1600 2139 idem
1633 2096 1845 2157 tempus
1866 2104 1979 2158 quo
2003 2106 2159 2145 suam

601 2165 950 2223 Harmoniam
979 2174 1347 2241 perscribebat
1377 2176 1700 2233 Ammonius
1737 2178 2156 2237 Alexandrinus.

2268 622 2605 677 curavimus.
2652 620 2806 677 Notis
2832 621 3199 677 Cotelerianis
3234 635 3298 674 ea
3343 620 3544 689 passim
3594 622 3830 677 intexui—

2268 728 2391 768 mus
2414 729 2535 783 quae
2560 714 2945 767 animadvertit
2965 713 3211 767 eruditus
3227 711 3497 777 Davisius,
3521 712 3587 766 ad
3622 721 3829 766 textum

2267 805 2611 874 potissimum
2680 804 3081 858 emendandum
3155 814 3468 872 comparata
3524 822 3535 858 :
3591 805 3831 873 paucula

2266 898 2428 951 etiam
2469 912 2535 951 ex
2563 895 2773 952 {omine
2811 896 3023 952 Clerico
3060 896 3361 966 adjecimus
3390 914 3403 950 :
3438 904 3669 965 utraque
3698 913 3831 952 vero

2265 1004 2331 1042 ex
2384 989 2575 1043 iterata
2620 987 2840 1043 Patrum
2874 989 3305 1058 Apostolicorum
3340 986 3579 1041 editione
3608 988 3833 1043 Λιιιειπ·

2266 1082 2565 1137 lodamensi
2614 1083 3036 1152 desumpsimus.
3080 1079 3336 1149 Epistolas
3382 1080 3485 1135 sub
3529 1079 3831 1135 Clementis

2266 1176 2488 1230 nomine
2527 1174 2733 1231 Jacobo
2765 1175 3039 1244 inscripta:
3074 1173 3323 1228 Graecum
3362 1172 3641 1242 exemplar
3686 1172 3832 1227 stiti-

2267 1282 2389 1321 mus
2441 1266 2583 1321 inter
2640 1266 2917 1335 duplicem
2966 1264 3299 1327 versionem,
3346 1262 3571 1316 alteram
3622 1259 3827 1326 Ruﬁni,

2266 1351 2492 1407 alteram
2573 1352 2826 1408 Cotclerii

2265 1446 2571 1501 doctissimi
2605 1445 2886 1500 Coutantii
2924 1444 3304 1499 adnotationcs
3328 1459 3392 1497 ex
3422 1443 3543 1513 ejus
3574 1442 3825 1512 Epistolis

2264 1536 2624 1591 Romanorum
2685 1538 2992 1605 pontiﬁcum
3042 1537 3422 1606 subiecimus:
3468 1536 3560 1605 qui
3594 1545 3645 1590 et
3695 1536 3832 1591 illud

2262 1630 2516 1685 observat
2546 1628 2685 1699 (20),
2709 1629 2955 1684 eamdem
2990 1627 3313 1698 Epistolam,
3342 1637 3628 1697 postquam
3658 1642 3687 1679 a
3716 1624 3833 1679 Ru-

2264 1723 2375 1777 tlno
2405 1722 2698 1777 Latinitate
2721 1722 2922 1776 donata
2957 1729 3063 1785 est,
3088 1718 3416 1789 quibusdam
3461 1718 3700 1787 antiquis
3722 1717 3834 1772 Ca-

2266 1831 2469 1870 nonum
2502 1813 2915 1870 collectionibus
2967 1813 3224 1867 insertam
3272 1810 3458 1865 fuisse.
3497 1808 3634 1864 Hinc
3680 1808 3830 1863 haud

2270 1909 2520 1974 miratur,
2571 1908 2717 1962 illam
2780 1922 2924 1961 anno
2980 1905 3074 1959 441
3131 1920 3160 1957 a
3204 1904 3439 1958 concilio
3505 1900 3732 1956 Vasensi
3787 1918 3827 1964 ι.

2267 2016 2388 2056 can.
2424 1999 2511 2065 l6,
2541 2015 2604 2053 ac
2636 1999 2865 2053 subinde
2889 2013 2916 2050 a
2947 1994 3171 2050 Nicolao
3207 1994 3246 2061 Ι,
3273 1994 3483 2049 Joanne
3514 1993 3649 2060 Vill,
3678 1993 3833 2047 aliis-

2264 2108 2371 2161 que
2391 2091 2686 2146 Clementis
2729 2089 2947 2144 nomine
2980 2087 3150 2143 luissc
3194 2089 3468 2141 laudatam
3502 2102 3645 2157 :qua
3699 2084 3833 2155 qui-

2264 2185 2386 2240 dem
2411 2183 2465 2237 in
2490 2198 2549 2237 re
2577 2182 2884 2237 adnotanda
2913 2182 3197 2251 praaiverat
3222 2180 3547 2237 Cotclcrius.

2883 1352 3111 1421 reique
3184 1360 3448 1421 prtetcrea
3534 1351 3830 1403 nonnullas

672 2303 787 2440 ἔω)
827 2303 983 2388 Mil|.,
1013 2305 1312 2378 Prolegom.
1348 2311 1414 2373 ad
1444 2309 1507 2364 N.
1535 2310 1598 2367 T.
1633 2312 1750 2379 Gr.,
1796 2314 1952 2385 §670

692 2373 781 2440 “2.0)
820 2375 1101 2440 (.outant.,
1139 2380 1383 2440 Appeud.
1418 2384 1483 2434 ad
1517 2382 1713 2440 Enistt.
1749 2384 1899 2439 Rom.
1942 2406 1952 2440 1

692 2373 781 2443 20)
820 2375 1101 2441 (Ioutant.,
1139 2373 1383 2447 Appellit.
1418 2384 1483 2434 ad
1517 2382 1713 2452 Epistt.
1739 2373 1899 2439 'Rom.
1940 2388 2157 2458 pontif.,
2186 2402 2239 2456 p.
2269 2386 2322 2451 5,
2358 2384 2384 2455 §
2421 2384 2473 2441 θ.

650 2510 683 2516 -›
736 2510 849 2523 ιγφν.
889 2512 921 2521 ,ν
984 2514 985 2517 η
1070 2516 1077 2519 .
1210 2518 1214 2521 ν

622 2510 900 2553 ωεὲεε
1214 2546 1234 2553 ⁶
2668 2536 2671 2537 ν
3047 2528 3054 2533 .
3200 2529 3204 2533 ,
3392 2527 3415 2557 Ξ
3625 2527 3696 2557 EE:
3820 2529 3825 2559 Ι

1214 2546 2208 2826 CLEMENTl

2265 2546 3179 2826 l—EOMANI

1887 2945 2068 3019 QUJE
2130 2938 2557 3009 FERUNTUR

990 3097 2230 3270 HOMILUE
2398 3099 3447 3267 VIGINTI

1435 3393 1756 3483 NUNC
1830 3391 2305 3481 PRIMUM
2381 3390 2984 3483 INTEGRIE.

603 3563 873 3623 Textum
907 3564 980 3623 ad
1017 3564 1297 3624 codicem
1329 3566 1830 3627 Ottobonianum
1865 3564 2222 3633 constituit,
2260 3565 2625 3626 versionem
2679 3560 2975 3626 Cotelerii
3023 3559 3259 3637 passim
3296 3560 3593 3632 correxit,
3646 3576 3827 3621 eam.

681 3658 806 3714 que
852 3642 1146 3711 absolvit,
1184 3644 1449 3705 selectas
1484 3644 1770 3705 virorum
1804 3646 2134 3705 doctorum
2175 3661 2208 3704 n

679 3722 1003 3791 Dnsssan,
1052 3721 1203 3801 phil.
1267 3725 1361 3782 D'.

2268 3653 2358 3705 tas
2390 3661 2673 3723 suasque
2708 3639 3042 3721 subjunin
3076 3638 3378 3701 Albertus
3430 3639 3591 3699 Rud.
3654 3641 3826 3702 Max.

737 3738 1003 3791 RESSEL,
1052 3733 1203 3791 mill.
1267 3733 1361 3782 υτ.

1199 3929 1622 4000 (ΟΟΤἸΊΝΕΑΞ,
1653 3949 1945 3987 sunrrmrs
1977 3950 2208 3988 unum:

2284 3946 2731 3989 DIETERICHIANJE.
2768 3946 3057 3996 uncccutt,
3107 3926 3301 3997 ἰιιε8⁶.)

1842 4166 2427 4264 LECTURIS
2496 4173 2588 4261 S.

676 4320 793 4392 Duo
832 4342 1105 4408 praestanti
1134 4340 1375 4395 doctrina
1398 4342 1518 4409 viri,
1542 4342 1599 4398 J.
1630 4344 1693 4398 Β.
1724 4345 2015 4401 Cotelerius
2036 4354 2086 4402 et
2116 4346 2174 4400 Ι.
2214 4338 2471 4412 Clericus,
2502 4347 2558 4400 in
2602 4345 2871 4411 Homiliis,
2901 4358 3018 4415 qua:
3047 4343 3328 4399 Clementis
3362 4344 3585 4399 Romani
3620 4340 3839 4399 nomine

601 4430 1063 4499 Circumferuntur,
1093 4435 1327 4499 edendis,
1360 4436 1649 4505 complures
1674 4440 1726 4490 in
1760 4440 1944 4492 iisdem
1973 4440 2309 4493 emendandis
2340 4450 2495 4509 atque
2525 4440 2931 4509 interpretandis
2959 4448 3106 4492 tanta
3135 4454 3251 4491 cum
3279 4436 3557 4508 diligentia
3585 4456 3645 4491 ac
3674 4436 3837 4492 laude

604 4523 796 4577 i'ersati
826 4537 971 4590 sunt,
1006 4536 1060 4578 ut
1092 4526 1376 4579 multorum
1400 4527 1605 4598 judicio
1630 4532 1771 4592 aliis,
1818 4533 1955 4601 quod
1996 4543 2228 4601 agerent,
2268 4532 2541 4603 reliquisse
2585 4524 2885 4587 viderentur
2916 4543 3007 4586 aut
3032 4549 3257 4602 paucam
3296 4541 3388 4584 aut
3419 4531 3568 4584 nihil.
3616 4529 3837 4584 Verum-

599 4617 880 4684 enimvero,
911 4621 1001 4690 qui
1040 4622 1115 4673 ita
1165 4633 1482 4688 statuerunt,
1515 4626 1655 4678 haud
1692 4618 2021 4680 mediocriter
2049 4638 2248 4682 errant.
2291 4628 2426 4681 Nam
2451 4629 2743 4698 quicunque
2785 4626 3000 4680 illorum
3042 4626 3204 4680 libros
3235 4626 3461 4679 excussit
3501 4624 3835 4686 accuratius,

600 4720 855 4779 quantum
888 4711 953 4764 iis
998 4710 1066 4764 ad
1097 4714 1483 4783 perfectionem,
1522 4734 1676 4786 quam
1708 4719 1759 4769 in
1789 4716 1884 4769 hoc
1913 4734 2093 4786 genere
2133 4720 2446 4789 expetimus,
2490 4719 2641 4784 desit,
2684 4719 2841 4787 facile
2865 4718 3272 4771 animadvertat.
3307 4716 3389 4768 Ex
3427 4733 3556 4769 nova
3606 4732 3833 4787 quoque.

600 4798 1065 4869 quaz'rehementer
1096 4800 1512 4869 desiderabatur,
1551 4798 1863 4876 Sc/ttt'egleri
1884 4801 2114 4861 editione
2145 4808 2199 4861 id
2242 4810 2373 4862 satis
2399 4825 2650 4877 superque
2678 4808 2891 4877 probari
2913 4817 3075 4876 patet.
3112 4808 3297 4860 Adhuc
3327 4808 3435 4860 ha'c
3458 4817 3627 4861 erant.
3653 4809 3727 4861 Ac
3748 4808 3838 4861 illi

600 4894 828 4963 quidem,
858 4896 984 4965 quid
1013 4898 1167 4949 unius
1214 4906 1417 4951 tantum
1458 4899 1653 4952 codicis
1698 4897 2017 4969 supellectile
2058 4910 2106 4951 et
2150 4902 2470 4954 auctoritate
2514 4900 2779 4970 ingenium
2825 4916 3012 4968 arsque
3051 4901 3237 4954 critica
3277 4900 3467 4968 efficere
3506 4909 3699 4967 posset.
3729 4916 3837 4953 non

601 4992 793 5062 absque
820 5009 1060 5046 successu
1093 4981 1448 5048 ostenderunt.
1481 4993 1668 5065 Itaque
1698 5011 1814 5047 cum
1849 4995 1926 5047 rel
1948 5006 2059 5064 post
2096 5004 2168 5048 tot
2194 5004 2469 5065 tantasque
2497 4996 2729 5048 virorum
2757 4996 3029 5049 doctorum
3056 4993 3473 5048 elucubrationes
3509 5003 3662 5061 atque
3686 5008 3837 5045 com-

602 5086 946 5137 mentationes
974 5087 1245 5154 scriptoris
1274 5089 1440 5140 nostri
1478 5089 1614 5139 ratio
1643 5088 1796 5139 etiam
1832 5098 1953 5139 tunc
1981 5104 2041 5140 ea
2066 5098 2218 5153 esset,
2247 5096 2305 5140 ut
2342 5089 2396 5140 in
2426 5089 2608 5157 primis
2636 5088 2746 5156 ejus
2776 5098 2949 5141 textus
2982 5087 3313 5141 restitutione
3347 5084 3402 5138 in
3435 5087 3691 5155 integrum
3716 5102 3839 5153 ege—

602 5188 700 5241 ret,
730 5178 777 5230 si
803 5194 828 5229 e
853 5178 994 5247 fonte
1014 5179 1225 5231 haurire
1254 5178 1495 5231 vellemus
1519 5178 1809 5247 limpidiori
1830 5180 2153 5249 puriorique,
2181 5181 2378 5248 factum
2410 5190 2485 5233 est
2512 5188 2569 5233 ut
2604 5180 2865 5232 auxilium
2896 5178 3212 5234 inveniretur
3230 5190 3278 5233 et
3304 5196 3384 5245 eo,
3410 5194 3510 5249 quo
3542 5180 3835 5234 Cotelerius

600 5288 725 5327 usus
752 5280 849 5335 est,
880 5270 1131 5336 validius,
1164 5278 1213 5322 et
1231 5260 1458 5339 cujusvis
1498 5271 1695 5339 judicii
1727 5272 1899 5324 critici
1940 5274 2179 5325 acumine
2216 5271 2475 5341 superius.
2525 5270 2667 5324 Nam
2713 5270 2919 5325 Grtvcos
2955 5271 3225 5325 Vaticana!
3265 5271 3589 5324 bibliotheca
3630 5265 3838 5324 codices

598 5363 945 5434 perlustranti
990 5362 1116 5413 mihi
1150 5363 1392 5431 contigit,
1420 5376 1473 5413 ut
1506 5362 1797 5430 quindecim
1829 5362 2015 5415 abhinc
2045 5366 2196 5417 annis
2238 5365 2291 5416 in
2324 5382 2422 5419 ms.
2453 5364 2735 5417 inciderem
2778 5381 2878 5418 non
2912 5362 3080 5416 solum
3120 5362 3369 5416 Parisino
3406 5361 3563 5425 libro,
3588 5363 3691 5427 cui,
3716 5377 3839 5432 qua:

601 5459 847 5511 hactenus
882 5444 1238 5508 Homiliarum
1286 5457 1641 5520 inuotuerant,
1683 5455 1944 5512 debemus.
1977 5456 2124 5526 longe
2161 5458 2524 5525 pra’slantius,
2577 5473 2750 5509 verum
2777 5458 2935 5510 etiam
2966 5456 3240 5525 integrius,
3271 5456 3458 5525 quippe
3484 5455 3621 5525 quod
3658 5466 3705 5508 et
3742 5471 3839 5508 ea-

602 5560 720 5601 rum
748 5557 948 5615 partem
983 5555 1091 5598 tam
1119 5546 1212 5598 diu
1244 5546 1444 5615 frustra
1486 5548 1792 5616 requisitam
1826 5548 2094 5615 prccberet.
2136 5551 2208 5602 Ac
2246 5550 2345 5617 fuit
2385 5550 2615 5619 quident.
2649 5566 2765 5602 cum
2802 5549 2929 5601 mihi
2965 5564 3165 5617 quoque
3199 5557 3417 5615 tempus,
3454 5564 3572 5618 quae
3612 5547 3841 5617 feliciter

603 5626 927 5704 inveneram,
957 5638 1111 5708 digne
1149 5636 1456 5691 elaborandi
1486 5640 1745 5708 propitius
1771 5655 2067 5694 concessum
2096 5641 2207 5710 fore
2231 5642 2545 5706 arbitrarer,
2593 5643 2639 5695 si
2671 5642 2908 5710 inﬁnitus
2931 5640 3081 5693 labor
3115 5642 3327 5694 criticus
3364 5636 3573 5709 scriptis
3612 5639 3841 5693 Patrum

612 5730 1025 5800 apostolicorum
1052 5733 1390 5786 emendandis
1417 5750 1447 5785 a
1471 5749 1549 5787 me
1576 5743 1842 5802 susceptus
1867 5736 2218 5804 requiescendi
2258 5736 2465 5789 initium
2507 5736 2861 5788 concessisset.
2908 5733 3079 5797 Quam
3119 5750 3258 5799 spem
3288 5751 3441 5804 grave.
3484 5732 3839 5801 infortunium

603 5821 808 5891 fefellit.
845 5821 985 5877 Nam
1016 5824 1202 5877 medici
1243 5823 1517 5887 cuiusdam
1556 5824 1879 5879 Monacensis
1923 5825 2127 5878 incuria
2170 5835 2323 5895 atque
2371 5828 2583 5880 inscitia
2626 5826 2793 5880 altero
2843 5825 2995 5879 oculo
3045 5836 3251 5896 captus,
3285 5825 3449 5880 altera
3494 5824 3829 5888 debilitatus,
