4068 6338
299 403 347 459 Il
1376 399 1821 458 CLEMENTINA.
1864 436 1930 447 —
1960 403 2316 460 PROOEMIA.
3396 416 3464 469 ἓξ

296 522 511 589 quantum
537 512 853 567 valetudinis
884 515 1169 585 viriumque
1196 526 1487 586 supererat,
1521 518 1589 571 ad
1626 536 1685 572 ea
1717 516 1934 581 contuli,
1974 535 2087 587 qua:
2127 518 2341 587 majoris
2383 521 2627 574 momenti
2649 522 2772 575 mihi
2796 534 2942 578 erant
2979 524 3287 579 absolvenda
3315 538 3469 597 atque

293 612 591 686 pirﬁcienaa.
630 609 745 674 Quo
777 611 917 680 facta
945 611 1014 664 ad
1043 610 1357 666 Clementem
1384 613 1675 668 Romanum
1706 631 1934 668 reversus
1953 614 2137 684 jamin
2158 614 2336 668 limine
2354 617 2587 685 cognovi,
2619 616 2679 669 ob
2709 620 3047 673 recentiorum
3077 620 3349 683 librorum,
3380 624 3468 692 qui

295 712 338 764 in
368 708 617 764 auxilium
645 708 864 761 vocandi
884 716 1073 774 essent,
1106 708 1286 763 Romae
1313 712 1607 780 penuriam,
1631 711 1796 781 justis
1823 711 2091 764 hominum
2124 712 2571 780 transalpinorum
2593 713 2866 768 desideriis
2888 731 3092 769 menon
3124 719 3200 770 ita
3250 719 3471 787 satisfa-

293 818 470 863 cturum
494 823 622 874 esse,
649 818 705 860 ut
738 806 794 859 in
821 821 1025 860 summa
1054 804 1285 873 faciendi
1320 808 1585 862 voluntate
1612 816 1724 861 erat
1756 817 1805 861 et
1836 807 2036 876 alioqui
2054 807 2169 876 ﬁeri
2210 808 2482 876 potuisset.
2520 807 2649 862 Ha'c
2676 810 2975 881 similiaque
3011 826 3123 863 cum
3155 822 3469 880 reputarem,

293 909 451 959 timens
472 920 532 958 ne
556 905 683 973 quid
712 906 981 975 indignum
1000 908 1095 961 hac
1115 915 1268 961 aetate
1291 905 1418 957 mihi
1442 903 1721 969 excideret,
1736 920 1794 957 eo
1816 903 1920 973 fere
1942 912 2145 956 ventum
2168 914 2264 968 est,
2284 914 2338 956 ut
2360 921 2391 957 a
2416 902 2673 959 Clemente
2689 904 2923 960 Romano
2938 908 3224 979 evulgando
3254 911 3471 965 desiste-

290 1018 397 1056 rent.
417 1000 660 1054 Attamen
678 1002 885 1061 amicis.
901 1018 961 1055 ne
988 1004 1191 1056 inventa
1210 1001 1336 1055 mihi
1358 999 1610 1054 oblivione
1631 999 1797 1052 denuo
1817 998 2176 1067 sepelirentur,
2195 1001 2384 1052 iterum
2405 1000 2693 1070 iterumque
2715 1002 3116 1058 adhortantibus
3140 1007 3347 1058 tandem
3364 1024 3475 1060 cen-

290 1098 361 1153 sui
371 1112 471 1150 esse
497 1097 940 1153 cedendumJam
964 1099 1101 1152 enim
1118 1112 1423 1167 persuasum
1443 1096 1570 1149 mihi
1588 1105 1685 1157 est,
1709 1110 1823 1164 qua:
1847 1093 2093 1148 Homiliis
2110 1095 2295 1149 critica
2321 1095 2649 1149 adminicula
2671 1107 2783 1149 tum
2809 1114 2835 1151 e
2854 1098 3029 1152 codice
3047 1111 3265 1169 reperto,
3284 1111 3390 1153 tum
3412 1118 3475 1155 ex

287 1196 487 1249 editione
516 1194 755 1264 principe
779 1194 957 1260 attuli,
999 1195 1045 1247 si
1082 1206 1284 1264 partem
1314 1193 1562 1245 hactenus
1590 1190 1839 1245 ineditam
1867 1191 2053 1254 addas,
2095 1208 2266 1244 coram
2306 1192 2394 1257 iis,
2426 1207 2575 1260 penes
2615 1208 2741 1261 quos
2777 1194 2931 1263 hujus
2953 1196 3048 1258 \rci
3080 1196 3343 1263 judicium
3375 1208 3474 1259 est,

289 1286 595 1355 aquiparare
617 1302 679 1339 ea
715 1302 865 1355 posse
890 1287 1098 1355 quantis
1125 1285 1319 1339 notulis
1345 1285 1726 1354 explanatoriis
1755 1284 1926 1337 adhuc
1952 1285 2182 1353 indigere
2212 1284 2505 1338 videantur.
2543 1286 2617 1339 Ac
2658 1287 2915 1340 mentione
2945 1288 3191 1341 editionis
3227 1289 3476 1357 principis

289 1381 412 1450 facta
438 1397 545 1434 non
586 1382 715 1434 satis
748 1382 932 1433 mirari
956 1397 1190 1449 possum,
1217 1380 1473 1449 quomodo
1505 1378 1814 1449 Schwegleri
1837 1378 2165 1447 diligentiam
2203 1388 2251 1431 et
2290 1380 2632 1448 sagacitatem
2661 1396 2863 1433 summa
2900 1384 3184 1435 necessitas
3215 1383 3476 1450 e/j'ugerit,

288 1493 382 1530 eam
404 1476 478 1530 vel
516 1477 915 1531 accuratissime
950 1478 1225 1540 revisendi,
1264 1494 1365 1548 quo
1395 1477 1694 1532 vulneribus
1725 1478 1778 1530 in
1806 1477 1974 1530 tribus
2003 1474 2058 1529 Ι.
2097 1476 2289 1530 Clerici
2316 1478 2436 1532 edd.
2480 1494 2567 1530 an.
2616 1477 2772 1542 1698,
2804 1477 2959 1545 1700,
2991 1479 3128 1533 17⁸21
3168 1482 3335 1535 textui
3367 1481 3479 1550 ejus

286 1573 479 1643 inﬂictis
516 1574 720 1627 medela
744 1574 1043 1642 a/j'erretur.
1080 1573 1212 1628 Istic
1251 1573 1738 1627 nimirum—sileo
1770 1573 1976 1626 levioris
2018 1573 2264 1625 momenti
2316 1573 2502 1625 menda
2527 1600 2591 1611 —-
2619 1570 2799 1624 multre
2846 1589 2985 1627 voces
3028 1576 3268 1642 omissre,
3309 1576 3481 1644 plures

286 1679 447 1722 contra
478 1669 663 1727 Paris.
693 1670 816 1725 libri
846 1674 1213 1726 auctoritatem
1252 1672 1362 1726 sine
1400 1670 1512 1725 ulla
1557 1687 1720 1724 causa
1750 1670 1907 1723 tacite
1953 1678 2189 1734 mutatte,
2219 1668 2459 1736 plurima:
2497 1683 2763 1737 perperam
2794 1679 3073 1738 corruptae.
3107 1669 3237 1734 Qua:
3273 1671 3481 1740 quidem

283 1767 443 1834 paucis
470 1769 705 1837 exceptis
732 1785 832 1823 non
854 1769 1019 1823 solum
1044 1786 1075 1822 a
1102 1769 1382 1822 novissimo
1411 1768 1609 1822 editore
1643 1767 1880 1835 repetita,
1904 1765 1994 1819 sed
2025 1781 2155 1818 nova
2190 1781 2429 1818 errorum
2472 1765 2705 1833 congerie
2738 1774 2893 1818 aucta
2923 1776 3067 1819 sunt.
3104 1764 3158 1820 Is
3195 1768 3332 1820 enim
3360 1765 3480 1830 Cle-

286 1863 369 1915 rici
405 1865 754 1917 recensionem
778 1874 973 1918 textum
1001 1862 1245 1916 editionis
1282 1878 1363 1928 pr.
1396 1862 1676 1931 genuinum
1706 1871 1920 1929 putans,
1945 1861 2136 1913 centies
2160 1859 2415 1914 Cotelerio
2453 1860 2585 1915 hanc
2615 1860 2822 1914 illamve
2846 1861 3119 1915 lectionem
3164 1877 3253 1915 seu
3294 1862 3481 1915 bonam

281 1974 359 2013 seu
382 1975 607 2027 pravam
632 1960 854 2029 afﬁnxit,
887 1961 949 2015 de
974 1977 1076 2030 qua
1108 1960 1196 2014 ille
1222 1975 1287 2014 ne
1314 1959 1579 2012 somniare
1604 1957 1805 2028 quidem
1842 1972 2001 2009 ausus
2027 1965 2124 2013 est.
2170 1956 2334 2011 Taceo
2380 1958 2600 2029 reliqua,
2632 1975 2748 2029 quia
2795 1958 2858 2011 ab
2899 1958 3022 2011 aliis
3060 1956 3282 2026 intelligi
3318 1955 3480 2014 malo.

280 2070 419 2119 quam
443 2072 476 2108 a
516 2072 605 2109 me
634 2056 760 2113 dici.
795 2055 877 2110 Ne
908 2056 1079 2109 multa
1102 2071 1121 2108 :
1151 2072 1213 2109 en
1264 2054 1358 2108 tibi
1413 2054 1760 2107 recensionem
1809 2050 2167 2105 Homiliarum
2209 2053 2470 2121 prioribus
2506 2054 2884 2108 accuratiorem
2927 2061 2996 2116 et,
3049 2054 3096 2106 si
3132 2050 3484 2121 integritatem

280 2155 466 2217 spectas
497 2148 767 2211 ,omnibus
808 2148 1039 2202 numeris
1066 2147 1385 2200 absolutam.
1418 2145 1597 2216 Neque
1620 2161 1734 2198 vero
1757 2142 1875 2210 illa,
1904 2160 2024 2207 qua:
2066 2160 2210 2198 nova:
2237 2146 2357 2197 huic
2393 2146 2612 2199 editioni
2653 2156 2957 2201 ornamento
2981 2154 3076 2210 est,
3112 2144 3309 2215 glorior
3346 2146 3484 2198 inte-

280 2241 454 2311 gritate
475 2256 493 2293 :
530 2242 677 2296 alius
704 2258 902 2315 quoque
931 2243 1158 2296 invenire
1192 2241 1467 2311 potuisset,
1492 2256 1607 2311 quae
1635 2239 1761 2292 mihi
1792 2238 2021 2293 invenire
2062 2239 2300 2309 contigit,
2329 2242 2564 2309 quamvis
2588 2243 2656 2295 ad
2685 2258 2844 2295 unum
2870 2257 3041 2296 omnes
3071 2256 3131 2293 ea
3158 2240 3329 2296 adhuc
3352 2256 3487 2309 prte-

278 2339 516 2394 terierint.
547 2338 714 2409 Atqui
754 2357 817 2393 ea
844 2339 1087 2394 humanm
1116 2342 1235 2393 vita:
1264 2338 1494 2392 conditio
1518 2344 1619 2401 est,
1647 2344 1703 2389 ut
1741 2336 1936 2403 pturies
1980 2343 2214 2404 negetur,
2252 2334 2379 2405 quin
2410 2351 2468 2388 eo
2505 2335 2700 2407 aliquis
2739 2337 3013 2406 quresitum
3051 2342 3136 2389 eat
3169 2350 3269 2405 quo
3307 2333 3488 2388 luben-

279 2435 458 2489 tissime
488 2434 642 2503 velit,
665 2436 950 2491 secundum
979 2435 1219 2491 Crazcum
1250 2434 1385 2488 illud
1408 2448 1427 2486 :

1003 2532 1085 2585 Οὐ
1116 2530 1338 2595 παντὸς
1374 2528 1589 2597 ἀνδρὸς
1617 2528 1682 2595 ἐς
1710 2529 1997 2597 Κόρινθόν
2026 2525 2150 2581 ἐσθ’
2179 2529 2212 2581 ὀ
2240 2525 2449 2592 πλοῦς.

338 2624 530 2697 Scripsi
564 2627 746 2683 Romw
771 2626 898 2682 Kal.
934 2626 1048 2681 Jul.
1084 2626 1241 2681 l852.

857 2784 1305 2850 CLEMENTIS
1349 2783 1665 2844 ROMANI
1726 2781 2247 2847 HOMILIARUM
2309 2780 2649 2843 CODICES
2702 2782 2874 2843 MSS.

332 2908 379 2964 1.
418 2907 474 2962 In
512 2907 830 2977 Defensione
855 2924 949 2978 pro
979 2906 1279 2963 Canonibus
1311 2909 1668 2977 apostolorum
1710 2917 1759 2961 et
1812 2908 2067 2977 Epistolis
2103 2906 2411 2977 pontiﬁcum
2454 2904 2777 2960 Franciscns
2808 2904 3107 2959 Turrianus
3146 2919 3175 2958 e
3215 2919 3316 2958 ms.
3348 2918 3484 2973 quo-

277 2999 386 3053 dam
431 2999 630 3055 Graeca
667 3000 820 3063 citat,
857 3015 980 3069 quae
1013 3000 1066 3053 in
1092 2998 1385 3054 Clementis
1411 2997 1476 3054 Β.
1510 2998 1759 3055 llomiliis
1793 2999 2156 3068 reperiuntur.
2200 2998 2319 3051 Alia
2370 2995 2766 3066 Metaphrasten
2816 2997 2979 3058 olent,
3022 2999 3124 3053 alia
3170 3000 3234 3053 ad
3264 2998 3487 3054 Ottobo-

274 3095 403 3149 aiani
434 3096 734 3151 lectionem
767 3102 862 3148 aut
895 3110 1059 3165 prope
1088 3095 1373 3163 accedunt,
1405 3104 1500 3151 aut
1528 3096 1663 3150 nihil
1689 3095 1756 3150 ab
1783 3110 1848 3150 ea
1877 3094 2153 3150 diﬂerunt.
2190 3092 2558 3148 Nihilosecius
2583 3108 2806 3163 prorsus
2852 3094 2995 3149 aliud
3026 3104 3108 3151 est
3138 3112 3201 3151 ac
3240 3106 3483 3152 nostrum

270 3200 318 3244 et
341 3188 684 3244 Parisinum.
721 3188 779 3243 Id
805 3191 937 3246 satis
964 3209 1107 3248 unus
1133 3193 1221 3247 ille
1252 3195 1408 3247 locus
1438 3192 1632 3262 probat
1668 3192 1722 3245 in
1771 3191 1997 3261 epistola
2033 3189 2287 3245 'l‘urriani
2334 3191 2401 3246 ad
2442 3189 2666 3246 Hosium
2698 3190 3027 3247 cardinalem
3076 3191 3295 3251 allatus.
3328 3207 3489 3261 quem

270 3281 339 3339 hic
369 3282 535 3338 habes
572 3283 628 3336 in
656 3281 814 3339 Hom.
849 3301 984 3350 xv",
1023 3287 1111 3342 15.

329 3377 381 3431 2.
426 3395 445 3429 ι
481 3377 799 3432 Cotelerius
850 3382 1124 3450 exemplar
1164 3396 1323 3436 suum
1357 3392 1628 3448 accurate,
1659 3382 1767 3436 imo
1808 3381 2078 3452 religiose,
2129 3398 2198 3438 ne
2254 3382 2489 3438 litterula
2521 3382 2735 3453 quidem
2762 3391 2989 3447 mutata,
3013 3384 3299 3454 descripsit
3327 3400 3394 3439 ex
3419 3400 3488 3439 co

270 3475 443 3530 codice
470 3474 865 3541 Homiliarum,
897 3479 989 3544 qui
1017 3490 1180 3541 unus,
1212 3484 1479 3545 quantum
1508 3477 1699 3541 sciam,
1739 3477 1996 3548 temporis
2036 3476 2266 3548 injurias
2309 3477 2550 3547 pertulit,
2600 3476 2895 3534 Parisiensi
2931 3478 3098 3549 Regio
3142 3479 3281 3535 1618
3315 3482 3483 3551 (nunc

274 3569 416 3635 1196,
444 3570 492 3623 si
520 3579 677 3624 recte
704 3584 942 3639 auguror
970 3585 1036 3623 ex
1063 3568 1233 3625 Catal.
1263 3572 1383 3625 cod.
1419 3588 1549 3627 mss.
1587 3572 1723 3627 Bibl.
1764 3573 1895 3644 Reg.
1936 3573 2059 3628 Par.
2118 3574 2277 3642 1740,
2313 3583 2442 3630 tom.
2482 3572 2547 3640 ll,
2594 3574 2649 3629 in
2693 3591 2852 3646 quem
2903 3578 3113 3631 numeri
3156 3577 3481 3632 Coteleriani

268 3677 366 3716 non
398 3663 785 3732 conveniunt).
818 3660 873 3717 In
914 3662 1214 3717 subsidium
1244 3663 1491 3718 adhibuit
1521 3665 1912 3721 Clementinam
1964 3666 2268 3737 Epitomen,
2318 3682 2477 3735 quam
2527 3678 2580 3721 et
2617 3668 2789 3737 ipsam
2823 3683 2853 3723 e
2915 3667 3031 3724 cod.
3062 3667 3189 3738 Reg.
3232 3668 3261 3720 7
3289 3669 3491 3724 descri-

269 3764 403 3825 ptam
430 3755 486 3809 in
513 3769 689 3823 opere
718 3768 841 3819 suo,
871 3756 1080 3823 primus
1105 3762 1228 3823 post
1258 3754 1594 3821 Turnebum,
1627 3756 1825 3824 publici
1851 3756 1990 3824 juris
2021 3756 2167 3811 fecit.
2204 3755 2494 3812 Praeterera
2529 3758 2768 3813 excussit
2792 3758 2948 3814 codd.
2980 3759 3109 3830 Reg.
3148 3759 3249 3813 HS
3277 3768 3330 3815 et
3350 3760 3476 3826 804,

267 3844 352 3913 qui
383 3845 677 3899 continent
714 3843 957 3897 eamdem
987 3844 1289 3913 Epitomen,
1320 3847 1411 3900 sed
1456 3846 1617 3914 paulo
1647 3847 1943 3901 auctiorem
1976 3864 2038 3901 ex
2073 3846 2429 3903 Homiliarum
2466 3848 2789 3919 fragmentis
2824 3849 2915 3919 (cf.
2949 3867 3069 3920 quae
3110 3852 3491 3908 adnotavimus

266 3940 325 3994 ad
352 3942 437 4004 11,
458 3942 494 3995 5
518 3939 716 4013 [infra,
742 3940 848 3999 col.
871 3940 961 4012 55]
986 3952 1033 3997 et
1061 3944 1183 4005 ⁵555,
1202 3942 1266 3996 18
1285 3942 1415 4016 [coL
1438 3942 1591 4014 295].
1637 3941 1706 3997 lis
1731 3944 1988 3999 subsidiis
2014 3945 2316 4001 Cotelerius
2346 3946 2417 4000 ita
2436 3962 2569 4001 usus
2593 3955 2696 4011 est,
2723 3955 2782 4001 ut
2806 3948 2945 4001 haud
2970 3962 3138 4017 pauca
3160 3947 3361 4001 codicis
3389 3947 3478 4001 sui

266 4040 451 4095 menda
482 4041 539 4094 in
573 4038 824 4108 margine
852 4034 1105 4089 editionis
1137 4052 1248 4090 sua:
1284 4044 1464 4105 posset
1494 4036 1804 4091 emendare.
1851 4055 1869 4087 ι
1906 4035 1981 4090 Ita
2027 4037 2401 4107 Schweglerus
2439 4038 2492 4092 in
2532 4036 2872 4094 Praefatione.
2911 4038 3022 4110 Ego
3050 4039 3267 4108 quidem
3295 4038 3484 4093 dubito

269 4152 387 4189 num
431 4133 747 4190 Cotelerius
776 4130 830 4184 in
861 4131 1217 4185 describenda
1250 4130 1436 4185 codice
1461 4130 1633 4186 Paris.
1664 4131 1841 4186 ubivis
1875 4131 1965 4185 illa
1996 4132 2099 4185 ﬁde
2131 4141 2293 4201 atque
2333 4131 2591 4201 religione
2620 4148 2753 4187 usus
2789 4132 2967 4199 fuerit,
3013 4149 3118 4203 qua
3154 4134 3209 4187 in
3254 4134 3356 4188 hoc
3385 4148 3483 4202 ge-

266 4246 386 4287 nere
419 4248 567 4302 opus
599 4238 687 4284 est
716 4247 728 4282 :
762 4230 816 4283 id
845 4227 989 4297 quod
1019 4242 1083 4281 ex
1130 4227 1315 4282 multis
1342 4227 1476 4282 locis
1514 4243 1638 4281 cum
1678 4234 1863 4281 nostro
1892 4226 2135 4295 ejusdem
2164 4223 2383 4279 familia:
2423 4226 2796 4295 manuscripto
2824 4237 3073 4281 accurate
3116 4225 3327 4280 collatis
3374 4226 3494 4282 luce

267 4334 457 4388 clarius
476 4340 732 4401 apparet.
756 4329 937 4385 Codex
963 4328 1134 4383 Paris.
1171 4344 1485 4398 quanquam
1511 4328 1563 4383 in
1594 4326 1770 4382 fronte
1790 4327 1873 4382 ex]

1888 4326 2009 4381 libet
2038 4344 2050 4379 :
2078 4326 2293 4389 Βίϐλος
2307 4324 2536 4392 ἔχουσα
2559 4326 2794 4394 ὁμιλίας
2823 4324 3141 4394 διαφόρους
3163 4322 3277 4377 ἀπὸ
3292 4320 3494 4392 φωνῆς

265 4428 361 4483 τοῦ
393 4430 575 4499 ἁγίου
607 4426 835 4494 Πέτρου
868 4426 971 4480 τοῦ
1013 4426 1375 4487 ἀποστόλου,
1408 4423 1817 4493 συηραφεῖσα
1842 4423 1958 4478 ὑπὸ
1991 4421 2095 4476 τοῦ
2124 4421 2294 4490 ἁγίου
2323 4418 2684 4491 Κλήμεντος,
2724 4422 2762 4487 ἠ
2813 4420 3102 4490 λεγομένη
3150 4420 3486 4490 Κλημέντια,

268 4521 575 4573 τουτέστιν
605 4518 926 4589 Κλήμεντος
962 4519 1384 4587 συγγράμματα.
1418 4515 1679 4583 Περιέχει
1698 4514 1765 4568 δὲ
1783 4517 1820 4583 ἠ
1839 4514 1989 4582 αὑτὴ
2004 4515 2221 4579 βίϐλος
2256 4511 2395 4565 τάδε
2417 4529 2429 4542 ο
2470 4514 2800 4581 προλόγους
2835 4512 3007 4580 τρεῖς,
3030 4511 3261 4580 ὁμιλίας
3278 4512 3486 4573 εἴκοσι,

268 4616 488 4671 mutilus
532 4624 721 4669 tamen
754 4614 955 4670 desinit
988 4615 1038 4668 in
1070 4613 1228 4667 llom.
1258 4630 1371 4677 xxx,
1411 4614 1495 4667 14.

328 4714 379 4767 3.
418 4712 619 4767 Codex
653 4727 758 4767 ms.
789 4711 881 4781 qui
914 4710 979 4763 ad
1029 4724 1224 4763 novam
1275 4706 1630 4762 Homiliarum
1678 4708 1967 4763 editionem
2000 4706 2394 4761 conficiendam
2440 4706 2688 4761 criticum
2738 4720 2935 4775 penum
2986 4704 3115 4758 mihi
3164 4704 3373 4773 aperuit
3406 4705 3491 4758 vel

271 4809 635 4875 uberrimum,
667 4820 969 4875 earumque
1031 4803 1191 4858 linem
1227 4804 1510 4873 hucusque
1540 4803 1907 4857 desideratum
1939 4804 2136 4857 unicus
2166 4803 2413 4872 largitur,
2445 4803 2511 4857 ad
2560 4817 2678 4856 eam
2714 4802 2946 4871 pertinet
2975 4798 3247 4855 Vaticana:
3292 4800 3489 4854 biblio-

271 4905 430 4961 theca:
458 4916 710 4976 partem,
740 4919 863 4974 qua:
893 4900 1256 4957 Ottoboniana
1289 4900 1623 4954 nominatur.
1676 4900 2012 4955 Chartaceus
2042 4910 2142 4966 est,
2194 4900 2380 4954 forma:
2413 4909 2638 4969 quartae,
2670 4899 3065 4969 insigniturque
3096 4912 3321 4951 numero
3364 4897 3487 4951 M3.

273 5000 534 5058 Exaratus
564 5016 697 5057 esse
722 4999 938 5054 videtur
977 4996 1196 5051 ineunte
1241 5012 1365 5051 saec.
1416 5012 1527 5062 xlv,
1580 4995 1750 5049 nitida
1799 4995 2014 5065 quidem
2063 4994 2246 5050 Graeca
2292 5010 2474 5055 manu,
2504 4994 2597 5048 sed
2648 4994 2717 5048 ob
2748 4992 3032 5049 inusitatas
3076 4993 3263 5064 siglas,
3293 4994 3491 5063 quibus

276 5098 452 5163 utitur,
485 5098 706 5169 passim
732 5096 984 5165 ambigua
1016 5104 1070 5150 et
1098 5093 1457 5159 subobscura,
1489 5108 1587 5147 nec
1632 5093 1834 5162 ubique
1882 5090 2025 5145 facili
2070 5092 2232 5146 lectu.
2265 5090 2570 5156 Quamlibet
2617 5090 2891 5161 paginam,
2924 5090 2968 5144 si
3014 5091 3154 5144 tituli
3199 5096 3493 5145 occurrunt

280 5191 415 5260 nulli,
436 5209 648 5250 versus
670 5190 855 5263 viginti
882 5198 1086 5260 septem
1104 5188 1339 5257 explent.
1360 5185 1415 5240 In
1436 5187 1612 5257 primo
1629 5185 1848 5241 Codicis
1871 5186 1999 5240 folio
2021 5186 2144 5239 albo
2174 5185 2449 5253 appositus
2473 5183 2666 5253 legitur
2688 5197 2946 5237 numerus
2967 5182 3103 5249 MS;
3140 5181 3192 5235 iu
3212 5178 3489 5249 sequenti:

697 5289 949 5343 Clemens
980 5285 1258 5341 Romanus
1283 5286 1349 5340 de
1376 5284 1914 5356 Peregrinationibus
1945 5283 2003 5339 S.
2036 5282 2179 5337 Petri
2212 5281 2305 5337 fol.
2341 5281 2395 5335 2.

696 5377 953 5448 Ejusdem
985 5376 1279 5431 Clementis
1308 5374 1813 5445 Peregrinationum
1842 5374 2089 5445 Epilome
2113 5372 2205 5427 fol.
2234 5371 2355 5426 161.

693 5473 939 5544 Gregorii
970 5472 1197 5545 Nysseni
1222 5473 1397 5528 oratio
1429 5473 1481 5526 in
1510 5473 1641 5527 illud
1673 5472 1824 5527 Pauli
1853 5490 1865 5527 :
1901 5473 2037 5527 Cum
2068 5470 2312 5541 subjecta
2348 5468 2549 5524 fuerint

698 5572 775 5627 illi
806 5569 1015 5637 omnia,
1052 5579 1180 5626 tunc
1209 5578 1263 5626 et
1291 5570 1406 5642 ipse
1435 5570 1598 5639 filius,
1633 5567 1865 5633 etc.,l‘ol.
1902 5569 2030 5622 255.

1860 5662 1921 5716 P.

1862 5766 1922 5823 X

1856 5860 1918 5914 l9
