4068 6338
568 352 638 417 93
1478 358 1536 414 S.
1579 358 1961 415 CLEMENTIS
1998 358 2209 415 IROM.
2249 359 2446 416 ΡΟΝΤ.
2489 361 2715 416 OPERA
2752 361 2972 420 ΒΗΜΛ.
3703 362 3771 417 28

572 453 629 508 In
664 461 892 524 utraque
926 450 1120 523 pagina
1156 450 1535 520 subsequentis
1582 452 1695 507 lolii
1742 468 2026 508 numerum
2066 453 2084 506 l
2120 452 2174 506 in
2220 452 2400 509 fronte
2451 453 2678 509 ferentis
2727 465 2905 509 exstat
2927 455 3285 526 fragmentum
3312 455 3769 511 Clementinorum

571 544 844 615 prooemii,
875 544 1018 615 quod
1053 544 1239 614 incipit
1271 561 1285 598 :
1318 545 1521 607 Αὐτοὺς
1552 544 1952 617 φρονιμώτερον
1984 549 2177 620 ὲπιχειε

2167 549 2344 620 ροῦσιν
2377 548 2684 619 desinilque
2726 550 2780 603 in
2825 549 2951 604 νων.
2981 548 3122 621 ἄλλῳ
3148 549 3459 621 οἱῳδήποτε.
3504 548 3616 604 Hoc
3659 548 3769 603 fra-

568 646 845 708 gmentum
876 636 980 690 alia
1009 650 1196 703 manu,
1226 651 1397 706 eaque
1419 652 1543 691 saec.
1578 653 1645 690 xv
1693 649 1972 693 exaratum
2004 650 2057 695 et
2105 641 2320 696 aliunde
2362 641 2605 696 excisum
2655 650 2807 711 puto.
2834 640 2954 695 Jam
2992 641 3263 697 invenitur
3304 642 3532 695 alterum
3580 639 3769 694 folium

566 731 749 785 album
776 744 1003 785 numero
1030 745 1241 785 carens.
1272 728 1327 782 In
1354 729 1505 793 folio,
1536 731 1680 800 quod
1719 733 1967 801 sequitur
1993 748 2221 788 numero
2242 732 2277 786 2
2295 733 2566 799 distincto,
2585 748 2706 789 cum
2729 734 2924 803 praevia
2950 731 3497 804 inscriptioneincnpit
3534 729 3774 800 Epistola

568 827 704 882 Petri
732 826 799 881 ad
826 825 1084 882 Iacobum
1107 827 1251 893 data,
1278 825 1363 880 cui
1382 826 1585 898 reliqua
1610 826 1942 882 Clementina
1970 836 2357 883 annectuntur.
2382 826 2513 894 Quae
2542 838 2835 883 occurrunt
2864 828 3243 898 inscriptiones
3264 828 3559 899 itidemque
3579 828 3773 884 littera:

566 922 800 978 initiales
856 922 1209 979 Homiliarum
1264 920 1423 975 sicuti
1468 921 1831 991 quorumdam
1887 931 2217 977 commatum
2247 923 2416 977 minio
2444 923 2611 977 rubro
2638 922 2793 992 picta:
2833 931 2979 977 sunt.
3017 921 3362 994 Singularum
3412 923 3768 980 Homiliarum

564 1030 822 1070 numerus
871 1014 1073 1070 Graecis
1121 1013 1313 1069 litteris
1365 1011 1703 1081 exprimitur,
1760 1009 1917 1067 tertia
1976 1021 2166 1082 except

2162 1028 2201 1069 .a
2255 1021 2310 1068 ct
2336 1013 2565 1080 decima,
2606 1013 2701 1069 ubi
2747 1022 2832 1069 est
2858 1013 3041 1085 ὁμιλία
3071 1014 3225 1087 τρίτη
3257 1024 3311 1069 et
3339 1015 3521 1088 ὁμιλία
3548 1016 3768 1086 δεκάτη.

564 1107 701 1180 (Cfr.
759 1108 1034 1178 specimen
1089 1108 1374 1176 scriptura:
1421 1106 1566 1177 ligno
1617 1103 1845 1159 incisum
1904 1103 1957 1158 in
2012 1105 2198 1160 tabula
2239 1105 2378 1161 infra
2446 1107 2701 1177 annexa.)
2758 1107 2839 1162 Ad
2893 1122 3046 1162 oram
3104 1110 3306 1166 codicis
3357 1110 3772 1179 quamplurima:

562 1204 755 1275 glossa:
776 1203 950 1273 prima
976 1218 1141 1258 manu
1170 1202 1490 1271 conscripta:
1535 1208 1815 1271 apparent,
1861 1200 2065 1257 nullius
2113 1201 2330 1271 quidem
2378 1202 2660 1267 momenti,
2694 1202 2738 1257 si
2790 1218 2991 1271 paucas
3029 1205 3287 1274 excipias.
3330 1207 3595 1261 Adnotavi
3647 1222 3771 1277 qua:

562 1297 720 1352 utiles
768 1310 890 1351 esse
944 1304 1255 1365 potuerunt.
1300 1294 1479 1350 Pluris
1516 1293 1774 1350 faciendae
1818 1303 1946 1351 sunt
1990 1295 2317 1365 conjectura:
2360 1311 2523 1350 manu
2566 1296 2852 1351 recentiori
2884 1296 3112 1367 margini
3162 1297 3414 1353 distincto
3456 1300 3771 1354 charactere

560 1388 839 1458 appositae.
872 1387 1051 1445 Habes
1082 1400 1297 1460 quoque
1325 1389 1393 1443 ad
1422 1403 1577 1443 oram
1617 1389 1832 1444 notulas
1860 1388 2052 1443 rubras
2086 1406 2100 1442 :
2157 1386 2342 1441 κανά¹
2388 1400 2562 1456 usque
2613 1386 2679 1441 ad
2726 1385 2946 1455 mv'ty',
3000 1402 3203 1457 easque
3230 1392 3405 1458 prima
3448 1404 3613 1443 manu
3660 1398 3767 1444 tam

560 1482 873 1537 indistincte
907 1491 1125 1552 tamque
1170 1483 1347 1552 inepte
1390 1481 1746 1551 conscriptas,
1779 1490 1837 1536 ut
1867 1480 2060 1535 nullibi
2110 1494 2231 1535 cum
2272 1486 2420 1532 textu
2470 1477 2755 1548 quadrent.
2807 1475 2989 1533 Prima
3018 1478 3289 1533 invenitur
3330 1479 3486 1534 initio
3516 1478 3771 1549 Epistolas

558 1572 851 1629 Clementis
878 1573 947 1628 ad
978 1572 1240 1629 Jacobum
1284 1588 1350 1629 ex
1394 1573 1644 1637 adverso,
1679 1573 1870 1628 ultima
1918 1572 1970 1627 in
2018 1570 2257 1640 margine
2290 1571 2438 1624 hom.
2472 1569 2515 1633 Ι,
2545 1569 2599 1633 6,
2636 1570 2738 1626 sub
2776 1569 2958 1624 ﬁnem.
2998 1568 3168 1626 Nulla:
3206 1572 3444 1642 capitum
3477 1572 3767 1629 sectiones.

558 1671 956 1741 Orthographia
992 1671 1132 1725 haud
1162 1684 1286 1725 raro
1318 1669 1547 1726 solmca:
1577 1667 2164 1737 κρίττονα,κυ6ερνύτ

2158 1684 2261 1735 -ης,
2276 1667 2749 1736 γυμνιτεύογτες,
2778 1664 3031 1736 θεώτητι,
3055 1668 3374 1737 γνωμόνως,
3398 1668 3764 1734 πείσθεσθαιι

558 1763 888 1830 ἐπίστηται,
938 1762 1215 1832 ὐποργεῒν
1260 1778 1310 1832 p.
1366 1760 1704 1830 ὑπουργεῖν,
1763 1759 1943 1830 αἱρῶν
1978 1776 2029 1829 p.
2061 1757 2230 1827 ἐρῶν,
2260 1758 2467 1812 καινόν
2496 1760 2752 1828 μκενόν,
2784 1756 2997 1829 ὐφέξιν
3024 1774 3078 1829 p.
3108 1757 3371 1827 ὑφέξειν,
3418 1760 3669 1815 λοιποῦν
3707 1775 3764 1831 p.

558 1856 818 1919 λυποῦν,
850 1857 1269 1925 ηὑχαρίσθησα
1297 1871 1349 1925 p.
1382 1856 1819 1925 ηὐχαρίστησα,
1852 1853 2164 1925 φενορωθεί

2158 1853 2202 1918 [ς
2226 1866 2277 1921 p.
2311 1853 2645 1921 φρενωθείς,
2692 1850 2816 1907 ἄδει
2858 1866 2911 1921 p.
2938 1850 3071 1923 ᾅδῃ.
3102 1850 3319 1919 Multas,
3351 1868 3473 1923 quae
3503 1852 3661 1908 etiam
3709 1854 3764 1909 in

562 1946 664 2003 hoc
696 1949 883 2005 codice
918 1949 1278 2018 reperiuntur,
1311 1952 1533 2006 lacunas
1566 1950 1721 2006 uncis
1750 1948 1954 2005 criticis
1987 1945 2184 2003 inclusi
2222 1945 2679 2019 conjectandoque
2706 1946 2933 2016 explevi.

1830 2086 2117 2139 LITTERE
2143 2083 2522 2139 EXPLICATE.

803 2208 863 2268 Ο,
896 2208 998 2259 Ott.
1022 2234 1083 2244 —-
1104 2208 1268 2259 Codex
1304 2209 1660 2261 Ottobonianus
1700 2209 1806 2260 443.

799 2271 854 2342 ρ,
887 2270 941 2319 Ct
959 2297 1020 2342 ῖ-
1037 2269 1333 2342 Cotelerius,
1355 2272 1592 2324 Cotelerii
1619 2272 1728 2336 (Ed.
1754 2273 1868 2324 Lnt.
1898 2273 2054 2326 Paris.
2083 2273 2244 2329 1672.)

803 2332 849 2383 D
878 2358 941 2369 —
963 2331 1206 2381 Davisius.
1318 2331 1327 2334 ⁷
1625 2331 1634 2336 ’

801 2392 858 2461 El
883 2420 951 2461 :
973 2394 1188 2461 Clericus
1214 2393 1322 2461 (Ed-
1345 2394 1706 2461 Αωξιεξιεεάεφί
1728 2390 1889 2461 1.724,.)

800 2450 860 2514 Β,
883 2453 937 2505 Si
967 2480 1028 2491 —
1053 2450 1402 2517 Schwe'glerua
1444 2458 1751 2522 Schwegleri
1769 2450 1883 2521 (Ed:
1902 2456 2207 2521 Stultgartim
2228 2456 2390 2519 ιω.)
