4068 6338
353 322 433 380 Ib
1210 325 1661 384 CLEMENTINA.
1699 359 1770 371 —
1805 328 2139 388 EPISTOLA
2173 331 2377 389 PETRI
2414 332 2506 387 AD
2541 332 2871 391 JACOBUM.
3500 337 3572 395 26

356 478 3539 516 _____...__._._._________________________________

1062 590 1771 720 CLEMEN
1778 609 2065 724 TIS
2139 610 2872 726 ROMANI

1757 833 1872 881 ουλε
1913 836 2192 877 FEBUNTUR

1299 989 1592 1104 HOM
1612 992 1935 1107 ILIZE
2018 997 2419 1116 VIGIN
2432 1002 2573 1113 TI
2589 1081 2619 1113 .

425 1312 502 1380 ι-
528 1308 581 1381 3
611 1310 955 1364 ΕΠΙΣΤΟΛΗ
986 1310 1255 1366 ΠΕΤΡΟΥ
1285 1312 1461 1366 ΠΡΟΣ
1490 1314 1787 1371 ΙΑΚΩΒΟΝ
1806 1318 1844 1373 ⁸.

421 1427 692 1479 ΠΕΤΡΟΣ
729 1427 980 1498 ΙΑΚΩΒῼ
1002 1466 1017 1490 ,
1062 1426 1138 1498 τῷ
1179 1428 1351 1499 κυρίῳ
1383 1431 1475 1483 καὶ
1508 1432 1786 1504 ἐπισκόπῳ
1817 1436 1915 1506 τῆς

350 1519 507 1586 ἁγίας
553 1518 900 1588 Ἐκκλησίας,
936 1519 1036 1572 ὑπὸ
1068 1519 1162 1571 τοῦ
1213 1519 1321 1575 τῶν
1364 1520 1497 1574 ὅλων
1531 1524 1778 1595 Πατρὸς,
1827 1527 1915 1580 διὰ

360 1610 538 1681 Ἰησοῦ
573 1609 834 1681 Χριστοῦ,
868 1611 1054 1681 εἰρήνη
1090 1612 1171 1682 είη
1208 1610 1436 1665 πάντοτε
1458 1615 1498 1667 ¹.

414 1702 456 1754 I.
495 1699 668 1763 Εἱδὼς
700 1717 781 1765 σε,
813 1700 1007 1770 ἀδελφέ
1038 1719 1162 1771 μου,
1197 1705 1278 1767 είς
1307 1702 1367 1756 τὸ
1398 1707 1549 1776 κοινῇ
1586 1706 1749 1759 πᾶσιν
1784 1707 1913 1777 ἡμῖν

344 1789 628 1859 συμφέρον
658 1789 951 1843 σπεύδοντα
984 1790 1291 1862 προθύμως,
1313 1793 1448 1859 ἀξιῶ
1472 1796 1562 1848 καὶ
1579 1796 1787 1866 δέομαι,
1808 1797 1913 1850 τῶν

340 1879 495 1949 ἐμῶν
523 1881 894 1952 κηρυγμάτων
926 1880 990 1945 ἃς
1022 1882 1239 1954 ἔπεμψά
1262 1901 1340 1937 σοι
1365 1885 1575 1956 βίϐλους
1599 1889 1784 1959 μηδενὶ
1807 1890 1913 1943 τῶν

338 1970 453 2022 ἀπὸ
466 1971 575 2023 τῶν
609 1970 778 2024 ἐθνῶν
797 1972 1118 2042 μεταδοῦναι
1143 1975 1277 2047 μήτε
1308 1976 1560 2049 ὁμοφύλῳ
1576 1980 1679 2052 πρὸ
1699 1979 1910 2052 πείρας,

339 2062 454 2113 ἀλλ’
488 2063 586 2115 ἐάν
598 2080 680 2126 τις
703 2063 1046 2134 δοκιμασθεὶς
1065 2064 1211 2131 ἄξιος
1236 2067 1575 2139 εὑρεθῇ,τὸτε
1604 2070 1751 2142 αὐτῷ
1774 2072 1913 2126 κατὰ

338 2155 440 2225 τὴν
458 2155 685 2226 ἀγωγὴν
708 2154 1179 2227 παραδοῦναι,καθ’
1204 2159 1269 2230 ἢν
1283 2160 1499 2225 καὶτοῖς
1515 2160 1666 2214 Ἐὀδο
1673 2164 1744 2236 μή
1752 2181 1911 2218 κοντα

337 2249 368 2297 ὁ
394 2247 637 2317 Μωῦσῆς
660 2247 942 2318 παρέδωκε
974 2251 1084 2312 τοῖς
1110 2249 1207 2321 τὴν
1226 2250 1488 2323 καθέδραν
1520 2252 1683 2305 αὑτοῦ
1718 2272 1910 2326 παρει-

337 2338 587 2406 ληφόσιν.
619 2338 716 2391 Διὰ
745 2338 901 2391 τοῦτο
933 2342 1025 2393 καὶ
1056 2343 1083 2393 6
1112 2341 1320 2413 καρπὸς
1362 2343 1462 2412 τῆς
1489 2343 1781 2414 ἀσφαλείας
1814 2347 1911 2418 μὲ-

340 2446 432 2499 κρι
462 2430 559 2482 τοῦ
597 2430 757 2501 δεῦρο
806 2432 1071 2501 φαίνεται.
1116 2434 1219 2487 Τὸν
1257 2432 1363 2508 γὰρ
1393 2435 1553 2491 αὐτὸν
1584 2438 1633 2491 οἱ
1666 2442 1909 2512 πανταχῆ

335 2521 621 2588 ὁμοεθνεῖς
638 2523 659 2552 ⁸
684 2522 785 2591 τῆς
820 2524 1115 2596 μοναρχίας
1146 2526 1237 2579 καὶ
1257 2527 1550 2600 Δπολιτείας
1582 2530 1909 2600 φυλάσσουσι

338 2613 575 2675 κανόνα,
617 2590 756 2667 κατά
790 2590 1225 2689 μηδένα-*τρόπον
1256 2590 1445 2683 άλλως
1477 2590 1689 2693 φρονεῖν
1726 2625 1759 2697 ἢ
1802 2626 1909 2680 τῶν
1939 2645 1983 2699 Β

337 2703 457 2765 είςδ
487 2702 544 2774 ἀ,
575 2704 744 2756 πολλὰ
771 2706 1037 2761 νευουσῶν
1055 2707 1283 2780 Γραφῶν
1305 2710 1642 2783 ἐξοδευθῆναι
1659 2712 1909 2785 δυνηθέν-

335 2807 449 2857 Ιιἐις.
497 2795 651 2849 Κατὰ
687 2795 795 2868 γὰρ
830 2797 921 2850 τὸν
974 2800 1342 2871 παραδοθέντα
1384 2803 1565 2868 αὐτοῖς
1612 2804 1808 2859 κανόνα
1840 2807 1907 2861 τὰ

335 2886 447 2938 τῶν
478 2887 708 2959 Γραφῶν
739 2889 1076 2961 άσύμφωνα⁵
1108 2892 1398 2963 πειρῶνται
1430 2897 1903 2969 μεταρρυθμίζειν,

334 2981 387 3030 εἰ
415 2979 485 3049 δή
518 2996 601 3043 τις
619 2980 777 3051 τυχὸν
802 2981 874 3052 μὴ
896 2982 1050 3047 εἰδὼς
1067 2983 1165 3047 τὰς
1183 2983 1507 3057 παραδόσεις
1534 2990 1709 3061 ναρκᾷ
1741 2990 1908 3064 πρὸς⁶

332 3072 437 3135 τὰς
466 3072 576 3125 τῶν
619 3074 911 3145 προφητῶν
932 3075 1273 3149 πολυσήμους
1305 3078 1503 3149 φωνάς’
1525 3073 1586 3134 οὗ
1616 3081 1798 3136 ἕνεκεν
1817 3084 1906 3138 οὐ-

332 3163 449 3215 δενὶ
476 3163 749 3219 διδάσκειν
781 3167 1182 3238 ἐπιτρέπουσιν,
1214 3168 1308 3225 ἐὰν
1345 3171 1418 3243 μὴ
1445 3172 1704 3246 πρότερον
1727 3174 1902 3246 μάθῃ*

334 3254 459 3317 τειῖις
490 3255 571 3308 δεῖ
584 3259 705 3319 ταῖς
752 3258 991 3329 Γραφαῑς
1035 3260 1288 3331 χρῆσθαιο
1336 3262 1424 3315 διὰ
1458 3262 1614 3317 τοῦτο
1645 3267 1775 3336 παρ’
1806 3266 1905 3319 αὖ·

333 3349 451 3409 τοῖς
480 3343 560 3411 εἷς
591 3348 745 3411 Θεὸς,
778 3345 858 3413 εἷς
889 3351 1072 3421 νόμος,
1109 3353 1205 3423 μία
1238 3353 1408 3417 ἐλπίς.

405 3533 474 3586 II.
513 3532 631 3585 Ἵνα
664 3531 836 3601 γοῦν⁸
877 3533 939 3586 τὺ
984 3534 1166 3605 ὅμοιον
1212 3535 1302 3588 καὶ
1343 3538 1471 3606 παρ’
1504 3537 1633 3607 ἡμῖν
1692 3537 1903 3609 γένηται

334 3624 447 3687 τοῖς
486 3620 905 3695 Ἐϐδομήκοντα,
941 3625 1097 3695 ὴμῶν
1126 3626 1373 3694 ἀδελφοῖς
1406 3625 1508 3690 τὰς
1546 3626 1758 3697 βίϐλους
1801 3645 1903 3700 μου

333 3714 443 3766 τῶν
478 3715 848 3786 κηρυγμάτων
881 3716 970 3780 δὸς
1013 3716 1149 3788 μετὰ
1191 3716 1284 3771 τοῦ
1317 3718 1500 3790 ὁμοίου
1538 3719 1638 3789 τῆς
1683 3718 1904 3788 ἀγωγῆς

1940 1317 1989 1366 Α

2192 1304 2524 1362 EPISTOLA
2561 1305 2763 1363 PETRI
2800 1309 2891 1362 AD
2913 1308 3225 1366 JACOBUM
3260 1312 3394 1385 (21).

2083 1417 2356 1474 PETRUS
2398 1417 2652 1474 JACOBO
2676 1461 2690 1484 ,
2731 1421 2953 1476 domino
2988 1432 3042 1477 et
3084 1434 3284 1480 sanctae
3314 1425 3571 1483 Ecclesia:

2012 1511 2287 1581 episcopo,
2311 1512 2379 1566 ab
2400 1514 2641 1567 omnium
2674 1529 2854 1589 rerum
2883 1514 3061 1583 Patre,
3083 1531 3179 1585 per
3206 1516 3389 1573 .Iesum
3412 1517 3572 1575 Chri-

2014 1611 2180 1665 stum,
2213 1618 2317 1671 pax
2343 1601 2413 1657 sit
2443 1615 2725 1671 perpetuo.
2780 1592 2783 1595 ’

2080 1690 2121 1744 l.
2154 1692 2291 1745 Cum
2323 1693 2489 1748 sciam
2522 1702 2592 1759 te,
2626 1693 2792 1750 frater
2814 1696 2913 1759 mi,
2957 1696 3023 1750 ad
3056 1696 3109 1750 id
3141 1697 3284 1767 quod
3319 1714 3569 1754 commu-

2014 1784 2153 1839 niter
2175 1785 2429 1841 omnibus
2468 1786 2627 1841 nobis
2662 1788 2952 1856 conducit,
2985 1790 3240 1845 alacriter
3281 1790 3568 1858 festinare,

2014 1890 2147 1946 rogo
2166 1887 2441 1947 etprecor,
2467 1888 2525 1933 ut
2543 1896 2785 1935 mearum
2807 1881 3250 1949 praedicationum
3272 1898 3410 1952 quos
3433 1883 3497 1937 ad
3521 1892 3573 1937 te

2013 1968 2135 2023 misi
2167 1969 2333 2025 libros
2362 1971 2496 2025 nulli
2528 1987 2592 2026 ex
2618 1973 2908 2042 gentilibus
2939 1974 3141 2040 tradas,
3178 1990 3357 2044 neque
3406 1976 3569 2030 etiam

2013 2063 2220 2129 tribuli,
2248 2073 2373 2119 ante
2391 2065 2819 2134 experimentum
2842 2082 2854 2118 :
2884 2068 2978 2122 sed
3016 2068 3060 2121 si
3086 2068 3210 2137 quis
3231 2069 3492 2138 probatus
3519 2076 3573 2122 et

2011 2155 2208 2225 dignus
2238 2164 2487 2225 repertus
2509 2154 2696 2223 fuerit,
2728 2165 2858 2212 tunc
2882 2158 2983 2227 ipsi
3013 2158 3233 2226 tradas;
3269 2160 3569 2213 secundum

2010 2262 2133 2301 eum
2160 2246 2400 2311 modum,
2432 2247 2589 2316 juxta
2612 2264 2773 2318 quem
2814 2250 3023 2320 Moyses
3066 2248 3416 2325 Septuaginta
3440 2251 3573 2306 viris

2010 2337 2281 2393 cathedra:
2313 2353 2426 2394 sua:
2460 2340 2871 2395 successoribus
2912 2342 3149 2397 tradidit.
3178 2340 3386 2397 Idcirco
3427 2342 3569 2396 enim

2010 2430 2279 2485 cautionis
2328 2429 2537 2486 fructus
2593 2432 2648 2485 in
2697 2433 2844 2488 hunc
2889 2450 3063 2505 usque
3118 2435 3259 2489 diem
3325 2444 3568 2504 apparet.

2009 2522 2264 2577 Eamdem
2295 2523 2494 2592 quippe
2532 2522 2600 2577 de
2637 2524 2845 2578 unitate
2882 2522 2971 2578 Dei
3005 2534 3056 2578 ct
3085 2525 3151 2578 de
3198 2525 3321 2579 vitae
3351 2524 3571 2580 instituo

2009 2613 2157 2668 tione
2178 2627 2423 2667 normam
2452 2613 2744 2668 observant
2772 2625 2961 2671 armies
2982 2615 3292 2685 ubicunque
3321 2616 3430 2670 sint
3454 2616 3573 2684 ejus

2011 2704 2247 2761 nationis
2294 2704 2574 2770 homines;
2622 2720 2721 2760 nec
2770 2706 2881 2761 ullo
2927 2704 3091 2759 modo
3136 2716 3369 2775 possunt
3416 2707 3574 2761 aliter

2010 2795 2235 2860 sentire,
2263 2802 2358 2848 aut
2388 2795 2565 2864 abripi
2602 2804 2757 2849 extra
2785 2796 2928 2850 viam
2974 2795 3406 2864 Scripturarum,
3445 2812 3568 2866 qua:

2008 2886 2179 2941 multa
2209 2886 2466 2941 innuunt.
2492 2884 2626 2941 Nam
2652 2889 2949 2943 secundum
2980 2889 3230 2943 traditam
3256 2889 3388 2958 ipsis
3414 2905 3573 2959 regu-

2008 2978 2115 3032 lam
2162 2977 2569 3048 Scripturarum
2601 2978 2825 3033 dissona
2865 2980 3115 3035 nituntur
3154 2979 3475 3046 reformare,
3524 2981 3572 3035 si

2009 3069 2133 3139 quis
2155 3069 2291 3125 forte
2317 3072 2541 3140 ignarus
2571 3071 2926 3126 traditionum
2953 3073 3021 3127 ad
3061 3073 3445 3142 prophetarum
3475 3088 3572 3126 va-

2009 3162 2089 3215 ria
2111 3161 2479 3231 signiﬁcantes
2504 3177 2665 3218 voces
2687 3162 3036 3232 obtorpescit.
3058 3162 3285 3233 Propter
3311 3163 3457 3232 quod
3477 3181 3574 3219 ne-

2008 3251 2142 3307 mini
2173 3253 2368 3309 docere
2399 3254 2743 3323 permittunt,
2785 3255 2889 3310 nisi
2921 3255 3074 3325 prius
3102 3271 3211 3325 quo
3240 3264 3399 3324 pacto
3423 3254 3572 3310 Seri-

2006 3345 2179 3414 pturis
2205 3347 2275 3401 sit
2294 3346 2554 3401 utendum
2575 3346 2845 3403 didicerit.
2868 3345 2995 3403 Ideo
3015 3346 3155 3418 apud
3178 3346 3301 3401 illos
3325 3354 3408 3403 est
3428 3363 3572 3403 unus

2007 3439 2171 3505 Deus.
2196 3457 2303 3497 una
2328 3442 2436 3509 lex,
2470 3458 2595 3515 spes
2622 3460 2752 3498 una.

2079 3532 2143 3588 ll.
2177 3531 2298 3599 Quo
2335 3533 2501 3602 igitur
2530 3533 2695 3588 simili
2736 3532 2901 3587 modo
2930 3532 3074 3602 apud
3120 3548 3222 3589 nos
3250 3533 3343 3588 ﬁat
3371 3549 3435 3588 ac
3464 3534 3572 3589 illis

2010 3621 2384 3693 Septuaginta,
2416 3623 2619 3679 nostris
2642 3622 2901 3678 fratribus
2926 3623 3095 3679 libros
3124 3624 3568 3692 praedicationum

2008 3730 2251 3770 mearum
2293 3716 2408 3785 pari
2449 3730 2575 3771 cum
2619 3716 2831 3771 ratione
2871 3715 3114 3785 mysterii
3160 3718 3349 3782 trade,
3387 3726 3447 3769 ut
3488 3717 3572 3770 in-

339 3808 664 3878 μυστηρίου,
699 3808 819 3861 ἴνα⁹
865 3809 958 3862 καὶ
995 3810 1122 3873 τοὺς
1168 3809 1519 3881 βουλομένους
1546 3810 1609 3864 τὸ
1638 3810 1740 3881 τῆς
1769 3810 1907 3864 διδα⁹

2010 3816 2222 3861 struant
2259 3822 2355 3862 eos
2394 3808 2487 3876 qui
2526 3808 2802 3872 suscipere
2832 3822 3032 3862 munus
3060 3807 3320 3863 doctrinae
3358 3809 3569 3862 volunt.

338 3900 567 3964 σκαλίας
610 3900 959 3969 ἀναδέξασθαι
994 3902 1158 3973 μέρος
1183 3903 1532 3973 ἐφοδιάζωσιν
1553 3903 1624 3937 ¹⁶ο
1659 3902 1779 3958 ἐπεὶ
1808 3902 1902 3958 ἐὰν

2010 3898 2459 3969 Quandoquidem
2492 3899 2539 3953 si
2567 3898 2640 3951 ita
2669 3913 2775 3953 non
2800 3899 2879 3965 tit,
2910 3901 3155 3955 veritatis
3178 3916 3359 3955 sermo
3384 3908 3571 3965 noster

1628 4033 1864 4090 VARIE
1904 4033 2300 4093 LECTIONES.

408 4153 427 4181 ¹
458 4150 516 4204 In
530 4148 890 4220 Homiliarum
907 4151 1093 4208 codice
1108 4150 2012 4218 BiblimheczeOttobonianmzeque
2042 4158 2205 4219 atque
2236 4149 2289 4203 in
2307 4150 2428 4205 cod.
2448 4148 2702 4205 Cotelerii
2734 4152 2879 4219 prior
2895 4151 3141 4220 prooemii
3158 4165 3284 4220 pars
3311 4150 3565 4205 inscribi-

335 4219 712 4292 tur:IIep}¢o~3
730 4222 802 4291 μὴ
816 4220 1154 4292 ἐκδιδόναιτὰ
1182 4223 1530 4292 συντάγματα
1562 4221 1725 4276 αὐτοῦ
1758 4239 1864 4275 τινι
1886 4220 1992 4292 τῶν
2006 4220 2113 4273 ἀπὸ
2128 4221 2233 4275 τῶν
2261 4220 2485 4292 ἐθνικῷν
2517 4221 2603 4274 διὰ
2632 4222 2758 4284 τοὺς
2792 4219 3392 4292 παρατηροῦνταςηιιίεἰ
3407 4224 3566 4292 quod

334 4294 391 4364 in
427 4289 612 4364 φὼς]
633 4289 1088 4364 παραάτοιοῦντας.
1164 4294 1183 4323 ⁹
1216 4289 1403 4364 εἰρήνη
1439 4292 1523 4364 εἴη
1553 4292 1674 4364 dedi
1704 4290 2572 4364 ειτοηῇοιυτῳένείρήνῃρ,ἐν
2595 4289 3104 4364 είρήνη(δίὸ)είη’0.
3129 4289 3563 4364 (Σῖτε--Εβηῦίοιη,

336 4362 409 4417 ab
442 4359 899 4415 Iacobum‘salut.
974 4361 994 4393 ³
1022 4359 1334 4417 Lectionem
1368 4359 1644 4429 ὁμοεθνεῖς
1675 4363 1789 4416 erui
1817 4369 2042 4415 accentu
2077 4362 2215 4417 duce
2240 4359 2305 4416 ei
2338 4359 2623 4415 OI'Exstat
2649 4359 2713 4415 'et
2745 4359 2796 4413 in
2830 4376 2948 4417 var.
2974 4359 3097 4415 lect.
3130 4360 3564 4429 ap.’l‘urrianum

340 4432 453 4486 Pro
477 4428 728 4499 Epistolis
758 4429 1071 4500 pontiﬁcum,
1093 4446 1169 4494 IV,
1199 4429 1319 4497 l,v,
1350 4428 1440 4485 2'5.
1472 4429 1545 4483 De
1570 4429 1825 4485 Turriani
1858 4431 2045 4485 codice
2081 4432 2203 4485 vide
2225 4474 2240 4497 ,
2282 4447 2403 4497 quae
2437 4431 2743 4500 Cotelerius
2786 4432 2997 4485 notavit
3030 4432 3085 4483 in
3113 4428 3322 4499 judicio
3350 4431 3418 4484 de
3447 4431 3568 4485 Cle-

337 4498 695 4581 mentiriorum
720 4498 1166 4581 ορετεέὸμόεθνοι
1194 4502 1356 4581 idem.
1432 4500 1454 4532 ⁵
1479 4500 1518 4581 ἦ
1539 4500 1647 4581 τῶν
1667 4502 1745 4565 είς
1771 4501 2085 4581 conjectura
2122 4501 2410 4581 librariinin‘
2430 4517 2602 4581 ma_rg.
2622 4499 2693 4581 ρ,
2724 4500 2830 4581 ὑφτὸ
2851 4500 2958 4581 τῷν
2988 4501 3060 4554 id.
3090 4502 3143 4554 in
3178 4510 3323 4581 textu
3341 4517 3472 4581 .Clllll

336 4570 360 4602 '
401 4569 817 4642 Ἀσύμφῳναϐ,
849 4586 911 4642 ex
929 4569 1185 4638 conject.,
1216 4570 1478 4642 σύμφωνα
1505 4569 1580 4623 id.
1615 4571 1666 4624 in
1697 4580 1868 4636 textu,
1896 4580 1955 4625 ut
1984 4569 2048 4625 Ο.

2194 4572 2214 4602 ⁸
2244 4571 2348 4642 πρό
2372 4570 2434 4643 Ο.
2511 4572 2529 4602 ⁷
2560 4570 2723 4643 μάθοι
2751 4571 2814 4643 tl,
2846 4571 3026 4643 minus
3062 4581 3224 4626 recte.
3254 4570 3354 4643 Qui
3386 4571 3568 4643 medio

337 4657 455 4694 aevo
508 4640 668 4711 codd.
709 4640 1133 4711 descripserunt,
1167 4641 1234 4696 ad
1269 4640 1432 4696 unum
1469 4656 1659 4695 omnes
1695 4642 2040 4695 iotacismum
2079 4640 2371 4711 sequentes
2410 4640 2639 4711 ideoque
2662 4659 2711 4694 οι
2734 4641 3129 4711 diphthongum
3173 4642 3363 4695 eodem
3404 4642 3567 4694 modo

337 4710 763 4779 pronuntiantes
793 4724 858 4783 ac
889 4709 1130 4783 vocalem
1155 4730 1210 4783 η,
1231 4711 1580 4783 οοηῇρηοῑίεο
1603 4725 1735 4783 curn
1749 4711 1992 4783 optativo
2031 4709 2314 4783 perperam
2340 4713 2503 4783 misto
2537 4709 2686 4766 locos
2726 4709 2953 4765 numero
2986 4709 3097 4765 I'ere
3138 4711 3565 4783 innumerabiles

340 4777 725 4853 corruperunt.
799 4780 822 4810 ⁸
840 4777 978 4853 ,γοῦν
1008 4777 1238 4853 accessit
1260 4777 1399 4853 e30
1430 4790 1486 4835 et
1507 4778 1669 4853 Turr.
1696 4777 1910 4853 Deinde
1935 4780 1975 4853 (ξ
2005 4777 2307 4853 posta};th
2332 4782 2579 4853 ἀδελφοῖς
2600 4798 2820 4853 comma
2853 4782 3032 4853 ponit,
3057 4790 3342 4853 totumque
3386 4782 3563 4835 locum

338 4848 416 4902 ita
443 4849 599 4903 vertit
635 4866 647 4901 :
690 4849 805 4915 Quo
834 4851 997 4920 igitur
1020 4850 1182 4920 simili
1204 4850 1355 4905 modo
1388 4850 1528 4919 apud
1550 4867 1641 4905 nos

1674 4851 1771 4919 ﬁat
1806 4851 1998 4903 nostris
2028 4850 2288 4919 fratribus
2310 4894 2323 4916 ,
2354 4869 2417 4905 ac
2448 4852 2556 4905 illis
2586 4850 2969 4922 Septuaginta._
3000 4850 3039 4905 S
3070 4853 3231 4922 verba
3256 4850 3363 4922 illa
3400 4854 3566 4922 traxit

340 4921 407 4972 ad
437 4921 747 4993 membrum
777 4918 1031 4993 sequens.
1060 4918 1117 4993 In
1144 4918 1188 4976 Ο
1220 4918 1616 4993 ροεῑᾲάδελφοζξ
1645 4918 1916 4993 commate
1944 4936 2051 4993 non
2088 4923 2475 4993 distinguitur,
2498 4918 2672 4993 neque
2701 4918 2825 4975 ante
2858 4920 3033 4993 ἡμῶν.
3078 4992 3086 4993 7
3111 4921 3132 4952 ’
3158 4922 3245 4993 ἵνα
3265 4920 3309 4993 Ο
3327 4937 3377 4993 c.
3398 4920 3560 4993 Turr.

337 5000 393 5042 et
424 5006 536 5044 var.
574 4991 696 5043 lect.
725 5005 813 5059 ap.

895 5033 909 5053 ,
941 4990 1125 5062 ingcuj.
1159 4988 1307 5046 teitu
1327 4991 1521 5062 deest._
1551 4988 1620 5062 _‘°
1654 4990 1975 5062 ἐφοδιάζειν,
2013 4988 2337 5062 ἐφοδιὰζώσι
2368 4992 2408 5046 C
2445 4991 2509 5047 Ο.
2545 4988 2916 5060 Importunum
2959 4992 3092 5045 illud
3132 4991 3438 5061 ἐφοδιάζειν
3483 4992 3563 5044 vi-

340 5059 564 5132 deturin
586 5069 794 5132 textum
810 5060 1098 5132 irrepsisse
1126 5076 1156 5117 e
1181 5062 1443 5130 margine.
1472 5060 1562 5115 ubi
1588 5070 1832 5116 notatum
1866 5059 2089 5116 lucrata
2115 5078 2221 5117 non
2252 5062 2529 5117 incurioso
2552 5059 2774 5127 lectore,
2797 5072 3057 5132 tanquam
3080 5059 3291 5132 insigne
3316 5062 3559 5116 verbum.

342 5128 450 5184 Cir.
480 5131 629 5185 hom.
665 5130 729 5195 ll,
763 5130 830 5184 38
852 5130 915 5184 C.

1633 5240 1996 5301 VARIORUM
2038 5241 2264 5297 ΝΟΤΕ.

416 5356 525 5425 (ill
542 5355 716 5425 Epist.
740 5355 887 5410 Petri
910 5356 979 5409 ad
995 5355 1269 5410 Iacobum.
1296 5353 1461 5409 Recte
1479 5355 1732 5411 observat
1757 5353 1901 5410 Pho-

342 5426 453 5496 tius
477 5424 771 5494 Epistolam
788 5426 929 5480 Petri
948 5427 1013 5479 ad
1029 5424 1289 5496 Iacobum
1314 5426 1587 5495 pertinere
1612 5443 1717 5479 non
1742 5441 1901 5496 posse

343 5495 411 5549 ad
447 5493 591 5564 Opus
616 5498 778 5565 cujus
806 5496 1021 5566 initium
1057 5497 1148 5561 sit,
1166 5493 1298 5563 Ἐγὼ
1317 5493 1576 5566 Κλήμης,
1610 5497 1724 5551 sive
1745 5493 1897 5565 quod

344 5566 630 5620 Clementis
647 5581 849 5619 nomen
877 5565 1148 5636 praeferat.
1172 5568 1284 5634 Ego
1311 5565 1440 5620 vero
1470 5565 1728 5636 existimo
1761 5583 1899 5625 mw-

348 5645 549 5689 te'ttem
578 5635 890 5705 epistolam
916 5636 1077 5689 aliam
1105 5652 1228 5691 esse
1253 5636 1320 5689 ab
1350 5636 1437 5705 illa
1466 5635 1664 5705 Photio
1690 5651 1895 5689 memo-

2006 5352 2246 5421 scriptis,
2278 5361 2332 5406 ct
2345 5353 2410 5406 ad
2428 5350 2689 5407 Jacobum
2706 5352 3064 5423 postulantem
3080 5353 3281 5408 missis:
3298 5353 3411 5409 hac
3433 5370 3561 5413 vero

2005 5424 2285 5491 superiore
2329 5424 2596 5491 posterior
2625 5434 2727 5487 est,
2760 5438 2861 5477 nec
2895 5422 2962 5476 de
3000 5423 3559 5492 postulationeJacobi

2005 5494 2335 5547 mentionem
2364 5492 2511 5557 facit,
2538 5493 2630 5546 sed
2660 5509 2753 5562 per
2785 5509 2903 5547 eam
2930 5492 3164 5548 Jacobus
3194 5504 3466 5561 monetur,
3499 5508 3562 5551 ut

2005 5561 2414 5627 praedicationes
2463 5562 2607 5616 Petri
2638 5579 2667 5616 a
2717 5563 2876 5617 Petro
2909 5564 3134 5627 missas,
3169 5573 3327 5619 caute
3358 5569 3555 5622 tradat.

2013 5630 2475 5704 Variaslectiones
2519 5633 2746 5702 apposui
2775 5650 2841 5687 ex
2868 5632 3135 5687 Turriano
3170 5632 3274 5687 Pro
3302 5634 3557 5704 Epistolis

345 5703 750 5775 rata,quoniam
779 5706 867 5760 illa
885 5713 1001 5760 erat
1024 5706 1089 5761 de
1118 5706 1327 5761 actibus
1353 5704 1516 5771 Petri,
1540 5721 1565 5760 a
1593 5704 1752 5761 Petro
1784 5707 1901 5775 ipso
2002 5704 2308 5773 pontificum
2341 5703 2449 5758 Ιώ(
2468 5720 2540 5767 ιν,
2573 5705 2714 5767 init.,
2745 5713 2795 5758 et
2823 5704 2915 5757 lib.
2936 5718 2984 5767 ν,
3014 5720 3132 5775 cap.
3160 5706 3247 5761 25.
3274 5703 3409 5762 Cor.
