4068 6338
501 395 569 448 2'!
1394 391 1451 446 S.
1493 391 1932 448 CLEMENTISI
1969 391 2371 448 ROM.-PONT.
2413 391 2636 448 OPERA
2675 388 2902 447 DUBIA.
3645 380 3718 440 23

499 511 699 565 multas
719 509 772 562 in
796 507 1081 578 opiniones
1100 503 1389 561 dividetur.
1421 505 1593 561 Porro
1622 508 1753 562 illud
1773 523 1880 562 non
1897 509 2054 578 quasi

2169 511 2234 581 μὴ
2280 507 2452 572 οὕτως
2482 509 2726 580 γένηται,
2762 508 2843 570 εἰς
2889 502 3087 567 πολλὰς
3125 499 3347 573 γνώμας
3386 499 3415 553 ό
3452 498 3552 569 τῆς
3581 498 3717 571 ἀλη-

498 602 600 656 sim
635 601 894 671 propheta
921 598 1058 664 scio,
1077 599 1170 653 sed
1195 599 1338 668 quod
1363 597 1475 667 jam
1504 598 1714 652 initium
1741 599 1868 652 mali
1892 599 2061 668 ipsius

497 692 752 747 viderim.
806 689 1086 761 Siquidem
1137 690 1382 743 nonnulli
1418 704 1491 742 ex
1543 689 1792 758 gentibus
1838 689 2060 759 legalem

2159 601 2304 665 Θείας
2321 601 2477 672 ἡμῶν
2491 599 2888 671 διαιρεθήσεται
2907 596 3079 666 λόγος.
3101 593 3269 648 Τοῦτο
3284 592 3341 646 δέ
3368 592 3463 662 οὐχ
3485 591 3560 654 ὡς
3580 607 3715 666 προσ

2159 694 2332 763 φήτης
2356 692 2396 723 ⁸⁸
2431 691 2506 746 ὢν
2557 692 2873 762 ἐπίσταμαι·
2927 689 3039 742 ἀλλ’
3081 687 3180 760 ήδη
3227 683 3390 739 αὐτοῦ
3421 682 3515 736 τοῦ
3547 683 3719 738 κακοῦ

497 799 673 839 meam
720 782 1025 853 rejecerunt
1069 781 1529 851 medicationem,
1579 780 1784 834 inimici
1825 780 2063 834 hominis

2169 785 2254 854 τὴν
2287 784 2458 855 ἀρχὴν
2495 782 2656 855 ὁρῶν.
2685 782 2840 845 Τινὲς
2872 781 2980 853 γὰρ
2998 779 3103 832 τῶν
3136 778 3242 832 ἀπὸ
3283 775 3455 830 ἐθνῶν
3491 776 3551 828 τὸ
3583 775 3718 830 δι’ἐ-

498 876 601 946 legi
645 875 978 930 contrariam
1021 875 1310 943 quamdam
1350 883 1404 926 et
1451 886 1712 943 nugacem
1763 872 2060 926 doctrinam

498 967 757 1036 amplexi.
791 967 968 1035 Atque
995 966 1109 1020 haec
1142 965 1436 1035 superstite
1475 977 1562 1018 me
1592 972 1928 1018 tentaverunt
1965 963 2064 1016 ali-

499 1059 617 1128 qui,
652 1059 820 1112 variis
858 1056 1394 1126 interpretationibus
1423 1056 1585 1110 verba
1631 1070 1752 1110 mea
1797 1052 2064 1110 transfor—

498 1167 670 1216 mare,
715 1150 782 1203 ad
823 1150 1161 1204 eversionem
1217 1147 1386 1217 legis;
1441 1148 1598 1216 quasi
1640 1162 1740 1218 ego
1785 1147 1946 1201 etiam
1991 1147 2064 1201 ita

502 1243 760 1305 sentiam,
793 1257 900 1294 non
932 1241 1159 1294 audeam
1191 1249 1370 1293 tamen
1406 1238 1574 1292 libere
1598 1237 1834 1306 proﬁteri
1869 1255 1883 1292 :
1919 1237 2062 1308 quod

500 1334 675 1388 absit!
704 1333 755 1386 Id
784 1332 927 1385 enim
953 1344 1255 1399 repugnare
1280 1337 1363 1383 est
1397 1328 1484 1382 Dei
1515 1327 1641 1397 legi,
1673 1343 1703 1380 a
1733 1325 1916 1397 Moyse
1939 1343 2067 1397 pro-

498 1422 642 1486 latae,
669 1429 723 1474 et
763 1436 792 1474 a
823 1418 1057 1473 Domino
1105 1426 1293 1470 nostro
1335 1414 1706 1470 testimonium
1741 1413 1957 1466 habenti
1999 1412 2066 1467 de

499 1520 756 1581 perpetua
786 1526 883 1564 sua
911 1507 1198 1562 duratione
1223 1521 1237 1558 :
1267 1505 1527 1574 quoniam
1553 1505 1632 1558 sic
1653 1503 1792 1556 dixit
1820 1521 1834 1557 :
1866 1501 2064 1556 Caelum

497 1611 547 1655 et
575 1586 716 1655 terra
753 1600 1051 1652 transibunt
1089 1612 1106 1649 :
1139 1596 1248 1648 iota
1276 1610 1439 1648 unum
1485 1603 1578 1647 aut
1616 1610 1752 1647 unus
1792 1609 1924 1662 apex
1965 1607 2065 1644 non

497 1691 789 1760 prwteribit
814 1707 847 1742 a
882 1690 989 1758 lege
1014 1701 1060 1742 ε.
1098 1687 1231 1741 illud
1257 1697 1436 1740 autem
1465 1684 1620 1750 dixit,
1651 1693 1708 1738 ut
1730 1683 1911 1737 omnia
1941 1696 2066 1736 eve-

497 1782 698 1836 nirent.
735 1780 802 1833 At
827 1780 900 1834 illi
926 1779 1109 1834 nescio
1135 1794 1244 1848 quo
1274 1777 1433 1831 modo
1464 1790 1685 1829 sensum
1718 1789 1894 1827 meum
1919 1787 2068 1825 com-

2164 877 2263 949 μοῦ
2284 877 2508 947 νόμιμον
2546 875 2948 946 ἀπεδοκίμασαν
2979 873 3234 944 κήρυγμα
3258 869 3393 942 (22),
3411 866 3504 922 τοῦ
3523 865 3714 940 ἐχθροῦ

2161 968 2444 1042 ἀνθρώπου
2490 967 2686 1039 ἄνομόν
2712 984 2829 1020 τινα
2868 965 2959 1019 καὶ
2996 961 3280 1034 φλυαρώδη
3314 959 3716 1034 προσηκάμενοι

2160 1059 2519 1115 διδασκαλίαν.
2557 1059 2666 1113 Καὶ
2685 1057 2857 1114 ταῦτα
2884 1057 2962 1110 ἔτι
2991 1073 3090 1127 μου
3122 1053 3397 1126 περιόντος
3429 1051 3716 1122 ἐπεχείρηη

2164 1153 2261 1206 σάν
2296 1169 2458 1216 τινες,
2487 1151 2757 1214 ποικίλαις
2782 1150 2922 1203 τισὶν
2945 1146 3255 1220 ἑρμηνείαις
3284 1145 3409 1209 τοὺς
3440 1145 3605 1216 ἐμοὺς
3634 1143 3722 1198 λό-

2161 1261 2291 1313 γους
2323 1243 2830 1314 μετασχηματίζειν,
2868 1243 2946 1304 εἰς
2979 1241 3076 1312 τὴν
3100 1239 3194 1292 τοῦ
3222 1240 3386 1310 νόμου
3409 1238 3720 1292 κατάλυσιν

2162 1335 2236 1400 ὡς
2249 1337 2342 1389 καὶ
2359 1335 2491 1408 ἐμοῦ
2515 1335 2564 1406 5
2592 1334 2753 1388 αὑτοῦ
2775 1332 2914 1387 οὕτω
2936 1333 3032 1404 μὲν
3058 1331 3396 1404 φρονοῦντος,
3417 1331 3488 1402 μὴ
3511 1331 3574 1384 ἐκ
3595 1333 3726 1403 παῤ-

2168 1427 2358 1498 ρησίας
2390 1427 2447 1479 δὲ
2473 1427 2853 1498 κηρύσσοντος·
2885 1426 3022 1496 ὅπερ
3053 1425 3241 1495 ἀπείη.
3275 1425 3347 1477 Τὸ
3376 1424 3484 1495 γὰρ
3513 1423 3726 1478 τοιοῦτο

2163 1520 2543 1592 ἀντιπράσσειν
2570 1519 2686 1572 ἐστὶ
2728 1517 2805 1589 τῷ
2835 1516 2927 1570 τοῦ
2963 1516 3095 1570 Θεοῦ
3135 1517 3284 1587 νόμῳ
3324 1516 3401 1587 τῷ
3444 1515 3530 1569 διὰ
3560 1517 3725 1570 Μωῡ-

2167 1611 2362 1673 σέως¹³
2397 1610 2610 1682 ῥηθέντι
2642 1610 2736 1662 καὶ
2765 1609 2867 1662 ὑπὸ
2895 1607 2987 1662 τοῦ
3024 1607 3227 1681 Κυρίου
3259 1608 3414 1679 ἡμῶν
3449 1624 3727 1680 μαρτυρη-

2166 1701 2310 1754 θέντι
2342 1702 2573 1773 περὶτῆς
2613 1701 2785 1754 ἀϊδίου
2819 1698 2980 1754 αὐτοῦ
3009 1700 3286 1770 διαμονῆς,
3315 1698 3434 1752 ἐπεὶ
3462 1698 3631 1763 οὕτως
3649 1693 3729 1752 εἷ-

2167 1810 2286 1847 πενο
2334 1795 2396 1847 '0
2424 1793 2676 1862 οὐρανὸς
2693 1792 2790 1846 καὶ
2820 1795 2858 1861 ἡ
2887 1792 2962 1863 γῆ
2986 1793 3476 1861 παρελεύσονταν
3504 1790 3640 1844 ιῶτα
3659 1789 3730 1843 ἐν

498 1880 712 1940 pertum
748 1870 1032 1934 habentes,
1057 1883 1177 1937 quae
1205 1883 1268 1921 ex
1306 1883 1390 1922 me
1421 1865 1708 1920 audierunt
1733 1863 1917 1920 verba.
1955 1877 2069 1914 me-

2169 1885 2206 1954 ἣ
2235 1886 2343 1956 μία
2371 1861 2574 1954 vespam
2592 1887 2662 1940 οὺ
2688 1885 2774 1955 μὴ
2796 1861 3059 1954 παρέλθῃ
3083 1885 3197 1938 ἀπὸ
3217 1883 3321 1937 τοῦ
3335 1883 3542 1952 νόμου.
3559 1880 3730 1934 Τοῦτο

500 1963 610 2017 lius
641 1976 725 2014 me
763 1960 855 2030 qui
880 1975 943 2015 ea
973 1960 1188 2014 locutus
1218 1973 1361 2023 sum,
1387 1956 1774 2028 aggrediuntur
1807 1955 2068 2023 interpre-

499 2054 649 2119 tari;
681 2053 927 2108 dicentes
952 2051 1021 2106 iis
1051 2066 1191 2120 quos
1231 2051 1547 2114 instituunt,
1587 2049 1638 2102 id
1684 2063 1804 2103 esse
1845 2055 2066 2101 senten-

505 2144 636 2198 tiam
670 2159 869 2208 meam,
900 2143 1046 2214 quod
1087 2158 1187 2214 ego
1217 2158 1285 2196 ne
1314 2141 1531 2212 quidem
1572 2139 1827 2209 cogitavi.
1863 2138 1917 2192 Si
1964 2154 2066 2192 au-

499 2241 609 2289 tem
658 2249 742 2288 me
777 2234 958 2287 adhuc
993 2233 1116 2287 vivo
1159 2232 1286 2286 talia
1329 2229 1579 2284 ementiri
1607 2229 1826 2294 audent,
1864 2236 2068 2296 quanto

500 2325 675 2396 magis
705 2333 827 2394 post
856 2341 944 2379 me
974 2324 1114 2379 idem
1157 2323 1432 2379 audebunt
1463 2319 1672 2386 facere,
1703 2319 1796 2389 qui
1822 2328 1944 2388 post
1981 2333 2068 2374 me

501 2417 704 2471 erunt?

2167 1977 2222 2032 δὲ
2257 1978 2495 2050 είρηκεν,
2522 1979 2607 2032 ἵνα
2625 1977 2694 2032 τὰ
2710 1977 3148 2049 πάνταγίνηται.
3181 1977 3243 2030 Οἱ
3271 1975 3327 2028 δέ
3354 1976 3452 2028 ούκ
3479 1970 3594 2028 οἶδα
3613 1973 3731 2038 πῶς

2166 2070 2257 2122 τὸν
2281 2069 2410 2140 ἐμὸν
2440 2069 2564 2122 νοῦν
2601 2067 3069 2139 ἐπαγγελλόμενοι,
3115 2067 3206 2130 οὓς
3243 2067 3478 2137 ἤκουσαν
3509 2064 3566 2132 ἐξ
3594 2063 3727 2132 ἐμοῦ

2167 2159 2373 2230 λόγους,
2395 2159 2528 2232 ἐμοῦ
2551 2159 2643 2214 τοῦ
2673 2161 2916 2223 εἰπόντος
2939 2160 3134 2222 αὐτοὺς
3159 2156 3578 2230 φρονιμώτερον,
3609 2156 3728 2208 ἐπι-

2172 2252 2442 2325 χειροῦσιν
2471 2251 3124 2324 ἐρμηνεύειν¹³,λέγοντες
3153 2253 3263 2313 τοῖς
3287 2248 3568 2304 ὑπἀύτῶν
3601 2264 3730 2300 κατ-

2169 2346 2508 2417 ηχουμένοις,
2554 2345 2710 2400 τοῦτο
2751 2341 2887 2399 εἶναι
2936 2343 2996 2397 τὸ
3053 2343 3181 2414 ἐμὸν
3224 2342 3506 2414 φρόνημα,
3552 2340 3581 2392 ὃ
3622 2337 3733 2407 ἐγὼ

2171 2437 2349 2492 ούδέ¹⁸
2381 2437 2734 2510 ἐνεθυμήθην.
2770 2438 2832 2490 Εἰ
2865 2437 2922 2488 δέ
2949 2434 3081 2507 ἐμοῦ
3102 2435 3180 2488 ἐτι
3202 2433 3482 2507 περιόντος
3511 2430 3733 2486 τοιαῦτα

499 2531 740 2604 τολμῶσι
778 2528 1248 2600 καταψεύδεσθαι,
1299 2527 1452 2598 πόσῳ
1485 2543 1547 2596 γε
1593 2527 1789 2598 μᾶλλον
1842 2530 1956 2599 μετ’
2005 2529 2104 2600 ἐμὲ
2143 2535 2314 2586 ποιεῖν
2350 2532 2458 2584 οί¹³
2488 2533 2603 2602 μετ’
2637 2530 2736 2602 ἐμὲ
2761 2528 3146 2600 τολμήσουσιν;

573 2664 658 2720 Ill.
692 2663 771 2720 Ne
812 2665 978 2736 igitur
1018 2663 1149 2734 quid
1192 2660 1506 2732 huiusmodi
1535 2663 1850 2731 contingat,
1878 2678 2070 2732 capro-

501 2767 623 2828 pter
649 2758 800 2812 oravi
824 2767 878 2812 et
898 2758 1217 2826 deprecatus
1261 2770 1381 2810 sum
1403 2795 1419 2821 ,
1452 2769 1696 2808 mearum
1732 2753 2071 2823 praedicatio-

503 2867 637 2906 num
667 2867 788 2921 quae
815 2849 880 2904 ad
916 2856 966 2904 te
1004 2848 1128 2902 misi
1161 2847 1434 2900 volumina
1461 2846 1660 2900 nemini
1696 2853 1820 2900 ante
1858 2846 2070 2916 pericu-

503 2945 615 2998 lum
647 2941 847 2996 factum
872 2940 1072 3005 tradas,
1098 2952 1274 3007 neque
1297 2935 1504 3000 tribuli,
1530 2952 1705 3005 neque
1730 2937 2065 3004 alienigenae;

2237 2669 2328 2722 III.
2366 2669 2481 2722 Ἵνα
2512 2662 2604 2722 οὖν
2627 2667 2701 2738 μὴ
2737 2639 2974 2719 τοῶῦτόν
3005 2683 3057 2718 τι
3085 2663 3325 2734 γένηται,
3359 2660 3548 2714 τούτου
3575 2658 3736 2714 ἕνεκα

2167 2759 2371 2830 ἠξίωσα
2399 2760 2492 2814 καὶ
2511 2759 2752 2830 ἐδεήθην,
2787 2757 2894 2811 τῶν
2927 2756 3074 2828 ἐμῶν
3101 2753 3469 2827 κηρυγμάτων
3491 2752 3556 2817 ἃς
3574 2753 3736 2824 ἐπεμ-

2167 2852 2246 2922 ψά
2279 2869 2359 2906 σοι
2409 2850 2620 2922 βίϐλους
2663 2850 2848 2922 μηδενὶ
2889 2847 3238 2921 μεταδοῦναι,
3291 2847 3422 2918 μήτε
3461 2844 3734 2916 ὁμοφύλῳ,

2173 2946 2307 3016 μήτε
2335 2943 2632 3014 ἀλλοφύλῳ,
2659 2943 2762 3015 πρὸ
2790 2941 3002 3013 πείρας,
3027 2940 3138 2993 ἀλλ’
3158 2938 3251 2992 ἐάν
3281 2955 3364 3001 τις
3391 2937 3737 3008 δοκιμασθεὶς

501 3049 692 3088 verum
743 3033 789 3087 si
833 3032 955 3100 quis
993 3038 1115 3098 post
1161 3027 1531 3098 probationem
1578 3027 1773 3097 dignus
1822 3036 2065 3097 repertus

2169 3038 2314 3104 ἄξιος
2345 3036 2561 3108 εὑρεθῇ,
2593 3036 2714 3088 τότε
2746 3034 2892 3105 αύτῷ
2922 3032 3060 3086 κατὰ
3087 3031 3185 3102 τὴν
3215 3029 3489 3092 Μωῦσέως
3520 3029 3562 3060 ¹⁶
3590 3029 3735 3096 ἀγω-

505 3124 692 3190 fuerit,
742 3132 874 3178 tunc
907 3121 1008 3190 ipsi
1058 3136 1120 3174 ex
1167 3119 1508 3174 institutione
1548 3117 1749 3188 Moysis
1781 3119 2067 3184 concedas,

500 3217 658 3289 juxta
701 3229 864 3284 quam
899 3211 1251 3282 Septuaginta
1289 3212 1424 3265 viris
1447 3210 1538 3279 qui
1584 3210 1893 3264 cathedram
1923 3210 2070 3264 illius

503 3313 858 3375 exceperunt,
897 3303 1082 3357 dedit:
1126 3312 1184 3357 ut
1221 3302 1299 3356 sic
1327 3302 1486 3356 tidem
1515 3312 1732 3356 servent
1776 3311 1830 3356 et
1871 3302 2072 3371 ubique

506 3397 748 3451 veritatis
779 3410 1040 3450 cauonem
1081 3393 1329 3459 tradant,
1371 3402 1567 3448 cuncta
1615 3394 1948 3462 interpretati
2002 3393 2068 3449 ad

506 3487 851 3544 traditionem
881 3495 1146 3548 nostram,
1167 3494 1216 3538 et
1249 3499 1314 3538 ne
1342 3484 1442 3553 ipsi
1474 3484 1543 3537 ab
1568 3483 1835 3552 imperitia
1867 3493 2072 3552 pertra-

506 3578 600 3643 cti,
630 3577 698 3632 ab
727 3576 894 3632 animi
929 3575 1258 3645 conjecturis
1287 3575 1341 3628 in
1382 3589 1624 3628 errorem
1663 3573 1904 3640 inducti,
1935 3575 2072 3630 alios

506 3671 561 3725 in
589 3669 832 3724 eamdem
864 3667 1182 3737 perditionis
1204 3666 1412 3720 foveam
1434 3666 1724 3720 adducant.
1760 3665 1825 3718 Et
1853 3666 2068 3735 quidem

504 3778 626 3832 quae
650 3761 782 3814 mihi
813 3760 1153 3823 videbantur,
1181 3760 1405 3830 pulchre
1435 3758 1530 3812 tibi
1560 3757 1858 3827 significavi
1889 3756 2070 3827 :quod

504 3869 635 3908 vero
683 3852 780 3908 tibi
811 3850 1064 3922 placebit,
1098 3849 1325 3906 Domine
1353 3851 1450 3916 mi,
1475 3850 1730 3904 decenter
1754 3863 2071 3919 exsequere.

505 3943 656 4000 Vale.

1261 4065 1330 4076 ...-

504 4147 986 4206 CONTESTATIO
1002 4145 1137 4202 PRO
1155 4145 1238 4201 llS
1257 4147 1375 4214 QUI
1396 4147 1657 4202 LIBRUM
1682 4147 2068 4204 ACCIPIUNT.

577 4262 618 4318 l.
650 4262 838 4333 Itaque
867 4261 1127 4327 Jacobus,
1154 4261 1292 4315 lecta
1322 4260 1573 4330 epistola,
1596 4264 1916 4316 convocavit
1951 4279 2072 4332 pre-
2104 4271 2148 4326 ι)

506 4357 771 4427 sbyteros,
800 4372 1034 4426 cumque
1063 4355 1169 4410 illis
1213 4355 1464 4424 legisset,
1508 4356 1585 4409 ait
1621 4372 1634 4408 :
1675 4357 1988 4411 necessario
2019 4365 2072 4411 et

506 4458 868 4515 congruenter
890 4447 956 4501 de
977 4449 1206 4502 veritate
1229 4445 1554 4501 stabilienda
1585 4457 1768 4500 noster
1787 4449 2074 4503 admonuit

507 4536 725 4601 Petrus,
761 4545 822 4591 ut
844 4538 1287 4607 praedicationum
1333 4553 1555 4592 suarum
1600 4539 1757 4593 nobis
1786 4540 1985 4593 missos
2007 4539 2073 4592 li-

506 4631 633 4687 bros
671 4631 875 4686 nemini
908 4640 1109 4685 temere
1132 4631 1516 4694 concedamus,
1545 4641 1751 4685 tantum
1785 4632 1902 4685 viro
1928 4633 2071 4686 bono

577 4781 604 4809 ι
653 4767 821 4823 Marc.
874 4782 995 4833 xui,
1024 4766 1114 4833 5t;
1155 4765 1347 4822 Matth.
1391 4782 1446 4831 v,
1481 4765 1563 4823 18.

2179 3130 2278 3201 γὴν
2312 3127 2668 3201 παραδοῦναι,
2716 3126 2835 3179 καθ’
2882 3127 2947 3196 ἣν
2983 3127 3096 3186 τοῖς
3138 3121 3530 3192 Ἑϐδομήκοντα
3566 3119 3736 3192 παρέ-

2176 3222 2314 3274 δωκε
2345 3223 2455 3282 τοῖς
2483 3221 2580 3289 τὴν
2608 3218 2872 3289 καθέδραν
2901 3215 3061 3270 αὐτοῦ
3095 3212 3501 3286 παρειληφόσιν·
3535 3212 3618 3265 ἴνα
3644 3210 3736 3263 οῦ-

2175 3331 2281 3376 τως
2299 3312 2398 3375 τὰς
2416 3310 2624 3374 πίστεις
2659 3308 2931 3379 φυλάξωσι
2956 3308 3049 3360 καὶ
3081 3305 3325 3376 πανταχῆ
3359 3304 3450 3357 τὸν
3482 3304 3580 3375 τῆς
3610 3303 3739 3374 ἀλη-

2176 3405 2324 3468 θείας
2370 3403 2566 3458 κανόνα
2607 3400 2956 3473 παραδῶσιν,
3009 3397 3396 3470 ἑρμηνεύοντες
3442 3394 3512 3448 τὰ
3564 3395 3739 3448 πάντα

2176 3497 2312 3568 πρὸς
2351 3496 2450 3567 τὴν
2487 3493 2779 3565 παράδοσιν
2808 3491 2983 3563 ἡμῶν,
3013 3491 3105 3543 καὶ
3141 3490 3214 3560 μὴ
3250 3488 3402 3542 αὐτοὶ
3463 3486 3567 3540 ὑπὸ
3599 3485 3739 3555 ἀμα-

2175 3589 2322 3650 θείας
2344 3589 2383 3619 "
2413 3585 2852 3656 κατασπώμενοι,
2881 3581 2984 3636 ὑπὸ
3004 3581 3116 3634 τῶν
3145 3579 3283 3634 κατὰ
3302 3579 3400 3649 τὴν
3419 3578 3594 3650 ψυχὴν
3622 3594 3740 3629 στο-

2175 3682 2399 3756 χασμῶν
2428 3683 2508 3744 εἰς
2534 3679 2738 3750 πλάνην
2775 3676 3091 3746 ἐλκόμενοι,,
3112 3673 3300 3735 ἄλλους
3340 3673 3420 3734 είς
3444 3670 3536 3724 τὸν
3561 3671 3739 3742 ὅμοιον

2179 3777 2276 3846 τῆς
2315 3773 2583 3835 ἀπωλείας
2629 3771 2889 3838 ἐνέγκωσι
2948 3767 3184 3838 βόθυνον.
3238 3765 3348 3818 Καὶ
3405 3762 3474 3816 τὰ
3528 3762 3586 3831 6
3643 3760 3740 3831 μέν

2181 3869 2302 3940 ἐμοὶ
2333 3866 2556 3931 δόξαντα
2583 3863 2762 3925 καλῶς
2803 3859 3051 3932 ἐσήμανά
3091 3875 3192 3920 σοι,
3236 3856 3296 3908 τὸ
3327 3855 3384 3908 δέ
3419 3870 3501 3906 σοι
3527 3852 3735 3915 δοκοῦν,

2180 3961 2334 4032 κύριέ
2371 3976 2491 4031 μου,
2527 3955 2841 4029 πρεπόντως
2872 3951 3124 4006 ἐπιτέλει.
3161 3950 3432 4020 Ἐρῤωσο.

2210 4162 2672 4220 ΔιΑΜΑΡτΥΡιΑ
2718 4158 2830 4228 (23)
2882 4154 3224 4228 navigan
3266 4153 3402 4207 Tor
3434 4151 3705 4204 memor

2652 4225 3166 4284 ΛᾹΜΒΑΝΟΝΤΩΝ
3186 4225 3249 4276 ³⁸.

2247 4354 2287 4405 Ι.
2334 4347 2618 4416 Ἀναγνοὺς
2640 4341 2773 4398 οὖνὸ
2805 4340 3112 4404 Ἰάκωὸος¹⁹
3137 4339 3234 4409 τὴν
3253 4336 3558 4406 ἐπιστολὴν,
3585 4351 3738 4405 μετε-

2177 4442 2440 4497 καλέσατο
2479 4440 2604 4501 τοὺς
2649 4433 3081 4508 πρεσϐυτέρους,
3115 4432 3210 4485 καὶ
3255 4432 3436 4492 αὐτοῖς
3479 4427 3740 4497 ἀναγνοὺς

2177 4535 2300 4605 ἔφη·
2353 4530 2682 4599 Ἀναγκαίως
2720 4529 2812 4581 καὶ
2830 4526 3145 4598 πρεπόντως
3190 4523 3315 4593 περὶ
3353 4521 3452 4592 τῆς
3487 4519 3740 4590 ἀληθείας

2175 4625 2561 4696 ἀσφαλίζεσθαι
2588 4625 2619 4676 ὁ
2642 4622 2904 4693 ἡμέτερος
2931 4618 3209 4690 ὑπέμνησε
3232 4615 3455 4688 Πέτρος,
3476 4616 3622 4677 ὅπως
3640 4611 3739 4675 τὰς

1805 4875 2039 4933 VARUE
2077 4873 2476 4929 LECTIONES.

579 5002 618 5033 “
651 5001 726 5056 Ita
760 4999 804 5055 Ο
830 5017 878 5055 c.
910 4999 1072 5053 Turr.
1102 4998 1537 5070 diebjtpoeﬁm;
1564 4997 1625 5054 C.
1661 4996 1702 5026 ¹¹
1724 4992 1985 5070 Μωρσέος
2007 4991 2070 5046 0.

508 5072 673 5128 tionis
703 5072 1050 5141 Fragmenta.

504 5160 558 5199 c.
591 5142 776 5206 Tum,
805 5134 1118 5213 ποιήσουσιν
1148 5138 1208 5192 C.
1247 5208 1258 5213 Α
1317 5135 1722 5213 ’ξ-Μωῦσέος
1773 5134 2065 5213 etEt-agni.

507 5202 809 5284 inscriptio,
835 5202 1010 5282 neque
1030 5212 1184 5265 locus
1213 5208 1260 5264 ei
1289 5208 1530 5263 relictus.
1584 5209 1625 5239 ¹⁹
1663 5204 1957 5266 ἰαακῶϐος
1979 5202 2042 5256 Ο.

1157 5053 1199 5099 (⁸
1224 5053 1329 5121 Pro
1358 5053 1699 5122 όύδέἹίιοιιηιι
1733 5065 1784 5117 in
1811 5053 2158 5133 Fragmenta.
2239 5053 2350 5114 ’⁵ὀῖ
2381 5053 2492 5133 om.
2522 5057 2750 5133 F‘ragur1
2769 5053 2906 5107 Tum
2947 5053 3084 5133 τολμ

2179 4992 2221 5022 ⁸³
2257 4987 2578 5062 ἑρμηνεύειν
2599 4985 2811 5062 addunt
2828 4981 2872 5037 Ο
2918 4991 2972 5038 et
3009 4981 3214 5062 ‘Turr.,
3279 4979 3429 5062 deest
3453 4973 3735 5062 inrprael'a-

3125 5067 3304 5103 σουσιν
3330 5047 3375 5102 Ο
3418 5056 3471 5100 et
3519 5047 3734 5116 Eragm.

2196 5134 2239 5165 "
2270 5129 2506 5203 ἀμαθίας
2541 5126 2585 5182 0
2615 5115 2669 5181 et
2711 5124 2926 5196 Fragm.
3039 5115 3082 5154 (⁸
3107 5115 3264 5176 Nulla
3303 5120 3358 5174 in
3387 5117 3503 5173 Oet
3519 5115 3737 5186 Fragm.

1803 5341 1890 5394 VA
1905 5337 2169 5396 RIORUM
2210 5331 2443 5391 NOTJE.

559 5463 699 5547 .(22)
737 5462 999 5547 {Yduqior
1033 5461 1324 5530 κήρυγμα,
1356 5468 1460 5514 etc.
1497 5459 1640 5512 Cave
1680 5456 1772 5509 tibi
1806 5456 1874 5510 ab
1912 5454 2074 5510 Ebio-

519 5533 720 5590 nismo.
745 5533 885 5587 Co'r.

519 5677 535 5686 _
589 5602 700 5686 (25)
722 5600 1393 5686 All}!ldpﬂdp[fl._!ied()lf‘.l,
1411 5616 1529 5682 mea
1549 5597 1765 5686 quidem
1786 5596 2074 5686 sententia,

518 5668 836 5742 huiusmodi
879 5668 1204 5728 contestatio
1229 5670 1424 5742 κρύψιν
1449 5671 1745 5742 primorum
1798 5668 2079 5742 haeretico—

522 5734 666 5807 rum,
715 5758 877 5812 quam
925 5743 1000 5796 illi
1035 5734 1406 5812 didicerant}
1452 5734 1698 5812 paganis,
1734 5746 1788 5791 et
1818 5752 1847 5790 a
1880 5734 2079 5812 Iudaeis

529 5805 769 5870 Essenis.
806 5811 1019 5868 Vidcsis
1050 5812 1317 5883 praecipue
1346 5805 1603 5868 Irenaeum
1628 5809 1720 5863 lib.
1755 5825 1795 5873 ι,
1819 5822 1938 5876 cap.
1985 5805 2078 5869 2'5;

2181 5450 2572 5507 Tcrtullianum
2607 5444 2760 5500 initio
2787 5441 2978 5514 Operis
3022 5441 3268 5495 adversus
3312 5434 3737 5514 νηιςῃιίηίαζιοξς

2179 5505 2560 5590 Porphyrium,
2573 5516 2644 5570 De
2673 5505 3138 5590 αρεῑὶιὶεηιία,ΑΙὶξ)ε
3172 5525 3245 5572 tv,
3271 5520 3391 5590 cap.
3496 5510 3587 5590 ;_ct

2181 5571 2642 5646 tium—Valentem
2673 5585 2964 5656 citatum__a_
3003 5571 3244 5656 Seldeno
3274 5571 3470 5656 t‘u'innin
3501 5571 3737 5656 ,Μαι-πρίει

2183 5639 2324 5715 Filii;
2357 5639 2772 5718 Αῆὶὶιᾶέὶιεαὴίε,
2794 5669 2848 5726 ιι.
2875 5653 2997 5719 «δι,
3024 5661 3143 5726 _tun_1
3169 5647 3251 5726 De_
3267 5639 3736 5726 diisHSyris,p._§5;

2181 5709 2419 5854 ἰῇιέέέῐηὶῐέ
2436 5709 2643 5854 iulium
2675 5709 2995 5790 Fir'uiicum,’
3022 5722 3077 5778 in
3107 5717 3321 5775 Praefat.
3357 5709 3450 5770 lib:
3491 5709 3591 5768 vn"
3616 5709 3735 5762 ltu-

2184 5811 2201 5854 t
2239 5817 2398 5854 cseos.
2469 5816 2520 5854 ο.

2184 5801 2398 5856 theseos.
2447 5801 2520 5854 In.
