4068 6338
409 321 482 375 29
1092 317 1549 375 CLEMENTINA.
1588 350 1657 360 --
1695 318 2029 377 EPISTOLA
2069 321 2272 378 PETRI
2312 319 2403 378 AD
2435 320 2768 381 JACOBUM.
3586 325 3657 385 30

402 436 520 490 τῶν
550 434 712 489 αὑτοῦ
741 435 1114 508 κηρυγμάτων
1145 438 1575 509 διαπεμφθείσας
1615 440 1745 510 ἡμῖν
1777 439 1969 510 βίϐλους

2088 450 2143 496 et
2192 440 2479 512 religioso,
2518 440 2721 511 quique
2764 438 2959 494 docere
2990 439 3244 506 voluerit,
3285 455 3350 495 ac
3378 441 3451 496 sit
3480 444 3655 501 ﬁdelis

411 528 604 601 μηδενὶ
653 526 1051 611 μεταδώσωμεν
1084 530 1160 593 ὼς
1188 531 1407 600 ἔτυχεν,
1453 532 1485 603 ἢ
1524 531 1712 603 ἀγαθῷ
1748 549 1853 585 τινι
1895 535 1969 586 κα

2091 535 2452 590 circumcisus
2478 551 2493 601 ;
2521 548 2725 602 eosque
2752 547 2859 586 non
2886 542 3113 589 cunctos
3141 535 3306 590 simul
3328 551 3340 586 :
3360 550 3491 605 quo,
3521 537 3567 591 si
3598 538 3653 592 in

406 620 655 685 εύλαὸεῖ,
688 620 765 692 τῷ
794 621 891 675 καὶ⁴
916 621 1188 675 διδάσκειν
1210 623 1517 695 αἱρουμένῳ
1548 624 1901 695 ἐμπεριτόμῳ
1931 643 1986 678 τε

403 714 520 767 ὂντι
552 714 727 785 πιστῷ
749 712 881 784 (24),
908 716 1002 766 καὶ
1024 714 1067 745 ¹⁰
1096 714 1269 768 ταῦτα
1292 716 1364 787 μὴ
1387 714 1561 768 πάντα
1588 715 1743 786 ὁμοῦ,
1770 717 1874 778 ἵνα,
1893 715 1987 769 ἐὰν

404 808 464 858 ὲν
510 810 627 870 τοῖς
668 806 906 878 πρώτοις
951 807 1220 879 ἀγνώμων
1257 808 1504 880 φωραθῇ,
1537 809 1605 862 τά
1635 809 1860 881 δεύτερα
1910 810 1983 880 μὴ

404 899 694 970 πιστευθῇ.
725 899 815 951 Διὸ
844 900 919 970 μὴ
950 900 1168 952 ἔλαττον
1186 900 1360 954 ἐτεσιν
1392 900 1449 967 ἐξ
1476 901 1870 971 δοκιμαζέσθω
1893 903 1984 954 καὶ⁹

404 987 505 1044 εἷθ’
523 990 721 1055 οὕτως,
752 991 893 1046 κατὰ
921 992 1021 1064 τὴν
1043 994 1317 1057 Μωῦσέως
1334 995 1576 1065 ἀγωγὴν,
1606 994 1877 1063 ἀγαγόντα
1896 995 1985 1047 αύ-

400 1085 493 1136 τὸν
525 1085 620 1137 ἐπὶ
649 1085 890 1155 ποταμὸν
920 1086 952 1156 ἢ
988 1087 1169 1157 πηγὴν
1201 1086 1334 1156 (25),
1366 1088 1503 1159 ὅπερ
1529 1087 1644 1140 ἐστὶ
1673 1087 1780 1152 ζῶν
1814 1087 1977 1159 ὕδωρ,

401 1175 535 1229 ἔνθα
565 1177 599 1247 ἡ
637 1177 747 1229 τῶν
764 1179 808 1208 ³⁸
846 1178 1070 1231 δικαίων
1093 1179 1297 1247 γίνεται
1324 1180 1695 1251 ἀναγέννησις,
1734 1180 1806 1250 μὴ
1832 1180 1981 1251 ὁρκί-

404 1285 518 1332 σαι,
551 1271 674 1323 ἐπεὶ
719 1272 793 1342 μὴ
828 1270 1059 1337 ἔξεστιν,
1103 1270 1238 1323 ἀλλὰ
1281 1272 1470 1341 στῆναι
1524 1272 1673 1343 αὐτῷ
1723 1271 1978 1325 κελεῦσαι

403 1362 542 1433 πρὸς
587 1363 667 1434 τῷ
701 1362 854 1416 ὕδατι
903 1365 996 1416 καὶ
1034 1363 1532 1435 ἑπιμαρτύρασθαι,
1573 1365 1648 1427 ὼς
1694 1364 1787 1417 καὶ
1824 1363 1979 1417 αὐτοὶ

398 1455 836 1527 ἀναγεννώμενοι
858 1456 1239 1519 κελευσθέντες
1258 1456 1589 1527 ἐποιήσαμεν
1607 1455 1700 1508 τοῦ
1717 1456 1789 1527 μὴ
1808 1457 1978 1527 ἁμαρ-

394 1550 513 1600 τεῖν
536 1549 718 1619 χάριν.

469 1642 536 1693 ll.
597 1640 815 1709 Λεγέτω
848 1639 927 1694 δέ’
977 1640 1276 1713 Μάρτυρας
1325 1636 1502 1713 ἔχοιμι
1543 1641 1809 1713 οὐρανὸν,
1846 1642 1971 1711 γῆν,

395 1730 566 1803 ὕδωρ,
603 1734 662 1784 ἐν
688 1729 768 1795 οἷς
794 1732 863 1785 τά
893 1732 1067 1786 πάντα
1100 1733 1435 1805 περιέχεται,
1477 1734 1667 1805 πρδς²⁸
1694 1733 1901 1796 τούτοις
1930 1734 1972 1787 δ’

2089 626 2360 695 prioribus
2401 625 2686 694 improbus
2718 623 2971 679 inventus
3010 624 3190 692 fuerit,
3225 628 3555 697 posteriores
3598 630 3654 683 in

2087 718 2246 771 ﬁdem
2274 732 2429 771 suam
2456 732 2563 769 non
2582 717 2833 785 accipiat.
2852 714 3032 782 Quare
3055 735 3159 771 non
3182 720 3362 775 minus
3382 721 3540 775 annis
3560 736 3649 777 sex

2086 809 2473 877 comprobetur
2500 825 2511 859 :
2546 808 2737 877 sicque
2767 817 2974 877 postea,
3006 810 3303 863 secundum
3337 810 3537 881 Moysis
3565 812 3652 865 in-

2084 902 2419 956 stitutionem
2444 942 2460 967 ,
2492 902 2583 970 qui
2616 901 2785 955 libros
2817 901 3117 955 traditurus
3146 910 3229 955 est
3257 902 3487 956 adducat
3526 918 3651 958 eum

2084 992 2151 1046 ad
2174 992 2370 1047 ﬁumen
2403 1003 2495 1046 aut
2530 992 2757 1057 fontem,
2792 995 2883 1062 qui
2912 1002 2996 1047 cst
3022 1008 3165 1062 aqua
3183 994 3323 1057 viva,
3355 995 3446 1048 ubi
3470 996 3651 1064 justo-

2083 1101 2202 1138 rum
2228 1085 2285 1139 ﬁt
2309 1085 2679 1154 regeneratio;
2706 1095 2759 1139 et
2793 1100 2900 1139 non
2930 1085 3149 1154 quidem
3173 1085 3238 1138 ad
3264 1086 3647 1155 jusjurandum

2083 1178 2283 1247 adigat,
2314 1177 2573 1246 quoniam
2602 1194 2710 1231 non
2746 1179 2905 1243 licet,
2934 1178 3030 1234 sed
3052 1180 3242 1248 jubeat
3264 1180 3441 1249 ipsum
3472 1189 3650 1236 astare

2074 1270 2228 1341 juxta
2263 1286 2484 1339 aquam,
2512 1282 2565 1325 et
2586 1274 2904 1337 contestari,
2930 1274 3072 1328 sicut
3098 1282 3154 1328 et
3180 1289 3303 1329 cum
3336 1289 3651 1331 renascerev

2078 1379 2222 1429 mur,
2248 1363 2389 1433 jussi
2420 1361 2672 1429 fecimus,
2713 1380 2811 1419 nos
2838 1380 2945 1418 non
2986 1374 3325 1434 peccaturos.

2146 1648 2209 1704 ll.
2239 1648 2390 1705 Dicat
2413 1658 2592 1704 autem
2627 1665 2639 1702 :
2671 1648 2862 1705 Testes
2892 1650 3122 1705 habeam
3150 1653 3373 1716 caelum,
3414 1661 3641 1721 terram,

2074 1757 2314 1812 aquam,
2347 1743 2548 1812 quibus
2576 1743 2759 1796 omnia
2798 1743 3169 1809 continentur,
3212 1753 3372 1813 atque
3418 1744 3643 1815 insuper

392 1823 574 1877 ἅπασι
600 1826 693 1877 καὶ
723 1821 814 1877 τὸν
842 1825 928 1877 διά
962 1826 1183 1879 πάντων
1211 1826 1465 1897 διήκοντα
1494 1826 1631 1897 ἀέρα
1666 1828 1715 1897 ⁷
1748 1818 1809 1879 οὗ
1841 1828 1969 1881 ἄνευ

2078 1833 2162 1887 his
2190 1834 2445 1888 omnibus
2476 1848 2655 1888 aerem
2690 1849 2934 1905 quoque,
2986 1835 3079 1904 qui
3122 1834 3372 1889 universa
3396 1838 3645 1906 pervadit

391 1917 497 1970 οὐκ
524 1918 799 1981 ἀναπνέω,
833 1918 910 1982 ὡς
939 1920 1026 1972 ἀεὶ
1053 1920 1291 1989 ὑπήκοος
1313 1919 1503 1990 ἔσομαι
1534 1920 1611 1991 τῷ
1631 1920 1729 1984 τάς
1760 1919 1973 1990 βίϐλους

393 2029 487 2083 μοι
510 2012 557 2044 ³³
586 2012 695 2065 τῶν
710 2012 1075 2083 κηρυγμάτων
1095 2012 1306 2073 διδόντι,
1325 2013 1417 2065 καὶ
1445 2011 1613 2075 αύτάς
1626 2012 1724 2075 τάς
1738 2011 1970 2082 βίϐλους,

385 2104 457 2167 ἃς
490 2104 555 2158 ἄν
585 2117 673 2175 μοι
698 2102 792 2177 δῷ,
821 2106 882 2159 ού
916 2106 990 2175 μὴ
1016 2105 1225 2177 μεταδῶ
1250 2123 1356 2158 τινι
1387 2106 1505 2158 κατ’
1533 2105 1725 2158 οὐδένα
1746 2106 1969 2178 τρόπον,

385 2199 451 2249 ού
480 2198 717 2268 γράψας,
741 2196 802 2251 ού
827 2199 1207 2271 γεγραμμένον
1243 2199 1385 2262 δοὺς,
1409 2200 1469 2251 οὺ
1490 2198 1811 2269 γρόιφοντι¹¹⁵
1836 2199 1970 2251 ἀνα-

388 2290 693 2352 διδοὺς,ούκ
714 2291 969 2353 αύτδς,ού
982 2292 1050 2343 δι’
1073 2291 1253 2353 ἄλλου,
1280 2291 1344 2343 ού
1369 2291 1439 2345 δι’
1464 2290 1630 2361 άλλης
1650 2290 1793 2353 τινὸς
1825 2290 1970 2358 ἀγω·

386 2383 551 2453 γῆςῆ
584 2377 732 2436 δόλου
760 2378 791 2453 ἧ
827 2386 1093 2455 μηχανῆς,
1118 2383 1150 2455 ἢ
1187 2383 1401 2455 ἀμελῶς
1422 2384 1469 2415 ³⁸
1508 2382 1795 2452 φυλάσσων
1824 2383 1857 2452 ἥ
1886 2399 1970 2435 τι-

388 2476 501 2530 θῶν
521 2477 554 2549 ἦ
577 2476 745 2530 νεύων
768 2471 961 2547 ἣάλλῳ
983 2470 1279 2548 οίῳδήποτε
1303 2475 1487 2547 τρόπῳ
1508 2475 1540 2547 ἦ
1558 2475 1770 2546 ἐπινοίᾳ
1798 2475 1968 2547 ἑτέρῳ

386 2568 533 2622 αὐτὰ
573 2567 906 2639 μεταδιδούς.
943 2570 1089 2641 Πλὴν
1126 2569 1283 2623 ἐάν¹¹⁸
1316 2569 1596 2640 δοκιμάσω
1628 2568 1750 2622 τινὰ
1795 2569 1964 2635 ἄξιον,

383 2658 467 2723 ὡς
494 2660 656 2723 αὐτὸς
687 2661 930 2732 ἐκρίθην,
960 2662 994 2731 ἦ
1022 2662 1116 2714 καὶ
1148 2660 1330 2715 πλεῖον
1354 2661 1675 2731 δοκιμάσας,
1707 2660 1844 2731 πλὴν
1866 2662 1966 2715 οὐκ

386 2756 609 2808 ἔλαττον
636 2754 813 2808 ἐτεσιν
850 2755 930 2821 ἐξ·
956 2754 1034 2826 τῷ
1058 2772 1116 2807 τε
1141 2755 1183 2785 ’⁷
1213 2753 1430 2806 εύλαϐεῖ
1468 2754 1560 2806 καὶ
1589 2752 1796 2824 ἀγαθῷ,
1822 2752 1965 2806 διδά-

386 2866 542 2901 σκειν
566 2847 1034 2919 ἐπαναιρουμένῳ,
1061 2847 1135 2910 ὡς
1165 2844 1490 2919 παρέλαϐον,
1523 2844 1844 2917 παραδώσω,
1871 2844 1965 2899 καὶ

383 2940 561 2993 ταῦτα
584 2942 675 2994 ἐπὶ
697 2944 764 3011 τῇ
792 2940 886 2993 τοῦ
918 2940 1216 2993 ἐπισκόπου
1248 2958 1349 3009 μου
1362 2940 1406 2971 ’⁸
1431 2934 1621 3010 γνώμῃ
1661 2937 1964 3010 ποιησάμε-

382 3050 495 3096 νος.

457 3206 544 3267 ΙΙΙ.
581 3211 785 3275 ΙἈλλως
815 3211 871 3265 δέ
903 3211 1009 3264 οὐδ’
1048 3209 1111 3263 ἂν
1150 3211 1337 3264 τέκνον
1366 3209 1400 3281 ἦ
1430 3209 1713 3280 ἀδελφὸς²⁹
1747 3211 1778 3280 ἢ
1812 3212 1961 3279 φίλος

380 3296 417 3373 ἢ
449 3303 622 3368 άλλως
656 3304 772 3366 πώς
802 3320 931 3356 ποτε
968 3303 1156 3371 γένους
1208 3321 1297 3374 μοι
1329 3304 1565 3375 ἀνήκων,
1600 3304 1800 3374 ἐάνπερ
1832 3304 1963 3357 ἀνά-

380 3396 496 3464 ξιος
536 3392 593 3470 ᾖ,
635 3395 787 3449 τοῦδε
840 3395 914 3467 μὴ
963 3395 1277 3466 μεταδοῦναι
1325 3396 1506 3467 χάριν,
1545 3395 1621 3459 ὼς
1660 3397 1721 3448 ού
1759 3397 1963 3467 προσῆ-

383 3506 478 3542 κεν
491 3488 557 3540 ³ο.
586 3486 722 3540 Οὔτε
750 3487 1041 3558 ἐπιϐουλὴν
1075 3486 1555 3559 φοϐηθήσομαι,ού
1586 3487 1776 3558 δώροις
1810 3487 1962 3540 κολα-

383 3580 742 3650 κευοήσομαι·
774 3579 887 3631 ἀλλ’
918 3581 965 3632 εί
998 3580 1092 3632 καὶ
1121 3579 1289 3644 δόξειέ
1324 3579 1413 3651 μοί
1456 3596 1586 3632 ποτε
1613 3580 1681 3631 τὰ
1708 3579 1957 3650 διδόμενά

385 3690 477 3741 μοι
510 3671 619 3725 τῶν
646 3672 1011 3743 κηρυγμάτων
1044 3672 1222 3743 βιϐλία
1259 3673 1332 3745 μὴ
1358 3672 1528 3743 ἀληθῆ
1561 3668 1717 3735 εἶναι,
1740 3671 1955 3725 ούδόὖ-

380 3784 493 3830 τως
543 3765 853 3837 μεταδώσω,
891 3764 1003 3818 ἀλλ’
1050 3764 1333 3818 ἀποδώσω.
1390 3763 1706 3835 Ἀποδημῶν
1750 3764 1807 3816 δὲ
1860 3766 1955 3818 σὺν

381 3858 508 3928 ἐμοὶ
539 3858 677 3910 αύτά
709 3857 940 3928 κομίσω,
974 3858 1116 3929 ἆπερ
1153 3857 1219 3910 ἂν
1253 3856 1400 3927 τύχω
1440 3855 1792 3926 κεκτημένος.
1818 3857 1879 3907 Εἰ
1900 3856 1954 3909 δὲ

385 3950 461 4021 μὴ
496 3949 739 4021 βουληθῶ
787 3951 901 4021 μετ’
957 3948 1195 4020 ἐμαυτοῦ
1215 3950 1255 3979 ³¹
1292 3947 1430 4001 αύτά
1481 3947 1813 4019 περιφέρειν,
1863 3948 1954 4000 ἐπὶ

381 4042 483 4113 τῆς
516 4044 688 4107 οἰκίας
712 4060 811 4114 μου
846 4038 980 4094 εἶναι
1010 4041 1148 4095 αύτά
1180 4042 1278 4094 οὐκ
1311 4040 1476 4103 ἐάσω,
1502 4039 1635 4092 ἀλλὰ
1667 4039 1741 4109 τῷ
1772 4037 1955 4108 gem-

385 4134 568 4204 σκόπῳ
599 4154 698 4206 μου
732 4135 807 4205 τῷ
835 4134 931 4205 τὴν
962 4135 1129 4204 αὐτὴν
1165 4134 1338 4203 ἔχοντι
1383 4132 1561 4184 πίστιν
1595 4132 1687 4184 καὶ
1718 4129 1825 4183 ἀπὸ
1854 4130 1963 4183 τῶν

2076 1940 2140 1979 ac
2168 1925 2285 1980 sine
2314 1941 2425 1995 quo
2454 1940 2561 1979 non
2591 1926 2817 1995 respiro,
2863 1926 3008 1995 quod
3035 1942 3252 1995 semper
3270 1927 3530 1984 obediens
3545 1945 3643 1985 ero

2074 2016 2187 2084 illi,
2228 2018 2321 2088 qui
2354 2018 2454 2072 hos
2498 2018 2630 2072 mihi
2675 2017 3121 2086 praedicationum
3160 2018 3332 2073 libros
3389 2020 3639 2091 largitur,

2073 2108 2327 2178 quodque
2357 2109 2459 2161 hos
2486 2109 2679 2176 libros,
2712 2124 2851 2177 quos
2878 2108 3011 2162 mihi
3043 2109 3271 2174 dederit,
3295 2111 3498 2163 nemini
3528 2111 3640 2166 ullo

2070 2210 2230 2272 pacto
2270 2202 2516 2268 tradam,
2558 2218 2667 2257 non
2712 2202 2948 2258 scribam
2975 2244 2990 2267 ,
3033 2217 3141 2257 non
3179 2204 3412 2273 scriptos
3458 2205 3637 2271 dabo,

2070 2306 2178 2346 non
2202 2291 2473 2360 scripturo
2503 2292 2734 2359 dedam;
2761 2309 2866 2347 non
2898 2295 3033 2364 ipse,
3059 2310 3167 2349 non
3197 2310 3294 2364 per
3317 2295 3507 2357 alium.
3540 2311 3639 2352 nec

2068 2397 2164 2452 per
2189 2381 2349 2436 aliam
2386 2384 2677 2451 quamdam
2706 2384 2998 2450 rationem,
3030 2386 3112 2440 vel
3140 2385 3384 2440 fraudem
3411 2387 3494 2441 vel
3524 2403 3639 2442 ma-

2070 2473 2286 2528 chinam
2313 2492 2327 2541 ;
2357 2485 2450 2528 aut
2479 2474 2823 2545 indiligenter
2850 2477 3176 2543 custodiam,
3210 2479 3292 2533 vel
3328 2480 3504 2538 alteri.
3533 2481 3641 2536 sis-

2069 2572 2189 2620 tens
2211 2566 2295 2620 vel
2324 2566 2665 2635 permittens,
2700 2576 2796 2622 aut
2823 2569 2931 2623 alio
2970 2585 3303 2640 quocunque
3348 2572 3511 2627 modo
3545 2572 3633 2627 vel

2066 2655 2296 2711 consilio
2324 2673 2386 2711 ea
2409 2658 2613 2729 scripta
2636 2659 2792 2714 alteri
2827 2662 3152 2717 concedens.
3178 2662 3294 2717 Nisi
3317 2664 3363 2719 si
3394 2666 3634 2735 aliquem

2066 2745 2369 2816 probavero
2399 2749 2658 2815 dignum,
2709 2752 3167 2819 quemadmodum
3210 2755 3325 2822 ipse
3355 2756 3636 2824 judicatus

2065 2854 2210 2903 sum,
2238 2838 2321 2892 vel
2344 2839 2521 2894 adhuc
2551 2841 2722 2909 magis
2748 2842 3120 2909 exploravero,
3151 2853 3296 2898 certe
3317 2861 3425 2898 non
3451 2846 3638 2902 minuat

2064 2930 2225 2985 annis
2251 2945 2380 2984 sex:
2407 2930 2496 2999 pio
2522 2940 2576 2985 et
2604 2932 2749 2986 bono
2768 2971 2783 2997 ,
2823 2932 3050 2986 docendi
3078 2949 3277 2989 munus
3302 2937 3630 3004 capessenti,

2065 3022 2207 3077 sicut
2248 3037 2348 3092 ego
2378 3023 2596 3092 accepi,
2646 3024 2881 3079 tribuam
2901 3065 2916 3090 ,
2946 3024 3108 3094 idque
3139 3041 3206 3081 ex
3237 3027 3475 3098 epiSCOpi
3524 3029 3631 3084 mei

2064 3117 2333 3171 sententia
2365 3116 2583 3171 iaciam.

2135 3206 2223 3261 ιιι.
2255 3208 2427 3262 Aliter
2459 3224 2636 3278 neque
2669 3210 2714 3265 si
2747 3209 2890 3265 ﬁlius
2922 3219 2993 3265 snt
3022 3220 3116 3265 aut
3146 3209 3334 3275 frater,
3366 3224 3459 3265 aut
3492 3211 3633 3264 ami—

2062 3313 2182 3363 cus,
2216 3309 2309 3354 aut
2334 3300 2440 3353 alio
2491 3301 2739 3370 quolibet
2770 3301 2934 3355 modo
2966 3302 3034 3355 ad
3064 3318 3235 3371 genus
3286 3317 3465 3356 meum
3502 3318 3628 3371 per-

2061 3390 2264 3456 tinens,
2306 3391 2353 3445 si
2388 3392 2643 3461 indignus
2680 3394 2988 3461 exstiterit;
3017 3394 3136 3464 ejus
3169 3396 3342 3464 gratia
3380 3412 3487 3450 non
3520 3405 3631 3451 tra-

2061 3482 2186 3537 dam
2221 3501 2235 3551 ;
2270 3492 2330 3539 ut
2358 3498 2467 3537 non
2518 3484 2691 3539 decet.
2724 3484 2832 3540 Nec
2857 3502 2986 3540 vero
3017 3488 3243 3543 insidias
3292 3490 3626 3555 formidabo;

2062 3591 2171 3630 non
2224 3576 2546 3631 muneribus
2599 3577 2849 3631 deliniar.
2884 3577 2989 3631 Sed
3028 3588 3082 3632 et
3111 3580 3157 3632 si
3206 3580 3499 3649 aliquando
3527 3581 3628 3635 do—

2064 3678 2189 3723 nata
2223 3669 2355 3723 mihi
2386 3670 2832 3739 praedicationum
2884 3671 3161 3726 volumina
3210 3688 3319 3726 non
3351 3688 3471 3726 esse
3501 3689 3626 3726 vera

2063 3762 2195 3815 mihi
2249 3762 2598 3822 videbuntur,
2631 3778 2807 3830 neque
2858 3762 2937 3816 sic
2988 3762 3210 3833 largiar,
3243 3764 3335 3817 sed
3385 3764 3627 3817 reddam.

2059 3853 2197 3907 Cum
2247 3863 2427 3908 autem
2462 3869 2689 3923 peregre
2732 3852 3010 3922 profectus
3038 3853 3213 3920 fuero,
3245 3854 3362 3923 ipsa
3396 3854 3627 3922 portabo

2060 3962 2306 4013 mecum,
2357 3958 2694 4015 quaecunque
2749 3946 3062 4015 possedere.
3092 3946 3245 4010 Quod
3275 3947 3319 4000 si
3359 3946 3625 4001 noluerim

2060 4054 2121 4092 ea
2155 4054 2364 4093 mecum
2399 4037 2770 4104 circumferre,
2805 4038 2857 4091 in
2884 4037 3045 4091 domo
3075 4054 3191 4091 mea
3216 4052 3336 4092 esse
3365 4054 3471 4091 non
3505 4054 3627 4107 per-

2071 4132 2301 4195 mittam,
2331 4133 2421 4186 sed
2448 4132 2702 4199 episcopo
2734 4145 2853 4185 meo
2877 4130 3123 4186 eamdem
3170 4130 3325 4184 ﬁdem
3354 4132 3625 4209 proﬁtenti

1688 4267 1918 4326 VARIJE
1960 4268 2357 4327 LECTIONES.

453 4381 500 4465 ξ’
529 4381 774 4465 καὶού-Ο
803 4383 989 4437 ultima
1016 4399 1143 4437 voce
1175 4383 1487 4465 subnrotata.’
1561 4378 1735 4465 ’ίετῶν
1760 4380 1969 4465 inserui
2010 4396 2061 4436 c.
2095 4380 2138 4435 Ο
2160 4394 2218 4465 et
2234 4382 2449 4465 Fragm.
2489 4452 2500 4465 θ
2530 4379 2829 4465 ’ξπρόϐᾆι
2852 4379 3222 4465 Fragmfl‘unli‘
3243 4380 3297 4434 δὲ
3323 4382 3528 4465 ἔπεισιν
3556 4384 3619 4438 C.

383 4453 431 4484 ³³
464 4452 539 4506 lta
574 4450 754 4507 Ottob.
821 4469 955 4523 ms.,
1002 4462 1060 4507 ut
1094 4451 1277 4506 maluit
1310 4450 1368 4515 S,
1396 4452 1490 4521 qui
1523 4451 1740 4523 quidem
1777 4451 1945 4523 edidit
1977 4468 2149 4523 pouic.
2180 4453 2243 4506 Ο.
2271 4449 2407 4523 Tum
2444 4452 2610 4514 αὐτάς

2648 4468 2746 4521 μου
2783 4451 2840 4516 S,
2872 4451 3038 4521 αὑτάς
3065 4469 3152 4521 μοι
3183 4452 3246 4521 (2.
3323 4453 3367 4482 ”‘
3402 4452 3438 4505 S
3496 4466 3624 4521 pro-

418 4525 535 4577 onit
588 4524 867 4593 γράψοντι,
938 4522 1246 4593 Ιλίρειίοηθῐη
1309 4519 1453 4593 vulg.
1506 4519 1833 4593 conﬁrm_ant
1876 4519 1919 4575 Ο
1963 4519 2016 4577 et
2062 4522 2279 4591 Fragm.
2317 4522 2446 4576 Dein
2495 4523 2601 4574 οὐδ’
2635 4519 2815 4593 ἄλλον,
2851 4520 2969 4593 οὑδῖ
2992 4519 3155 4593 ἄλλης
3186 4520 3248 4575 0.
3327 4522 3371 4553 “
3404 4519 3625 4592 ἀμελοίς

429 4589 609 4662 ηεῐη.
630 4589 769 4647 ’Βρῖη
804 4594 927 4647 dedi
960 4592 992 4663 ἢ

382 4662 504 4744 θείς.
529 4663 582 4734 (ἢ
614 4662 794 4744 τιθῶνὶ
811 4664 873 4734 C)

384 4731 640 4800 Subjnnxi
678 4749 735 4807 c.
757 4732 820 4787 0.
857 4731 1457 4807 'A’°A48cr_ibendum,Aut
1488 4732 1861 4807 videtur,_o'36f
1890 4733 1956 4786 ἂν
1978 4734 2166 4787 τέκνον

1021 4593 1181 4672 τιθςῦν
1215 4592 1246 4663 ἣ
1283 4592 1451 4644 νεύων
1483 4608 1533 4672 c_.
1630 4600 1687 4672 ct
1718 4591 1936 4672 Fragm.
1962 4610 2118 4672 ,_quo
2152 4593 2705 4672 evitetur_tautol_ogia
2730 4591 2927 4672 Clerici
2947 4591 3215 4672 lecti-onis
3244 4594 3275 4663 ἦ

970 4662 1722 4733 voﬁedwv,etenuntiationis
1758 4662 1883 4716 ﬁnis
1920 4664 2136 4730 haheat,
2174 4665 2240 4733 ad
2270 4665 2413 4733 quod
2445 4664 2694 4733 quadret.
2770 4663 2816 4693 ²⁶
2849 4663 2912 4717 ἄν
2942 4662 3004 4716 C.
3082 4664 3123 4694 ’⁷
3160 4662 3276 4714 τότε
3308 4664 3370 4717 C.
3448 4664 3492 4693 "'
3523 4681 3622 4733 pou

2333 4731 2575 4803 ἀδελφός.
2613 4731 2669 4786 In
2715 4734 3072 4801 sequentibus
3108 4733 3311 4785 excidit
3355 4731 3619 4803 verbum,

382 4816 413 4856 a
451 4796 560 4877 quo
603 4806 832 4877 pendeat
884 4804 1186 4877 inﬁnitivus
1232 4803 1550 4873 μεταδοῦναι
1601 4804 1660 4858 S.
1716 4801 2028 4858 Lectionem
2078 4796 2233 4877 vulg?
2283 4796 2502 4859 exhibet
2545 4804 2612 4859 0.
2689 4804 2734 4834 ³⁰
2770 4796 2808 4856 S
2835 4804 2981 4871 conj.
3010 4803 3300 4873 προσῆκον.
3378 4802 3421 4833 ³¹
3458 4802 3533 4857 Ita
3561 4796 3619 4857 S.

382 4874 501 4943 μεθ’
534 4872 727 4926 ἑαυτοῦ
761 4873 805 4929 0
834 4888 883 4927 c.
904 4873 966 4929 C.

1665 4961 2029 5019 VARIORUM
2070 4961 2308 5019 ΝΟΤιιΕ.

450 5079 559 5152 (24)
585 5079 977 5149 Ἑμπεριτόμφ
992 5094 1055 5132 τε
1081 5075 1213 5152 erat
1235 5076 1443 5152 πιστῷ.
1464 5076 1628 5152 Quasi
1650 5078 1944 5132 incircum-

380 5148 896 5219 cisus'nonposset
926 5165 1047 5203 esse
1080 5148 1247 5202 ﬁdelis
1277 5156 1329 5201 et
1359 5148 1706 5219 Christianus
1739 5168 1750 5202 :
1783 5165 1941 5217 quem

379 5236 619 5276 errorem
658 5212 925 5274 Ebionitae
960 5220 1160 5276 aliique
1200 5218 1433 5272 haeretici
1472 5220 1745 5272 errabant.
1801 5212 1940 5272 llor.

451 5289 560 5362 (25)
604 5292 927 5362 ’ᾼγαγόντα
953 5288 1147 5362 αὐτὸς
1163 5288 1260 5362 ἐπί
1288 5288 1552 5362 ποταμὸν
1579 5289 1616 5357 ἣ
1653 5288 1869 5362 ξτῃγήν.
1890 5288 1943 5342 In

383 5357 573 5417 haeresi
606 5357 987 5415 Ebionaeorum
1021 5359 1076 5413 S.
1107 5357 1442 5427 Epiphanius
1471 5374 1591 5426 cap.
1648 5358 1747 5413 l7:
1778 5361 1945 5411 Ὅταν

419 5433 485 5503 άρ
515 5448 595 5503 τις
624 5431 683 5496 ἐξ
706 5430 894 5503 ,αὐτῶν
924 5430 956 5500 ἢ
988 5430 1126 5503 νόσῳ
1141 5428 1451 5503 περιπέσοι,
1482 5429 1532 5503 Αῆ
1581 5430 1684 5503 ὑπὸ
1717 5429 1946 5503 ἑρπετοῦ

419 5448 485 5503 αρ
515 5448 595 5495 τις
624 5448 683 5496 ες
714 5449 894 5483 αυτων
924 5448 956 5500 η
988 5448 1126 5500 νοσῳ
1148 5448 1451 5498 περιπεσοι,
1502 5448 1532 5499 η
1581 5448 1684 5481 υπο
1717 5448 1946 5498 ερπετου

377 5448 624 5573 ἒηχθείηι
651 5501 897 5554 κάτεισιν
930 5503 1007 5573 εἷς
1134 5497 1449 5573 ξ’)δματαηκαὶ
1478 5500 1818 5573 ἐπικαλεῖται
1848 5499 1949 5573 τᾲς

378 5567 692 5643 ἐπωνυμίας
717 5573 817 5643 τάς
845 5573 901 5623 ἐν
920 5569 997 5643 τῷ
1032 5567 1237 5643 ᾘλξαῖ,
1266 5568 1360 5621 τοῦ
1384 5586 1442 5643 τε
1467 5570 1808 5643 οὐρανούκαὶ
1850 5568 1949 5643 τῆς

378 5643 503 5711 γῆς,
525 5638 621 5695 τοῦ
650 5659 709 5695 τε
740 5641 863 5704 ἁλὸς
898 5638 990 5693 καὶ
1014 5640 1106 5711 τοῦ
1132 5638 1343 5711 ὓδατος,
1373 5640 1479 5691 τῶν
1511 5638 1569 5692 τε
1596 5640 1826 5711 κάνέμων
1855 5640 1950 5711 κα).

375 5709 624 5782 ἀγγέλων
666 5713 765 5783 τῆς
792 5710 1152 5781 δικαιοσύνης,
1182 5710 1331 5777 φασὶ,
1385 5710 1475 5763 καὶ
1524 5710 1616 5763 τοῦ
1646 5709 1808 5783 ἄρτου
1859 5709 1951 5765 καὶ

2051 5078 2251 5155 ἐλαίου.
2278 5078 2393 5155 ,καί
2414 5073 2871 5155 άρχεταξλέγειν,
2889 5076 3131 5155 Αίοηθ-ἦτέ
3165 5093 3273 5155 μοι,
3321 5076 3413 5155 καί
3433 5074 3623 5155 ’ἀπαλ-

2051 5148 2242 5213 λάξατε
2266 5149 2357 5200 ἀπ’
2376 5144 2517 5218 ἐμοῦ
2538 5146 2597 5197 τὸ
2615 5146 2854 5216 ἄλγημα.
2880 5144 3093 5210 Quoties
3122 5144 3259 5199 enim
3282 5146 3470 5214 aliquis
3501 5144 3622 5198 illo-

2053 5236 2171 5273 rum
2198 5222 2253 5272 in
2291 5220 2528 5270 morbum
2555 5218 2765 5281 incidit,
2803 5228 2893 5269 aut
2919 5235 2949 5268 α
2992 5228 3224 5288 serpente
3268 5225 3615 5288 νησῖδας-ρει,

2052 5292 2120 5343 ad
2142 5306 2305 5358 aquas
2329 5288 2626 5349 descendit;
2645 5297 2693 5340 et
2713 5284 3087 5358 appellationes
3111 5303 3282 5339 omnes
3306 5302 3435 5353 quas
3454 5284 3618 5339 Elxai

2052 5357 2349 5428 complexus
2399 5367 2497 5419 est,
2524 5359 2748 5414 invocat.
2774 5357 2908 5422 caeli,
2929 5358 3181 5419 videlicet,
3205 5372 3265 5407 ac
3288 5366 3459 5428 terrm,
3484 5357 3616 5428 salis

2051 5442 2099 5484 et
2122 5425 2670 5499 aqumventorumxt
2690 5428 3017 5497 angelorum,
3045 5435 3340 5499 ulrncdnt,
3364 5425 3615 5499 justitim:

2050 5496 2202 5571 panis
2228 5502 2351 5553 item
2382 5510 2429 5552 et
2462 5499 2582 5553 olei.
2602 5568 2610 5571 _
2630 5497 2879 5571 Tuncque
2908 5500 2994 5571 ξιιιΔ
3016 5498 3145 5571 dicit
3180 5513 3197 5549 :
3228 5496 3418 5571 Adeste
3464 5497 3613 5571 mihi,

2055 5567 2116 5624 ne
2144 5571 2377 5623 dolorem
2408 5585 2439 5621 a
2470 5584 2548 5621 me
2576 5568 2840 5637 depellite.
2895 5568 2997 5632 Qui
3023 5574 3075 5620 et
3106 5567 3367 5637 legendus
3420 5568 3610 5620 haeresi

2055 5642 2121 5695 19
2145 5640 2500 5705 Ossenorum,
2528 5654 2649 5707 cap.
2682 5638 2733 5701 l,
2753 5637 3223 5708 ronferendusque
3252 5653 3374 5692 cum
3407 5637 3614 5706 iisquae

2052 5712 2143 5767 hic
2171 5712 2336 5767 habes
2364 5726 2516 5765 num.
2546 5709 2581 5761 2
2612 5720 2662 5763 et
2690 5708 2741 5761 Α.
2776 5709 2851 5761 in.

3309 4611 3360 4645 τι
3395 4610 3625 4662 προστι-
3705 4623 3709 4627 -
