4068 6338
457 309 530 364 3-5;
1315 303 1372 357 s.
1413 299 1801 356 CLEMENTIS
1840 299 1860 352 ι
1899 297 2062 352 nou.
2107 295 2303 350 pom.
2343 294 2570 352 OPERA
2608 296 2837 352 nvem.
3615 298 3687 355 ss
3791 269 3801 279 ’

458 422 623 487 malo,
652 420 896 474 futurum
933 419 1135 472 bonum
1167 417 1264 472 toti
1295 415 1500 470 mundo
1530 425 1590 469 ut
1619 415 1888 468 indicaret
1931 428 2004 466 re-

2117 412 2370 482 δημοσίᾳ,
2392 413 2485 465 ἐπί
2510 412 2604 465 τοῦ
2632 411 2926 475 ἐνεστῶτος
2959 411 3194 484 πονηροῦ
3215 413 3281 476 ⁸⁸,
3312 412 3404 467 τὸν
3431 413 3690 486 ἐσόμενον

456 532 576 586 gem
601 555 615 577 ,
668 515 951 580 hucusque
1005 509 1234 564 Romam
1289 508 1514 562 veniens
1539 548 1554 572 ,
1586 516 1640 560 et
1670 504 1781 559 Deo
1820 503 2015 574 placita

455 608 699 662 doctrina
746 605 966 660 salvans
1000 604 1272 666 homines,
1316 601 1432 670 ipse
1485 608 1803 670 praesentem
1848 596 2014 650 vitam

454 715 550 770 per
577 699 685 752 vim
712 712 836 752 cum
871 705 1046 750 morte
1069 693 1447 749 commutavit.

520 875 582 930 ll.
625 875 680 930 In
710 877 842 946 ipsis
866 884 1044 930 autem
1067 874 1278 939 diebus,
1305 872 1503 943 quibus
1534 870 1684 925 brevi
1711 868 2013 923 moriturus

448 977 589 1031 erat,
609 969 950 1037 congregatis
969 967 1246 1031 fratribus,
1265 965 1447 1020 subito
1477 963 1813 1032 apprehensa
1844 977 2009 1016 manu

449 1076 567 1113 mea
605 1075 962 1128 consurgens,
993 1075 1176 1113 coram
1213 1057 1440 1113 ecclesia
1468 1056 1606 1111 dixit
1633 1074 1646 1110 :
1675 1055 1870 1110 Audite
1903 1072 2010 1115 me.

444 1153 641 1207 fratres
685 1162 741 1206 et
786 1154 1033 1206 conservi
1067 1171 1079 1205 :
1113 1150 1382 1216 Quoniam
1406 1191 1421 1216 ,
1454 1150 1598 1204 sicut
1627 1149 1857 1204 edoctus
1888 1165 2008 1203 sum

443 1247 512 1300 ab
537 1261 622 1310 eo,
653 1245 743 1314 qui
773 1245 918 1299 misit
946 1259 1050 1310 me,
1078 1244 1307 1296 Domino
1339 1250 1392 1296 et
1421 1243 1680 1310 magistro
1702 1240 1830 1294 Jesu
1858 1239 2012 1295 Chri-

443 1349 562 1402 sto,
597 1339 714 1392 dies
758 1338 950 1392 mortis
1005 1352 1136 1391 mete
1190 1335 1628 1405 appropinquat,
1676 1333 2006 1388 Clementem

443 1430 590 1485 hunc
635 1429 949 1499 episcopum
1000 1429 1154 1484 vobis
1200 1429 1422 1489 ordino;
1459 1428 1545 1482 cui
1580 1442 1756 1480 meam
1795 1441 2007 1480 sermo-

446 1537 570 1575 nam
605 1521 919 1575 cathedram
947 1520 1138 1586 credo;
1175 1519 1268 1589 qui
1292 1518 1424 1573 mihi
1454 1519 1522 1572 ab
1551 1518 1710 1572 initio
1741 1533 1915 1587 usque
1938 1518 2006 1572 ad

439 1613 600 1666 tinem
633 1627 817 1666 comes
850 1611 1078 1677 exstitit,
1106 1611 1294 1680 sicque
1321 1626 1513 1665 omnes
1542 1625 1822 1665 sermones
1852 1625 2035 1682 meos.

440 1704 644 1757 audivit
677 1722 689 1758 :
727 1705 962 1757 breviter
996 1704 1207 1770 dicam,
1240 1703 1332 1772 qui
1375 1703 1427 1756 in
1459 1703 1717 1757 omnibus
1751 1702 2008 1755 tentatioo

437 1796 601 1850 nibus
637 1796 769 1850 meis
794 1780 1081 1864 particeps,
1117 1795 1170 1848 in
1215 1795 1320 1848 fide
1359 1809 1714 1864 perseverans
1748 1793 2003 1847 inventus

436 1896 557 1941 est:
587 1903 747 1956 quem
778 1888 900 1956 plus
943 1887 1153 1941 czeteris
1180 1895 1438 1955 expertus
1483 1901 1602 1940 sum
1626 1872 2000 1955 religiosum,

437 1979 758 2044 humanum,
774 1988 1008 2043 castum,
1025 1979 1325 2045 eruditum,
1346 1987 1757 2047 temperantem,
1778 1978 2002 2042 bonum,

429 2068 671 2138 justum,
706 2073 1024 2140 patientem,
1055 2079 1105 2124 et
1145 2071 1408 2124 scientem
1443 2070 1653 2124 fortiter
1681 2070 1823 2125 ferre
1869 2085 2004 2124 non-

433 2165 708 2218 nullorum
733 2165 1247 2219 catechumenorum
1268 2162 1540 2228 ingratum
1572 2162 1837 2215 animum.
1861 2161 2004 2228 Quo-

434 2257 579 2310 circa
609 2256 713 2324 ipsi
743 2255 900 2309 trado
928 2254 1132 2325 ligandi
1175 2263 1228 2308 et
1274 2254 1520 2308 solvendi
1566 2262 1910 2322 potestatem,
1945 2264 2005 2308 ut

433 2348 796 2417 quodcunque
831 2347 884 2400 in
927 2346 1088 2401 terris
1123 2345 1492 2411 ordinaverit,
1526 2346 1599 2399 sit
1631 2346 1908 2400 decretum
1944 2346 2000 2400 in

431 2438 607 2493 caelis.
636 2437 850 2509 Ligabit
893 2439 1038 2492 enim
1070 2438 1216 2508 quod
1259 2438 1416 2508 ligari
1452 2446 1688 2507 oportet,
1731 2448 1785 2493 et
1829 2439 2002 2493 solvet

431 2531 580 2600 quod
612 2540 830 2600 oportet
853 2531 1014 2598 solvi,
1049 2542 1305 2600 tanquam
1339 2531 1431 2600 qui
1464 2530 1716 2586 Ecclesiae
1756 2531 1997 2600 regulam

429 2623 667 2677 noverit.
703 2623 883 2692 Ipsum
913 2637 1044 2692 ergo
1073 2622 1290 2689 audite,
1335 2633 1395 2677 ut
1426 2622 1659 2678 scientes
1689 2623 1834 2693 quod
1855 2665 1872 2690 ,
1905 2624 1998 2693 qui

429 2717 830 2772 contristaverit
867 2715 1109 2770 veritatis
1156 2711 1440 2783 praesidem
1466 2755 1481 2779 ,
1515 2725 1706 2783 peccat
1737 2714 1790 2767 in
1836 2713 1998 2768 Chri-

429 2819 606 2875 stum,
638 2817 691 2864 et
737 2809 1119 2864 universorum
1152 2809 1366 2862 Patrem
1414 2806 1592 2860 irritat
1623 2822 1636 2856 :
1669 2817 1998 2876 quapropter

426 2916 538 2955 non
561 2901 724 2956 vivet.
746 2900 1018 2956 Carterum
1046 2902 1220 2970 ipsum
1246 2900 1528 2970 praesidem
1559 2908 1773 2968 oportet
1802 2898 1996 2954 medici

425 2991 608 3047 locum
644 3001 847 3060 tenere,
876 3009 984 3048 non
1011 3001 1195 3047 autem
1226 2993 1354 3047 fera:
1383 2990 1569 3046 bestiae
1607 2987 1852 3044 furorem
1893 2991 1991 3045 ha-

425 3083 575 3140 bere.

496 3177 583 3232 ιη.
605 3177 729 3232 Haec
746 3178 837 3232 illo
862 3177 1099 3244 dicente,
1120 3191 1221 3246 ego
1241 3176 1534 3246 procidens
1557 3177 1813 3246 rogabam
1839 3189 1988 3238 eum,

425 3270 694 3324 cathedrae
725 3270 986 3324 honorem
1022 3278 1076 3324 et
1105 3277 1425 3340 potestatem
1457 3269 1778 3339 deprecans.
1808 3266 1992 3322 Atille

2117 505 2317 573 ἀγαθὸν
2345 505 2449 576 ὅλῳ
2481 505 2556 576 τῷ
2590 505 2776 576 κόσμῳ
2816 503 3048 576 μηνῦσαι
3096 504 3346 574 βασιλέα,
3381 505 3572 576 μέχρις
3603 508 3691 561 ὲν-

2115 596 2288 650 ταῦθα
2323 599 2389 668 τῇ
2437 595 2621 668 Ῥώμῃ
2643 598 2687 629 ⁸⁸
2716 598 3032 668 γενόμενος,
3065 597 3402 670 θεοὸουλήτῳ
3432 599 3685 655 διδασκα-

2115 687 2204 759 λίᾳ
2235 687 2420 752 σώζων
2449 688 2768 752 ἀνθρώπους
2791 728 2806 752 ,
2832 689 2992 746 αὐτὸς
3015 690 3109 742 τοῦ
3138 689 3232 742 νῦν
3265 689 3381 760 βίου
3413 690 3601 760 βιαίως
3625 692 3688 746 τὸ

2116 779 2214 850 ζῇν
2246 779 2570 851 μετήλλαξεν
2595 779 2723 850 (‘28).

2189 871 2249 926 ll.
2286 871 2429 943 Πρὸς
2444 873 2635 936 αὐταῖς
2665 871 2722 928 δὲ
2755 875 2875 937 ταῖς
2901 873 3135 945 ἡμέραις
3163 871 3251 937 αἷς
3279 873 3476 946 ῆμελλε
3502 880 3685 929 τελευ-

2113 965 2230 1036 τᾷν,
2255 964 2720 1037 συνηθροισμένων
2749 965 2854 1018 τῶν
2879 966 3141 1034 ἀδελφῶν,
3160 966 3436 1035 αἰφνιδίως
3465 968 3685 1039 λαϐόμε-

2112 1057 2201 1120 νός
2246 1074 2343 1127 μου
2374 1057 2474 1130 τῆς
2501 1057 2681 1129 χειρὸς
2711 1058 2956 1129 ἐγερθεὶς
2981 1059 3075 1112 ἐπὶ
3099 1060 3198 1129 τῆς
3225 1059 3517 1131 ἐκκλησίας
3549 1062 3679 1134 ἔφη·

2126 1150 2418 1203 Ἀκούσατέ
2448 1168 2546 1220 μου
2569 1190 2584 1214 ,
2619 1150 2836 1219 ἀδελφοὶ
2884 1152 2978 1204 καὶ
3029 1151 3329 1206 σύνδουλοι·
3394 1155 3575 1218 Ἐπεὶ,
3608 1155 3684 1218 ὼς

2111 1243 2394 1313 ἐδιδάχθην
2419 1243 2529 1295 ἀπὸ
2573 1243 2667 1296 τοῦ
2704 1260 2770 1314 με
2816 1243 3229 1307 ἀποστείλαντος
3261 1244 3465 1316 Κυρίου
3493 1262 3556 1298 τε
3590 1247 3684 1298 καὶ

2109 1335 2438 1388 Διδασκάλου
2483 1335 2654 1405 Ἰησοῦ
2686 1335 2943 1406 Χριστοῦ,
2980 1337 3034 1389 αί
3068 1335 3160 1388 τοῦ
3197 1336 3423 1390 θανάτου
3458 1355 3556 1408 μου
3591 1339 3684 1408 ἠγ-

2108 1430 2327 1499 γίκασιν
2379 1427 2582 1500 ἡμέραι
2607 1466 2620 1491 ,
2673 1427 2964 1498 Κλήμεντα
2997 1427 3106 1498 (29)
3154 1427 3340 1481 τοῦτον
3385 1429 3680 1507 ἐσπίσκοπον

2108 1523 2234 1593 ὑμῖν
2262 1521 2551 1592 χειροτονῶ
2573 1520 2703 1591 (50),
2733 1514 2776 1586 ᾧ
2804 1520 2903 1592 τὴν
2934 1520 3072 1592 ἐμὴν
3101 1519 3207 1572 τῶν
3240 1519 3409 1586 λόγων
3445 1521 3682 1575 πιστεύω

2106 1613 2394 1684 καθέδραν,
2427 1613 2505 1684 τῷ
2529 1613 2622 1665 ἀπ’
2640 1613 2812 1684 ἀρχῆς
2835 1630 2922 1683 μοι
2943 1613 3103 1683 μέχρι
3125 1611 3218 1664 τοῦ
3233 1612 3418 1675 τέλους
3435 1612 3680 1666 συνοδεύ-

2107 1723 2259 1759 σαντι
2283 1704 2374 1758 καὶ
2397 1705 2568 1767 οὕτως
2587 1704 2776 1758 πασῶν
2801 1721 2900 1774 μου
2915 1704 3024 1758 τῶν
3043 1704 3266 1774 ὁμιλιῶν
3283 1704 3646 1758 ἐπακούσαντι
3659 1721 3674 1736 ·

2107 1797 2336 1851 συνελὼν
2359 1797 2488 1869 ἐρῶ,
2522 1797 2583 1860 ὃς
2618 1799 2675 1849 ἐν
2709 1799 2841 1850 πᾶσι
2865 1800 3194 1869 πειρασμοῖς
3216 1814 3314 1867 μου
3350 1799 3679 1868 κοινωνήσας

2102 1893 2168 1961 τῇ
2189 1889 2366 1943 πίστει
2391 1889 2812 1962 προσκαρτερῶν
2829 1889 2872 1920 ⁶⁰
2887 1889 3102 1960 εὑρέθη·
3121 1889 3180 1941 ὃν
3198 1888 3378 1941 πλεῖον
3400 1889 3441 1920 ⁸⁸
3464 1889 3679 1942 πάντων

2105 1981 2442 2053 πεπείραμαι
2473 1981 2718 2052 θεοσεϐῆ,
2749 1980 3146 2052 φιλάνθρωπον,
3166 1981 3345 2050 ἁγνὸν,
3372 1979 3675 2052 πολυμαθῆ,

2106 2072 2374 2146 σώφρονα,
2399 2073 2618 2143 ἀγαθὸν,
2640 2075 2868 2137 δίκαιον,
2896 2073 3262 2144 μακρόθυμον,
3294 2073 3388 2126 καὶ
3416 2073 3679 2141 γενναίως

2101 2164 2279 2218 aiam
2293 2165 2478 2236 φέρειν
2495 2166 2594 2228 τὰς
2609 2166 2764 2218 ἐνίων
2779 2165 2885 2218 τῶν
2904 2182 3139 2236 κατηχου
3148 2164 3321 2235 μένων
3337 2162 3672 2236 ἀχαριστίας.

2099 2256 2194 2309 Διὸ
2223 2256 2371 2327 αὐτῷ
2406 2257 2732 2328 μεταδίδωμι
2754 2257 2852 2328 τὴν
2883 2256 3129 2320 ἐξουσίαν
3146 2256 3239 2309 τοῦ
3269 2255 3552 2327 δεσμεύειν
3584 2258 3676 2310 καὶ

2099 2347 2268 2412 λύειν,
2299 2348 2387 2402 ἵνα
2422 2349 2549 2420 περὶ
2581 2349 2779 2412 παντὸς
2808 2340 2868 2401 οὗ
2899 2347 2963 2402 ἂν
2995 2350 3344 2421 χειροτονήσῃ
3387 2350 3480 2404 ἐπὶ
3511 2351 3609 2422 τῆς
3628 2352 3673 2388 ⁸⁸

2099 2441 2203 2511 γῆς
2231 2439 2382 2493 ἐσται
2413 2441 2900 2512 δεδογματισμένον
2932 2443 2990 2495 ἐν
3021 2443 3286 2513 οὐρανοῖς.
3325 2443 3486 2514 Δήσει
3512 2443 3620 2515 γὰρ
3646 2445 3675 2497 ὃ

2099 2533 2179 2586 δεῖ
2204 2533 2443 2604 δεθῆναι,
2471 2534 2564 2586 καί
2590 2533 2739 2586 λύσει
2765 2532 2793 2586 ὃ
2821 2533 2902 2586 δεῖ
2929 2532 3170 2605 λυθῆναι,
3198 2534 3273 2597 ὼς
3290 2535 3381 2588 τὸν
3412 2535 3512 2606 τῆς
3551 2534 3674 2588 Ἐκ-

2099 2624 2325 2696 κλησίας
2355 2624 2510 2688 εἰδὼς
2543 2625 2643 2696 12
2677 2625 2894 2679 κανόνα.
2927 2624 3099 2678 Αὐτοῦ
3131 2621 3222 2679 οὖν
3269 2625 3565 2690 ἀκούσατε,
3599 2626 3673 2689 ὡς

2099 2717 2315 2786 γνόντες
2343 2718 2423 2769 ὅτι
2449 2719 2478 2770 ό
2503 2717 2594 2770 τὸν
2625 2717 2668 2748 ⁸³
2701 2717 2954 2789 ἀληθείας
2980 2717 3448 2790 προκαθεζόμενον
3491 2717 3672 2772 λυπῶν

2099 2809 2180 2872 είς
2214 2808 2447 2880 Χριστὸν
2490 2807 2811 2881 ἁμαρτάνει,
2854 2811 2946 2862 καὶ
2988 2809 3078 2863 τὸν
3122 2811 3338 2880 Πατέρα
3379 2809 3488 2862 τῶν
3539 2810 3672 2863 ὅλων

2099 2901 2420 2973 παροργίξει
2437 2919 2450 2932 ·
2486 2895 2546 2955 οὗ
2570 2903 2774 2956 εἵνεκεν
2801 2902 2862 2955 οὐ
2886 2902 3124 2974 ζήσεται.
3152 2903 3260 2955 Καὶ
3291 2902 3450 2955 αὑτὸν
3472 2899 3564 2956 οὗν
3592 2903 3674 2955 δεῖ

2096 3009 2187 3046 τον
2222 2993 2688 3065 προκαθεζόμενον
2721 2992 2905 3064 ίατροῦ
2937 2994 3099 3048 τόπον
3129 2995 3347 3065 ἐπέχειν
3367 2995 3432 3060 ει,
3471 2997 3532 3048 ού
3576 2995 3674 3066 θη-

2021 3107 2065 3164 C
2100 3085 2216 3158 ρίου
2246 3086 2441 3155 ἀλόγου
2472 3085 2643 3157 θυμὸν
2672 3085 2833 3156 ἔχειν.

2167 3177 2255 3233 lll.
2287 3178 2461 3232 Αὐτοῦ
2479 3179 2649 3232 ταῦτα
2677 3178 2943 3248 λέγοντος,
2968 3177 3076 3248 ἐγὼ
3107 3176 3430 3252 προσπεσὼν
3451 3177 3667 3232 ἐπεδεό-

2103 3289 2209 3343 μην
2231 3271 2276 3303 ⁸⁵
2304 3270 2489 3336 αὑτοῦ,
2521 3271 2953 3341 παραιτούμενος
2980 3271 3079 3344 τὴν
3100 3272 3198 3344 τῆς
3222 3272 3484 3344 καθέδρας
3504 3273 3667 3344 τιμήν

1616 3407 2182 3464 INTERPRETATIO
2217 3407 2477 3463 RUFlNI.

494 3498 556 3552 ll.
589 3498 648 3552 In
670 3499 804 3570 ipsis
841 3510 1022 3554 autem
1052 3500 1265 3564 diebus,
1296 3500 1498 3569 quibus
1533 3502 1656 3556 vitae
1689 3502 1852 3556 ﬁnem
1902 3503 2004 3557 sibi
2031 3502 2320 3557 imminere
2373 3501 2679 3570 praesensit,
2708 3499 2764 3554 in
2796 3509 3067 3556 conventu
3125 3501 3361 3570 fratrum
3416 3499 3658 3570 positus,

425 3570 767 3641 apprehensa
797 3587 959 3624 manu
993 3586 1113 3623 mea
1140 3579 1360 3641 repente
1400 3586 1762 3641 consurgens,
1808 3573 1861 3626 in
1895 3573 2122 3626 auribus
2155 3572 2323 3626 totius

2403 3572 2614 3626 eelesize
2644 3572 2757 3640 haec
2799 3571 3024 3640 protulit
3048 3573 3214 3626 verba
3251 3589 3263 3625 :
3308 3569 3508 3623 Audite
3546 3585 3660 3640 me,

421 3633 621 3713 fratres
648 3641 967 3713 eteouservi
987 3641 1105 3713 _mei
1138 3657 1150 3694 :
1178 3633 1635 3713 Quoniam‘sicuf
1672 3633 1899 3697 edoctus
1939 3657 2060 3713 sum
2100 3643 2257 3695 abeo
2285 3642 2376 3711 qui
2407 3643 2556 3696 misit
2587 3633 2682 3713 _mé
2717 3633 3053 3713 Dominohet
3095 3641 3353 3713 Magistro
3379 3655 3502 3713 meo
3533 3633 3663 3713 .lesu

419 3708 663 3782 Christo,
691 3711 806 3782 dies
837 3711 1028 3782 mortis
1061 3727 1194 3766 mea:
1223 3709 1772 3782 instat,Clemeutem
1802 3713 1948 3767 hunc
1981 3708 2480 3782 episcopiinfvobis
2504 3711 2698 3766 ordino
2723 3728 2737 3777 ;
2763 3711 2852 3765 cui
2881 3711 2986 3782 soli
3017 3727 3151 3782 mea:
3183 3708 3589 3782 pradicationis
3609 3718 3664 3764 et

421 3780 686 3834 doctrinae
739 3781 1069 3835 Cathedram
1110 3782 1310 3846 credo;
1341 3781 1435 3850 qui
1471 3781 1600 3834 mihi
1640 3783 1709 3836 ab
1733 3782 1887 3836 initio
1929 3780 2103 3851 usque
2133 3780 2200 3836 ait
2227 3782 2386 3836 tinem
2417 3797 2600 3836 comes
2644 3782 2698 3835 in
2742 3781 2998 3836 omnibus
3022 3781 3146 3847 fuit,
3180 3792 3232 3836 et
3263 3796 3378 3851 per
3416 3781 3518 3851 hoc
3541 3796 3663 3851 _ve-

419 3852 636 3922 ritatem
679 3852 845 3906 totius
893 3867 1027 3906 mea:
1086 3849 1488 3921 praedicationis
1539 3854 1786 3922 agnovit,
1837 3852 1930 3921 qui
1983 3849 2037 3905 in
2078 3853 2337 3922 omnibus
2389 3852 2777 3907 tentationibus
2829 3851 3204 3922 meissocius
3245 3849 3474 3910 exstitit,
3529 3849 3660 3922 tide-

420 3919 543 3975 liter
567 3935 924 3992 perseverans
951 3939 964 3989 ;
1008 3919 1168 3991 quem
1197 3937 1308 3991 pra:
1341 3922 1552 3977 caeteris
1576 3919 1869 3992 expertus
1896 3937 2016 3977 sum
2073 3919 2243 3978 Deum
2278 3922 2568 3987 colentem,
2618 3924 2865 3992 homines
2891 3921 3268 3992 _diligentem,
3307 3929 3557 3992 castum,
3575 3919 3660 3972 di»

421 3988 610 4062 sceudi
658 3992 857 4046 studiis
906 3988 1167 4062 deditum,
1195 3988 1459 4054 sobrium.
1491 3988 1808 4061 benignum.
1838 3993 2074 4060 justum,
2119 3994 2436 4062 patientem,
2471 4000 2526 4046 et
2574 3991 2835 4062 scientem
2882 3988 3437 4062 ferre'nonnullorum
3490 3990 3656 4046 etiam

421 4074 490 4132 _ex
523 4061 731 4132 bisqui
760 4062 815 4116 in
843 4063 1008 4116 verbo
1046 4061 1137 4115 Dei
1172 4062 1519 4116 instruuntur
1551 4060 1803 4132 injurias.
1835 4062 2067 4132 Propter
2095 4060 2240 4132 quod
2266 4063 2370 4132 ipsi
2413 4063 2569 4116 trado
2597 4077 2638 4132 a7
2656 4060 2886 4114 Domino
2923 4060 3271 4132 mihidatam
3325 4068 3652 4132 potestatem

419 4128 622 4203 ligandi
641 4128 976 4203 etsolvendi,
999 4141 1060 4185 ut
1079 4131 1425 4203 deiomnibus
1445 4128 1864 4203 quibuscunque
1883 4128 2251 4187 decreveritin
2283 4128 2462 4195 terris,
2483 4132 2588 4186 hoc
2609 4131 2886 4203 decretum
2911 4130 3121 4203 sit_e_tin
3149 4131 3323 4203 egetis.
3356 4130 3468 4203 (51)
3499 4128 3655 4198 Liga-

420 4199 501 4273 hi’t
521 4199 664 4254 enim
700 4201 854 4273 quod
877 4210 1092 4271 oportet
1130 4201 1324 4273 ligari,
1359 4211 1412 4256 et
1464 4199 1642 4258 solvet
1685 4199 1830 4272 quod
1864 4203 2082 4272 expedit
2137 4203 2294 4264 solvi,
2333 4213 2593 4273 tanquam
2629 4201 2740 4273 qui
2765 4199 2830 4252 ad
2867 4199 3134 4273 liquidum
3178 4200 3435 4254 Ecclesiae
3488 4215 3650 4273 regu-

424 4269 548 4343 la_m_
577 4268 804 4329 noverit.
831 4268 1014 4343 ipsum
1047 4268 1184 4341 ergo
1205 4272 1410 4343 audite.
1441 4274 1676 4327 scientes
1705 4268 1852 4343 'quia
1901 4268 2214 4343 quicunque
2249 4268 2665 4343 contristaverit
2711 4270 2990 4343 doctorem
3024 4272 3296 4330 veritatis.
3357 4276 3546 4343 peccat
3593 4268 3651 4321 in

421 4337 723 4413 Christum,
751 4352 803 4394 et
827 4337 1314 4413 P’atremgoninium
1337 4343 1627 4397 exacerbat
1656 4337 1845 4406 Deum,
1873 4337 2094 4413 propter
2115 4337 2261 4413 quod
2289 4352 2343 4399 et
2366 4343 2471 4396 vita
2491 4339 2716 4413 carebit.
2752 4339 2865 4411 (32)
2892 4339 3072 4410 Ipsum
3115 4351 3296 4397 autem
3328 4337 3422 4408 qui
3458 4349 3654 4408 praeest

421 4409 650 4482 aleris,
681 4419 892 4479 oportet
921 4411 1114 4467 medici
1145 4411 1316 4465 vicem
1350 4427 1530 4482 agere,
1555 4421 1736 4467 etnon
1769 4409 1897 4468 ferai
1925 4409 2112 4468 béstia:
2135 4409 2327 4468 furore
2350 4410 2703 4466 commoveri.

493 4476 580 4532 ΙΙΙ.
608 4476 732 4552 llaec
758 4495 822 4534 eo
847 4481 1079 4547 dicente,
1108 4497 1208 4550 ego
1232 4476 1516 4550 procidens
1551 4482 1618 4534 ad
1650 4484 1811 4552 pedes
1837 4484 1978 4552 ejus,
2025 4483 2304 4552 rogabam,
2338 4497 2605 4537 excusans
2638 4495 2746 4552 me,
2775 4489 2829 4536 et
2858 4479 3140 4535 declinans
3167 4481 3426 4534 honorem
3458 4482 3649 4533 cathe—

421 4547 554 4616 dm,
581 4550 667 4604 vel
705 4560 1055 4620 potestatem.
1081 4547 1262 4607 At'ill'e
1292 4553 1628 4622 respondens
1651 4547 1675 4608 ἐ
1706 4552 1811 4607 Ρι·ο
1840 4547 1964 4620 Ιιόο,
1994 4547 2188 4622 inquit,
2221 4569 2288 4606 ne
2335 4568 2422 4606 me
2456 4551 2734 4623 rogaveris
2762 4568 2776 4606 :
2811 4553 2916 4607 hoc
2941 4552 3084 4607 enim
3111 4552 3226 4606 fieri
3279 4557 3544 4606 statutum
3567 4556 3652 4603 est

1717 4664 1948 4720 VARle
1989 4663 2387 4719 LECTIONES.

491 4755 537 4788 ’⁸
558 4773 759 4828 πφνηρο

491 4775 537 4788 ὐ
558 4775 656 4809 πον
701 4775 791 4828 ρου
834 4775 1026 4820 αιωνος
1058 4775 1184 4811 “III.
1237 4775 1291 4811 ει
1339 4775 1459 4810 σου.
1495 4775 1516 4808 ι

421 4826 468 4907 Ω
505 4835 558 4907 ο]
584 4775 735 4907 “.979
774 4826 1018 4907 ravim;
1049 4828 1108 4907 ρ·
1134 4825 1516 4907 ,εἶιεεοητῆς

423 4897 468 4928 ⁸³
488 4897 588 4979 τῆς
612 4897 672 4979 ς),
743 4895 1265 4979 τδ.ν’τῆς¹ιηοιμίιη5.
1558 4912 1606 4951 c.
1803 4907 1861 4953 ut
1890 4895 1955 4954 0.

420 4976 504 5022 est
531 4965 568 5022 S
599 4967 666 5022 de
689 4965 924 5022 lectione
961 4967 1234 5024 Cotelerii.
1308 4967 1352 4999 °'
1380 4965 1605 5038 ἐδεόμην
1635 4965 1700 5020 Ο.

761 4755 791 4809 ὖ
834 4755 1026 4835 αἰῶνος
1056 4754 1291 4835 {inﬂue}
1339 4755 1477 4835 cod:
1494 4754 1782 4835 Reg-804.
1810 4756 1958 4835 :l‘um
1985 4757 2242 4828 ἐσομένου
2278 4757 2468 4835 (Luturi
2496 4756 2698 4835 εωςιιιὶ)
2729 4756 2881 4835 conj;
2901 4755 2966 4810 C.
2999 4754 3130 4835 Qeip
3171 4754 3298 4835 dedi.
3329 4753 3642 4835 pnvﬁcatnc.

1561 4799 1782 4899 λῗιῶἶιὲἶέ
1809 4799 1960 4899 si"?
1985 4799 2472 4899 massam:

2055 4901 2079 4929 δ
2109 4894 2334 4971 ἀπέχειν
2368 4898 2448 4952 Cl.
2501 4909 2688 4954 contra
2728 4897 2887 4952 codd.
2931 4894 3332 4952 auctoritatem.
3373 4894 3646 4963 Deceptus

2569 4828 2610 4858 “
2641 4824 2902 4907 πλείω-ζ).
2997 4826 3050 4907 θ’.
3069 4826 3168 4907 τῆς
3209 4824 3435 4907 atljun‘si
3483 4841 3532 4877 (τ.
3627 4863 3644 4880 .

1716 5074 2082 5133 VARIOBUM
2124 5074 2358 5132 ΝΟΤᾸΕ.

494 5194 602 5268 (28)
631 5192 819 5259 Αὐτὸς
846 5191 950 5246 τοῦ
965 5191 1108 5268 ﬁlo];
1123 5190 1332 5268 ,βιαίως
1351 5189 1415 5244 τὸ
1447 5188 1552 5258 ζῇν
1574 5187 1973 5268 μετ-ἡλλαξεντ

423 5260 656 5331 Secutus
703 5273 787 5317 est
833 5272 1023 5316 auctor
1062 5261 1318 5331 Epistolis:
1365 5276 1609 5315 errorem
1657 5274 1846 5312 eorum
1877 5260 1971 5331 qui

419 5329 581 5390 Petro
625 5334 886 5390 Jacobum
917 5329 1254 5401 superfuisse
1295 5331 1701 5387 arbitrabantur
1734 5345 1747 5381 :
1778 5329 1973 5401 quales
2025 5362 2046 5387 ο

419 5406 689 5460 exstitisse
708 5399 1007 5458 eoustatei
1059 5402 1316 5457 Chronico
1352 5401 1726 5463 Alexandrino,
1775 5399 1829 5452 in
1860 5412 1970 5467 quo

417 5473 605 5530 Jacobi
650 5491 798 5530 mors
842 5471 1120 5529 confertur
1157 5473 1223 5525 ad
1254 5486 1458 5525 annum
1495 5472 1732 5540 primum
1763 5467 1967 5538 Vespa-

421 5544 969 5686 s'ﬁb’fﬁiimza.
998 5611 1100 5686 Qui
1119 5611 1399 5686 modestiae
1428 5627 1492 5686 ac
1523 5608 1860 5686 verecundiae
1893 5608 1972 5686 le-_

455 5680 513 5740 es
535 5680 643 5739 neu
672 5680 906 5753 ignorat,
933 5685 1148 5754 indigne
1179 5682 1422 5754 profecto
1453 5682 1621 5754 feret,
1660 5681 1837 5734 virum
1877 5680 1972 5754 qui

455 5701 513 5740 es
535 5700 643 5739 non
672 5700 906 5753 Ignorat,
933 5700 1148 5754 Inutgue
1179 5700 1422 5752 prOIecw
1453 5700 1621 5745 teret,
1660 5700 1837 5734 V'll'lllll
1877 5700 1970 5748 qut

419 5700 752 5813 Elementem
786 5754 1042 5810 inducere
1080 5770 1191 5809 non
1221 5753 1460 5820 erubuit,
1492 5751 1736 5808 subnexa
1763 5759 1817 5806 et
1866 5751 1970 5804 alia

2081 5205 2204 5259 qure
2243 5189 2443 5258 passim
2473 5204 2568 5259 per
2597 5197 2762 5243 totam
2801 5187 3088 5259 epistolam
3127 5189 3450 5256 efferuntur,
3481 5191 3547 5246 de
3576 5208 3639 5248 se

2080 5257 2818 5329 nullo’pudore'narrairtem.
2845 5257 3016 5312 Cour.

2147 5327 2274 5451 (503‘
2295 5327 2636 5410 Χεξιροτονῶἷ
2677 5327 2909 5411 Ερίιριῐι.
2945 5328 3046 5408 Μιθξ
3078 5346 3091 5383 :
3128 5327 3416 5411 χειροτονῷ
3465 5331 3637 5412 σήμε-

2147 5417 2191 5451 ν.
2269 5415 2414 5451 ersm
2455 5398 2658 5451 Rulint.
2689 5399 2913 5451 ordino:
2956 5398 3048 5451 ubi
3083 5407 3261 5451 tamen
3307 5416 3398 5451 um
3433 5401 3637 5451 dicitur

2079 5398 2872 5479 ροντγεγεὶιξιῐὶυίίιιί,’σι’άίηο
2895 5413 2931 5479 ε.
2956 5398 3048 5452 ubi
3083 5398 3261 5452 tamen
3307 5401 3398 5479 qui
3433 5398 3638 5479 dicitur

2073 5469 2298 5540 Abdias,
2326 5469 2579 5522 ordinabo
2603 5469 3048 5539 videturlegisse,
3067 5469 3353 5540 χειροτονῶ
3375 5470 3428 5523 in
3454 5470 3636 5525 futuro

2073 5541 2126 5594 2.
2140 5539 2508 5730 |((.;;(f')r.Ciltlatur
2538 5609 2592 5666 in
2622 5607 2794 5680 Epist.
2829 5607 3208 5665 Leodiensium
3235 5609 3500 5666 adversus
3526 5609 3633 5665 Pa-

2076 5695 2134 5730 SC
2157 5695 2204 5730 la
2230 5695 2314 5730 em
2396 5718 2408 5730 .

2076 5681 2314 5735 sebalem
2347 5681 2408 5731 ll.

2146 5749 2258 5822 (ὅθ)
2296 5748 2476 5804 Citam
2506 5747 2834 5806 Leodienses
2861 5749 2996 5826 ibid.
