4068 6338
256 291 331 348 57
947 284 1485 343 CLEMENTINA.—-
1516 284 1855 341 EPISTOLA
1886 284 2277 342 CLEMENTIS
2319 285 2409 340 AD
2441 286 2781 345 JACOBUM.
3423 291 3493 347 38

254 427 324 463 τε
362 408 460 462 καὶ
504 404 767 470 ἐξουσίαν.
812 403 868 458 '0
899 402 942 456 δ’
989 402 1348 475 ἀπεκρίνατο·
1380 400 1517 474 Περὶ
1547 401 1736 455 τούτου
1768 420 1830 473 με

1939 404 2219 473 respondit
2252 420 2265 456 :
2298 402 2411 459 Hac
2439 406 2505 459 de
2528 421 2587 460 re
2610 406 2721 461 noli
2749 422 2835 461 me
2864 421 3022 463 orare
3047 427 3062 465 :
3093 408 3196 465 hoc
3217 410 3362 466 enim
3387 412 3502 467 ﬁeri

257 500 341 574 μὴ
364 500 411 530 ⁸⁸
440 495 594 562 ἀξίου
613 514 625 527 ο
657 495 813 549 τοῦτο
856 494 965 567 γὰρ
993 494 1243 563 γενέσθαι
1289 493 1531 548 δέδοκταί
1574 511 1701 564 μοι,
1742 495 1835 547 καὶ

253 591 434 662 ταύτῃ
485 589 683 661 μᾶλλον
709 589 757 641 εἰ
786 590 1053 659 παραιτῇ·
1088 588 1169 641 ὅτι
1199 588 1231 657 ἡ
1260 585 1479 658 τοιαύτη
1508 586 1743 658 καθέδρα
1774 587 1834 640 ού

256 681 777 754 φιλοκαθεδροῦντος
795 678 1065 751 τολμηροῦ
1087 678 1273 751 χρείαν
1294 678 1424 747 ἔχει,
1446 678 1557 732 ἀλλ’
1577 679 1835 743 εύλαϐοῦς

255 776 352 828 τὸν
378 776 585 846 τρόπον
618 774 709 826 καὶ
745 769 1088 842 πολυμαθοῦς
1106 772 1150 803 ⁸⁷
1183 771 1289 840 (55)
1323 771 1414 822 τὸν
1445 770 1618 838 λόγον.
1651 770 1749 834 Δὸς
1780 771 1835 824 δὲ

253 868 350 920 τὸν
384 866 671 937 κρείττονα
695 864 826 935 (54),
847 864 905 926 ὃς
932 862 1054 934 ὲμοί
1074 880 1163 916 σου
1185 862 1363 915 πλεῖον
1395 861 1714 927 συνώδευσε,
1741 862 1834 915 καὶ

252 960 367 1014 τῶν
382 961 557 1028 λόγων
578 960 866 1029 ἐπήκουσε,
884 958 976 1009 καὶ
990 957 1086 1028 τὴν
1112 955 1373 1027 διοίκησιν
1398 955 1497 1025 τῆς
1511 954 1833 1026 Ἐκκλησίας

256 1051 669 1123 ὲκμεμάθηκεν,
699 1051 793 1105 καί
826 1050 923 1103 οὐκ
957 1048 1249 1117 ἀναγκάσω
1279 1066 1337 1101 σε
1370 1048 1546 1112 καλῶς
1577 1052 1748 1103 ποιεῖν
1771 1050 1831 1103 οὐ

256 1145 515 1197 θέλοντα·
553 1142 666 1196 ἀλλ’
698 1142 760 1194 οὐ
806 1142 1023 1213 δυνήσει
1047 1141 1092 1173 ⁸⁸
1140 1140 1233 1193 νῦν
1272 1140 1363 1193 τόν
1415 1158 1508 1194 σου
1555 1142 1834 1212 κρείττονα

256 1237 592 1307 παρασχεῖν·
650 1236 712 1289 σὺ
755 1233 863 1305 γὰρ
911 1234 982 1285 δι’
1029 1232 1164 1303 ἐμοῦ
1206 1232 1316 1302 (55)
1362 1230 1469 1285 τῶν
1518 1230 1833 1303 σωζομένων

256 1326 428 1380 ἐθνῶν
464 1329 498 1398 ἡ
523 1328 569 1357 ⁶⁹
605 1326 867 1398 κρείττων
916 1325 1158 1396 ἀπαρχὴ.
1208 1324 1354 1394 Πλὴν
1402 1324 1497 1377 καὶ
1542 1324 1602 1376 τὸ
1648 1324 1832 1396 ἕτερον

255 1420 511 1488 λόγισαι,
561 1420 643 1473 θαι
676 1420 723 1471 εί
745 1420 791 1449 "°
824 1418 913 1472 τὸν
944 1418 1185 1470 κίνδυνον
1216 1418 1312 1488 τῆς
1341 1417 1609 1488 ἁμαρτίας
1638 1416 1832 1486 φοϐού-

260 1522 421 1581 μενος
471 1511 574 1564 οὐκ
613 1511 843 1581 ἀναδέχῃ
890 1510 991 1580 τῆς
1050 1508 1368 1579 Ἐκκλησίας
1399 1508 1497 1579 τὴν
1530 1508 1790 1580 διοίκησιν
1814 1549 1829 1573 ,

256 1602 381 1658 εὗτί
415 1603 530 1657 ίσθι
576 1604 731 1667 εἰδὼς
775 1605 857 1656 ὃτι
906 1602 1085 1655 πλεῖον
1126 1602 1495 1673 ἁμαρτάνεις,
1537 1602 1683 1664 ὅστις
1720 1606 1831 1665 τοῖς

255 1699 589 1762 θεοσεϐἐσιν,
621 1696 808 1767 ὥσπερ
836 1695 1052 1748 πλέουσι
1086 1695 1179 1746 καὶ
1204 1694 1586 1756 κινδυνεύουσι,
1622 1692 1830 1764 βοηθεῖν

251 1790 579 1861 δυνάμενος,
601 1789 663 1840 ού
691 1787 883 1849 θέλεις,
907 1783 1212 1838 διασκοπῶν
1238 1783 1393 1855 μόνον
1414 1783 1475 1835 τὸ
1500 1783 1627 1836 ίδιον
1650 1783 1742 1837 καὶ
1767 1784 1827 1836 ού

248 1883 313 1937 τὸ
327 1885 483 1953 κοινῇ
504 1883 639 1934 πᾶσι
665 1878 958 1949 συμφέρον.
986 1878 1085 1947 13
1109 1878 1227 1930 Ὅτι
1248 1875 1305 1928 δὲ
1324 1874 1414 1928 τὸν
1438 1874 1676 1929 κίνδυνον
1694 1876 1827 1928 πάν-

249 1994 359 2041 τως
376 1973 735 2039 ἀναδέξασθαί
759 1988 817 2024 σε
845 1971 941 2033 δεῖ,
964 1968 1095 2039 ἐμοῦ
1123 1968 1278 2020 τοῦτο
1294 1966 1475 2032 ἀξιοῦν
1496 1968 1570 2037 μὴ
1590 1966 1829 2037 παυομέ-

248 2088 341 2123 νου
374 2070 458 2132 είς
489 2069 591 2139 τὴν
620 2066 727 2118 τῶν
749 2064 966 2118 πάντων
998 2060 1244 2133 βοήθειαν
1262 2060 1393 2131 (56),
1411 2059 1585 2132 ὀρθῶς
1605 2059 1829 2112 ἐπίστα-

252 2163 421 2216 cat".
460 2161 613 2231 Ὀσῳ
636 2155 727 2212 οῦν
748 2175 837 2229 μοι
870 2155 1159 2226 ταχύτερον
1189 2153 1615 2225 συνευδοκήσεις,
1645 2151 1829 2205 τοσοῦ-

249 2254 339 2308 τόν
376 2270 445 2324 με
472 2252 575 2323 τῆς
602 2250 841 2321 ἀθυμίας
868 2247 1163 2316 κουφίσεις.

321 2366 413 2422 IV.
447 2364 579 2421 Οἶδα
605 2366 661 2419 δὲ
680 2366 773 2418 καὶ
793 2362 971 2426 αὐτὸς,
994 2354 1037 2413 ὦ
1056 2361 1285 2432 Κλήμης
1300 2360 1367 2424 ⁷³,
1388 2359 1565 2422 λύπας
1584 2359 1677 2412 καὶ
1701 2358 1827 2411 ἀθυ-

254 2460 381 2531 μίας
414 2460 513 2512 καὶ
560 2457 838 2519 κινδύνους
878 2456 973 2507 καὶ
1008 2452 1207 2523 ψόγους
1236 2452 1363 2515 τοὺς
1404 2451 1463 2518 ἐξ
1494 2451 1828 2505 ἀπαιδεύτων

252 2553 425 2622 δχλων
456 2569 542 2605 σοι
572 2549 933 2620 δωρούμενος,
972 2545 1065 2609 οὒς
1091 2544 1294 2615 δυνήσῃ
1326 2545 1589 2613 γενναίως
1621 2545 1825 2616 φέρειν,

254 2644 454 2716 ἐνορῶν
478 2644 581 2714 τῆς
613 2640 891 2711 ὑπομονῆς
918 2638 1007 2691 τὸν
1028 2636 1092 2689 ἐκ
1113 2636 1249 2691 Θεοῦ
1280 2653 1359 2689 σοι
1389 2636 1560 2706 μέγαν
1587 2636 1829 2691 ἀποδιδό-

256 2753 416 2807 μενον
444 2733 654 2806 μισθόν.
698 2732 857 2785 Ἀλλά
879 2731 972 2785 καὶ
1003 2728 1224 2793 δικαίως
1257 2727 1681 2799 συνενθυμήθητί
1716 2745 1825 2798 μοι,

1937 502 2197 549 statutum
2228 504 2333 559 est,
2362 511 2537 566 eoque
2565 498 2739 565 magis
2762 502 2906 568 quod
2935 515 3199 567 excusas;
3234 502 3360 571 quia
3392 503 3506 557 lucc

1935 589 2193 643 cathedra
2246 604 2355 643 non
2405 604 2542 659 Opus
2572 591 2734 645 habet
2776 592 3065 646 temerario
3105 592 3327 647 sedendi
3357 592 3410 646 in
3440 608 3504 648 ea

1935 680 2152 750 cupido,
2208 680 2300 735 sed
2354 681 2473 736 viro
2524 683 2771 737 moribus
2818 692 3009 737 sancto
3056 693 3110 738 et
3157 685 3212 738 in
3253 685 3504 740 doctrina

1934 772 2170 828 erudito.
2199 772 2368 828 Porro
2399 774 2464 828 da
2494 774 2624 827 mihi
2656 774 3112 843 praestantiorem,
3150 776 3242 845 qui
3286 778 3411 846 plus
3455 786 3506 833 te

1935 879 2146 919 mecum
2184 865 2558 934 peregrinatus
2586 864 2772 931 fuerit,
2800 874 2854 921 et
2896 882 3177 922 sermones
3211 885 3360 924 meos
3394 886 3487 924 au-

1934 956 2115 1022 dierit,
2158 972 2221 1011 ac
2266 956 2521 1012 Ecclesia:
2551 958 3083 1013 administrationem
3132 959 3413 1026 didicerit;
3446 969 3502 1015 et

1934 1062 2043 1101 non
2068 1063 2255 1118 cogam
2282 1058 2353 1110 te,
2388 1049 2653 1103 nolentem
2685 1049 2821 1104 bene
2851 1066 3030 1120 agere.
3060 1049 3164 1104 Sed
3196 1066 3304 1105 non
3344 1060 3498 1121 pote-

1935 1139 2012 1195 ris
2046 1156 2191 1194 nunc
2220 1141 2497 1194 meliorem
2525 1157 2688 1211 quam
2723 1150 2775 1195 tu
2811 1158 2871 1197 es
2899 1143 3178 1198 exhibere.
3218 1142 3300 1197 Tu
3342 1160 3502 1198 nam--

1934 1247 2041 1301 que
2068 1231 2209 1286 inter
2245 1247 2340 1287 eos
2372 1232 2465 1302 qui
2495 1249 2591 1303 per
2620 1250 2705 1288 me
2737 1250 2800 1287 ex
2828 1235 3079 1304 gentibus
3122 1236 3319 1290 servati
3350 1246 3499 1301 sunt,

1932 1323 2111 1377 locum
2143 1324 2469 1393 optimarum
2499 1326 2862 1395 primitiarum
2890 1326 3122 1381 obtines.
3160 1326 3263 1381 Sed
3292 1327 3502 1381 ctalind

1934 1426 2123 1484 reputa
2157 1434 2170 1469 :
2202 1416 2348 1486 quod
2380 1417 2425 1471 si
2450 1418 2652 1487 peccati
2682 1418 2988 1487 periculum
3022 1426 3273 1473 metuens
3308 1417 3500 1474 Eccle-

1934 1508 2027 1563 sia:
2082 1510 2526 1579 gubernationem
2568 1527 2679 1565 non
2738 1513 3011 1584 suscipis,
3055 1522 3238 1567 certus
3285 1521 3403 1567 esto
3448 1522 3499 1567 te

1933 1600 2166 1669 amplius
2204 1617 2456 1670 peccare,
2486 1602 2601 1673 qui,
2636 1619 2758 1657 cum
2805 1604 2985 1673 possis
3029 1603 3124 1658 Dei
3174 1605 3498 1673 cultoribus,

1933 1678 2080 1745 velut
2119 1692 2503 1762 navigantibus
2537 1703 2589 1749 et
2635 1695 3104 1764 periclitantibus,
3153 1712 3497 1764 succurrere,
3526 1742 3539 1760 ι

1932 1783 1983 1838 id
2009 1782 2185 1839 facere
2218 1800 2460 1850 recusas,
2487 1787 2630 1855 quod
2660 1798 2811 1840 tuum
2844 1798 2927 1841 est
2953 1788 3217 1843 duntaxat
3246 1791 3498 1846 conside-

1931 1892 2094 1943 rans,
2126 1886 2314 1931 etnon
2345 1878 2490 1948 quod
2528 1880 2580 1932 in
2620 1894 2909 1935 commune
2954 1882 3213 1937 omnibus
3259 1883 3495 1953 expedit.

1931 1966 2085 2035 Quod
2114 1980 2291 2024 autem
2344 1971 2646 2039 periculum
2683 1973 2909 2026 uiiinino
2942 1976 3221 2043 suscipere
3248 1984 3299 2029 te
3331 1991 3496 2045 opor-

1931 2070 2024 2127 tet,
2064 2078 2147 2117 me
2174 2063 2223 2115 id
2258 2077 2449 2131 rogare
2486 2078 2591 2116 non
2618 2073 2863 2117 cessante
2888 2063 2941 2117 in
2971 2073 3290 2120 cunctorum
3315 2066 3496 2121 subsi-

1930 2154 2102 2217 dium,
2129 2154 2331 2223 optimc
2362 2155 2579 2210 novisti.
2605 2153 2820 2221 Quanto
2856 2170 2986 2227 ergo
3016 2158 3180 2213 citius
3228 2159 3363 2213 mihi
3406 2175 3495 2214 as-

1931 2260 2125 2300 sensus
2160 2244 2351 2311 I‘ueris,
2377 2256 2526 2301 tanto
2550 2262 2637 2302 me
2670 2248 2890 2303 tristitia
2923 2248 3148 2305 levabis.

2000 2357 2088 2413 ιν.
2122 2356 2254 2413 Novi
2284 2368 2464 2414 autem
2487 2361 2649 2415 etiam
2678 2362 2812 2431 ipse,
2840 2377 2871 2414 o
2901 2362 3177 2428 Clemens,
3218 2362 3365 2433 quod
3396 2362 3492 2417 tibi

1930 2451 2214 2506 conciliem
2240 2452 2521 2507 molestias
2552 2461 2607 2506 et
2645 2470 2909 2509 maerores
2933 2463 2986 2509 et
3013 2454 3253 2525 pericula
3286 2463 3341 2508 et
3366 2470 3492 2523 pro-

1929 2542 2039 2597 bra'
2057 2542 2125 2596 ab
2156 2542 2423 2597 inerudita
2470 2543 2624 2612 plebe
2674 2544 3061 2614 importanda;
3109 2562 3231 2615 qua:
3284 2544 3497 2601 fortiter

1929 2636 2135 2704 poteris
2159 2634 2320 2701 ferre,
2350 2635 2650 2705 respiciens
2672 2636 2737 2690 ad
2771 2638 3048 2706 patientia:
3072 2654 3325 2708 magnam
3352 2655 3495 2693 mer-

1931 2727 2115 2781 cedem
2144 2726 2291 2780 tibia
2343 2725 2455 2781 Deo
2482 2727 2836 2783 reddendam.
2885 2728 2991 2784 Sed
3022 2737 3075 2784 et
3115 2730 3246 2784 illud
3278 2746 3491 2785 mecum

253 2828 386 2880 πότε
422 2843 519 2879 σου
560 2826 659 2897 τῆς
696 2822 1009 2895 ξυμμαχίας
1038 2821 1225 2893 χρείαν
1256 2819 1365 2889 ἔχει
1390 2820 1418 2872 ὁ
1448 2818 1697 2891 Χριστὸς,
1734 2817 1828 2872 νῦν

1932 2817 2072 2889 iuste
2098 2817 2415 2873 considera:
2445 2819 2664 2889 quando
2696 2828 2789 2875 tuo
2818 2822 3027 2877 auxilio
3050 2838 3189 2892 opus
3218 2832 3302 2877 est
3332 2822 3493 2878 Chri-

254 2920 340 2973 ὅτε
366 2920 397 2971 ὁ
416 2917 654 2989 πονηρὸς
681 2915 823 2970 κατὰ
843 2916 939 2986 τῆς
960 2914 1121 2968 αὐτοῦ
1141 2912 1357 2983 νύμφης
1377 2912 1607 2982 πόλεμον
1635 2912 1825 2983 ἤρατο,

1932 2919 2038 2977 sto,
2066 2926 2211 2965 nunc
2234 2925 2359 2965 cum
2383 2910 2560 2965 malus
2590 2910 2854 2967 adversus
2902 2927 3163 2981 sponsam
3198 2912 3346 2967 illius
3376 2912 3493 2967 bel-

252 3012 289 3083 ἢ
324 3014 407 3075 είς
440 3012 534 3064 τὸν
562 3010 784 3063 ἐπιόντα
817 3008 1004 3079 χρόνον
1028 3045 1044 3070 ,
1080 3006 1167 3059 ὅτε
1198 3006 1425 3075 νικήσας
1457 3002 1759 3073 βασιλεύσει
1782 3004 1827 3035 ⁷⁸

1932 3002 2042 3057 lum
2075 3001 2335 3072 suscepit,
2368 3017 2435 3056 an
2460 3001 2513 3055 in
2550 3003 2796 3071 sequenti
2828 3012 3097 3073 tempore,
3144 3004 3365 3073 quando
3414 3005 3495 3057 νί-

258 3103 533 3175 μηδεμιᾶς
559 3101 653 3155 τοῦ
681 3098 866 3154 λοιποῦ
899 3098 1083 3172 χρείαν
1112 3097 1249 3169 ἔχων
1272 3094 1554 3168 βοηθείας;
1585 3096 1704 3165 οὐχὶ
1731 3095 1825 3149 καὶ

1932 3096 2097 3151 ctoria
2128 3103 2283 3166 parta
2308 3095 2575 3167 regnabit,
2608 3096 2758 3152 nullo
2791 3096 3024 3167 amplius
3065 3096 3308 3153 subsidio
3354 3097 3495 3152 indi-

1452 3211 2013 3268 INTERPRETATIO
2054 3212 2309 3269 RUFINI.

255 3312 392 3368 mihi
417 3329 432 3375 ;
458 3320 513 3366 et
542 3327 606 3365 eo
636 3307 974 3381 magisiquod
1006 3321 1237 3381 excusas
1258 3326 1269 3361 :
1289 3305 1426 3381 _qu_ia
1457 3306 1570 3381 haec
1600 3306 1854 3381 cathedra
1890 3320 2014 3381 eum
2045 3306 2138 3376 qui
2163 3307 2311 3381 cupit
2338 3321 2455 3361 eam
2478 3316 2541 3381 _et
2566 3305 3069 3381 audactererpetit,
3102 3325 3208 3364 non
3238 3312 3491 3381 requirit,

254 3386 350 3437 sed
379 3374 635 3436 ornatum
667 3374 912 3433 moribus
940 3377 1068 3431 etin
1093 3379 1259 3448 verbo
1289 3374 1711 3448 Deieruditum.
1766 3374 1923 3441 Quod
1956 3376 2002 3430 si
2048 3374 2192 3431 esset
2216 3374 2360 3448 alius
2388 3378 2601 3442 melior,
2648 3378 2740 3447 qui
2768 3379 2898 3431 mihi
2919 3374 3153 3448 'adjntor
3194 3374 3493 3436 tam'sedu;

256 3453 343 3507 lus
372 3454 660 3513 astitisset,
691 3451 736 3503 si
760 3449 885 3517 quis
917 3456 1025 3501 tam
1054 3447 1210 3517 plene
1229 3446 1491 3500 doctrina:
1513 3462 1648 3501 mea:
1692 3447 1959 3501 rationem
1987 3448 2244 3516 cepisset,
2272 3447 2367 3502 sed
2396 3460 2449 3501 et
2483 3448 2880 3503 ecclesiasticas
2927 3446 3314 3516 dispositiones
3343 3466 3373 3506 a
3408 3468 3494 3506 me

257 3533 368 3577 tam
388 3522 549 3593 plene
571 3516 868 3585 didicisset,
887 3517 1093 3572 habens
1106 3516 1272 3593 alium
1293 3517 1589 3582 talem,non
1615 3525 1957 3593 te_cogerem_
1975 3517 2178 3571 bonum
2200 3532 2339 3586 opus
2368 3518 2645 3593 suscipere
2666 3518 2959 3593 nolentem.
2994 3518 3494 3593 superﬂuumergo

257 3602 336 3647 est
366 3586 537 3646 alium
594 3604 837 3660 quaerere
856 3602 1025 3660 ;_cum
1057 3586 1330 3660 primitias
1340 3600 1556 3660 eorum,
1589 3588 1683 3657 qui
1710 3601 1774 3640 ex
1796 3587 2049 3660 gentibus
2077 3603 2172 3660 per
2204 3603 2290 3660 me
2320 3586 2623 3660 salvantur,
2654 3596 2705 3642 et
2736 3590 3004 3658 praecipue
3049 3586 3212 3660 hujus
3238 3586 3493 3655 urbisfte

298 3662 506 3715 rimum
534 3655 822 3733 obtulerim
858 3655 1003 3733 Deo.
1064 3655 1168 3711 Sed
1197 3666 1252 3711 et
1300 3656 1432 3711 illud
1482 3655 1731 3733 intuere;
1778 3656 1903 3727 quia
1948 3657 1994 3711 si
2050 3655 2351 3733 periculum
2386 3659 2639 3733 _pecca_ti‘
2668 3655 2916 3733 timensf
2932 3655 3216 3733 suscipere
3279 3662 3488 3733 refugis

338 3733 526 3787 clesia:
568 3730 973 3802 gubernacula;
1024 3738 1207 3781 certus
1249 3727 1529 3802 esto‘quia
1571 3727 2061 3802 amplius_pe_ccas,
2091 3728 2185 3802 qui
2239 3728 2510 3802 populum
2548 3727 2678 3802 Dei,
2725 3730 2871 3783 velut
2930 3731 2998 3802 in
3028 3727 3295 3802 ﬂuctibus
3343 3727 3491 3802 posi-

264 3813 381 3856 tum
433 3813 489 3857 et
518 3796 936 3879 periclitantem,
993 3811 1115 3851 cum
1154 3798 1335 3879 possis
1378 3797 1592 3879 iuvare,
1625 3796 2009 3879 subtcr'l'ugis,‘
2042 3798 2120 3879 tui
2172 3796 2550 3879 tantummodo
2595 3798 2800 3879 habens
2850 3796 3388 3879 considerationem;
3436 3812 3491 3857 et

262 3888 376 3927 non
425 3867 572 3942 quod
604 3872 660 3942 in
683 3884 973 3942 commune
1020 3867 1276 3922 omnibus
1328 3868 1544 3942 espedit
1614 3867 1924 3942 providens.
1976 3867 2082 3922 Sed
2130 3876 2313 3942 certus
2341 3878 2457 3942 esto
2511 3869 2656 3942 quod
2696 3883 2919 3922 necesse
2944 3880 3047 3942 _est
3115 3881 3170 3942 te
3211 3874 3489 3942 suscipere

262 3888 376 3927 non
425 3884 572 3942 quoa
604 3888 657 3924 in
683 3884 973 3926 commune
1020 3884 1276 3922 omnibus
1328 3884 1544 3935 expedit
1614 3884 1924 3936 providens.
1977 3884 2082 3922 Sed
2130 3884 2313 3922 certus
2341 3884 2457 3922 esw
2553 3884 2656 3920 uou
2696 3884 2919 3922 necesse
2964 3884 3047 3923 εει
3115 3884 3166 3925 ιε
3211 3887 3487 3941 suscipere

262 3958 431 3998 omne
461 3941 788 4012 periculum,
808 3939 933 4012 quia
949 3954 1049 3992 nec
1079 3952 1296 4012 egopro
1311 3938 1485 4012 salute
1503 3938 1849 4012 omnium,ah
1875 3938 2211 4012 obsecrando
2238 3938 2485 3993 cessabo.
2509 3884 2725 4004 ὃιιειιιο
2754 3952 2882 4007 ergo
2908 3937 3073 3994 citius
3102 3940 3235 3994 mihi
3267 3941 3487 4009 acquie-

263 4013 413 4068 vcris
434 4007 639 4073 {tanto
666 4026 751 4066 me
774 4007 937 4065 citius
974 4007 1229 4062 maeroris
1256 4016 1311 4061 et
1347 4008 1582 4061 tristitiae
1612 4007 1798 4061 labore
1822 4007 2108 4062 relevabis.

335 4080 429 4137 IV.
461 4080 595 4135 Novi
620 4082 783 4135 etiam
813 4081 937 4145 hoc,
960 4092 992 4130 o
1021 4076 1294 4142 Clemens,
1326 4078 1468 4147 quod
1517 4077 1613 4130 tibi
1647 4077 1801 4131 taedia
1830 4084 1886 4129 et
1944 4078 2249 4147 molestias,
2279 4076 2517 4147 pericula
2553 4075 2715 4147 etiam
2775 4085 2831 4131 et
2877 4077 3167 4147 opprobria
3228 4079 3486 4136 incruditi

264 4152 413 4221 vulgi
444 4152 805 4221 indocilisque
834 4148 1116 4221 conciliem
1146 4165 1160 4212 ;
1196 4145 1402 4221 qureiu
1452 4156 1630 4201 tamen
1663 4147 1778 4201 scio
1808 4148 1956 4215 quod
1990 4146 2199 4221 fortiter
2214 4145 2620 4221 _ct‘constanter
2670 4145 2832 4211 feres,
2862 4145 3161 4221 respiciens
3214 4150 3281 4203 ad
3333 4150 3482 4204 illam

266 4216 445 4292 spera,
478 4238 598 4291 quae
625 4216 731 4275 tibi
757 4220 896 4292 apud
930 4218 1094 4271 Deum
1120 4217 1390 4292 patientia}
1406 4225 1671 4292 prazparat
1692 4231 1968 4271 coronam.
2005 4216 2109 4271 Sed
2128 4218 2342 4292 etillud
2373 4227 2423 4272 te
2449 4216 2610 4292 cupio
2631 4231 2841 4271 mecum
2862 4216 3012 4287 justa
3031 4219 3242 4292 ratione
3273 4222 3485 4291 perspi-

265 4286 426 4347 cere:
454 4286 673 4361 quando
701 4286 937 4343 maxime
968 4302 1128 4355 opera
1161 4296 1251 4341 tua
1276 4286 1755 4361 indigetChtjstus,
1782 4303 1927 4342 nunc
1951 4302 2071 4361 cum
2127 4288 2383 4361 inimicus
2432 4287 2721 4361 adversum
2747 4286 3003 4361 sponsam
3029 4288 3148 4361 ejus
3175 4286 3484 4345 commovet

266 4356 498 4426 bellum,
525 4378 592 4415 an
612 4362 664 4413 in
698 4362 881 4414 futuro
904 4368 1163 4427 tempore,
1183 4356 1407 4429 quando
1425 4358 1536 4429 jam
1566 4356 1816 4429 Christus
1833 4367 1964 4429 post
1982 4356 2266 4411 victoriam
2293 4358 2665 4429 triumphabit,
2696 4374 2793 4412 nec
2818 4359 2955 4412 ultra
2996 4356 3162 4413 ullius
3184 4374 3345 4429 opera
3398 4362 3481 4414 in-

266 4433 475 4503 digebit
503 4431 526 4484 ?
558 4430 687 4503 Q_uis
717 4446 821 4503 non
867 4426 1032 4483 etiam
1060 4427 1209 4503 parvi
1242 4442 1446 4503 sensus
1470 4426 1755 4503 intelligat,
1778 4427 1923 4496 quod
1941 4427 2098 4503 _istud
2121 4426 2497 4497 esttemporis,
2527 4428 2580 4481 in
2617 4442 2727 4503 quo
2755 4443 2974 4503 operam
3035 4438 3181 4503 tuam
3220 4426 3486 4503 :Christns

270 4496 505 4572 requirit
527 4503 549 4554 ’ἒ
570 4500 705 4555 Tota
742 4501 1099 4572 igiturmente
1125 4497 1448 4572 inprmsenti
1476 4498 1799 4572 necessitate
1828 4496 2005 4572 praebe
2028 4512 2245 4572 operam
2261 4496 2432 4564 tuam,
2465 4508 2518 4551 et
2556 4496 2819 4572 auxilium
2843 4498 3122 4572 inAprzeliis
3149 4500 3345 4572 exhibe
3368 4502 3480 4571 regi

268 4566 501 4642 optimo,
532 4566 993 4626 remunerationes
1024 4566 1337 4637 magniﬁcas
1382 4574 1502 4636 post
1525 4566 1803 4620 victoriam
1824 4566 2123 4621 reddituro.
2154 4566 2408 4623 Libenter
2434 4582 2561 4638 ergo
2591 4568 2807 4638 suscipe
2834 4566 3177 4638 epiScopatus
3207 4566 3467 4635 oiiiciunf,

1544 4677 1770 4735 VARIAS
1805 4678 2206 4736 LECTIONES.

344 4783 390 4861 οξ
416 4782 492 4861 μῄ
519 4796 585 4850 με
748 4776 792 4857 ’ξ
826 4774 1152 4861 φιλομαθοῦς
1197 4789 1312 4829 var.
1348 4772 1757 4861 lcy:_'l‘lri‘rrianli
1785 4782 1840 4829 et
1892 4774 2045 4861 cod“
2068 4772 2199 4854 Reg.
2390 4773 2516 4861 Ch";
2556 4772 2712 4861 Hom“.
2751 4789 2860 4861 mg,
3033 4771 3476 4861 Tumﬂnléov

274 4854 325 4887 ⁸⁸
353 4844 555 4921 δυθήή
602 4847 664 4911 Ο,
682 4846 785 4921 qui
807 4844 932 4921 _dein
955 4844 1225 4921 κρίττονα.

1371 4845 1415 4878 ⁶⁹
1448 4843 1522 4898 Ita
1556 4843 1599 4898 Ο
1630 4854 1683 4898 et
1714 4845 1821 4898 duo
1848 4842 1969 4899 coll.
2007 4840 2187 4913 Regii—,7
2216 4840 2337 4913 εἷίϐ
2379 4859 2443 4896 ex
2476 4842 2633 4898 Turr.
2664 4842 2770 4897 Pro
2812 4842 2985 4913 Epist.
3050 4844 3241 4913 pontif.
3296 4861 3354 4907 ll,
3395 4847 3476 4900 M.

274 4922 407 4979 Dein
439 4912 650 4987 λογίσαι
672 4912 735 4971 Οζ
776 4916 927 4987 κτομεί
957 4912 1104 4987 deest
1126 4915 1188 4987 in_
1209 4914 1327 4971 cod.
1362 4914 1521 4970 Hom.
1542 4913 1717 4969 Paris.
1791 4916 1836 4946 '“
1867 4913 1929 4966 σύ
1955 4913 2017 4967 C.
2094 4912 2138 4945 7'
2172 4912 2247 4967 Ita
2275 4912 2313 4967 S
2366 4930 2426 4970 cx
2449 4913 2598 4980 Ruﬁ,
2630 4916 2925 4983 ἐπίσταμαι
2952 4912 2993 4968 C
3019 4912 3147 4969 e10.
3202 4912 3477 4987 "'Kkﬁpn

278 4994 323 5049 0
354 4984 689 5047 witstanter.
766 4986 812 5068 ξδ
857 4984 1124 5056 βασιλεύει
1155 4984 1218 5039 0.

1569 5071 1921 5128 VARIORUM
1962 5070 2191 5127 NOTAE.

354 5197 461 5268 (33)
498 5193 889 5268 Πολυμᾳθοῦς
906 5191 1018 5268 _td‘r
1045 5190 1244 5268 dog—gr.
1269 5188 1469 5268 Eodem
1499 5188 1663 5242 modo
1687 5185 1827 5268 Tur-

284 5259 470 5322 rla‘nu's
505 5259 773 5337 proqeinio
802 5262 993 5337 Latino
1020 5260 1111 5337 ad"
1140 5259 1539 5337 Constitutiones
1577 5261 1827 5337 apostoli-

293 5353 401 5391 cus.
428 5326 575 5391 At'in
623 5330 1028 5402 Prolegomenis
1074 5328 1274 5402 Graecis
1306 5330 1359 5381 in
1398 5326 1830 5402 διδῴη-φιλο-

291 5406 487 5532 μαθοῦς
528 5406 620 5459 τὸν
676 5394 863 5473 λόγόν,
919 5399 1375 5471 quemadmodum
1424 5397 1594 5451 codex
1642 5394 1826 5467 Regis.

334 5493 423 5532 οτ.

334 5493 461 5617 Ἑλ)
497 5546 607 5613 Δὸς
633 5544 703 5598 δὲ
738 5536 1375 5617 τὸνλιρείττονα.“1ιιίι·ε
1412 5535 1468 5617 ξ-ῐι
1496 5535 1828 5617 clementius

288 5604 498 5672 humilia
552 5604 605 5684 ὃ,
658 5628 784 5683 cap.
825 5604 919 5685 95,
952 5626 1165 5664 rursum
1194 5604 1724 5685 Petrus-Zaccmgum
1757 5607 1836 5685 sic

286 5689 478 5758 alloqui
509 5674 779 5757 tingitur':
814 5680 909 5758 Sin
958 5696 1075 5734 vero
1126 5678 1346 5758 ηρηηυίε
1398 5674 1833 5758 ὁριιιωέῐεειεεὶω

286 5744 524 5819 constitui
540 5744 742 5826 cistas,
778 5752 941 5823 alium
958 5766 1055 5820 pro
1084 5748 1321 5806 uindice
1344 5746 1432 5817 qui
1461 5755 1508 5803 te
1534 5746 1603 5802 sit
1627 5744 1831 5802 doctior

1927 5196 1976 5241 et
2003 5185 2245 5257 ﬁdelior;
2292 5184 2380 5257 sed
2430 5200 2533 5257 non
2560 5182 2731 5257 dabis.
2768 5184 2845 5240 Ex
2878 5195 3109 5255 utroque
3146 5198 3324 5242 autem
3358 5188 3476 5241 loco

1928 5253 2211 5319 discimus,
2242 5270 2272 5309 a
2300 5255 2574 5323 prioribus
2602 5253 2859 5310 Ecclesia:
2902 5253 3113 5312 saeculis
3145 5258 3283 5312 hanc
3312 5258 3365 5311 in
3413 5275 3475 5311 ea

1930 5326 2228 5397 obtinuisse
2251 5326 2511 5397 regulam,
2537 5340 2657 5397 qua:
2677 5326 2949 5397 digniores
2985 5342 3049 5381 ac
3075 5328 3476 5397 pmsuntiores

1930 5394 2655 5467 ecclesiasticisministerjis
2671 5394 2874 5467 praeﬁci
2899 5394 3090 5467 jubeti
3107 5396 3281 5467 Cgur.

2002 5465 2111 5535 (55)
2150 5464 2233 5535 Σὺ
2261 5462 2390 5533 γάρ,
2424 5482 2477 5517 κ.
2507 5482 2557 5517 τ.
2582 5464 2633 5517 λ.
2666 5462 2914 5533 Scriptor
2938 5475 3118 5535 noster
3144 5464 3475 5523 Clementem

1930 5552 1996 5590 ex
2016 5534 2257 5588 Hebraeis
2294 5543 2479 5587 natum
2514 5550 2620 5588 non
2651 5536 2929 5589 sentiebat.
2959 5534 3033 5589 In.

2006 5604 2139 5676 (56)Δ
2168 5604 2342 5673 Ἐμοῦ
2391 5605 2565 5657 τοῦτο
2596 5604 2825 5669 ἀξιοῦν,
2870 5622 2923 5657 κ.
2947 5622 2998 5659 τ.
3032 5603 3080 5658 λ.
3125 5604 3344 5663 Clarum
3392 5616 3477 5666 est

1936 5673 2050 5760 hare
2065 5673 2362 5760 'adnprcces‘
2380 5682 2689 5754 sanctorum
2716 5684 3048 5760 mortuor‘um
3069 5691 3175 5733 non
3197 5689 3439 5750 spectare
3454 5718 3472 5748 ,

1933 5743 2028 5803 sed
2065 5742 2292 5803 Ruﬁnus
2312 5744 2599 5803 obscurius
2626 5744 2905 5801 convertit.
2932 5742 3068 5803 Cor.
