4068 6338
534 288 597 343 59
1381 277 1439 333 S.
1478 278 1863 336 CLEMENTIS
1900 279 1920 337 l
1966 279 2130 336 ROM.
2166 279 2364 338 PONT.
2406 281 2630 338 OPERA
2669 281 2895 340 DUBIA.
3674 290 3743 346 40

528 398 698 471 gens?
724 395 917 450 Nonne
939 395 1101 448 etiam
1135 393 1315 462 exigui
1341 392 1545 462 ingenii
1571 393 1688 446 viro
1711 393 1910 459 claret,
1941 392 2075 462 quod

2183 394 2260 466 τῷ
2289 395 2492 468 βραχὺν
2524 395 2698 467 ἔχοντι
2724 396 2847 451 νοῦν
2879 397 2927 429 η
2960 397 3135 470 δῆλον,
3170 398 3251 453 δτι
3284 400 3377 455 νῦν
3398 388 3417 467 ’;
3465 403 3620 478 Πάσῃ
3649 403 3745 465 οὖν

526 492 581 545 in
610 489 863 561 praesenti
891 484 1170 555 tempore?
1198 482 1466 539 Omnibus
1495 498 1625 554 ergo
1672 484 1840 538 animi
1876 484 2086 542 viribus

526 584 580 638 in
606 586 710 639 hoc
740 578 1023 651 praesentis
1058 578 1401 634 necessitatis
1431 588 1674 646 tempore
1697 577 1897 632 festina
1926 592 2083 648 opem

525 677 665 732 ferre
694 676 837 729 bono
862 672 997 742 regi,
1023 686 1249 740 magnas
1275 669 1742 725 remunerationes
1766 679 1890 736 post
1910 670 2087 725 victo-

525 772 657 824 riam
691 768 914 822 reddere
940 764 1122 819 solito.
1150 763 1297 817 Laeto
1325 763 1490 832 igitur
1510 762 1693 817 animo
1714 763 2082 832 episcopatum

522 862 759 930 suscipe,
788 867 1090 928 opportune
1117 870 1183 911 eo
1214 855 1386 924 magis
1419 855 1564 923 quod
1618 853 1872 909 Ecclesia:
1900 855 2087 926 dispo-

521 956 774 1010 sitionem
801 969 831 1006 a
860 968 947 1005 me
976 949 1235 1016 didicisti,
1263 948 1329 1001 ad
1355 947 1581 1001 fratrum
1606 948 1697 1017 qui
1725 946 1792 1001 ad
1824 962 1925 1003 nos
1954 964 2085 1004 con-

520 1048 778 1118 fugerunt
801 1046 1051 1100 salutem.

589 1162 655 1216 V.
689 1150 1077 1215 verumtamen
1128 1165 1181 1211 et
1230 1156 1467 1211 breviter
1498 1170 1681 1209 coram
1734 1155 1991 1210 omnibus
2030 1165 2083 1210 et

416 1288 419 1289 ν
516 1263 738 1324 propter
757 1268 968 1317 omnes,
1020 1265 1140 1320 quae
1197 1248 1264 1302 ad
1299 1262 1420 1301 eam
1467 1247 1883 1315 dispositionem
1916 1247 2082 1316 perti-

518 1358 669 1411 nent,
704 1346 757 1401 in
789 1355 1021 1399 mentem
1057 1342 1150 1396 tibi
1176 1340 1469 1395 revocabo.
1504 1338 1580 1392 Te
1611 1340 1831 1409 quidem
1863 1348 2082 1408 oportet

516 1439 1062 1513 irreprebensibiliter
1090 1438 1291 1500 vivere,
1323 1445 1377 1489 et
1407 1434 1647 1488 maxime
1678 1433 1859 1489 studio
1890 1448 2081 1491 omnes

515 1539 638 1591 vitae
667 1534 1052 1604 occupationes
1095 1530 1351 1599 abjicere,
1389 1536 1447 1581 ut
1494 1543 1601 1583 non
1650 1528 1725 1581 sis
1772 1527 2078 1597 ﬁdejussor,

514 1643 689 1698 neque
712 1626 1029 1688 advocatus,
1049 1635 1226 1690 neque
1249 1620 1359 1673 ullo
1381 1618 1488 1672 alio
1509 1618 1804 1688 implicitus
1834 1618 2080 1674 saeculari

2186 489 2500 559 προαιρέσει
2526 492 2583 542 ὲν
2610 489 2687 561 τῷ
2715 490 2813 561 τῆς
2858 492 3137 562 παρούσης
3165 493 3406 566 ἀνάγκης
3438 497 3611 569 χρόνῳ
3651 501 3744 556 τά.

2185 598 2342 649 χυνον
2364 581 2717 653 ξυμμαχῆσαι
2749 582 2954 653 βασιλεί
2980 584 3188 656 ἀγαθῷ,
3228 589 3450 658 μισθοὺς
3482 592 3748 661 μεγάλους

2188 673 2322 741 μετά
2353 672 2506 743 νίκην
2532 674 2831 727 ἀποδιδόναι
2852 677 3134 745 πεφυκότι.
3159 678 3377 752 Χαίρων
3406 677 3497 735 οὖν
3525 684 3747 738 ἐπισκό⁶

2184 779 2376 833 πησον,
2407 765 2672 838 εὐκαίρως
2689 768 2859 839 ταύτῃ
2891 768 3108 838 μᾶλλον,
3129 771 3204 834 ὡς
3222 772 3486 843 διοίκησιν
3530 776 3750 848 Ἐκκλη-

2187 854 2303 919 σίας
2328 859 2455 928 παρ’
2485 856 2617 929 ἐμοῦ
2652 860 3002 930 μεμαθηκὼς,
3047 863 3127 925 είς
3152 864 3249 934 τὴν
3288 864 3395 919 τῶν
3422 867 3555 937 ἡμῖν
3576 886 3745 940 προσ·-

2186 950 2493 1017 φευγόντων
2517 951 2760 1021 ἀδελφῶν
2792 952 3085 1025 σωτηρίαν.

2252 1150 2318 1206 ν.
2346 1152 2491 1223 Πλὴν
2520 1155 2612 1206 καὶ
2635 1153 2840 1226 βραχέα
2876 1171 2933 1208 σε
2967 1156 3013 1187 ⁷⁵
3043 1158 3133 1210 ἐπὶ
3154 1156 3369 1213 πάντων
3396 1159 3482 1214 διὰ
3533 1161 3744 1229 πάντας

2181 1242 2248 1297 τὰ
2279 1244 2377 1315 τῆς
2402 1244 2714 1316 διοικήσεως
2740 1247 3047 1318 ὑπομνῆσαι
3080 1248 3234 1303 θέλω.
3265 1252 3331 1304 Σὲ
3366 1253 3462 1323 μὲν
3494 1253 3598 1326 χρὴ
3618 1255 3743 1307 ἀνε-

2183 1337 2462 1407 πιλήπτως
2496 1337 2711 1408 βιοῦντα
2743 1340 2942 1411 σπουδῇ
2968 1341 3195 1414 μεγίστῃ
3225 1343 3403 1410 πάσας
3441 1348 3539 1410 τάς
3576 1348 3670 1401 τοῦ
3697 1348 3743 1381 ⁷⁷

2184 1427 2299 1498 βίου
2331 1429 2583 1499 ἀσχολίας
2617 1430 2984 1497 ἀποσείεσθαι,
3011 1435 3144 1505 μήτε
3165 1436 3432 1509 ἐγγυητὴν
3464 1439 3746 1509 γινόμενον

2185 1520 2430 1592 μήτειῆ,
2455 1523 2748 1593 συνήγορον
2780 1523 2913 1596 μηδὲ
2946 1525 3117 1597 ἑτέρῳ
3144 1529 3247 1582 τινὶ
3274 1528 3509 1602 βιωτικῷ
3531 1550 3744 1605 παρεμ-

2181 1612 2551 1685 πεπλεγμένον
2572 1616 2874 1687 πράγματι.
2904 1618 2978 1671 Oti
3011 1618 3118 1692 γὰρ
3140 1622 3329 1694 κριτὴν
3363 1624 3454 1678 καὶ
3483 1625 3741 1697 δικαστὴν

513 1722 750 1791 negotio.
783 1717 900 1772 Non
923 1717 1067 1770 enim
1097 1712 1335 1783 judicem
1367 1719 1421 1765 et
1455 1712 1787 1781 cognitorem
1819 1711 2075 1781 pecunia-

2180 1705 2473 1799 χρημάτων
2510 1706 2542 1778 ἢ
2573 1708 2961 1779 ἀσχολημάτων
3006 1710 3329 1766 καθεστάναι
3375 1732 3433 1767 σε
3467 1716 3604 1770 θέλει
3633 1718 3740 1771 τῶν

512 1827 632 1866 rum
656 1812 737 1865 vel
761 1809 1101 1879 negotiorum
1136 1819 1427 1873 rerumque
1449 1805 1513 1859 ad
1536 1805 1677 1861 hanc
1711 1807 1877 1861 vitam
1909 1807 2075 1874 perti-

2179 1797 2271 1852 νῦν
2285 1798 2549 1869 βιωτικῶν
2577 1801 2912 1872 πραγμάτων
2932 1803 2960 1855 ὁ
2982 1804 3233 1876 Χριστὸς,
3258 1808 3362 1873 ἵνα,
3391 1809 3740 1881 συνεχόμενος

512 1904 755 1959 nentium
783 1902 1116 1957 constituere
1151 1908 1202 1952 te
1232 1898 1347 1951 vult
1375 1898 1650 1967 Christus,
1677 1907 1756 1965 ut,
1788 1897 2073 1968 praesenti-

510 1996 613 2050 bus
639 1995 922 2049 hominum
954 1990 1099 2047 curis
1122 1990 1394 2057 detentus,
1419 1999 1634 2059 tempus
1658 2005 1765 2044 non
1782 1989 1982 2046 habeas
2005 1992 2072 2047 ad

508 2088 841 2157 separandos
868 2087 1021 2156 juxta
1054 2085 1297 2139 veritatis
1337 2083 1556 2138 modum
1614 2082 1867 2137 homines
1896 2083 2071 2138 bonos

507 2196 537 2234 a
566 2181 742 2235 malis.
796 2178 996 2233 Verum
1040 2179 1130 2232 illa
1182 2178 1399 2247 quidem
1433 2176 1469 2230 ii
1499 2176 1605 2231 sibi
1639 2174 1870 2230 invicem
1913 2175 2069 2230 exhi-

509 2272 671 2327 beant
700 2271 793 2340 qui
818 2271 1055 2336 discunt,
1085 2279 1139 2323 et
1170 2277 1221 2323 te
1250 2284 1280 2323 a
1313 2268 1661 2323 sermonibus
1688 2268 1869 2323 salvos
1894 2266 2073 2324 facere

507 2364 814 2418 valentibus
842 2378 949 2416 non
974 2369 1221 2416 avocent.
1280 2358 1750 2426 Quemadmodum
1799 2358 1946 2413 enim
1977 2359 2071 2414 tibi

506 2454 736 2525 impium
768 2466 850 2511 est
876 2495 892 2520 ,
929 2454 1220 2509 saecularcs
1246 2468 1409 2507 curas
1438 2452 1736 2521 suscipere,
1786 2451 1975 2506 relicto
2007 2464 2072 2505 eo

504 2549 653 2617 quod
679 2546 857 2603 facere
877 2548 1067 2618 jussus
1097 2562 1189 2602 es:
1219 2546 1295 2600 ita
1337 2544 1567 2615 singulis
1599 2543 1751 2597 laicis
1784 2549 2068 2612 peccatum

503 2648 608 2706 est,
645 2640 691 2695 si
724 2640 827 2695 sibi
856 2640 1087 2695 invicem
1113 2639 1278 2694 etiam
1319 2638 1374 2692 in
1402 2635 1694 2691 mundanis
1730 2633 2073 2689 necessitati-

504 2734 607 2789 bus
631 2743 827 2803 praesto
852 2748 958 2787 non
992 2733 1121 2788 sint.
1180 2731 1445 2802 Equidem
1477 2731 1523 2786 si
1550 2729 1733 2785 cuncti
1784 2743 1891 2783 non
1920 2727 2070 2798 cogi-

504 2834 619 2880 tent
641 2826 840 2888 facere,
878 2826 955 2879 uti
990 2833 1069 2890 tu,
1100 2825 1155 2879 in
1183 2827 1348 2879 rebus
1380 2823 1658 2892 inquibus
1686 2821 1739 2875 id
1765 2820 1941 2884 decet,
1975 2834 2065 2875 se-

501 2934 634 3005 cure
654 2929 707 2974 et
740 2919 1028 2989 tranquille
1057 2919 1230 2982 vivas,
1259 2932 1289 2970 a
1316 2916 1561 2971 diaconis
1581 2915 1933 2981 edoceantur;
1957 2926 2066 2983 quo

2176 1892 2256 1954 είς
2279 1890 2378 1955 τάς
2409 1890 2501 1945 νῦν
2541 1892 2648 1946 τῶν
2694 1892 2992 1966 ἀνθρώπων
3038 1898 3337 1969 φροντίδας,
3371 1900 3444 1971 μὴ
3484 1902 3741 1973 εὐσχολῇς

2176 1982 2423 2055 χωρίζειν
2452 1983 2592 2055 λόγῳ
2626 1983 2880 2056 ἀληθείας
2918 1987 3218 2060 ἀνθρώπων
3258 1993 3383 2056 τοὺς
3428 1994 3740 2065 κρείττονας

2173 2075 2281 2128 ἀπὸ
2310 2075 2417 2129 τῶν
2451 2076 2726 2148 χειρόνων.
2771 2078 2927 2133 Ἀλλά
2946 2081 3117 2135 ταῦτα
3152 2084 3248 2154 μὲν
3294 2085 3343 2136 οἱ
3380 2086 3739 2155 μανθάνοντες

2174 2166 2421 2239 ἀλλήλοις
2448 2170 2831 2240 παρεχέτωσαν
2863 2171 2930 2237 ⁷⁸,
2964 2173 3059 2226 καὶ
3087 2173 3193 2228 ἀπὸ
3209 2174 3316 2229 τῶν
3344 2176 3535 2242 σώζειν
3580 2179 3738 2232 δυνα-

2181 2258 2352 2330 μένων
2371 2258 2540 2327 λόγων
2577 2259 2649 2331 μὴ
2669 2260 3138 2334 ἀπασχολείτωσαν
3157 2266 3223 2319 ⁷⁸.
3267 2266 3353 2330 Ὦς
3370 2268 3477 2340 γάρ
3508 2286 3587 2321 σοι
3607 2269 3735 2324 ἀσε-

2177 2349 2270 2414 ϐές
2298 2351 2431 2415 ἐστι,
2462 2351 2561 2415 τὰς
2594 2350 2847 2422 βιωτικὰς
2880 2355 3160 2426 φροντίδας
3188 2358 3737 2425 ἀναδέξασθαι,κατα-

2175 2442 2432 2513 λείψαντα
2446 2444 2490 2475 ⁸⁰
2532 2448 2703 2499 ποιεῖν
2724 2445 2752 2498 ὃ
2770 2446 3109 2518 ὲκελεύσθης,
3130 2438 3301 2513 οὕτως
3322 2450 3535 2523 ἑκάστῳ
3565 2452 3737 2524 λαῖκῷ

2176 2535 2417 2607 ἁμαρτία
2447 2537 2592 2591 ἐστὶν
2614 2576 2630 2601 ,
2679 2536 2773 2593 ἐὰν
2808 2537 2880 2611 μὴ
2916 2539 3162 2611 ἀλλήλοις
3189 2544 3281 2595 καὶ
3306 2544 3361 2596 ἐν
3400 2547 3519 2608 ταῖς
3558 2544 3737 2615 βιωτι-

2174 2632 2297 2693 καῖς
2324 2630 2530 2701 χρείαις
2556 2631 2933 2702 παρίστανται.
2954 2634 3063 2687 Καὶ
3085 2635 3143 2687 σὲ
3161 2634 3216 2688 δὲ
3235 2635 3361 2709 περὶ
3386 2630 3459 2690 ὧν
3482 2637 3586 2709 χρὴ
3600 2637 3736 2708 ἀμέ-

2175 2740 2362 2797 ριμνον
2397 2719 2535 2779 εἶναι
2579 2727 2629 2779 οἱ
2677 2725 2877 2790 πάντες
2904 2732 3077 2782 ποιεῖν
3095 2730 3187 2782 ὲάν
3223 2730 3296 2801 μὴ
3317 2730 3507 2785 νοῶσιν
3530 2771 3545 2795 ,
3584 2731 3733 2803 παρὰ

2171 2820 2278 2874 τῶν
2306 2820 2565 2875 διακόνων
2597 2821 3026 2892 μανθανέτωσανο
3064 2824 3149 2877 ἵνα
3186 2825 3350 2895 μόνης
3367 2828 3468 2897 τῆς
3506 2825 3733 2897 Ἐκκλη-

2173 2913 2292 2977 σίας
2336 2913 2433 2985 τὴν
2466 2914 2716 2986 φροντίδα
2765 2914 2912 2987 ἔχῃς,
2947 2917 3082 2989 πρός
3125 2934 3185 2970 τε
3215 2914 3277 2970 τὸ
3320 2920 3537 2973 διοικεῖν
3564 2920 3730 2991 αὐτὴν

502 2998 675 3066 εοῘίυε
708 3009 966 3065 Ecclesiae
995 3009 1422 3064 sollicitudinem
1452 3022 1630 3078 geras,
1676 3016 1793 3060 tum
1831 3005 1898 3060 ad
1931 3004 2065 3059 scite

2178 3004 2345 3069 καλῶς
2364 3006 2458 3059 καὶ
2486 3007 2547 3059 τὸ
2576 3006 2702 3070 τοὺς
2730 3006 2826 3078 τῆς
2858 3007 3109 3078 ἀληθείας
3139 3008 3323 3079 λόγους
3346 3011 3620 3084 παρέχειν.

500 3117 621 3157 eam
648 3101 1162 3169 administrandam,
1199 3109 1315 3154 tum
1342 3100 1409 3154 ad
1456 3098 1748 3153 tradendos
1790 3109 2073 3154 sermones
2105 3097 2369 3171 veritatis.

574 3218 662 3273 Vl.
688 3216 822 3271 Nam
856 3218 900 3272 si
927 3216 1073 3271 curis
1099 3216 1449 3272 saecularibus
1470 3222 1767 3284 occupatus
1789 3211 1978 3273 fueris,
2009 3220 2064 3267 et

499 3320 555 3366 te
576 3311 755 3380 ipsum
786 3320 839 3363 et
868 3309 1144 3363 auditores
1175 3305 1431 3378 decipies.
1492 3305 1871 3362 Conducibilia
1915 3305 2061 3360 enim

2239 3211 2325 3266 Vl.
2370 3213 2540 3277 Ἐπεὶ,
2562 3213 2656 3268 ἐὰν
2686 3213 2959 3284 βιωτικαῖς
2993 3217 3279 3289 μερίμναις
3294 3220 3611 3295 ἀσχοληθῇς,
3633 3238 3726 3283 καὶ

2169 3304 2389 3359 σεαυτὸν
2421 3306 2514 3359 καὶ
2547 3307 2670 3370 τοὺς
2688 3307 2959 3379 ἀκροατὰς
2978 3310 3323 3382 ἐνεδρεύσας
3352 3313 3420 3369 τά
3448 3316 3556 3388 γάρ
3584 3335 3721 3390 συμ..

1691 3464 2245 3523 INTERPRETATIO
2284 3463 2537 3520 RUFINI.

499 3598 569 3639 eo
596 3583 832 3658 maxime
853 3581 1432 3658 quod_ecclesiasticas
1467 3581 1904 3658 dispensationes
1929 3598 1957 3636 a
2002 3597 2089 3637 me
2136 3581 2489 3651 probabiliter
2521 3582 2792 3649 didicisti;
2838 3593 2896 3639 ut
2930 3584 3078 3639 salus
3109 3599 3322 3653 eorum,
3355 3587 3446 3656 qui
3499 3604 3595 3658 per
3623 3607 3720 3649 nos

502 3651 881 3722 ςοηΐιιιςεωιιι
902 3655 967 3707 ad
1002 3652 1195 3715 Deum,
1233 3668 1575 3722 nequaquam
1597 3651 1835 3722 vacillet.

578 3671 669 3706 Illll
712 3671 871 3707 81⁵11111.
902 3671 967 3707 au
1004 3671 1195 3715 ucum,
1233 3671 1575 3722 nequaquam
1597 3671 1835 3705 VaCIIICI.

578 3722 642 3778 V.
668 3671 1051 3777 serumtamen
1082 3730 1135 3776 et
1156 3722 1388 3776 breviter
1417 3734 1468 3776 te
1496 3724 1561 3776 dc
1592 3722 1762 3791 ipsius
1790 3721 2213 3790 dispensationis
2238 3722 2429 3777 ordine
2473 3738 2656 3777 coram
2688 3724 2943 3778 omnibus
2967 3739 3314 3781 commonere
3345 3730 3714 3787 necessarium

500 3795 667 3869 duco.
696 3793 772 3869 Te
790 3794 1012 3869 quidem
1049 3800 1261 3869 oportet
1291 3792 1838 3869 irreprehensibiliter
1866 3792 2080 3869 vivere;
2130 3800 2184 3869 et
2206 3807 2421 3869 summo
2447 3794 2629 3848 studio
2654 3794 2774 3869 niti,
2801 3804 2875 3869 _ut
2912 3809 3103 3869 omnes
3125 3796 3248 3850 vitae
3270 3796 3435 3866 hujus
3481 3812 3716 3869 occupa-

502 3866 684 3937 tiones
715 3861 941 3937 abjicias
962 3861 1399 3937 ;__ne_’lidejuss_or
1452 3862 1674 3937 existas,
1699 3878 1767 3915 ne
1816 3861 2111 3937 advocatus
2137 3862 2328 3937 litium_
2352 3865 2472 3937 llas,
2496 3879 2628 3937 neve
2677 3865 2728 3920 in
2761 3865 2870 3919 ulla
2909 3865 3086 3937 aliqua
3114 3861 3469 3935 occupatione
3491 3861 3717 3937 prorsus

508 3930 803 4009 inveniar-is
833 3933 1125 4009 mundialis
1163 3930 1369 4009 negotii
1389 3933 1676 4009 occasione
1697 3932 2003 4009 perplexus.
2044 3930 2229 4009 ljeque
2245 3934 2389 3987 enim
2420 3934 2656 4009 judicem
2691 3944 2783 4009 aut
2805 3930 3138 4009 cognitorem
3170 3930 3512 4009 saecularium
3544 3955 3712 4009 nego-

505 4006 707 4076 tiorum
744 4004 902 4059 hodie
931 4013 982 4058 te
1010 4001 1261 4076 ordinare
1284 4003 1398 4076 vult
1419 4003 1700 4076 Christus;
1735 4003 1813 4056 uti
1838 4017 1903 4055 ne
1935 4001 2257 4076 praefoeatus
2309 4001 2666 4076 praesentibus
2691 4001 2974 4060 hominum
2998 4005 3144 4060 curis
3174 4021 3281 4062 non
3308 4008 3485 4076 possis
3542 4001 3716 4065 verbo

507 4073 598 4127 Dei
639 4090 851 4141 vacare,
872 4084 925 4129 et
949 4074 1244 4146 secundum
1279 4073 1523 4146 veritatis
1542 4073 1781 4146 regulam
1812 4087 2092 4146 secernere
2121 4072 2294 4146 bonos
2314 4072 2356 4127 7a
2388 4073 2596 4146 malis.
2635 4076 2738 4130 lsta
2762 4090 2999 4146 namque
3041 4090 3227 4144 opera,
3257 4072 3378 4146 quae
3406 4078 3500 4132 tibi
3528 4080 3716 4135 minus

498 4159 803 4229 congruere
845 4143 1490 4229 superius'exposuimus,
1530 4144 1818 4229 exhibeant
1846 4142 1948 4195 sibi
1982 4141 2209 4229 invicem
2228 4144 2533 4225 discentes,
2549 4144 2599 4199 id
2632 4154 2715 4226 est
2753 4141 2971 4209 laicifet
2995 4153 3045 4199 te
3074 4141 3233 4229 nemo
3274 4141 3505 4229 occupet
3526 4150 3595 4203 ab
3624 4149 3714 4205 his

501 4215 842 4286 studiis,iper
871 4230 991 4282 quae
1034 4212 1180 4267 salus
1212 4212 1469 4286 omnibus
1520 4214 1698 4286 datur.
1747 4212 2091 4286 _Sicut_enim
2144 4212 2241 4286 tibi
2280 4214 2566 4282 impietatis
2620 4215 2824 4269 crimen
2852 4223 2956 4282 est,
2985 4216 3242 4286 neglectis
3278 4212 3433 4271 verbi
3470 4218 3564 4273 Dei
3595 4229 3711 4274 Stu-

502 4284 634 4348 diis,
664 4285 1055 4338 sollicitudines
1082 4283 1356 4351 suscipere
1387 4283 1670 4336 saeculares
1698 4300 1710 4348 ;
1745 4283 1815 4335 ita
1847 4282 2139 4352 unicuique
2161 4283 2423 4353 laicorum
2473 4294 2750 4353 peccatum
2780 4295 2881 4351 est,
2934 4286 3039 4341 nisi
3057 4282 3299 4341 invicem
3327 4288 3430 4342 sibi
3464 4289 3626 4343 etiam
3654 4290 3709 4343 in

503 4353 590 4406 his
619 4369 739 4423 quae
766 4356 832 4407 ad
860 4354 1164 4407 communis
1189 4354 1307 4405 \ita:
1331 4366 1486 4407 usum
1526 4353 1814 4419 pertinent,
1847 4366 2067 4424 operam
2107 4352 2333 4424 ﬁdeliter
2373 4352 2637 4424 dederint.
2706 4353 2781 4409 Te
2808 4369 2936 4409 vero
2965 4371 3217 4410 securum
3256 4356 3434 4412 facere
3484 4374 3549 4414 ex
3600 4360 3708 4424 his,

497 4422 700 4496 quibus
748 4439 855 4496 non
915 4424 1076 4477 debes
1132 4437 1363 4496 vacare,
1422 4437 1609 4496 omnes
1664 4422 2027 4496 communiter
2086 4422 2389 4496 elaborent.
2455 4423 2607 4496 Quod
2640 4426 2726 4496 si
2764 4424 2903 4479 forte
2970 4441 3000 4479 a
3052 4427 3357 4496 semetipsis
3428 4428 3530 4483 hoc
3581 4422 3708 4486 laici

497 4507 611 4545 non
669 4493 1009 4566 intelligunt,
1041 4508 1146 4566 per
1202 4492 1478 4566 diaconos
1516 4492 1771 4545 edocendi
1817 4500 1987 4566 sunt;
2048 4498 2108 4545 ut
2158 4492 2275 4566 tibi
2312 4493 2480 4566 solius
2526 4493 2780 4550 Ecclesiae
2830 4492 3697 4566 sollicitudines'derelinquant;

493 4576 608 4685 quo
668 4560 874 4642 ipsam,
929 4572 988 4616 ut
1023 4560 1243 4632 dignum
1281 4571 1392 4628 est,
1430 4562 1742 4629 dispensare
1782 4560 2039 4626 sufﬁcias,
2064 4571 2117 4616 et
2166 4562 2412 4618 veritatis
2444 4566 2610 4618 verbo
2649 4566 3015 4621 abundantius
3065 4568 3243 4636 possis
3292 4575 3347 4621 et
3394 4560 3700 4626 studiosius

535 4648 790 4685 eservire.

535 4648 623 4685 ese
630 4648 790 4686 I‘Vll'e.

572 4700 665 4775 Vl.
700 4702 757 4755 Si
786 4700 1323 4775 enimqmundialibus
1363 4701 1508 4775 curis
1553 4701 1721 4775 fueris
1739 4709 2069 4775 occupatus,
2103 4711 2157 4755 et
2183 4702 2412 4775 teipsum
2438 4702 2692 4771 decipies,
2718 4714 2771 4758 et
2792 4720 2885 4759 eos
2907 4707 2997 4775 qui
3024 4712 3075 4758 te
3108 4705 3353 4761 audiunt.
3387 4703 3505 4760 Non
3546 4707 3692 4763 enim

496 4773 700 4841 poteris
735 4788 864 4844 qua:
884 4773 951 4826 ad
1006 4772 1238 4844 salutem
1296 4773 1582 4844 pertinent,
1613 4772 1821 4840 plenius
1852 4771 2078 4840 singulis
2107 4773 2434 4844 quibusque
2457 4775 2665 4828 caeteris
2717 4771 3046 4844 distinguere
3080 4791 3092 4827 :
3128 4784 3180 4829 et
3207 4790 3273 4829 ex
3298 4791 3363 4830 eo
3407 4776 3467 4830 tit
3510 4787 3569 4831 ut
3618 4789 3701 4844 tu,

493 4850 753 4911 tanquam
772 4843 875 4918 qui
896 4858 1000 4896 non
1026 4841 1274 4896 docueris
1303 4857 1423 4918 quae
1449 4842 1515 4894 ad
1542 4845 1788 4918 salutem
1805 4844 2084 4895 hominum
2113 4842 2696 4918 pertinent,deponaris
2721 4885 2736 4910 ,
2771 4854 2851 4918 _et
2888 4841 3155 4918 'discipuli
3204 4861 3298 4914 per
3341 4841 3701 4918 ignorantiam

496 4920 741 4979 pereant.
772 4912 975 4967 ldeirco
997 4927 1124 4979 ergo
1155 4922 1209 4965 tu
1245 4912 1462 4980 quidem
1491 4913 1557 4966 ad
1581 4914 1682 4965 hoc
1711 4913 1887 4966 solum
1947 4919 2161 4981 vacato,
2194 4913 2268 4965 uti
2301 4924 2604 4981 opportune
2649 4924 2701 4967 et
2740 4915 2855 4969 sine
2905 4912 3311 4971 intermissione
3361 4912 3560 4972 doceas
3599 4933 3695 4973 eos

500 4983 725 5035 verbum
765 4983 871 5057 Dei
898 4999 996 5057 per
1041 4983 1183 5057 quod
1208 4985 1436 5036 salutem
1468 4984 1728 5050 consequi
1775 4982 2000 5050 possint.
2056 4980 2137 5057 Illi
2181 4998 2314 5057 vero
2340 4980 2465 5037 cum
2490 4994 2643 5057 tanta
2686 4985 2980 5057 reverentia
3030 4995 3119 5039 tua
3150 4989 3314 5050 verba
3373 4989 3695 5057 suscipiant,

498 5059 753 5129 tanquam
784 5053 873 5122 qui
896 5052 1073 5129 sciant
1093 5053 1323 5129 legatum
1358 5061 1410 5105 te
1438 5062 1816 5129 etpraeconem
1842 5068 1962 5129 esse
1982 5052 2245 5129 veritatis.
2272 5060 2341 5129 _et
2363 5054 2698 5129 quodcunque
2721 5053 2963 5129 ligaveris
2992 5071 3147 5129 super
3177 5065 3391 5122 terram,
3416 5052 3541 5112 use'
3553 5052 3696 5129 liga-1

500 5070 753 5133 tanquam
784 5070 873 5122 qui
900 5070 1073 5108 sciant
1093 5070 1323 5121 legatum
1358 5070 1410 5105 ιε
1438 5070 1491 5106 ει
1519 5070 1816 5133 praeconem
1842 5070 1962 5133 esse
1982 5070 2245 5132 veritatis.
2288 5070 2341 5105 et
2363 5070 2698 5178 qunacuiﬁue
2721 5070 2963 5124 ngavem
2992 5071 3147 5124 super
3177 5070 3391 5122 terram,
3416 5075 3524 5112 use
3553 5070 3695 5129 uga-

500 5130 610 5175 tum
630 5133 678 5178 et
728 5139 783 5175 tn
810 5122 959 5190 caelo,
991 5132 1039 5176 et
1068 5123 1408 5193 quodcunque
1434 5122 1670 5189 solvens,
1720 5132 1879 5176 etiam
1923 5122 1995 5175 ibi
2052 5138 2161 5175 esse
2203 5122 2503 5176 solvendum
2554 5126 2572 5194 (
2638 5124 2769 5177 atth.
2821 5140 2932 5192 xvi,
2992 5126 3111 5196 i9),
3165 5129 3419 5196 quoniam
3476 5130 3695 5199 quidem

1784 5237 2012 5297 VARL'E
2042 5238 2442 5296 LECTIONES.

565 5330 612 5404 ⁷⁷⁵
638 5329 808 5404 βραχὺ
851 5327 1073 5404 (βραχὺν
1099 5326 1341 5404 co_nj._S_)
1370 5326 1492 5382 νοῦν
1523 5328 1707 5404 ⁸ἔχοντι
1738 5330 1797 5384 C.
1871 5331 1917 5404 7_‘
1946 5332 2005 5384 σέ
2056 5333 2237 5387 addidi
2257 5349 2318 5404 γε.
2365 5330 2741 5404 0.Pronomen
2797 5331 2984 5404 deesse
3016 5332 3319 5404 recte_vidit
3345 5330 3693 5404 8.βραχαίας

496 5396 649 5471 900(
674 5396 1120 5471 Clementinorant
1150 5396 1440 5471 Parisiens.
1462 5417 1483 5471 ς
1519 5396 1760 5471 βραχέως
1781 5401 1926 5469 conj.
1955 5404 2016 5457 C.
2108 5404 2150 5435 ""
2185 5403 2278 5456 τοῦ
2336 5402 2563 5457 accessit
2594 5418 2659 5455 ex
2700 5400 2765 5457 Ο.
2799 5402 2936 5456 Tum
2988 5402 3330 5456 ἀποσείεσθαι
3393 5396 3444 5456 Ο’
3470 5396 3515 5457 c.
3538 5396 3688 5459 "Cod.

498 5468 635 5542 §04,
682 5468 991 5542 ἀποσίεσθαι
1012 5468 1145 5522 Cod.
1178 5466 1438 5542 Eleatem.
1460 5466 1994 5542 ParisZconstanter.
2029 5471 2104 5526 De
2138 5474 2238 5526 hac
2271 5473 2549 5542 scripturae
2578 5473 2934 5537 discrepantia
2966 5472 3007 5526 C
3039 5473 3246 5527 consuli
3271 5473 3423 5542 jubet
3457 5472 3685 5528 Salinas.

496 5535 626 5614 ξέοι.
651 5539 715 5614 ad
744 5537 1263 5614 Igscript.__Herodis,
1290 5553 1344 5614 ρ.
1377 5539 1447 5614 64
1477 5538 1742 5614 s_eq._Cfr._
1782 5536 2010 5614 AConstit.
2067 5550 2246 5614 apost.
2275 5558 2343 5605 ιι,
2503 5540 2636 5597 Can.
2689 5535 2857 5610 apost.
2898 5543 2999 5614 dii.
3057 5610 3067 5614 Α
3103 5543 3150 5614 ⁷⁷
3177 5535 3606 5614 παρασχέτωσαν
3625 5544 3686 5601 (ὲ.

498 5604 738 5681 Subinde
768 5611 838 5662 S:
900 5604 1250 5681 scribendum
1291 5604 1448 5662 haud
1480 5604 1659 5675 dubie,
1693 5610 1796 5664 nisi
1820 5612 1954 5665 forte
1983 5604 2150 5666 totuin
2184 5611 2398 5681 aliquod
2431 5604 2732 5665 membrum
2763 5612 2977 5675 excidit,
3022 5610 3081 5664 σὲ
3132 5612 3177 5665 δ’
3223 5604 3307 5667 vel
3341 5604 3433 5666 καὶ
3466 5613 3545 5666 σέ.
3577 5611 3687 5666 Ru-

496 5678 595 5751 gini
635 5678 1002 5751 interpretatio
1036 5678 1170 5751 haec
1208 5685 1295 5751 est
1326 5695 1361 5751 :_
1391 5695 1409 5729 ι
1443 5686 1496 5733 et
1548 5687 1601 5733 te
1654 5694 1811 5751 nemo
1860 5692 2085 5751 occupet
2129 5683 2196 5735 ab
2250 5678 2333 5736 bis
2373 5682 2597 5751 studiis,
2638 5696 2739 5751 per
2779 5698 2899 5748 qua:
2955 5682 3104 5736 salus
3144 5685 3395 5741 omnibus
3455 5686 3632 5741 datur.
3659 5701 3680 5735 ο

492 5694 591 5778 21η
635 5694 1002 5799 interpretatio
1036 5694 1149 5733 nate
1208 5694 1340 5731 e5t:
1391 5695 1409 5729 ι
1443 5694 1496 5733 ει
1548 5694 1601 5733 ιε
1654 5694 1811 5733 nemo
1860 5694 2085 5751 occupet
2129 5694 2196 5735 ab
2250 5694 2333 5736 uis
2373 5694 2597 5745 studiis,
2638 5696 2733 5751 per
2779 5698 2899 5748 qua:
2955 5694 3104 5736 satus
3144 5694 3303 5737 omni]

570 5747 774 5818 ἀποσχο
808 5750 1019 5820 ήτωσαν
1050 5747 1120 5813 C,
1149 5746 1541 5820 ἀσχολείτωσαν
1578 5749 1701 5805 cod.
1737 5749 1860 5815 804,
1895 5751 2355 5824 ἀποσχολείτωσαν
2384 5750 2442 5807 S.
2510 5752 2564 5784 «³³
2591 5750 2967 5821 καταλείψαψτι
3010 5753 3131 5808 cod.
3178 5752 3303 5808 804.
