4068 6338
494 365 563 425 IS
1376 368 1429 423 S.
1474 369 1859 425 CLEMENTIS
1900 369 1917 422 I
1957 369 2348 451 RUM.‘PONT.
2388 370 2615 424 OPERA
2657 366 2878 427 DUBIA.
3662 371 3728 434 ει

492 486 683 553 grandi
722 483 927 548 ltetitia,
961 483 1107 539 velut
1156 484 1368 539 invitati
1401 483 1466 538 ad
1498 486 1739 555 nuptias,
1784 486 2059 544 fruemini.

2162 488 2338 558 γάλης
2367 488 2683 558 εὐφρασίας,
2715 488 2791 551 ὡς
2817 488 3002 558 κλητοὶ
3049 488 3260 559 γάμων,
3294 490 3625 547 ἀτιεολαιςσετ⁸
3657 497 3725 553 ne.

492 582 550 635 Si
589 592 717 634 vero
746 578 798 630 in
829 586 1049 646 peccato
1096 574 1435 645 deprehensa
1480 574 1664 641 fuerit,
1692 578 1807 645 ipsa
1836 578 2056 648 quidem

488 671 911 739 cjicietur;vos
949 675 1128 719 autem
1179 681 1370 735 poenas
1418 666 1638 729 dabitis,
1666 669 1711 721 si
1766 667 1905 722 forte
1963 686 2060 739 per

489 773 725 815 Vestram
756 758 1136 827 negligentiam
1167 767 1452 828 peccatum
1479 760 1835 813 commissum
1867 760 2051 816 fuerit.

562 850 701 906 Vill.
741 850 1008 916 Quocirca
1052 859 1176 903 ante
1232 850 1416 904 omnia
1448 852 1514 904 de
1544 851 1805 919 pudicitia
1835 854 2059 907 solliciti

490 952 688 999 estote.
742 941 950 1010 Quippe
1004 939 1149 1010 apud
1202 941 1370 995 Deum
1410 943 1703 997 admodum
1735 960 1897 1013 grave
1929 945 2057 1013 quid

483 1045 744 1090 censetur
776 1033 1086 1087 fornicatio.
1119 1032 1389 1087 Certe-rum
1432 1035 1641 1105 species
1681 1034 2060 1094 fornicationis

493 1128 676 1182 multa:
718 1136 866 1192 sunt,
898 1136 957 1180 ut
994 1136 1048 1180 et
1102 1126 1216 1195 ipse
1257 1124 1512 1181 Clemens
1555 1126 1709 1181 vobis
1760 1129 2056 1183 enarrabit.

491 1220 746 1273 Attamen
800 1217 1035 1286 primum
1088 1216 1414 1272 adulterium
1458 1225 1563 1285 est,
1591 1219 1767 1273 virum
1802 1235 1911 1274 non
1944 1222 2062 1276 sola

484 1326 591 1367 sua
625 1309 700 1363 uti
726 1324 915 1373 uxore,
950 1317 1004 1361 et
1024 1322 1251 1362 urorem
1295 1324 1403 1363 non
1442 1309 1561 1365 solo
1590 1324 1691 1364 suo
1724 1309 1800 1363 uti
1830 1311 1965 1365 viro.
2002 1310 2061 1366 Si

492 1404 617 1462 unis
639 1412 823 1458 castus
850 1401 1137 1466 exstiterit,
1161 1402 1437 1455 humanus
1482 1403 1647 1457 etiam
1679 1402 1795 1457 fieri
1831 1411 2013 1473 potest
2042 1421 2059 1470 ;

486 1506 710 1566 propter
738 1494 883 1565 quod
912 1502 1170 1556 aeternam
1198 1504 1562 1564 consequetur
1593 1495 2056 1549 misericordiam.

492 1585 961 1651 Quemadmodum
1006 1594 1185 1640 autem
1212 1586 1537 1640 adulterium
1569 1602 1826 1654 magnum
1858 1587 2061 1641 malum

470 1688 595 1742 .est,
630 1680 704 1732 ita
737 1678 1053 1735 humanitas
1086 1677 1386 1731 maximum
1424 1682 1650 1733 bonum.
1697 1677 1903 1734 Idcirco
1934 1678 2061 1732 dili-

489 1772 603 1838 gite
656 1786 849 1825 omnes
906 1769 1103 1824 fratres
1145 1780 1361 1824 vestros
1416 1772 1623 1825 sanctis
1671 1771 2063 1826 etmisericor—

2172 579 2294 633 Ἐὰν
2325 579 2382 632 δὲ
2416 580 2767 650 ἡμαρτηκυῖα
2820 579 3067 651 φωραθῇ,
3128 579 3264 649 αὑτὴ
3326 582 3422 651 μὲν
3470 584 3731 657 ἕκὸλητος

2160 670 2311 723 ἔσται
2340 670 2408 733 ⁸ο,
2442 670 2597 739 ὑμεῖς
2624 670 2681 723 δὲ
2708 670 2862 739 δίκην
2917 670 3115 723 δώσετε
3144 671 3209 734 ⁹¹,
3236 670 3289 724 εί
3305 689 3421 736 πως
3448 676 3597 747 παρὰ
3628 678 3731 749 ei};

2161 760 2429 833 ὑμετέραν
2461 762 2720 832 ἀμέλειαν
2751 762 2969 830 γέγονεν
3000 764 3031 833 η
3062 762 3323 834 ἁμαρτία.

2236 854 2340 924 16
2378 853 2508 907 VIII.
2550 854 2640 906 Διὸ
2672 855 2776 925 πρὸ
2806 858 3021 908 πάντων
3046 857 3172 928 περὶ
3203 857 3553 929 σωφροσύνης
3576 877 3732 930 φρον-

2159 944 2336 1009 τίζετε
2356 962 2371 975 ·
2402 944 2521 999 λίαν
2552 946 2661 1016 γὰρ
2693 946 2845 1017 παρὰ
2876 946 2952 1017 τῷ
2980 946 3098 1017 Θεῷ
3158 948 3366 1020 χαλεπὴ
3426 949 3650 1021 ὥρισται
3693 952 3728 1023 ἡ

2160 1036 2404 1107 πορνεία.
2464 1037 2725 1108 Πορνείας
2756 1038 2813 1091 δέ
2846 1038 2889 1069 ⁹¹
2918 1038 3031 1109 εἴδη
3094 1039 3282 1103 πολλὰ,
3335 1041 3410 1103 ὡς
3443 1042 3536 1095 καὶ
3569 1043 3731 1106 αὐτὸς

2160 1128 2393 1199 Κλήμης
2422 1128 2547 1199 ὑμῖν
2576 1128 2911 1200 διηγήσεται.
2941 1129 3085 1201 Πλὴν
3121 1130 3309 1203 πρώτη
3370 1133 3581 1202 μοιχεία
3612 1134 3730 1189 ἐστὶ

2158 1217 2220 1271 τὸ
2244 1220 2289 1251 ⁸³
2318 1219 2487 1291 ἄνδρα
2523 1220 2595 1291 μὴ
2628 1219 2733 1290 ἰδίᾳ
2760 1220 2893 1291 μόνῃ
2919 1221 3223 1292 χρήσασθαι
3242 1224 3480 1291 γυναικὶ,
3511 1225 3603 1277 καὶ
3634 1242 3731 1292 γυο

2161 1314 2321 1366 ναῖκα
2356 1311 2430 1383 μὴ
2467 1311 2578 1380 ἰδίῳ
2615 1312 2759 1382 μόνῳ
2791 1313 3094 1384 χρήσασθαι
3126 1314 3297 1386 ἀνδρί.
3346 1315 3468 1369 Ἐὰν
3500 1315 3728 1389 σώφρων

2160 1400 2194 1475 ᾖ
2226 1421 2328 1468 τις,
2359 1404 2453 1457 καὶ
2472 1402 2844 1475 φιλάνθρωπος
2873 1405 3121 1473 γενέσθαι
3152 1406 3392 1470 δύναται,
3427 1398 3486 1460 οὗ
3523 1410 3728 1461 εἵνεκεν

2160 1493 2343 1557 ἐλέους
2404 1495 2620 1547 αἰωνίου
2680 1495 2944 1561 τεύξεται.
2997 1497 3083 1560 Ὠς
3140 1498 3198 1551 δὲ
3248 1499 3281 1568 ή
3324 1498 3533 1569 μοιχεία
3588 1500 3730 1569 μέγα

2163 1586 2331 1639 κακὸν
2362 1586 2428 1651 ⁸⁸,
2460 1584 2632 1649 οὕτως
2670 1588 2703 1657 ὴ
2754 1586 3131 1658 φιλανθρωπία
3193 1589 3443 1660 μέγιστον
3503 1591 3726 1659 άγαθὸν.

2161 1680 2253 1733 Διὸ
2310 1680 2559 1748 ἀγαπᾶτε
2608 1679 2813 1742 πάντας
2837 1679 2987 1749 ὑμῶν
3024 1681 3149 1744 τοὺς
3200 1681 3460 1751 ἀδελφοὺς
3514 1686 3727 1752 σεμνάς

2164 1771 2258 1825 καὶ
2289 1771 2575 1843 ἐλεημοσιν
2603 1769 2915 1842 ὀφθαλμοῖς,
2950 1774 3063 1835 τοῖς
3096 1772 3193 1842 μὲν
3237 1774 3491 1844 ὀρφανοῖς
3518 1775 3734 1829 ποιοῦν-

495 1864 656 1918 dibus
686 1864 880 1926 oculis.
927 1862 1190 1932 orphanis
1237 1861 1459 1932 quidem
1520 1871 1832 1932 parentum,
1876 1863 2056 1918 viduis

2160 1880 2247 1926 τες
2298 1861 2369 1915 τά
2426 1862 2648 1931 γονέων,
2704 1865 2824 1925 ταῖς
2860 1862 2916 1915 δὲ
2966 1864 3163 1934 χήραις
3201 1864 3269 1917 τὰ
3300 1864 3527 1936 ἀνδρῶν,
3562 1867 3730 1935 παρέ·-

486 1965 675 2009 autem
736 1956 977 2010 virorum
1028 1970 1214 2010 curam
1247 1954 1563 2009 exhibentes
1611 1966 1641 1996 ι
1691 1996 1706 2020 ,
1761 1954 2064 2024 praebentes

494 2047 812 2101 alimoniam
849 2062 974 2101 cum
1019 2048 1168 2101 omni
1218 2047 1539 2101 liberalitate
1579 2065 1592 2112 ;
1628 2056 1783 2102 aetate
1836 2047 2066 2117 vigenti-

493 2138 595 2193 bus
644 2137 962 2207 conjugium
1014 2136 1402 2206 providentes;
1444 2147 1608 2207 atque
1651 2141 1790 2192 inter
1822 2138 1944 2192 illos
1994 2137 2063 2192 iis

493 2231 587 2298 qui
635 2239 809 2283 artem
855 2229 1130 2296 nesciunt,
1186 2229 1479 2284 commenti
1518 2244 1610 2297 per
1641 2229 1765 2282 vitae
1815 2229 2062 2283 instituta

493 2322 817 2375 occasiones
846 2320 913 2374 ad
960 2320 1178 2374 vivendi
1229 2321 1610 2376 necessitatem
1640 2336 1657 2385 ;
1686 2321 1879 2375 artilici
1933 2336 2062 2390 ope-

488 2426 631 2475 ram,
655 2411 819 2465 debili
848 2411 1300 2467 misericordiam.

566 2502 659 2558 IX.
701 2503 828 2557 Scio
862 2514 1043 2557 autem
1080 2519 1177 2559 vos
1202 2504 1314 2558 hate
1338 2503 1598 2570 facturos,
1634 2504 1795 2559 modo
1819 2503 2059 2563 charita-

487 2605 601 2649 tem
633 2606 813 2650 vestra
854 2596 910 2651 in
959 2604 1140 2651 mente
1195 2596 1493 2651 statueritis
1529 2616 1541 2650 :
1579 2597 1645 2651 ad
1681 2612 1844 2667 quam
1889 2598 2063 2652 intro-

492 2687 795 2741 ducendam
824 2703 965 2742 unus
984 2695 1067 2741 est
1084 2688 1276 2741 modus
1290 2686 1754 2755 accommodatus,
1778 2702 1978 2743 mensae
2005 2695 2061 2743 et

488 2779 626 2833 salis
655 2779 706 2832 in
735 2794 1024 2835 commune
1074 2780 1366 2849 perceptio.
1418 2778 1599 2845 Quare
1658 2779 1871 2834 studete
1918 2778 2059 2833 inter

493 2885 595 2926 vos
656 2870 999 2940 frequentius
1053 2870 1299 2925 convivia
1359 2870 1584 2940 agitare,
1645 2880 1907 2941 quantum
1960 2888 2062 2940 po-

488 2962 670 3025 testis,
728 2977 796 3016 ne
839 2963 1161 3016 charitatem
1209 2961 1473 3016 amittatis
1512 2980 1525 3016 :
1560 2977 1723 3017 causa
1780 2962 1924 3017 enim
1974 2970 2060 3017 est

493 3053 881 3116 beneﬁcentiae,
917 3052 1271 3107 beneﬁcentia
1303 3068 1433 3107 vero
1464 3054 1676 3107 salutis.
1706 3053 1902 3108 Cuncti
1929 3068 2059 3124 ergo

495 3144 710 3200 cunctis
739 3143 794 3197 in
819 3142 928 3197 Deo
952 3142 1214 3199 fratribus
1257 3158 1601 3198 communem
1646 3144 1885 3198 v’estrum
1916 3160 2057 3214 prae-

2165 1972 2347 2026 χοντες
2380 1954 2517 2023 μετὰ
2573 1954 2753 2026 πάσης
2790 1955 3126 2027 εὐφροσύνης
3155 1956 3198 1990 ⁸⁸
3228 1956 3327 2020 τὰς
3364 1958 3589 2029 τροφάς·
3616 1963 3731 2023 τοῖς

2163 2048 2419 2119 ἀκμαίοις
2462 2048 2590 2111 τοὺς
2647 2047 2877 2118 γάμους,
2913 2048 3147 2111 καὶτοῖς
3179 2049 3356 2102 αὐτῶν
3406 2050 3651 2120 ἀτέχνοις
3680 2052 3729 2082 ⁸⁸

2160 2139 2249 2193 διὰ
2275 2140 2383 2193 τῶν
2416 2139 2854 2211 ἐπιτηδευμάτων
2911 2141 3245 2211 ἐννοούμενοι
3298 2140 3397 2205 τὰς
3430 2141 3731 2213 προφάσεις

2159 2231 2262 2302 τῆς
2318 2230 2619 2299 ἀναγκαίας
2689 2232 2913 2302 τροφῆς·
2974 2232 3187 2303 τεχνίτῃ
3254 2231 3430 2304 ἔργον,
3510 2234 3733 2306 ἀδρανετ

2162 2322 2328 2385 ἔλεος.

2231 2500 2321 2557 IX.
2364 2497 2493 2555 υἷδα
2521 2502 2577 2555 δὲ
2605 2500 2775 2554 ταῦτα
2804 2502 3048 2574 ποιήσειν
3096 2503 3258 2573 ὑμᾶς,
3290 2503 3381 2555 ἐὰν
3407 2503 3627 2575 ἀγάπην
3648 2506 3729 2569 είς

2159 2596 2251 2650 τὸν
2308 2596 2566 2666 ὑμέτερον
2627 2593 2876 2665 ἱδρύσητε
2933 2594 3075 2659 νοῦν,
3110 2594 3248 2665 πρὸς
3270 2593 3327 2646 δέ
3355 2596 3453 2665 τὴν
3486 2596 3530 2627 ⁸⁷
3559 2597 3730 2666 αὐτῆς

2159 2689 2361 2741 είσοδον
2393 2686 2489 2758 μία
2508 2686 2591 2749 τίς
2620 2687 2764 2739 ἐστιν
2797 2686 2955 2757 ἱκανὴ
2999 2685 3290 2758 πρόφασις,
3317 2688 3411 2758 ή⁹⁸
3435 2689 3587 2760 κοινὴ
3617 2688 3728 2741 τῶν

2157 2780 2301 2835 ἁλῶν
2345 2778 2658 2849 μετάληψις.
2692 2778 2782 2847 Διὸ
2825 2778 3149 2842 σπουδάζετε
3198 2779 3525 2851 πυκνότερον
3573 2781 3727 2833 συνέ-

2157 2888 2294 2924 στιοι
2326 2870 2566 2942 ἀλλήλων
2599 2870 2856 2939 γίνεσθαι,
2897 2869 2971 2933 ὡς
2992 2870 3238 2935 δύνασθε,
3283 2872 3429 2933 ὅπως
3454 2870 3622 2943 αὐτὴν
3651 2872 3727 2942 μὴ

2157 2962 2780 3035 ἀπεμπολὴσητεσαίτία
2832 2963 2938 3033 γάρ
2988 2964 3103 3015 ἐστι
3155 2964 3253 3034 τῆς
3307 2962 3570 3027 εὐποιίας,
3604 2965 3637 3034 ή
3669 2964 3729 3018 δὲ

2158 3055 2375 3109 εὐποιία
2414 3056 2511 3127 τῆς
2560 3055 2853 3126 σωτηρίας.
2913 3056 3140 3119 Κοινοὺς
3188 3051 3280 3109 οὖν
3339 3055 3539 3119 πάντες
3590 3058 3729 3110 πᾶσι

2164 3147 2265 3217 1⁷
2301 3150 2413 3209 τοῖς
2445 3144 2584 3200 κατὰ
2624 3145 2755 3198 Θεὸν
2799 3144 3045 3215 ἀδελφοῖς
3070 3146 3196 3211 τοὺς
3223 3147 3430 3201 ἑαυτῶν
3461 3147 3726 3219 παρέχετε

492 3236 618 3290 bete
636 3234 862 3300 victum,
886 3234 1119 3290 scientes
1140 3235 1307 3306 quod,
1328 3236 1645 3306 temporalia
1673 3235 1873 3301 dando,
1900 3244 2059 3289 aeter-

2164 3237 2331 3307 βίους,
2386 3238 2585 3301 εἰδότες
2632 3238 2733 3301 ὅτι,
2772 3237 3080 3309 πρόσκαιρα
3129 3238 3481 3311 δωρούμενοι,
3532 3237 3726 3294 αίὼνια

492 3343 565 3382 na
587 3326 1007 3397 consequimini.
1039 3325 1206 3383 Multo
1251 3327 1425 3399 magis
1472 3328 1675 3384 nutrite
1729 3327 2052 3394 esurientes,

587 3455 613 3483 ι
664 3441 825 3498 Eccii.
860 3458 934 3507 iv,
974 3439 1061 3494 IO.

2160 3328 2409 3400 λήψεσθε.
2469 3328 2652 3399 Πολλῷ
2716 3328 2910 3399 μᾶλλον
2968 3330 3267 3394 πεινῶντας
3322 3332 3572 3404 τρέφετε,
3628 3333 3725 3387 καὶ

1656 3528 2214 3585 INTERPRETATIO
2254 3528 2514 3586 RUFINI.

570 3694 709 3750 VIII.
754 3693 981 3767 Idcirco_
1005 3695 1169 3765 igitur
1194 3692 1529 3767 ante‘om‘nia
1561 3692 1959 3767 sobrietatiset
1995 3692 2278 3767 pudicitize‘
2306 3691 2733 3767 sollicitudinem
2762 3694 2981 3767 gerite._
3006 3692 3171 3750 Valde
3197 3696 3340 3767 enim
3369 3698 3511 3767 apud
3536 3696 3712 3756 Deum

497 3782 662 3839 grave
702 3766 911 3821 crimen
952 3762 1171 3839 ducitur
1202 3764 1490 3839 fornicatio
1521 3779 1534 3815 :
1568 3763 1961 3839 cujus‘species
2006 3772 2134 3839 sunt
2188 3762 2407 3839 quidem
2459 3764 2659 3839 plures,
2692 3765 2833 3839 sicut
2886 3776 2938 3819 et
2970 3764 3084 3839 ipse
3128 3766 3281 3820 vobis
3308 3762 3555 3824 Clemens
3590 3770 3717 3824 dili-

499 3832 688 3907 genter
708 3844 959 3907 exponet.
992 3835 1379 3891 Verumtamen
1407 3834 1581 3907 prima
1602 3833 1809 3902 species
1839 3832 2092 3885 adulterii
2120 3841 2222 3907 est,
2281 3833 2454 3907 virum
2482 3834 2698 3902 propria
2735 3832 3074 3907 solummodo
3104 3851 3273 3890 uxore
3306 3852 3412 3889 non
3442 3853 3562 3892 esse
3592 3856 3723 3894 con-

498 3901 733 3972 tentum,
754 3901 804 3961 εἰ
846 3906 1129 3961 mulierem
1160 3923 1264 3959 non
1289 3901 1509 3974 proprio
1544 3914 1755 3958 tantum
1795 3917 2015 3974 servare
2052 3918 2109 3974 se
2131 3904 2267 3956 viro.
2301 3901 2357 3974 Si
2382 3901 2510 3971 ergo
2539 3901 2720 3958 castus
2745 3904 3065 3974 fueritquis,
3085 3914 3261 3974 potest
3287 3916 3339 3960 et
3369 3907 3640 3963 humanus
3668 3919 3723 3964 et

500 3978 815 4033 misericors
833 3977 971 4039 ﬁeri,
1004 3992 1100 4047 per
1122 3976 1264 4045 quod
1289 3972 1341 4047 et
1363 3972 1487 4047 ipse
1515 3985 1769 4047 aeternam
1806 3988 1835 4025 a
1874 3972 1981 4027 Deo
2016 3973 2447 4047 miscricordiam
2481 3985 2866 4047 consequatur.
2928 3972 3244 4047 Sane—sicut
3267 3978 3591 4032 adulterium
3622 3996 3718 4031 ve-

500 4058 704 4103 ‘nenUm
734 4048 947 4102 cunctis
983 4043 1152 4102 malis
1171 4044 1531 4114 perniciosius
1549 4055 1630 4098 est
1659 4082 1674 4105 ,
1722 4044 1792 4098 ita
1839 4058 1997 4114 amor
2050 4043 2322 4096 fraternus
2349 4052 2412 4114 et
2456 4043 2693 4114 charitas
2748 4046 2913 4098 totius
2947 4045 3072 4097 boni
3123 4044 3397 4113 fastigium
3446 4057 3606 4102 tenet.
3658 4048 3722 4102 Et

500 4118 624 4173 ideo
655 4118 864 4186 diligite
897 4132 1089 4171 omnes
1114 4113 1308 4169 fratres
1333 4125 1563 4186 vestros,
1599 4122 1799 4186 etcum
1848 4113 2108 4182 religione
2149 4122 2199 4186 et
2234 4113 2605 4186 misericordia
2654 4114 2897 4186 respicite
2930 4116 2996 4166 ad
3025 4130 3234 4168 omnes.
3274 4114 3542 4183 Orphanis
3566 4120 3720 4172 exhi-

502 4187 624 4241 bete
650 4182 1014 4255 vosinetipsos
1046 4194 1319 4257 parentes.
1373 4183 1585 4257 Yiduis,
1628 4184 1874 4237 virorum
1935 4197 2127 4257 curam,
2165 4182 2476 4257 impendite,
2513 4198 2634 4257 cum
2659 4184 2806 4257 omni
2851 4185 3102 4257 castitate
3134 4182 3563 4257 (σωφροσύνης),
3600 4203 3721 4257 qua:

499 4258 809 4311 necessaria
842 4251 969 4311 sunt
1006 4251 1329 4325 praebentes.
1373 4251 1630 4326 Jiuniores
1684 4264 1862 4326 tamen
1896 4253 2260 4326 viduas(':ai';
2304 4252 2589 4323 ἀκμαίαις)
2630 4254 2830 4322 nuptiis
2880 4251 3149 4322 copulate.
3204 4251 3297 4309 llis
3337 4257 3427 4326 qui
3463 4251 3724 4326 ignorant

498 4326 751 4391 artiﬁcia,
787 4322 1057 4394 exquirite
1083 4326 1340 4378 honestas
1363 4324 1573 4394 aliquas
1604 4323 1948 4394 occasiones.
1966 4322 2167 4391 quibus
2215 4322 2414 4376 victum
2468 4322 2837 4378 necessarium
2893 4333 3187 4393 quaerant:
3234 4322 3536 4382 artiﬁcibus
3589 4342 3720 4382 vero

501 4410 722 4465 operam
748 4391 1051 4464 providete,
1083 4391 1815 4465 debilibusmisericordiam
1849 4391 2031 4465 facite.
2121 4460 2132 4465 Δ
2651 4461 2661 4465 Δ
2911 4391 2927 4393 “
3141 4463 3148 4465 _
3204 4400 3205 4403 ‘

577 4464 665 4520 IX.
702 4460 828 4520 Seio
866 4460 1046 4520 autem
1085 4465 1198 4518 haec
1232 4463 1414 4517 omnia
1453 4463 1692 4517 facturos
1733 4479 1850 4528 vos,
1898 4462 1943 4515 si
1981 4460 2303 4515 charitatem
2353 4476 2464 4530 prae
2490 4461 2695 4517 caneris
2724 4472 2779 4517 et
2838 4472 2962 4517 ante
3007 4463 3189 4517 omnia
3237 4464 3290 4518 in
3332 4473 3513 4519 vestro
3558 4465 3723 4521 corde

495 4536 678 4606 ﬁgatis
717 4534 919 4604 :cujus
954 4535 1236 4606 charitatis
1267 4543 1322 4589 et
1373 4534 1693 4602 recipienda
1719 4543 1772 4587 et
1814 4530 2078 4606 habenda;
2126 4547 2423 4606 maximum
2454 4534 2560 4606 erit
2603 4532 2922 4598 fomentum,
2957 4532 3001 4586 si
3057 4533 3367 4606 frequenter
3405 4536 3543 4589 inter
3599 4552 3724 4590 vos-

499 4599 765 4673 m'etipsos
787 4599 1129 4659 communem
1153 4605 1335 4658 cibum
1366 4599 1617 4673 vestrum,
1661 4616 2015 4671 mensamque
2055 4599 2309 4673 faciatis.
2358 4601 2421 4655 Et
2453 4603 2504 4655 in
2535 4612 2796 4670 quantum
2852 4599 3229 4673 unusquisque
3291 4608 3562 4673 prmvalet,
3612 4621 3725 4660 cre-

501 4671 659 4731 brius
690 4691 857 4745 panes
882 4691 947 4729 ac
974 4675 1118 4729 sales
1142 4690 1273 4745 suos
1300 4690 1423 4745 eum
1453 4674 1568 4728 suis
1601 4671 1860 4745 fratribus
1898 4680 2096 4745 sumat.
2150 4671 2252 4745 Per
2279 4672 2413 4745 Ilaec
2457 4674 2600 4726 enim
2650 4674 2916 4745 praecipue
2967 4671 3203 4745 charitas
3250 4671 3599 4745 comparatur
3620 4717 3634 4739 ,
3667 4685 3722 4730 et

498 4740 866 4801 causa'totius
884 4745 1011 4798 boni
1037 4746 1089 4797 in
1111 4744 1423 4812 huiusmodi
1453 4744 1836 4797 communione
1866 4742 2135 4795 consistit.
2192 4740 2291 4813 Ubi
2326 4751 2507 4813 autem
2550 4740 2661 4811 pax’
2684 4752 2738 4796 et
2776 4740 3009 4807 bonitas,
3050 4744 3120 4797 ibi
3176 4753 3228 4797 et
3258 4740 3427 4798 salus.
3495 4744 3722 4813 Propter

501 4816 647 4885 quod
673 4830 991 4869 communes
1016 4811 1194 4885 facite
1216 4814 1367 4885 cibos
1400 4825 1631 4885 vestros,
1656 4828 1780 4885 cum
1815 4813 1899 4865 his
1930 4814 2023 4880 qui
2046 4812 2345 4885 secundum
2385 4811 2558 4885 Deum
2578 4812 2772 4865 fratres
2795 4821 2953 4885 sunt;
2980 4815 3107 4881 quia
3138 4830 3234 4883 per
3264 4814 3378 4867 haec
3407 4811 3723 4882 temporalia

500 4881 700 4949 ofﬁcia,
727 4885 877 4953 pacis
901 4895 954 4939 et
974 4883 1581 4948 eharitatisfructibus,
1610 4883 1807 4953 gaudia
1840 4892 2041 4936 aeterna
2066 4882 2429 4953 merebitnini.
2455 4881 2621 4936 Multo
2644 4891 2823 4935 autem
2853 4881 3465 4937 sollicitius'esurientes
3495 4881 3721 4948 reficite,

501 4964 557 5010 et
580 4952 888 5009 sitientibus
909 4964 1094 5023 potum
1130 4957 1271 5019 date,
1301 4954 1461 5007 nudis
1490 4952 1870 5007 vestimentum
1894 4970 1909 5018 ;
1932 4966 2106 5023 aegros
2139 4952 2387 5016 visitate;
2421 4962 2497 5023 et
2494 4968 2609 5016 eos,
2642 4953 2733 5021 qui
2769 4954 2822 5005 in
2845 4962 3062 5007 carcere
3093 4966 3237 5014 sunt,
3270 4964 3429 5021 prout
3454 4956 3721 5022 possibile

500 5024 825 5093 est,juvate;
850 5020 1164 5094 peregrinos
1176 5024 1307 5079 satis
1326 5034 1569 5094 prompte
1593 5025 1647 5077 in
1666 5023 1918 5094 domibus
1938 5022 2137 5077 vestris
2155 5023 2434 5089 suscipite.
2462 5020 2609 5094 Etne
2631 5025 2813 5076 omnia
2836 5039 2979 5078 nunc
3000 5020 3313 5093 singillatim
3342 5020 3541 5094 dicam,
3560 5039 3723 5078 omne

500 5091 729 5158 bonum,
750 5091 866 5164 ipsa
898 5091 1069 5164 pcr'se
1088 5096 1132 5164 si
1156 5096 1211 5147 in
1240 5091 1391 5149 vobis
1422 5091 1584 5148 fuerit
1603 5095 1864 5160 charitas,
1884 5091 2062 5147 facere
2086 5107 2184 5147 vos
2208 5094 2459 5147 docebit:
2494 5093 2637 5147 sicut
2665 5109 2695 5148 e
2725 5095 3003 5147 contrario
3028 5091 3144 5160 eos,
3175 5094 3269 5163 qui
3295 5108 3327 5147 a
3359 5093 3535 5148 salute
3558 5096 3723 5149 alieni

501 5174 653 5233 sunt,
681 5163 841 5221 omne
868 5163 1073 5219 malum
1098 5163 1299 5233 facere,
1331 5166 1515 5220 odium
1547 5166 1723 5220 docet.
2658 5166 2682 5186 ’

1808 5317 2046 5375 VABUE
2084 5315 2482 5373 LECTIONES.

560 5477 664 5532 ⁸Ὀ
692 5475 886 5549 c.Ruf.
920 5477 1280 5549 perfruamini,
1304 5476 1733 5549 ἀπολαύοντεςίζ.
1806 5478 1855 5509 ὀ
1868 5476 2123 5549 ἐκϐλητός
2153 5476 2268 5549 ἐστι
2300 5475 2363 5529 0.
2438 5476 2482 5507 "
2514 5474 2591 5530 Ita
2624 5474 2668 5530 Ο
2690 5482 2741 5530 et
2754 5476 2873 5531 cod.
2894 5474 3027 5549 Reg.
3052 5472 3176 5549 σοι,
3198 5472 3402 5549 δώσητε
3420 5474 3481 5529 C.
3519 5474 3722 5549 Subin-

503 5551 569 5606 de
598 5551 648 5602 εί
695 5548 870 5612 πῶςο
902 5544 956 5605 et
987 5544 1139 5620 Ruf.,
1181 5549 1253 5620 μή
1303 5566 1417 5611 πως
1449 5548 1511 5603 C.
1616 5547 1661 5620 ’_‘
1692 5548 1747 5620 δέ
1800 5562 1909 5620 om.
1946 5544 2043 5620 υ(
2070 5549 2124 5600 in
2185 5546 2293 5615 cuj.
2345 5560 2537 5620 marg.‘
2564 5563 2746 5620 _nian._
2772 5562 2879 5600 rec.
2936 5544 3103 5620 ἐν,τῴ
3156 5549 3207 5620 ς
3236 5544 3370 5620 τῶν,
3398 5546 3721 5620 Διατάξεων,

498 5636 625 5690 κεφ.
650 5625 755 5692 κη’.
828 5621 872 5652 ’³
894 5621 984 5674 τόν
1017 5619 1077 5675 C.
1128 5613 1203 5692 7’57
1230 5613 1372 5691 μέγα
1399 5620 1491 5692 καὶ
1515 5617 1681 5671 κακόν
1700 5617 1763 5682 0,
1787 5619 1880 5692 qui
1924 5618 2084 5692 paulo
2113 5613 2626 5692 ρρειξοιηηάγαθόν.
2646 5614 3126 5692 --θδισωφρηςύνης
3161 5613 3514 5692 [ξυῐλμιειηῼι
3547 5616 3722 5692 juniu:

503 5683 592 5744 res
624 5683 804 5760 tamen
840 5692 1029 5745 viduas
1059 5683 1262 5760 nuptiis
1308 5683 1577 5760 copulate,
1607 5706 1645 5760 Δ»
1672 5683 1826 5757 quasi
1859 5683 2047 5760 legerit
2076 5683 2195 5760 ταῖς
2223 5686 2485 5760 ἀκμαί-αις
2644 5687 2689 5718 ³⁸
2710 5683 2917 5760 τέκνοις
3027 5683 3227 5760 οέοοιίτ
3264 5686 3366 5738 801
3387 5694 3439 5740 et
3471 5683 3721 5760 'llurriani

506 5761 664 5815 libro.
698 5758 984 5830 Vulgatam
1025 5754 1151 5817 lect.
1175 5754 1394 5816 exhibet
1424 5770 1477 5814 et
1512 5758 1659 5830 Ruf.“
1688 5754 1753 5830 In,
1778 5754 2350 5830 marg.0_ttoboniani:
2387 5758 2443 5830 ἐν
2490 5756 2568 5830 τῷ
2600 5764 2639 5809 ν’
2664 5773 2785 5830 περ.
2809 5754 2914 5830 β’..-
2950 5756 2993 5830 ’_’
3028 5755 3126 5825 τῆς
3166 5756 3224 5809 Cl
3254 5797 3268 5821 ,
3292 5772 3454 5827 quem
3495 5755 3533 5810 S
3581 5755 3723 5808 male

494 5830 784 5889 confundit
808 5825 871 5886 ὀι
914 5833 1033 5888 Cot.
1108 5832 1154 5865 ”
1185 5836 1217 5904 ὴ
1252 5831 1481 5887 accessit
1530 5847 1595 5885 ex
1628 5827 1695 5885 0.
1732 5825 1931 5884 Deinde
1965 5828 2107 5883 ἁλῶν
2140 5825 2184 5880 0
2223 5837 2277 5881 et
2326 5827 2448 5883 cod.
2488 5825 2613 5890 804,
2665 5826 2837 5881 ἄλλων
2877 5827 2918 5882 C
2962 5826 3017 5881 in
3053 5835 3219 5880 textu.
3311 5825 3341 5868 ί
