4068 6338
222 355 289 410 ις
952 346 1413 403 CLEMENTINA.
1453 377 1520 387 -
1556 345 1890 401 EPISTULA
1931 346 2319 402 CLEMENTlS
2357 345 2448 400 AD
2475 344 2809 404 JACOBUM.
3384 350 3453 406 ιο

221 472 408 541 διψῶσι
439 468 696 541 παρέχετε
732 466 893 521 ποτὸν
917 467 984 531 ’⁸,
1007 468 1233 537 γυμνοῖς
1281 465 1503 534 ἔνδυμα,
1555 464 1680 526 τοὺς
1704 480 1790 515 νο-

1897 470 1945 515 et
1990 461 2304 516 sitientibus
2361 468 2547 531 potum
2615 461 2757 527 date,
2809 461 2970 517 nudis
3028 461 3453 531 indumentum;

224 564 442 624 σοῦνεας
499 559 909 619 ὲπισκέπτεσθε,
968 563 1079 622 τοῖς
1108 560 1166 611 ὲν
1195 558 1462 625 φυλακαῖς
1510 557 1787 625 ἐπιφαινό-

224 673 365 727 μενοι
385 654 476 713 ίοο,
499 655 573 716 ὡς
595 652 843 715 δύνασθε,
868 650 1132 720 βοηθεῖτε,
1162 652 1288 712 τοὺς
1312 647 1497 713 ξένους
1521 648 1656 718 μετὰ
1684 649 1787 701 πά-

223 765 318 819 σης
347 746 654 818 προθυμίας
687 746 767 805 εἰς
812 744 938 804 τοὺς
990 741 1197 795 ἑαυτῶν
1245 740 1424 801 οἴκους
1462 739 1785 809 λαμϐάνετε.

221 840 381 910 Πλὴν,
413 838 499 889 ἵνα
532 837 604 908 μὴ
626 834 684 888 τὸ
701 835 821 887 κατ’
853 831 992 897 εἶδος
1022 832 1185 902 λέγω,
1217 834 1325 887 πᾶν
1353 831 1515 886 καλὸν
1539 835 1570 902 ἠ
1604 832 1788 902 φιλαν-

221 930 435 1001 θρωπία
464 929 607 999 ὑμᾶς
649 929 820 980 ποιεῖν
865 925 1085 991 διδάξει,
1132 924 1320 997 ὥσπερ
1350 925 1382 995 ἡ
1411 924 1789 996 μισανθρωπία

219 1026 328 1083 τοῖς
357 1022 433 1091 μὴ
467 1019 807 1090 βουλομένοις
839 1016 1107 1082 σώζεσθαι
1137 1016 1235 1089 τὴν
1256 1012 1633 1088 κακοπραξίαν
1667 1017 1791 1070 ὑπο-

220 1112 504 1166 δείκνυσιν.

290 1202 356 1257 Χ.
398 1205 461 1255 Οί
496 1202 798 1274 πράγματα
837 1200 1051 1271 ἔχοντες
1102 1198 1321 1269 ἀδελφοὶ
1363 1200 1455 1253 ἐπὶ
1504 1198 1612 1252 τῶν
1642 1195 1791 1263 ἐξου-

224 1296 348 1349 σιῶν
378 1294 657 1364 κοσμικῶν
690 1294 706 1324 ⁸
741 1293 815 1364 μὴ
844 1292 1233 1363 κρινέσθωσαν,
1275 1291 1386 1344 ἀλλ’
1417 1291 1521 1344 ὑπὸ
1552 1290 1659 1343 τῶν
1691 1292 1792 1362 τῆς

233 1386 428 1457 Ἕκχλη
437 1386 554 1449 σίας
570 1403 671 1457 πρε
681 1384 950 1457 σϐυτέρων
966 1383 1074 1455 (59)
1095 1382 1614 1454 συμϐιδαξέσθωσαν
1632 1384 1795 1438 παντὶ

222 1479 423 1549 τρόπῳ,
473 1478 702 1546 ἑτοίμως
738 1476 921 1538 αὐτοῖς
976 1476 1306 1546 πειθόμενοι.
1365 1475 1510 1546 Πλὴν
1562 1477 1655 1530 καὶ
1695 1478 1792 1548 τὴν

226 1569 529 1635 πλεονεξίαν
559 1567 731 1631 οὕτως
762 1567 1010 1636 φεύγετε,
1053 1566 1129 1632 ὼς
1160 1567 1430 1639 προφάσει
1462 1569 1791 1640 προσκαίρου

224 1661 443 1732 κέρδους
467 1660 575 1712 ἀπὸ
600 1659 708 1711 τῶν
736 1658 966 1713 αἰωνίων
999 1658 1220 1727 ἀγαθῶν
1278 1657 1505 1730 ζημιοῦν
1558 1659 1794 1729 δυναμέυ

223 1770 331 1820 νην.
367 1752 542 1819 Ζυγὰ,
579 1752 774 1822 μέτρα,
812 1749 1050 1820 σταθμία
1082 1752 1123 1812 ⁸,
1159 1749 1227 1803 τὰ
1253 1750 1360 1802 τῶν
1410 1751 1590 1822 ῥοπῶν
1612 1751 1796 1805 δίκαια

1890 561 2125 623 aegrotos
2174 552 2392 607 visitate
2424 570 2440 617 ;
2472 552 2541 606 iis
2580 552 2676 623 qui
2720 551 2774 606 in
2830 568 3049 607 carcere
3106 564 3235 610 sunt
3285 554 3461 610 inter—

1890 644 2167 699 venientes
2195 661 2293 715 pro
2318 646 2531 701 viribus
2563 646 2867 701 succurrite
2898 666 2911 713 ;
2949 649 3262 718 peregrinos
3305 647 3460 707 omni

1890 747 2014 788 cum
2045 736 2324 790 alacritate
2349 736 2404 790 in
2431 737 2687 792 domibus
2710 737 2905 792 vestris
2939 738 3215 807 suscipite.
3254 738 3457 794 Verum

1890 840 1957 878 ne
1985 825 2298 896 singulatim
2342 826 2544 893 dicam,
2569 844 2731 883 omne
2781 828 2985 883 bonum
3015 838 3075 883 ut
3117 828 3329 885 faciatis
3360 832 3459 885 do~

1892 915 2033 969 cebit
2054 931 2151 970 vos
2188 918 2430 973 Charitas
2480 933 2608 989 erga
2664 916 2914 973 homines
2950 938 2964 986 ;
2997 922 3458 989 quemadmodum

1892 1007 2033 1075 apud
2072 1023 2186 1074 eos,
2235 1008 2326 1079 qui
2371 1009 2505 1064 salvi
2550 1025 2671 1065 esse
2713 1008 2931 1077 nolunt,
2991 1011 3174 1065 odium
3201 1028 3329 1082 erga
3356 1012 3456 1068 ho-

1894 1098 2071 1154 mines
2102 1100 2241 1154 male
2268 1116 2424 1170 agere
2449 1101 2709 1170 suggerit.

1964 1199 2033 1255 Χ.
2074 1200 2290 1256 Fratres
2338 1202 2430 1271 qui
2458 1202 2584 1256 lites
2616 1202 2838 1269 habent,
2867 1202 3010 1272 apud
3042 1212 3336 1273 potestates
3361 1220 3463 1261 sre-

1896 1292 2004 1347 culi
2034 1308 2142 1346 non
2179 1292 2512 1361 judicentur,
2566 1292 2659 1347 sed
2708 1294 2778 1347 ab
2826 1291 3083 1349 Ecclesia:
3129 1296 3462 1366 presbyteris

1895 1384 2252 1440 concilientur
2305 1399 2632 1454 quocunque
2702 1384 2886 1450 modo,
2955 1385 3157 1455 quibus
3210 1397 3461 1457 prompte

1896 1477 2167 1532 obcdiant.
2217 1476 2298 1530 Ad
2348 1476 2463 1531 haec
2519 1475 2801 1529 avaritiam
2850 1477 2923 1530 ita
2975 1476 3162 1547 fugite,
3217 1486 3279 1533 ut
3335 1494 3459 1550 qua)

1897 1569 2188 1622 occasione
2217 1568 2534 1637 temporalis
2561 1566 2699 1622 lucri
2731 1568 2905 1637 possit
2933 1569 3149 1623 aeternis
3169 1569 3329 1625 bonis
3360 1571 3464 1641 pri-

1897 1674 2045 1713 vare.
2082 1658 2344 1723 Stateras,
2375 1674 2685 1723 mensuras,
2710 1659 2901 1732 libras,
2936 1661 3179 1729 pondera
3203 1660 3350 1732 justa
3377 1678 3466 1719 se-

1898 1751 2026 1805 dulo
2056 1749 2323 1803 custodite
2354 1767 2368 1811 ;
2395 1750 2451 1803 in
2482 1749 2743 1819 depositis
2789 1729 2925 1805 bene
2973 1766 3070 1805 vos
3100 1729 3269 1820 gerite
3297 1768 3362 1809 ac
3395 1755 3465 1809 fl-

219 1843 494 1913 ὲπιμελῶς
533 1843 851 1911 φυλάσσετε,
883 1842 1017 1912 πρὸς
1061 1843 1160 1906 τὰς
1205 1844 1675 1916 παρακαταθήκας
1717 1846 1796 1897 εύ-

1899 1837 2107 1891 deliter.
2134 1835 2309 1905 Atque
2339 1836 2453 1889 hac
2478 1845 2531 1890 et
2550 1816 2755 1891 similia
2794 1853 2968 1908 usque
2994 1839 3063 1893 ad
3098 1816 3259 1896 finem
3287 1842 3466 1900 facere

217 1936 566 2003 γιωμονεῖτε.
623 1934 767 2005 Πλὴν
793 1934 963 1987 ταῦτα
988 1936 1083 1987 καὶ
1108 1936 1178 1987 τὰ
1205 1933 1413 1998 τούτοις
1444 1936 1799 2007 παραπλήσια

220 2025 381 2095 μέχρι
437 2026 623 2089 τέλους
694 2029 866 2079 ποιεῖν
939 2027 1282 2097 ὑπομενεῖτε,
1346 2026 1440 2080 ἐὰν
1500 2024 1798 2098 ἀχώριστον

220 2119 323 2186 μιιή
333 2135 444 2186 μην
481 2119 610 2188 περὶ
638 2118 735 2188 τῆς
770 2119 833 2171 ἐκ
861 2117 993 2171 Θεοῦ
1026 2118 1316 2190 γινομένης
1341 2118 1572 2189 κρίσεως
1600 2120 1657 2171 ὲν
1682 2122 1800 2183 ταῖς

218 2211 469 2280 καρδίαις
492 2210 671 2281 ἔχητε.
699 2210 793 2274 Τίς
814 2209 922 2281 γὰρ
955 2209 1019 2263 ἂν
1043 2212 1355 2282 ἁμαρτήσῃ,
1390 2210 1568 2281 πεπλη
1579 2226 1803 2283 ροφορη⁶

221 2304 427 2373 μένος³
455 2305 539 2355 ὅτι
585 2303 649 2356 ὲκ
705 2302 840 2355 Θεοῦ
895 2303 1127 2367 δικαίου,
1183 2301 1277 2355 τοῦ
1337 2302 1432 2355 νῦν
1468 2304 1572 2373 18
1600 2303 1801 2374 μόνουδ

224 2393 471 2465 μακροθύ
483 2412 584 2465 μου
615 2396 707 2447 καὶ
735 2394 963 2462 ἀγαθοῦ,
995 2395 1088 2447 ἐπὶ
1114 2397 1179 2465 τῇ
1210 2394 1302 2447 τοῦ
1351 2394 1468 2465 βίου
1525 2394 1802 2466 συντελείᾳ

222 2487 432 2558 ὡρίσθη
484 2487 735 2556 γενέσθαι
758 2488 778 2518 ⁸
809 2488 1006 2558 κρίσις,
1059 2486 1147 2539 ἵνα
1189 2486 1237 2539 οἱ
1268 2486 1461 2554 ἀγαθοὶ
1493 2486 1585 2539 τοῦ
1613 2485 1801 2540 λοιποῦ

220 2580 323 2631 τῶν
359 2580 686 2651 ἀπορρήτων
740 2578 957 2647 ἀγαθῶν
1012 2579 1199 2641 ὰῖδῐως
1240 2577 1638 2643 ἀπολαύσωσιν,
1666 2578 1714 2631 οἱ
1744 2579 1801 2631 δὲ

223 2673 544 2745 ἁμαρτωλοὶ
602 2671 912 2743 εύρεθέντες
955 2669 1030 2734 ὼς
1059 2671 1240 2735 κακοὶ,
1267 2670 1580 2743 ἀπορρήτου
1640 2671 1803 2724 κολά-

225 2783 360 2827 σεως
409 2763 743 2828 τεύξωνταιθ
772 2762 861 2815 τὸν
909 2762 1094 2816 αἰῶνα.
1144 2762 1256 2815 Καὶ
1285 2762 1458 2816 ταῦτα
1504 2763 1601 2833 μὲν
1634 2761 1804 2825 οὕτως

222 2856 388 2925 ἒχειν,
422 2858 470 2908 εί
503 2856 577 2926 μὴ
609 2857 636 2908 ὁ
656 2854 755 2925 τῆς
779 2853 1033 2925 ἀληθείας
1076 2856 1359 2927 προφήτης
1391 2854 1629 2927 ἐνόρκως
1654 2855 1803 2925 εἰρή-

223 2965 307 3003 κει
336 2951 356 2978 ⁴¹
386 2948 627 3011 ἔσεσθαι,
660 2949 802 3019 τάχα
831 2949 895 3001 ἂν
923 2949 1141 3017 εὔλογον
1160 2943 1227 3020 ἦν
1251 2946 1626 3020 ἀμφιὸάλλειν.

296 3065 386 3117 XI.
431 3065 523 3117 Διὸ
558 3065 831 3136 προφήτου
882 3063 1111 3135 ἀληθοῦς
1139 3063 1160 3095 ⁸
1192 3062 1343 3127 ὄντες
1385 3062 1640 3135 μαθηταὶ,
1670 3064 1804 3116 ἀπο-

1900 1927 2258 1991 sustinehitis,
2315 1927 2359 1981 si
2396 1928 2461 1982 dc
2510 1926 2694 1981 futuro
2740 1945 2835 1999 per
2885 1929 3054 1984 Deum
3106 1931 3313 2001 judicio
3352 1950 3466 1989 me-

1900 2019 2126 2072 moriam
2181 2027 2496 2089 perpetuam
2557 2020 2720 2075 corde
2772 2024 3075 2078 retineatis.
3132 2023 3265 2090 Quis
3316 2028 3460 2082 enim

1899 2118 2107 2178 peccet,
2162 2119 2311 2163 certo
2364 2124 2663 2179 persuasus
2712 2113 2854 2181 quod
2900 2130 2931 2167 a
2984 2113 3091 2169 Deo
3143 2116 3327 2186 justo;
3368 2119 3463 2189 qui

1901 2217 2046 2255 nunc
2098 2202 2249 2256 solus
2288 2202 2500 2271 patiens
2526 2212 2580 2257 et
2629 2204 2809 2258 bonus
2855 2214 2957 2271 est,
2999 2206 3054 2260 in
3108 2222 3464 2263 consumma-

1902 2291 2049 2345 tione
2103 2292 2288 2347 smculi
2331 2290 2596 2359 judicium
2644 2292 2763 2348 fore
2789 2294 3067 2350 definitum
3101 2307 3183 2351 est
3210 2298 3232 2351 ?
3258 2308 3317 2353 ut
3335 2298 3466 2353 boni

1902 2383 2154 2452 deinceps
2180 2382 2549 2440 ineﬂ‘abilibus
2583 2386 2743 2440 bonis
2770 2397 3034 2456 perpetuo
3069 2388 3346 2459 fruantur;
3369 2390 3464 2460 qui

1900 2490 2031 2529 vero
2101 2484 2416 2544 peccatores
2473 2477 2678 2531 inventi
2731 2478 2957 2547 fuerint,
3011 2490 3271 2552 tanquam
3329 2484 3463 2537 mali

1904 2564 2256 2617 inenarrabili
2313 2565 2581 2635 supplicio
2628 2566 2934 2623 afIiciantur
2966 2569 3020 2622 in
3049 2570 3464 2640 sempiternum.

1904 2654 1970 2709 Et
1994 2656 2093 2709 ista
2137 2656 2353 2725 quidem
2402 2656 2481 2710 ita
2509 2671 2567 2711 se
2604 2657 2824 2723 habere,
2888 2658 2993 2714 nisi
3042 2661 3285 2717 veritatis
3334 2675 3435 2730 pro
3452 2696 3468 2703 --

1904 2749 2063 2819 pheta
2115 2747 2358 2803 futurum
2405 2748 2759 2819 jurejurando
2812 2750 3152 2815 afﬁrmasset,
3204 2752 3343 2807 forte
3368 2767 3471 2823 par

1905 2848 2022 2893 erat
2047 2839 2314 2893 dubitare.

1977 3064 2066 3117 ΧΙ.
2110 3062 2373 3129 Quocirca
2403 3077 2527 3117 cum
2557 3062 2676 3117 sitis
2701 3062 2815 3117 veri
2864 3064 3144 3133 prophetae
3192 3066 3467 3136 discipuli,

225 3155 444 3225 θέμενοι
474 3155 574 3225 τὴν
634 3155 898 3225 διχόνοιαν
942 3155 999 3221 ἐξ
1034 3150 1102 3227 ἧς
1132 3155 1340 3223 γίνεται
1373 3155 1406 3226 ἡ
1435 3155 1796 3227 κακοπραξία,

1908 3157 2151 3226 deposita
2202 3158 2548 3213 vacillatione
2594 3155 2784 3243 animi,
2832 3166 2901 3211 ex
2950 3172 3055 3227 qua
3111 3159 3252 3214 mala
3306 3176 3471 3231 opera

226 3246 528 3317 προθύμως
560 3246 621 3298 τὸ
655 3247 890 3299 εύποιεῖν
927 3246 1275 3312 ἀναδέξασθε.
1313 3246 1375 3300 Ei
1403 3246 1460 3299 δὲ
1517 3247 1644 3319 περὶ
1695 3248 1796 3300 τῶν

1909 3251 2180 3313 oriuntur,
2219 3249 2472 3305 alacriter
2522 3250 2662 3305 bene
2716 3263 2876 3319 agere
2918 3249 3160 3319 recipite.
3220 3249 3375 3317 Quod
3421 3253 3469 3307 si

231 3338 535 3409 είρημένων
596 3338 813 3391 ἔσεσθαι
869 3338 1196 3410 ἀμφιϐάλλει
1256 3355 1341 3402 τις
1374 3338 1549 3411 ὑμῶν,
1599 3336 1673 3411 μὴ
1718 3343 1803 3393 αἰ·-

1416 3474 1977 3531 INTERPRETATIO
2018 3473 2273 3532 RUFle.

295 3568 368 3622 Χ.
397 3566 456 3641 S_i
476 3568 567 3641 qui
605 3583 686 3641 ex
722 3568 978 3641 fratribus
999 3569 1218 3641 negotia
1245 3569 1601 3623 habentinter
1627 3584 1707 3631 se,
1731 3571 1874 3639 apud
1903 3571 2209 3638 cognitores
2238 3570 2420 3625 saeculi
2449 3584 2559 3623 non
2589 3568 2923 3641 judicentur,
2956 3568 3050 3624 sed
3073 3572 3213 3639 apud
3241 3572 3469 3641 presby-

230 3649 377 3693 teros
409 3637 666 3709 Ecclesia:
705 3639 967 3707 quidquid
996 3637 1124 3693 illud
1154 3649 1238 3694 est
1257 3641 1567 3698 dirimatur.
1594 3650 1648 3693 et
1675 3637 1823 3694 omni
1857 3637 2020 3694 modo
2051 3642 2303 3695 obediant
2336 3642 2550 3695 statutis
2569 3637 3011 3709 eorum.~.Super
3054 3637 3250 3694 omnia
3293 3637 3472 3696 autem

233 3709 524 3762 avaritiam
554 3708 741 3777 fugite,
764 3726 885 3779 qua:
912 3711 1181 3773 homines,
1210 3711 1503 3765 occasione
1532 3712 1815 3776 praesentis
1838 3711 1997 3772 lucri,
2026 3712 2094 3764 ab
2126 3711 2342 3765 aeternis
2371 3720 2586 3779 separat
2629 3711 2806 3764 bonis.
2865 3708 3132 3775 Pendere,
3161 3725 3469 3775 mensuras,

232 3789 488 3851 stateras,
515 3794 611 3846 pro
637 3780 769 3851 locis
805 3779 1023 3851 (τόπων)
1053 3781 1364 3849 quibusque
1408 3781 1719 3851 aequissima
1775 3781 2075 3847 custodite;
2109 3782 2352 3849 deposita
2382 3779 2610 3851 fideliter
2630 3780 2917 3835 restituite.
2973 3779 3105 3850 Quae.
3146 3782 3329 3836 omnia
3351 3824 3367 3848 ,
3421 3792 3476 3837 et

234 3850 277 3919 si
320 3865 431 3917 qua
464 3860 594 3903 sunt
641 3848 727 3903 his
776 3848 1011 3914 similia,
1066 3852 1137 3903 ita
1187 3848 1403 3904 demum
1450 3849 1678 3904 sollicite
1708 3860 1763 3904 et
1809 3852 2095 3919 diligenter
2124 3848 2455 3919 implebitis,
2504 3851 2549 3904 si
2582 3850 2824 3903 futurum
2875 3851 2967 3904 Dei
3006 3848 3302 3919 judicium,
3349 3852 3470 3906 sine

234 3918 681 3989 intermissione,
736 3919 790 3973 in
827 3927 1007 3973 vestro
1034 3920 1199 3974 corde
1247 3920 1499 3981 volvatis.
1569 3919 1704 3985 Quis
1748 3921 1891 3975 enim
1914 3918 2158 3989 "peccare
2206 3918 2402 3988 poterit
2448 3921 2492 3973 si
2532 3934 2747 3987 semper
2791 3928 2917 3973 ante
2977 3918 3166 3975 oculos
3217 3935 3347 3975 suos
3379 3921 3473 3976 Dei

231 3987 503 4057 judicium
556 3990 763 4057 ponat?
790 3991 932 4057 quod
959 3989 1012 4043 in
1041 3990 1146 4043 line
1163 3991 1351 4044 mundi
1376 3999 1581 4044 certum
1600 3999 1685 4045 est
1710 3987 2049 4059 agitandum,
2080 4003 2140 4044 ut
2167 3987 2383 4043 tandem
2405 3990 2499 4059 qui
2542 3990 2597 4043 in
2624 3990 2726 4042 hac
2760 3990 2870 4043 vita
2901 3990 3035 4044 bene
3066 4005 3241 4059 egere,
3274 4004 3474 4045 conse-

232 4068 480 4181 puantur
511 4060 745 4127 reposita
768 4060 908 4113 bona
939 4076 954 4123 ;
986 4070 1302 4128 peccatores
1333 4070 1512 4113 autem
1538 4069 1598 4114 ut
1623 4070 2028 4128 consequantur
2055 4068 2386 4130 praeparatas
2410 4069 2464 4113 et
2494 4060 2805 4114 reconditas
2830 4075 3041 4128 poenas.
3075 4060 3149 4113 De
3167 4061 3365 4129 quibus
3390 4062 3474 4116 ita

262 4139 485 4181 uturum
522 4129 769 4181 dubitare
810 4130 1035 4181 omnino
1066 4146 1172 4181 non
1208 4145 1539 4181 possumus:
1590 4130 1860 4181 siquidem
1905 4131 2020 4181 hare
2070 4129 2253 4181 omnia
2285 4131 2358 4181 ita
2390 4145 2512 4181 esse
2536 4138 2787 4181 ventura.
2819 4145 2982 4181 verus
3022 4131 3179 4181 nobis
3208 4131 3472 4181 nrouheta

262 4139 485 4251 metu
515 4129 769 4209 dubitare
810 4130 1035 4184 omnino
1066 4146 1172 4183 non
1206 4145 1539 4201 possumus;
1590 4130 1860 4200 siquidem
1905 4131 2020 4184 hare
2067 4129 2253 4185 Omnia
2285 4131 2358 4183 ita
2390 4145 2512 4184 esse
2536 4138 2787 4187 ventura.
2819 4145 2982 4185 verus
3022 4131 3179 4185 nobis
3208 4131 3472 4201 propheta

262 4218 270 4238 ι
394 4207 573 4251 txertt.

260 4199 573 4252 tradixerit.

236 4213 598 4323 x525}
634 4278 687 4323 et
722 4283 840 4331 vos,
868 4269 958 4338 qui
992 4268 1125 4324 estis
1171 4270 1281 4324 veri
1306 4270 1580 4338 prophetae
1605 4270 1883 4339 discipuli,
1915 4270 2132 4339 abjicite
2161 4286 2189 4324 a
2217 4270 2474 4325 cordibus
2504 4269 2702 4324 vestris
2751 4278 2876 4324 ante
2903 4271 3111 4334 omnia,
3158 4270 3467 4325 discordias

237 4348 292 4392 et
340 4340 652 4391 animorum
684 4339 1052 4411 dissensiones
1078 4379 1093 4403 ,
1125 4354 1188 4392 ex
1237 4341 1437 4411 quibus
1469 4356 1628 4394 omne
1658 4356 1795 4410 opus
1840 4342 2044 4395 malum
2068 4341 2329 4409 procedit,
2356 4349 2409 4395 et
2433 4340 2815 4411 benignitatem
2843 4356 2906 4394 ac
2938 4341 3336 4409 simplicitatem
3360 4350 3472 4395 tota

238 4412 443 4481 mente?
472 4418 704 4462 servate.
754 4409 909 4474 Quod
943 4411 988 4463 si
1020 4408 1159 4463 forte
1206 4410 1440 4478 alicujus
1479 4427 1593 4473 cor,
1627 4408 1710 4464 vel
1740 4412 1899 4477 livor,
1923 4412 2009 4465 vel
2040 4408 2348 4475 infidelitas,
2386 4412 2470 4465 vel
2500 4408 2721 4480 aliquod
2776 4411 2979 4465 malum
3012 4408 3079 4465 ex
3110 4412 3194 4465 his
3227 4425 3350 4481 quae
3378 4428 3471 4465 su-

308 4479 429 4551 rius
476 4481 936 4551 memoravimus,
985 4481 1215 4533 latenter
1266 4481 1588 4548 irrcpserit,
1648 4498 1756 4535 non
1815 4484 2106 4536 erubescat
2139 4482 2234 4551 qui
2285 4481 2481 4535 animae
2507 4479 2619 4534 suae
2668 4496 2857 4535 curam
2893 4481 3033 4551 gerit
3067 4479 3310 4536 confiteri
3357 4482 3473 4536 haec

282 4549 369 4602 nic
428 4550 524 4620 qui
571 4560 793 4618 praeest,
844 4559 902 4621 ut
953 4551 1021 4603 ab
1061 4550 1180 4619 ipso
1230 4565 1326 4618 per
1383 4552 1603 4604 verbum
1657 4551 1786 4615 Dei,
1838 4561 1891 4606 et
1938 4549 2225 4606 consilium
2278 4551 2494 4606 salubre
2547 4560 2803 4617 curetur;
2852 4549 2969 4621 quo
3018 4553 3193 4621 possit
3237 4552 3340 4605 ﬁde
3389 4553 3473 4605 in-

241 4626 393 4688 tegra
420 4660 435 4684 ,
482 4627 539 4672 et
579 4620 830 4689 operibus
873 4620 1066 4686 bonis,
1109 4634 1302 4689 ptenas
1348 4621 1535 4675 aeterni
1585 4621 1727 4691 ignis
1772 4622 2008 4691 effugere
2035 4661 2050 4685 ,
2078 4630 2132 4675 et
2179 4621 2246 4675 ad
2288 4630 2561 4692 perpetuae
2607 4621 2733 4674 vita:
2786 4620 3010 4691 praemia
3060 4623 3363 4692 pervenire.

1553 4730 1785 4789 νΑιιιΑῐ
1818 4734 2216 4791 LECTIONES.

314 4830 361 4859 θ’
390 4828 549 4881 πότον
593 4826 659 4905 O_.
715 4829 828 4884 Cir.
883 4828 1043 4905 Hom.
1096 4844 1178 4905 ιιι,
1210 4829 1308 4905 69.
1424 4833 1490 4905 ὀνο
1542 4831 1629 4885 Ita
1669 4832 1724 4905 _0
1770 4851 1787 4886 :
1837 4832 2153 4902 Legebamus
2215 4834 2443 4901 primum
2465 4834 2884 4905 ἐπιφερόμενοι,
2916 4836 3007 4889 sed
3050 4837 3263 4905 propius
3301 4833 3476 4892 inspe-

249 4910 333 4975 cto
393 4917 487 4952 ms.
547 4900 948 4975 scriptumfesse
1001 4900 1427 4975 deprehendimus
1459 4903 1833 4975 ὲπιφενομενοι
1864 4900 2398 4975 ριλοίὲπιφαινόμενοι
2429 4900 2593 4975 iquod
2625 4900 2827 4959 exhibet
2879 4906 2996 4961 cod.
3029 4900 3156 4971 804,
3184 4917 3339 4975 utque
3373 4905 3474 4975 legi

248 4950 428 5045 debere
447 4950 617 5045 patet
644 4950 964 5045 ἑεέρίὶςξρὶέε
986 4950 1440 5045 genetrix;
1462 4950 1617 5045 ξέῖἔῷ
1634 4950 2018 5045 ⁷ῐ1ὂῖιὶξ’)ἶιζίξ
2032 4950 2442 5045 '§.:,“3'2Te;"}
2457 4950 3153 5045 ⁷›ἆ›ἓτ”μῖ›ξὲὲζι”ἐςι]ἰῖιῖὲί”ἑέ’
3184 4950 3357 5045 ἷιῖξίἷέ.
3374 4950 3472 5045 ’δξ

250 5040 343 5094 ubi
378 5041 634 5115 scriptum
686 5049 765 5115 est
789 5058 824 5115 ὲ
843 5040 1202 5115 Ἴσως-λείπει
1232 5041 1534 5115 κοσμιξιῶν
1567 5044 1810 5115 κατὰτὸ
1843 5045 1903 5115 ἐν
1926 5043 2002 5115 τέ’)
2033 5061 2157 5113 κειρ.
2198 5052 2290 5115 pg’
2327 5044 2420 5115 τοῦ
2452 5045 2496 5115 β’
2550 5040 2751 5115 βιϐλίου
2794 5040 2903 5099 τῶν
2939 5046 3261 5112 Διατάξεων.
3309 5040 3475 5114 Ἆριιά

253 5097 537 5178 εοςηὶιότὲε
556 5110 755 5163 εωεαιὶ.
789 5108 913 5163 Ruf.
951 5097 1261 5185 Cfraﬂont.
1294 5097 1377 5173 ιιῖ,
1406 5112 1491 5166 69.
1572 5115 1591 5185 ἕ
1618 5112 1852 5183 στάθμια
1873 5097 2146 5167 Ο.’Ῐ“οιιιιὶι
2176 5097 2351 5168 locum
2389 5097 2618 5169 Rufinus
2651 5097 2738 5168 ita
2760 5097 3473 5185 interpretaturpondera,

252 5196 541 5257 mensuras,
581 5190 825 5257 steteras,
865 5183 1120 5257 pro_locis
1138 5184 1432 5257 quibusque
1456 5184 1753 5257 αξᾳαὶξδίηια
1781 5185 2059 5257 custodite,
2104 5185 2245 5239 unde
2270 5193 2490 5257 apparet
2535 5200 2632 5257 pro
2667 5186 2849 5257 ῥοπῶν
2883 5183 3076 5254 legisse
3110 5183 3233 5241 eum
3272 5186 3473 5257 τόπων,

253 5249 398 5319 quod
420 5250 556 5327 idem
589 5251 749 5327 estin
783 5252 901 5327 cod.
957 5249 1086 5327 Reg.
1135 5249 1238 5304 804
1284 5249 1434 5327 (etin
1465 5249 1881 5327 0)._Cotele_rius
1921 5271 2025 5327 non
2073 5262 2194 5321 post
2253 5249 2510 5327 σταθμία,
2536 5249 2793 5327 ίεθᾱῄῖιοει
2848 5249 3028 5327 ῥοπῶν
3078 5255 3412 5327 interpunxit
3456 5270 3470 5306 :

254 5335 352 5395 ego
380 5320 446 5395 τά
475 5320 578 5395 τῶν
610 5321 789 5395 ροπὼν
814 5321 997 5374 δίκαια
1040 5323 1091 5375 in
1115 5337 1281 5395 unum
1314 5324 1593 5395 conjunxi.
1628 5324 1684 5377 ὃ.
1764 5323 1784 5354 ³
1798 5320 2375 5395 πεπληρωέρορημένος
2393 5320 2457 5378 Ο.
2533 5324 2555 5354 ’⁵
2589 5320 2747 5394 μόνου
2783 5320 2925 5380 haud
2958 5327 3119 5381 dubie
3153 5320 3473 5380 mutandum

255 5390 310 5442 in
342 5391 515 5465 μόνον.
550 5390 620 5465 in
646 5393 745 5445 hoc
768 5401 981 5465 tantum
1014 5408 1148 5465 avo,
1175 5393 1247 5465 ait
1289 5392 1945 5465 auctoriepistolze,rl)cus
1959 5390 2014 5445 se
2047 5390 2263 5465 eihjbét
2287 5390 2634 5465 μακροθυμρν
2672 5396 2765 5465 καῖ
2792 5396 3012 5465 ἀγαθόν,
3061 5398 3113 5450 in
3139 5398 3308 5465 altero
3359 5408 3475 5465 aevo

256 5462 521 5514 exercebit
545 5462 900 5534 δικαιοσύνην.
936 5460 992 5514 S.
1068 5462 1089 5494 ⁸
1122 5462 1368 5531 γενέσθαι
1394 5460 1600 5533 ὡρίσθη
1632 5463 1695 5517 C.
1770 5464 1790 5495 ⁵
1821 5462 2097 5525 τεύξονται
2126 5461 2191 5522 Ο.
2266 5460 2617 5536 ⁷ἐῑρήνηςὈ.
2692 5464 2715 5497 ⁸
2743 5460 2897 5522 ΙιλὈ
2933 5460 3381 5536 σζΒιιίηάληθῶς
3407 5463 3450 5518 C

1546 5575 1903 5635 VARIORUM
1941 5579 2175 5637 NOTAE.

317 5685 422 5757 (39)
440 5689 566 5742 ’Υπό
785 5691 1213 5759 πρεσϐυτέρων.
1229 5689 1343 5746 Hoc
1359 5692 1533 5759 ipsum
1551 5690 1807 5747 Clemenl.

262 5756 445 5835 homil.
476 5761 528 5824 5,
560 5775 695 5835 f:ap._
725 5756 931 5835 67,1ita
976 5756 1330 5835 explicatur:
1364 5756 1421 5835 Si
1453 5762 1691 5835 (fratres)
1744 5763 1808 5815 de

264 5830 329 5879 iis
360 5830 420 5885 in
464 5830 645 5901 quibus
678 5832 881 5900 injuria
926 5832 1240 5902 aﬂiciuntur,
1291 5834 1501 5901 cupiant
1544 5832 1804 5901 jttdit‘arl,

1917 5700 2055 5767 apud
2078 5702 2402 5770 presbyteros
2427 5699 2794 5763 concilientur,
2831 5706 2880 5770 δέ
2907 5694 3190 5765 presbyteri
3222 5697 3476 5755 concilim

1917 5767 2104 5825 timent
2138 5773 2203 5825 ad
2232 5767 2531 5840 episeopum
2564 5771 2811 5824 rc’erant.
2836 5767 3008 5823 Com.

1908 3342 2051 3396 circa
2083 3357 2146 3395 ea
2181 3358 2301 3411 quae
2332 3340 2515 3397 futura
2544 3340 2784 3396 diximus
2813 3341 3013 3411 aliquis
3066 3352 3307 3398 vestrum
3352 3359 3471 3398 am-
3572 3360 3575 3365 '
