4068 6338
232 390 295 445 ιο
936 387 1391 443 ΟιΕΜΕλΤιΝΑ.
1432 418 1499 427 -
1537 388 1843 443 EPISTOL:

1901 385 2288 443 CLEMENTIS
2322 384 2411 443 AD
2447 385 2777 455 JACOBUM.
3409 387 3477 439 50

231 510 529 579 Κλήμεντα
584 509 698 575 μετ’
730 503 829 574 ἐμὲ
866 505 1119 572 κατηχεῖν
1173 501 1455 573 μέλλοντα.
1507 502 1647 556 Πολὺ
1699 502 1843 575 γάρ,

1912 511 2002 556 tus
2034 511 2086 555 et
2116 500 2466 571 perspicuus;
2495 499 2637 554 sicut
2668 499 2769 568 ipsi
2798 498 3153 566 experiemini
3192 496 3305 551 fore
3346 499 3475 554 Cle~

231 606 373 653 ἐστιν
416 599 519 669 ἐμὲ
552 590 647 650 ὗῦν
688 595 752 648 τὸ
796 597 913 648 κατ’
945 589 1084 657 εἶδος
1115 593 1311 663 λέγειν.
1364 593 1508 665 Πλὴν
1541 594 1633 647 ἐὰν
1682 597 1811 664 όμο-

230 695 459 762 νοήσητε
477 731 491 753 ,
526 687 817 760 δυνήσεσθε
850 690 928 750 εἰς
953 688 1043 741 τὸν
1069 688 1168 757 τῆς
1200 687 1558 750 ἀναπαύσεως
1586 687 1807 757 ἐνεχθῆ-

229 802 310 835 ναι
334 782 558 853 λιμένα,
586 780 712 833 ἔνθα
746 778 979 851 μεγάλου
1010 780 1283 843 Βασιλέως
1313 780 1461 832 ἐστὶν
1490 778 1738 849 εἰρηνικὴ
1763 778 1809 809 ’³

227 877 397 938 πόλις.
733 882 738 887 ”

289 965 439 1019 XIV.
468 968 652 1019 Ἐοικε
674 965 722 995 ⁸⁸
741 962 849 1035 γὰρ
870 963 987 1017 ὅλον
1013 963 1073 1016 τὸ
1090 965 1322 1035 πρᾶγμα
1353 962 1453 1033 τῆς
1486 961 1807 1031 Ἐκκλησίας

223 1060 309 1130 νηῒ
344 1059 585 1132 μεγάλῃ,
620 1057 706 1110 διὰ
756 1056 985 1127 σφοδροῦ
1009 1057 1053 1087 ⁸⁸
1081 1056 1347 1127 χειμῶνος
1378 1056 1575 1127 ἄνδρας
1611 1053 1807 1126 φερού-

225 1170 291 1225 σῃ
314 1154 379 1204 ἐκ
398 1150 610 1204 πολλῶν
632 1149 809 1201 τόπων
841 1150 997 1211 ὄντας
1018 1150 1112 1201 καὶ
1135 1147 1264 1219 μίαν
1278 1148 1385 1216 20
1408 1147 1506 1217 τὴν
1527 1148 1571 1177 ’⁸
1595 1146 1806 1217 ἀγαθῆς

225 1243 505 1314 βασιλείας
535 1241 687 1294 πόλιν
716 1243 881 1295 οἰκεῖν
912 1239 1176 1303 θέλοντας.
1218 1240 1397 1292 Ἔστω
1436 1240 1531 1308 μὲν
1562 1234 1654 1291 οὖν
1675 1238 1803 1309 ὑμῖν

221 1337 249 1387 ό
278 1335 484 1403 ταύτης
516 1333 794 1401 Δεσπότης
822 1331 970 1395 Θεὸς,
1013 1333 1105 1386 καὶ
1137 1329 1490 1403 παρεικάσθω
1520 1331 1547 1383 ὁ
1579 1330 1675 1400 μὲν
1706 1346 1803 1383 κυ-

222 1428 492 1497 ϐερνήτης
514 1426 559 1455 ’⁷
591 1423 832 1496 Χριστῷ,
860 1426 887 1476 ό
914 1424 1170 1495 πρωρεὺς
1203 1422 1506 1493 ὲπισκόπῳ,
1533 1423 1581 1475 oi
1610 1420 1801 1475 ναῦται

221 1517 637 1589 πρεσϐυτέροις,
668 1516 718 1567 oi
742 1515 1020 1586 τοίχαρχοι
1050 1514 1340 1578 διακόνοις,
1374 1514 1423 1567 οἱ
1456 1512 1800 1582 ναυστολόγοι

220 1613 329 1673 τοῖς
383 1608 756 1679 κατηχοῦσιν,
802 1610 916 1671 τοῖς
963 1607 1251 1671 ἐπιϐάταις
1292 1607 1353 1660 τὸ
1394 1606 1500 1660 τῶν
1555 1606 1799 1676 ἀδελφῶν

222 1701 443 1772 πλῆθος,
473 1700 556 1770 τῷ
601 1699 746 1770 βυθῷ
774 1700 803 1751 ό
833 1698 1055 1770 κόσμος,
1090 1700 1146 1752 αἱ
1187 1698 1490 1752 ἀντίπνοιαι
1530 1701 1642 1761 τοῖς
1680 1715 1800 1751 πει-

219 1796 448 1864 ρασμοῖς
472 1792 543 1855 ’⁸,
585 1792 633 1844 οἱ
676 1791 731 1844 δὲ
767 1790 996 1861 διωγμοὶ
1042 1792 1136 1844 καὶ
1178 1790 1229 1842 οἱ
1271 1790 1501 1844 κίνδυνοι
1532 1791 1625 1843 καὶ
1666 1790 1722 1842 αἱ
1752 1790 1795 1820 ’⁸

1912 603 2171 659 mentem,
2198 601 2317 661 post
2337 607 2421 645 me
2438 590 2749 645 catechista:
2772 589 2945 643 ollicio
2972 588 3308 643 functurum.
3334 588 3478 644 Lon-

1908 703 2036 756 gum
2064 685 2205 739 enim
2238 692 2321 737 est
2350 698 2496 737 nunc
2531 698 2617 735 me
2666 680 2878 749 singula
2926 696 3228 735 recensere.
3273 678 3477 735 Verum

1908 779 1955 833 si
2006 776 2361 833 concordiam
2394 774 2701 839 tenueritis,
2747 772 2993 841 poteritis
3026 781 3242 840 portum
3276 772 3476 841 quietis

1907 869 2195 936 attingere,
2222 866 2315 921 ubi
2342 865 2504 936 Regis
2536 864 2737 920 summi
2768 873 2947 917 exstat
2978 863 3106 917 urbs
3137 865 3383 931 pacilica.

1976 958 2118 1015 XIV.
2154 958 2363 1014 Similis
2413 972 2651 1026 namque
2696 966 2778 1011 est
2810 965 2955 1011 totus
2994 953 3251 1009 Ecclesiae
3300 965 3476 1011 status

1905 1054 2028 1107 navi
2064 1067 2294 1121 magnae,
2319 1065 2439 1119 qua:
2466 1064 2562 1119 per
2588 1048 2819 1101 validam
2854 1055 3227 1115 tempestatem
3265 1045 3367 1100 fert
3390 1048 3473 1100 vi-

1905 1160 1996 1199 ros
2022 1145 2362 1198 diversorum
2391 1142 2635 1196 locorum
2669 1155 2832 1193 unam
2863 1138 2990 1193 boni
3022 1138 3171 1209 regni
3200 1138 3474 1194 civitatem

1904 1234 2177 1289 incolendi
2227 1233 2475 1303 cupidos.
2521 1230 2603 1285 Sit
2643 1247 2772 1300 ergo
2814 1229 2968 1283 vobis
3006 1230 3161 1284 navis
3206 1228 3471 1287 Dominus

1905 1324 2047 1380 Deus
2086 1342 2100 1379 :
2134 1334 2185 1379 et
2217 1324 2589 1379 assimilentur
2613 1322 2941 1393 gubernator
2978 1319 3195 1390 quidem
3230 1321 3467 1387 Christo,

1902 1426 2115 1489 proreta
2145 1417 2422 1487 episeopo,
2472 1424 2651 1469 nauta":
2681 1413 3031 1484 presbyteris,
3067 1412 3303 1482 pra-fecti
3336 1414 3471 1467 late-

1901 1526 2020 1564 rum
2065 1509 2337 1574 diaconis,
2393 1507 2701 1577 naustologi
2750 1505 3089 1571 catechistis,
3151 1506 3473 1563 vectoribus

1902 1603 2153 1657 universa
2198 1601 2428 1655 fratrum
2479 1600 2791 1663 multitudo,
2837 1598 2978 1653 mari
3029 1597 3289 1663 mundus,
3322 1601 3468 1654 venti

1898 1695 2112 1750 adversi
2164 1693 2579 1757 tentationibus,
2613 1691 3024 1761 persecutiones
3071 1706 3200 1744 vero
3243 1698 3298 1745 et
3324 1690 3468 1759 peri-

1898 1788 2021 1843 cula
2050 1796 2105 1840 et
2135 1786 2439 1855 omnigena:
2486 1783 2807 1838 alﬂictiones
2839 1781 3160 1836 decumanis
3188 1782 3468 1849 ﬂuctibus,

216 1852 560 1939 παντοδαπαὶ
589 1884 791 1954 θλίψεις
963 1883 1299 1955 τρικυμίαις,
1328 1882 1397 1936 τὰ
1422 1883 1478 1935 δὲ
1502 1883 1733 1951 ἀπόγεια
1750 1884 1792 1914 ³⁰
1828 1852 1843 1909 Ι

1896 1895 1962 1933 ex
1992 1877 2293 1933 continenti
2328 1876 2607 1930 venientes
2633 1884 2902 1929 torrentes
2928 1884 2981 1928 et
3007 1873 3170 1928 flatus
3204 1874 3466 1927 sermoni-

215 1978 315 2031 τῶν
351 1978 678 2049 χειμάρρων
711 1977 803 2030 καὶ
844 1975 912 2029 τὰ
946 1977 1242 2048 φυσήματα
1275 1978 1395 2038 ταῖς
1435 1974 1542 2027 τῶν
1581 1974 1797 2027 πλάνων

215 2072 301 2125 καὶ
331 2069 445 2122 τῶν
487 2069 949 2141 ψευδοπροφητῶν
987 2068 1246 2140 ὁμιλίαις,
1278 2068 1347 2121 τὰ
1391 2067 1447 2121 δὲ
1478 2068 1796 2139 ἀκρωτήρια

215 2164 302 2217 καὶ
341 2162 415 2215 τὰ
445 2162 653 2233 τραχέα
684 2162 792 2215 τῶν
834 2154 1016 2216 τόπων
1056 2165 1169 2225 τοῖς
1202 2162 1260 2214 ὲν
1310 2161 1605 2232 ὑπεροχαῖς
1650 2159 1796 2212 δεινά

211 2253 495 2307 ἀπειλοῦσι
524 2254 824 2317 δικασταῖς,
859 2252 1166 2308 διθάλασσοι
1198 2254 1255 2307 δὲ
1284 2253 1377 2306 καὶ
1406 2251 1687 2324 θηριώδεις
1717 2253 1797 2304 τός

214 2365 297 2399 ποι
328 2350 451 2410 τοῖς
493 2346 799 2414 ἀλογίστοις
829 2348 920 2400 καὶ
947 2346 1273 2411 ὲνδοιάζουσι
1318 2346 1449 2417 περὶ
1474 2345 1580 2398 τῶν
1611 2343 1712 2414 τῆς
1749 2344 1792 2376 ³⁸

212 2438 470 2508 ἀληθείας
519 2438 972 2509 ἐπαγγελμάτων.
1003 2440 1066 2492 Οἱ
1104 2440 1393 2510 ὑποκριταὶ
1436 2442 1550 2502 τοῖς
1596 2456 1791 2510 πειρα-

210 2533 324 2593 ταῖς
352 2530 789 2601 παρεικασμένοι
813 2530 1154 2585 νοείσθωσαν·
1190 2530 1325 2602 πλὴν
1356 2530 1581 2603 ἰσχυρὰν
1610 2531 1791 2599 ἴλιγγα

213 2622 301 2674 καὶ
328 2622 667 2693 ταρταρείαν
694 2623 737 2653 ³³
764 2622 1035 2693 Χάρυὸδιν
1058 2624 1169 2676 καὶ
1205 2623 1359 2693 φόνια
1393 2624 1793 2695 προσρήγματα

213 2715 297 2765 καὶ
312 2712 650 2777 θανατώδεις
676 2713 945 2779 διαλύσεις
970 2715 1134 2786 μόνας
1158 2715 1201 2746 ³³
1222 2714 1322 2779 τάς
1350 2716 1625 2787 ἁμαρτίας
1652 2710 1791 2771 εἶναι

210 2807 474 2878 νομίζετε.
510 2809 628 2860 Ἰνα
670 2803 761 2861 οὖν
789 2807 947 2879 οὐρίᾳ
994 2807 1040 2839 ⁸³
1070 2806 1322 2870 πλέοντες
1351 2808 1429 2869 είς
1474 2806 1566 2859 τὸν
1596 2805 1791 2878 λιμένα

210 2900 304 2969 τῆς
346 2900 715 2969 ἐλπιζομένης
768 2900 975 2963 πόλεως
1036 2899 1436 2971 ἀκινδυνότερον
1493 2899 1787 2971 ὲνεχθῆτεῖ»

210 2993 457 3063 imm;
488 2992 737 3064 εὔχεσθεο
773 2994 929 3064 εὐχαὶ
959 2992 1015 3046 δὲ
1044 2994 1268 3064 ἐπήκοοι
1301 2992 1535 3061 γίνονται
1566 2995 1686 3058 ταῖς
1706 2994 1789 3047 εὐ-

208 3085 489 3157 πραγίαις.

1898 1970 1998 2024 bus
2045 1969 2393 2024 seductor-um
2442 1982 2507 2021 ac
2554 1966 3176 2036 pseudoprophetarum,
3226 1974 3283 2019 at
3335 1979 3463 2033 pro-

1895 2060 2168 2114 montoria
2221 2069 2271 2114 et
2329 2060 2450 2113 loca
2500 2057 2826 2127 confragosa
2872 2056 3151 2125 judicibus
3198 2057 3465 2127 dignitate

1894 2153 2259 2208 eminentibus
2288 2159 2343 2205 et
2370 2150 2609 2205 crudelia
2638 2149 2995 2215 minantibus,
3024 2148 3144 2203 loca
3177 2158 3355 2204 autem
3378 2149 3462 2203 bi-

1896 2244 2064 2299 maria
2094 2252 2148 2299 et
2179 2243 2291 2297 fera
2326 2244 2391 2298 iis
2434 2244 2748 2297 hominibus
2777 2242 2871 2312 qui
2916 2242 3126 2298 ratione
3170 2250 3358 2297 carent
3398 2258 3463 2298 ac

1892 2333 1959 2389 de
1990 2333 2448 2401 promissionibus
2484 2333 2724 2387 veritatis
2746 2332 3036 2399 dubitant;
3066 2333 3357 2404 hypocrita:
3380 2334 3463 2401 pi-

1890 2425 2027 2479 ratis
2064 2425 2271 2478 similes
2301 2424 2611 2498 habeantur
2646 2441 2661 2479 :
2694 2424 2793 2479 sed
2823 2434 2877 2479 et
2905 2425 3146 2478 validum
3197 2425 3462 2479 vorticem

1890 2525 1945 2571 ct
1969 2524 2256 2569 tartaream
2288 2514 2599 2586 Charybdin
2629 2525 2682 2570 et
2703 2525 2930 2570 cruenta
2954 2515 3219 2585 fragmina
3238 2526 3292 2570 et
3319 2531 3463 2570 mor-

1895 2606 2081 2662 tiferas
2111 2606 2497 2662 subversiones
2526 2606 2642 2661 sola
2685 2621 2806 2661 esse
2850 2616 3078 2676 peccata
3120 2608 3452 2663 existimate.

1890 2697 2009 2764 Quo
2036 2698 2200 2769 igitur
2236 2707 2397 2753 vento
2427 2697 2666 2753 secundo
2698 2698 3023 2769 navigantes
3054 2699 3107 2752 in
3136 2699 3289 2754 urbis
3334 2714 3458 2767 spe-

1887 2799 2020 2845 rata:
2071 2803 2286 2861 portum
2338 2792 2546 2861 absque
2596 2791 2748 2861 gravi
2800 2790 3043 2861 periculo
3097 2789 3454 2853 deferamini,

1888 2892 2039 2939 orate
2065 2883 2320 2953 precibus
2348 2899 2470 2953 qua:
2490 2883 2739 2938 exaudiri
2763 2883 2941 2952 digna:
2971 2883 3081 2938 sint
3108 2900 3121 2937 :
3149 2896 3341 2953 preces
3354 2897 3454 2937 au-
3524 2884 3527 2885 ⁷

1888 2983 1998 3031 tem
2020 2976 2155 3032 tales
2182 2976 2320 3030 ﬁunt
2343 2975 2503 3031 bonis
2534 2975 2815 3046 operibus.

270 3174 391 3231 XV.
427 3175 882 3229 Εὑσταθείτωσαν
912 3176 956 3207 ³⁸
983 3172 1076 3229 οὖν
1108 3176 1158 3229 οἱ
1190 3175 1444 3229 ἐπιϐάται
1475 3175 1675 3248 ἑδραῖοι
1692 3175 1785 3229 ἐπὶ
1812 3197 1843 3257 c

1957 3174 2076 3231 XV.
2106 3174 2295 3247 Itaque
2326 3178 2379 3233 in
2410 3178 2593 3247 quiete
2630 3177 2773 3233 ﬁrmi
2804 3188 3061 3235 maneant
3089 3179 3348 3251 epibataa,
3392 3180 3451 3237 in
3542 3194 3553 3206 ‘

205 3269 305 3322 τῶν
338 3269 490 3322 ἰδίων
516 3268 866 3340 καθεζόμενοι
897 3269 1095 3331 τόπων,
1126 3269 1213 3322 ἴνα
1248 3269 1321 3340 μὴ
1353 3271 1418 3340 τῇ
1452 3268 1645 3340 ἀταξίᾳ
1674 3286 1784 3322 σει-

208 3362 337 3432 σμὸν
366 3361 405 3432 ἢ
438 3361 806 3431 ἑτεροκλινίαν
836 3362 1163 3432 παρέχωσιν.
1190 3362 1252 3414 Οἱ
1283 3360 1630 3429 ναυστολὸγοι
1656 3362 1783 3426 τοὺς

209 3454 432 3523 μισθοὺς
462 3454 1046 3524 ὑπομιμνησκέτωσαν.
1080 3454 1143 3506 Οἱ
1171 3452 1405 3506 διάκονοι
1447 3453 1607 3525 μηδὲν
1640 3454 1780 3524 ἀμε-

206 3546 465 3600 λείτωσαν
510 3545 560 3576 ³⁸
600 3547 703 3615 21
748 3539 822 3599 ὧν
863 3545 1279 3616 ἐπιστεύθησαν,
1318 3548 1368 3598 οξ
1417 3546 1780 3619 πρεσϐύτεροι

1888 3269 2130 3339 propriis
2160 3269 2299 3325 locis
2330 3270 2584 3326 sedentes
2602 3312 2618 3339 ,
2660 3286 2729 3326 ne
2756 3272 3075 3341 perturbato
3101 3272 3293 3328 ordine
3319 3288 3457 3329 con-

1886 3378 2108 3418 cussum
2142 3372 2196 3417 et
2220 3362 2288 3417 ad
2315 3362 2545 3417 alterum
2580 3363 2723 3418 latus
2752 3363 3161 3418 inclinationem
3186 3364 3459 3419 excitent-

1884 3451 2201 3525 Naustologi
2232 3453 2300 3508 de
2326 3454 2575 3509 mercede
2604 3463 3011 3510 commoneant.
3042 3454 3269 3511 Diaconi
3312 3457 3455 3511 nihil

1885 3562 2076 3604 eorum
2107 3562 2229 3618 qua:
2256 3546 2390 3617 ipsis
2414 3546 2619 3604 credita
2659 3555 2788 3602 sunt
2814 3548 3109 3619 negligant.
3141 3548 3448 3621 Presbyteri

1392 3660 1958 3719 INTERPRETATIO
1996 3660 2256 3719 RUFINI.

272 3753 418 3807 XIV.
462 3751 678 3827 Similis
692 3769 941 3827 namque
968 3764 1051 3809 est
1078 3755 1260 3812 omnis
1285 3755 1541 3810 Ecclesiae
1586 3765 1762 3827 status
1789 3757 1915 3811 navi
1961 3772 2203 3827 magnae,
2236 3772 2360 3826 quae
2390 3772 2483 3826 per
2522 3756 2796 3811 undosum
2847 3757 3107 3826 pelagus,
3136 3755 3371 3827 diversis
3417 3771 3451 3810 ο

206 3826 347 3906 locis
370 3834 430 3879 et
468 3825 970 3906 regionibus-viros
999 3834 1198 3906 portat,
1232 3827 1297 3879 ad
1324 3840 1487 3906 unam
1508 3826 1754 3906 potentis
1781 3825 2145 3906 regisurbem
2176 3825 2467 3906 properare
2497 3827 2800 3906 cupientes.
2829 3825 3068 3906 Sit_ergo
3098 3827 3251 3905 navis
3278 3826 3447 3893 hujus
3527 3880 3542 3896 ,

207 3897 468 3949 dominus
514 3895 631 3962 ipse
670 3894 1017 3966 omnipotens
1047 3893 1587 3966 Deus,ﬂgubernat'or
1618 3910 1745 3949 vero
1772 3893 1867 3950 sit'
1889 3893 2322 3962 Christusitufn
2356 3897 2549 3950 deinde
2570 3893 2825 3966 proreta:
2880 3893 3114 3950 cilicium
3151 3894 3445 3966 episcopus

204 3966 467 4033 impleat;
506 3965 809 4035 presbyteri
859 3973 1170 4027 nautarum,
1200 3964 1415 4020 diaconi
1445 3966 1883 4035 dispensatorum
1912 3974 2132 4020 teneant
2160 3967 2341 4020 locum
2366 3983 2379 4018 :
2410 3966 2464 4018 hi
2489 3966 2581 4035 qui
2609 3965 2948 4019 catechizant
2983 3964 3289 4035 nautoIOgis
3312 3979 3457 4035 con--

205 4036 499 4099 ferantur;
539 4035 775 4102 epibatis
817 4044 1032 4099 autem,
1074 4036 1240 4088 totius
1280 4034 1639 4089 fraternitatis
1672 4036 1964 4091 multitudo
2009 4037 2081 4090 sit
2115 4036 2352 4090 similis:
2407 4034 2583 4103 ipsum
2627 4051 2846 4104 quoque
2872 4049 3029 4090 mare
3079 4034 3166 4087 hic
3201 4034 3449 4088 mundus

196 4105 515 4185 haliaeetur;
550 4115 835 4185 ventorum
868 4119 995 4185 vero
1022 4106 1313 4185 varietates
1342 4114 1397 4159 et
1441 4106 1721 4159 turbinum
1745 4148 1761 4169 ,
1798 4106 2030 4185 diversis
2073 4105 2482 4185 mutationibus.
2504 4104 2889 4185 conferantur;
2928 4104 3332 4185 persecutiones
3377 4118 3442 4157 ac

204 4175 595 4246 tribulationes
635 4186 686 4227 et
720 4173 980 4246 pericula,
1018 4174 1271 4246 fluctibus
1301 4185 1689 4244 exaequentur;
1725 4177 1923 4231 terreni
1954 4192 2084 4230 vero
2113 4176 2360 4246 spiritus,
2393 4175 2486 4244 qui
2512 4175 2595 4229 vel
2625 4176 2691 4228 de
2714 4173 3070 4237 torrentibus,
3102 4174 3185 4227 vel
3214 4174 3281 4227 de
3304 4188 3439 4246 con-
3524 4179 3527 4182 ‘

203 4246 449 4302 vallibus
499 4245 757 4317 spirant,
777 4244 1371 4317 pseudoprophetarum
1401 4256 1454 4299 et
1502 4248 1850 4317 seductorum
1881 4262 1978 4301 seu
2013 4244 2193 4317 prava:
2215 4246 2474 4317 doctrinae
2506 4246 2697 4317 verba
2721 4246 3027 4317 ducantur;
3064 4244 3439 4312 promontoria

203 4332 336 4369 vero
376 4324 437 4369 et
470 4318 593 4368 loca
630 4314 978 4387 confragosa,
1018 4314 1071 4387 h_i
1121 4316 1239 4387 qui”
1262 4316 1715 4387 impotestatibus
1746 4318 1929 4372 saeculi
1966 4314 2098 4371 sunt
2136 4316 2379 4387 judices,
2413 4326 2466 4387 et
2494 4314 2735 4387 pericula
2768 4315 3046 4387 minantur
3096 4323 3439 4387 ac_m_ortes;

206 4387 518 4439 hithalassa
559 4400 686 4437 vero
710 4383 851 4449 loca,
879 4400 1001 4453 quae
1022 4384 1330 4453 duplicibus
1351 4383 1520 4439 funda:
1543 4385 1750 4441 fallacis
1779 4388 2004 4442 aestibus
2026 4383 2407 4450 verberantur,
2437 4383 2619 4443 dubiis
2646 4394 2826 4439 mente
2851 4395 2904 4438 et
2929 4386 2994 4438 de
3017 4383 3441 4452 promissionum

205 4457 444 4509 veritate
470 4455 797 4509 nutantibus
826 4452 1201 4521 conferantur,
1232 4465 1393 4523 atque
1424 4456 1507 4509 his
1538 4456 1630 4524 qui
1660 4457 2029 4511 irrationabili
2060 4456 2219 4511 [idem
2251 4467 2497 4512 nostram
2528 4455 2741 4509 ratione
2770 4454 3068 4508 discutiunt
3094 4472 3107 4507 :
3136 4453 3432 4523 hypocrita:

200 4541 331 4597 vero
360 4536 420 4580 et
451 4526 653 4589 dolosi,
695 4525 881 4597 piratis
912 4525 1118 4597 similes
1145 4525 1465 4597 habeantur.
1504 4523 1623 4597 _Jain
1653 4542 1782 4581 vero
1816 4528 2041 4597 rapidus
2073 4535 2263 4581 vortex
2303 4535 2357 4580 et
2398 4535 2637 4581 tartarea
2669 4523 2993 4597 Charybdis,
3016 4532 3079 4597 et
3112 4526 3261 4577 saxis
3291 4524 3432 4597 illisa

203 4596 525 4665 naufragia,
560 4610 625 4648 ac
662 4593 954 4648 mortifera:
990 4594 1393 4667 subversiones,
1423 4595 1553 4667 quid
1580 4597 1725 4650 aliud
1749 4593 2069 4652 :estifnanda
2100 4606 2249 4664 sunt,
2280 4612 2445 4667 quam
2496 4596 2755 4666 peccata?
2785 4593 2974 4667 Restat
3014 4594 3175 4660 igitur
3223 4602 3283 4667 ut
3322 4594 3435 4646 haec

202 4669 358 4721 navis
402 4664 573 4720 cursu
612 4679 892 4734 prospero,
931 4672 1042 4717 tuta
1075 4664 1250 4733 possit
1278 4675 1493 4734 portum
1525 4665 1843 4721 desiderata:
1868 4669 2017 4723 urbis
2047 4670 2250 4722 intrare
2277 4664 2383 4720 {ita
2415 4664 2526 4720 Deo
2555 4680 2773 4734 precem
2808 4665 3036 4719 fundere
3056 4664 3311 4718 convenit
3336 4678 3437 4734 na-

200 4739 454 4806 vigantes
480 4743 545 4788 ut
573 4733 880 4806 mereantur
919 4734 1095 4806 audiri
1127 4752 1139 4787 :
1186 4733 1360 4788 audiri
1392 4744 1574 4789 autem
1604 4752 1635 4790 a
1676 4735 1787 4791 Deo
1815 4738 1891 4792 ita
1933 4738 2153 4793 demum
2184 4738 2483 4792 merebitur
2511 4733 2660 4806 quis,
2700 4735 2747 4789 si
2780 4736 3060 4789 orationes
3106 4735 3239 4804 ipsa:
3280 4733 3440 4788 bonis

202 4804 456 4860 moribus
513 4815 570 4858 et
598 4804 755 4859 bonis
781 4804 1036 4873 operibus
1066 4806 1411 4872 adjuventur.

272 4874 394 4947 XV.
438 4874 557 4930 Sed
578 4884 701 4947 ante
725 4876 930 4947 omnia,
955 4890 1078 4927 cum
1116 4875 1298 4947 quiete
1325 4884 1377 4947 et
1400 4877 1618 4931 silentio
1664 4877 1912 4947 epibataa,
1944 4878 1997 4932 id
2025 4886 2109 4932 est
2154 4876 2305 4944 laici,
2335 4876 2390 4930 in
2418 4876 2534 4931 suis
2560 4873 2938 4947 unusquisque
2960 4873 3237 4947 resideant
3262 4874 3431 4947 locis;

203 4961 271 4997 ne
297 4945 443 4999 forte
474 4962 572 5014 per
607 4945 1037 5017 inquietudinem
1062 4954 1115 4998 et
1140 4946 1447 5017 inconditos
1480 4944 1809 5017 inutilesque
1836 4949 2155 5012 discursus,
2196 4949 2242 5002 si
2270 4947 2475 5017 passim
2504 4945 2690 5015 vagari
2726 4946 3020 5017 eruperint,
3044 4945 3125 4999 vel
3149 4945 3224 5017 _a_b
3258 4944 3433 5017 ollicio

204 5031 308 5087 suo
334 5012 537 5070 nautas
566 5012 882 5084 impediant,
917 5015 996 5068 vel
1026 5014 1079 5067 in
1111 5016 1340 5069 alterum
1377 5016 1517 5070 latus
1546 5034 1639 5086 per
1671 5012 2101 5087 inquietudinem
2130 5012 2321 5072 eorum
2350 5018 2506 5070 navis
2536 5012 2723 5087 pressa
2752 5012 3118 5085 demergatur.
3144 5012 3430 5087 Nautologi

204 5084 273 5137 de
308 5086 687 5157 mercedibus,
710 5094 1092 5157 commoneant
1118 5104 1131 5138 :
1162 5094 1215 5138 et
1246 5087 1379 5139 nihil
1410 5084 1631 5140 omnino
1675 5084 1820 5155 quod
1850 5091 1928 5157 ,ad
1961 5088 2334 5157 diligentiam,
2380 5088 2467 5140 vel
2508 5084 2848 5155 disciplinam
2893 5084 3154 5154 pertinet,
3219 5084 3436 5157 diaconi
3490 5128 3496 5135 .

206 5156 508 5224 negligant.
542 5155 851 5226 Presbyteri
883 5154 1028 5227 velut
1060 5165 1236 5227 nautae
1256 5197 1271 5221 ,
1306 5166 1491 5224 aptent
1526 5153 1740 5227 singula
1764 5153 2281 5213 ad'instructionem
2311 5153 2466 5211 navis
2501 5153 2813 5227 diligenter,
2845 5153 2900 5209 et
2926 5158 3200 5227 instruant
3223 5169 3345 5225 qua:
3377 5153 3436 5205 in

205 5239 308 5308 suo
342 5237 588 5308 tempore
618 5225 945 5308 requirenda
973 5235 1117 5305 sunt.
1153 5225 1454 5308 Episcopus
1482 5225 1739 5308 tanquam
1768 5238 1987 5297 proreta
2015 5228 2301 5308 vigilanter
2327 5236 2381 5308 e_t
2406 5227 2635 5308 sollicite
2662 5225 3037 5308 gubei'natoris
3062 5227 3223 5308 verba
3250 5232 3433 5279 custo-

207 5294 323 5348 diat
352 5293 580 5350 Christi.
618 5293 870 5368 Salvator
898 5293 1177 5368 Dominus.
1200 5293 1541 5368 gubernator
1574 5293 1995 5368 Ecclesizesuar,
2027 5293 2285 5368 diligatur
2315 5298 2383 5350 ah
2418 5297 2705 5357 omnibus,
2742 5303 2795 5349 et
2816 5296 3017 5368 “ipsius
3071 5298 3242 5350 solius
3292 5309 3432 5368 pra;-

203 5370 381 5437 ceptis
419 5383 482 5421 ac
513 5368 688 5437 inssis
726 5366 915 5421 credat
946 5375 999 5419 et
1036 5364 1251 5419 obediai
1278 5368 1457 5421 omnis
1506 5366 1751 5422 Ecclesia
1782 5386 1797 5421 :
1831 5367 1940 5422 Deo
1988 5364 2206 5438 quoque
2254 5368 2625 5422 indesinenter
2671 5366 3004 5435 supplicetur
3047 5382 3077 5420 a
3122 5370 3330 5419 cunctis
3366 5364 3433 5415 de

1530 5458 1757 5513 γΑιιιΑῖ
1793 5440 2189 5515 LECTIONES.
3178 5496 3181 5499 ι

270 5549 317 5622 ’ξ
350 5550 539 5622 εἰρήνη
574 5549 638 5603 0.
716 5548 763 5622 τι
792 5546 839 5603 0
864 5548 917 5602 in
949 5564 1133 5622 marg.
1158 5565 1303 5622 man.
1346 5566 1453 5605 rec.
1495 5552 1552 5622 ἐν
1582 5551 1661 5621 τῷ
1708 5550 1751 5620 β’
1784 5553 1843 5604 τιῑ

1921 5551 2258 5617 Διατάξεων,
2307 5554 2364 5605 ὲν
2401 5568 2525 5620 κεφ.
2584 5550 2677 5616 νζ’.
2754 5551 2801 5582 ⁸⁵
2840 5546 3173 5622 σφοδρῴς-Ο.
3208 5550 3293 5622 _“
3312 5550 3437 5603 τινά

202 5613 265 5673 C.
288 5613 477 5676 Post-ea
507 5613 649 5674 ἔστω
671 5621 772 5692 μὲν
805 5622 936 5692 ἡμίν
1067 5613 1135 5653 ’⁸⁷
1164 5620 1495 5692 κυϐερνύτης
1515 5619 1579 5675 Ο.
1632 5613 1843 5692 "Vri-rapi

1896 5613 2127 5692 παγμοῖς
2153 5623 2216 5677 Ο.

2320 5623 2364 5653 ’³
2391 5623 2447 5675 αἱ
2480 5617 2706 5689 adjunxi
2745 5637 2806 5675 ex
2839 5617 2901 5689 0.
2976 5617 2988 5620 ’
3014 5620 3057 5650 ³⁰
3088 5617 3159 5672 Ita
3198 5618 3241 5674 0
3277 5630 3330 5673 et
3366 5638 3437 5675 ex.

204 5693 608 5775 coiijecturanC,
646 5688 952 5775 gremia.
976 5688 1401 5775 iii.te.3ttu.n'l"ui|i
1449 5688 1567 5775 ταῖς
1599 5688 1832 5775 ὁμιλίαις

1896 5712 1897 5723 π
1925 5688 1989 5747 c.'
2010 5688 2076 5759 'S,
2103 5694 2157 5775 uti
2184 5688 2567 5775 -—c'>_pt'):£at.0.:
2586 5690 2692 5743 τῶν
2708 5700 2845 5771 _ante
2872 5688 3323 5775 ψευδοπροφητῶν
3345 5706 3449 5745 τωο-

207 5757 359 5814 cessit
403 5779 467 5818 ex
498 5762 566 5820 Ο.
647 5763 690 5793 ³¹
722 5757 837 5813 τῶν
865 5757 929 5811 0.

1035 5761 1197 5835 “_ltag
1217 5761 1274 5828 ὃ,
1321 5762 1594 5835 ταρταρέα
1635 5761 1675 5815 C
1697 5803 1724 5835 ,_
1751 5780 2085 5835 ταρταραιαν
2117 5762 2181 5817 0.

2280 5757 2330 5840 "_
2352 5762 2775 5840 conjectaverim
2808 5757 2975 5840 verbi.
3007 5757 3255 5840 _S."'I.'u'm
3312 5776 3441 5840 post.

210 5828 461 5901 ἁμαρτίας
492 5834 537 5890 0
568 5833 778 5904 praebet
806 5829 1004 5893 αἰτίας.
1078 5831 1119 5862 ³⁸
1145 5830 1297 5905 οὔρια
1321 5828 1403 5887 υ(
1460 5828 1507 5863 ⁸⁸
1527 5828 1843 5905 assuesce

1896 5828 1948 5887 ιν
1980 5835 2039 5889 C.
2072 5834 2265 5889 Postea
2285 5828 2499 5886 οἰκείων
2520 5847 2615 5901 pro
2646 5831 2789 5885 ἰδίων
2804 5828 2865 5885 Ο.
2935 5828 3346 5902 “summm
3366 5831 3447 5885 (la
