4068 6338
503 340 575 391 55
1344 338 1393 394 S.
1433 339 1820 396 CLEMEthS
1856 345 1875 397 l
1933 344 2055 397 ROB

2158 345 2339 401 ?OL\T.
2376 343 2604 399 OPERA
2643 342 2727 398 DU
2738 341 2867 397 BlA.
3656 339 3725 393 56

570 451 713 509 XIX.
741 453 921 522 Atque
956 452 1041 506 his
1080 450 1238 506 dictis
1266 452 1318 505 in
1370 453 1548 508 medio
1592 470 1775 509 coram
1805 457 2055 511 omnibus

2200 457 2369 511 'XIX.
2410 457 2519 510 Kal.
2548 457 2719 511 ταῦτα
2747 457 2947 519 εἰπὼν,
2981 455 3038 506 ὲν
3073 452 3221 524 μέσῳ
3253 415 3343 505 ιὲτι
3383 453 3597 507 πάντων
3634 472 3724 524 μοι

500 563 698 602 manus
727 545 861 600 mihi
912 544 1199 614 imponens
1248 543 1302 597 in
1333 560 1430 598 sua
1454 548 1714 602 cathedra
1756 549 1944 604 sedere
1973 566 2059 604 me

497 639 907 696 erubescentem
935 635 1218 704 compulit.
1246 634 1493 706 Cumque
1520 639 1803 705 sedissem,
1827 640 1930 694 hoc
1947 650 2060 695 sta-

447 720 458 735 ’
497 732 594 785 tim
623 727 758 783 mihi
789 726 927 780 dixit
952 744 968 779 :
1000 724 1150 797 Rogo
1175 735 1228 780 te
1266 740 1450 781 coram
1476 728 1729 784 omnibus
1755 732 2059 787 astantibus

494 819 762 875 fratribus
793 818 952 883 meis,
998 827 1058 873 ut
1095 826 1386 887 postquam
1428 834 1496 873 ex
1527 819 1652 885 hac,
1698 823 2057 890 quemadmo-

493 912 622 965 dum
654 911 789 965 mihi
820 924 1045 964 necesse
1073 918 1179 977 est,
1207 910 1319 964 vita
1346 909 1654 979 migravero
1673 952 1688 976 ,
1714 910 1918 967 Jacobo
1945 912 2057 967 fra-

494 1002 563 1056 tri
589 1001 806 1056 Domini
831 1001 1016 1055 mittas
1062 999 1115 1054 in
1163 1000 1430 1069 epitome,
1460 1001 1849 1072 describasque
1891 1005 2056 1058 etiam

496 1108 675 1162 usque
713 1092 780 1146 ad
830 1091 1188 1154 cogitationes
1214 1092 1457 1161 pueritia:
1494 1102 1634 1159 tuae,
1658 1102 1712 1147 et
1752 1109 1861 1163 quo
1896 1098 2059 1151 modo

494 1185 562 1237 ab
604 1184 761 1238 initio
790 1198 963 1252 usque
991 1199 1138 1238 nunc
1161 1200 1248 1239 me
1275 1184 1570 1239 comitatus
1592 1200 1672 1250 es,
1711 1187 2057 1243 sermonibus

494 1291 522 1328 a
558 1291 645 1331 me
668 1290 766 1345 per
797 1274 1044 1329 civitates
1070 1275 1375 1344 praedicatis
1395 1286 1449 1333 et
1480 1276 1695 1333 actibus
1719 1278 1855 1335 meis
1880 1279 2059 1334 inten-

498 1371 633 1423 dens
666 1386 683 1423 :
712 1366 905 1421 deinde
937 1366 990 1420 in
1020 1365 1127 1422 fine
1163 1368 1360 1423 mortis
1399 1384 1617 1439 quoque
1649 1384 1783 1424 mea:
1812 1372 2058 1427 occasio-

496 1474 646 1526 nem,
671 1458 814 1513 sicut
838 1457 974 1525 dixi,
1006 1458 1285 1514 declarare
1321 1474 1427 1513 non
1457 1459 1677 1530 pigebit.
1703 1459 1888 1530 Neque
1911 1463 2056 1517 enim

502 1565 569 1605 ea
594 1564 683 1605 res
714 1548 870 1604 valde
898 1549 1076 1619 ipsum
1110 1549 1474 1616 contristabit,
1507 1565 1735 1620 gnarum
1774 1567 1860 1606 me
1884 1552 1969 1622 pie
2004 1554 2057 1607 id

496 1642 841 1712 persolvisse,
864 1642 1010 1712 quod
1040 1643 1263 1697 omnino
1288 1642 1494 1713 perpeti
1524 1659 1743 1701 necesse
1764 1654 1882 1699 erat
1905 1663 1918 1699 :
1942 1661 2058 1699 ma-

493 1729 641 1783 xima
688 1742 818 1783 vero
860 1727 1130 1784 afficietur
1174 1730 1573 1797 consolatione,
1624 1746 1748 1786 cum
1808 1732 2058 1789 didicerit

495 1820 643 1890 quod
684 1830 808 1890 post
838 1836 927 1876 me
970 1836 1082 1876 non
1117 1820 1420 1875 ineruditus
1464 1819 1550 1875 vir
1576 1836 1679 1877 nec
1715 1823 2053 1879 vivificorum

494 1909 722 1980 ignarus
755 1925 1068 1965 sermonum
1114 1909 1478 1979 Ecclesizeque
1519 1910 1762 1981 regulam
1802 1912 2057 1969 nesciens

495 2003 744 2059 docentis
776 2003 1050 2073 acceperit
1077 2002 1415 2056 cathedram.
1447 2000 1686 2072 Imperiti
1709 2004 1853 2057 enim
1884 2020 1947 2059 ac
1965 2020 2056 2061 se-

494 2094 740 2150 ductoris
775 2110 954 2150 sermo
985 2094 1259 2149 audieritis
1293 2092 1441 2163 vulgi
1485 2092 1699 2149 animas
1725 2094 2012 2152 interimit.

561 2205 681 2264 XX.
730 2205 884 2262 Unde
938 2222 1074 2279 ego,
1138 2207 1357 2263 domine
1384 2207 1460 2263 mi
1508 2206 1730 2273 Jacobc,
1764 2209 1847 2265 his
1890 2210 1958 2264 ab
1988 2225 2054 2266 eo

492 2299 655 2355 dictis
701 2299 976 2370 pollicitus
1031 2316 1140 2355 non
1188 2302 1416 2368 tardavi,
1475 2302 1619 2358 sicut
1660 2301 1851 2371 jussus
1907 2317 2051 2368 sum,

493 2407 747 2462 magnam
788 2400 1001 2462 partem
1056 2408 1372 2449 sermonum
1416 2408 1515 2464 per
1559 2394 1806 2449 civitates
1842 2393 2055 2447 habito-

491 2498 640 2549 rum,
664 2482 758 2553 qui
782 2484 896 2553 jam
928 2484 1025 2538 tibi
1052 2482 1313 2554 descripti
1340 2492 1469 2540 sunt
1500 2499 1565 2539 ac
1595 2499 1691 2554 per
1712 2484 1892 2553 ipsum
1921 2484 2054 2539 mis-

491 2575 562 2641 si,
594 2575 649 2630 in
674 2575 830 2631 libris
849 2575 1085 2630 breviter
1105 2575 1583 2647 comprehendere,
1609 2578 1764 2646 quasi
1782 2576 2052 2632 indicandi

492 2665 690 2734 gratia,
719 2665 908 2735 sicque
938 2666 1004 2720 ad
1021 2666 1382 2732 tedestinare,
1401 2681 1526 2721 cum
1547 2667 1648 2720 hac
1668 2666 2049 2736 inscriptione:

493 2755 777 2811 Clementis
826 2755 1067 2827 Epitome
1109 2758 1550 2828 pradicationum
1589 2757 1737 2811 Petri
1795 2758 1850 2810 in
1897 2773 2047 2826 pere-

493 2848 905 2918 grinationibus.
961 2850 1230 2905 Caeterum
1274 2864 1546 2921 exponere
1599 2856 1658 2904 ut
1693 2848 1885 2920 jussus
1926 2866 2045 2905 sum

491 2954 771 3009 mctptam.

2158 548 2257 613 τὰς
2287 552 2473 621 χεῖρας
2497 546 2706 610 ἐπιθεὶς
2730 548 2812 611 είς
2825 546 2925 618 τὴν
2956 544 3120 599 αὐτοῦ
3153 544 3418 616 καθέδραν
3455 545 3725 617 καθεσθῆ-

2160 640 2248 694 ναί
2319 658 2385 712 με
2451 637 2821 710 ὲδυσὼπησεν.
2880 637 3213 691 Καθεσθέντι
3267 636 3325 690 δὲ
3401 636 3561 691 τοῦτό
3632 656 3725 709 μοι

2158 730 2360 795 εὐθέως
2410 730 2536 801 ἔφη’
2591 728 2754 794 Ἀξιῶ
2812 745 2873 782 σε
2903 729 2995 781 ἐπὶ
3036 728 3253 782 πάντων
3288 745 3390 799 μου
3430 727 3539 781 τῶν
3582 746 3722 800 συμ-

2159 822 2441 895 παρόντων
2494 821 2774 892 ἀδελφῶν,
2820 822 2968 883 ὄπως
3015 819 3214 873 ὁπόταν
3278 819 3374 873 τοῦ
3448 818 3721 882 ἐνταῦθα,

2158 914 2235 978 ὡς
2277 913 2399 985 ἐμοὶ
2427 913 2730 981 ὀφείλεται,
2776 910 3066 978 ἀπαλλάξω
3103 910 3240 981 βίου,
3275 911 3337 964 σὲ
3384 909 3621 983 Ἰακώὸῳ
3642 912 3724 984 τῷ

2157 1005 2369 1076 ἀδελφῷ
2380 1004 2473 1058 τοῦ
2486 1004 2689 1077 Κυρίου
2707 1003 3007 1074 διαπέμψαι
3027 1003 3071 1034 ⁸³
3087 1005 3144 1055 ὲν
3164 1005 3394 1074 ἐπιτομῇ
3409 1002 3727 1075 ἀναγραψά-

2162 1113 2318 1167 μενον
2350 1096 2511 1168 μέχρι
2542 1097 2637 1150 καὶ
2669 1095 2778 1166 24
2803 1095 2911 1148 τῶν
2932 1097 2996 1148 ἐκ
3018 1094 3221 1148 παίδων
3245 1112 3338 1147 σου
3370 1094 3481 1167 (45)
3506 1096 3550 1126 ⁸ο
3585 1094 3727 1164 λογι-

2160 1188 2332 1259 σμῶν,
2354 1189 2447 1241 καὶ
2477 1188 2553 1251 ὡς
2591 1188 2686 1241 ἀπ’
2714 1187 2901 1259 ἀρχῆςδ
2927 1186 3086 1258 μέχρι
3130 1186 3224 1239 τοῦ
3264 1186 3359 1240 νῦν
3389 1185 3726 1251 συνώδευσάς

2162 1297 2270 1350 μοι,
2303 1279 2583 1334 ἐπακούων
2611 1278 2720 1333 τῶν
2739 1280 2881 1333 κατά
2908 1278 3057 1331 πόλιν
3077 1278 3168 1332 ὑπ’
3187 1277 3319 1349 ἐμοῦ
3348 1278 3726 1350 κηρυχθέντων

2156 1370 2327 1441 λόγων
2359 1389 2421 1424 τε
2451 1372 2545 1424 καὶ⁵
2581 1370 2849 1444 πράξεωνο
2886 1369 3075 1423 ἔπειτα
3107 1368 3245 1441 πρὸς
3283 1370 3361 1441 τῷ
3386 1369 3530 1424 τέλει
3563 1371 3605 1401 ⁸⁸
3631 1372 3726 1424 καὶ

2155 1463 2253 1534 τὴν
2275 1462 2369 1516 τοῦ
2398 1462 2624 1516 θανάτου
2650 1479 2749 1534 μου
2779 1462 3069 1533 πρόφασιν,
3086 1461 3163 1525 ὡς
3182 1464 3438 1533 προεῖπον
3461 1463 3526 1531 ⁶²,
3548 1463 3726 1534 δηλῶ-

2160 1571 2249 1607 σαι
2284 1554 2358 1625 μὴ
2391 1553 2668 1625 ὀκνήσεις.
2696 1553 2833 1607 Οὔτε
2849 1553 2958 1626 γὰρ
2978 1553 3099 1608 λίαν
3118 1554 3278 1607 αὐτὸν
3296 1553 3522 1627 λυπήσει
3542 1556 3723 1621 τοῦτο,

2157 1645 2333 1698 εἰδότα
2348 1647 2429 1699 ὅτι
2447 1645 2475 1699 δ
2492 1646 2708 1709 πάντως
2725 1645 2831 1699 ἔδει
2863 1662 2930 1717 με
2947 1646 3136 1700 παθεῖν
3161 1646 3399 1711 εὐσεϐῶς
3423 1648 3723 1721 ἀπεδόμην,

2163 1740 2423 1811 μεγίστης
2468 1728 2535 1793 δὲ
2573 1737 2929 1812 παραμυθίας
2955 1736 3225 1803 τεύξεται,
3276 1737 3462 1808 μαθὼν
3488 1740 3570 1793 ὅτι
3605 1741 3725 1810 μετ’

2159 1831 2259 1902 ἐμὲ
2285 1832 2386 1884 οὐκ
2426 1830 2644 1902 ἀμαθὴς
2678 1832 2819 1903 ἀνὴρ
2846 1832 2942 1884 καὶ
2969 1830 3264 1896 ζωοποιοὺς
3292 1830 3484 1899 λόγους
3515 1831 3724 1900 ἀγνοῶν

2159 1922 2254 1975 καὶ
2287 1921 2606 1993 Ἐκκλησίας
2626 1922 2824 1976 κανόνα
2844 1922 2943 1974 οὐκ
2963 1920 3121 1986 εἰδὼς
3139 1922 3239 1992 τὴν
3264 1921 3356 1975 τοῦ
3384 1921 3724 1987 διδάσκοντος

2158 2014 2452 2087 ἐπιστεύθη
2472 2013 2756 2086 καθέδραν.
2779 2013 2988 2068 Πλάνου
3003 2013 3049 2045 ⁸³
3058 2013 3166 2086 γὰρ
3185 2012 3370 2086 ὁμιλία
3381 2013 3492 2069 τῶν
3508 2013 3722 2071 ἀκουόν-

2156 2124 2263 2161 των
2285 2105 2455 2178 ὄχλων
2487 2106 2700 2178 ἀναιρεῖ
2728 2104 2776 2137 ⁸⁸
2803 2104 2904 2169 τὰς
2928 2104 3124 2176 ψυχάς.

2226 2219 2343 2275 XX.
2381 2218 2540 2274 Ὅθεν
2567 2218 2697 2289 ἐγὼ,
2728 2217 2884 2290 κύριέ
2918 2236 3018 2290 μου
3073 2218 3293 2273 Ἰάκωϐε
3315 2259 3331 2284 ,
3362 2218 3524 2274 αὑτοῦ
3552 2219 3723 2275 ταῦτα

2155 2312 2415 2377 εἰπόντος,
2435 2312 2799 2383 ὑποσχόμενος
2824 2311 2924 2365 οὐκ
2954 2310 3174 2384 ὤκνησα
3197 2312 3262 2376 ³⁸,
3278 2312 3353 2376 ὡς
3372 2312 3718 2385 ἐκελεύσθην,

2154 2406 2216 2459 τὸ
2240 2405 2374 2459 πολὺ
2405 2405 2512 2459 τῶν
2541 2405 2680 2458 κατά
2712 2404 2862 2458 πόλιν
2893 2404 3063 2474 λόγων
3088 2404 3197 2460 τῶν
3226 2406 3327 2477 ἤδη
3363 2423 3444 2459 σοι
3479 2423 3693 2480 προγρα

2157 2499 2361 2568 φὲντων
2393 2498 2485 2552 καὶ
2514 2498 2605 2551 ὑπ’
2637 2496 2799 2553 αὐτοῦ
2828 2497 3267 2569 διαπεμφθέντων
3289 2498 3399 2571 (44)
3429 2500 3486 2552 ὲν
3520 2499 3720 2570 βίϐλοις

2156 2591 2248 2644 ἐπὶ
2297 2588 2605 2659 κεφαλαίων
2658 2588 2899 2660 ποιῆσαι,
2929 2588 3118 2660 ὥσπερ
3161 2589 3385 2661 σημείου
3420 2590 3599 2662 χάριν,
3626 2593 3718 2646 καὶ

2158 2682 2329 2747 οὕτως
2344 2681 2644 2754 διαπέμψαι
2662 2699 2763 2747 σοι,
2783 2682 3157 2754 ἐπιγράψαντα
3175 2682 3587 2754 ⁸⁸,Κλήμεντος
3600 2683 3719 2738 τῶν

2154 2778 2379 2844 Πέτρου
2392 2774 2714 2845 ἐπιδημιῶν
2732 2775 3121 2844 κηρυγμάτων
3139 2775 3405 2847 ἐπιτομὴ.
3424 2776 3589 2848 Πλὴν,
3618 2776 3715 2831 τοῦ

2152 2871 2442 2937 ἐκτιθέναι,
2467 2870 2542 2933 ὡς
2573 2866 2916 2933 ὲκελεύσθτπν,
2940 2868 3191 2939 ἄρξομαι.

1680 3051 2245 3109 INTERPRETATIO
2284 3050 2539 3108 RUFINI.

562 3144 705 3199 XIX.
748 3143 815 3199 Et
842 3159 965 3199 cum
1003 3145 1118 3200 hate
1147 3146 1396 3212 dixisset,
1437 3147 1491 3201 in
1522 3146 1724 3213 medio,
1753 3162 1937 3201 coram
1964 3147 2236 3211 omnibus,
2269 3161 2465 3199 manus
2503 3143 2637 3198 mihi
2679 3142 2959 3211 imposuit,
2993 3149 3057 3213 et
3092 3142 3145 3196 in
3174 3140 3429 3213 cathedra
3461 3156 3581 3209 sua,
3626 3143 3713 3196 in-

529 3215 639 3269 euti
671 3215 1000 3286 verecundia
1050 3214 1335 3286 fatigatum
1370 3210 1555 3272 sedere
1599 3232 1685 3271 me
1712 3210 2015 3286 compulit.
2044 3210 2290 3285 Cumque
2341 3215 2638 3279 sedissem,
2673 3210 2788 3267 haec
2830 3213 2897 3286 ad
2947 3210 3296 3286 me‘rursum
3325 3212 3543 3286 locutus
3586 3222 3710 3270 est:

529 3233 639 3269 eun
671 3233 1000 3270 verecundia
1050 3233 1335 3286 lattgatum
1370 3233 1555 3272 seuere
1599 3233 1685 3271 me
1732 3233 2015 3286 compulit.
2044 3233 2290 3285 Cumque
2341 3233 2638 3279 sedissem,
2673 3233 2788 3267 ιιωο
2830 3233 2897 3266 au
2947 3233 3032 3267 me
3080 3233 3296 3267 rursum
3327 3233 3543 3265 locutus
3586 3233 3709 3270 est:

492 3233 768 3354 δεῖνι-θεον
802 3293 875 3349 te,
906 3283 1179 3355 Clemens,
1203 3287 1676 3355 coramomnibus
1708 3288 1801 3355 qui
1831 3296 2123 3355 praesentes
2152 3293 2310 3351 sunt,
2342 3294 2401 3338 ut
2440 3297 2814 3355 posteaquam,
2850 3282 2991 3355 sicut
3018 3282 3267 3355 naturale
3296 3282 3547 3355 debitum
3590 3292 3709 3348 est,

489 3352 617 3409 vitae
640 3355 923 3424 praesentis
956 3354 1116 3410 finem
1152 3355 1351 3421 fecero,
1377 3354 1581 3409 Jacobo
1615 3352 1769 3409 fratri
1801 3352 2017 3410 Domini
2047 3356 2326 3411 describas
2357 3352 2730 3424 brevitcrtvel
2755 3366 2889 3424 qua;
2920 3353 2985 3424 ad
3018 3352 3235 3405 initium
3273 3352 3409 3424 fidei
3459 3360 3562 3404 tua:
3590 3368 3710 3420 spe-

492 3421 670 3496 ctant,
693 3425 780 3479 vel
807 3425 969 3479 etiam
999 3440 1137 3492 quos
1168 3435 1293 3481 ante
1324 3427 1482 3480 tidem
1525 3427 1740 3481 animos
1775 3427 2013 3496 gesseris
2038 3444 2051 3493 ;
2083 3427 2175 3479 sed
2204 3433 2258 3480 et
2294 3423 2527 3496 qualiter
2554 3422 2688 3476 mihi
2718 3423 2786 3477 ab
2815 3421 2990 3496 initio
3018 3437 3190 3491 usque
3220 3422 3283 3496 ad
3312 3422 3495 3485 finem,
3528 3437 3710 3496 comes

492 3494 705 3566 itineris
740 3502 805 3566 et
848 3491 1066 3566 actuum
1092 3496 1323 3566 fueris;
1359 3511 1589 3566 quaeque
1631 3512 1727 3566 per
1766 3491 2009 3566 singulas
2039 3491 2421 3566 'civitates'me
2467 3493 2776 3566 disputante
2820 3491 3347 3566 sollicitusauditor
3393 3491 3707 3566 exceperis;

492 3565 700 3634 quique
737 3564 791 3618 in
829 3561 1314 3633 praedicationibus
1332 3561 1469 3619 meis
1501 3561 1788 3620 verborum
1824 3561 1991 3620 fuerit
2022 3566 2157 3621 ordo
2180 3565 2263 3618 vel
2291 3572 2512 3634 actuum
2539 3561 2676 3634 {sed
2708 3571 2762 3617 et
2786 3561 3154 3634 qui_me_tiuis
3184 3563 3238 3614 in
3264 3562 3368 3615 hac
3392 3561 3527 3634 urbe
3556 3576 3709 3634 repe-

491 3631 647 3697 rerit,
675 3631 842 3705 sicut
865 3634 998 3705 dixi,
1030 3634 1211 3705 omnia
1246 3652 1407 3705 quam
1440 3643 1596 3704 potes
1640 3636 1963 3692 brevissime
1995 3639 2420 3705 comprehensa,
2450 3633 2517 3687 ad
2565 3633 2743 3705 ipsum
2778 3631 2829 3705 te
2877 3631 3155 3705 destinare
3197 3647 3306 3685 non
3356 3632 3573 3705 pigeat_._
3600 3631 3711 3685 Nec

488 3702 730 3757 verearis
761 3718 829 3758 ne
868 3703 1005 3757 forte
1038 3701 1280 3758 multum'
1309 3706 1375 3759 de
1400 3701 1521 3759 meo
1545 3705 1693 3759 exitu
1722 3701 2137 3761 contristandus
2165 3705 2253 3770 sit,
2286 3720 2409 3758 cum
2451 3719 2535 3756 me
2563 3702 2613 3756 id
2650 3716 2751 3771 pro
2771 3702 2968 3771 pietate
2997 3702 3268 3756 sustinere
3294 3716 3401 3754 non
3432 3701 3705 3771 ambigat:

490 3773 593 3853 erit
623 3774 889 3853 autemnei
917 3776 1131 3853 grande
1154 3775 1429 3853 solatium,
1458 3776 1504 3830 si
1542 3776 1795 3853 didicerit
1840 3777 2264 3853 _quod_post__m_e
2290 3788 2398 3853 non
2427 3772 2715 3853 imperitus
2741 3774 2823 3853 vir
2850 3772 3071 3853 aliquis,
3104 3782 3197 3825 aut
3228 3771 3501 3853 indoctus,
3544 3781 3711 3851 atque

490 3841 946 3916 iguoransqdivini
987 3845 1133 3916 verbi
1179 3846 1533 3916 mysterium,
1578 3855 1629 3900 et
1660 3841 2042 3916 ecclesiastici'
2068 3845 2275 3899 ordinis
2307 3842 2796 3916 disciplinam,_vel
2836 3841 3099 3916 doctrina:
3150 3841 3706 3916 regulam_ueseien_s,

489 3910 794 3985 susceperit
819 3912 1130 3985 cathedram
1163 3910 1359 3969 me'am.
1391 3910 1677 3969 Scit'enim
1708 3917 1833 3985 quia
1865 3915 1910 3969 si
1947 3916 2197 3969 indoctus
2226 3923 2281 3969 et
2299 3910 2505 3985 inscius
2561 3910 2794 3966 ofﬁcium
2824 3911 3064 3966 doctoris
3088 3912 3349 3981 accipiat,
3380 3910 3498 3965 sine
3534 3912 3705 3967 dubio

486 3982 821 4054 dis_9ipuli_et
849 3982 1127 4039 auditores
1155 3986 1473 4054 ignorantia:
1500 3982 1740 4039 tenebris
1762 3986 2039 4051 ,obvoluti,
2072 3986 2126 4039 in
2151 3986 2429 4039 interitum
2462 3984 2865 4051 demergentur.

556 3998 737 4105 segpun
767 3998 821 4037 et
849 3998 1127 4039 auditores
1156 3998 1473 4054 Ignorantia:
1500 3998 1737 4039 tenebris
1762 3998 2039 4051 ,onvotuti,
2072 4002 2126 4039 ιιι
2151 3998 2429 4039 mteruum
2462 3998 2865 4051 uemergentur.

556 4051 628 4130 X_
661 4092 681 4130 ._
720 4050 873 4107 Unde
899 4061 1109 4130 et‘ego,
1140 4055 1216 4108 mi
1245 4054 1719 4130 dominelacobe,
1750 4070 1875 4130 cum
1915 4057 2030 4130 hagc
2083 4056 2165 4130 ab_
2197 4060 2564 4130 eo___pr:_ecep_la
2604 4050 2935 4130 susceperim
2955 4065 3222 4130 ,_necesse
3266 4049 3433 4104 habui
3475 4049 3701 4130 implere

485 4123 631 4191 quod
662 4123 921 4203 jusserat,
952 4121 1199 4203 indicans
1226 4126 1347 4189 tibi,
1378 4127 1521 4203 etde
1549 4125 1635 4181 his
1664 4124 2014 4203 i_psis_simul,
2047 4134 2102 4179 et
2136 4126 2203 4180 de
2233 4121 2339 4178 illis
2368 4123 2603 4203 breviter
2633 4121 3127 4203 comprehendens,
3166 4136 3421 4203 quae‘per
3462 4121 3706 4203 sitigulas

487 4189 736 4264 quasque
766 4192 1286 4264 urbesdigrediens,
1314 4203 1407 4249 aut
1456 4196 1508 4247 in
1546 4189 1950 4264 praedicationis
1978 4189 2233 4250 sermone
2264 4193 2583 4264 protulerit,
2619 4201 2717 4264 aut
2760 4189 2813 4245 in
2843 4198 3117 4264 gestorum
3144 4189 3349 4264 Avirtute
3373 4189 3702 4264 perfecerit;

486 4262 742 4335 quamvis
768 4263 887 4326 tibi,
918 4261 1094 4335 dehis
1132 4264 1365 4335 plurima
1406 4261 1622 4335 jam,'ct
1664 4266 1876 4333 plenius
1902 4261 2355 4335 autedescripta,
2392 4264 2511 4335 ipso
2551 4261 2778 4335 iubente
2817 4261 3258 4335 transmiserim;
3300 4263 3402 4335 sub
3449 4276 3514 4315 eo
3544 4261 3703 4315 titulo

486 4346 649 4399 quem
678 4332 794 4401 ipse
817 4329 1254 4414 praecepitaﬂigi,
1289 4334 1343 4386 id
1373 4329 1456 4388 est
1479 4329 1774 4389 Clementis
1804 4334 2147 4390 ltinerarium
2238 4329 2664 4391 "Praedicationis
2726 4332 2889 4388 Petri.
2972 4329 3080 4387 Sed
3108 4340 3163 4385 et
3208 4347 3354 4387 nunc
3376 4331 3489 4400 jam
3536 4346 3703 4401 expo-

483 4414 615 4455 nere
642 4416 763 4471 qua:
789 4410 1041 4473 praecepit
1070 4410 1345 4474 incipiam.

1784 4475 2015 4532 VARIAS
2053 4471 2455 4529 LECTIONES.

558 4585 605 4617 "
631 4583 1077 4659 PlaniusEpit.c.
1100 4586 1238 4641 M7:
1278 4586 1485 4659 “'Agtt'bh
1501 4605 1555 4639 σε
1593 4588 1684 4642 ἐπὶ
1729 4588 1944 4642 πάντων
1997 4606 2097 4659 μου
2137 4587 2246 4659 τῶν
2289 4586 2677 4659 συμπαρόντων
2702 4585 2982 4659 Δἀδελιρῶν,
3026 4582 3449 4659 ῥπηνίκαῃτοῦ-
3473 4580 3701 4659 ὲχταδθα

487 4655 738 4729 μεταστῷ
795 4651 933 4725 βίου,
984 4658 1062 4729 ῶς
1112 4659 1146 4727 ἡ
1202 4657 1299 4729 τοῦ
1357 4651 1488 4729 Θεοῦ
1552 4659 1771 4728 κέκρικε
1823 4651 2080 4729 πρόνοία,
2146 4658 2322 4710 πάντα
2360 4651 2443 4729 ξτῴ
2483 4651 3058 4729 ’κυρίῳξιαμῦϐῳ-τῴ
3102 4651 3314 4729 ἀδελφῷ
3359 4651 3698 4729 τοῦ-Κυρίου

486 4722 589 4799 μου
622 4722 937 4799 ὲν-επιτομῇ
971 4722 1765 4799 ἀναγραψάμενονδιαπέμῷαι,
1796 4746 1848 4781 κ.
1867 4722 1928 4781 ’τ.
1964 4728 2015 4782 λ.
2070 4722 2133 4761 ’⁸ο
2164 4728 2225 4781 ὲκ
2257 4722 2442 4799 παιδός
2471 4722 2715 4799 σουόὸςι.
2740 4726 2847 4799 8οῥ
2867 4722 2920 4780 et
2942 4722 3134 4792 Epit.l.
3164 4742 3211 4780 c.
3242 4722 3299 4780 S.
3351 4724 3417 4799 _“
3459 4722 3533 4799 lta
3563 4722 3624 4799 0_
3644 4737 3693 4799 (ξ.

483 4790 605 4849 cod.
642 4795 746 4849 804
776 4790 993 4870 etEﬁit.
1016 4790 1136 4870 l.‘l'.',
1170 4790 1239 4870 ig
1265 4790 1481 4870 τέλειε.
1515 4868 1522 4870 _
1562 4790 1696 4870 Μ’ὼξς
1730 4802 1982 4870 προεῖπον
2014 4801 2204 4870 om.0.
2274 4800 2325 4870 _“
2356 4790 3258 4870 μὲι-(18ςριῇεομῼᾉευῙ-ιιεμιθχιιιε
3278 4794 3386 4850 etO
3422 4796 3547 4850 exh.
3570 4790 3699 4845 πλά-

485 4881 598 4928 νος.
708 4893 786 4904 -—
886 4864 933 4898 “
958 4867 1167 4939 ἀναίρει
1191 4867 1254 4922 C.
1329 4870 1374 4898 ⁵⁵
1402 4868 1617 4940 ὀκνήσω
1645 4867 1711 4924 0.
1772 4864 1828 4900 ’⁸⁸
1850 4868 2157 4941 ἐπιγράψας
2188 4868 2310 4923 cod.
2348 4868 2452 4922 804
2472 4875 2526 4923 et
2544 4864 2753 4937 Epit.c.
2787 4866 2909 4931 147,
2935 4864 3080 4938 quod
3105 4875 3344 4937 prazstat.

1789 4986 2146 5043 VARIORUM
2186 4985 2416 5045 ΝΟΤΛΕ.

549 5079 663 5205 345)
716 5080 809 5133 Ἐκ
850 5080 1076 5133 παίδων
1114 5096 1250 5139 σου.
1281 5080 1443 5136 Notat
1472 5081 1773 5136 Cotelerius
1821 5082 1874 5135 in
1929 5098 2038 5135 uno
2066 5090 2107 5147 C
2140 5095 2245 5137 ctc.
2275 5082 2424 5137 Unde
2454 5096 2560 5134 non
2590 5079 2824 5134 absurde
2861 5079 3083 5149 colligas
3138 5075 3693 5147 pseudo-Clementem

586 5152 667 5205 ice
711 5149 896 5205 Grzece
943 5150 1129 5204 haberi
1164 5153 1229 5204 ἐκ
1258 5153 1445 5205 παιδός
1492 5168 1608 5204 σου.
1661 5151 1840 5205 Pluris
1875 5153 2037 5205 refert
2150 5154 2303 5205 libris
2336 5153 2441 5205 illis
2473 5151 2524 5204 id
2546 5160 2821 5205 oraastare.
2842 5151 2983 5205 auod
3016 5150 3175 5202 modo
3207 5148 3693 5205 praecipiturmum

482 5148 667 5205 codice
711 5149 896 5205 Grzece
943 5150 1129 5204 haberi
1164 5153 1229 5204 ἐκ
1258 5153 1445 5215 παιδός
1492 5168 1608 5204 σου.
1661 5151 1840 5206 Pluris
1875 5153 2037 5207 refert
2150 5154 2303 5207 libris
2336 5153 2441 5205 illis
2473 5151 2524 5204 id
2544 5148 3175 5219 praastare,quod’modo
3206 5148 3693 5219 praecipitur;cum

480 5221 784 5291 expendere
820 5235 944 5291 qua_
964 5223 1177 5275 ratione
1199 5222 1319 5276 libri
1348 5222 1793 5291 Recugnitionum,
1817 5223 1908 5290 qui
1934 5224 2037 5277 sub
2147 5226 2216 5276 ab
2258 5224 2388 5291 ipsis
2418 5216 2662 5289 pueritiae
2696 5236 2809 5274 sua:
2846 5216 3280 5291 cogitationibus
3312 5216 3515 5271 Jacobo
3560 5232 3696 5291 pan-

481 5287 776 5344 Clementis
816 5287 883 5344 ad
920 5289 1179 5344 Jacobum
1221 5292 1443 5345 fratrem
1485 5287 1704 5345 Domini
1746 5287 2036 5347 scribentis
2142 5287 2621 5347 dendisexordium
2645 5299 2841 5343 sumat.
2865 5287 3127 5356 Quocirca
3153 5287 3373 5341 minime
3394 5287 3693 5341 assentien-

482 5361 697 5414 conticti
726 5369 885 5431 sunt,
916 5360 1254 5415 inchoentur.
1292 5362 1560 5431 incipiunt
1606 5377 1798 5429 nempe
1839 5364 1906 5415 ab
1951 5363 2036 5417 his
2142 5364 2269 5417 dum
2308 5362 2519 5415 videtur
2549 5361 2765 5423 Rutino,
2795 5361 2889 5428 qui
2920 5358 3203 5431 epistolam
3230 5358 3369 5411 hanc
3386 5357 3563 5431 _libris
3586 5356 3691 5410 Re—

480 5431 661 5485 verbis
683 5448 695 5482 ε
720 5429 828 5500 Ego
847 5429 1175 5494 Clemens,in
1193 5432 1315 5486 urbe
1335 5425 1765 5496 Ro'mananatus,
1783 5447 1845 5485 ex
1862 5435 2036 5500 prima
2141 5434 2499 5501 cognitionum
2528 5440 2751 5498 tempore
2784 5425 3128 5501 posteriorem,
3148 5435 3347 5501 censet.
3378 5425 3549 5501 Com.

486 5501 941 5572 mtate‘pudicitiw
972 5502 1204 5572 studium
1226 5504 1391 5572 gessi;
1417 5503 1539 5553 dum
1565 5518 1645 5555 me
1674 5503 1836 5555 animi
1869 5504 2037 5555 inten-

486 5570 559 5621 tio
587 5569 724 5622 velut
748 5572 965 5624 uinculis
986 5569 1301 5639 quibusdam
1325 5572 1699 5625 sollicitudinis
1717 5580 1765 5625 et
1796 5572 2035 5625 maeroris

485 5638 730 5691 innexum
764 5650 975 5694 teneret.
999 5638 1203 5694 ’Iaerat
1232 5645 1372 5694 enim
1400 5642 1528 5694 mihi
1566 5642 1813 5711 cogitatio
1844 5643 2037 5709 (incer-

484 5719 593 5759 tum
631 5725 756 5781 sane
784 5712 919 5763 unde
956 5712 1165 5765 initium
1211 5712 1563 5781 sunipserit);
1598 5712 1775 5765 crebro
1804 5714 1942 5765 enim
1971 5711 2039 5763 ad

485 5780 787 5831 meritoriam
822 5794 986 5834 meam
1010 5780 1353 5838 conditionem
1386 5781 1725 5837 mortalitatis
1757 5782 2038 5849 adducens,

2211 5495 2318 5572 (44)
2357 5500 2467 5572 Καὶ
2513 5495 2811 5572 ὑπἀὐτοῦ
2841 5497 3339 5566 διαπεμφθὲνταηρ.
3394 5496 3559 5561 Quasi
3590 5495 3693 5551 Pe.

2142 5581 2260 5627 trus
2284 5570 2350 5625 ad
2381 5571 2641 5624 Jacobum
2671 5570 2909 5623 misisset
2937 5582 3214 5622 sermones
3242 5576 3295 5619 et
3325 5577 3480 5620 actus
3522 5580 3688 5631 suos,

2147 5642 2250 5695 hoc
2283 5650 2386 5706 est,
2432 5641 2628 5695 librum
2659 5641 2840 5693 forsan
2874 5639 3104 5691 Actuum
3144 5647 3198 5691 et
3246 5637 3685 5706 dissertationpm

2149 5710 2314 5777 Petri,
2346 5702 2467 5765 eum
2516 5712 2608 5779 qui
2648 5725 2676 5764 a
2720 5708 2914 5763 Photio
2946 5707 3176 5779 inveniri
3209 5722 3316 5762 non
3354 5708 3547 5779 potuit.
3579 5702 3687 5761 Sed

2150 5776 2377 5837 Rufinus
2408 5776 2583 5837 solens
2607 5794 2753 5837 more
2777 5794 2876 5836 suo
2906 5779 3107 5835 turbat.
3138 5776 3215 5833 lo.
