4068 6338
285 293 354 350 5?
1392 291 1843 351 CLEMENTINA.
1884 325 1948 333 —
1986 293 2266 348 HOMILIA
2304 294 2341 349 Ι.
3457 299 3523 350 58

368 427 3519 461 ΜΝ

1526 544 2287 633 ΚΛΗΜΕΝΤΟΣ

994 691 1134 744 ΤΩΝ
1158 690 1458 745 ΠΕΤΡΟΥ
1486 689 1905 742 ΕΠΙΔΗΜΙΩΝ
1932 684 2441 740 ΚΗΡΥΓΜΑΤΩΝ
2466 682 2811 737 ΕΠΙΤΟΜΗ.

573 1000 681 1060 DE
739 994 1484 1060 PREDICATIONIBUS
1533 991 1769 1055 PETRI
1826 989 2070 1050 INTER
2125 984 2808 1049 PEREGRINANDUM
2859 985 3237 1049 EPITOME.

816 1222 923 1292 25
951 1222 1207 1276 ὈΜΙΛΙΑ
1230 1221 1307 1275 A'.

347 1317 390 1372 ι.
428 1314 577 1385 Ἐγὼ
602 1315 856 1387 Κλήμης,
900 1315 1183 1385 Ῥωμαίων
1227 1313 1448 1385 πολίτης
1485 1311 1590 1390 ὢν,
1637 1310 1735 1365 καὶ
1763 1311 1861 1382 τὴν

282 1410 509 1481 πρώτην
532 1408 749 1479 ἡλικίαν
771 1408 1057 1479 σωφρόνως
1077 1406 1234 1478 ζῆσαι
1261 1406 1552 1477 δεδύνημαι
1575 1405 1639 1467 ⁸⁷,
1664 1404 1761 1475 τῆς
1778 1404 1862 1456 ὲν-

283 1505 428 1566 vola;
461 1519 566 1573 μου
598 1504 662 1554 ὲκ
694 1501 878 1563 παιδὸς
904 1499 1311 1570 άπασχολούσης
1341 1500 1439 1570 τὴν
1472 1500 1529 1551 ὲν
1568 1496 1691 1568 ἐμοὶ
1737 1498 1861 1549 ὲπι-

280 1593 480 1665 θυμίαν
515 1594 597 1656 εἷς
644 1611 703 1645 τε
742 1593 975 1663 ἀθυμίας
1021 1593 1116 1645 καὶ
1164 1592 1378 1654 πόνους.
1410 1590 1581 1660 Συνῆν
1623 1588 1731 1659 γάρ
1771 1605 1859 1659 μοι

277 1684 543 1759 λογισμὸς
575 1687 674 1739 οὐκ
706 1681 826 1741 οἶδα
857 1684 1020 1737 πόθεν
1046 1685 1146 1756 τὴν
1177 1684 1350 1755 ἀρχὴν
1374 1681 1571 1746 λαϐὼν,
1603 1680 1857 1753 περιθα-

278 1778 444 1832 νάτου
499 1778 712 1840 πυκνὰς
744 1776 1062 1847 ποιούμενος
1110 1776 1465 1846 ὑπομνήσεις,
1500 1775 1582 1827 ὅτι
1623 1773 1732 1844 ἄρα
1758 1773 1855 1826 θα-

281 1870 382 1924 νὼν
412 1869 515 1923 οὔκ
551 1872 669 1940 εἰμι
693 1870 785 1922 καὶ
808 1869 926 1921 οὐδὲ
961 1869 1176 1939 μνήμην
1202 1885 1286 1930 τις
1318 1868 1531 1937 ποιήσει
1558 1864 1658 1937 μού
1687 1882 1816 1918 ποτε
1839 1906 1854 1930 ,

274 1961 369 2016 τοῦ
428 1962 663 2035 ἀπείρου
704 1961 896 2033 χρόνου
934 1960 1149 2013 πάντων
1182 1959 1228 1991 ⁸⁸
1258 1958 1327 2012 τὰ
1363 1958 1539 2012 πάντα
1571 1959 1649 2022 είς
1686 1957 1856 2030 λήθην

274 2055 561 2125 φέροντος,
603 2053 799 2124 ἔσομαι
840 2052 896 2105 δὲ
927 2052 1027 2106 οὐκ
1057 2051 1133 2105 ὣν
1154 2092 1169 2115 ,
1193 2052 1293 2105 οὐκ
1322 2052 1479 2115 ὄντας
1504 2053 1547 2091 ⁶⁹
1586 2052 1761 2117 εἰδὼς,
1793 2054 1855 2106 οὐ

275 2144 596 2214 γινώσκων,
631 2145 691 2197 οὐ
723 2144 1145 2215 γινωσκόμενος,
1178 2144 1238 2197 ού
1271 2143 1527 2213 γεγονὼς,
1550 2143 1611 2196 οὐ
1642 2145 1857 2216 γινόμε-

272 2255 382 2301 νος·
421 2240 518 2291 καὶ
559 2234 668 2309 ἆρά
693 2238 739 2269 ⁷⁸
768 2254 899 2289 ποτε
931 2237 1151 2306 γέγονεν
1177 2238 1205 2290 ό
1238 2236 1439 2307 κόσμος
1458 2277 1473 2302 ,
1504 2237 1599 2290 καὶ
1627 2237 1732 2309 πρὸ
1760 2236 1853 2290 τοῦ

271 2330 528 2399 γενέσθαι
567 2330 619 2382 τί
663 2330 785 2393 ἐτὸς
810 2326 910 2401 ἦν;
942 2332 989 2382 εί
1011 2329 1119 2401 γὰρ
1143 2325 1210 2401 ἧν
1240 2330 1354 2393 ἀεὶ,
1384 2329 1478 2383 καὶ
1510 2328 1686 2382 ἔσται’
1720 2330 1768 2381 εἰ
1798 2328 1853 2382 δὲ

272 2423 487 2492 γέγονε,
525 2424 618 2476 καὶ
650 2423 975 2493 λυθήσεται’
1006 2423 1099 2476 καὶ¹
1132 2420 1268 2493 μετὰ
1293 2422 1447 2479 λύσιν
1477 2422 1529 2475 τί
1561 2422 1670 2494 ἄρα
1702 2421 1854 2475 ἔσται

207 2579 211 2581 _
274 2516 461 2580 πάλιν,
495 2518 548 2569 εἰ
584 2510 658 2587 μή
690 2516 830 2586 τάχα
865 2516 989 2588 σιγὴ
1022 2515 1116 2569 καὶ
1140 2515 1277 2588 λήθη
1303 2532 1318 2582 ;
1346 2516 1504 2571 καὶτί
1533 2515 1675 2586 τάχα
1700 2514 1849 2568 ἔσται

275 2625 351 2674 τι,
380 2609 413 2663 ὅ
444 2608 543 2662 νῦν
570 2610 758 2679 νοῆσαι
787 2608 849 2662 οὐ
881 2608 1122 2663 δυνατόν.

342 2873 412 2928 ll.
448 2872 641 2927 Ταῦτά
668 2890 729 2925 τε
754 2874 850 2926 καὶ
881 2872 948 2927 τὰ
976 2871 1187 2936 τούτοις
1230 2873 1391 2944 ὃμοια
1421 2872 1521 2926 οὐκ
1550 2870 1664 2926 οἶδα
1691 2872 1853 2927 πόθεν

275 2967 571 3029 ἀπαύστως
590 2965 712 3018 ὲνθυ
722 2964 819 3035 μού
828 2982 1005 3036 μενος,
1028 2966 1287 3037 ὀδυνηρὰν
1309 2963 1453 3036 εἶχον
1472 2966 1647 3037 λύπην
1666 2965 1853 3021 τοσοῦ-

275 3058 486 3124 τον,ὠς
506 3058 818 3130 ὠχριακότα
854 3076 921 3129 με
950 3057 1230 3129 τήκεσθαι*
1262 3058 1357 3112 καὶ
1381 3060 1489 3130 26
1520 3060 1580 3113 τὸ
1611 3059 1849 3112 δεινότα-

273 3170 362 3205 τον
390 3191 406 3215 ,
464 3150 523 3205 εἴ
560 3168 689 3204 ποτε
724 3148 1046 3204 ἀπώσασθαι
1066 3150 1164 3221 τὴν
1197 3150 1447 3222 φροντίδα
1483 3152 1559 3214 ὼς
1601 3151 1852 3222 ἀνωφελῆ

276 3243 709 3315 ἐϐουλευσάμην,
736 3242 1098 3315 ἀκμαιότερόν
1128 3259 1217 3314 μοι
1253 3242 1448 3314 μᾶλλον
1474 3243 1536 3297 τδ
1557 3243 1726 3307 πάθος
1741 3244 1853 3313 ὲγί-

275 3355 432 3400 νετο,
482 3336 581 3390 καὶ
629 3335 875 3407 ἠχθόμην
916 3336 1009 3389 ἐπὶ
1043 3334 1247 3406 τούτῳ,
1292 3336 1390 3388 οὐκ
1432 3334 1585 3398 εἰδὼς
1611 3335 1853 3389 σύνοικον

278 3431 446 3502 καλὴν
476 3430 619 3501 ἔχων
647 3429 851 3483 ἔννοιαν
869 3468 884 3493 ,
908 3428 1202 3492 ἀθανασίας
1232 3428 1442 3498 ἀγαθήν
1470 3430 1517 3461 ⁷⁸
1554 3429 1731 3483 αἰτίαν
1763 3446 1853 3501 μοι

276 3522 652 3594 γενησομένην
694 3521 763 3587 ⁷³,
801 3521 878 3585 ὡς
910 3519 1135 3593 ὕστερον
1179 3523 1246 3593 τῇ
1286 3521 1451 3593 πείρᾳ
1483 3521 1725 3591 ἐπέγνων
1760 3524 1855 3576 καὶ

278 3613 397 3687 Θεῷ
422 3615 510 3687 τῷ
540 3614 754 3668 πάντων
780 3613 1013 3687 δεσπότῃ
1040 3613 1439 3686 ηὐχαρίστησα.
1472 3613 1606 3667 Ὑπὸ
1628 3612 1737 3685 γὰρ
1757 3615 1855 3685 τῆς

279 3710 397 3761 κατ’
429 3706 611 3779 ἀρχάς
658 3704 944 3776 θλιϐούσης
980 3722 1062 3777 με,
1090 3705 1295 3769 ἐννοίας
1317 3706 1396 3769 εἰς
1421 3705 1519 3777 τὴν
1547 3704 1654 3758 τῶν
1679 3722 1855 3781 πραγ-

282 3799 470 3870 μάτων
506 3799 731 3869 ζήτησιν
779 3799 873 3851 καὶ
904 3796 1119 3868 εὖρεσιν
1147 3798 1497 3868 ἠναγκάσθην
1531 3796 1722 3850 ὲλθεῖν’
1761 3798 1854 3851 καὶ

278 3893 398 3946 τότε
423 3890 742 3954 ἑταλάνιζον
772 3890 869 3955 οὓς
908 3889 1006 3961 τὴν
1039 3890 1212 3962 ἀρχὴν
1251 3890 1318 3943 δι’
1360 3889 1582 3959 ἄγνοιαν
1629 3892 1853 3963 μακαρί-

281 3984 392 4050 ζειν
423 3982 782 4037 ἐκινδύνευον.

348 4162 439 4217 111.
482 4162 580 4216 Ἕκ
608 4160 798 4223 παιδὸς
827 4154 919 4213 οὖν
948 4158 1163 4231 ἡλικίας
1182 4159 1259 4213 ὣν
1290 4160 1347 4213 ἐν
1391 4158 1655 4225 τοιούτοις
1698 4160 1849 4231 λογι-

284 4258 459 4325 σμοῖς,
490 4254 648 4325 χάριν
669 4253 761 4306 τοῦ
789 4252 977 4323 μαθεῖν
999 4270 1051 4305 τι
1079 4252 1310 4322 βέϐαιον,
1338 4253 1415 4316 είς
1440 4252 1537 4317 τὰς
1564 4254 1671 4307 τῶν
1702 4255 1851 4323 φιλο-

283 4350 460 4418 σόφων
482 4347 713 4417 ἐφοίτων
738 4345 1039 4417 διατριϐάς’
1069 4346 1160 4399 καὶ
1186 4346 1341 4399 οὐθὲν
1363 4346 1545 4418 ἕτερον
1577 4346 1781 4419 ἐώρων,
1813 4348 1848 4420 ἢ

158 4476 171 4493 .
280 4440 566 4510 δογμάτων
615 4437 918 4501 άνασκευὰς
956 4439 1049 4492 καὶ
1082 4437 1427 4501 κατασκευὰς
1456 4438 1548 4491 καλ¹
1581 4438 1723 4511 ἕρεις
1762 4439 1857 4493 καὶ

283 4531 613 4599 (φιλονεικίας
642 4531 735 4584 καὶ
780 4529 1145 4600 συλλογισμῶν
1192 4530 1385 4600 τέχνας
1428 4531 1520 4584 καὶ
1555 4530 1854 4601 λημμάτων

282 4623 554 4686 ἐπινοω·
592 4624 685 4675 xui.
715 4623 803 4676 ὁτὲ
826 4622 875 4653 ⁷⁵
904 4621 1002 4692 μὲν
1034 4622 1351 4692 ἐπεκράτει,
1387 4620 1519 4695 φέρε
1545 4621 1741 4691 λέγειν,
1769 4624 1851 4678 ὅτι

284 4716 551 4778 ἀθάνατος
571 4716 604 4786 ἡ
627 4715 793 4785 ψυχὴ,
817 4713 904 4767 ὁτὲ
924 4713 979 4766 δὲ
1008 4713 1087 4766 ὅτι
1114 4713 1298 4785 θνητή.
1329 4713 1397 4766 Εἴ
1427 4730 1555 4767 ποτε
1599 4710 1689 4767 οὖν
1729 4716 1856 4768 ἐπε-

286 4808 477 4879 κράτει
494 4807 650 4877 λόγος
670 4807 749 4861 ὅτι
772 4805 1051 4871 ἀθάνατος,
1070 4805 1302 4878 ἔχαιρον·
1317 4805 1473 4859 ὁπότε
1492 4806 1547 4859 δὲ
1566 4806 1645 4861 ὄτι
1666 4808 1852 4880 θνητὴ,

286 4899 626 4971 ιλυπούμην·
662 4898 845 4953 πλεῖον
872 4898 928 4951 δὲ
958 4898 1005 4930 ⁷⁸
1036 4898 1307 4969 ἠθύμουν,
1340 4899 1419 4952 ὅτι
1447 4899 1555 4952 οὐδ’
1596 4900 1853 4972 ὁπότερον

286 4992 368 5059 εἰς
392 4994 487 5049 τὸν
516 4992 649 5065 ἐμὸν
680 4992 973 5064 βεϐαιῶσαι
998 4991 1122 5045 νοῦν
1148 4991 1452 5065 ἠδυνάμην·
1486 4993 1626 5065 πλὴν
1656 4995 1704 5026 ⁷⁸
1730 5012 1853 5047 συν-

2494 1213 2772 1268 HOMILIA
2814 1214 3044 1271 PRIMA.

2031 1308 2072 1364 1.
2108 1307 2219 1375 Ego
2275 1308 2555 1372 Clemens,
2588 1309 2722 1363 civis
2775 1308 3094 1373 Romanus,
3127 1309 3359 1377 primam
3398 1320 3524 1366 aeta-

1961 1407 2066 1452 tem
2107 1400 2300 1469 pudice
2356 1414 2419 1453 ac
2475 1408 2840 1468 temperantur
2885 1399 3065 1454 vivere
3116 1400 3284 1464 valui,
3334 1416 3456 1455 cum
3488 1414 3524 1457 a

1958 1494 2187 1563 pueritia
2245 1508 2397 1546 mens
2445 1506 2563 1545 mea
2623 1503 2784 1561 atque
2842 1492 3099 1561 cogitatio
3165 1492 3523 1549 inhazrentem

1960 1582 2090 1635 mihi
2108 1582 2457 1651 cupiditatem
2487 1590 2734 1634 avocaret
2762 1582 2826 1635 ad
2861 1598 3122 1637 mmrures
3144 1592 3196 1637 et
3217 1584 3517 1641 molestias.

1961 1671 2143 1727 Inerat
2169 1673 2312 1727 enim
2344 1672 2731 1735 consideratio,
2762 1673 2949 1727 nescio
2977 1674 3119 1727 unde
3145 1674 3334 1729 oborta
3354 1716 3367 1739 ,
3399 1692 3522 1741 quas

1957 1766 2147 1819 crebro
2179 1764 2371 1818 mortis
2397 1764 2781 1818 commonebat
2811 1781 2822 1817 :
2847 1766 2991 1835 qttOd
3025 1766 3211 1833 utique
3238 1776 3355 1836 post
3373 1784 3523 1822 mor-

1956 1867 2063 1911 tem
2098 1870 2204 1910 non
2237 1856 2363 1919 sim,
2399 1872 2572 1925 neque
2613 1872 2841 1925 usquam
2871 1857 2977 1910 mei
3014 1859 3344 1914 mentionem
3369 1862 3524 1929 quis-

1956 1963 2119 2018 quam
2152 1947 2399 2001 facturus
2426 1948 2516 2013 sit,
2548 1948 2758 2001 scilicet
2803 1947 3072 2002 immenso
3104 1959 3349 2017 tempore
3378 1966 3519 2005 cun-

1955 2050 2162 2095 ctorum
2193 2050 2387 2094 cuncta
2424 2040 2480 2093 in
2512 2040 2837 2093 oblivionem
2863 2040 3180 2106 adducente,
3206 2042 3306 2094 sim
3339 2053 3521 2098 autem

1956 2144 2062 2183 non
2109 2129 2366 2193 existens,
2427 2144 2522 2182 eos
2555 2129 2645 2198 qui
2692 2138 2821 2184 sunt
2870 2144 2975 2181 non
3022 2144 3385 2197 cognoscens;
3420 2147 3523 2188 nec

1954 2235 2314 2289 c0gnoscens,
2348 2233 2446 2272 nec
2473 2218 2752 2288 cognitus;
2807 2220 3012 2289 quique
3069 2220 3374 2289 aliquando
3407 2237 3518 2276 non

1954 2310 2183 2375 fuerim,
2223 2320 2276 2364 et
2307 2318 2436 2363 tunc
2466 2325 2571 2362 non
2628 2310 2769 2364 sim?
2818 2310 2882 2364 Et
2928 2326 2995 2364 an
3047 2310 3221 2365 factus
3250 2311 3318 2365 sit
3363 2327 3523 2365 mun-

1953 2396 2095 2463 dus;
2133 2404 2187 2451 et
2218 2407 2505 2464 antequam
2539 2398 2717 2462 ﬁeret,
2751 2398 3010 2465 quidnam
3052 2398 3259 2452 fuerit?
3302 2397 3436 2453 Nam
3470 2398 3519 2453 si

1954 2502 2167 2556 semper
2196 2489 2433 2554 exstitit,
2466 2503 2677 2556 semper
2711 2489 2814 2541 erit
2847 2506 2860 2541 :
2900 2489 2944 2542 si
2976 2498 3157 2543 autem
3200 2488 3375 2543 factus
3403 2500 3518 2552 est,

1952 2578 2113 2633 etiam
2147 2580 2473 2635 dissolvetur
2504 2599 2517 2635 :
2544 2590 2596 2633 et
2629 2590 2751 2651 post
2800 2581 3215 2637 dissolutionem
3251 2584 3380 2653 quid
3414 2585 3522 2639 erit

1952 2669 2173 2735 iterum,
2214 2671 2317 2725 nisi
2352 2670 2489 2725 forte
2513 2671 2788 2725 silentium
2842 2681 2896 2725 et
2947 2673 3188 2727 oblivio?
3218 2673 3283 2727 Et
3333 2674 3520 2729 forsan

1951 2760 2055 2814 erit
2106 2760 2332 2831 aliquid,
2381 2760 2525 2831 quod
2558 2776 2703 2816 nunc
2752 2760 2993 2831 cogitare
3021 2770 3105 2817 est
3155 2762 3517 2831 impossibile.

2020 2889 2086 2944 ll.
2119 2889 2247 2946 Haec
2289 2902 2452 2961 atque
2502 2891 2587 2947 his
2634 2892 2835 2946 similia
2856 2934 2870 2959 ,
2895 2894 3081 2949 nescio
3112 2895 3274 2959 unde,
3310 2894 3518 2950 indesi-

1952 2991 2143 3037 nenter
2182 2983 2464 3053 cogitans,
2498 2983 2749 3037 acerbam
2788 2984 2924 3038 adeo
2967 2985 3083 3054 cepi
3119 2984 3396 3039 tristitiam
3420 3027 3434 3051 ,
3458 2994 3521 3041 ut

1951 3074 2208 3143 pallerem
2241 3090 2303 3130 ac
2328 3075 2704 3129 tabescerem:
2739 3083 2792 3129 et
2842 3075 2987 3144 quod
3040 3074 3515 3141 molestissimum,

1953 3166 1999 3220 si
2027 3165 2246 3235 quando
2275 3181 2393 3221 eam
2422 3165 2844 3221 sollicitudinem
2869 3174 3125 3235 tanquam
3158 3165 3402 3219 inutilem
3430 3180 3519 3218 re-

1952 3258 2153 3327 pellere
2182 3257 2476 3329 cogitarem
2498 3297 2513 3324 ,
2560 3256 2936 3311 vehementior
2965 3256 3139 3310 multo
3171 3272 3257 3309 me
3288 3254 3521 3325 urgebat

1952 3350 2177 3405 allectus
2212 3368 2225 3404 :
2257 3364 2486 3419 eamque
2512 3363 2625 3403 rem
2650 3362 2790 3419 azgre
2813 3347 3072 3413 ferebam,
3094 3346 3343 3401 nesciens
3371 3345 3518 3415 quod

1952 3440 2399 3495 contubernalem
2431 3438 2747 3509 prmelaram
2780 3437 3037 3492 haberem
3070 3452 3187 3490 eam
3233 3435 3519 3505 cogitatio-

1953 3548 2098 3599 nem,
2128 3547 2247 3602 quaa
2288 3530 2423 3585 mihi
2472 3530 2614 3585 bona
2658 3527 3081 3584 immortalitatis
3121 3527 3259 3580 foret
3309 3540 3514 3589 causa,

1952 3624 2408 3694 quemadmodum
2454 3630 2642 3693 postea
2678 3622 3008 3691 experientia
3049 3620 3280 3689 agnovi,
3316 3627 3371 3673 et
3405 3616 3517 3671 Deo

1952 3722 2275 3768 cunctorum
2308 3711 2541 3766 Domino
2573 3712 2780 3783 gratias
2824 3712 2932 3783 egi.
2987 3708 3124 3764 Cum
3151 3709 3296 3763 enim
3330 3722 3417 3761 me
3446 3707 3516 3760 ab

1952 3804 2109 3859 initio
2140 3806 2229 3860 illa
2257 3804 2622 3860 consideratio
2653 3814 2939 3872 premeret,
2962 3801 3029 3856 ad
3059 3818 3238 3856 rerum
3275 3799 3509 3870 inquisi-

1954 3896 2156 3951 tionem
2186 3904 2239 3949 et
2283 3895 2650 3949 inventionem
2692 3894 2876 3948 venire
2905 3902 3130 3948 coactus
3155 3909 3274 3946 sum
3307 3910 3320 3945 :
3348 3901 3509 3946 tunc-

1956 4002 2063 4057 quc
2094 3988 2323 4042 miseros
2348 3985 2589 4057 judicavi
2611 4024 2625 4051 ,
2657 4001 2795 4055 quos
2833 3984 3104 4055 principio
3128 3998 3225 4053 per
3257 3983 3515 4054 ignoran-

1955 4080 2087 4135 tiam
2111 4079 2296 4134 beatos
2326 4078 2620 4148 praadicare
2652 4092 2818 4131 ausus
2861 4074 3091 4130 fueram.
3202 4082 3207 4088 '

2025 4168 2113 4223 Ill.
2138 4170 2306 4239 Igitur
2329 4184 2451 4224 cum
2476 4185 2505 4223 a
2532 4168 2727 4238 puerili
2751 4176 2909 4221 artate
2928 4165 2980 4219 in
3012 4162 3323 4233 hujusmodi
3346 4161 3513 4233 dege-

1954 4277 2069 4317 rem
2103 4261 2554 4331 cogitationibus,
2584 4274 2693 4330 quo
2742 4258 2945 4329 aliquid
2977 4256 3107 4312 certi
3142 4254 3514 4318 addiscerem,

1957 4353 2022 4407 ad
2068 4353 2512 4423 philosophorum
2561 4351 2919 4406 adventabam
2974 4348 3223 4413 scholas;
3270 4346 3517 4415 nihilque

1955 4443 2100 4497 aliud
2140 4443 2462 4510 cernebam,
2519 4458 2682 4513 quam
2748 4440 3059 4512 dogmatum
3118 4436 3517 4493 destructiones

1951 4542 2005 4589 et
2066 4535 2463 4598 astructiones,
2512 4534 2639 4587 item
2692 4532 2815 4586 lites
2884 4539 2938 4585 et
2993 4528 3405 4589 contentiones,
3461 4534 3517 4577 et

1952 4626 2391 4698 syllogismorum
2430 4625 2680 4689 artificia,
2714 4639 2923 4678 necnon
2948 4624 3516 4691 sumptionum'exco-

1956 4718 2285 4789 gitationes:
2320 4726 2373 4772 et
2410 4716 2683 4772 interdum
2714 4715 2931 4787 quidem
2962 4712 3321 4785 praevalebat,
3362 4706 3513 4763 verbi

1955 4814 2148 4882 gratia,
2200 4812 2438 4866 animam
2487 4826 2607 4866 esse
2659 4807 3041 4873 immortalem,
3091 4804 3363 4859 interdum
3414 4814 3515 4854 au-

1956 4912 2064 4958 tem
2117 4904 2401 4957 mortalem
2457 4916 2600 4959 esse.
2654 4899 2711 4955 Si
2769 4897 2989 4970 quando
3029 4896 3193 4967 igitur
3238 4904 3419 4948 sermo
3445 4890 3519 4945 de

1957 4995 2105 5051 illius
2147 4995 2552 5051 immortalitate
2583 4992 2885 5057 obtinebat,
2917 4990 3181 5056 laetabar;
3223 5003 3347 5044 cum
3382 5000 3519 5040 vero

1578 5131 1811 5187 VARUS
1850 5134 2248 5190 LECTIONES.

361 5271 405 5304 ⁸⁷
448 5268 774 5339 Scripserim
814 5283 864 5322 c.
898 5266 942 5322 Ο
968 5267 1339 5339 δεδυνημένος,
1372 5266 1464 5322 sed
1492 5267 1669 5322 obstat
1697 5266 1790 5320 καί
1812 5268 2357 5336 copula‘praecedens.
2390 5267 2762 5339 Nominativus
2781 5264 3073 5339 absolutus
3094 5263 3289 5339 prima;
3308 5261 3513 5330 periodi

438 5407 594 5472 ὄντας
624 5408 687 5463 S.
728 5407 867 5479 Tum
893 5408 953 5460 οὐ
976 5408 1084 5479 γὰρ
1111 5407 1413 5479 γεγονώςίο
1442 5423 1524 5479 pr.
1554 5422 1700 5479 man.

292 5356 323 5395 e
362 5332 609 5412 ’graphes
646 5337 812 5392 modo
840 5339 936 5391 toti
961 5332 1259 5392 narrationi
1285 5339 1365 5391 ele
1404 5346 1557 5391 anter
1601 5332 1984 5407 praetigerciur.
2034 5332 2103 5371 ’⁸⁸
2134 5339 2348 5401 πάντως
2381 5339 2521 5409 conj.
2573 5339 2630 5392 S.
2708 5337 2751 5368 ”
2779 5335 3033 5390 Fortasse
3072 5332 3132 5388 οὗ
3165 5332 3226 5387 τά
3256 5332 3384 5386 ὄντα
3418 5349 3512 5401 pro

292 5356 393 5463 es;
438 5411 594 5463 ὄντας
624 5408 687 5463 S.
728 5407 867 5461 Tum
893 5408 953 5460 οὐ
976 5408 1084 5463 γὰρ
1111 5354 1413 5463 γεγονώςὸ
1442 5423 1524 5463 nr.
1554 5422 1700 5460 man.
1776 5408 1822 5439 '°
1852 5407 1957 5463 ἇοα
1985 5407 2051 5463 C.
2124 5410 2167 5439 '”
2202 5411 2295 5461 καὶ
2326 5410 2357 5463 ἧ
2387 5407 2449 5463 Ο.
2524 5409 2569 5441 τ’
2590 5406 2798 5463 ἀγαθῆς
2824 5404 2887 5461 C.
2965 5403 3307 5463 ⁷³γενομένην
3338 5402 3399 5456 (Σο
3432 5404 3511 5463 τῷ

292 5426 393 5463 ουκ
438 5426 594 5472 οντας
624 5426 687 5463 δ.
730 5426 762 5461 νι
779 5426 867 5461 um
893 5426 953 5460 ου
976 5426 1084 5479 γαρ
1111 5426 1345 5476 γεγονως
1369 5426 1413 5461 υ
1442 5426 1524 5474 pr.
1554 5426 1700 5460 man.
1783 5426 1822 5439 ’ν
1852 5426 1957 5479 αρα
1985 5426 2051 5464 ι...
2130 5426 2167 5439 ἰ
2202 5426 2295 5461 και

296 5491 419 5545 ante
447 5480 665 5532 πάντων
696 5478 897 5532 excidit
917 5493 947 5531 e
973 5479 1285 5536 recensione
1311 5476 2005 5545 Clerico-Schwegleriana.
2109 5479 2156 5510 "
2188 5479 2276 5532 ὁτὲ

2387 5407 2449 5463 Ο.
2482 5402 2498 5409 ⁷
2524 5409 2569 5441 ⁷⁸
2590 5406 2798 5475 ἀγαθῆς
2965 5403 3307 5475 ⁷³γενομένην
3432 5404 3499 5475 cf;

2109 5410 2167 5510 ,7:
2202 5411 2295 5461 καὶ
2311 5407 2449 5543 ἐς).
2482 5404 2497 5409 ’
2524 5409 2569 5441 τ’
2590 5406 2798 5529 ἀγαθῖξ
2824 5404 2887 5461 C.
2965 5404 3307 5488 ⁷³γενομέην
3338 5404 3399 5456 C.
3432 5404 3511 5473 τῷ

2188 5479 2276 5532 ὁτὲ
2380 5497 2504 5530 ν-
2532 5478 2619 5530 ὁτὲ
2658 5476 2715 5530 δέ
2806 5474 2872 5539 0,
2919 5475 3005 5529 ὅτε
3040 5472 3415 5543 μὲν-οτεδέ
3443 5472 3504 5527 C.

302 5543 439 5618 :"lta
483 5551 663 5604 locum
714 5547 901 5618 sanavi
930 5563 996 5618 ex
1027 5546 1090 5601 Ο.
1120 5546 1295 5618 Prope
1348 5548 1557 5618 accedit
1617 5542 1880 5618 Epitome,
1927 5563 2091 5616 quam
2142 5542 2930 5618 admonente_Cotelerio_S_in
2974 5542 3236 5618 auxilium
3270 5543 3503 5597 vocavit.

297 5616 429 5673 V'bb.
454 5621 535 5672 ὅτι
566 5618 760 5689 θνητὴ,
795 5617 1129 5689 ἐλυπούμην-
1165 5610 1345 5689 πλεῖον
1378 5618 1435 5689 δὲ
1461 5610 1702 5687 ήθύμούν
1734 5610 2022 5673 desunt-in
2054 5630 2200 5674 textu
2231 5618 2311 5672 Ci.
2356 5688 2361 5689 ί
2390 5618 2437 5649 ⁷⁸
2476 5616 2705 5689 Rutilius
2747 5616 2946 5669 clarius
2977 5629 2990 5665 :
3024 5610 3114 5665 sed
3134 5614 3243 5689 _hoc
3293 5620 3508 5689 tantum

296 5681 669 5759 intelligebam,
694 5681 837 5759 quod
868 5681 1135 5759 sententia:
1161 5703 1223 5741 ac
1246 5681 1583 5756 deﬁnitiones
1602 5703 1773 5741 rerum
1806 5702 1907 5741 non
1937 5704 2033 5757 pro
2061 5699 2257 5745 natura
2281 5688 2365 5744 sui
2397 5704 2459 5742 ac
2482 5688 2701 5742 veritate
2725 5697 3025 5747 causarum,
3056 5681 3143 5735 sed
3170 5697 3263 5754 pro
3289 5682 3506 5755 ingentia

306 5756 690 5830 defendentium
710 5756 870 5829 falsa:
897 5757 1313 5829 imaginarentur
1336 5766 1605 5831 autyerw.
