4068 6338
524 320 593 380 59
1405 326 1461 382 S.
1501 326 1888 385 CLEMENTIS
1928 329 1950 383 l
1987 331 2154 385 ROM.
2189 328 2387 385 ΡΟΝΤ.
2423 329 2649 384 OPERA
2686 331 2916 388 DUBIA.
3683 327 3754 382 συ

527 456 712 500 sermo
754 442 824 498 de
853 441 1216 505 mortalitate,
1264 440 1439 497 tristis
1479 457 1628 498 eram
1662 459 1675 495 ε
1704 444 1878 514 magis
1908 453 2087 500 autem

2201 446 2370 499 ενόουν
2429 446 2510 500 ὅτι
2568 447 2624 499 αί
2695 446 2843 510 δόξαι
2895 444 3003 506 τῶν
3067 444 3372 501 ὑποθέσεων
3425 449 3577 522 παρὰ
3629 449 3756 515 τοὺς

529 551 723 591 rursus
754 535 999 589 animum
1032 533 1442 604 despondebam
1466 575 1482 600 ,
1513 536 1658 605 quod
1689 545 1939 591 neutrum
1968 552 2096 607 pos-

529 643 644 683 sem
669 627 836 681 menti
859 641 994 681 mea;
1016 625 1236 696 inﬁgere
1263 645 1276 680 :
1299 642 1487 681 verum
1515 628 1830 696 reputabam
1855 645 2088 693 mecum,

530 718 831 774 sententias
885 719 1382 772 controversiarum
1411 735 1507 788 pro
1537 720 1744 775 viribus
1785 737 2086 791 propugna-

530 817 710 862 torum
735 823 893 862 veras
921 816 1018 862 aut
1055 807 1218 862 falsas
1242 809 1542 863 existimari
1565 851 1579 873 ,
1615 825 1722 864 non
1747 820 1925 865 autem
1957 813 2093 866 tales

529 899 926 969 videri,quales
942 915 1128 954 revera
1148 908 1292 954 sunt.
1316 899 1431 954 Jam
1466 901 1628 970 igitur
1660 902 2093 956 animadvertens

534 993 1072 1061 comprehensionem
1101 1007 1206 1045 non
1232 993 1360 1046 oriri
1396 1008 1461 1046 ex
1484 993 1647 1046 rebus
1673 993 1738 1046 ad
1779 994 2090 1063 agitandum

531 1083 846 1153 propositis,
901 1083 993 1137 sed
1047 1097 1145 1151 pro
1208 1083 1430 1150 ingenio
1479 1084 1873 1150 disputantium
1929 1085 2094 1138 statui

531 1174 807 1243 dogmata,
844 1174 1025 1228 adhuc
1075 1174 1247 1251 magis
1297 1176 1446 1228 hisce
1500 1173 1566 1228 de
1597 1175 1760 1230 rebus
1805 1175 2094 1246 perplexus

532 1265 846 1319 haerebam:
887 1281 1056 1335 quare
1105 1281 1170 1319 ex
1228 1267 1424 1320 anima:
1472 1267 1746 1337 profundo
1782 1271 2090 1340 gemebant;

533 1373 710 1427 neque
746 1358 889 1412 enim
944 1367 1185 1428 poteram
1231 1357 1372 1411 ﬁrmi
1418 1360 1622 1430 aliquid
1655 1362 1965 1430 decernere,
2002 1380 2096 1418 ne-

533 1462 640 1515 que
663 1447 730 1501 de
768 1447 887 1500 istis
912 1447 1333 1501 sollicitudinem
1361 1447 1606 1500 valebam
1635 1449 1902 1518 depellere
1921 1490 1936 1513 ,
1960 1451 2093 1516 etsi,

533 1538 990 1608 quemadmodum
1015 1537 1126 1590 dixi
1147 1545 1325 1596 antea.
1350 1536 1402 1589 id
1428 1537 1614 1590 vellem
1639 1556 1652 1604 ;
1674 1539 1954 1608 quoniam,
1971 1555 2095 1594 cum

533 1629 667 1682 mihi
718 1627 1035 1698 frequenter
1086 1627 1323 1696 quietem
1362 1625 1730 1696 imperarem,
1769 1630 1956 1684 nescio
1983 1645 2095 1700 quo

533 1721 696 1775 modo
745 1721 974 1774 latenter
1021 1720 1216 1773 horum
1267 1735 1393 1773 cum
1451 1722 1726 1793 voluptate
1760 1722 1975 1776 subibat
2011 1738 2098 1777 me

533 1813 814 1881 cogitatio.

607 1923 696 1981 IV.
721 1925 787 1980 Et
813 1929 1005 1983 iterum
1036 1929 1294 1986 haasitans
1316 1931 1559 1985 dicebam
1591 1929 1734 1999 apud
1783 1945 1870 1984 me
1901 1947 1914 1983 :
1956 1928 2099 1996 Quid

539 2016 776 2071 inaniter
811 2021 999 2075 laboro
1027 2064 1041 2088 ,
1080 2039 1202 2076 cum
1263 2022 1553 2078 manifesta
1599 2023 1672 2078 sit
1694 2024 1819 2078 res?
1848 2022 2002 2089 Quod
2053 2022 2099 2079 si

537 2113 754 2181 quidem
781 2124 904 2184 post
930 2125 1156 2170 mortem
1199 2132 1303 2170 non
1333 2133 1449 2183 ero,
1483 2133 1627 2171 nunc
1655 2159 1670 2184 ,
1702 2117 1922 2186 quando
1954 2132 2097 2183 sum,

536 2207 850 2261 contristari
889 2224 974 2262 me
1007 2225 1112 2260 non
1146 2217 1380 2278 oportet.
1424 2207 1689 2274 Quocirca
1733 2211 2006 2266 tristitiam
2033 2214 2101 2265 ad

538 2298 688 2353 illum
712 2301 852 2354 diem
880 2301 1188 2366 reservabo,
1215 2302 1267 2354 in
1290 2318 1418 2371 quo,
1443 2319 1566 2356 cum
1598 2302 1812 2356 futurus
1835 2320 1940 2356 non
1972 2303 2099 2368 sim,

538 2409 644 2447 non
678 2394 1061 2448 contrislabor.
1126 2391 1183 2446 Si
1232 2404 1410 2447 autem
1445 2409 1539 2448 ero
1568 2435 1584 2460 ,
1624 2411 1722 2449 cur
1770 2411 1914 2450 nunc
1964 2396 2101 2450 mihi

538 2484 813 2554 superﬂuo
846 2486 987 2540 inest
1013 2485 1268 2538 tristitia?
1311 2485 1622 2555 Statimque
1653 2496 1838 2555 postea
1879 2487 1984 2540 alia
2016 2502 2102 2542 me

539 2576 707 2630 subiit
731 2577 1011 2644 cogitatio.
1043 2577 1297 2632 Dicebam
1321 2579 1523 2648 quippe
1548 2594 1561 2629 :
1593 2577 1786 2630 Annon
1816 2578 1924 2632 illic
1947 2579 2102 2647 pejus

538 2669 815 2737 quidpiam
850 2685 915 2723 eo
938 2671 1083 2738 quod
1117 2687 1202 2724 me
1239 2687 1385 2726 nunc
1406 2669 1636 2734 cruciat,
1666 2685 1928 2738 passurus
1956 2686 2098 2738 sum,

539 2764 584 2816 si
616 2763 702 2834 pie
762 2779 868 2817 non
901 2764 1110 2831 vixero,
1142 2781 1207 2820 ac
1245 2765 1542 2820 secundum
1579 2763 1938 2834 quorumdam
1975 2764 2100 2833 phi-

540 2854 889 2923 losophorum
916 2872 1196 2912 sermones
1255 2856 1755 2928 Pyriphlegethonti
1807 2855 2100 2911 tradendus

540 2963 660 3001 sum
684 2957 738 3000 et
755 2949 1002 3014 Tartaro,
1023 2949 1478 3018 quemadmodum
1508 2949 1775 3021 Sisyphus
1798 2950 1879 3003 vel
1911 2947 2099 3019 Tityus

539 3041 622 3091 Vel
656 3037 804 3092 Ixion
832 3041 913 3094 vel
965 3039 1250 3106 Tantalus,
1285 3053 1446 3111 atque
1481 3041 1533 3094 in
1594 3041 1806 3096 inferno
1838 3038 2098 3096 aeternum

2191 537 2534 600 ὲκδικοῦντας
2590 537 2806 607 ψευδεῖς
2878 538 2911 608 ἢ
2971 537 3188 609 ἀληθεῖς
3247 539 3715 610 ὑπολαμϐάνονται
3737 582 3755 607 ,

2191 630 2285 682 καὶ
2317 630 2414 700 οὐχ
2445 631 2521 692 ὡς
2551 628 2764 699 ἔχουσιν
2792 629 3048 701 ἀληθείας
3082 631 3378 700 φαίνονται.
3428 631 3760 705 Ἐπιστήσας

2192 718 2283 775 οῦν
2313 723 2411 793 ἤδη
2440 722 2570 775 ποτὲ
2601 723 2682 776 ὅτι
2711 723 2774 776 οὐ
2803 722 2954 794 παρὰ
2979 723 3077 787 τὰς
3106 724 3488 795 ὲκδικουμένας
3515 726 3760 795 2715m-

2193 813 2426 885 θέσειςή
2461 815 2762 886 κατάληψις
2812 815 3057 884 γίνεται,
3087 815 3222 869 ἀλλὰ
3269 817 3419 886 παρὰ
3460 819 3587 881 τοὺς
3611 818 3756 874 ἐκδι-

2194 907 2420 970 κοῦντας
2447 909 2503 961 αἱ
2529 907 2672 974 δόξαι
2699 908 3061 980 ἀποφέρονται
3089 911 3154 973 ⁷⁷,
3179 909 3256 962 ἔτι
3289 909 3485 980 μᾶλλον
3515 911 3758 979 ἰλιγγιῶν

2194 1000 2250 1053 ὲν
2309 1002 2420 1062 τοῖς
2475 1000 2813 1072 πράγμασιν.
2857 1000 2948 1053 Διὸ
2986 1003 3049 1054 ὲκ
3093 1001 3186 1054 τοῦ
3221 1002 3320 1072 τῆς
3348 1003 3526 1074 ψυχῆς
3564 1003 3759 1073 βάθους

2195 1091 2494 1156 ὲστέναζονσ
2542 1091 2665 1145 οὔτε
2713 1093 2824 1164 γάρ
2869 1110 2946 1145 τι-
2970 1092 3259 1163 βεϐαιῶσαι
3295 1089 3406 1157 οἷός
3437 1097 3483 1147 τ’
3513 1095 3558 1127 ⁷⁸
3587 1097 3758 1168 ήμην,

2193 1181 2315 1236 οὔτε
2344 1185 2442 1254 τὴν
2473 1183 2580 1237 τῶν
2617 1184 2871 1238 τοιούτων
2910 1186 3162 1257 φροντίδα
3209 1187 3598 1241 ἁποσείσασθαι
3637 1189 3760 1241 ὲδυ-

2194 1274 2371 1346 νάμην
2391 1315 2403 1338 ,
2428 1275 2628 1348 καίπερ
2660 1275 3007 1346 βουλόμενος,
3044 1277 3119 1340 ὡς
3141 1278 3186 1309 τ’
3203 1277 3416 1346 φθάσας
3447 1275 3618 1332 εἷπον·
3677 1281 3758 1333 ὅτι

2196 1366 2413 1438 ἐμαυτῷ
2467 1368 2791 1440 πυκνότερον
2843 1369 3135 1440 ἡσυχάζειν
3188 1371 3600 1436 ἐπιτάσσοντος,
3659 1372 3761 1427 οὐκ

2194 1454 2288 1512 οἷδ’
2320 1460 2466 1523 ὅπως
2497 1460 2542 1492 ⁸⁵
2571 1459 2934 1525 λανθανόντως
2959 1461 3072 1532 μεθ’
3089 1460 3280 1534 ἡδονῆς
3311 1462 3340 1516 ὁ
3370 1462 3477 1516 τῶν
3506 1463 3762 1518 τοιούτων

2200 1567 2266 1621 με
2300 1552 2580 1623 εἰσήρχετο
2610 1552 2889 1623 λογισμός.

2267 1918 2356 1977 IV.
2387 1921 2499 1977 Καὶ⁹
2530 1923 2690 1977 πάλιν
2712 1923 3080 1997 ἀπορούμενος
3098 1924 3280 1996 ἔλεγον
3301 1927 3548 2000 ἑμαυτιῖν
3567 1928 3633 1983 Τί
3656 1947 3760 2001 μα-

2197 2015 2488 2082 ταιοπονῶ,
2531 2017 2734 2086 σαφοῦς
2772 2019 2921 2081 ὄντος
2950 2018 3044 2071 τοῦ
3075 2019 3432 2091 πράγματος;
3471 2022 3551 2075 ὅτι
3584 2023 3633 2075 εί
3665 2023 3763 2094 μὲν

2201 2105 2373 2161 Θανὼν
2391 2107 2490 2162 οὔκ
2507 2108 2641 2180 εἰμι,
2655 2108 2750 2163 νῦν
2769 2108 2897 2164 ὄντα
2921 2127 2986 2181 με
3004 2109 3288 2164 λυπεῖσθαι
3318 2112 3378 2165 ού
3401 2112 3671 2185 προσῆκεν
3690 2114 3758 2166 ⁸⁸.

2202 2199 2293 2253 Διὸ
2325 2202 2546 2273 τηρήσω
2575 2200 2637 2254 τῦ
2684 2200 2974 2254 λυπεῖσθαι·
3013 2203 3092 2265 είς
3123 2202 3220 2274 τὴν
3247 2201 3366 2255 τότε
3389 2243 3404 2268 ,
3439 2203 3526 2256 ὅτε
3559 2204 3657 2258 ούκ
3689 2205 3763 2258 ὢν

2201 2292 2262 2344 ού
2295 2291 2697 2370 λυπηθήσομαι.
2733 2293 2801 2346 Εἰ
2824 2293 2867 2346 δ’
2892 2295 2999 2365 ἄρα
3029 2294 3164 2364 είμὶ,
3195 2294 3248 2346 τί
3269 2293 3363 2347 νῦν
3396 2294 3460 2348 ὲκ
3505 2294 3762 2362 περισσοῦ

2205 2399 2292 2453 μοι
2323 2383 2579 2455 πρόσεστι
2611 2385 2670 2437 τὸ
2696 2384 3020 2449 λυπεῖσθαι;
3055 2385 3163 2438 Καὶ
3195 2384 3396 2448 εὐθέως
3444 2386 3578 2457 μετὰ
3608 2385 3766 2440 τοῦτο

2201 2473 2385 2544 ἕτερός
2418 2492 2484 2546 με
2511 2474 2679 2545 εἰσῄει
2710 2475 2986 2547 λογισμός.
3025 2475 3250 2546 Ἔλεγον
3271 2477 3414 2548 γάρ’,
3432 2479 3520 2550 Μή
3553 2477 3604 2531 τί
3634 2477 3678 2510 ⁸³
3699 2495 3763 2548 γε

2200 2564 2293 2617 τοῦ
2331 2564 2425 2618 νῦν
2473 2584 2538 2637 με
2585 2565 2882 2631 λυποῦντος
2931 2570 3047 2621 ἐκεῖ
3089 2571 3266 2642 χεῖρον
3296 2571 3486 2624 παθεῖν
3530 2572 3656 2643 ἔχω,
3689 2574 3762 2644 μὴ

2205 2657 2480 2728 βεϐιωκὼς
2520 2660 2758 2723 εὐσεϐῶς
2780 2700 2794 2725 ,
2834 2661 2928 2715 καὶ
2965 2663 3408 2734 παραδοθήσομαι
3458 2666 3576 2717 κατ’
3609 2665 3764 2718 ἐνίων

2204 2749 2499 2819 φιλοσόφων
2531 2751 2718 2820 λόγους
2758 2752 3206 2824 Πυριφλεγέθοντι
3257 2755 3350 2807 καὶ
3394 2755 3659 2827 Ταρτάρῳ
3691 2757 3774 2820 ὡς

2206 2841 2436 2912 Σίσυφος
2465 2843 2498 2908 ἢ
2521 2845 2713 2907 Τιτυὸς
2745 2845 2791 2876 ⁸⁸
2823 2844 2854 2916 ἢ
2904 2845 3068 2909 Ἰξίων
3115 2845 3148 2918 ἥ
3197 2846 3486 2910 Τάνταλος.
3525 2849 3618 2902 καὶ
3652 2849 3772 2901 ἐσο-

2211 2951 2306 3004 μαι
2322 2935 2378 2988 ὲν
2398 2935 2522 3006 ᾇδου
2536 2935 2624 2988 τὸν
2636 2935 2805 2989 αἰῶνα
2823 2935 3200 3006 κολαζόμενος
3221 2939 3387 2991 Πάλιν
3399 2939 3446 2970 ⁸⁸
3461 2957 3517 2991 τε
3532 2939 3767 2993 ἀνθυπὲ-

2213 3042 2394 3096 φερον,
2428 3026 2617 3095 λέγων’
2637 3027 2775 3080 Ἀλλ’
2795 3028 2892 3080 οὐκ
2912 3028 3028 3082 ἐστι
3048 3028 3236 3082 ταῦτα.
3260 3031 3368 3082 Καὶ
3388 3031 3544 3082 πάλιν
3562 3029 3766 3098 ἔλεγονο

540 3133 775 3201 puniar‘?
799 3132 1105 3201 Iterumque
1128 3133 1454 3202 replicabam
1481 3133 1694 3187 dicens:
1733 3132 1837 3186 Sed
1867 3133 1970 3187 ista
1995 3148 2099 3187 non

2212 3119 2274 3170 Et
2301 3117 2357 3170 δὲ
2376 3118 2540 3185 ἕστιν;
2574 3119 2790 3192 Ἀδήλου
2811 3121 2857 3151 ⁸⁵
2877 3116 2966 3174 οὖν
2990 3121 3139 3184 ὄντος
3168 3121 3260 3174 τοῦ
3289 3121 3625 3192 πράγματος,
3651 3122 3770 3176 ἔλε-

543 3232 694 3279 sunt.
734 3223 1052 3294 Rursusque
1083 3225 1331 3278 aiebam:
1367 3226 1432 3277 At
1459 3225 1504 3278 si
1533 3234 1679 3278 sunt.
1730 3223 1866 3278 Cum
1914 3224 2099 3294 igitur,

543 3314 876 3385 inquiebam,
911 3317 1113 3370 incerta
1140 3333 1227 3370 res
1256 3317 1345 3382 sit,
1378 3318 1548 3371 multo
1576 3317 1750 3386 magis
1778 3326 1928 3370 extra
1962 3317 2104 3386 peri-

541 3409 724 3463 eulum
780 3417 861 3463 est
916 3409 1000 3477 pie
1060 3423 1145 3460 me
1198 3408 1396 3461 vivere.
1468 3407 1532 3461 Et
1560 3424 1669 3477 quo
1702 3408 2103 3476 pactojustitite

545 3503 744 3572 gratia,
774 3502 838 3555 ad
873 3502 1134 3556 incertam
1169 3501 1464 3570 respiciens
1493 3516 1664 3569 spem,
1690 3508 1879 3570 potero
1909 3517 2104 3570 corpo-

545 3596 620 3650 ris
652 3596 956 3664 voluptates
987 3593 1384 3664 comprimere?
1425 3593 1529 3647 Sed
1587 3609 1686 3648 nec
1728 3595 1986 3664 quidnam
2034 3594 2106 3648 sit

540 3688 746 3758 justum
781 3686 888 3740 Deo
921 3696 1242 3756 acceptum,
1294 3688 1451 3756 plene
1501 3697 1758 3757 certoque
1805 3687 1950 3751 novi,
2006 3702 2105 3742 nec

547 3792 726 3834 utrum
752 3781 933 3833 anima
966 3780 1290 3834 immortalis
1320 3781 1391 3833 sit
1413 3795 1706 3849 cognosco,
1731 3796 1798 3834 au
1834 3779 2102 3834 mortalis:

544 3891 722 3944 neque
755 3875 858 3927 ulla
893 3882 1040 3928 certa
1069 3872 1208 3927 ratio
1232 3872 1524 3937 invenitur,
1558 3886 1734 3942 neque
1768 3871 1868 3926 hos
1909 3870 2105 3926 mentis

542 3976 722 4022 motus
749 3967 939 4020 sedare
969 3980 1210 4034 possum.

619 4057 680 4111 V.
706 4057 845 4124 Quid
879 4057 1044 4127 igitur
1097 4073 1183 4110 me
1218 4059 1394 4111 facere
1424 4063 1659 4126 oportet,
1693 4054 1798 4109 nisi
1856 4053 1998 4108 hoc?
2045 4053 2102 4107 In

543 4147 838 4218 ngyptum
871 4149 1204 4218 proﬁciscar,
1238 4158 1291 4203 et
1315 4148 1596 4218 adytorum
1631 4146 2003 4214 hierophantis
2043 4161 2106 4201 ac

543 4243 822 4310 prophetis
852 4241 1062 4295 amicus
1089 4241 1326 4306 elliciar;
1377 4254 1644 4309 magoque
1669 4237 1899 4308 quaesito
1939 4248 1992 4292 et
2025 4239 2107 4291 in-

543 4343 706 4386 vento
735 4334 902 4386 multa
929 4335 1155 4402 pecunia
1190 4331 1544 4400 persuadebo,
1579 4339 1636 4383 ut
1674 4329 1868 4383 anima:
1915 4344 2106 4382 evoca-

544 4425 770 4488 tionem,
823 4441 984 4493 quam
1014 4425 1441 4480 necromantiatu
1475 4433 1691 4488 vocant,
1742 4421 1927 4486 faciat,
1981 4431 2103 4474 tan-

544 4531 707 4585 quam
742 4517 988 4570 videlicct
1013 4533 1112 4586 ego
1142 4517 1207 4572 de
1241 4517 1424 4585 aliquo
1447 4515 1662 4586 negotio
1693 4515 1971 4569 scisciter:
2001 4515 2104 4567 erit

544 4620 725 4664 autem
779 4610 1152 4679 interrogatio,
1208 4619 1269 4664 ut
1322 4611 1526 4664 discam
1583 4617 1768 4662 utrum
1801 4607 1978 4660 anima
2031 4605 2104 4659 sit

546 4703 891 4758 immortalis.
917 4702 985 4755 At
1016 4702 1298 4770 responsio
1324 4702 1521 4755 anima:
1550 4701 1616 4755 dc
1644 4717 1740 4755 sua
1777 4698 2099 4754 immortali-

544 4803 656 4849 tate
680 4811 785 4849 non
815 4811 882 4850 ex
911 4795 1124 4864 loquela
1163 4796 1332 4864 ipsius
1385 4803 1479 4848 aut
1517 4810 1635 4848 mea
1680 4793 1956 4848 auditione
1999 4792 2103 4846 erit

546 4887 681 4942 mihi
707 4900 1004 4958 comperta,
1039 4889 1131 4943 sed
1179 4905 1242 4942 ex
1293 4887 1405 4943 sola
1435 4887 1681 4954 visione;
1732 4895 1792 4940 ut
1837 4885 1922 4940 bis
1969 4885 2102 4954 ipsis

2202 3227 2326 3279 γον,
2359 3211 2762 3282 ἀκινδυνότερον
2795 3213 2909 3265 ὲστι
2938 3213 3133 3283 μᾶλλον
3182 3212 3418 3277 εὐσεϐῶς
3450 3212 3641 3282 βιῶσαί
3679 3230 3769 3283 με.

2202 3301 2312 3354 Καὶ
2338 3301 2455 3366 πῶς
2489 3303 2598 3372 28
2628 3303 2924 3375 δυνήσομαι
2953 3303 3046 3356 τοῦ
3069 3302 3274 3356 δικαίου
3307 3303 3483 3375 χάριν,
3523 3305 3602 3367 είς
3641 3304 3768 3375 ἄδη-

2202 3391 2291 3445 λον
2309 3392 2495 3446 ἐλπίδα
2514 3393 2752 3466 ἀφορῶν,
2777 3395 2885 3448 τῶν
2903 3394 2996 3448 τοῦ
3021 3394 3268 3466 σώματος
3290 3398 3510 3468 κρατεῖν
3533 3395 3766 3468 ήδονῶν;

2217 3483 2354 3537 Ἀλλ’
2374 3485 2493 3538 οὐδὲ
2513 3486 2565 3539 τί
2599 3487 2728 3540 ποτέ
2747 3488 2861 3540 ἐστι
2881 3486 3084 3540 δίκαιον
3105 3486 3336 3560 ἄρεσκον
3358 3488 3404 3519 ⁸⁸
3432 3487 3548 3559 Θεῷ
3571 3485 3771 3556 πεπλη-

2208 3577 2531 3648 ροφόρημαι,
2559 3577 2680 3632 οὗτε
2713 3581 2761 3632 εί
2793 3581 2826 3651 ὴ
2859 3580 3004 3650 ψυχὴ
3039 3579 3302 3642 ἀθάνατος
3332 3580 3365 3651 ἦ
3408 3579 3575 3651 θνητὴ
3605 3577 3769 3648 γινώ·

2206 3686 2338 3723 σκω⁸
2367 3669 2488 3723 οὔτε
2524 3688 2606 3734 τις
2647 3670 2804 3740 λόγος
2838 3671 3048 3741 βέϐαιος
3094 3673 3402 3744 εὑρίσκεται
3427 3713 3441 3738 ,
3491 3671 3615 3724 οὒτε
3661 3670 3770 3726 τῶν

2202 3765 2457 3818 τοιούτων
2488 3764 2758 3836 λογισμῶν
2787 3763 3075 3836 ἡσυχάζειν
3108 3763 3358 3836 δύναμαι.

2274 4050 2341 4106 V.
2369 4051 2433 4104 Τί
2467 4043 2558 4105 οῦν
2603 4050 2706 4123 χρὴ
2753 4051 2988 4123 ποιεῖνῆ
3038 4048 3196 4104 τοῦτο
3227 4052 3305 4116 ⁸⁷;
3352 4052 3445 4115 Εἰς
3495 4053 3768 4121 Αἴγυπτον

2205 4144 2576 4218 πορεύσομαι,
2613 4146 2840 4208 καὶτοῖς
2867 4146 2973 4198 τῶν
3013 4143 3218 4198 ἀδύτων
3259 4144 3599 4216 ἱεροφάνταις
3632 4163 3692 4198 τε
3719 4146 3767 4179 ⁸⁸

2205 4237 2301 4292 καὶ
2329 4238 2631 4308 προφήταις
2662 4237 3076 4309 φιλιωθήσομαι,
3099 4237 3192 4291 καὶ
3214 4238 3384 4308 μάγον
3419 4237 3655 4310 ζητήσας
3674 4240 3766 4293 καὶ

2205 4327 2378 4401 εὑρὼν
2408 4329 2650 4400 χρήμασι
2679 4328 2891 4393 πολλοῖς
2910 4329 3080 4382 πείσω
3101 4368 3116 4393 ,
3137 4329 3284 4392 ὅπως
3314 4329 3490 4401 ψυχῆς
3521 4331 3767 4401 ἀναπομ-

2207 4422 2336 4493 πὴν,
2365 4421 2461 4493 τὴν
2492 4419 2789 4491 λεγομένην
2829 4421 3250 4491 νεκρομαντείαν
3279 4421 3322 4452 θ’
3358 4423 3574 4494 ποιήσῃ,
3630 4422 3763 4492 ἐμοῦ

2206 4513 2280 4575 ὼς
2314 4512 2440 4583 περὶ
2471 4511 2790 4583 πράγματός
2818 4528 2959 4575 τινος
2978 4512 3395 4583 πυνθανομένου·
3433 4512 3542 4584 ἡδὲ
3576 4514 3766 4578 πεῦσις

2204 4603 2357 4670 ἔσται¹
2385 4602 2623 4672 περὶτοῦ
2656 4603 2842 4675 μαθεῖν
2862 4605 2908 4655 εί
2941 4603 3201 4667 ἀθάνατος
3222 4605 3254 4674 ἡ
3278 4603 3442 4674 ψυχή.
3481 4605 3544 4657 Ἠ
3577 4605 3632 4658 δὲ
3667 4606 3766 4676 τῆς

2202 4695 2378 4767 ψυχῆς
2421 4697 2737 4769 ἀπόκρισις,
2780 4697 2860 4749 ὅτι
2909 4694 3171 4758 ἀθάνατός
3219 4696 3400 4762 ἐστιν,
3435 4698 3535 4750 οὐκ
3578 4699 3641 4750 ὲκ
3668 4697 3763 4752 τοῦ

2202 4791 2430 4864 λαλῆσαι
2463 4791 2495 4863 ἢ
2529 4792 2622 4845 καὶ
2652 4789 2882 4844 ἀκοῦσαι
2910 4788 3061 4841 ἔσται
3090 4789 3135 4821 ⁹⁰
3170 4807 3257 4862 μοι
3282 4790 3500 4859 γνῶναι,
3551 4791 3664 4844 ἀλλ’
3699 4793 3764 4845 ὲκ

2201 4884 2294 4937 τοῦ
2326 4884 2550 4958 ὀφθῆναι
2577 4882 2750 4955 μόνον,
2785 4881 3088 4946 ῖνα,αὐτοῖς
3111 4882 3401 4954 ὀφθαλμοῖς
3423 4881 3542 4936 ἰδὼν
3571 4884 3762 4956 αὐτὴν,

1843 5045 2074 5103 VARUE
2112 5043 2510 5102 LECTIONES.

615 5163 662 5251 ἰς
702 5160 803 5216 ilic
835 5179 1051 5252 qluoqqe
1103 5163 1410 5252 legendum“
1429 5172 1511 5252 est
1555 5161 1958 5252 ἀπορραίνονται,
2009 5170 2072 5216 ιιι
2099 5161 2248 5252 Epit.
2291 5171 2410 5252 cap.
2449 5161 2482 5214 3
2515 5160 2628 5252 ἐξ.
2653 5158 2703 5252 ’ξ
2725 5158 2786 5252 τε
2831 5158 3198 5252 gnS-ubi-nde!
3212 5157 3662 5252 pessumo-33:5

546 5235 594 5272 ⁷⁸
622 5233 698 5296 ὡς
726 5248 835 5286 om.
857 5231 925 5289 ⁷0.
963 5231 978 5234 ⁷
999 5234 1044 5266 ⁸ο
1075 5231 1194 5299 οἶδά
1226 5252 1341 5303 πως
1372 5234 1432 5289 C.
1459 5233 1594 5287 Tum
1645 5231 1718 5288 id.
1766 5250 1852 5303 μοι
1889 5249 1939 5302 p.
1987 5249 2074 5302 με.

545 5303 795 5375 τὴν-τότε
827 5303 942 5375 Cir.
994 5305 1188 5375 EpitJ.
1214 5321 1274 5375 c.
1299 5302 1355 5359 S.

1457 5305 1508 5384 3:
1526 5300 1870 5384 ἔλεγονγάρ,
1891 5300 2187 5384 ἐίιμήοῃϐ..
2238 5300 2284 5384 ξ³
2312 5300 2502 5384 Τίτυος
2535 5300 2595 5353 C.

2149 5225 2193 5264 δι
2224 5225 2485 5301 προσήκει
2507 5225 2648 5301 Epit.
2675 5245 2730 5301 cp.
2753 5230 2806 5284 4.
2849 5229 3101 5301 Fortasse
3153 5231 3232 5301 είς
3270 5225 3652 5301 τηνικαῦτα-ρ.
3683 5233 3764 5293 εἰς

2698 5299 2745 5332 ⁸⁸
2773 5292 2868 5354 καὶ
2901 5299 3059 5354 πάλιν
3084 5316 3144 5350 τε
3177 5297 3239 5352 Ο.
3325 5292 3384 5330 ’⁸⁸
3413 5301 3472 5352 ού
3519 5292 3676 5368 δήλου
3705 5292 3758 5352 C.

548 5368 827 5446 ν’δίκαιον
866 5374 960 5428 καὶ
993 5368 1225 5446 ἀρεσκον
1253 5374 1316 5429 C.
1393 5375 1437 5446 ⁸7
1477 5368 1823 5446 ξοιηνοςιεὲιδό
1857 5368 2136 5446 iuvitoita
2175 5370 2932 5446 interpunctionem_mutavi,
2983 5385 3090 5446 non
3138 5368 3520 5446 iuvitaindole
3561 5369 3760 5446 linguae

540 5445 758 5499 Graecae.
789 5443 923 5500 Edd.
948 5438 1290 5516 distinguunt
1319 5463 1330 5499 :
1363 5445 1428 5498 Τί
1449 5440 1538 5498 οὖν
1568 5438 1904 5516 χρὴἐτοιεῖν;
1934 5438 2334 5516 ἢᾼτοῦτοῌηείςξ
2354 5457 2409 5516 κ,
2438 5457 2488 5493 τ.
2519 5439 2569 5491 λ.
2644 5439 2690 5472 ⁸⁸
2720 5439 2780 5492 τέ
2807 5439 3035 5516 a_ccessit
3062 5438 3221 5516 ex_0,
3240 5439 3328 5492 ubi
3351 5455 3434 5507 pr.
3455 5454 3600 5492 man.
3626 5438 3762 5516 seri:

552 5523 736 5584 pserat
790 5509 1151 5591 ἱεροφάντεςῖ
1200 5516 1245 5547 ⁸⁸
1271 5509 1753 5591 νεκυομαντίανο.
1776 5509 2080 5591 μεεθιιίιιιῐη
2110 5514 2176 5582 τῇ
2205 5509 2470 5581 λεγομένῃ
2496 5510 2914 5591 νεκρομαντείᾳε
2947 5510 3758 5591 arscutim-mortuosevoranili

556 5585 952 5654 νεκρομαντεία
998 5586 1238 5649 dicitur;
1273 5585 1384 5639 vid.

1479 5600 1657 5662 ecogn.
1707 5599 1745 5650 ι,
1777 5582 1809 5635 5
1835 5577 1970 5662 (per
2007 5577 2348 5662 eam,"quam
2373 5577 2816 5662 .pe'crom’a'ntiam
2847 5577 3082 5662 vocant)
3115 5577 3305 5662 Ι)..ῂά
3327 5587 3388 5662 et
3410 5579 3607 5662 .minus
3637 5588 3758 5648 apte
3793 5596 3805 5607 ·

553 5647 950 5724 νεκρομαντεία
979 5657 1162 5711 vocari
1201 5647 1364 5726 queat
1387 5647 1604 5726 magica
1623 5647 1739 5726 ipsa
1763 5647 2028 5726 evocatio,
2052 5647 2336 5726 quomodo
2356 5648 2553 5726 dixerit
2581 5650 2802 5726 Cicero,
2847 5649 3004 5703 Tusc.
3039 5647 3094 5718 q.
3120 5648 3244 5713 1,16
3271 5647 3451 5726 εμιιιᾴε
3474 5667 3559 5726 ea,
3596 5647 3758 5726 433m

557 5715 702 5797 pictis
725 5715 933 5797 anticus
964 5727 1162 5797 Appius
1189 5715 1551 5797 νὲκρομαντία
1578 5715 1826 5795 faciebat.
1874 5715 2180 5792 Stephanus
2210 5721 2414 5793 legebat
2443 5738 2457 5774 :
2489 5719 2553 5774 In
2574 5725 2619 5774 ξε
2652 5737 2731 5786 ea,
2754 5715 2870 5793 qui}:
2893 5715 3352 5793 -νεκρομαντεῖα
3379 5715 3624 5788 faciebat.
3651 5715 3756 5772 Cx.

559 5791 605 5824 ⁸⁸
631 5791 745 5847 ἐστι
768 5794 832 5851 0.
