4068 6338
358 320 422 375 0'!
1454 321 1909 380 CLEMENTINA.

2044 320 2208 377 ΠΟΜΙ
2220 321 2326 376 LlA
2360 323 2398 377 ῐ.
3528 324 3596 380 6!

360 439 616 512 αύτάρκη
650 439 745 493 καὶ
784 439 979 514 ἱκανὴν
1025 440 1296 511 ἀπόφασιν
1327 438 1471 511 ἔχω,
1525 442 1589 495 ὲκ
1638 434 1731 491 τοῦ
1774 435 1916 507 μόνοι

2033 436 2206 489 oculis
2233 438 2378 491 illam
2410 438 2596 494 videns
2618 439 2968 494 sufﬁcientem
2996 456 3059 495 ac
3087 440 3334 494 idoneam
3362 440 3589 494 habeam

362 536 636 605 ᾳανῆναι,
683 534 764 587 ὅτι
810 534 983 587 ἐστιν·
1012 535 1105 588 καὶ
1152 534 1354 588 οὐκέτι
1394 535 1675 605 δυνήσεται
1722 528 1790 582 τὰ
1819 528 1927 581 τῶν

357 625 655 695 έφθαλμιέιν
706 626 814 679 τδια
852 626 920 678 τὰ
954 628 1051 697 τῆς
1094 628 1262 698 ἀκοῆς
1300 626 1593 698 ἀνατρέψαι
1634 623 1801 694 ἄδηλα
1830 623 1925 694 ῥή-

362 734 528 786 ματα.
579 720 766 789 Ὅμως
815 721 905 773 καὶ
932 721 1098 791 αὐτὴν
1130 721 1331 792 ταύτην
1358 721 1457 791 τὴν
1491 718 1678 787 σκέψιν
1706 716 1929 770 ἀντέϐα-

356 809 449 862 λόν
486 811 529 842 ⁹¹
563 828 667 864 τινι
715 812 929 882 συνήθει
977 813 1277 884 φιλοσόφῳ,
1307 814 1366 876 ὃς
1413 810 1762 866 συνεϐούλευέ
1815 825 1925 879 μοι,

354 901 516 955 τοῦτο
554 902 628 975 μὴ
656 904 877 974 τολμᾷν,
908 904 1047 957 κατὰ
1079 904 1304 967 πολλοὺς
1344 904 1596 975 τρόπους.
1648 904 1770 955 Εἴτε
1821 900 1928 971 γὰρ

354 994 458 1046 οῦκ
489 995 898 1060 είσακούσεται,
933 996 1093 1066 φησὶν
1114 1038 1129 1061 ,
1158 999 1191 1066 ἡ
1217 997 1360 1067 ψυχὴ
1392 996 1468 1066 τῷ
1505 994 1680 1065 μάγῳ,
1727 994 1789 1045 σὺ
1817 995 1928 1055 τοῖς

356 1083 469 1152 29
492 1085 667 1138 ταῦτα
698 1090 871 1139 ποιεῖν
886 1088 1281 1159 ἀπαγορεύουσι
1303 1088 1484 1158 νόμοις
1503 1088 1577 1149 ὼς
1597 1083 1928 1155 ἀντιπράξας

355 1178 786 1250 δυσσυνειδήτως
816 1179 1047 1250 βιώσεις·
1085 1182 1133 1233 εἰ
1166 1180 1220 1233 δὲ
1254 1181 1634 1241 ἐπακούσεται,
1670 1176 1805 1248 μετὰ
1831 1175 1924 1228 τοῦ

352 1270 785 1341 δυσσυνειδήτως
817 1289 873 1324 σε
908 1272 1071 1341 βιοῦν,
1105 1268 1256 1342 οἶμαι
1302 1272 1370 1324 τὰ
1403 1273 1501 1342 τῆς
1534 1269 1812 1331 εὐσεϐείας
1845 1285 1924 1321 σοι

358 1362 559 1431 μηκέτι
602 1368 927 1435 προχωρεῖν,
990 1360 1049 1419 οὗ
1107 1366 1310 1418 εἵνεκεν
1359 1367 1453 1419 καὶ
1502 1360 1551 1397 ⁹¹
1597 1365 1919 1434 ἐτόλμησας.

368 1453 708 1524 Ἐχθραίνειν
739 1455 847 1526 γὰρ
874 1456 935 1509 τὸ
965 1457 1105 1510 θεῖον
1137 1457 1384 1526 λέγουσιν
1415 1457 1507 1509 ἐπὶ
1532 1459 1645 1519 τοῖς
1676 1459 1740 1526 τῇ
1776 1454 1924 1507 λύσει

353 1543 625 1599 θανόντων
676 1550 940 1618 σωμάτων
988 1550 1271 1603 σκύλλουσι
1299 1551 1395 1614 τὰς
1435 1550 1633 1620 ψυχάς.
1699 1548 1836 1616 Ἐγὼ
1865 1548 1923 1601 δὲ

348 1636 529 1691 ταῦτα
573 1640 830 1705 ἀκούσας,
863 1626 1366 1715 ὀκνηρότερος⁶μὲν
1414 1646 1549 1715 πρὸς
1578 1644 1638 1696 τὸ
1686 1641 1923 1695 τοιοῦτον

348 1730 672 1826 ἐγχειρῆσαι
703 1734 986 1807 ἐγενόμην,
1037 1738 1135 1808 τῆς
1158 1737 1212 1788 δὲ
1234 1738 1484 1809 ἀπαρχῆς
1507 1755 1605 1808 μου
1626 1739 1726 1790 οὐκ
1754 1738 1917 1789 ἐπαυ-
1948 1765 1995 1826 Β

349 1821 539 1894 σάμην
566 1823 761 1897 βουλῆς
782 1866 798 1892 ,
837 1826 950 1891 ἀλλ’
968 1828 1043 1892 ὡς
1086 1829 1429 1901 ὲμποδισθεὶς
1459 1832 1556 1902 τὴν
1587 1831 1760 1901 ὁρμὴν
1785 1828 1919 1899 ὴθύ-

350 1935 510 1989 μουν.

419 2123 512 2181 Ἣ.
550 2126 663 2178 Καὶ
689 2126 775 2179 ἵνα
801 2127 871 2199 μή
906 2144 985 2179 σοι
1015 2126 1084 2180 τὰ
1116 2127 1336 2181 τοιαῦτα
1370 2125 1563 2199 μακρῷ
1594 2125 1917 2199 διηγήσωμαι

342 2215 513 2286 λόγῳ,
551 2219 607 2269 ἐν
635 2218 908 2281 τοσούτοις
948 2219 1229 2289 λογισμοῖς
1268 2222 1363 2273 καὶ
1410 2220 1724 2290 πράγμασιν
1770 2221 1921 2283 ὄντος

348 2327 477 2378 μου,
504 2311 657 2380 φήμη
689 2328 771 2373 τις
802 2311 1001 2381 ἠρέμα,
1024 2311 1115 2363 ἐπὶ
1144 2312 1241 2382 τῆς
1256 2311 1502 2381 Τιϐερίου
1524 2311 1797 2381 Καίσαρος
1822 2310 1918 2379 βα·-

346 2401 576 2465 σιλείας,
607 2402 667 2467 ἐξ
698 2404 917 2476 ἐαρινῆς
958 2405 1164 2476 τροπῆς
1207 2404 1302 2475 τὴν
1344 2404 1514 2476 ἀρχὴν
1546 2404 1916 2475 λαμϐάνουσα,

343 2493 579 2561 ηὔξανεν
611 2494 869 2548 ἐκάστοτε
897 2497 988 2550 καὶ
1021 2497 1095 2560 ὡς
1116 2497 1328 2569 ἀληθῶς
1360 2498 1534 2569 ἀγαθὴ
1570 2498 1702 2551 Θεοῦ
1750 2499 1915 2567 ἀγγε-

342 2583 437 2646 λος
468 2584 711 2655 διέτρεχε
746 2586 792 2617 ’³
823 2587 914 2639 τὸν
963 2588 1165 2659 κόσμον
1192 2629 1205 2652 ,
1262 2590 1322 2641 τὸ
1366 2590 1458 2641 τοῦ
1498 2590 1632 2642 Θεοῦ
1675 2590 1918 2661 βούλημα

346 2679 473 2747 σιγῇ
508 2678 719 2744 στέγειν
750 2679 795 2710 ⁸⁸
836 2679 909 2750 μὴ
941 2680 1234 2752 δυναμένη.
1281 2681 1567 2735 Ἑκάστοτε
1595 2677 1687 2735 οῦν
1718 2684 1915 2737 πλείων

342 2770 439 2821 καὶ
467 2770 668 2838 μείζων
694 2771 908 2839 ἐγένετο
931 2772 996 2835 ’⁸,
1031 2774 1281 2841 λέγουσα,
1308 2775 1384 2838 ὦς
1413 2776 1495 2838 τίς
1515 2792 1640 2827 ποτε
1675 2778 1731 2828 ἐν
1784 2777 1915 2828 Ἰου-

341 2859 492 2931 Bai},
518 2860 577 2925 ἐξ
610 2863 828 2933 ἐαρινῆς
844 2866 1050 2935 τροπῆς
1067 2866 1245 2919 λαϐὼν
1276 2868 1374 2938 τὴν
1404 2869 1595 2939 ἀρχὴν,
1648 2868 1915 2932 Ἰουδαίοις

341 2954 442 3024 τὴν
464 2954 559 3007 τοῦ
592 2954 757 3008 ἀῖδίου
785 2956 919 3009 Θεοῦ
954 2957 1354 3025 εὐαγγελίζεται
1376 2958 1663 3029 βασιλείαν,
1684 2954 1751 3030 ἦς
1783 2961 1914 3012 ἀπο-

343 3047 532 3101 λαύειν
553 3050 699 3117 λέγει
732 3050 825 3103 ἐάν
852 3068 935 3112 τις
957 3051 1131 3103 αύτῶν
1166 3051 1588 3123 προκατορθώσῃ
1619 3051 1662 3082 ⁹⁶
1688 3053 1785 3122 τὴν
1813 3068 1909 3103 πο-

341 3141 567 3195 λιτείαν
599 3141 692 3195 τοῦ
722 3128 778 3195 δὲ
813 3142 1164 3196 πιστεύεσθαι
1186 3143 1345 3195 αὑτὸν
1378 3143 1556 3214 χάριν,
1594 3142 1676 3195 ὄτι
1709 3143 1912 3213 θειότη-

340 3250 434 3295 τος
466 3234 657 3304 γέμων
686 3235 858 3287 ταῦτα
895 3235 1073 3299 πνέει,
1119 3235 1289 3287 πολλά
1316 3234 1591 3305 θαυμάσια
1624 3235 1821 3305 σημεῖά
1851 3251 1911 3287 τε

339 3327 437 3379 καὶ
482 3327 693 3398 τέρατα
735 3328 1122 3399 διαπράττεται
1167 3327 1409 3381 κελεύσει
1445 3327 1600 3399 μόνῃ,
1645 3327 1720 3390 ὡς
1764 3326 1913 3398 παρά

338 3418 476 3471 Θεοῦ
500 3419 734 3491 εἰληφὼς
754 3420 848 3489 τὴν
868 3419 1130 3486 ἐξουσίαν·
1155 3422 1369 3488 κωφοὺς
1386 3418 1493 3491 γὰρ
1524 3422 1663 3473 ποιεῖ
1674 3419 1909 3485 ἀκούειν,

342 3511 578 3579 τυφλοὺς
607 3511 951 3575 ἀναϐλέπειν,
980 3512 1088 3581 30
1120 3512 1347 3573 κυλλούς
1378 3515 1519 3564 ποιεί
1550 3515 1869 3583 περιπατεῖν
1892 3552 1909 3576 ,

341 3603 551 3673 χωλοὺς
573 3603 789 3675 ἀνορθοῖ
808 3604 873 3666 ’⁷,
898 3605 1077 3656 πᾶσαν
1092 3603 1243 3656 νόσον
1264 3603 1574 3669 ἀπελαύνει,
1598 3605 1773 3658 πάντα
1804 3604 1910 3657 δαί-

343 3714 479 3766 μονα
514 3696 827 3765 φυγαδεύειο
863 3694 997 3748 ἀλλὰ
1026 3695 1117 3749 καὶ¹
1166 3694 1357 3767 λεπροὶ
1386 3696 1663 3767 ψωροΓὲκ
1693 3698 1909 3767 διαστη-

343 3806 514 3860 ματος
548 3788 709 3859 μόνον
740 3784 1033 3859 ἐνορῶντες
1046 3787 1196 3856 αύτῷ
1218 3787 1432 3858 ἰώμενοι
1457 3788 1904 3851 ἀπαλλάσσονται,

339 3882 527 3953 νεκροὶ
558 3881 617 3933 δὲ
651 3880 1085 3952 προσφερόμενοι
1114 3879 1433 3949 ἐγείρονται,
1457 3881 1549 3932 καὶ
1581 3879 1733 3932 οὐδέν
1763 3881 1907 3933 ἐστιν

337 3976 366 4026 ὃ
397 3976 652 4027 ἀδυνατεῖ
684 3976 873 4027 ποιεῖν.
912 3972 1021 4025 Καὶ
1039 3974 1229 4041 ὃσῳ,γε
1263 3972 1461 4042 μᾶλλον
1483 3974 1512 4024 ὀ
1532 3972 1717 4043 χρόνος
1746 3973 1907 4043 προέ-

340 4084 557 4129 κοπτεν,
588 4066 721 4118 πολὺ
759 4064 955 4136 μείζων
976 4064 1063 4118 διὰ
1093 4064 1349 4118 πλειόνων
1379 4063 1487 4117 τῶν
1505 4064 1906 4135 ἐπιδημούντων

339 4160 431 4211 καὶ
460 4160 508 4189 ⁸⁸
545 4158 859 4229 βεϐαιοτέρα
893 4158 1118 4226 ἐγίνετο,
1153 4158 1253 4227 οὐκ
1285 4158 1364 4210 ἔτι
1395 4158 1545 4228 φήμη
1576 4156 1747 4223 λέγω,
1771 4157 1915 4213 ἀλλά

335 4248 431 4303 τοῦ
455 4251 775 4321 πράγματος
798 4251 830 4319 ἡ
861 4249 1103 4320 ἀλήθεια.
1130 4250 1268 4320 Ἤδη
1293 4249 1401 4321 γάρ
1420 4265 1547 4302 ποτε
1580 4249 1674 4302 καὶ
1705 4251 1903 4322 συστή-

342 4360 484 4413 ματα
516 4342 656 4395 κατά
685 4341 884 4404 τόπους
916 4341 1124 4409 ἐγίνετο
1145 4340 1339 4411 βουλῆς
1370 4341 1463 4394 καὶ
1497 4341 1741 4412 σκέψεως
1757 4343 1827 4407 ”,
1842 4344 1903 4397 τὸ

333 4437 417 4499 τίς
447 4436 512 4489 ἂν
546 4436 632 4505 εἴη
662 4437 691 4488 ό
714 4434 898 4503 φανεὶς
926 4432 1019 4487 καὶ
1044 4435 1097 4487 τί
1124 4433 1365 4503 βούλεται
1393 4434 1590 4503 λέγειν.

404 4527 521 4585 VII.
552 4530 662 4581 Kal.
682 4526 881 4599 δήποτέ
910 4543 994 4588 τις
1026 4526 1162 4596 πρὸς
1193 4525 1340 4595 αὐτῷ
1366 4524 1444 4595 τῷ
1472 4524 1580 4578 ἔτει
1598 4526 1656 4579 ἐν
1687 4526 1754 4559 “°
1777 4526 1900 4597 φθι-

335 4624 605 4693 νοπωρινῇ
645 4623 820 4691 τροπῇ
853 4618 1088 4689 δημοσίᾳ.
1120 4617 1249 4679 στάς
1280 4617 1408 4669 ἐϐόα
1438 4617 1610 4686 λέγων
1633 4634 1648 4649 ο
1676 4620 1901 4691 ’Ἄνδρες

346 4713 638 4784 Ῥωμαῖοι,
679 4712 975 4765 ἀκούσατε’
1030 4710 1058 4761 ὁ
1089 4709 1183 4761 τοῦ
1217 4709 1350 4762 Θεοῦ
1384 4710 1511 4773 Υἱὸς
1552 4712 1616 4764 ἐν
1672 4712 1898 4786 Ἰουδαίᾳ

339 4808 633 4877 πάρεστιν,
694 4802 1157 4872 ἐπαγγελλόμενος
1221 4803 1353 4854 πᾶσι
1396 4805 1506 4864 τοῖς
1558 4803 1898 4876 βουλομένοις

334 4898 475 4967 ζωὴν
508 4895 742 4959 αἰώνιον,
775 4895 868 4947 ἐὰν
898 4893 967 4946 τά
989 4894 1006 4925 ¹
1040 4894 1175 4947 κατά
1201 4892 1422 4964 γνώμην
1448 4895 1541 4947 τοῦ
1589 4897 1895 4967 πέμψαντος
1929 4960 1946 4978 .

334 4991 490 5043 αὑτὸν
523 4990 738 5060 Πατρὸς
773 4987 1057 5057 βιώσωσιν.
1091 4984 1180 5038 Διὸ
1212 4985 1606 5055 μεταϐάλλεσθε
1650 4990 1739 5041 τὸν
1766 4990 1892 5062 τρό-

333 5100 430 5137 πον
486 5084 595 5137 ἀπὸ
626 5082 735 5136 τῶν
786 5081 1040 5153 χειρόνων
1074 5080 1165 5132 ἐπὶ
1207 5077 1274 5131 τὰ
1304 5079 1608 5151 κρείττονα,
1642 5082 1747 5136 ἀπὸ
1784 5085 1893 5140 τῶν

2030 530 2449 585 declarationem
2483 532 2624 600 quod
2692 533 2908 597 existat,
2939 550 3003 586 ex
3030 549 3094 588 eo
3119 534 3235 587 solo
3256 532 3401 601 quod
3426 547 3594 601 appa-

2032 624 2228 687 ruerit;
2270 640 2366 678 nec
2389 625 2623 693 amplius
2649 624 2850 679 incerta
2878 626 3095 679 auditus
3120 626 3279 679 verba
3301 625 3592 680 oculorum

2030 727 2280 783 poterunt
2306 718 2613 771 ﬁrmitatem
2647 728 2906 772 evertere.
2932 718 3179 771 Attamen
3204 722 3343 773 hanc
3368 732 3593 788 quoque

2029 807 2470 863 deliberationem
2495 810 2707 864 cuidam
2738 811 3079 881 philosopho,
3106 813 3416 867 necessario
3442 826 3588 876 meo,

2028 901 2316 965 edisserui,
2342 903 2434 972 qui
2463 903 2753 957 consilium
2776 904 2907 956 mihi
2932 903 3099 969 dedit,
3128 903 3180 957 id
3203 919 3271 959 ne
3294 904 3581 967 auderem,

2028 995 2227 1049 multas
2256 995 2325 1049 ob
2355 997 2619 1050 rationes.
2653 996 2776 1051 Sive
2800 998 2969 1061 enim,
3023 997 3218 1066 inquit,
3270 1012 3429 1067 mago
3476 1011 3589 1050 non

2028 1089 2420 1159 obtemperabit
2466 1089 2771 1154 anima,tu,
2814 1099 3072 1159 tanquam
3103 1090 3195 1160 qui
3242 1089 3454 1158 legibus
3485 1089 3589 1143 ista

2028 1180 2204 1236 facere
2255 1182 2667 1252 prohibentibus
2698 1183 3109 1253 repugnaveris,
3142 1183 3283 1236 male
3313 1181 3407 1235 tibi
3458 1196 3588 1236 con-

2027 1276 2172 1327 scius
2200 1275 2383 1329 vives:
2421 1275 2501 1329 sin
2545 1291 2672 1329 vero
2718 1276 3004 1340 obedierit,
3037 1285 3401 1345 praeterquam
3441 1271 3588 1342 quod

2025 1366 2166 1418 mala
2201 1366 2251 1418 in
2301 1368 2633 1422 conscientia
2668 1368 2816 1422 vires
2842 1409 2857 1433 ,
2908 1385 3014 1421 non
3049 1369 3285 1437 amplius
3318 1368 3411 1421 tibi
3453 1368 3589 1421 bene

2025 1472 2245 1511 cessura
2300 1459 2556 1513 existimo
2600 1476 2661 1513 ea
2717 1477 2839 1529 qua:
2893 1462 2957 1514 ad
2991 1461 3240 1529 pietatem
3292 1460 3585 1529 pertinent,

2023 1550 2180 1617 cujus
2209 1566 2337 1620 ergo
2372 1552 2472 1605 ista
2502 1569 2669 1606 ausus
2705 1568 2783 1606 es.
2811 1551 2945 1606 Nam
2969 1552 3132 1606 Deum
3161 1553 3313 1606 aiunt
3337 1552 3461 1605 odio
3492 1566 3588 1605 eos

2022 1643 2301 1710 prosequi,
2338 1645 2428 1710 qui
2470 1646 2682 1699 animas
2712 1658 3051 1701 mortuorum
3077 1662 3106 1701 a
3139 1647 3462 1715 corporibus
3500 1662 3588 1701 se-

2022 1746 2237 1801 paratas
2292 1736 2567 1791 divexant.
2620 1737 2731 1807 Ego
2781 1747 2959 1792 autem
3002 1740 3086 1794 bis
3137 1740 3339 1793 auditis
3366 1740 3588 1809 segnior

2022 1827 2239 1895 quidem
2274 1828 2339 1881 ad
2371 1828 2501 1883 illud
2531 1830 2950 1899 aggrediendum
2975 1830 3199 1885 eﬂectus
3230 1846 3370 1895 sum,
3403 1846 3431 1885 a
3458 1846 3586 1884 con—

2021 1922 2143 1976 silio
2173 1932 2351 1975 tamen
2403 1924 2547 1992 quod
2582 1924 2737 1977 initio
2792 1939 3039 1993 ceperam
3097 1939 3203 1977 non
3244 1922 3447 1987 destiti,
3489 1921 3584 1977 sed

2019 2014 2167 2068 velut
2189 2015 2256 2068 ab
2279 2015 2478 2085 impetu
2502 2016 2758 2070 desiderii
2790 2016 3097 2071 retardatus
3132 2014 3404 2068 dolebam.

2096 2128 2180 2183 Vl.
2210 2131 2287 2184 Ac
2315 2146 2381 2184 ne
2412 2131 2513 2183 ista
2541 2132 2638 2184 tibi
2668 2131 2830 2201 longo
2856 2145 3108 2185 sermone
3130 2130 3388 2198 explicem
3408 2170 3422 2195 ,
3456 2144 3581 2183 cum

2021 2224 2073 2277 in
2105 2224 2302 2278 talibus
2351 2225 2772 2294 cogitationibus
2817 2232 2871 2278 et
2902 2222 3131 2293 negotiis
3161 2238 3260 2291 ego
3287 2238 3535 2276 versarer
3564 2261 3581 2286 ,

2019 2317 2122 2370 sub
2154 2317 2382 2385 imperio
2408 2315 2609 2371 Tiberii
2643 2317 2875 2371 Caesaris
2909 2315 3051 2369 fama
3078 2315 3325 2384 quazdam
3353 2315 3578 2377 sensim,

2018 2424 2047 2461 a
2077 2424 2242 2461 verna
2284 2417 2601 2477 tempestate
2626 2409 2779 2463 initio
2806 2417 3021 2476 sumpto
3047 2407 3358 2476 passimque
3388 2404 3579 2469 crevit,

2018 2510 2071 2555 et
2104 2517 2289 2555 revera
2313 2501 2491 2556 bonus
2538 2500 2629 2555 Dei
2666 2502 2889 2555 nuntius
2936 2502 3198 2555 mundum
3252 2501 3578 2569 peragrmit,

2021 2592 2110 2647 Dei
2150 2595 2481 2647 voluntatem
2521 2594 2737 2648 silentio
2771 2604 2951 2663 tegere
2979 2608 3083 2645 non
3114 2593 3319 2647 valens.
3368 2589 3581 2659 Ubique

2017 2686 2178 2757 igitur
2208 2688 2438 2756 amplior
2464 2699 2517 2740 et
2546 2686 2719 2757 major
2747 2686 2927 2750 liebat,
2954 2684 3199 2739 referens
3256 2684 3399 2752 quod
3456 2683 3580 2751 qui-

2015 2780 2138 2834 dam
2164 2781 2216 2834 in
2241 2779 2447 2844 Iudaea,
2475 2779 2741 2849 principio
2769 2788 2988 2848 sumpto
3020 2786 3063 2830 a‘
3091 2791 3257 2830 verno
3312 2784 3575 2844 tempore,

2015 2874 2201 2927 aeterni
2236 2873 2327 2927 Dei
2380 2889 2608 2943 regnum
2662 2871 2864 2926 Judaeis
2894 2871 3203 2932 annuntiet,
3236 2883 3343 2936 quo
3378 2865 3578 2918 fruitu-

2015 2980 2135 3017 rum
2170 2982 2290 3019 esse
2317 2982 2383 3019 ex
2415 2966 2521 3019 illis
2548 2965 2840 3029 diciteum,
2862 2966 2951 3033 qui
2978 2965 3143 3017 vitam
3171 2971 3369 3016 rectam
3394 2976 3580 3013 emen-

2015 3058 2305 3128 datamque
2344 3058 2545 3112 ducat:
2572 3073 2682 3126 quo
2715 3056 3182 3129 autem‘credatur
3229 3054 3404 3122 ipsum
3439 3052 3581 3104 divi-

2014 3152 2201 3205 nitatis
2221 3151 2438 3220 plenum
2474 3152 2587 3205 inec
2617 3153 2763 3220 loqui
2793 3167 2856 3204 ac
2878 3150 3145 3218 inspirare
3167 3189 3181 3213 ,
3211 3147 3380 3201 multa
3411 3145 3581 3197 mira-

2013 3244 2162 3309 bilia,
2195 3244 2347 3313 signa
2383 3253 2437 3298 et
2468 3244 2711 3314 prodigia
2776 3244 2887 3297 edit
2928 3243 3041 3297 sola
3094 3240 3363 3311 iussione,
3417 3236 3576 3307 quasi

2013 3337 2105 3405 qui
2142 3353 2173 3391 a
2200 3336 2309 3391 Deo
2335 3338 2603 3406 acceperit
2648 3347 3006 3407 potestatem;
3041 3334 3240 3390 surdos
3268 3334 3414 3387 enim
3447 3331 3577 3385 facit

2011 3431 2222 3499 audire,
2253 3447 2426 3487 caecos
2479 3432 2687 3496 videre,
2739 3432 2965 3503 pedibus
3014 3429 3219 3483 debiles
3272 3425 3573 3490 ambulare,

2011 3524 2236 3580 claudos
2256 3534 2402 3580 recta
2436 3524 2723 3579 incedere:
2770 3538 2987 3577 omnem
3038 3520 3288 3573 morbum
3330 3517 3571 3587 depellit,

2010 3632 2227 3673 onmem
2257 3618 2559 3673 daemonem
2596 3616 2782 3686 fugat;
2838 3617 2930 3669 sed
2960 3624 3013 3668 et
3044 3613 3243 3682 leprosi
3260 3605 3473 3674 scabri,
3506 3625 3573 3664 eo

2007 3710 2223 3764 eminus
2245 3719 2457 3763 tantum
2495 3711 2635 3773 viso,
2671 3707 2847 3764 sanati
2894 3707 3134 3769 abeunt,
3190 3706 3391 3760 mortui
3444 3720 3574 3758 vero

2010 3802 2176 3857 oblati
2200 3804 2557 3869 suscitantur,
2574 3802 2819 3872 nihilque
2839 3810 2922 3855 est
2944 3802 3088 3871 quod
3117 3802 3293 3854 facere
3317 3808 3570 3867 nequeat.

2006 3894 2183 3964 Atque
2208 3911 2320 3964 quo
2348 3895 2473 3963 plus
2513 3894 2777 3963 temporis
2805 3892 3138 3962 praeteribat,
3188 3908 3253 3945 eo
3279 3890 3454 3958 major
3480 3892 3571 3942 tir-

2006 3988 2257 4057 miorque
2278 4004 2373 4057 per
2402 3987 2709 4056 complures
2740 3985 3088 4039 advenientes
3147 3984 3433 4047 existebat,
3460 3999 3569 4036 non

2005 4082 2262 4152 amplius,
2296 4082 2540 4150 inquam,
2572 4080 2739 4146 fama,
2765 4079 2857 4134 sed
2900 4079 2979 4133 rei
3023 4078 3248 4131 veritas.
3292 4075 3413 4130 Jam
3442 4091 3570 4131 vero

2004 4185 2059 4229 et
2089 4187 2264 4229 costus
2287 4191 2375 4245 per
2402 4175 2517 4229 loca
2540 4174 2742 4229 ﬁebant
2763 4171 3181 4227 consultationis
3207 4179 3263 4224 et
3297 4169 3567 4223 delibera-

2007 4268 2171 4324 tionis
2194 4284 2379 4334 causa,
2401 4268 2655 4338 quisnam
2678 4280 2821 4322 esset
2852 4266 2947 4337 qui
2963 4264 3329 4335 apparuisset,
3360 4270 3413 4316 et
3435 4260 3568 4330 quid

2003 4364 2165 4419 vellet
2189 4362 2391 4418 dicere.

2075 4522 2187 4577 VII.
2235 4522 2501 4578 Casterum
2562 4522 2749 4577 eodem
2781 4537 2947 4587 anno,
3004 4530 3250 4575 autumm
3300 4528 3541 4587 tempore

2003 4619 2225 4689 quidam
2276 4618 2487 4687 publice
2538 4627 2690 4671 stans
2734 4617 3009 4679 clamavit,
3044 4615 3262 4669 dicens:
3300 4611 3416 4667 Viri
3458 4610 3562 4685 Ro:

2003 4712 2172 4775 mani,
2204 4710 2419 4777 audite;
2453 4709 2545 4763 Dei
2571 4708 2741 4764 Filius
2793 4710 2848 4762 in
2898 4708 3081 4763 Judma
3122 4710 3295 4773 adest,
3353 4706 3565 4761 cunctis

2003 4807 2313 4861 volentibus
2342 4805 2662 4874 promittens
2687 4804 2847 4857 vitam
2880 4812 3157 4863 :eternam,
3192 4803 3237 4857 si
3268 4803 3435 4855 vitam
3459 4801 3562 4855 du-

2004 4901 2183 4955 xerint
2206 4915 2272 4952 ex
2295 4897 2573 4955 voluntate
2603 4896 2779 4949 Patris
2806 4895 2896 4963 qui
2924 4895 3071 4947 misit
3100 4895 3272 4948 illum.
3294 4892 3561 4959 Quocirca

2002 5009 2183 5048 mores
2214 5000 2435 5053 unitate,
2468 5004 2495 5041 a
2520 4987 2881 5040 deterioribus
2905 4986 2971 5039 ad
3000 4987 3221 5039 meliora
3250 4986 3497 5051 transite,
3527 5000 3560 5039 α

1999 5085 2389 5156 temporalibus
2406 5082 2469 5134 ad
2488 5092 2685 5133 aeterna
2708 5095 2720 5130 :
2754 5079 3026 5147 agnoscite
3045 5094 3211 5133 unum
3228 5093 3348 5132 esse
3365 5077 3558 5143 Deum,

1614 5224 1845 5280 VARIA'I
1887 5227 2285 5283 LEC'I‘IONES.

400 5340 441 5369 "
505 5336 830 5389 ἀντέϐαλλόν
885 5335 945 5390 C.

1048 5336 1217 5411 "__zqt€
1276 5337 1593 5411 mutandum
1647 5338 1700 5391 in
1760 5340 1911 5392 ταῦτ’
1940 5342 2029 5393 vel
2074 5343 2252 5393 ἐκεῖν’.
2322 5339 2377 5394 S.
2408 5334 2465 5392 οῦ
2524 5339 2705 5411 ἕνεκεν
2743 5334 2811 5388 τὰ
2878 5336 3101 5411 τοιαῦτα
3142 5335 3370 5411 ἐτόλμας
3402 5338 3546 5411 Epic,

328 5423 379 5482 ς.
406 5408 459 5482 5.
498 5408 978 5482 Quaesequuutur
1009 5406 1060 5482 in
1090 5406 1294 5482 Epit.c.
1337 5407 1389 5482 5.,
1425 5408 1496 5482 ita
1522 5408 1769 5482 leguntur
1794 5429 1806 5464 :
1860 5412 2191 5482 Ἐχθραξνειν
2222 5411 2328 5481 γὰρ
2356 5412 2416 5463 τὸ
2444 5411 2583 5482 θεῖον
2612 5408 2977 5482 λέγουσιν-ἐπὶ
3002 5410 3114 5482 τοῖς
3142 5406 3425 5482 σκύλλουσι
3449 5406 3549 5470 τας

327 5478 501 5601 gula;
520 5478 671 5562 μετὰ
698 5474 798 5546 τῆν
829 5476 936 5528 ἀπὸ
964 5476 1055 5559 τοῦ
1088 5474 1335 5547 σώματος
1367 5474 1593 5559 ἐκείνων
1622 5478 1882 5533 διάλυσιν.
1919 5474 2004 5512 "’5
2036 5474 2374 5553 διήρχετοὈ.
2450 5482 2494 5511 ⁸⁸
2530 5474 2752 5562 ΙιιιΙΟὉ.
2784 5474 2926 5562 Epit.
2961 5492 3009 5530 c.
3042 5481 3093 5531 6.
3128 5479 3301 5546 σιγᾷν,
3337 5478 3548 5557 στέγειν

376 5591 389 5601 .
422 5566 576 5601 σιγαν
606 5548 701 5601 καὶ
724 5547 936 5601 στέγειν
967 5544 1024 5601 S.
1063 5559 1279 5601 auctore
1301 5547 1601 5601 Gallandlu.
1714 5550 1986 5601 ’δὲγίνετο
2009 5550 2070 5601 0.
2182 5552 2227 5581 ³⁸
2258 5548 2729 5601 ποοσκατοοθωσει
2772 5548 2834 5601 L.
2888 5546 3023 5599 Tum
3072 5549 3219 5601 deest
3269 5547 3324 5599 δέ
3375 5563 3427 5600 In
3476 5546 3543 5601 Ο.

376 5544 576 5616 [σιγᾷν
606 5548 701 5601 καὶ
724 5544 936 5613 στέγειν
967 5544 1024 5605 S.
1063 5544 1279 5616 auctore
1301 5547 1601 5601 Gallandiu.

328 5769 451 5814 runt
473 5759 575 5823 ,Cl.
621 5768 672 5812 et
704 5755 767 5813 S.

1714 5550 1759 5579 9⁸
1782 5551 1920 5588 ἓνιύσ

328 5550 389 5611 C,
422 5551 576 5616 σιγᾷν
606 5550 701 5601 καὶ
724 5550 936 5613 στέγειν
967 5550 1024 5605 S,
1063 5559 1279 5601 auctore
1301 5550 1601 5601 Gallandiu.
1714 5550 1759 5579 ’⁸
1781 5551 1986 5617 ἐγίνετο
2009 5550 2070 5604 Ο.
2112 5550 2143 5553 ’⁷
2182 5552 2227 5581 ³⁸
2258 5550 2729 5621 προσκατορθώσει
2772 5550 2791 5599 (

327 5618 371 5698 ς
401 5617 656 5698 κυλλούς·
686 5616 897 5698 χωλούς
924 5616 1069 5698 ὀρθοῖ
1091 5615 1155 5698 O_.
1175 5687 1207 5698 η
1229 5618 1275 5651 ’⁸
1291 5616 1400 5698 καί·
1423 5634 1534 5698 οιιιἶ
1576 5618 1639 5698 0,
1672 5620 1779 5698 qui
1804 5630 2100 5698 anteqscr.
2145 5619 2323 5698 μειίζον
2354 5621 2497 5698 (sic).
2547 5620 2617 5698 L”
2650 5617 2791 5695 Locu

328 5686 450 5743 Post
490 5685 737 5767 σκέψεως
757 5685 1059 5767 Ερξιᾏυζβ,
1088 5687 1254 5767 addit.
1290 5688 1471 5739 ἕνεκα.
1503 5690 1606 5743 Sed
1640 5685 1873 5767 maxime
1890 5690 2126 5767 ρίῐιζιιιιίι
2145 5685 2220 5767 ’.τό
2248 5710 2259 5744 :
2287 5685 2673 5767 scribe‘saltem
2702 5685 2889 5767 τοῦ.
2985 5688 3067 5767 ¹⁰ζ
3083 5690 3121 5767 ἐς

849 5760 862 5787 ¹
904 5755 1028 5812 Dele
1058 5757 1156 5815 τά.
1189 5773 1310 5812 nam
1345 5773 1567 5827 prorsus
1600 5760 1861 5815 redundat
1888 5758 1950 5815 Ι).
1985 5759 2077 5814 ἐὰν
2110 5761 2176 5815 τὰ
2210 5763 2346 5816 κατὰ
2380 5757 2597 5830 γνώμην
2621 5756 2982 5828 -πράξωσιν
3020 5753 3164 5824 Epit.
3184 5753 3248 5827 ὀ.
3281 5758 3333 5816 7.
3377 5757 3435 5811 8.

2182 5546 2729 5621 ππροσκατορθῴσει
2772 5548 2834 5601 (2.
2868 5546 3023 5621 ATum
3063 5549 3219 5621 deest
3269 5547 3324 5599 δέ
3375 5547 3427 5600 in
3476 5546 3543 5601 Ο.

2574 5620 2617 5650 ”
2650 5617 2827 5671 Locus
2868 5618 3008 5669 haud
3045 5618 3206 5671 dubie
3235 5628 3542 5686 Corruptus.

2985 5688 3067 5757 ‘°"_
3083 5690 3141 5739 ὲν
3182 5688 3542 5757 ριἰοῑοειιιὶεει
