4068 6338
479 311 546 364 63
1361 310 1418 366 S.
1458 307 1842 364 CLEMENTIS
1877 308 1892 361 Ι
1926 303 2088 362 ROM.
2137 304 2335 362 PONT.
2374 305 2601 361 OPERA
2636 305 2842 363 DUBIA
3658 307 3730 365 64

479 428 572 497 qui
603 425 658 479 in
709 426 863 482 coalis
891 434 997 493 est,
1026 424 1186 495 cujus
1243 426 1505 480 mundum
1543 425 1745 494 injuste
1790 420 2041 477 habitatis

2151 421 2497 492 προσκαίρων
2529 421 2620 472 ἐπὶ
2643 418 2712 472 τά
2761 417 2980 472 αἰώνιαο
3022 418 3194 488 γνῶτε
3245 419 3266 449 ⁸
3297 417 3393 472 ἐνα
3425 415 3558 472 Θεὸν
3587 415 3727 473 εἶναι

480 528 608 572 ante
634 518 816 589 justos
836 517 982 572 illius
1009 516 1226 572 oculos:
1260 532 1447 571 verum
1483 517 1531 572 si
1569 514 1968 571 convertamini
1993 522 2048 568 et

478 609 635 680 juxta
686 611 1024 664 voluntatem
1074 609 1196 679 ejus
1227 609 1421 664 vivatis
1453 651 1468 674 ,
1501 609 1554 663 in
1581 609 1732 664 aliud
1785 608 2045 665 saeculum

483 702 686 756 sublati
716 701 1015 770 aeternique
1045 699 1219 755 eﬂecti
1256 700 1624 758 ineﬂ‘abilibus
1665 702 1836 772 ipsius
1886 701 2046 756 bonis

480 796 857 870 perfruamini;
886 796 970 850 sin
998 809 1128 848 vero
1156 810 1361 849 morem
1392 811 1496 849 non
1523 795 1822 866 gesseritis,
1850 795 2047 848 animae
2121 834 2147 854 I,

480 900 674 944 vestra:
697 896 820 957 post
846 887 1259 941 dissolutionem
1289 903 1318 940 a
1347 902 1576 956 corpore
1614 887 1667 940 in
1695 886 1834 955 ignis
1865 886 2042 939 locum

483 981 866 1050 conjicientur,
903 979 995 1032 ubi
1032 987 1294 1033 arternum
1324 979 1525 1048 punita:
1565 978 1740 1031 inutili
1779 978 2046 1031 ducentur

483 1071 824 1141 poenitentia.
867 1067 999 1122 Nam
1039 1079 1252 1138 tempus
1309 1070 1639 1139 ptenitentia:
1685 1085 1924 1139 praesens
1963 1078 2046 1123 est

481 1165 582 1218 ista
624 1164 962 1234 singulorum
992 1163 1122 1216 vita.
1149 1161 1318 1216 Porro
1358 1162 1441 1215 his
1463 1177 1562 1232 ego
1588 1161 1787 1215 auditis
1820 1161 2045 1214 moleste

480 1257 742 1321 ferebam,
779 1257 987 1309 nullum
1036 1272 1100 1309 ex
1135 1266 1282 1309 tanta
1345 1257 1628 1309 hominum
1674 1256 2040 1314 multitudine,

481 1357 588 1400 tam
625 1363 821 1418 magno
877 1356 1100 1417 accepto
1159 1347 1372 1412 nuntio,
1403 1348 1637 1400 dixisse:
1692 1345 1748 1399 lu
1801 1345 2041 1399 Judteam

479 1442 794 1510 proﬁciscar
821 1450 878 1494 ut
903 1455 1230 1509 cognoscam
1287 1449 1468 1494 utrum
1503 1440 1603 1494 iste
1626 1440 1739 1493 haec
1763 1439 2044 1509 proferens

478 1551 606 1589 vera
635 1535 912 1605 loquatur,
942 1550 1134 1603 nempe
1158 1532 1253 1588 Dei
1290 1532 1486 1588 Filium
1521 1533 1572 1586 in
1598 1531 1837 1586 Iudaeam
1883 1533 2044 1585 adve-

478 1629 647 1692 nisse,
682 1637 900 1697 propter
918 1628 1115 1681 bonam
1145 1633 1512 1694 aaternamque
1539 1639 1710 1693 spem,
1736 1624 1829 1692 qui
1854 1622 2046 1678 volun-

481 1730 646 1774 tatem
675 1719 854 1774 Patris
873 1735 902 1774 a
934 1734 1044 1788 quo
1071 1720 1272 1773 missus
1297 1726 1382 1774 est
1420 1717 1764 1772 manifestet:
1809 1731 2043 1785 namque

475 1813 622 1882 quod
647 1829 772 1867 eum
799 1813 952 1866 aiunt
983 1813 1296 1882 praedicare,
1324 1827 1432 1865 non
1459 1819 1540 1865 est
1561 1810 1814 1880 exiguum
1839 1825 1850 1860 :
1906 1823 2044 1878 quo-

477 1907 724 1961 rumdam
757 1906 905 1960 enim
934 1905 1145 1960 animas
1169 1905 1419 1971 allirmat,
1479 1914 1661 1975 utpote
1689 1903 2040 1968 immortales,

476 1997 876 2052 immortalibus
926 1997 1087 2052 bonis
1141 1988 1442 2064 fruiturus;
1497 1998 1728 2051 aliorum
1789 2011 1940 2059 vero,
1985 1999 2042 2052 in

476 2091 657 2159 ignem
692 2091 1082 2146 inexstinctum
1110 2090 1404 2160 projectas,
1439 2099 1705 2144 aateruum
1736 2090 2042 2160 puniendus

472 2197 616 2238 εεεε.

545 2273 681 2331 VIII.
717 2275 840 2331 Haec
867 2274 933 2330 de
956 2275 1078 2329 aliis
1106 2289 1229 2330 cum
1258 2273 1677 2340 dicerem,etiam
1708 2289 1921 2330 mecum
1956 2275 2042 2331 his

473 2368 655 2421 verbis
684 2368 897 2423 locutus
921 2383 1072 2423 sum:
1104 2365 1284 2433 Quare
1304 2367 1441 2423 alios
1465 2367 1832 2438 vitupero,qui
1863 2369 1915 2422 in
1945 2384 2042 2423 eo«

470 2459 594 2512 dem
626 2459 854 2514 crimine
882 2459 1219 2530 negligentia:
1239 2459 1462 2513 versor?
1480 2457 1678 2514 Verum
1712 2460 1778 2514 ad
1799 2458 2039 2523 Judzeam

434 2552 810 2621 properabo,
861 2563 1148 2623 postquam
1200 2567 1284 2606 res
1337 2567 1487 2607 meas
1536 2568 1916 2622 composuero.
1964 2552 2040 2608 ita

469 2659 598 2698 vero
651 2659 775 2698 cum
804 2645 1134 2709 statuissem,
1175 2645 1404 2699 multum
1441 2646 1496 2699 in
1541 2645 1799 2699 dilatione
1830 2654 2039 2714 tempus

470 2737 746 2806 praeteriit,
781 2737 1007 2808 hujusce
1040 2738 1159 2792 vita:
1188 2738 1420 2810 negotiis
1450 2737 1538 2791 vix
1567 2737 1824 2807 explicari
1855 2738 2040 2792 valen-

472 2829 635 2883 tibus.
670 2825 909 2884 Tandem
935 2830 1116 2900 itaque
1143 2833 1484 2887 considerata
1506 2832 1630 2887 vitae
1655 2843 1868 2898 natura,
1897 2835 2040 2904 quod

471 2937 566 2992 spe
608 2923 893 2993 implicans
943 2922 1330 2979 festinantibus
1363 2924 1668 2991 insidietur,
1703 2926 1836 2996 quin
1876 2927 2038 2980 etiam

469 3026 732 3083 quantum
766 3016 1023 3085 temporis
1051 3017 1332 3081 abreptum
1366 3016 1530 3072 fuerit
1556 3018 1688 3072 mihi
1727 3020 1926 3089 spebus
1949 3019 2038 3088 ja-

2150 511 2243 564 τὺν
2259 511 2602 584 ἐπουράνιον,
2638 506 2698 566 οὗ
2720 511 2812 564 τὸν
2844 510 3046 581 κόσμον
3067 509 3266 572 ἀδίκως
3291 511 3490 562 οἰκεῖτε
3520 510 3730 580 ἐμπρο-

2152 602 2277 657 σθεν
2307 605 2418 658 τῶν
2447 603 2610 656 αὐτοῦ
2631 604 2849 658 δικαίων
2868 600 3180 674 ὀφθαλμῶνο
3203 601 3315 655 ἀλλ’
3337 601 3430 655 ἐὰν
3455 601 3722 673 μεταϐάλσ

2147 694 2315 766 λησθε
2344 696 2438 748 καὶ
2467 694 2609 748 κατὰ
2634 695 2733 766 τὴν
2765 695 2926 749 αὐτοῦ
2952 694 3204 764 βούλησιν
3227 691 3481 764 βιώσητε,
3512 695 3592 757 είς
3609 694 3723 747 ’ἐτε-

2151 804 2240 860 ρον
2273 787 2446 841 αίῶνα
2477 779 2782 856 ἐνεχθέντες
2811 789 2904 841 καὶ
2921 788 3076 840 ἀΐδιοι
3104 783 3396 857 γινόμενοι,
3416 785 3523 839 τῶν
3554 787 3726 860 ἀπορ-

2151 881 2331 951 ρήτων
2371 879 2536 932 αὐτοῦ
2569 879 2788 947 ἀγαθῶν
2827 879 3158 932 ἀπολαύσετε
3190 878 3230 910 ὐ
3284 878 3378 932 ἐὰν
3404 879 3460 932 δὲ
3494 879 3723 948 ἀπειθὴς-

2148 989 2298 1044 σητε,
2335 973 2390 1024 αἱ
2435 971 2607 1042 ψυχαὶ
2641 972 2792 1042 ὑμῶν
2831 971 2968 1042 μετά
3005 973 3104 1042 τὴν
3136 971 3230 1024 τοῦ
3284 971 3534 1043 σώματος
3570 971 3725 1028 λύσιν

2145 1066 2225 1128 εἰς
2257 1065 2350 1117 τὸν
2390 1063 2554 1117 τόπον
2587 1064 2681 1116 τοῦ
2721 1065 2891 1136 πυρὸς
2926 1065 3277 1137 βληθήσονται
3302 1106 3315 1129 ,
3360 1067 3496 1118 ὅπου
3543 1065 3727 1130 ἀϊδίως

2145 1158 2500 1228 κολαζόμεναι
2524 1157 2841 1228 ἀνωφέλητα
2857 1157 2958 1227 31
2970 1160 3407 1228 μετανοήσουσιν.
3427 1158 3483 1210 '0
3502 1157 3610 1228 γὰρ
3628 1158 3726 1228 τῆς

2147 1251 2428 1322 μετανοίας
2455 1251 2642 1322 καιρὸς
2667 1251 2699 1321 ἡ
2732 1250 2824 1303 νῦν
2858 1251 3084 1303 ἑκάστου
3111 1250 3222 1321 ζωὴ
3253 1249 3527 1320 τυγχάνει.
3587 1249 3727 1318 Ἐγὼ

2147 1344 2245 1414 μὲν
2277 1339 2369 1397 οὖν
2390 1328 2562 1396 ταῦτα
2583 1343 2797 1396 ἀκούων
2825 1342 3088 1413 ήχθόμην,
3121 1344 3203 1395 ὅτι
3229 1342 3403 1405 οὐδεὶς
3435 1345 3499 1396 ἐκ
3541 1342 3728 1396 τοσού-

2141 1453 2249 1488 των
2279 1436 2470 1506 δχλων,
2493 1435 2820 1506 τηλικαύτην
2867 1434 3122 1504 ἀγγελίαν
3175 1435 3431 1501 ἀκούσας,
3471 1439 3722 1508 εἴρηκεν·

2143 1529 2238 1592 Εἰς
2281 1527 2539 1581 Ἰουδαίαν
2562 1527 2920 1598 πορεύσομαι,
2953 1528 3038 1581 ἵνα
3063 1529 3156 1582 ἴδω
3186 1531 3234 1580 εί
3263 1529 3416 1582 ταῦθ’
3448 1525 3602 1593 οὗτος
3635 1529 3725 1583 λέ-

2141 1638 2254 1690 γων
2284 1620 2554 1692 ἀληθεύει,
2584 1621 2660 1684 ὡς
2687 1621 2768 1673 ὅτι
2793 1621 2919 1683 Υἱὸς
2937 1620 3072 1673 Θεοῦ
3093 1622 3458 1694 ἐπιδεδήμηκε
3485 1625 3552 1693 τῇ
3591 1623 3724 1676 Ἰου-

2145 1711 2290 1782 δαίᾳ,
2325 1711 2535 1781 ἀγαθῆς
2574 1713 2670 1764 καὶ
2704 1712 2928 1774 αἱωνίας
2978 1711 3190 1774 ἐλπίδος
3242 1713 3438 1783 χάριν,
3480 1713 3578 1784 τὴν
3623 1713 3720 1768 τοῦ

2146 1803 2560 1867 ἀποστείλαντος
2587 1805 2799 1875 Πατρός
2833 1804 3081 1876 βούλησιν
3113 1806 3382 1874 ἐκφαίνων
3398 1823 3412 1836 ·
3437 1808 3559 1860 ἐπεὶ
3584 1807 3605 1838 ⁸
3623 1808 3720 1862 καὶ

2143 1896 2281 1967 ὅπερ
2312 1895 2559 1964 λέγουσιν
2591 1895 2750 1949 αὑτὸν
2770 1896 3085 1968 κηρύσσειν,
3114 1897 3214 1950 οὐκ
3247 1896 3361 1950 ἐστι
3389 1898 3608 1970 μικρόνο
3644 1891 3720 1956 ὧν

2149 1988 2246 2059 μὲν
2267 1987 2377 2059 γάρ
2396 1988 2494 2050 τὰς
2513 1988 2689 2058 ψυχάς
2709 1988 3111 2042 διαϐεϐαιοῦται
3130 1990 3383 2053 αἰωνίους
3409 1990 3573 2054 οὔσας
3590 1994 3722 2046 αἰω-

2144 2079 2272 2133 νίων
2317 2079 2644 2133 ἀπολαύσειν
2690 2080 2908 2149 ἀγαθῶν
2932 2121 2946 2146 ,
2990 2075 3064 2134 ὧν
3097 2082 3152 2134 δὲ
3190 2083 3249 2134 ἐν
3287 2085 3423 2156 πυρὶ
3472 2085 3721 2159 ἀσϐέστῳ

2147 2170 2432 2243 ριφθείσας
2460 2172 2480 2202 ⁸
2514 2171 2605 2225 τὸν
2639 2172 2811 2225 αἰῶνα
2843 2173 3291 2245 κολασθήσεσθαι.

2217 2261 2349 2316 Vlll.
2383 2262 2566 2316 Ταῦτα
2616 2263 2725 2332 ἐγὼ
2760 2265 2932 2333 λέγων
2983 2266 3108 2337 περὶ
3149 2267 3321 2320 ἄλλων
3365 2271 3458 2324 καὶ
3497 2273 3718 2344 ἐμαυτῷ

2143 2355 2394 2426 ὡμίλησα
2443 2354 2647 2423 λέγων·
2684 2355 2747 2408 Τί
2778 2355 2966 2422 ἄλλους
3013 2358 3316 2429 μέμφομαι,
3358 2363 3414 2414 ἐν
3460 2364 3538 2435 τῷ
3568 2364 3714 2435 αὐτῷ

2142 2450 2244 2520 τῆς
2289 2447 2547 2519 ἀμελείας
2602 2449 2861 2521 ὑπάρχων
2910 2451 3247 2522 ἐγκλήματι;
3305 2453 3438 2506 Ἀλλ’
3465 2459 3540 2520 είς
3586 2459 3717 2511 ἰου-

2141 2544 2294 2598 δαίαν
2327 2545 2574 2615 ὁρμήσω,
2612 2544 2873 2615 πρότερον
2915 2545 3005 2596 τὸν
3040 2546 3169 2614 ἐμὸν
3215 2546 3414 2611 διαθεὶς
3447 2549 3576 2620 βίον.
3611 2553 3717 2607 Καὶ

2139 2639 2203 2710 δὴ
2239 2636 2382 2690 οὕτω
2414 2638 2435 2668 ⁸
2470 2636 2894 2707 βουλευσαμένου
2930 2655 3065 2709 μου,
3103 2639 3266 2702 πολὺς
3305 2643 3333 2694 ό
3381 2641 3483 2711 τῆς
3518 2642 3716 2714 παρολ-

2142 2730 2244 2800 κῆς
2281 2727 2508 2799 ἐγενήθη
2550 2727 2756 2798 χρόνος,
2789 2726 2896 2780 τῶν
2936 2728 3199 2799 βιωτικῶν
3231 2734 3569 2803 πραγμάτων
3593 2735 3717 2789 δυσ-

2142 2822 2378 2876 εκλύτων
2423 2822 2610 2875 ὄντων.
2661 2822 2838 2894 Πέρας
2884 2823 3014 2892 γοῦν
3065 2827 3361 2897 συννοήσας
3401 2819 3502 2879 ὧδέ
3534 2829 3553 2858 ⁷
3585 2845 3715 2882 ποτε

2139 2917 2238 2989 τήν
2265 2914 2357 2969 τοῦ
2393 2915 2507 2988 βίου
2541 2914 2720 2985 φύσιν,
2755 2917 2836 2970 ὃτι
2882 2917 3053 2971 ἑλπίδι
3083 2919 3360 2973 ἐκπλοκῶν
3393 2922 3516 2984 τοὺς
3548 2921 3714 2974 σπεύ-

2139 3013 2327 3077 δοντας
2348 3011 2636 3083 ἐνεδρεύει,
2669 3011 2730 3064 οὐ
2767 3010 2873 3082 μὴν
2905 3009 3039 3065 ἀλλά
3076 3013 3170 3064 καὶ
3212 3013 3269 3066 ὃν
3305 3030 3436 3066 ποτε
3468 3013 3713 3068 είσεκλά-

468 3117 646 3174 ctato,
698 3109 952 3177 quodque
1005 3109 1084 3163 sic
1135 3111 1385 3178 occupati
1435 3111 1683 3166 homines
1738 3114 2036 3180 morimur,

2141 3124 2249 3178 πην
2280 3105 2467 3178 χρόνον
2499 3105 2675 3158 ἐλπίσι
2712 3105 3044 3174 δονούμενος,
3087 3105 3180 3157 καὶ
3227 3107 3308 3158 ὅτι
3339 3105 3510 3169 οὕτως
3555 3106 3714 3177 ἀσχο-

468 3211 663 3255 cuneta
710 3215 858 3265 mea,
913 3209 1074 3269 prout
1126 3211 1309 3266 erant,
1351 3203 1666 3272 relinquens
1714 3206 1780 3272 ad
1822 3215 2036 3275 portum

469 3294 773 3373 properavi,
798 3304 852 3348 et
880 3294 931 3346 in
956 3303 1170 3363 portum
1199 3297 1422 3352 veniens
1448 3306 1610 3366 atque
1636 3299 1689 3352 in
1717 3299 1882 3353 altum
1911 3302 2040 3354 sub-

471 3399 656 3441 vectus
707 3387 884 3442 ventis
935 3387 1371 3454 adversantibus,
1425 3406 1522 3459 pro
1574 3388 1758 3445 ludam
1807 3392 2040 3446 Alexan-

470 3478 642 3532 driam
677 3480 882 3548 appuli.
909 3481 1002 3534 ubi
1032 3489 1315 3534 ventorum
1359 3483 1761 3551 importunitate
1787 3483 2037 3541 detentus

469 3572 536 3626 ad
587 3572 938 3642 philosophos
980 3573 1331 3640 ventilabam,
1372 3584 1534 3644 atque
1587 3592 1711 3631 eum
1761 3593 2035 3632 rumorem

468 3680 858 3734 sermonesque
887 3666 1031 3720 illius
1070 3667 1163 3735 qui
1197 3666 1381 3721 Romae
1419 3669 1571 3722 visus
1611 3667 1789 3723 fuerat
1834 3669 2036 3724 refere-

469 3759 616 3810 bam.
645 3758 711 3811 At
737 3758 812 3811 illi
837 3758 1234 3825 responderunt
1261 3777 1274 3813 :
1309 3759 1442 3814 Eum
1467 3762 1706 3831 quidem,
1731 3763 1824 3832 qui
1854 3761 2037 3817 Romae

465 3849 735 3918 apparuit,
784 3854 1081 3918 nescimus,
1125 3851 1192 3906 de
1248 3852 1341 3907 illo
1383 3863 1562 3908 autem
1609 3854 1702 3923 qui
1747 3855 1800 3908 in
1850 3853 2034 3911 Iudaea

465 3940 612 4011 degit
643 3956 706 3995 ac
735 3941 908 3997 Filius
942 3942 1038 3998 Dei
1068 3959 1098 4022 a
1139 3943 1283 3998 fama
1313 3945 1530 4012 dicitur,
1561 3955 1615 4000 et
1661 3947 1968 4002 audivimus
2003 3965 2031 4002 a

467 4033 653 4090 multis
683 4033 775 4103 qui
826 4034 974 4089 illinc
1002 4035 1243 4103 veniunt,
1275 4046 1329 4091 et
1357 4039 1424 4093 de
1462 4040 1717 4096 omnibus
1756 4041 2033 4098 miraculis

465 4140 586 4194 qua:
619 4125 887 4195 loquendo
918 4126 1047 4182 facit
1074 4129 1404 4198 accepimus.

534 4303 623 4357 IX.
648 4304 893 4377 Cumque
929 4309 1162 4363 dicerem
1192 4327 1205 4364 :
1232 4309 1493 4379 Cuperem
1551 4314 1788 4374 incidere
1830 4318 1883 4373 in
1927 4320 2030 4374 ali~

463 4411 623 4468 quem
655 4397 745 4465 qui
776 4415 897 4451 eum
929 4401 1174 4468 vidisset,
1208 4403 1389 4457 statim
1440 4404 1709 4462 duxerunt
1742 4426 1844 4474 me,
1877 4412 2026 4466 aien-

2140 3202 2389 3275 λούμενοι
2415 3203 2464 3254 οἱ
2485 3201 2757 3272 ἄνθρωποι
2785 3197 3195 3269 ἀποθνήσκομεν
3215 3197 3257 3261 ⁸,
3279 3197 3347 3250 τά
3378 3198 3551 3251 πάντα
3588 3217 3710 3269 μου,

2139 3298 2214 3362 ῶς
2246 3297 2459 3366 ἔτυχεν,
2487 3293 2643 3361 ἀφεὶς
2692 3294 2772 3355 εἰς
2819 3291 3021 3362 Πόρτον
3051 3291 3071 3322 ⁹
3103 3289 3355 3362 ὥρμησα,
3387 3291 3481 3342 καὶ
3527 3293 3606 3353 είς
3634 3290 3713 3344 λι-

2143 3391 2277 3464 μένα
2303 3385 2469 3442 ἐλθών
2481 3403 2540 3441 τε
2559 3386 2600 3417 ¹⁰
2615 3386 2708 3438 καὶ
2721 3383 2971 3453 ἀναχθεὶς
2993 3382 3208 3452 ἀνέμων
3221 3382 3326 3451 32
3362 3381 3581 3452 ἔχθραις
3592 3383 3712 3437 ἀντὶ

2135 3481 2230 3537 τοῦ
2265 3486 2346 3546 είς
2381 3479 2638 3536 Ἰουδαίαν
2652 3479 2730 3542 είς
2754 3475 3154 3547 Ἀλεξάνδρειαν
3174 3474 3406 3545 ἠνέχθην
3444 3474 3709 3529 ’καὶάνέ-

2141 3595 2256 3648 μων
2269 3575 2470 3646 ἀπορίᾳ
2481 3571 2785 3642 ἐπισχεθεὶς
2796 3571 2910 3622 ἐκεῖ
2924 3585 3046 3621 συνε
3053 3566 3248 3636 φοίτων
3257 3569 3369 3630 τοῖς
3382 3565 3707 3635 φιλοσόφοις,

2134 3670 2230 3724 καὶ
2255 3667 2324 3722 τὰ
2353 3669 2456 3738 τῆς
2479 3667 2664 3736 φήμης
2696 3663 2788 3716 καὶ
2816 3659 2910 3714 τοῦ
2934 3661 2974 3690 “
2999 3662 3056 3712 ἐν
3095 3657 3277 3730 Ῥώμῃ
3309 3657 3564 3728 φανέντος
3591 3657 3708 3712 ἐλε-

2133 3779 2229 3830 ¹γον
2259 3761 2386 3822 τοὺς
2429 3759 2638 3827 λόγους.
2683 3757 2746 3810 0i
2778 3755 2834 3808 δὲ
2865 3755 2908 3785 ¹¹
2937 3751 3316 3824 ἀπεκρίναντο,
3331 3752 3434 3804 ὅτι·
3470 3749 3573 3804 Τὸν
3607 3749 3708 3822 μὲν

2133 3856 2190 3907 ἐν
2235 3851 2419 3923 Ῥώμῃ
2451 3849 2683 3919 φανέντα
2718 3847 2818 3900 οὐκ
2865 3847 3042 3916 ἴσμεν,
3071 3844 3200 3915 περλ⁵
3243 3843 3300 3896 δέ
3346 3841 3440 3896 τοῦ
3479 3844 3537 3898 ἐν
3577 3843 3707 3897 Ἰουο

2130 3948 2256 4018 δαία
2285 3943 2573 4015 γενομένου
2607 3941 2701 3994 καὶ
2729 3937 2860 3992 Υἱοῦ
2888 3936 3020 3990 Θεοῦ
3059 3936 3162 3988 ὑπὸ
3200 3937 3299 4006 τῆς
3339 3937 3524 4006 φήμης
3549 3936 3706 4004 λεγο.

2135 4041 2314 4112 μένου,
2364 4037 2458 4092 καὶ
2498 4033 2648 4106 παρά
2691 4031 2896 4086 πολλῶν
2926 4027 3035 4081 τῶν
3079 4027 3328 4081 κάκεῖθεν
3372 4027 3704 4097 ἐληλυθότων

2127 4131 2458 4204 ἠκούσαμεν,
2490 4129 2586 4182 καὶ
2616 4126 2744 4197 περὶ
2785 4123 2999 4176 πάντων
3046 4112 3120 4173 ὧν
3167 4118 3341 4173 λαλῶν
3373 4118 3543 4172 ἐποίει
3576 4119 3704 4173 θαυο

2131 4223 2337 4296 μασίων
2366 4221 2660 4292 ἐμάθομεν.

2196 4316 2287 4371 IX.
2336 4313 2499 4386 Ἐμοῦ
2528 4313 2586 4366 δὲ
2603 4309 2864 4374 εἰπόντος,
2918 4305 3144 4360 Ἠθελόν
3166 4321 3271 4358 τινι
3296 4304 3573 4374 συντυχεῖν
3593 4301 3699 4355 τῶν

2127 4407 2446 4481 ἑωρακότων
2485 4405 2667 4469 αὑτὸν,
2714 4401 2876 4464 εὐθὺς
2910 4396 3042 4472 ἦγόν
3069 4397 3419 4470 μελέγοντες,
3460 4396 3574 4449 ἔστι
3613 4413 3698 4460 τις

463 4498 543 4541 tes
572 4506 586 4542 :
620 4487 717 4543 Est
747 4490 834 4544 hic
859 4492 1100 4559 quidam,
1124 4496 1214 4564 qui
1244 4511 1348 4550 non
1393 4497 1568 4551 solum
1595 4497 1720 4553 vidit
1748 4516 1894 4568 eum,
1929 4507 2020 4559 sed

2140 4477 2376 4565 ἐνταῦθα,
2419 4500 2480 4552 οὑ
2516 4497 2673 4570 μόνον
2723 4491 3011 4567 ἱστορήσας
3061 4491 3242 4556 αὑτὸν,
3291 4488 3426 4544 ἀλλά
3465 4489 3558 4542 κοιλ⁸
3599 4488 3697 4560 τῆς

461 4590 516 4634 et
551 4595 618 4636 ea
662 4598 729 4635 ex
779 4584 998 4652 regione
1033 4587 1296 4643 oriundus
1338 4598 1439 4657 est,
1479 4591 1560 4645 vir
1607 4590 1885 4664 Hebrmus,
1927 4615 2024 4652 no-

2140 4593 2331 4648 εκεῖθεν
2358 4593 2460 4663 γῆς
2490 4591 2767 4661 ὑπάρχων,
2797 4585 3214 4661 ἀνὴρἘὸραίος,
3249 4583 3465 4653 ὀνόματι
3491 4580 3696 4652 Βαρνά-

461 4674 611 4728 mine
655 4672 953 4744 Barnabas,
996 4679 1088 4747 qui
1139 4695 1198 4734 se
1244 4697 1460 4751 quoque
1501 4685 1576 4739 ait
1601 4701 1767 4739 unum
1799 4702 1920 4743 esse
1957 4705 2018 4743 ex

2140 4685 2243 4749 5ας,
2277 4685 2336 4748 ὃς
2361 4685 2454 4738 καὶ
2480 4684 2575 4736 ἕνα
2616 4683 2723 4736 τῶν
2751 4680 2914 4734 αὐτοῦ
2949 4679 3199 4752 μαθητῶν
3233 4674 3423 4733 ἑαυτὸν
3451 4669 3586 4726 εἶναι
3609 4671 3695 4724 λέ-

462 4764 610 4822 illius
637 4766 942 4836 discipulis,
974 4779 1026 4823 et
1072 4770 1159 4826 hic
1201 4774 1392 4828 sedens
1415 4791 1595 4830 rerum
1631 4776 1700 4831 ab
1740 4778 1857 4848 ipso
1894 4795 2021 4848 pro.

459 4858 751 4914 missarum
779 4877 1056 4920 sermones
1087 4865 1388 4922 volentibus
1433 4868 1575 4923 ultro
1601 4867 1780 4924 refert.
1814 4869 1876 4926 Et
1901 4873 2023 4942 qui-

456 4950 581 5007 dem
638 4968 759 5012 cum
818 4954 883 5008 iis
936 4971 1254 5028 progressus
1303 4975 1444 5015 sum.
1496 4963 1573 5016 Ae
1625 4962 1846 5017 veniens
1895 4981 2016 5020 cum

2125 4796 2229 4849 γει,
2255 4780 2348 4832 καὶ
2379 4776 2610 4832 ἐνταῦθά
2638 4791 2737 4828 που
2771 4772 3128 4844 καθεζόμενος
3155 4774 3254 4843 τῆς
3304 4767 3511 4825 ἐκείνου
3564 4767 3693 4818 ὑπο-

2129 4873 2363 4944 σχέσεως
2378 4871 2503 4934 τοὺς
2529 4870 2718 4938 λόγους
2745 4871 2855 4930 τοῖς
2879 4866 3214 4937 βουλομένοις
3255 4865 3488 4936 ἑτοίμως
3521 4863 3685 4946 λέγει.

2125 4968 2235 5020 Καὶ
2263 4967 2327 5037 δὴ
2359 4963 2614 5035 συνῆλθον
2659 4961 2856 5023 αὐτοῖς.
2899 4961 3006 5014 Καὶ
3045 4958 3232 5024 ἐλθὼν,
3264 4959 3358 5013 σὺν
3401 4959 3479 5029 τῷ
3520 4976 3684 5031 παρε-

1751 5107 1984 5163 VARIIE
2024 5106 2422 5165 LECTIONES.

651 5207 786 5270 ῶτες
810 5205 872 5262 0.
951 5209 970 5239 ³
994 5207 1074 5290 .lta
1101 5210 1145 5265 0
1167 5228 1217 5267 c.
1245 5214 1409 5286 Epil.,
1437 5214 1777 5286 ἀπολαύσητε
1806 5218 1868 5274 C.
1903 5219 2044 5274 κατά
2072 5219 2170 5292 τὴν
2197 5237 2247 5273 τ.
2291 5235 2341 5272 σε
2372 5233 2425 5288 p.
2460 5214 2594 5320 μετά
2624 5214 2721 5283 τὴν
2757 5229 2808 5264 τ.
2846 5228 2896 5263 σ.
2928 5211 3086 5266 tacite
3116 5211 3282 5287 edidit
3325 5212 3407 5265 Cl.
3437 5213 3676 5282 repetiit-

680 5279 850 5320 thl-
889 5280 1169 5320 Ipntmnmn
1205 5282 1254 5320 in
1300 5286 1468 5320 Anum
1519 5300 1577 5320 nn
1641 5303 1736 5320 nm
1764 5289 2070 5320 ηηηςηη...ι.η
2105 5292 2365 5320 ..Ληηιηηρ
2522 5285 2641 5320 Eme!
2677 5281 2893 5320 mlinnvi
2928 5297 2956 5320 ο
3013 5279 3057 5320 η
3092 5290 3144 5320 pl
3186 5279 3306 5320 Rm!
3403 5282 3676 5320 Ilione-hin—

528 5209 648 5260 ’W

529 5225 549 5239 -
583 5225 786 5331 ἒνωτες
810 5225 872 5262 υ.
951 5225 970 5239 ·
994 5225 1074 5290 ,ιιο
1101 5225 1145 5265 υ
1167 5228 1217 5292 ιιἴ
1245 5225 1409 5286 Epit,
1437 5225 1777 5286 ἀπολαυσητε
1806 5225 1868 5274 (.2.
1903 5225 2044 5274 κατά
2072 5225 2170 5292 τὴν
2197 5237 2247 5273 τ.
2291 5235 2341 5272 σε
2372 5234 2388 5288 ι

455 5293 563 5404 ὃυε
632 5279 852 5360 ,βοιίώ
888 5280 1169 5334 lectionem
1203 5286 1491 5349 tn‘Annot.
1519 5300 1596 5338 cr.
1639 5303 1736 5355 pro
1763 5289 2072 5358 conjectura
2104 5292 2388 5343 adnotans.

533 5389 548 5404 .
581 5364 673 5404 aut
709 5347 832 5402 (lein
870 5349 1279 5404 κολασθήσεται.
1309 5363 1435 5404 nota
1465 5357 1746 5404 marginali
1776 5369 2076 5404 correctum
2106 5361 2155 5404 in
2181 5360 2324 5404 VlllQ-

2521 5285 2642 5338 ἐπεί
2675 5279 2900 5353 adjungi
2928 5279 3057 5353 c._0
3092 5290 3144 5353 et
3166 5279 3324 5353 Epit.
3403 5279 3678 5353 ’ῥιφείσας

533 5349 673 5428 “qui
709 5347 832 5428 (lein
870 5345 1286 5428 κολασθήσεται,
1309 5363 1435 5428 nota
1465 5345 1747 5428 marginali
1776 5345 2076 5414 correctum
2105 5361 2156 5414 in
2181 5360 2324 5428 vulg.
2401 5357 2420 5387 ⁸
2452 5355 2623 5428 οὕτως
2651 5353 2712 5428 Ο..
2741 5345 2806 5428 ’.⁷
2839 5345 2941 5428 ὧδέ
2987 5351 3066 5428 ρ,
3105 5352 3132 5403 ό
3160 5345 3238 5420 δή
3270 5351 3334 5415 0,
3372 5345 3674 5428 c.'C._'_'f_uui

459 5419 736 5472 ἐκπλέκων
774 5418 814 5472 C
846 5461 861 5485 ,
891 5421 981 5494 qui
1008 5418 1195 5494 tamen
1244 5423 1527 5493 ἐμπλέκων
1558 5418 1702 5494 conj.

1790 5429 1812 5459 ⁸
1839 5428 1997 5483 Errat
2029 5419 2400 5499 Sehweglérus
2437 5427 2502 5499 de
2550 5423 2847 5499 Gotelerio.
2873 5419 3269 5499 ἀποθχίσκομεν
3292 5436 3416 5475 eum
3445 5422 3678 5477 edidisse

459 5505 750 5571 asserens“:
803 5498 855 5542 tu
881 5489 1151 5571 Clericum
1179 5489 1287 5571 (e_d_.
1319 5489 1762 5571 liiﬂjintellige.
1841 5499 2084 5571 ’λεόρτον
2112 5499 2199 5571 (7)7,
2222 5489 2421 5571 ’πόντον
2553 5492 2671 5571 ειιιιιη
2709 5491 2950 5571 Clericus
2977 5489 3407 5571 :Ft_)t'te_ndptov,
3447 5502 3677 5571 portum,

463 5574 654 5636 nempe
693 5557 994 5636 Romanum
1027 5557 1195 5636 :vi_de'
1215 5563 1438 5636 Μανίαν.
1463 5557 1586 5636 Ign.
1612 5582 1659 5620 c.

1715 5608 1728 5630 ν
1766 5577 1819 5638 et
1865 5560 2005 5638 Ερίὶ.
2037 5587 2086 5625 c.
2129 5560 2214 5623 78.
2249 5567 2383 5621 Tum
2406 5568 2508 5638 ei;
2537 5563 2628 5616 τὸν
2656 5560 2941 5638 λιμένα

3050 5559 3093 5590 ³⁸
3117 5558 3178 5613 τέ
3207 5558 3316 5614 om.
3347 5559 3414 5616 0.
3508 5563 3550 5594 “
3583 5565 3678 5617 καὶ

459 5629 550 5705 τοῦ
584 5625 649 5688 0,
677 5637 729 5681 et
748 5645 824 5705 ex
849 5631 1078 5701 conject.
1108 5630 1148 5684 D
1180 5671 1193 5699 ,
1229 5625 1380 5704 pati
1394 5625 1582 5688 τοὺὌ.
1662 5625 1787 5691 ⁸³⁷οῑ
1809 5639 1856 5690 τ’
1883 5625 1948 5697 0.
1976 5639 2113 5695 Tum
2154 5638 2333 5695 addidi
2359 5637 2448 5692 τόν
2477 5625 2601 5692 ante
2638 5625 2739 5705 μέν
2771 5647 2819 5688 c.
2861 5628 2925 5686 Ο.
2970 5627 3049 5685 Ita
3077 5631 3361 5702 legendum
3387 5646 3507 5688 esse
3535 5641 3679 5689 recte

460 5700 707 5758 observat
727 5700 802 5769 _S.
