4068 6338
289 373 359 440 αδ
1410 369 1848 426 ςιιῖιιιελτιΝΑ

1956 397 1968 409 -
2007 369 2286 425 HOMILIA
2318 370 2356 424 1.
3459 371 3530 422 m‘.

285 495 443 548 στῶτι
469 491 616 563 ὔχλῳ
663 490 822 564 ἔστην
863 490 1146 544 ἐπακούων
1190 488 1296 541 τῶν
1349 488 1540 557 λόγων,
1573 489 1666 541 καὶ
1707 504 1855 541 συνε-

1959 493 2169 540 astante
2200 483 2543 538 multitudine
2590 483 2712 538 steti
2755 498 3032 540 Sermones
3081 485 3338 554 audiens;
3367 499 3533 552 atquo

283 589 433 644 νόουν
483 586 691 657 τάληθῆ
726 586 769 616 ’³
795 585 856 638 οὐ
898 585 1206 654 διαλεκτικῇ
1253 582 1413 653 τέχνῃ
1444 581 1687 650 λέγοντα,
1725 581 1857 634 ἀλλά

279 682 503 744 ἀκάκως
552 681 646 733 καὶ
700 677 1202 749 ἀπαρασκευάστως
1267 675 1644 746 ὲκτιθέμενον,
1705 675 1740 728 ἃ.
1797 691 1857 726 τε

280 775 479 841 ἤκουσε
523 775 616 826 καὶ⁵
655 771 865 844 ἑώρακε
892 771 982 824 τὸν
1022 769 1114 823 τοῦ
1147 767 1280 822 Θεοῦ
1324 769 1557 837 φανέντα
1595 768 1723 820 Υίὸν
1762 785 1860 820 πε-

279 865 566 937 ποιηκέναι
613 883 673 918 τε
709 866 803 918 καὶ
846 865 1144 936 εἰρηκέναι.
1192 861 1425 924 Πολλοὺς
1468 860 1526 912 δὲ
1577 861 1858 932 μάρτυρας

273 960 377 1012 τῶν
407 960 498 1012 ὑπ’
521 957 686 1011 αὑτοῦ
717 957 1022 1028 λεγομένων
1055 957 1096 987 ³⁸
1118 954 1431 1026 θαυμασίων
1455 971 1513 1006 τε
1542 955 1636 1006 και
1662 953 1854 1021 λόγων,

273 1053 364 1106 καὶ
388 1051 448 1117 ἐξ
476 1050 644 1104 αὑτοῦ
676 1051 770 1103 τοῦ
798 1047 1144 1121 παρεστῶτος
1167 1047 1343 1118 ὄχλου,
1374 1049 1651 1119 παρεῖχεν.

339 1167 410 1220 Χ.
454 1165 674 1235 Ἐπειδὴ
713 1165 770 1218 δὲ
823 1165 960 1235 πρὸς
997 1163 1065 1216 τὰ
1110 1161 1465 1233 ἀπανούργως
1497 1159 1762 1230 λεγόμενα
1805 1159 1854 1211 οί

270 1262 416 1331 ὄχλοι
450 1260 623 1330 ἠὸέως
653 1259 696 1290 ¹⁸
729 1257 1033 1318 διετίθεντο,
1196 1257 1243 1307 οἱ
1284 1256 1348 1306 ὲκ
1391 1252 1636 1314 παιδείας
1667 1268 1856 1320 κοσμι-

272 1355 371 1425 κῆς
394 1351 706 1424 ὁρμώμενοι
747 1350 1019 1420 φιλόσοφοι
1059 1348 1223 1419 γελᾷν
1265 1346 1424 1399 αὑτὸν
1453 1345 1546 1399 καὶ
1575 1342 1855 1416 χλευάζειν

271 1445 599 1499 ἐπεϐάλοντο
629 1444 693 1507 ⁸⁸,
741 1441 1078 1504 σκώπτοντες
1121 1441 1214 1493 καὶ
1261 1439 1606 1512 διασύροντες
1667 1437 1855 1507 θράσει

272 1538 514 1608 ἀμέτρῳ,
542 1537 617 1600 ὡς
649 1534 902 1606 μεγάλοις
936 1533 1116 1596 ὅπλοις
1160 1531 1487 1604 κεχρημένοι
1532 1533 1642 1593 τοῖς
1674 1529 1856 1582 συλλο-

272 1633 506 1699 γισμοῖς.
554 1628 610 1681 '0
632 1628 688 1680 δὲ
719 1625 1100 1696 ἀπωθούμενος
1127 1623 1304 1676 αὐτῶν
1333 1623 1424 1675 τὸν
1446 1623 1608 1693 λῆρον
1629 1622 1690 1674 οὐ
1728 1639 1855 1674 συν-ο

271 1723 492 1794 ἔτρεχεν
525 1722 703 1774 αὐτῶν
743 1723 810 1792 τῇ
855 1719 1145 1792 πανούργῳ
1192 1717 1381 1771 πεύσει
1403 1717 1468 1780 ¹¹⁷,
1500 1716 1612 1769 ἀλλ’
1647 1717 1853 1769 ἀκατα-

1959 575 2196 634 intellexi
2225 592 2350 631 vera
2400 591 2524 631 eum
2572 577 3002 632 non‘dialectica
3041 587 3158 635 arte
3195 579 3397 646 dicere,
3435 584 3529 638 sed

1959 672 2076 728 sine
2107 673 2307 726 malitia
2336 683 2389 725 et
2413 671 2805 740 praeparatione
2841 687 3112 742 exponere
3133 691 3254 744 quae
3284 677 3532 734 audierat

1956 776 2009 820 et
2034 768 2241 821 viderat
2277 782 2304 818 a
2339 765 2432 820 Dei
2460 765 2618 830 Filio,
2652 765 2745 833 qui
2790 776 3115 834 conspectus
3156 768 3351 832 fuerat,
3389 771 3528 827 facta

1956 870 2007 916 et
2039 862 2199 915 dicta.
2228 860 2425 914 Multos
2473 869 2650 914 autem
2701 867 2866 913 testes
2896 861 3282 916 miraculorum
3323 873 3373 918 et
3412 881 3530 919 ser-

1957 969 2200 1016 monum,
2230 954 2298 1007 ab
2328 955 2444 1022 ipso
2473 953 2770 1015 editorum,
2796 968 2862 1007 ex
2907 953 3020 1023 ipsa
3045 956 3206 1009 etiam
3239 959 3529 1015 assistente

1956 1051 2109 1122 plebe
2131 1048 2479 1119 producebat.

2025 1165 2093 1220 Χ.
2127 1163 2574 1233 Quandoquidem
2608 1177 2736 1216 vero
2767 1162 2830 1216 ad
2861 1162 3000 1217 dicta
3048 1164 3272 1220 minime
3303 1167 3526 1222 subdoia

1955 1260 2186 1330 populus
2221 1259 2445 1311 libenter
2471 1258 2798 1322 attendebat,
2830 1273 2893 1311 ex
2937 1258 3243 1312 eruditione
3281 1261 3526 1315 saeculari

1955 1355 2281 1424 prodeuntes
2318 1353 2622 1422 philosOphi
2674 1352 2852 1407 ridere
2903 1369 3024 1408 eum
3075 1369 3139 1407 ac
3193 1354 3529 1409 subsannare

1955 1447 2193 1516 aggressi
2238 1454 2383 1509 sunt,
2412 1445 2704 1499 immodica
2745 1446 2970 1500 audacia
3011 1446 3326 1501 cavillantes
3364 1456 3529 1516 atque

1953 1538 2170 1607 probris
2203 1538 2554 1602 incessentes,
2587 1547 2638 1590 et
2668 1538 2822 1607 quasi
2867 1539 3035 1594 armis
3072 1541 3264 1595 validis
3312 1551 3528 1601 utentes

1956 1629 2299 1700 syllogismis.
2337 1628 2537 1691 Atille,
2591 1629 2822 1699 ineptias
2874 1646 3062 1685 eorum
3096 1633 3376 1702 repellens,
3405 1650 3529 1689 ver-

1955 1732 2088 1777 suta:
2143 1723 2383 1792 ipsorum
2435 1722 2841 1792 interrogationi
2889 1739 2996 1777 non
3027 1726 3380 1792 occurrebat;
3432 1727 3527 1782 sed

271 1817 530 1888 πλήκτως
552 1807 625 1867 ὧν
655 1812 958 1882 ἔλεγενούκ
985 1811 1262 1881 ἀφίστατο.
1295 1810 1405 1864 Καί
1446 1808 1576 1861 ποτέ
1620 1826 1704 1872 τις
1755 1809 1852 1860 αύ-

1956 1813 2218 1884 inlrcpide
2265 1830 2295 1868 a
2345 1829 2595 1868 sermone
2647 1829 2747 1869 suo
2796 1831 2904 1869 non
2953 1816 3266 1872 desistebat.
3317 1817 3382 1872 Et
3422 1819 3524 1872 ali-

271 1910 362 1964 τοῦ
400 1908 653 1969 ἐπύθετο,
689 1906 775 1960 διὰ
802 1905 852 1958 τί
889 1903 1084 1974 κώνωψ
1131 1903 1362 1972 ἐγένετο,
1394 1903 1486 1956 καὶ
1516 1903 1558 1934 ¹⁸
1587 1900 1856 1973 βραχύτα-

267 2021 357 2058 τον
386 2002 470 2064 δν,
497 2002 556 2067 ἒξ
590 2000 754 2062 πόδας
789 1999 927 2068 ἕχον,
972 1997 1083 2067 ἔχει
1117 1997 1158 2027 ⁸³
1185 1996 1279 2049 καὶ
1323 1995 1519 2066 πτερὰ,
1553 1995 1748 2064 ἐλέφας
1773 1995 1851 2059 δὲ,

265 2095 323 2150 τὺ
352 2094 615 2167 μέγιστον
641 2092 747 2144 τῶν
775 2089 946 2155 ζώων,
976 2089 1212 2160 ἄπτερος
1243 2086 1337 2150 ὢν,
1360 2087 1628 2159 τέσσαρας
1667 2088 1855 2160 μόνους

266 2189 376 2258 ἔχει
410 2186 600 2248 πόδας.
639 2185 695 2238 '0
722 2185 778 2237 δὲ
811 2183 948 2254 μετά
978 2183 1076 2254 τὴν
1115 2180 1305 2235 πεῦσιν
1334 2181 1424 2234 τὸν
1464 2181 1854 2250 ὲμποδισθέντα

265 2279 555 2335 ἀναλαϐὼν
590 2277 765 2346 λόγον,
807 2277 882 2340 ὡς
925 2275 1062 2347 πρὸς
1103 2277 1201 2346 τὴν
1249 2273 1440 2328 πεῦσιν
1487 2275 1857 2346 ἀποκρινάμε-

266 2391 354 2437 νος
380 2375 450 2435 ’⁸,
477 2373 574 2425 τδν
602 2370 750 2441 αύτῷ
778 2371 871 2423 ἀπ’
907 2369 1080 2440 ἀρχῆς
1119 2370 1473 2441 προκείμενον
1517 2368 1855 2438 ἀνελάμϐανε

265 2468 423 2537 λόγον
449 2467 627 2537 τούτῳ
657 2465 800 2536 μόνῳ
840 2463 1107 2534 προοιμίῳ
1150 2460 1427 2533 χρώμενος
1467 2460 1587 2514 καθ’
1622 2461 1855 2532 ἑκάστην

264 2561 541 2630 ἐγκοπήν·
577 2560 764 2628 Ἡμεῖς
792 2556 885 2609 τοῦ
919 2555 1229 2626 «ageam;
1254 2556 1285 2626 ἡ
1294 2556 1398 2624 μᾶς
1420 2556 1542 2618 τοὺς
1559 2553 1745 2623 λόγους
1766 2555 1857 2608 καὶ

266 2652 364 2716 τὰς
406 2651 746 2722 θαυμασίους
797 2648 1022 2719 πράξεις
1067 2649 1237 2699 εἰπεῖν
1289 2648 1415 2716 ὑμῖν
1461 2646 1618 2716 μόνον
1664 2647 1856 2717 ἔχομεν

265 2744 510 2814 ἐντολὴν,
548 2743 642 2796 καὶ
678 2742 797 2795 ἀντὶ
835 2741 936 2811 τῆς
959 2740 1181 2810 λογικῆς
1218 2739 1540 2802 ἀποδείξεως
1574 2739 1857 2810 μάρτυρας

265 2836 582 2907 παρέχομεν
632 2833 759 2905 ὑμῖν
796 2833 904 2886 τῶν
953 2833 1010 2898 ἐξ
1055 2831 1206 2901 ὑμῶν
1238 2832 1281 2862 ⁹¹
1312 2830 1674 2901 παρεστώτων
1727 2832 1853 2884 πολ-

265 2927 412 2992 λοὺς,
439 2923 516 2980 ὧν
541 2925 652 2995 ἐγὼ
680 2925 748 2979 τὰ
780 2927 825 2956 ¹¹
846 2925 958 2996 εἴδη
987 2923 1289 2994 μέμνημαι,
1319 2923 1393 2986 ὡς
1416 2923 1688 2994 ἐμψύχους
1716 2924 1857 2976 εἰκό-

265 3038 384 3084 νας,
417 3018 612 3080 ἱκανὰς
643 3018 964 3089 μαρτυρίας.
1002 3016 1200 3071 Λοιπὸν
1229 3016 1327 3086 τῆς
1347 3015 1393 3046 ”
1416 3015 1686 3086 ὑμετέρας
1712 3017 1857 3070 ἐστὶν

265 3111 540 3179 ἐξουσίας,
570 3110 814 3164 ὑπείκειν
840 3109 872 3180 ἢ
897 3108 1157 3162 ἀπειθεῖν.
1204 3107 1308 3160 Τοῦ
1347 3106 1402 3159 δὲ
1433 3107 1611 3175 λέγειν
1644 3107 1769 3177 ὑμῖν
1795 3107 1854 3160 τὸ

270 3206 551 3278 συμφέρον
569 3205 631 3257 οὐ
657 3203 950 3273 παύσομαι,
972 3204 1052 3256 ὅτι
1078 3201 1199 3272 ἐμοὶ
1226 3201 1324 3272 μὲν
1347 3200 1514 3270 ζημία
1541 3200 1601 3253 τὸ
1624 3201 1851 3271 σιωπᾷν,

269 3299 396 3370 ὑμῖν
422 3299 479 3352 δὲ
503 3297 566 3350 τὸ
583 3295 824 3350 ἀπειθεῖν
856 3294 1044 3366 βλάϐη.
1075 3293 1232 3349 Ἀλλά
1251 3294 1344 3346 καὶ
1370 3292 1477 3345 τῶν
1508 3292 1724 3345 εἰκαίων
1749 3291 1856 3364 34

269 3389 425 3460 ὐμῶν
454 3388 855 3460 προϐλημάτων
887 3388 984 3450 τὰς
1006 3385 1305 3451 ἀποδείξεις
1333 3386 1379 3416 ’⁵
1405 3385 1694 3440 ἀποδοῦναι
1727 3386 1854 3457 ἡδυ-

267 3485 472 3556 νάμην,
507 3486 557 3536 εἰ
585 3481 892 3552 φιλαληθῶς
933 3479 1312 3534 ὲπυνθὰνεοθε.
1367 3479 1644 3543 Κώνωπος
1670 3480 1726 3532 δὲ
1763 3480 1856 3533 καὶ

270 3578 563 3647 ὲλέςταντος
591 3577 689 3647 τὴν
726 3575 902 3628 αἰτίαν
948 3576 1044 3646 τῆς
1081 3574 1335 3646 διαφόρου
1377 3566 1730 3645 δημιουργίας
1762 3573 1856 3626 νῦν

271 3672 400 3741 ὑμῖν
443 3671 547 3723 οὐκ
593 3669 740 3722 ἔστιν
791 3671 962 3721 εἰπεῖν
1012 3668 1058 3698 ’⁸
1106 3665 1360 3738 εὔκαιρον
1399 3669 1511 3730 τοῖς
1559 3666 1667 3718 τῶν
1721 3665 1855 3718 ὅλων

271 3762 528 3830 ἀγνοοῦσι
557 3762 709 3815 Θεόν.

341 4073 436 4128 XI.
467 4075 656 4130 Ταῦτα
688 4074 850 4127 αὑτοῦ
879 4073 1143 4143 λέγοντος,
1173 4074 1246 4137 ὡς
1275 4073 1338 4126 ὲκ
1372 4073 1686 4145 συμφωνίας
1722 4075 1853 4128 ἀτα-

276 4183 402 4221 κτον
441 4167 677 4236 ἠφίεσαν
709 4166 940 4233 γέλωτα,
975 4167 1325 4236 κατασιωπᾷν
1359 4165 1453 4219 καὶ
1504 4167 1728 4236 ἀπορεῖν
1759 4167 1856 4218 αὑ-

277 4257 365 4310 τὺν
397 4257 732 4329 πειρώμενοι
759 4257 834 4320 ὡς
865 4257 1134 4329 βάρϐαρόν
1165 4275 1284 4310 τινα
1328 4258 1677 4328 δαιμονῶντα.
1716 4255 1856 4325 Ἐγὼ

276 4351 331 4405 δὲ
350 4351 527 4403 ταῦτα
554 4349 717 4421 ὁρῶν,
749 4348 892 4420 ζήλῳ
919 4350 1018 4402 οὐκ
1057 4344 1151 4401 οἷδ’
1183 4350 1330 4412 ὅπως
1371 4349 1612 4419 ληφθεὶς,
1645 4349 1858 4402 εὐσεϐεῖ

278 4442 433 4512 θυμῷ
462 4441 558 4494 τοῦ
591 4439 776 4493 λοιποῦ
818 4441 974 4511 σιγᾷν
1016 4440 1114 4492 οὐκ
1159 4440 1508 4511 ἐκαρτέρουν,
1539 4441 1672 4494 ἀλλὰ
1720 4438 1854 4512 μετά

1955 1906 2173 1976 quando
2215 1906 2434 1976 quidam
2480 1906 2704 1976 rogabat
2744 1922 2890 1970 eum,
2931 1923 3030 1962 cur
3056 1908 3127 1963 ita
3167 1909 3340 1964 factus
3385 1919 3527 1966 esset

1955 2000 2132 2062 culex,
2163 2007 2242 2060 ut,
2264 2014 2386 2052 cum
2417 2000 2698 2052 minimum
2729 1999 2989 2068 quid'sit,
3021 2009 3072 2054 et
3101 2017 3195 2055 sex
3225 2002 3386 2070 pedes
3423 2001 3526 2055 ha-

1957 2092 2098 2157 beat,
2122 2093 2342 2160 insuper
2364 2101 2417 2146 et
2439 2092 2553 2146 alas
2576 2101 2757 2161 gerat;
2783 2093 3002 2162 elephas
3027 2109 3173 2159 vero,
3205 2094 3522 2149 animalium

1956 2185 2273 2244 maximum,
2314 2201 2436 2240 cum
2469 2193 2650 2240 careat
2695 2186 2816 2251 alis,
2857 2194 3091 2256 quatuor
3123 2195 3330 2240 tantum
3363 2187 3525 2256 pedes

1957 2279 2170 2334 habeat.
2206 2279 2294 2334 Ille
2320 2288 2499 2334 autem
2542 2289 2665 2349 post
2699 2281 3199 2352 interrogationem,
3235 2283 3524 2352 abruptum

1956 2389 2237 2429 resumens
2280 2388 2607 2440 sermonem,
2638 2375 2795 2443 quasi
2837 2374 2901 2428 ad
2937 2375 3394 2445 percontationem
3435 2390 3526 2428 re-

1956 2467 2282 2536 spondisset,
2305 2467 2638 2537 propositum
2667 2467 2767 2521 sibi
2812 2468 2879 2521 ab
2910 2467 3063 2523 initio
3102 2483 3405 2523 sermonem
3439 2483 3528 2521 re-

1955 2559 2126 2628 petiit.
2172 2560 2270 2614 hoc
2299 2560 2416 2614 solo
2446 2569 2601 2614 utens
2643 2561 2908 2630 prommio
2941 2577 3035 2629 per
3081 2561 3322 2630 singulas
3360 2561 3527 2614 inter-

1954 2654 2272 2724 pellationes
2299 2670 2311 2706 :
2341 2652 2520 2721 Nobis.
2539 2653 2921 2709 demandatum
2961 2652 3300 2705 solummodo
3330 2661 3433 2713 est,
3468 2659 3526 2704 ut

1953 2748 2109 2802 vobis
2146 2761 2425 2802 sermones
2463 2755 2516 2800 et
2546 2745 2813 2798 mirabilia
2858 2752 3006 2812 gesta
3054 2743 3200 2797 illius
3247 2742 3341 2812 qui
3377 2740 3526 2794 misit

1955 2854 2075 2901 nos,
2105 2837 2437 2904 referamus;
2462 2852 2525 2892 ac
2553 2853 2652 2908 pro
2677 2837 2849 2907 logica
2869 2836 3331 2892 demonstratione
3362 2843 3526 2891 testes

1955 2930 2108 2984 vobis
2138 2930 2489 2999 producimus
2534 2946 2722 2985 eorum
2767 2929 2860 2999 qui
2901 2946 2967 2984 ex
3005 2929 3158 2983 vobis
3210 2929 3298 2984 hic
3347 2937 3525 2983 astant

1953 3023 2262 3092 complures
2291 3038 2521 3092 quorum
2558 3037 2657 3091 ego
2699 3021 2865 3077 facies
2896 3022 3170 3084 recordor,
3199 3021 3344 3076 velut
3376 3020 3525 3074 vivas

1956 3117 2239 3188 imagines,
2265 3116 2457 3170 idonea
2482 3113 2811 3169 testimonia.
2843 3113 3108 3168 Caeterum
3136 3113 3190 3166 in
3220 3123 3398 3168 vestra
3428 3128 3528 3182 po—

1957 3218 2150 3264 testate
2192 3209 2356 3262 situm
2393 3216 2495 3271 est,
2540 3207 2788 3276 obsequi,
2819 3207 2902 3261 vel
2944 3205 3101 3260 tidem
3149 3222 3257 3260 non
3303 3206 3523 3264 habere.

1957 3301 2070 3373 Ego
2099 3312 2243 3358 certe
2285 3317 2392 3356 non
2432 3301 2660 3354 cessabo
2704 3298 2857 3354 vobis
2891 3313 3159 3368 exponere
3205 3299 3349 3368 quod
3396 3300 3527 3354 utile

1956 3405 2039 3453 est
2070 3416 2083 3451 :
2113 3396 2371 3466 quoniam
2419 3393 2798 3462 mihiquidem
2844 3393 3102 3448 damnum
3156 3401 3257 3457 est,
3307 3402 3524 3457 tacere;

1957 3489 2111 3543 vobis
2136 3505 2288 3552 vero,
2316 3504 2420 3543 non
2467 3488 2707 3552 credere,
2744 3502 2903 3541 noxa.
2937 3487 3041 3542 Sed
3075 3497 3129 3541 et
3171 3486 3405 3541 rutilium
3435 3503 3527 3543 ve-

1957 3592 2191 3637 strarum
2215 3584 2576 3652 quaestionum
2599 3580 3086 3634 demonstrationes
3109 3579 3238 3634 dare
3259 3589 3524 3649 poteram,

1957 3677 2004 3731 si
2043 3675 2287 3731 veritatis
2340 3674 2520 3728 studio
2563 3673 3020 3742 interrogassetis.
3059 3670 3255 3725 Verum
3303 3687 3523 3726 causam

1955 3768 2182 3822 diversae
2216 3767 2506 3821 ereationis
2545 3766 2735 3820 culicis
2779 3774 2832 3818 et
2872 3764 3142 3834 elephanti
3190 3780 3334 3819 nunc
3371 3765 3524 3818 vobis

1955 3862 2165 3932 aperire
2193 3861 2626 3932 intempestivum
2658 3869 2822 3924 esset,
2849 3860 2940 3930 qui
2967 3858 3130 3913 Deum
3165 3859 3408 3913 omnium
3439 3873 3525 3910 re-

1958 3971 2074 4008 rum
2103 3955 2388 4024 ignoratis.

2024 4068 2115 4122 XI.
2152 4066 2274 4122 llaec
2311 4083 2375 4122 eo
2405 4068 2616 4123 dicente
2645 4065 2800 4137 quasi
2843 4082 2909 4121 ex
2946 4066 3222 4121 communi
3253 4080 3522 4121 consensu

1956 4163 2286 4232 petulantem
2323 4161 2494 4216 risum
2535 4161 2852 4223 emiserunt,
2889 4159 3037 4212 illum
3083 4157 3314 4210 nitentes
3350 4156 3416 4210 ad
3450 4157 3526 4209 si-

1956 4257 2178 4311 lentium
2205 4265 2260 4310 et
2290 4254 2356 4310 ad
2383 4254 2662 4324 angustias
2688 4252 2927 4324 redigere
2951 4261 3205 4320 tanquam
3233 4250 3522 4304 barbarum

1956 4349 2244 4419 quemdam
2295 4348 2569 4402 insanum.
2622 4345 2752 4412 Quae
2797 4360 2920 4400 cum
2966 4359 3066 4414 ego
3116 4343 3375 4405 intuerer,
3409 4343 3525 4395 zelo

1958 4442 2144 4498 nescio
2186 4457 2295 4512 qua
2330 4441 2539 4495 ratione
2586 4449 2888 4509 correptus,
2933 4451 3028 4507 per
3051 4437 3187 4490 iram
3222 4436 3365 4506 piam
3403 4453 3524 4490 am-

279 4535 595 4606 παρρησίας
654 4533 822 4587 ἐϐόων
872 4532 1069 4601 λέγων·
1102 4533 1350 4599 Εύλόγως
1387 4534 1414 4584 ό
1461 4532 1592 4597 Θεὸς
1636 4535 1762 4604 ὑμῖν
1809 4533 1854 4564 ³⁸

1959 4535 2101 4605 plius
2125 4543 2303 4590 tacere
2331 4548 2438 4588 non
2476 4531 2732 4596 sustinui,
2769 4531 2860 4585 sed
2895 4545 3017 4585 cum
3052 4527 3248 4583 ﬁducia
3294 4527 3524 4582 clamavi

275 4629 664 4697 ἀκατάληπτον
720 4631 817 4697 τὴν
869 4624 1029 4678 αὑτοῦ
1078 4624 1324 4696 βούλησιν
1374 4625 1541 4689 έθετο,
1607 4627 1854 4700 ἀναξίους

279 4719 537 4789 προϊδὼν,
572 4718 649 4780 ὡς
684 4720 747 4770 ἐκ
774 4718 817 4747 ’⁷
849 4715 957 4772 τῶν
981 4715 1074 4768 νῦν
1103 4718 1228 4779 τοὺς
1261 4718 1500 4788 κριτικὸν
1540 4717 1663 4771 νοῦν
1708 4719 1858 4789 ἔχον-

278 4827 379 4872 τας
406 4808 765 4880 πληροφορῶν
810 4807 1075 4876 φαίνεται.
1122 4808 1271 4860 Ἐπεὶ
1309 4809 1415 4880 γάρ
1444 4809 1537 4863 νῦν
1569 4812 1667 4883 τῆς
1694 4813 1855 4868 αὑτοῦ

1962 4628 2179 4683 dicens:
2203 4625 2331 4681 Jnre
2358 4624 2499 4680 Deus
2529 4624 2858 4677 voluntatem
2886 4637 3041 4676 suam
3065 4621 3527 4690 incomprehensi-

1963 4720 2122 4774 bilem
2149 4718 2303 4772 vobis
2350 4731 2471 4772 esse
2516 4715 2707 4778 voluit,
2745 4714 2994 4782 indignos
3035 4713 3346 4784 praesciens,
3387 4713 3527 4767 sicut

1961 4827 2025 4867 ex
2058 4810 2415 4882 praesentibus
2460 4809 2552 4863 dat
2581 4808 2736 4877 plene
2761 4807 3056 4878 intelligere
3097 4806 3163 4860 iis
3204 4805 3296 4875 qni
3329 4806 3526 4860 mentis

282 4902 587 4974 βουλήσεως
613 4905 849 4974 κήρυκες
886 4899 1343 4971 ἐξαπεστάλησαν,
1369 4903 1430 4954 ού
1465 4907 1855 4978 γραμματικὴν

1956 4905 2162 4974 judicio
2211 4911 2456 4956 utuntur.
2503 4898 2641 4967 Quia
2690 4903 2834 4954 enim
2885 4915 3030 4954 nunc
3071 4899 3190 4968 ejus
3231 4899 3528 4955 voluntatis

1587 5040 1816 5095 VARUE
1857 5041 2256 5097 LECTIONES.

394 5154 436 5185 ¹³
461 5153 700 5224 ταληθῆς
720 5151 784 5206 0.
819 5151 956 5224 Tum
990 5149 1175 5224 ἀπλῷς
1206 5165 1260 5218 p.
1294 5149 1514 5224 ἀκάκως
1535 5151 1751 5224 ξοπιδ
1775 5193 1788 5217 ,
1812 5162 1871 5224 ut
1900 5153 2026 5209 Ruf.
2053 5163 2106 5209 et
2131 5149 2304 5224 Epit._
2326 5166 2375 5224 ρ.
2407 5149 2755 5224 9._Ca;tcrum
2799 5149 2926 5224 cfr.__
2959 5148 3099 5204 infra
3137 5149 3521 5224 d_1td_VOt§p'ft.0;.

285 5222 488 5293 “Lege
517 5219 826 5293 γενομένων
860 5222 921 5275 Ι).
999 5222 1040 5252 ¹⁸
1269 5223 1316 5272 οι
1355 5220 1498 5290 ὄχλοι
1525 5221 1588 5275 C.
1620 5219 2092 5293 _:”‘é1:55&).).ovvo
2123 5219 2186 5276 C.
2263 5222 2305 5254 "
2341 5220 2417 5275 Ita
2443 5221 2507 5286 C,
2559 5221 2612 5275 in
2668 5222 2815 5293 calce
2847 5221 2976 5274 edit.
3041 5230 3095 5274 et
3157 5219 3218 5293 Si
3249 5221 3303 5274 in
3340 5219 3522 5293 textu;

280 5289 571 5365 πνεύσειζέ
601 5334 616 5357 ,
648 5289 890 5365 πεύσῃο
919 5332 933 5354 ,
970 5289 1262 5365 πανούργῳ
1317 5289 1542 5365 omisso.
1583 5290 1835 5365 _“_Dele
1884 5293 1997 5365 καί,
2048 5293 2190 5365 quod
2237 5307 2403 5365 versu
2450 5291 2750 5365 insequenti
2783 5305 3063 5365 perperam
3117 5292 3374 5365 omissam
3433 5290 3523 5365 hic

281 5341 504 5446 ἱὲέξῷἑῖέ
527 5341 616 5418 ἔ.’
655 5341 879 5446 ἶῖξιζὲξεῖ
901 5341 1545 5446 ιξαιξχειῖρξρεέιὶἐχὸν
1577 5361 1635 5446 s.
1660 5341 1997 5446 βρῑὶζόἶῖᾂ
2022 5341 2150 5418 εἷςἶᾶ
2163 5341 3521 5446 “τιέιὲςξᾷωζιῖξέὖένξέὸ,τξεᾶῖρῥάιχύέξιὲᾇέξοπιες

280 5429 451 5498 πόδας
479 5432 755 5504 ἕχωνᾼιιαλἒ
775 5429 948 5504 πτερά
982 5429 1156 5504 φέρει.
1208 5432 1276 5504 _'°
1301 5431 1357 5504 Si.
1387 5429 1637 5504 proponit
1658 5429 2194 5504 ἀπροκρινούμενοςη
2246 5433 2289 5464 ²¹
2312 5429 2469 5504 Fort.
2495 5429 2611 5504 leg.
2657 5430 2716 5496 ἐξ
2740 5433 2893 5502 ὑμῶν
2923 5429 3029 5504 τῷν
3149 5429 3294 5504 “feci.
3321 5430 3521 5484 excidit

282 5519 375 5576 ap.
405 5505 487 5559 Cl.
509 5500 691 5576 fetus.
713 5503 852 5556 Tum
989 5500 1110 5576 iegi
1135 5501 1249 5576 vult
1302 5502 1547 5576 εἰκόνας,
1587 5500 1796 5576 ἱκαναῖς
1831 5500 2154 5576 μαρτυρίαις
2183 5501 2366 5576 λοιπὸν
2388 5531 2460 5542 —-
2482 5500 2762 5576 ὑπείκειν,
2781 5500 2844 5576 κ.
2879 5519 2934 5576 τ..
2961 5500 3010 5553 λ.
3040 5503 3108 5554 At
3147 5500 3287 5576 nihil
3305 5509 3520 5558 mtuan-

281 5569 438 5641 dum,
474 5575 544 5630 cl.
591 5572 740 5643 Epit.
787 5588 836 5626 c.
867 5571 952 5644 iO.
989 5569 1161 5627 verba
1214 5571 1402 5635 ῐκανάς
1459 5573 1764 5644 μαρτυρίας
1802 5569 2159 5644 appositionis
2213 5574 2389 5628 locum
2445 5573 2709 5628 obtinent.
2751 5593 2767 5620 σ
2799 5572 3044 5644 Producq
3099 5569 3522 5644 vobisbomtnes

286 5640 506 5711 multos,
524 5640 691 5716 testes
720 5643 1034 5716 loc_npletes_,
1064 5657 1187 5716 cum
1210 5643 1319 5716 sint
1344 5640 1496 5716 quasi
1525 5640 1728 5716 εικόνες
1742 5640 1991 5716 ἔ-μψυχοι.
2009 5663 2026 5696 ι
2049 5643 2164 5716 β.-
2185 5644 2230 5674 ¹³
2253 5645 2350 5716 τῆς
2382 5645 2559 5716 addidi
2585 5661 2633 5699 c.
2661 5645 2724 5716 υς
2801 5642 2847 5674 ’⁵
2871 5640 3156 5716 ἀπολύσεις
3174 5641 3520 5716 scribendum

286 5731 407 5770 esse
469 5708 620 5785 putat
651 5715 742 5768 Cl.
789 5708 928 5785 Tum
976 5711 1246 5785 ἐδυνάμην
1278 5708 1389 5785 (1.:
1427 5712 1492 5785 γ’]
1515 5715 1693 5785 Δεἰπεῖν
1726 5708 1998 5767 οὗκέὰὲιν
2029 5715 2091 5770 C.
2125 5712 2260 5769 Tum
2307 5708 2396 5767 τὸν
2425 5713 2532 5768 τῶν
2563 5729 2617 5782 p.
2652 5713 2760 5767 τῶν
2792 5729 2904 5766 var.
2933 5713 3054 5766 lect.
3090 5712 3142 5765 in
3170 5708 3315 5780 Epit.
3340 5725 3387 5769 c.
3430 5709 3515 5766 10.

286 5786 335 5817 ’⁸
360 5781 489 5859 ἡμῖν
515 5787 582 5843 0.
608 5785 788 5840 Etiam
824 5784 941 5839 Rec.
975 5799 1009 5844 ι.
1028 5784 1082 5844 9,
1111 5781 1272 5836 vobis.
1347 5782 1390 5812 "
1421 5781 1478 5845 ἐξ
1507 5781 1571 5835 0.
