4068 6338
527 309 593 371 6.7
1406 313 1462 366 S.
1493 305 1879 366 CLEMENTIS
1916 307 1934 362 ι
1968 306 2134 363 ROM.
2178 302 2380 364 PUNT.
2425 307 2652 365 OPERA
2690 309 2917 367 DUBIA.
3706 305 3776 359 (8

527 440 806 497 przecencs
836 427 991 483 missi
1041 435 1190 491 sunt,
1231 443 1339 482 non
1385 428 1794 498 grammaticam
1839 425 2081 496 proﬁten-

2198 426 2650 498 ἐπαγγελλόμενοι
2677 428 2894 500 τέχνην,
2933 429 3048 483 ἀλλ’
3079 427 3265 492 ἁπλοῖς
3305 428 3395 482 καὶ
3417 426 3782 501 ἀπανούρτοις

527 533 611 575 tes
647 527 840 584 artem,
881 519 974 572 sed
1002 520 1338 590 simplicibus
1369 531 1422 576 et
1450 522 1678 576 sinceris
1702 521 1880 575 verbis
1911 519 2098 574 consi-

528 611 660 664 lium
694 612 861 680 ipsius
883 613 1318 667 demonstrantes
1346 613 1501 682 (adeo
1529 623 1585 666 ut
1614 613 1838 682 quilibet
1866 611 1957 682 qui
2001 627 2099 664 au-

527 705 707 770 dierit,
757 706 1015 773 intelligat
1058 721 1178 774 qua:
1216 705 1494 775 dicuntur)
1537 721 1709 774 neque
1742 720 1863 759 cum
1905 703 2097 756 affectu

525 797 765 866 quodam
796 799 997 863 invido,
1045 814 1103 852 se
1145 799 1317 868 ipsum
1350 799 1559 853 cunctis
1589 798 1828 868 praebere
1859 796 2095 861 nolente,

525 889 729 944 adestis
783 881 927 956 vos,
954 899 1033 955 ut,
1066 899 1421 960 pra-terquam
1459 891 1603 960 quod
1645 905 1753 944 non
1798 889 2097 957 intelligitis

524 982 667 1050 quod
702 984 856 1037 vobis
883 985 1116 1052 expedit,
1136 985 1343 1038 ’damno
1383 994 1564 1038 vestro
1597 985 1872 1037 veritatem
1916 982 2094 1035 ridea-

523 1073 613 1137 tis,
639 1091 759 1143 quae
779 1077 920 1146 apud
942 1073 1204 1130 barbaros
1230 1078 1295 1130 ad
1324 1086 1557 1130 vestram
1584 1075 2093 1131 condemnationem

523 1177 788 1234 versatur,
816 1186 1089 1240 quamque
1121 1172 1186 1225 ad
1237 1187 1332 1226 vos
1378 1170 1752 1224 advenientem
1795 1184 1901 1222 non
1933 1169 2095 1222 vultis

522 1261 758 1332 hospitio
786 1266 1025 1333 recipere
1069 1274 1289 1334 propter
1336 1263 1589 1317 libidines
1630 1271 1862 1324 vestras,
1895 1269 1948 1314 et
1975 1277 2096 1313 vcr-

521 1352 714 1409 borum
758 1357 900 1410 illius
930 1357 1210 1419 vilitatem,
1245 1371 1313 1410 ne
1350 1354 1677 1426 arguamini,
1719 1354 1860 1423 quod
1895 1361 2094 1406 temere

520 1451 780 1522 philologi
809 1452 939 1506 estis
984 1467 1076 1505 seu
1109 1458 1379 1504 amatores
1411 1464 1745 1513 sermonum,
1776 1463 1882 1501 non
1912 1458 2091 1501 autem

518 1545 762 1599 veritatis
789 1553 1058 1598 amatores
1084 1542 1407 1613 philosophi.
1452 1541 1748 1610 Quousque
1771 1555 1901 1610 ergo
1928 1539 2093 1595 disci-

518 1639 588 1693 tis
618 1637 787 1706 loqui,
823 1638 914 1705 qui
952 1637 1177 1706 pulchre
1209 1635 1354 1705 loqui
1399 1635 1658 1689 nescitis?
1687 1633 1850 1688 Multa
1893 1635 2092 1704 quippe

516 1731 679 1784 verba
702 1739 879 1784 vestra
904 1730 1066 1782 unius
1084 1727 1232 1784 verbi
1261 1727 1432 1797 pretio
1460 1743 1565 1779 non
1590 1734 1718 1780 sunt
1749 1726 2086 1780 aestimanda.

517 1825 654 1891 Quid
688 1835 867 1879 autem
883 1821 1223 1878 dicetGraeca
1255 1830 1434 1875 vestra
1467 1820 1780 1894 multitudo,
1813 1818 2089 1872 unanimis

516 1915 680 1984 facta,
722 1916 768 1972 si
808 1916 1073 1986 judicium
1101 1913 1344 1969 futurum
1383 1921 1484 1978 est,
1526 1914 1704 1967 ntiste
1735 1915 1847 1967 ait?
1887 1912 2086 1980 Quare,

516 2009 679 2071 Deus.
702 2011 1032 2063 voluntatem
1057 1997 1202 2062 tuam
1232 2024 1336 2062 non
1360 2008 1663 2077 prmdicasti
1688 2007 1879 2062 nobis?
1899 2005 2088 2062 Nonne

514 2101 766 2165 audietis,
801 2102 845 2156 si
897 2101 1122 2154 omnino
1155 2100 1564 2170 responsionem
1597 2100 2042 2169 accipietis,'ha3e
2069 2118 2083 2155 :

514 2193 648 2264 Ego,
678 2210 799 2249 cum
844 2209 1034 2248 omnes
1069 2194 1278 2249 futuras
1314 2194 1620 2250 voluntates
1666 2203 1790 2247 ante
1820 2193 2085 2248 constitu-

512 2287 712 2342 tionem
765 2286 951 2340 mundi
985 2302 1389 2358 cognoscerem,
1423 2287 1718 2356 unicuique
1759 2302 1858 2356 pro
1891 2287 2084 2340 merito

511 2395 614 2434 suo
650 2381 876 2434 latenter
901 2381 1130 2450 praevius
1160 2379 1410 2444 occurri;
1440 2378 1582 2449 quod
1612 2388 1790 2432 autem
1822 2380 1871 2434 id
1905 2380 2080 2449 ipsum

511 2471 584 2526 ita
629 2487 687 2526 se
728 2473 924 2526 habeat
967 2473 1156 2526 volens
1200 2472 1267 2526 iis
1315 2472 1406 2540 qui
1451 2471 1516 2525 ad
1561 2487 1647 2526 me
1699 2471 2078 2541 confugerunt,

509 2565 666 2633 plene
702 2563 1072 2629 manifestare,
1108 2580 1204 2618 cur
1248 2564 1317 2617 ab
1360 2564 1536 2629 initio,
1571 2581 1600 2618 a
1623 2564 1812 2633 primis
1859 2579 2082 2634 genera-

509 2655 748 2711 tionibus
776 2657 1103 2711 voluntatem
1137 2671 1311 2710 meam
1345 2657 1522 2724 palam
1554 2672 1661 2709 non
1689 2655 1905 2710 siverim
1943 2670 2080 2723 prae-

507 2748 700 2814 dicari,
739 2765 882 2804 nunc
912 2749 1055 2803 circa
1097 2749 1276 2803 saaculi
1308 2749 1466 2801 linem
1500 2763 1775 2816 praecones
1814 2735 1917 2800 mei
1958 2763 2082 2801 con-

508 2841 613 2894 silii
643 2842 785 2906 misi,
820 2842 912 2911 qui
953 2851 1007 2895 et
1048 2842 1360 2906 irridentur,
1413 2849 1464 2894 et
1514 2840 1858 2894 contumeliis
1902 2839 2074 2894 allecti

505 2934 837 2988 deluduntur
865 2936 932 2988 ab
960 2935 1028 2988 iis
1057 2935 1148 3004 qui
1201 2949 1546 3004 nequaquam
1582 2933 1769 2986 volunt
1809 2932 2075 3002 adjuvari,

504 3027 708 3095 quique
752 3042 926 3080 meam
977 3027 1271 3082 amicitiam
1318 3027 1661 3080 vehementer
1699 3025 2072 3095 repudiarunt.

2200 520 2376 590 λόγοις
2404 524 2448 559 ’⁸
2477 523 2574 594 τὴν
2603 523 2766 577 αὑτοῦ
2808 523 3060 595 βούλησιν
3099 523 3464 593 ἐκφαίνοντες,
3504 522 3581 586 ὼς
3621 521 3784 576 πάνθ’

2197 615 2470 668 ὁντιναοῦν
2504 615 2806 670 ἀκούσαντα
2840 619 2979 670 νοεῖν
3009 615 3078 670 τὰ
3101 615 3388 688 λεγόμενα,
3418 615 3513 668 καὶ
3548 613 3608 667 οὐ
3647 612 3788 685 μετά

2199 704 2362 771 έξεώς
2389 725 2534 771 τινος
2559 709 2841 780 φθονερᾶς,
2864 708 3124 781 παρέχειν
3153 711 3314 762 πᾶσιν
3337 705 3532 778 ἑαυτὴν
3561 707 3636 780 μὴ
3668 705 3786 777 βου-

2197 797 2427 870 λομένης
2456 801 2500 831 ’⁸
2519 822 2530 830 ·
2563 800 2799 873 πάρεστε
2822 802 2997 872 ὑμεῖς,
3032 800 3168 873 πρὸς
3191 801 3268 870 τῷ
3299 801 3372 871 μὴ
3396 801 3536 853 νοεῖν
3565 798 3628 852 τὸ
3653 800 3784 870 ὑμῖν

2200 892 2494 963 συμφέρον,
2529 893 2621 945 ἐπὶ
2651 896 2716 964 τῇ
2745 893 2984 965 ὑμετέρᾳ
3015 892 3184 965 βλάϐῃ
3219 893 3382 964 γελᾷν
3422 892 3524 962 τὴν
3571 893 3650 954 είς
3682 892 3782 962 τὴν

2198 984 2466 1054 ὑμετέραν
2521 985 2814 1057 καταδίκην
2861 986 2918 1037 ἐν
2979 985 3270 1057 βαρϐάροις
3319 983 3780 1055 πολιτευσαμένην

2197 1075 2470 1146 ἀλήθειαν,
2501 1076 2566 1148 ῆν
2590 1077 2684 1130 καί¹
2721 1079 2848 1149 ὑμῖν
2878 1078 3286 1149 ἐπιδημήσασαν
3334 1075 3540 1141 ξενίσαι
3568 1075 3628 1128 οὐ
3659 1074 3781 1146 βού-

2195 1169 2371 1232 λεσθε,
2399 1171 2487 1224 διά
2513 1171 2612 1234 τὰς
2645 1171 2930 1239 ἀσελγείας
2961 1171 3135 1240 ὑμῶν,
3166 1169 3260 1223 καὶ
3290 1169 3350 1222 τὸ
3384 1168 3529 1221 λιτὸν
3557 1167 3665 1221 τῶν
3688 1167 3778 1221 λό-

2195 1281 2306 1332 γων
2338 1265 2524 1335 αὐτῆς,
2566 1265 2652 1317 ἴνα
2697 1265 2771 1336 μὴ
2803 1265 3112 1335 ἐλεγχθῆτε,
3143 1263 3249 1334 35
3277 1264 3358 1316 ὅτι
3399 1265 3519 1333 εἰκῇ
3553 1262 3596 1293 ³ο
3627 1261 3778 1330 φιλό-

2194 1358 2340 1427 λογοί
2370 1361 2514 1422 ἐστε,
2546 1361 2640 1413 καὶ
2672 1359 2732 1412 ού
2761 1358 3072 1431 φιλαλήθεις
3114 1357 3419 1426 φιλόσοφοι·
3477 1355 3635 1426 μέχρι
3678 1354 3778 1425 μὲν

2194 1449 2284 1507 οὖν
2314 1454 2442 1507 πότε
2484 1453 2663 1507 λαλεῖν
2693 1453 3008 1524 μανθάνετε,
3041 1454 3089 1504 οἱ
3125 1451 3184 1504 τὸ
3211 1450 3387 1513 καλῶς
3409 1447 3452 1481 ⁸¹
3476 1449 3654 1503 λαλεῖν
3677 1449 3779 1504 οὐκ

2194 1547 2433 1619 ἔχοντες;
2472 1547 2648 1600 Πολλά
2677 1547 2784 1619 γάρ
2811 1547 2962 1618 ὑμῶν
2989 1547 3205 1618 ῥήματα
3251 1545 3368 1607 ἐνδς
3395 1544 3494 1596 οὐκ
3528 1541 3653 1608 ἄξια
3689 1541 3780 1596 λό-

2191 1659 2308 1710 γου.
2366 1641 2429 1694 Τί
2473 1643 2577 1714 ἄρα
2626 1642 2740 1713 ἐρεῖ
2787 1640 2939 1711 ὑμῶν
2993 1636 3375 1711 τὺἙλληνικὸν
3421 1636 3621 1707 πλῆθος
3675 1635 3777 1706 μία

2192 1735 2335 1806 ψυχὴ
2367 1735 2673 1805 γενόμενον,
2708 1735 2863 1804 εἴπερ
2900 1733 3051 1786 ἐσται
3089 1733 3133 1764 ³²
3167 1731 3366 1803 κρίσις,
3399 1729 3474 1793 ὡς
3502 1724 3654 1791 οὗτος
3679 1725 3774 1781 λέ-

2190 1843 2305 1896 γεις
2335 1827 2434 1880 Διά
2465 1827 2536 1891 τί,
2566 1821 2610 1879 ὧ
2639 1826 2762 1890 Θεὲ,
2803 1827 2902 1898 τὴν
2952 1825 3049 1897 σὴν
3081 1823 3332 1895 βούλησιν
3363 1823 3463 1874 οὑκ
3500 1818 3772 1892 ἐκήρυξας

2189 1924 2347 1992 ήμῖν;
2375 1923 2448 1974 Οὐ
2476 1921 2690 1983 πάντως
2713 1918 3027 1982 ἀκούσεσθε,
3053 1919 3208 1989 εἴπερ
3241 1914 3581 1987 ἀποκρίσεως
3604 1931 3772 1967 κατα-

2189 2012 2536 2085 ξιωθήσεσθε,
2564 2013 2688 2066 τάδε
2717 2013 2787 2043 “-
2826 2010 2986 2081 Ἐγὼ,
3024 2009 3203 2073 πάσας
3229 2009 3327 2072 τὰς
3360 2006 3623 2077 ἐσομένας
3663 2006 3772 2077 πρὸ

2186 2105 2487 2177 καταϐολῆς
2531 2105 2733 2176 κόσμου
2775 2103 2930 2168 εἰδὼς
2975 2101 3339 2176 προαιρέσεις,
3390 2101 3531 2162 ἰδίως
3563 2101 3608 2131 ⁸⁸
3637 2100 3769 2153 ἐκάη

2189 2215 2298 2270 στῳ
2327 2201 2461 2272 πρὸς
2489 2201 2549 2252 τὸ
2579 2199 2740 2253 αὐτοῦ
2773 2197 2918 2263 ἄξιον
2945 2197 3311 2259 λανθανόντως
3339 2196 3730 2266 προαπήντησα
3750 2203 3764 2223 ⁵

2182 2293 2340 2346 τοῦτο
2382 2294 2438 2346 δέ
2481 2293 2610 2346 αὐτὸ
2654 2294 2734 2346 ὅτι
2772 2293 2943 2356 οὕτως
2974 2291 3104 2362 ἔχει,
3138 2288 3416 2361 βουληθεὶς
3441 2289 3566 2350 τοὺς
3599 2303 3769 2358 προσ-

2182 2386 2523 2455 πεφευγότας
2571 2404 2658 2458 μοι
2709 2385 3140 2457 πληροφορῆσαι,
3188 2380 3274 2434 διὰ
3318 2380 3370 2432 τί
3413 2381 3664 2450 ἀπαρχῆς
3701 2381 3765 2432 ἐκ

2181 2479 2458 2550 προτέρων
2500 2479 2699 2548 γενεῶν
2742 2478 2842 2548 τὴν
2893 2477 3031 2547 ἐμὴν
3090 2472 3338 2545 βούλησιν
3389 2470 3623 2542 δημοσίᾳ
3665 2471 3767 2524 ούκ

2181 2571 2334 2624 εἴασα
2365 2572 2722 2642 κηρυχθῆναι,
2755 2569 2850 2623 νῦν
2889 2568 3024 2640 πρὸς
3052 2567 3128 2638 τῷ
3163 2567 3303 2619 τέλει
3332 2564 3425 2618 τοῦ
3463 2563 3578 2635 βίον
3605 2564 3648 2594 ³³
3673 2566 3767 2634 κή-

2182 2682 2352 2734 ρυκας
2380 2665 2515 2735 ἐμῆς
2539 2662 2731 2734 βουλῆς
2757 2661 3070 2724 ἀπέστειλα,
3107 2662 3155 2714 οἳ
3183 2660 3226 2691 ³⁸
3252 2659 3346 2712 καὶ
3376 2657 3638 2727 γελῶνται
3665 2658 3763 2711 καὶ

2180 2756 2519 2828 ὑϐριζόμενοι
2549 2755 2897 2826 χλευάζονται
2927 2753 3032 2808 ὑπὸ
3071 2753 3179 2806 τῶν
3228 2752 3394 2822 μηδὲν
3437 2749 3763 2820 ὠφελεῖσθαι

2178 2847 2435 2901 θελόντων
2464 2849 2555 2902 καὶ
2592 2847 2996 2920 ἐπιτεταμένως
3038 2848 3136 2918 τὴν
3182 2847 3321 2918 ἐμὴν
3357 2845 3536 2915 φιλίαν
3559 2861 3762 2916 παραι-
3827 2857 3838 2864 ·

2176 2940 2514 3011 τησαμένων.
2544 2941 2608 2992 Ὢ
2631 2940 2872 3012 μεγάλης
2909 2939 3144 3004 ἀδικίαςί
3185 2940 3344 3011 μέχρι
3386 2939 3548 2993 πόνου
3575 2939 3616 2970 ³¹¹
3639 2956 3761 2992 κιν-

2175 3030 2452 3086 δυνεύουσι
2481 3035 2740 3105 κήρυκες,
2785 3035 2878 3086 καὶ
2906 3032 3076 3087 ταῦτα
3105 3033 3210 3086 ὑπὸ
3243 3032 3350 3085 τῶν
3376 3033 3455 3096 είς
3485 3030 3761 3103 σωτηρίαν

501 3115 552 3172 0
580 3133 828 3188 magnam
871 3118 1151 3186 injuriam!
1188 3119 1381 3174 mortis
1422 3118 1568 3173 enim
1604 3119 1905 3189 periculum
1946 3120 2077 3173 sub-

2183 3127 2342 3180 καλου
2350 3126 2523 3198 μένων
2552 3126 2778 3198 ἀνδρῶν.

503 3219 633 3264 eunt
661 3211 1072 3279 praedicatores;
1127 3212 1289 3282 idque
1319 3227 1415 3282 per
1456 3227 1550 3268 eos
1599 3212 1846 3266 homines
1880 3213 1974 3282 qui
2010 3211 2079 3267 ad

504 3303 733 3356 salutem
771 3313 1053 3358 vocantur.

574 3417 688 3472 Xll.
738 3418 909 3472 l‘orro
941 3418 1072 3472 illud
1110 3418 1309 3488 injuste
1339 3416 1541 3473 factum
1575 3417 1836 3475 adversus
1867 3433 2076 3490 prteco-

502 3525 600 3565 nes
626 3526 777 3565 meos
807 3527 838 3566 a
866 3511 1131 3580 principio
1160 3511 1301 3580 apud
1335 3526 1526 3566 omnes
1558 3510 1800 3567 futurum
1835 3521 1952 3568 erat
1972 3557 1986 3580 ,
2026 3513 2072 3569 si

501 3619 532 3658 a
565 3603 832 3672 principio
866 3603 931 3657 ad
964 3604 1194 3658 salutem
1231 3603 1407 3658 vocati
1458 3602 1694 3657 fuissent
1730 3604 1823 3674 qui
1866 3605 2069 3675 indigni

502 3703 650 3750 sunt.
684 3691 840 3760 Quod
896 3693 1042 3749 enim
1091 3711 1236 3750 nunc
1263 3695 1332 3749 ab
1369 3695 1435 3749 iis
1462 3695 1727 3765 injuriose
1770 3696 1848 3761 ﬁt,
1884 3697 1935 3750 in
1975 3697 2071 3752 de-

501 3786 804 3840 fensionem
837 3785 894 3839 lit
917 3794 1081 3855 justaa
1126 3801 1262 3840 meae
1309 3786 1700 3856 providentiae,
1750 3786 1892 3856 quod
1933 3803 2074 3857 prae-

500 3880 648 3935 clare
690 3877 996 3933 doctrinam
1041 3879 1250 3933 honore
1277 3879 1495 3949 dignam
1537 3878 1687 3933 nolui
1719 3879 1981 3934 inutiliter
2003 3880 2072 3934 ab

500 3971 660 4025 initio
689 3971 756 4024 ad
788 3971 1178 4025 contumeliam
1222 3971 1440 4041 publice
1469 3985 1763 4041 exponere,
1810 3971 1903 4026 sed
1949 3988 2067 4026 eam

498 4065 686 4129 statui,
716 4073 776 4118 ut
803 4063 1163 4118 venerandam
1186 4102 1200 4124 ,
1240 4061 1456 4116 silentio
1505 4063 1645 4133 tegi;
1683 4079 1791 4118 non
1849 4064 2068 4134 quidem

498 4155 639 4224 apud
668 4171 761 4210 eos
792 4155 884 4224 qui
922 4155 1191 4224 principio
1222 4154 1371 4224 digni
1402 4163 1558 4208 erant
1584 4196 1598 4219 ,
1651 4156 1853 4226 quibus
1878 4167 1931 4210 et
1959 4167 2069 4210 tra-

499 4246 633 4310 didi,
665 4246 756 4300 sed
784 4246 925 4315 apud
959 4246 1096 4300 istos
1119 4256 1172 4298 et
1203 4246 1538 4310 consimiles,
1566 4255 1623 4299 ut
1649 4247 1893 4310 cernitis,
1929 4248 2070 4300 indi-

499 4354 656 4408 gnos,
687 4338 813 4391 odio
850 4353 937 4392 me
982 4346 1410 4408 prosequentes,
1461 4353 1626 4406 seque
1656 4339 1899 4392 nolentes
1943 4340 2066 4392 dili-

497 4447 641 4503 gere.
671 4429 739 4483 Et
765 4445 894 4484 vero
916 4446 1082 4496 nunc,
1113 4431 1426 4486 omittentes
1457 4431 1601 4485 hunc
1627 4431 1900 4486 hominem
1933 4433 2060 4486 irri-

496 4523 647 4588 dere,
680 4537 710 4575 a
748 4535 834 4576 me
878 4521 1049 4590 ipsius
1098 4523 1578 4591 repromissionem
1607 4523 1820 4590 audite,
1855 4525 1936 4578 vel
1969 4527 2061 4594 qui

496 4614 642 4667 volet
667 4611 804 4696 mihi
829 4614 1168 4682 percontanti
1197 4615 1541 4684 respondeat.
1572 4617 1650 4670 Ac
1681 4632 1747 4671 ne
1780 4617 1923 4671 velut
1966 4634 2061 4688 pe-

2247 3401 2344 3454 ΧΙΙ
2400 3399 2572 3453 Τοῦτο
2597 3397 2653 3452 δέ
2682 3398 2743 3451 τὸ
2762 3396 2960 3460 ἀδίκως
2991 3397 3269 3468 γινόμενον
3297 3393 3436 3450 κατὰ
3463 3395 3571 3448 τῶν
3602 3393 3754 3466 ἐμῶν

2178 3493 2433 3566 κηρύκων
2464 3494 2557 3545 ἀπ’
2591 3490 2764 3563 ἀρχῆς
2779 3490 2888 3561 36
2906 3490 2971 3543 ἂν
3003 3491 3083 3553 εἰς
3109 3489 3315 3552 πάντας
3338 3489 3563 3558 ἐγίνετο,
3591 3491 3751 3562 εἴπερ

2178 3589 2269 3642 ἀπ’
2295 3586 2470 3658 ἀρχῆς
2496 3586 2576 3649 εἰς
2606 3584 2878 3656 σωτηρίαν
2899 3583 3188 3636 ἐκαλοῦντο
3207 3585 3256 3636 oi
3290 3583 3511 3649 ἀνάξιοι.
3548 3583 3619 3635 Τὸ
3640 3583 3751 3654 γὰρ

2176 3678 2272 3732 νῦν
2304 3678 2587 3749 γινόμενον
2621 3678 2712 3731 ὑπ’
2760 3675 2940 3730 αὐτῶν
2977 3676 3176 3738 ἀδίκως
3209 3677 3287 3738 είς
3325 3674 3616 3743 ἀπολογίαν
3649 3675 3751 3745 τῆς

2173 3770 2314 3842 ἐμῆς
2343 3770 2558 3834 δικαίας
2589 3769 2796 3839 γίνεται
2837 3770 3120 3841 προνοίας,
3149 3770 3229 3822 ὅτι
3264 3769 3440 3833 καλῶς
3469 3770 3560 3822 τὸν
3581 3769 3750 3840 τιμῆς

2171 3863 2320 3930 ἀξιον
2352 3864 2506 3933 λόγον
2539 3863 2632 3916 ἀπ’
2667 3863 2841 3934 ἀρχῆς
2872 3863 3106 3934 δημοσίᾳ
3141 3864 3222 3926 είς
3253 3862 3409 3934 ὓϐριν
3443 3863 3612 3915 θεῖναι
3643 3861 3748 3916 οὐκ

2169 3957 2472 4029 ἠϐουλήθην
2490 3955 2534 3987 ³⁸
2552 3955 2840 4024 ἀνωφελῶς
2863 3995 2876 4018 ,
2912 3954 3046 4008 ἀλλὰ
3077 3955 3324 4022 σιγᾶσθαι
3368 3955 3528 4008 αὑτὸν
3561 3955 3636 4017 ὡς
3665 3954 3750 4007 τί-

2176 4067 2295 4121 μιον
2328 4048 2756 4120 ἐϐουλευσάμην,
2803 4050 2903 4101 οὐκ
2943 4048 3050 4101 ἀπὸ
3077 4047 3186 4100 τῶν
3213 4049 3308 4101 ἀπ’
3342 4049 3514 4119 ἀρχῆς
3553 4047 3743 4114 ἀξίων,

2169 4140 2250 4206 οἷς
2272 4143 2366 4195 καὶ⁹
2398 4143 2702 4214 μετέδωκα,
2729 4139 2843 4194 ἀλλ’
2863 4140 2969 4194 ἀπὸ
2991 4140 3198 4193 τούτων
3225 4140 3442 4193 καὶτῶν
3461 4140 3743 4203 τοιούτων,

2169 4239 2244 4300 ὡς
2276 4239 2459 4301 ὁρᾶτε,
2494 4235 2748 4302 ἀναξίων,
2782 4234 2889 4287 τῶν
2924 4233 3025 4304 ἐμὲ
3061 4233 3360 4304 μισούντων
3392 4235 3486 4288 καὶ
3516 4235 3744 4297 ἑαυτοὺς

2170 4330 2340 4400 φιλεῖν
2377 4331 2449 4401 μὴ
2491 4328 2846 4399 βουλομένων.
2882 4328 2991 4380 Καὶ
3024 4325 3119 4380 νῦν
3158 4343 3221 4394 γε
3269 4326 3533 4398 παρέντες
3577 4326 3744 4397 γελᾷν

2167 4425 2260 4477 τὸν
2292 4423 2459 4494 ἄνδρα
2490 4421 2699 4484 τοῦτον,
2730 4419 2864 4491 ἐμοῦ
2907 4419 3043 4491 πρὸς
3085 4419 3145 4472 τὸ
3181 4419 3372 4472 τούτου
3417 4420 3741 4490 ἐπάγγελμα

2167 4515 2520 4577 πυνθάνεσθε,
2555 4515 2586 4583 ἢ
2623 4512 3006 4583 πυνθανομένῳ
3036 4529 3123 4583 μοι
3144 4513 3187 4544 ⁸⁸
3217 4515 3246 4566 ὁ
3275 4512 3591 4585 βουλόμενος
3612 4514 3744 4566 ἀπο-

2168 4609 2459 4684 κρινάσθω.
2475 4608 2584 4661 Καὶ
2603 4607 2676 4678 μὴ
2689 4606 2734 4638 ⁸ο
2753 4607 2828 4669 ὡς
2845 4605 3092 4674 ἀσελγεῖς
3111 4604 3271 4670 κύνες
3283 4605 3566 4670 ύλάσσετε,
3579 4606 3740 4677 ψόφῳ

1809 4818 2044 4875 νΑιιιίΕ
2086 4812 2485 4876 LECTIONES.

569 4950 614 4981 ³⁸
643 4949 821 5020 λόγοις
847 4951 1163 5019 transcripsi
1187 4967 1250 5006 ex
1281 4949 1324 5005 Ο
1353 5000 1370 5018 ,
1400 4951 1572 5019 quoSi
1605 4951 1914 5018 conjectura
1945 4951 2130 5016 ἁπλῶς
2179 4950 2274 5006 καὶ
2311 4948 2670 5020 ἀπανούργως
2694 4946 2964 5018 superﬂua
2988 4947 3265 5020 _redditur.
3295 4945 3380 5002 Cf.
3439 4946 3558 5020 Rga.
3603 4946 3728 5020 1,9.

495 5019 634 5074 Tum
657 5019 831 5075 πάντα
850 5021 1154 5075 ὁντινανοῦν
1178 5024 1239 5082 (Ι,
1269 5021 1444 5076 πάντα
1475 5021 1747 5075 ὁντιναοῦν
1793 5023 1850 5077 S.

1955 5025 1998 5092 '?
2039 5022 2346 5092 βουλόμενοι
2401 5017 2634 5092 conjecit
2683 5017 3032 5092 amanuensis
3061 5020 3307 5092 ad_oram
3348 5017 3554 5092 cod._01
3569 5017 3733 5092 cujus

496 5102 677 5173 textus
705 5091 1062 5173 βουλρμένης,
1080 5101 1155 5173 ut
1183 5091 1246 5147 C.
1288 5091 1486 5173 Ibide-tn
1513 5091 1646 5173 πρδς
1677 5091 1755 5160 τῷ
1787 5091 1830 5173 ρ
1870 5091 2008 5173 ,οι-ξ
2037 5085 2466 5173 Epitv‘rrpbg‘
2495 5085 2554 5142 τό
2580 5088 2643 5142 C.
2667 5088 2732 5173 βξ
2795 5087 2874 5170 ita
2895 5087 2959 5173 ΛΟ
3003 5103 3086 5173 c1.
3113 5087 3361 5173 aputu
3389 5085 3556 5173 xﬁiLC
3583 5090 3729 5173 ,nqni

497 5164 689 5218 ςίκαῖοι
719 5164 864 5231 conj.

498 5231 540 5287 S
566 5243 786 5288 auctore
814 5234 855 5285 υ
882 5274 895 5298 ,
931 5232 998 5285 τὰ
1025 5232 1080 5285 δέ
1104 5232 1165 5286 C.
1242 5233 1287 5264 ³³
1321 5232 1395 5285 lta
1436 5231 1474 5286 S
1518 5241 1740 5286 auctore
1789 5231 1861 5293 D,
1897 5231 2053 5293 εἰδώς
2082 5231 2121 5299 (ᾖ
2151 5271 2165 5296 ,
2197 5233 2347 5285 deest
2379 5231 2431 5283 in

495 5318 550 5356 κ.
584 5320 680 5375 πρ,
712 5297 1131 5375 είὸὼςνέκάστῳ.
1165 5302 1244 5375 Ad
1296 5318 1446 5375 oram
1496 5305 1616 5375 cod.
1742 5303 1880 5375 litec_
1904 5297 2154 5375 scholia:
2199 5302 2378 5375 πάσας
2408 5300 2506 5362 τὰς
2551 5297 2811 5375 ἐσομένας
2857 5299 2962 5375 πρὸ
2991 5297 3293 5375 καταϐολῆς
3339 5299 3438 5375 κόσ

940 5156 1185 5226 ³1’καλῶς
1237 5163 1464 5217 accessit
1505 5156 1570 5216 ei
1597 5161 1641 5216 Ο
1677 5156 1739 5216 εί
1785 5161 1943 5247 Epit.‘
1959 5156 2390 5241 Deinde-atoma:
2410 5159 2517 5284 751(5)
2555 5158 2680 5229 παρ’
2711 5156 2861 5228 ὑμῶν
2891 5160 2951 5212 Ο.

940 5232 998 5284 τὰ
1025 5232 1080 5284 δέ
1104 5232 1165 5284 C.
1242 5233 1287 5264 ³³
1321 5232 1395 5284 Ita
1436 5231 1474 5284 S
1518 5241 1740 5284 auctore
1789 5231 1861 5284 D.
1897 5231 2053 5284 ειδώς
2082 5231 2121 5284 C
2151 5271 2165 5284 .
2197 5233 2347 5284 deest
2379 5247 2431 5283 in
2534 5271 2548 5284 .
2580 5241 2633 5282 et
2673 5229 2877 5284 absque
2900 5229 2951 5282 d:

3044 5159 3087 5189 ³⁸
3118 5154 3233 5209 ἐστι
3267 5159 3328 5212 0.
3415 5159 3459 5190 ³³
3489 5154 3564 5210 lla
3597 5154 3734 5212 σοι

2580 5225 2648 5282 ρι’
2673 5225 2877 5298 οὶιέψιο
2900 5229 3100 5282 damno
3126 5229 3315 5283 deesse
3350 5235 3545 5298 potest.
3582 5225 3681 5294 Ep.
3714 5246 3729 5278 :

2582 5299 2811 5348 σομένας
2857 5299 2962 5348 πρὸ
2991 5297 3293 5348 καταϐολῆς
3339 5299 3541 5348 κόσμου
3574 5298 3729 5348 είδωε

3512 5315 3541 5349 υ
3574 5313 3732 5362 ειο‹ο›‹,

3483 5315 3510 5350 ο

497 5318 550 5356 x.
584 5320 680 5375 πρ,
712 5317 866 5366 ειοως
901 5317 1131 5373 εκαστῳ.
1165 5317 1244 5356 Ad
1296 5318 1446 5357 oram
1496 5317 1616 5358 cou.
1659 5317 1702 5356 U
1742 5317 1853 5356 meo
1904 5317 2107 5355 scnoua
2143 5319 2154 5353 :
2199 5317 2378 5362 πασας
2408 5317 2506 5362 τας
2551 5317 2811 5369 εσομενας
2857 5317 2962 5370 προ
2991 5317 3293 5369 καταοολης
3339 5317 3541 5415 κοσμου
3574 5317 3732 5362 ειοως

497 5375 842 5446 προαιρέσεις
873 5375 900 5446 ό
929 5372 1058 5446 Θεὸς
1092 5374 1306 5446 ἑκάστῳ
1347 5373 1481 5444 πρὸς
1505 5373 1566 5446 τὸ
1616 5372 1787 5446 αὑτοῦ
1817 5371 1961 5446 ἀξιον
1989 5371 2822 5446 λανθανόντωςπροαπήντησεν.
2858 5369 2924 5446 Et
2953 5387 3018 5424 ex
3038 5441 3048 5446 _
3069 5369 3296 5446 adverso
3336 5387 3348 5422 :
3377 5368 3446 5421 Θε
3459 5387 3507 5431 ,ις
3533 5365 3734 5446 ’ἀπολέο-

495 5436 756 5515 γόύμενος
783 5436 1052 5515 ἐννῆμέρᾳ
1082 5445 1179 5515 τῆς
1210 5436 1441 5515 κρίσεως
1463 5443 1596 5515 πρὸς
1615 5442 1739 5504 τοὺς
1767 5442 2043 5515 ἀπίστους.
2119 5443 2173 5515 ξδ’
2202 5441 2295 5493 τοῦ
2331 5436 2442 5515 βίου
2475 5436 2633 5515 vertit
2746 5442 2901 5515 quasi
2941 5440 3159 5515 perinde
3205 5449 3348 5494 esset
3379 5455 3441 5493 ac
3466 5437 3560 5491 τοῦ
3588 5436 3728 5515 εειίῷ-⁴

496 5507 612 5576 νος,
635 5507 1267 5582 δοιιιοιιιίιι”ι)οέἰιιιοίιῑοζ
1304 5514 1396 5566 sed
1439 5507 1556 5582 sine
1585 5513 1850 5582 exemplo,
1876 5514 2018 5581 quod
2049 5511 2276 5582 quidem
2290 5507 2478 5582 sciam.
2505 5508 2587 5563 CI.
2664 5509 2708 5542 ³⁵
2738 5512 2786 5582 oi
2816 5509 2857 5564 C
2886 5553 2898 5570 ,
2931 5507 3072 5578 quod
3217 5519 3360 5582 recte
3403 5507 3630 5582 mutavit
3669 5507 3724 5582 in

495 5583 564 5636 οῖ.
599 5584 665 5636 At
697 5601 800 5638 non
833 5578 1082 5638 omittere
1105 5585 1331 5638 debebat
1370 5583 1464 5636 καὶ
1485 5578 1768 5652 γελῶνταιζ
1801 5580 1857 5634 ln
1893 5578 2212 5652 ωσι-εξοοὼ
2247 5581 2291 5636 Ο
2337 5581 2438 5635 alia
2457 5596 2678 5652 -manus
2718 5579 2995 5652 adnotavit
3015 5599 3050 5652 _:
3083 5578 3337 5652 οὑκ-εἰσὶ
3364 5579 3626 5652 ταῦταᾼέν

497 5652 659 5707 ἑτέρα
703 5654 929 5707 ἐκδόσει.

1033 5655 1075 5687 ³⁷
1125 5653 1201 5708 Ita
1243 5652 1288 5708 Ο
1329 5663 1383 5708 et
1423 5648 1664 5707 nonnulli
1705 5652 1856 5706 codd.
1892 5648 2188 5716 .Epiiomes,
2216 5651 2409 5721 φθόνου
2445 5648 2508 5705 C.

2605 5651 2650 5681 ³⁸
2682 5649 2975 5722 ἐϐρυλήθην
3003 5650 3043 5706 C
3169 5650 3211 5681 ""
3250 5647 3662 5722 πυνθανομένων
3694 5647 3726 5701 ό

499 5709 814 5793 βουλόμενος
839 5725 904 5779 (.1.
978 5725 1023 5758 ⁸³
1060 5725 1130 5795 μή
1166 5724 1473 5780 accessitex
1505 5722 1569 5780 Ο.
1596 5721 1733 5777 Tum
1772 5709 2026 5774 ὑλάκτετε
2056 5723 2096 5776 C
2126 5763 2142 5787 ,
2175 5709 2267 5792 ιιύί
2303 5731 2356 5777 et
2387 5721 2609 5784 μύοντες
2642 5738 2694 5790 p.
2731 5709 2966 5790 βύοντες.
