4068 6338
293 387 357 444 ω
1403 385 1855 443 CLEMENTINA.
1883 418 1951 427 —-
1989 385 2271 442 HOMILIA
2303 387 2342 443 ι.
3449 391 3521 445 '70

291 501 504 569 ἀτάκτῳ
547 497 766 568 βύοντες
796 497 905 552 τῶν
936 496 1195 563 σῶζεσθαι
1233 497 1490 552 θελόντων
1535 499 1634 562 τὰς
1670 499 1858 562 ἀκοὰς,

1970 504 2202 553 tulantcs
2230 515 2393 555 canes
2433 499 2662 566 latretis,
2693 500 3054 571 incomposito
3081 503 3333 574 strepitu.
3368 523 3529 562 aures

292 597 458 648 άόικοι
485 594 582 646 καὶ
611 592 942 659 θεοστυγεῖς,
978 592 1070 643 καὶ
1106 592 1196 644 τὸν
1230 590 1468 654 σώζοντα
1489 591 1748 661 λογισμὸν
1783 592 1862 654 είς

292 686 540 740 ἀπιστίαν
570 682 1020 754 ἀπασχολοῦντες.
1063 684 1186 746 Πῶς
1213 683 1536 754 συγγνώμης
1566 687 1745 754 τυχεῖν
1776 684 1864 737 δυ-

291 778 536 850 νήσεσθε,
570 779 661 830 τὸν
699 776 797 848 τὴν
825 775 1130 847 θειότητα⁸¹
1164 776 1256 828 τοῦ
1294 775 1427 829 Θεοῦ
1464 775 1864 846 ἐπαγγελλόμε-

289 888 368 922 νον
409 870 542 940 ὑμῖν
585 871 756 922 είπεῖν
796 867 1124 939 ὑϐρίζοντες,
1169 869 1262 921 καὶ
1290 867 1460 920 ταῦτα
1488 868 1769 940 ἄνθρωπον
1804 868 1863 920 δν

291 963 452 1033 ἐχρῆν
476 999 490 1022 ,
531 961 582 1011 εί
627 961 720 1014 καὶ
755 940 920 1031 μηδὲν
955 959 1284 1030 ἀληθεύοντα
1305 959 1371 1021 δ’,
1414 959 1501 1012 διὰ
1527 960 1624 1031 τὴν
1653 960 1860 1030 ἀγαθὴν

292 1052 450 1106 αὑτοῦ
485 1052 624 1124 πρὸς
649 1054 793 1124 ὑμᾶς
825 1052 1179 1119 ἀποδέξασθαι
1202 1051 1545 1124 προαίρεσινς

353 1221 496 1273 XIII.
535 1219 723 1272 Ταῦτά
747 1237 850 1290 μου
877 1219 1122 1287 λέγοντος
1142 1218 1325 1272 καὶτὰ
1349 1217 1557 1282 τούτοις
1576 1217 1859 1280 ἀκόλουθα,

291 1313 458 1375 πολὺς
489 1312 598 1363 τῶν
631 1311 802 1380 ὄχλων
831 1310 1037 1378 ἐγίνετο
1069 1309 1312 1381 θρύλλος·
1341 1309 1434 1362 καὶ
1465 1311 1514 1362 οἱ
1553 1309 1649 1380 μὲν
1677 1310 1752 1372 ὼς
1771 1310 1864 1362 τὸν

292 1402 578 1474 Βαρνάϐαν
611 1401 886 1464 ἐλεοῦντες
915 1401 1213 1473 συνήραντό
1249 1418 1361 1472 μοι·
1395 1401 1444 1453 οἱ
1482 1400 1537 1452 δὲ
1567 1400 1758 1470 ἠλίθιοι
1779 1401 1865 1453 δν-

289 1513 375 1558 τες
407 1493 599 1556 δεινῶς
631 1496 750 1546 κατ’
779 1491 914 1564 ἐμοῦ
949 1492 1174 1564 ἔϐρυχον
1207 1491 1332 1554 τοὺς
1365 1491 1598 1554 ὀδόντας.
1639 1491 1790 1544 Ἐπεὶ
1809 1491 1865 1544 δὲ

291 1589 382 1659 ἠδη
419 1587 552 1639 ποτὲ
599 1585 810 1657 ἑσπέρα
842 1585 1176 1656 κατειλήφει,
1223 1585 1325 1654 τῆς
1355 1584 1537 1655 χειρὸς
1575 1583 1756 1637 λαϐὼν
1779 1584 1865 1638 τὸν

291 1679 598 1752 Βαρνάϐαν,
638 1677 711 1748 μὴ
740 1678 958 1730 θέλοντα
979 1677 1106 1747 37,
1131 1675 1221 1746 βίᾳ
1242 1677 1322 1738 είς
1339 1677 1438 1746 τὴν
1474 1677 1610 1747 ἐμὴν
1638 1672 1770 1747 ἦγον
1790 1677 1867 1728 οἰ-

287 1773 428 1828 κίαν,
467 1770 596 1822 ἔνθα
628 1771 723 1821 καὶ
756 1770 936 1839 μένειν
963 1768 1124 1821 αὐτὸν
1152 1767 1402 1839 ἐποίησα,
1439 1768 1523 1820 ἵνα
1552 1768 1624 1838 μή
1653 1784 1737 1830 τις
1767 1768 1864 1819 αύ-

1963 591 2164 644 salvari
2209 591 2634 645 desiderantium
2675 592 3021 650 ubstruentes
3069 595 3257 666 iniusti
3307 612 3371 652 ac
3417 598 3530 653 Deo

1963 681 2138 745 exosi,
2179 690 2231 734 et
2260 681 2603 736 servatriceni
2635 683 3018 751 cogitationem
3047 700 3334 740 avocantes
3351 689 3415 741 ad
3445 689 3530 741 iu-

1963 770 2359 825 credulitatem.
2393 770 2510 836 Quu
2545 781 2701 840 pacto
2725 774 2936 827 veniam
2969 778 3224 844 consequi
3254 778 3527 846 poteritis,

1963 875 2087 914 eum
2112 861 2203 930 qui
2235 863 2386 916 vobis
2411 871 2656 916 naturam
2691 862 2780 917 Dei
2807 863 3006 919 referre
3031 868 3312 934 promittit.
3338 879 3533 923 contu-

1967 955 2121 1007 melia
2147 955 2475 1018 allicientes;
2505 955 2664 1023 idque
2689 956 2988 1023 hominem,
3009 974 3168 1027 quem
3194 970 3532 1031 oportuerat,

1963 1047 2064 1099 etsi
2095 1047 2227 1100 nihil
2252 1063 2376 1100 vere
2395 1047 2725 1115 loquentem,
2747 1059 2966 1118 propter
2990 1051 3188 1104 bonam
3217 1051 3389 1118 ipsius
3405 1068 3531 1123 erga

1968 1152 2061 1190 vos
2089 1139 2446 1204 voluntatem,
2477 1147 2628 1208 grate
2655 1141 2972 1209 suscipere?

2039 1229 2173 1286 Xlil.
2210 1231 2340 1296 Quze
2364 1249 2485 1286 eum
2515 1236 2775 1300 dicerem,
2797 1237 3010 1304 aliaque
3034 1236 3118 1291 his
3147 1249 3531 1305 consentanea,

1968 1323 2196 1375 multum
2253 1323 2304 1376 in
2353 1325 2507 1393 plebe
2549 1336 2729 1380 ortmn
2773 1337 2858 1382 est
2905 1343 3203 1382 murmur:
3247 1340 3407 1398 atque
3440 1334 3532 1387 alii

1967 1415 2182 1483 quidem
2215 1424 2468 1483 tanquam
2505 1416 2805 1473 Barnaham
2839 1419 3157 1474 miserantes
3205 1423 3335 1475 mihi
3381 1422 3533 1476 fave-

1971 1505 2098 1560 bant
2127 1523 2140 1558 :
2174 1507 2261 1559 alii
2283 1523 2407 1559 vero
2423 1509 2516 1577 qui
2542 1520 2696 1563 erant
2721 1511 2924 1573 stolidi,
2949 1513 3183 1580 graviter
3209 1513 3262 1566 in
3297 1531 3380 1567 me
3403 1515 3533 1569 stri-

1968 1595 2166 1649 debant
2195 1597 2471 1652 dentibus.
2505 1599 2750 1670 Cumque
2774 1601 2885 1670 jam
2932 1617 3155 1671 vespera
3202 1604 3532 1668 advenisset,

1970 1686 2227 1741 Barnabze
2271 1706 2436 1743 manu
2479 1693 2844 1760 apprehensa,
2889 1709 3012 1747 eum
3069 1696 3335 1748 nolentem
3377 1696 3424 1748 vi
3467 1697 3534 1752 ad

1969 1795 2143 1849 meam
2173 1781 2301 1834 duxi
2329 1782 2585 1847 domum;
2618 1783 2709 1838 ubi
2752 1795 2803 1838 et
2829 1784 2934 1838 feci
2965 1801 3203 1851 manere,
3239 1804 3302 1840 ne
3330 1789 3454 1856 quis
3481 1789 3531 1842 ei

285 1864 357 1934 τῷ
388 1866 585 1933 χεῖρας
623 1861 874 1931 ἐπιϐάλῃ.
912 1861 1021 1913 Kal.
1067 1859 1287 1930 ἡμερῶν
1333 1858 1529 1927 ὀλίγων
1560 1858 1861 1928 διατρίψας,

1970 1886 2162 1925 manus
2186 1873 2449 1940 injiceret.
2482 1873 2804 1945 Paucosque
2833 1877 2948 1930 dies
2975 1889 3362 1942 commoratus.
3391 1895 3533 1934 non-

281 1958 374 2008 καὶ
403 1956 501 2008 τοῦ
526 1953 761 2024 ἀληθοῦς
793 1954 951 2021 λόγου
987 1953 1190 2024 βραχέα
1219 1953 1533 2022 κατηχήσας
1567 1968 1632 2022 με
1666 1951 1864 2019 ὀλίγον,

281 2047 416 2110 ὠς⁸³
453 2048 511 2100 ἐν
544 2047 752 2115 ὀλίγαις
784 2045 1037 2116 ἡμέραις,
1087 2044 1332 2097 σπεύδειν
1381 2044 1561 2112 ἔλεγεν
1611 2045 1690 2106 εἰς
1736 2045 1865 2096 Ἰου-

278 2139 572 2208 δαίαν-τῆς
603 2137 744 2191 κατά
774 2137 870 2208 τὴν
896 2135 1188 2207 θρησκείαν
1221 2136 1412 2206 ἑορτῆς
1444 2136 1624 2206 χάριν,
1659 2133 1865 2188 καὶτοῦ

279 2230 473 2284 λοιποῦ
508 2233 624 2292 τοῖς
655 2229 849 2282 ἑαυτοῦ
872 2227 1151 2298 ὁμοεθνέσι
1185 2230 1418 2279 συνεῖναι
1443 2225 1630 2278 θέλων.

355 2322 504 2377 XIV.
535 2321 772 2393 Φανερδς
813 2322 858 2374 δ’
894 2317 960 2391 ἦν
995 2337 1082 2390 μοι
1115 2321 1517 2392 ἀποναρκήσας.
1568 2317 1730 2389 Ἑμοῦ
1762 2317 1868 2390 γὰρ

283 2416 558 2478 είπόντος·
589 2415 661 2466 Σύ
695 2431 782 2484 μοι
819 2414 978 2484 μόνον
1011 2413 1138 2476 τοὺς
1169 2413 1262 2465 τοῦ
1288 2413 1542 2482 φανέντος
1559 2411 1744 2484 ἀνδρὸς
1777 2411 1870 2474 οὓς

279 2508 528 2576 ἤκουσας
549 2510 596 2536 ⁸⁸
630 2505 842 2558 έκτίθου
877 2505 1086 2573 λόγους,
1132 2503 1286 2572 κάγὼ
1320 2505 1396 2573 τῷ
1433 2503 1551 2575 ὲμῷ
1591 2505 1870 2574 κοσμήσας

279 2598 424 2668 λόγῳ
454 2597 554 2650 τοῦ
587 2596 722 2650 Θεοῦ
753 2594 972 2667 κηρύξω
1009 2596 1104 2667 τὴν
1133 2595 1402 2666 βούλησιν,
1449 2598 1540 2650 καὶ
1567 2592 1666 2650 εἷθ’
1699 2597 1869 2660 οῦτως

279 2692 435 2754 tm;
469 2691 673 2758 ὀλίγων
697 2690 919 2761 ἡμερῶν
950 2691 1336 2761 συμπλεύσω¹⁸⁸
1362 2709 1463 2744 σοι·
1495 2692 1614 2746 λίαν
1641 2694 1747 2766 γάρ
1782 2711 1873 2747 πο-

277 2782 359 2836 θῶ
391 2783 490 2836 ἐπὶ
523 2782 619 2836 τὸν
645 2782 744 2852 τῆς
777 2782 1035 2845 ἰουδαίας
1063 2782 1316 2850 γενέσθαι
1340 2785 1524 2837 τόπον·
1542 2785 1680 2856 τάχα
1700 2787 1757 2839 δὲ
1777 2788 1871 2840 καὶ

284 2879 596 2947 συνοικήσω
627 2877 756 2945 ὑμῖν
781 2876 873 2928 τὸν
903 2877 1077 2930 πάντα
1115 2895 1214 2947 μου
1245 2877 1343 2948 τῆς
1365 2878 1508 2949 ζωῆς
1532 2878 1642 2948 βίον
1661 2881 1734 2910 ⁵⁸·
1757 2882 1784 2933 ὀ
1815 2880 1870 2932 δὲ

281 2969 458 3022 ταῦτα
485 2969 730 3032 ἀκούσας
771 2969 1123 3040 ἀπεκρίνατο·
1170 2971 1240 3022 Σὺ
1287 2971 1458 3040 εἰμὲν
1496 2973 1774 3044 ἱστορῆσαι
1803 2973 1872 3026 τὰ

282 3063 535 3134 ἡμέτερα
565 3063 660 3114 καὶ
701 3063 888 3132 μαθεῖν
940 3062 1002 3114 τὸ
1047 3062 1324 3135 συμφέρον
1372 3063 1563 3128 θέλεις,
1598 3065 1654 3131 ἐξ
1701 3065 1872 3135 αὐτῆς

1969 1964 2113 2016 nulla
2155 1980 2294 2018 vera:
2321 1967 2601 2036 religionis
2624 1969 2754 2022 mihi
2783 1970 3003 2024 tradidit
3035 1972 3359 2037 rudimenta,
3389 1974 3535 2042 quod

1966 2056 2154 2122 paucis
2184 2066 2302 2122 post
2329 2055 2522 2111 diebus
2548 2075 2841 2128 properare
2881 2077 2938 2114 se
2963 2061 3169 2115 diceret
3202 2063 3266 2116 ad
3289 2061 3533 2120 Judzeam

1969 2154 2182 2211 propter
2217 2144 2436 2210 festum,
2469 2149 2734 2220 velletque
2757 2152 3015 2221 deinceps
3053 2168 3175 2206 cum
3208 2155 3324 2208 suis
3357 2170 3535 2224 popu-

1967 2239 2172 2292 laribus
2199 2242 2412 2305 degere.

2040 2330 2176 2385 XIV.
2211 2331 2495 2388 Videbatur
2525 2346 2703 2390 autem
2738 2339 2869 2391 mihi
2901 2355 3021 2394 esse
3043 2341 3201 2410 plane
3229 2341 3532 2410 perculsus.

1968 2421 2102 2476 Cum
2129 2425 2270 2477 enim
2309 2440 2409 2491 ego
2439 2427 2672 2480 dicerem
2701 2444 2716 2484 :
2751 2427 2830 2481 Tu
2865 2430 2992 2483 milii
3043 2440 3250 2484 tantum
3296 2431 3534 2491 hominis

1971 2516 2118 2570 illius
2149 2517 2238 2584 qui
2265 2519 2535 2586 apparuit,
2569 2535 2708 2588 quos
2740 2522 2960 2575 audiisti
2994 2537 3206 2591 eapone
3231 2538 3536 2587 sermones,

1968 2617 2021 2662 et
2049 2623 2147 2677 ego
2177 2610 2419 2664 oratione
2451 2627 2569 2664 mea
2603 2612 2724 2667 illos
2767 2629 3056 2678 exornans,
3102 2613 3191 2668 Dei
3235 2615 3524 2669 consilium

1972 2703 2316 2771 praedicabo,
2389 2705 2577 2773 sicque
2643 2716 2829 2775 postea
2900 2724 3004 2761 uua
3065 2709 3335 2778 navigabo
3395 2711 3536 2765 intra

1971 2809 2174 2864 paucos
2235 2796 2350 2850 dies
2404 2812 2417 2848 :
2463 2798 2752 2852 admodum
2811 2799 2953 2853 enim
3018 2801 3178 2869 cupio
3228 2804 3293 2855 ad
3339 2799 3538 2856 Iudaeae

1971 2885 2245 2952 regionem
2292 2887 2612 2952 pervenire:
2649 2903 2713 2941 ac
2745 2888 2883 2942 forte
2908 2891 3190 2944 vobiscum
3236 2907 3330 2960 per
3367 2900 3536 2945 totam

1970 2977 2134 3029 vitam
2169 2976 2446 3032 habitabo.
2502 2977 2593 3033 llle
2636 2980 2719 3033 his
2771 2981 2970 3035 auditis
3012 2983 3328 3051 respondit:
3361 2981 3462 3048 Tu,
3490 2983 3538 3039 si

1973 3069 2188 3138 quidem
2214 3069 2395 3123 videre
2431 3079 2614 3124 nostra
2639 3109 2653 3133 ,
2683 3081 2735 3125 et
2773 3073 2918 3141 quod
2952 3074 3167 3142 expedit
3198 3074 3280 3128 vis
3302 3075 3535 3140 discere,

289 3172 374 3225 μοι
406 3155 779 3226 σύμπλευσον·
809 3155 858 3207 εί
889 3153 946 3206 δὲ
979 3153 1052 3224 μὴ
1094 3153 1294 3244 βούλει,
1333 3154 1402 3207 τὰ
1433 3154 1566 3209 ἀλλα
1583 3155 1626 3187 ⁸⁷
1671 3159 1868 3226 σημεῖα

1975 3176 2186 3215 mecum
2214 3161 2394 3216 statim
2425 3162 2710 3232 navigato;
2745 3164 2789 3218 si
2823 3163 2986 3228 nolis,
3019 3165 3227 3234 reliqua
3259 3165 3413 3231 signa
3441 3167 3540 3220 do-

278 3248 384 3317 τῆς
428 3248 707 3320 οἰκήσεώς
751 3264 850 3317 μου
897 3247 989 3299 καὶ
1033 3242 1106 3299 ὧν
1147 3234 1330 3310 θέλεις
1359 3247 1466 3315 ἐγώ
1509 3265 1590 3300 σοι
1636 3250 1872 3320 σήμερον

285 3340 477 3412 έρῶη,
511 3340 604 3393 ἴνα
635 3341 724 3393 ὅτε
760 3337 939 3408 βούλει
987 3336 1154 3391 ἐλθὼν
1186 3338 1413 3408 ἐπιστῇς
1447 3341 1595 3415 ἡμῖν’
1628 3338 1736 3408 ἐγὼ
1767 3339 1874 3412 γάρ

281 3433 476 3505 αὔριον
509 3430 856 3504 πορεύσομαι
896 3429 988 3482 ὲπῖ
1017 3429 1090 3482 τὰ
1117 3429 1374 3500 ἐμαυτοῦ.
1412 3432 1519 3484 Καὶ
1550 3431 1612 3502 δὴ
1663 3431 1871 3486 ἀδυσώ-

286 3541 461 3595 πητον
507 3523 633 3576 ἰδὼν
676 3521 932 3593 συνῆλθον
968 3520 1116 3592 αύτῷ
1159 3521 1320 3592 μέχρι
1365 3520 1460 3574 τοῦ
1501 3521 1735 3594 λιμένος·
1780 3524 1873 3577 καὶ

285 3616 479 3688 μαθὼν
503 3619 637 3688 παρ’
666 3615 828 3669 αὐτοῦ
862 3615 1004 3686 ἅπερ
1033 3614 1184 3683 ἔλεγε
1213 3619 1410 3686 σημεῖα
1443 3614 1552 3669 τῶν
1586 3616 1870 3687 οἰκήσεων,

289 3706 427 3778 ἱφην
459 3708 634 3778 αὐτῷ·
668 3704 731 3760 Ei
767 3707 840 3778 μὴ
873 3707 953 3759 ὅτι
996 3705 1182 3778 αὔριόν
1209 3724 1261 3760 τι
1289 3706 1504 3760 ἀπαιτῶ
1532 3706 1873 3778 ὀφειλόμενόν

294 3818 406 3870 μοι,
442 3801 500 3866 ἐξ
536 3800 709 3868 αὐτῆς
733 3800 797 3854 ἄν
831 3817 911 3852 σοι
946 3798 1255 3853 συνέπλεον·
1289 3800 1430 3872 πλὴν
1468 3798 1652 3870 τάχιόν
1683 3817 1740 3852 σε
1774 3818 1873 3853 κα-

291 3893 620 3963 ταλήψομαι.
659 3886 767 3946 Καὶ
789 3891 962 3946 ταῦτα
988 3891 1177 3957 εἰπὼν,
1206 3893 1297 3946 καὶ
1317 3894 1361 3925 ⁸⁸
1396 3895 1768 3967 παραθέμενος
1787 3896 1876 3948 αύ-

291 3985 383 4036 τδν
415 3989 527 4048 τοῖς
554 3984 649 4037 τοῦ
672 3983 855 4036 πλοίου
887 3984 1210 4055 ἡγουμένοις
1234 3985 1572 4058 ὑπέστρεφον
1604 3987 1876 4060 λυπούμε-

295 4093 402 4141 νος,
430 4075 781 4147 μεμνημένος
807 4076 902 4129 τοῦ
937 4076 1098 4130 καλοῦ
1131 4078 1223 4130 καὶ
1253 4078 1513 4149 συνήθους
1541 4078 1713 4147 φίλου.

365 4170 478 4239 38
508 4167 628 4222 XV.
679 4168 930 4239 Ἡμερῶν
961 4169 1017 4221 δὲ
1040 4169 1344 4240 διατρίψας,
1384 4171 1476 4224 καὶ
1498 4171 1559 4224 τὸ
1589 4169 1748 4242 χρέος
1777 4173 1875 4244 οὐχ

295 4257 413 4312 ῶον
444 4260 634 4313 λαϐεῖν
653 4259 919 4330 δυνηθεὶς,
944 4259 1140 4330 τάχους
1167 4260 1330 4315 ἕνεκα
1356 4262 1634 4334 ἀμελήσας
1655 4263 1749 4317 τοῦ
1780 4282 1875 4318 πε-

300 4351 686 4420 ριλειφθέντος,
719 4352 795 4414 ὡς
823 4351 1077 4421 ἐμποδίου
1109 4352 1278 4416 ὄντος,
1323 4354 1414 4407 καὶ
1444 4354 1602 4417 αὐτὸς
1627 4357 1708 4418 εἰς
1745 4356 1873 4409 Ἰου-

298 4440 455 4495 δαίαν
496 4442 834 4505 ἀπέπλευσα,
867 4443 962 4495 καὶ
991 4443 1280 4496 δεκαπέντε
1296 4445 1342 4476 ⁸⁸
1377 4446 1594 4517 ἡμερῶν
1627 4448 1705 4510 είς
1741 4449 1874 4500 Και-

1975 3251 2164 3305 micilii
2196 3251 2302 3305 mei
2331 3260 2386 3305 et
2414 3267 2647 3330 quorum
2677 3254 2910 3308 volueris
2937 3255 3034 3308 tibi
3069 3255 3228 3310 hodie
3257 3257 3456 3324 dicam,
3481 3265 3541 3313 ut

1973 3346 2189 3415 quando
2217 3346 2456 3400 volueris
2494 3347 2698 3413 venire,
2731 3349 2888 3403 nobis
2915 3365 3176 3406 occurras
3213 3369 3227 3405 :
3267 3367 3367 3421 ego
3393 3355 3541 3408 enim

1973 3450 2094 3490 cras
2123 3435 2189 3488 ad
2219 3449 2336 3488 mea
2367 3449 2454 3488 me
2470 3436 2752 3506 recipiam.
2784 3435 2985 3493 Videns
3017 3438 3200 3508 itaque
3231 3440 3542 3494 inexorabi-

1972 3526 2078 3582 lem
2127 3540 2281 3592 esse,
2316 3527 2605 3581 comitatus
2649 3543 2767 3580 sum
2809 3544 2932 3582 eum
2988 3545 3160 3599 usque
3186 3530 3253 3583 ad
3287 3540 3538 3599 portum;

1974 3616 2318 3686 acceptisque
2341 3617 2408 3670 ab
2432 3632 2497 3670 eo
2528 3618 2698 3685 signis
2728 3634 2849 3687 quae
2877 3619 3088 3674 dixerat
3113 3620 3539 3688 domiciliorum,

1973 3707 2085 3761 dixi
2117 3708 2193 3762 illi
2221 3723 2236 3759 :
2267 3706 2380 3762 Nisi
2409 3723 2532 3763 cras
2563 3709 2763 3778 aliquid
2797 3711 2940 3779 quod
2971 3712 3102 3765 mihi
3127 3712 3358 3766 debetur
3383 3729 3538 3782 repe-

1975 3799 2175 3852 titurus
2201 3814 2399 3863 essem,
2439 3799 2665 3868 jamjam
2709 3810 2887 3854 tecum
2933 3804 3279 3872 navigarem;
3313 3806 3420 3858 cito
3458 3813 3540 3858 ta-

1975 3904 2096 3943 men
2131 3898 2181 3944 te
2204 3904 2484 3958 assequar.
2522 3889 2606 3952 Et,
2641 3889 2723 3943 his
2751 3891 2930 3957 dictis,
2956 3893 3444 3963 commendatoque
3471 3908 3538 3946 eo

1974 3985 2128 4040 navis
2153 3985 2494 4050 ductoribus,
2522 4000 2776 4040 reversus
2804 4002 2924 4041 sum
2952 3987 3146 4054 tristis,
3172 4003 3380 4042 memor
3407 3987 3538 4043 boni

1973 4087 2027 4132 et
2059 4077 2345 4132 concordis
2369 4077 2548 4131 amici.

2041 4169 2156 4224 XV.
2189 4171 2412 4240 Aliquot
2433 4181 2611 4224 autem
2638 4171 2754 4226 dies
2779 4179 3020 4224 moratus
3040 4211 3054 4235 ,
3087 4187 3151 4224 ac
3189 4178 3357 4224 totum
3387 4171 3539 4224 debi-

1975 4270 2088 4315 tum
2115 4263 2354 4332 recipere
2381 4278 2490 4316 non
2523 4263 2732 4326 valens,
2760 4273 2978 4332 propter
3018 4262 3419 4318 festinationem
3451 4280 3538 4318 re-

1974 4353 2125 4422 liquo
2152 4355 2415 4424 neglecto,
2449 4356 2594 4425 quod
2627 4355 3015 4424 impedimento
3043 4364 3208 4424 esset,
3256 4356 3371 4424 ipse
3399 4373 3538 4426 quo—

1975 4461 2081 4514 que
2112 4447 2166 4499 in
2197 4444 2440 4499 Iudaeam
2465 4445 2769 4514 cnavigavi,
2796 4455 2848 4499 et
2877 4445 3282 4514 quintodecimo
3305 4447 3391 4501 die
3420 4448 3538 4502 (Σιε-

295 4534 525 4606 σάρειαν
571 4536 886 4605 κατήντησα
937 4536 1034 4606 τὴν
1072 4536 1405 4609 Στράτωνος.
1445 4538 1761 4602 Ἐπιϐάντος
1814 4539 1868 4592 δέ

1976 4555 2187 4593 saream
2237 4539 2509 4595 Stratonis
2547 4540 2764 4594 adveni.
2805 4543 3050 4610 Cumque
3092 4550 3290 4595 terram
3333 4543 3538 4612 tetigis-

298 4644 404 4698 μου
435 4629 538 4699 τῆς
567 4628 670 4698 γῆς
698 4627 791 4680 καὶ
827 4626 1004 4693 ξενίαν
1049 4628 1381 4700 θηρωμένου,
1412 4630 1611 4702 ἔμαθον
1643 4633 1723 4685 ὅτι
1763 4632 1869 4685 Πέ-

293 4737 425 4792 τρος
459 4737 546 4783 τις
573 4719 884 4789 λεγόμενος,
913 4717 1007 4771 τοῦ
1037 4720 1092 4771 ἐν
1135 4721 1360 4792 Ἰουδαίᾳ
1393 4722 1734 4790 είσφανέντος
1772 4723 1870 4775 άν-

1975 4646 2111 4697 sem,
2149 4639 2203 4685 et
2243 4631 2536 4700 hospitium
2592 4633 2992 4700 investigarent,
3033 4633 3214 4702 accepi
3247 4634 3535 4702 quemdam

1976 4722 2196 4775 nomine
2220 4719 2462 4788 Petrum,
2492 4722 2589 4774 viri
2617 4723 2763 4776 illius
2785 4722 2876 4792 qui
2918 4721 2970 4776 in
3001 4720 3185 4777 Judzea
3215 4732 3539 4790 conspectus

293 4815 424 4886 δρὸς
447 4815 545 4867 τοῦ
570 4816 769 4886 σημεῖα
792 4816 886 4866 καὶ
911 4814 1111 4885 τέρατα
1136 4813 1492 4884 πεποιηκότος
1514 4817 1542 4867 ὀ
1568 4812 1868 4884 δοκιμώτα-

1973 4821 2077 4878 est,
2104 4813 2306 4882 quique
2339 4814 2492 4882 signa
2533 4823 2586 4867 et
2623 4813 2865 4884 prodigia
2900 4814 3045 4879 fecit,
3095 4815 3538 4884 probatissimum

293 4925 394 4971 τος
421 4909 683 4980 ὑπάρχων
717 4907 981 4978 μαθητὴς,
1007 4904 1192 4978 αὔριον
1219 4905 1516 4976 Σίμωνιτῷ
1535 4907 1641 4960 ἀπὸ
1669 4906 1868 4959 Γιτθῶν

1975 4905 2324 4974 discipulum,
2350 4905 2591 4958 crastino
2608 4905 2695 4959 die
2721 4921 2844 4960 cum
2883 4907 3103 4960 Simone
3130 4921 3194 4960 ex
3219 4903 3419 4960 Gitthis
3441 4904 3542 4960 Sa-

296 5001 545 5073 Σαμαρεῖ
598 4998 824 5070 ζήτησιν
886 5000 1118 5051 ποιεῖται
1165 4997 1359 5066 λόγων.
1403 4996 1542 5066 Ἐγὼ
1588 4998 1650 5051 δὲ
1702 4997 1868 5051 ταῦτα

1978 4997 2252 5050 maritano
2273 5010 2394 5050 esse
2415 4995 2838 5064 diSputaturum.
2864 4994 3071 5060 Quibus
3103 4995 3328 5061 auditis,
3351 4996 3538 5066 rogavi

293 5093 538 5157 ἀκούσας
567 5091 794 5165 ἐδεήθην
841 5091 940 5162 τὴν
984 5088 1172 5142 τούτου
1210 5105 1298 5160 μοι
1345 5089 1641 5160 μηνυθῆναι
1683 5089 1868 5161 μονήν·

1978 5089 2124 5143 illius
2150 5088 2485 5142 mansionem
2517 5088 2646 5142 mihi
2675 5087 2899 5142 indicari
2929 5105 2943 5141 :
2973 5095 3025 5141 et
3069 5087 3232 5141 simul
3268 5096 3432 5156 atque
3459 5087 3541 5141 di-

294 5187 397 5238 καὶ
420 5185 572 5256 όμῶς
599 5183 800 5254 ἔμαθον
829 5182 926 5236 καὶ
954 5180 1031 5252 τῷ
1066 5180 1267 5233 πυλῶνι
1305 5181 1557 5250 ἐπέστην.
1590 5179 1868 5250 Θεασάμε-

1979 5181 2106 5247 dici,
2138 5189 2334 5250 praesto
2365 5178 2442 5233 fui
2473 5179 2539 5233 ad
2571 5178 2737 5234 fores.
2776 5178 2843 5232 At
2873 5179 2955 5232 illi
2980 5179 3034 5231 in
3074 5178 3260 5244 domo,
3289 5194 3411 5232 cum
3453 5193 3538 5230 me

294 5295 382 5333 να,
400 5279 457 5332 δὲ
488 5279 538 5330 οί
575 5280 634 5330 ὲν
655 5275 734 5347 τῷ
757 5275 889 5345 οἴκῳ
917 5270 1204 5326 ἀπέϐαλον
1222 5271 1266 5302 ⁸⁸
1288 5271 1371 5334 τίς
1391 5289 1449 5324 τε
1475 5270 1551 5325 ῶν
1583 5272 1678 5325 καὶ
1707 5271 1868 5324 πόθεν

1976 5271 2258 5335 viderent,
2293 5270 2432 5324 inter
2459 5285 2519 5324 se
2547 5269 2929 5335 conferebant,
2957 5270 3208 5340 quisnam
3245 5285 3443 5333 essem,
3474 5284 3538 5324 ac

1611 5383 1839 5440 VARI/fl
1881 5382 2278 5438 LECTIONES.

367 5483 413 5516 “
451 5482 681 5548 θεότητα
709 5477 772 5535 C.
847 5483 892 5510 δ’
919 5478 1114 5548 ἀληθὲς
1139 5476 1365 5548 λέγοντα
1392 5474 1454 5530 Ο.
1477 5476 1826 5548 subsequens
1855 5475 1944 5528 διά
1967 5475 2174 5548 addidit
2194 5475 2252 5538 S,
2279 5483 2502 5548 auctore
2533 5473 2750 5548 Ruﬁno,
2797 5471 2916 5548 Rec.
2963 5489 2997 5538 I,
3023 5475 3074 5548 9_.
3124 5472 3195 5548 _”
3223 5473 3344 5524 ὅσον
3378 5470 3538 5548 Liber

719 5529 861 5621 quod
1214 5529 1268 5578 ’⁸⁵
1466 5529 1830 5624 ἧκόυσας
1875 5561 1985 5624 (λιιι.
2123 5529 2265 5624 idem
2301 5543 2442 5624 κατά
2474 5559 2523 5624 ρ..
2817 5546 2862 5574 u
2895 5529 3296 5624 συμπλεύσυισι,
3330 5545 3536 5624 οίηῐδδιξ

297 5644 381 5676 σοι
400 5609 469 5678 ἶ).
550 5623 600 5653 ⁸⁸
628 5609 753 5689 ἰιιξεῖ
783 5609 973 5691 χρόνον
1003 5636 1064 5691 ex
1093 5617 1238 5691 Epit.
1259 5633 1307 5671 c.
1352 5617 1436 5691 ιε.
1466 5615 1584 5670 Vid.
1616 5609 1769 5691 Horn.
1807 5631 1866 5678 tl,
1897 5615 1966 5668 28
2135 5614 2328 5691 ’πίτπὲ
2364 5631 2426 5682 γε
2455 5609 2642 5691 ,(3.⁷
2692 5614 2752 5691 ‘1
2768 5609 2986 5691 γνωριῶ
3107 5619 3166 5691 e_t_
3203 5609 3300 5691 ζῖρ.
3349 5609 3411 5691 ,δι’
3441 5610 3536 5663 καί

294 5673 495 5748 ἆξείἆίῑ
546 5673 752 5762 θρῗίίῖ.
784 5673 842 5745 ’ἑὶ
879 5690 1059 5762 Sa}?
1086 5673 1172 5741 διά
1221 5687 1514 5762 δεκαπέντε
1547 5685 1756 5762 conj.§
1787 5727 1802 5751 ,
1833 5673 1890 5738 ut
1911 5687 2078 5762 estin
2107 5685 2243 5762 god._
2283 5673 2419 5762 δεῇ.
2457 5683 2656 5762 {illinet
2701 5673 2850 5762 Epit.
2883 5673 3168 5762 manu
3201 5673 3535 5762 θεασάμενον

291 5763 353 5817 δὲ
397 5767 445 5818 οἱ
473 5768 532 5816 ὲν
564 5749 645 5869 τῇ)
671 5761 808 5832 οἴκῳ
843 5759 1130 5812 ἀντέϐαλον
1163 5763 1202 5810 υ
1226 5799 1240 5823 ,
1269 5756 1588 5810 ἀντέϐαλλον
1644 5749 1796 5825 reliq.
1828 5755 2046 5836 omissis
2100 5754 2164 5820 Ο,
2198 5756 2246 5808 οἱ
2279 5755 2323 5808 δ’
2354 5749 2670 5808 ἀντέϐαλλον
2701 5749 2829 5807 δἐι
2859 5749 2980 5808 cod.
3016 5749 3142 5818 804,
3173 5751 3266 5820 qui
3309 5749 3457 5809 addit

291 5833 339 5869 λ’
369 5836 424 5869 ἑ..
449 5834 530 5869 ...τι
560 5850 592 5869 η
618 5850 702 5869 νω
759 5836 814 5869 In
849 5829 964 5869 Ιῖηὸι
1020 5846 1062 5869 1-,
1101 5829 1162 5869 LI.
1201 5849 1212 5860 -
1249 5826 1569 5869 Θραντᾶιιρνηι
1607 5827 1666 5869 δὲ
1695 5827 1741 5869 ni
1783 5827 1839 5869 ἓν
1867 5843 1945 5869 τι.)
1976 5825 2125 5869 arma-

618 5850 652 5887 κ

291 5796 353 5817 νε
397 5796 445 5818 υ.
473 5796 532 5816 ιν
575 5796 615 5814 ,ι
671 5796 808 5832 ν-...ιμ
843 5796 1128 5812 ...ης-...ηυγ
1164 5796 1201 5810 ν
1226 5799 1240 5823 ,
1269 5796 1585 5810 ...η--..νων
1644 5796 1792 5825 .-.ην
1829 5796 2046 5836 ...των
2103 5796 2164 5820 ν,
2200 5796 2246 5808 ν.
2281 5796 2308 5808 ..
2354 5796 2665 5808 ...η-...ηπ
2703 5796 2738 5805 ..
2766 5796 2829 5807 ..-
2861 5796 2980 5808 ---.
3019 5796 3142 5818 νη,
3176 5796 3266 5820 Ἰ..-
3309 5796 3457 5809 .......-

288 5833 339 5888 δ⁴
367 5836 424 5889 ἐν
449 5834 530 5906 τῷ
560 5796 722 5904 οζιῳ.
758 5836 815 5885 ln
847 5829 987 5896 Epit.
1020 5846 1063 5884 ιιι
1101 5829 1162 5882 ιιι
1199 5849 1212 5882 :
1249 5826 1571 5898 θεασάμενοι
1607 5827 1666 5882 δὲ
1695 5827 1741 5882 oi
1783 5827 1839 5882 ἐν
1867 5843 1945 5898 τῳ
1976 5825 2125 5898 οἴκῳ.
3457 5835 3470 5862 ι
