4068 6338
523 322 631 401 ἠ’

1415 346 1473 403 8.
1513 342 1903 402 ΟΕΕΜΕΧΤΙΞ
1940 342 2149 399 IROM.
2190 342 2389 398 PONT.
2433 341 2663 397 OPERA
2695 341 2922 400 DUBIA.

3706 349 3783 409 ἠ

520 470 668 526 unde
694 472 959 527 venirem.
1009 470 1075 528 Et
1117 489 1245 530 ecce
1286 474 1567 530 Barnabas
1594 488 1869 546 egressus,
1906 471 2076 528 statin

2195 470 2332 540 ἥκω.
2372 467 2481 521 Καὶ
2524 467 2632 521 ἰδοὺ
2672 466 2959 539 Βαρνάϐας
2996 466 3163 531 ἐκϐὰς
3193 466 3307 539 ἃμα
3346 468 3425 541 τῷ
3465 470 3592 525 ίδεῐν
3609 471 3656 504 ⁸⁸
3685 489 3786 531 περ.

520 563 750 630 utvidit,
793 565 1113 634 complexus
1144 576 1228 621 est
1253 582 1363 629 me.
1402 568 1632 621 multum
1660 564 1902 635 gaudens
1925 579 1989 618 ac
2010 564 2091 617 la»

520 666 807 724 erymans;
835 656 1285 727 apprehensaque
1322 672 1487 710 manu
1535 670 1676 720 mea,
1711 653 2010 708 introduxit
2038 654 2090 707 in

519 748 698 801 locum
734 749 823 801 ubi
857 759 974 804 erat
1002 750 1216 812 Petrus,
1250 750 1497 819 dixitque
1532 746 1703 803 mihi:
1743 747 1841 803 Hic
1878 756 1963 803 est
1991 747 2092 801 Pe-

520 846 655 904 trus,
684 854 845 908 quem
866 841 1165 894 maximum
1188 841 1241 894 in
1268 840 1361 893 Dei
1390 839 1653 908 sapientia
1678 839 1772 893 tibi
1802 838 2091 893 denuntia-

516 930 666 997 bam,
690 932 778 986 cui
807 932 1030 987 assiduo
1064 933 1128 987 de
1165 943 1215 986 te
1242 932 1523 1002 loquebar.
1548 930 1701 986 Ultro
1725 930 1889 1002 igitur
1911 931 2090 997 ingre-

516 1022 671 1085 dere;
712 1022 970 1092 quoniam
995 1038 1115 1092 quae
1141 1023 1194 1077 in
1220 1031 1273 1078 te
1302 1023 1444 1077 bona
1486 1030 1633 1088 sunt,
1660 1038 1785 1076 vere
1823 1021 1898 1074 illi
1930 1036 2091 1074 enar-

515 1113 654 1179 ravi,
691 1115 964 1183 simulque
994 1112 1346 1168 manifestum
1390 1112 1489 1166 feci
1522 1114 1863 1183 propositum
1902 1121 2084 1175 tuum,

514 1204 589 1257 ita
623 1212 681 1257 ut
716 1204 829 1273 ipse
858 1204 1021 1258 etiam
1066 1217 1116 1258 te
1147 1204 1330 1258 videre
1371 1213 1545 1258 aveat.
1591 1203 1842 1273 Magnum
1876 1219 2003 1273 ergo
2037 1202 2084 1256 ei

514 1311 715 1351 munus
756 1306 805 1351 te
828 1298 1079 1351 manibus
1106 1300 1241 1352 meis
1267 1298 1454 1351 oll‘ero.
1497 1296 1652 1363 Quod
1687 1312 1809 1350 cum
1837 1296 2082 1361 dixisset,

514 1389 699 1444 oblato
730 1406 836 1454 me,
864 1390 942 1442 ait
974 1405 986 1440 :
1022 1388 1119 1459 llic
1151 1399 1233 1443 est
1258 1388 1530 1454 Clemens,
1553 1388 1727 1442 Petre.

579 1478 721 1534 XVI.
758 1480 825 1534 At
869 1480 1044 1535 bonus
1084 1480 1298 1547 Petrus,
1337 1481 1500 1535 simul
1530 1496 1593 1536 ac
1628 1496 1825 1534 nomen
1856 1481 2080 1547 audivit,

510 1572 741 1641 prosiliit
770 1582 822 1626 et
852 1566 1130 1627 osculatus
1156 1582 1271 1635 est.
1319 1588 1383 1628 ac
1417 1572 1606 1628 sedere
1641 1589 1727 1626 me
1766 1571 1928 1638 fecit,
1972 1582 2080 1627 sta-

512 1665 718 1733 timque
745 1666 910 1718 dixit:
942 1664 1107 1720 Recte
1135 1664 1335 1728 fecisti.
1356 1681 1659 1735 praeconem
1677 1666 1921 1720 veritatis
1950 1664 2085 1720 Bar-

510 1758 707 1811 nabam
741 1758 1010 1826 hospitem
1042 1757 1362 1827 excipiendo
1388 1800 1402 1822 ,
1435 1772 1635 1825 magno
1672 1758 1855 1810 animo
1883 1758 1937 1811 in
1970 1760 2081 1812 veri

2198 560 2466 633 ριεπλάκη
2506 577 2615 631 μοι,
2637 558 2772 614 πολὺ
2796 560 3000 632 χαίρων
3021 562 3113 615 καί
3132 559 3398 632 δακρύων⁶
3427 564 3522 617 καὶ
3541 563 3784 638 λαϐόμε-

2195 653 2284 716 νός
2321 671 2422 724 μου
2456 652 2553 722 τῆς
2582 652 2762 722 χειρὸς
2794 652 3074 725 εἰσέφερεν
3114 652 3241 706 ἔνθα
3274 648 3342 725 ἦν
3371 656 3400 707 ὁ
3435 655 3658 728 Πέτρος,
3690 660 3782 714 λέ-

2155 786 2162 795 .
2193 762 2304 813 γων
2337 754 2443 815 μοι’
2481 739 2648 808 Οὗτός
2672 746 2787 797 ὲστι
2820 746 3043 817 Πέτρος,
3071 746 3131 799 ὃν
3161 746 3416 817 μέγιστον
3456 749 3549 802 ἐπὶ
3583 754 3651 823 τῇ
3682 752 3780 809 τοῦ

2192 835 2326 889 Θεοῦ
2365 836 2526 907 σοφίᾳ
2556 837 2970 909 ἐπηγγειλάμην
2984 838 3029 869 ⁵³
3052 855 3153 908 σοι,
3190 833 3235 908 ᾧ
3262 838 3559 905 ἀπαύστως
3590 859 3649 895 σε
3680 846 3781 898 ἀνα

2190 927 2461 981 τέϐαλλον.
2500 928 2586 991 Ὠς
2611 929 2770 981 εἴσιθι
2805 931 2869 982 ὲκ
2903 930 3241 1002 ταυτομάτου
3262 974 3277 998 ,
3309 932 3392 985 ὅτι
3431 932 3501 986 τὰ
3543 933 3686 988 κατά
3714 936 3777 989 σὲ

2190 1019 2331 1074 καλά
2346 1020 2475 1073 ὄντα
2503 1020 2751 1090 ἀψευδῶς
2773 1022 3097 1077 ἀντέϐαλλον
3114 1024 3179 1087 ⁵⁵,
3211 1023 3246 1077 ἆ
3254 1043 3327 1095 μα
3347 1026 3441 1078 καὶ⁵
3460 1026 3559 1097 τὴν
3580 1028 3777 1099 προαί-

2193 1128 2340 1182 ρεσιν
2371 1111 2607 1184 ἐξέφηνα
2627 1113 2671 1144 ⁸⁸
2694 1153 2708 1177 ,
2745 1114 2822 1177 ὡς
2860 1116 3022 1168 αὑτὸν
3055 1115 3334 1186 γλίχεσθαι
3385 1118 3480 1170 καὶ¹
3530 1118 3657 1172 ἰδεῖν
3692 1138 3773 1175 σε.

2187 1205 2348 1273 Μέγα
2368 1200 2463 1258 οὖν
2497 1204 2647 1277 αύτῷ
2664 1205 2836 1278 δῶρόν
2862 1223 2922 1259 σε
2945 1207 3033 1260 διά
3052 1208 3157 1260 τῶν
3174 1211 3199 1261 ὲ
3208 1208 3323 1279 μῶν
3346 1210 3640 1282 προσφέρω
3660 1229 3775 1282 χει-

2192 1295 2317 1366 ρῶν.
2355 1296 2464 1349 Καὶ
2491 1295 2647 1348 τοῦτο
2677 1296 2867 1363 εἰπὼν,
2898 1300 3271 1371 προσενέγκας
3307 1301 3433 1373 ἔφη·
3469 1299 3639 1368 Οὗτός
3658 1306 3777 1359 ἐστι

2190 1387 2446 1460 Κλήμης,
2482 1388 2679 1459 Πέτρε.

2255 1481 2365 1551 39
2380 1480 2519 1536 XVI.
2536 1482 2592 1536 '0
2606 1481 2662 1534 δὲ
2682 1482 2902 1551 ἀγαθὸς,
2916 1484 3300 1556 προσπηδήσας
3322 1484 3435 1557 ἃμα
3454 1487 3531 1559 τῷ
3543 1488 3777 1545 ἀκοῦσαι

2183 1570 2245 1625 τὸ
2265 1573 2455 1646 ὄνομα,
2475 1574 2852 1647 κατεφίλησεν,
2876 1577 3367 1648 καὶὲγκαθιστῆναί
3384 1578 3428 1610 ⁵⁸
3455 1598 3520 1650 με
3541 1583 3775 1653 ποιήσας

2185 1664 2414 1738 ἐξαυτῆς
2444 1666 2569 1739 ἔφη’
2628 1668 2824 1731 Καλῶς
2854 1669 3117 1740 ἐποίησας
3139 1670 3229 1722 τὸν
3258 1672 3359 1742 τῆς
3385 1672 3631 1743 ἀληθεία¹
3669 1677 3774 1748 κή-

2192 1774 2330 1828 ρυκα
2359 1757 2569 1823 ξενίσας
2592 1759 2895 1832 Βαρνάϐαν,
2932 1762 3012 1824 εἰς
3041 1761 3206 1833 τιμήν
3228 1763 3322 1815 τοῦ
3351 1762 3518 1828 ὅντως
3539 1766 3583 1796 ⁵⁷
3610 1766 3769 1832 Θεοῦ,

509 1846 604 1902 Dei
641 1850 903 1902 honorem
929 1890 943 1914 ,
982 1848 1223 1904 furorem
1272 1849 1534 1919 imperita:
1574 1849 1938 1903 multitudinis
1973 1864 2076 1903 non

2189 1849 2603 1921 μεγαλοφρόνως
2625 1893 2639 1917 ,
2682 1853 2782 1905 οὐκ
2813 1852 3078 1917 αίδεσθεὶς
3098 1896 3113 1919 ,
3143 1855 3202 1907 ού
3237 1854 3489 1926 φοϐηθεὶς
3534 1857 3622 1910 τὸν
3663 1859 3772 1911 τῶν

508 1944 732 1997 veritus.
768 1942 966 1997 Beatus
1001 1944 1131 1998 eris.
1164 1941 1636 2007 Quemadmodum
1668 1944 1812 1997 enim
1847 1952 1900 1997 tu
1933 1944 2079 1997 veri-

511 2034 638 2089 tatis
712 2035 947 2105 legatum
978 2036 1050 2091 ita
1080 2051 1203 2091 cum
1234 2036 1378 2090 omni
1414 2035 1621 2090 honore
1650 2035 1910 2105 excepisti
1952 2035 2082 2089 hos-

506 2128 663 2197 pitio,
698 2129 813 2199 ipsa
857 2144 1078 2198 quoque
1119 2139 1171 2183 te
1210 2128 1413 2183 veritas
1453 2129 1742 2198 hospitem,
1779 2143 1892 2183 sum
1930 2128 2079 2184 urbis

507 2221 679 2274 civem
724 2222 1023 2275 constituet
1072 2240 1085 2275 :
1132 2228 1371 2290 tuncque
1414 2237 1741 2291 magnopere
1786 2221 2076 2285 laetaberis,

506 2314 633 2382 quia
680 2329 825 2368 nunc
867 2328 1091 2382 parvam
1143 2313 1439 2368 fmneratus
1480 2315 1711 2384 gratiam
1740 2355 1754 2378 ,
1808 2314 2078 2368 bonorum

506 2407 628 2459 dico
670 2421 982 2460 sermonum
1023 2407 1355 2461 voluntatem
1381 2448 1395 2471 ,
1424 2407 1692 2461 bonorum
1725 2416 2075 2473 :eternorum,

507 2513 734 2567 quaeque
762 2497 964 2551 auferri
1001 2507 1297 2567 nequeunt,
1327 2499 1501 2553 lueres
1523 2497 1794 2554 eﬂicieris.
1817 2497 1926 2555 Nec
1949 2515 2077 2554 vero

506 2589 748 2643 laborem
784 2590 983 2645 subeas
1014 2590 1278 2645 referendi
1312 2590 1447 2644 mihi
1484 2606 1666 2645 mores
1702 2600 1825 2645 tuos
1857 2610 1870 2645 :
1905 2591 2079 2660 siqui-

504 2685 624 2737 dem
650 2683 833 2737 omnia
866 2692 955 2737 tua
984 2684 1143 2738 nobis
1169 2683 1478 2745 edisseruil,
1505 2684 1596 2752 qui
1630 2683 1847 2736 mentiri
1880 2684 2074 2750 nescit,

502 2775 802 2843 Barnabas,
839 2777 951 2832 lere
992 2778 1233 2846 quotidie
1261 2778 1459 2830 bonam
1504 2775 1583 2829 tui
1627 2775 1956 2829 mentionem
1996 2775 2076 2829 fa-

501 2873 674 2927 ciens.
706 2868 885 2941 thue
922 2871 1041 2936 tibi,
1074 2880 1333 2939 tanquam
1372 2869 1587 2922 sincero
1619 2868 1819 2933 amico,
1849 2868 1897 2922 id
1927 2869 2073 2937 quod

501 2979 592 3019 res
615 2973 721 3029 est,
748 2964 985 3017 breviter
1016 2963 1191 3017 dicam
1230 2978 1243 3015 :
1297 2960 1399 3014 nisi
1450 2960 1545 3014 tibi
1597 2961 1801 3030 aliquid
1845 2960 2076 3029 impedi-

499 3071 682 3115 mento
714 3068 832 3121 est,
867 3058 967 3111 iter
998 3055 1283 3109 nobiscum
1315 3053 1453 3107 habe
1474 3094 1488 3120 ,
1520 3068 1585 3107 ac
1619 3053 1832 3122 percipe
1863 3068 2073 3106 sermo-

2185 1942 2527 1997 ἀπαιδεύτων
2549 1945 2722 2015 ὄχλων
2742 1946 2932 2017 θυμόν.
2955 1946 3240 2019 Μακάριος
3266 1948 3382 2020 ἔσῃ.
3403 1950 3488 2014 Ὠς
3510 1950 3617 2023 γὰρ
3639 1952 3702 2005 σὺ
3724 1952 3771 1984 ιιι

2184 2035 2276 2089 τὸν
2320 2037 2420 2107 τῆς
2448 2038 2703 2110 ἀληθείας
2734 2038 3071 2111 πρεσϐευτὴν
3121 2039 3294 2103 οὕτως
3326 2038 3569 2105 ὲξένισας
3621 2044 3770 2115 πάσῃ

2183 2134 2338 2203 τιμῇ,
2371 2132 2463 2184 καὶ
2497 2132 2631 2202 αὐτή
2672 2149 2729 2184 σε
2772 2132 2995 2204 ἀλήθεια
3037 2132 3183 2197 ξένον
3211 2134 3341 2188 ὄντα
3369 2135 3467 2206 τῆς
3496 2136 3629 2199 ἰδίας
3666 2138 3770 2189 πό-

2183 2222 2320 2286 λεως
2349 2224 2677 2294 καταστήσει
2704 2224 2943 2295 πολίτην·
2978 2225 3072 2277 καὶ
3098 2226 3218 2278 τότε
3240 2228 3454 2299 χαρήσῃ
3483 2230 3732 2299 μεγάλως
3752 2274 3769 2298 ,

2182 2316 2264 2368 ὅτι
2290 2314 2546 2387 βραχεῖαν
2574 2314 2669 2369 νῦν
2690 2316 2967 2381 ἐδάνεισάς
2986 2318 3031 2350 ⁵⁸
3056 2318 3235 2389 χάριν,
3260 2320 3576 2391 προαίρεσιν
3597 2322 3772 2391 λόγων

2183 2408 2363 2461 καλῶν
2411 2408 2587 2476 λέγω,
2634 2410 2728 2462 καὶ
2764 2409 2947 2462 ἀῖδίων
2994 2411 3088 2462 καὶ
3128 2411 3503 2483 ἀναφαιρέτων
3548 2415 3771 2483 ἀγαθῶν

2182 2498 2281 2571 ἔσῃ
2301 2499 2653 2571 κληρονόμος.
2676 2501 2785 2554 Καὶ
2809 2502 2883 2572 μὴ
2907 2502 3081 2572 κάμνε
3108 2503 3445 2558 ἀντιϐάλλειν
3474 2523 3560 2577 μοι
3590 2506 3651 2559 τὸ
3676 2507 3770 2564 σὺν

2179 2586 2331 2662 ἦθος·
2368 2590 2543 2644 πάντα
2574 2592 2682 2663 γὰρ
2715 2592 2784 2644 τὰ
2815 2592 2957 2647 κατά
2987 2595 3046 2647 σὲ
3074 2597 3102 2647 ὁ
3126 2595 3360 2666 ἀψευδὴς
3381 2597 3425 2628 ⁸⁰
3451 2599 3580 2669 ἡμῖν
3608 2601 3769 2655 ἀντέ-

2180 2685 2309 2739 ϐαλε
2329 2685 2636 2758 Βαρνάϐας,
2661 2685 2845 2755 σχεδὸν
2866 2686 2985 2739 καθ’
3016 2687 3225 2757 ἡμέραν
3251 2689 3348 2759 τὴν
3367 2690 3575 2763 ἀγαθήν
3602 2709 3694 2745 σου
3721 2694 3767 2724 ⁸⁸

2179 2778 2499 2849 ποιούμενος
2531 2779 2767 2849 μνήμην.
2794 2778 2901 2831 Kal.
2933 2778 3020 2831 ἴνα
3053 2796 3135 2831 σοι
3163 2781 3221 2832 ὲν
3241 2781 3495 2854 ἐπιτομῇ,
3531 2783 3605 2847 ὡς
3634 2801 3770 2856 γνη-

2180 2872 2278 2943 σίῳ
2304 2872 2442 2942 φίλῳ
2463 2873 2526 2935 θ’,
2550 2871 2610 2923 τὸ
2629 2871 2983 2943 προκείμενον
3002 2871 3131 2944 ὲρῶ,
3148 2873 3197 2926 εί
3217 2878 3289 2945 μή
3303 2872 3384 2928 σοί
3396 2891 3448 2927 τι
3463 2876 3764 2946 ἐμποδίζει,

2180 2965 2490 3018 συνόδευσον
2528 2965 2688 3035 ἡμῖν,
2731 2964 3159 3036 μεταλαμϐάνων
3205 2967 3314 3018 τῶν
3359 2967 3459 3039 τῆς
3506 2969 3766 3041 ἀληθείας

2177 3050 2461 3125 λόγων,ὦν
2478 3056 2525 3087 ⁸³
2558 3055 2699 3109 κατὰ
2721 3056 2873 3109 πόλιν
2905 3057 3175 3111 ποιεῖσθαι
3200 3058 3398 3128 μέλλω,
3434 3059 3593 3133 μέχρι
3626 3060 3764 3115 Ῥώ-

504 3169 596 3207 nes
625 3150 891 3215 veritatis,
917 3164 1056 3216 quos
1085 3162 1180 3216 per
1211 3145 1455 3217 singulas
1486 3147 1753 3211 civitates,
1781 3146 1953 3215 ipsam
1980 3162 2073 3199 us»

2180 3165 2287 3221 μης
2315 3148 2501 3220 αὐτῆς.
2531 3148 2641 3201 Καὶ
2671 3150 2733 3225 σύ
2760 3148 2825 3233 δὲ
2853 3150 2905 3202 εἴ
2927 3167 2980 3201 τι
3018 3148 3197 3219 βούλει
3226 3150 3369 3219 λέγε.

504 3259 605 3312 que
631 3241 882 3306 Romam,
917 3239 1205 3293 habiturus
1237 3253 1401 3313 sum._
1434 3237 1514 3293 Tu
1559 3254 1747 3309 porro,
1793 3240 1839 3295 si
1870 3238 2074 3310 aliquid

504 3335 678 3404 Cupis,
710 3332 898 3388 effare.
1529 3394 1543 3409 _

478 3448 491 3459 ’
566 3448 732 3503 XVII.
775 3447 841 3502 Et
873 3463 973 3518 ego
1013 3448 1145 3519 quid
1178 3449 1247 3504 ab
1294 3449 1451 3503 initio
1497 3448 1762 3520 propositi
1811 3448 2072 3519 gesserint

499 3542 745 3612 exposui,
776 3551 830 3596 et
855 3558 965 3610 quo
992 3542 1155 3596 modo
1178 3542 1574 3611 questionibus
1599 3540 2071 3610 inexplicabilibus

499 3639 799 3692 exhaustus
850 3635 1085 3699 fuerim,
1141 3643 1446 3703 caeteraque
1497 3649 1617 3703 quae
1662 3633 1757 3689 tibi
1804 3631 2071 3702 principio

495 3740 653 3787 antea
677 3728 973 3793 declaravi,
1001 3728 1080 3781 uti
1111 3743 1179 3782 ne
1204 3727 1391 3781 eadem
1427 3726 1620 3780 iterum
1660 3726 1917 3781 scribam.
1950 3723 2069 3781 Dixi

494 3839 678 3880 autem
710 3823 980 3878 :Paratus
1010 3820 1228 3890 quidem
1261 3834 1381 3874 sum
1414 3828 1592 3874 tecum
1631 3819 1933 3887 proﬁcisci;
1968 3820 2071 3874 hoc

493 3919 642 3973 enim
685 3915 872 3971 nescio
915 3912 1191 3983 quomodo
1235 3913 1397 3982 cupio
1440 3913 1641 3966 laetus:
1686 3927 1875 3965 verum
1917 3912 2069 3981 prius

494 4011 617 4065 volo
643 4008 843 4065 certior
872 4007 938 4060 de
968 4006 1194 4059 veritate
1226 4006 1363 4066 lieri,
1396 4014 1452 4060 ut
1481 4006 1649 4060 sciam
1677 4012 1857 4057 utrum
1886 4003 2068 4057 anima

495 4101 744 4156 mortalis
782 4100 873 4164 sit,
891 4115 956 4153 an
986 4097 1349 4163 immortalis;
1378 4109 1432 4150 et
1463 4097 1507 4151 si
1541 4096 1871 4165 sempiterna
1885 4096 1976 4163 sit,
1996 4111 2065 4149 an

492 4195 564 4248 ob
586 4209 647 4247 ea
682 4208 803 4262 quae
840 4191 927 4245 hic
953 4190 1153 4261 gessit,
1184 4188 1419 4259 judicari
1449 4188 1683 4242 debeat:
1732 4188 1857 4241 item
1904 4203 1972 4241 an
2016 4197 2069 4242 et

491 4280 629 4357 quid
649 4288 720 4341 sit
736 4288 947 4355 justum
1000 4300 1065 4339 ac
1090 4282 1199 4337 Deo
1227 4289 1440 4352 gratum
1469 4299 1483 4333 :
1527 4291 1786 4350 praeterea
1820 4280 2067 4335 factusne

494 4381 568 4433 sit
610 4378 867 4442 mundus,
892 4383 947 4431 et
981 4390 1150 4444 quare
1188 4375 1398 4437 factus;
1438 4385 1491 4427 et
1522 4382 1703 4427 utrum
1739 4390 1843 4427 non
1867 4375 2065 4430 dissol-

488 4481 671 4537 vetur,
710 4486 780 4524 an
809 4469 1156 4533 dissolvetur,
1178 4477 1231 4522 et
1261 4484 1329 4521 an
1356 4467 1545 4532 melior
1584 4466 1821 4533 futurus,
1858 4484 1925 4521 an
1966 4484 2066 4523 nec

2242 3443 2410 3499 XVII.
2450 3442 2621 3512 Κάγὼ
2650 3443 2696 3475 ⁸⁸
2732 3442 2995 3515 ὲξεθέμην
3021 3422 3118 3514 τήν
3154 3442 3213 3508 ἐξ
3246 3443 3420 3515 ἀρχῆς
3451 3463 3542 3517 μοι
3572 3447 3764 3519 προαί-

2160 3554 2345 3610 ορεσιν,
2388 3537 2482 3590 καὶ
2525 3537 2601 3600 ὡς
2647 3538 2726 3600 είς
2769 3535 3023 3608 ζητήσεις
3066 3535 3304 3605 ἀπόρους
3335 3535 3633 3609 ἐκενώθην,
3665 3539 3763 3593 καὶ

2174 3630 2352 3683 πάντα
2368 3630 2467 3682 ὅσα
2489 3646 2569 3683 σοι
2589 3629 2687 3699 τὴν
2707 3628 2881 3700 ἀρχὴν
2902 3627 3353 3699 προεδήλωσα,ὼς
3370 3628 3579 3700 min
3596 3630 3670 3702 μὴ
3691 3632 3763 3685 τὰ

2172 3723 2311 3776 αύτά
2337 3723 2496 3777 πάλιν
2527 3722 2742 3794 γράφω.
2784 3721 3007 3790 Ἔλεγον
3033 3721 3111 3773 δέ·
3146 3721 3235 3773 Σοὶ
3262 3721 3361 3791 μὲν
3391 3722 3621 3793 ἑτοίμως
3651 3722 3781 3794 ἔχων

2173 3815 2489 3869 συνοδεύειν·
2514 3814 2672 3868 τοῦτο
2700 3813 2827 3886 γὰρ,
2843 3814 2942 3868 ούκ
2970 3810 3141 3867 οἶδαδδ
3171 3815 3337 3881 ὅπως,
3364 3814 3567 3887 χαίρων
3596 3816 3754 3870 θέλωο

2171 3909 2309 3981 πλὴν
2333 3909 2458 3981 περὶ
2473 3890 2728 3980 ἀληθείας
2748 3908 2963 3980 πρῶτον
2984 3907 3087 3977 πλη
3097 3908 3459 3979 ροφορηθῆναι
3481 3908 3638 3975 θέλω,
3670 3909 3759 3963 ἵνα

2168 4000 2303 4069 γνῶ,
2334 4004 2381 4053 εἰ
2414 4002 2446 4071 ή
2471 4001 2513 4032 ⁸⁵
2541 4002 2686 4072 ψυχὴ
2726 4000 2890 4071 θνητὴ
2918 4000 3198 4070 τυγχάνει,
3228 4000 3260 4071 ἢ
3294 3999 3557 4065 ἀθάνατός
3587 4003 3752 4055 ἐστιν·

2169 4094 2264 4146 καὶ
2296 4094 2343 4145 εί
2364 4092 2407 4122 ⁵⁷
2443 4092 2612 4155 ἀΐδιος
2655 4089 2809 4153 οὖσα,
2842 4092 2971 4162 περὶ
3008 4087 3083 4145 ὧν
3115 4092 3348 4163 ἔπραξεν
3379 4094 3610 4150 ἐνταῦθα
3641 4096 3756 4168 ἔχει

2167 4184 2439 4257 κριθῆναι’
2476 4186 2569 4237 καὶ
2610 4184 2665 4237 εἴ
2694 4184 2740 4216 ⁸⁸
2780 4185 2834 4236 τί
2875 4184 3008 4237 ποτέ
3050 4187 3165 4239 ἐστι
3203 4186 3407 4240 δίκαιον
3447 4187 3479 4259 ἢ
3523 4190 3754 4260 ἄρεσκον

2167 4278 2305 4349 Θεῷο
2339 4277 2432 4331 καὶ
2462 4279 2507 4330 εἰ
2537 4276 2725 4345 γέγονε
2754 4277 2977 4348 κόσμος,
3012 4278 3106 4331 καὶ
3145 4278 3233 4331 διὰ
3261 4280 3313 4332 τί
3342 4280 3551 4349 γέγονε,
3582 4281 3675 4335 καὶ
3701 4284 3754 4335 εί

2166 4370 2227 4423 οὐ
2276 4369 2584 4441 λυθήσεται,
2633 4368 2729 4422 καὶ
2781 4370 2829 4421 εἰ
2882 4369 3193 4442 λυθήσεται·
3239 4372 3335 4423 καὶ
3380 4374 3428 4424 εί
3483 4373 3752 4443 κρείττων

2166 4463 2338 4527 ἔσται,
2367 4462 2400 4530 ἢ
2431 4461 2550 4514 οὐδὲ
2573 4460 2744 4515 ἔσται·
2793 4462 2888 4515 καὶ
2926 4463 3014 4516 ἵνα
3047 4464 3119 4535 μὴ
3154 4463 3213 4517 τὸ
3250 4466 3369 4516 κατ’
3410 4459 3551 4528 εἶδος
3582 4465 3747 4535 λέγω,

491 4564 712 4621 futurus
743 4562 970 4615 omnino
997 4579 1010 4613 :
1050 4575 1113 4614 ac
1140 4575 1207 4612 ne
1243 4559 1455 4630 singula
1491 4574 1809 4627 prosequar,
1837 4560 1949 4615 haec
1982 4569 2063 4614 at-

2179 4554 2337 4609 ταῦτά
2364 4571 2422 4607 τε
2458 4554 2500 4585 ⁶⁹
2538 4555 2631 4608 καὶ
2660 4553 2726 4607 τὰ
2762 4555 2969 4616 τούτοις
2998 4556 3234 4627 ἑπόμενα
3269 4556 3457 4629 μαθεῖν
3489 4553 3639 4610 εἷπον
3670 4558 3731 4611 θέ

491 4673 601 4729 que
629 4652 1015 4724 consequentia
1040 4650 1150 4705 dixi
1177 4666 1259 4705 me
1280 4651 1416 4705 velle
1438 4650 1673 4705 edoceri.
1700 4653 1767 4703 At
1793 4652 1878 4705 ille
1906 4652 1970 4705 ad
1997 4668 2059 4705 ea

495 4748 778 4819 respondit
808 4766 821 4801 :
847 4746 1090 4800 Breviter
1121 4745 1240 4809 tibi,
1270 4760 1302 4798 ο
1332 4743 1606 4809 Clemens,
1654 4758 1837 4797 rerum
1886 4743 2063 4797 scien-

492 4842 625 4896 tiam
653 4839 951 4906 exhibebo;
984 4851 1037 4893 et
1058 4837 1171 4909 jam
1194 4851 1340 4890 nunc
1370 4834 1518 4889 audi.

2171 4648 2301 4701 λειν.
2350 4649 2407 4701 Ὀ
2430 4647 2487 4701 δὲ
2512 4647 2650 4719 πρὸς
2696 4646 2870 4702 ταῦτα
2911 4648 3263 4720 ἀπεκρίνατο·
3312 4650 3599 4722 Συντόμως
3640 4668 3745 4717 σοι,

2170 4735 2214 4793 ὦ
2238 4741 2488 4813 Κλήμης,
2518 4742 2618 4811 τὴν
2642 4740 2751 4793 τῶν
2788 4739 2956 4793 ὄντων
2981 4742 3180 4811 γνῶσιν
3206 4743 3530 4815 παρέξομαι·
3556 4744 3649 4797 καὶ
3675 4744 3745 4797 τὰ

2169 4832 2261 4887 νῦν
2286 4833 2514 4906 ἐξαυτῆς
2537 4835 2786 4889 ἄκουσον.

1797 5009 2033 5066 VARle
2075 5009 2477 5067 LECTIONES.

568 5139 614 5174 ⁸³
636 5136 715 5191 lla
748 5135 786 5191 S
813 5144 867 5209 et
892 5137 1034 5209 Epit.
1054 5137 1222 5209 γείδεῖν
1256 5137 1317 5192 C.
1365 5136 1456 5209 0.7_
1504 5136 1550 5167 ⁵³
1578 5128 2003 5209 ’ἐπηγγελλδμην
2041 5128 2103 5182 C.

2251 5127 2297 5159 ⁵⁸
2337 5125 2395 5199 In
2422 5141 2527 5181 ms.
2579 5128 3019 5185 Clementinorum
3081 5128 3341 5199 scriptum
3398 5129 3627 5185 habetur
3664 5134 3740 5197 ὡς

492 5209 629 5266 sicci
658 5224 688 5261 e
710 5222 819 5277 quo
846 5196 1063 5261 formari
1089 5218 1267 5277 potest
1299 5210 1373 5271 ὡς
1405 5206 1538 5261 εἴσει
1570 5196 1837 5272 ingredere
1861 5196 2043 5268 igitur,
2076 5206 2131 5251 ut
2166 5199 2325 5252 vertit
2364 5196 2594 5249 Rulinns
2626 5215 2637 5248 :
2669 5201 2802 5248 εἰσει
2834 5212 2883 5264 p.
2919 5199 3114 5251 εῖσισθι
3143 5196 3282 5320 ymo
3307 5202 3484 5269 potius
3512 5201 3694 5273 εἴσιθι]
3726 5196 3738 5258 ἐ

494 5283 574 5320 σοι
618 5278 696 5320 οἶδε·
737 5277 875 5320 εἴση,
913 5286 968 5320 ιιι
991 5294 1290 5320 (manner/rs,
1326 5279 1365 5320 (ἶ
1398 5279 1472 5320 οἵη·
1507 5282 1643 5320 (seu-
1678 5270 1898 5320 narvula
1929 5269 2143 5320 lacunal
2170 5270 2233 5320 ἐκ
2256 5268 2592 5320 ταυτομάτου
2622 5268 2703 5319 ὅτι
2735 5266 2912 5320 πάντα
2931 5268 3000 5320 τὰ
3036 5286 3138 5320 κατ
3208 5270 3287 5320 σὲ.
3322 5289 3376 5320 κ.
3408 5288 3456 5320 τ.
3494 5271 3540 5320 λ.
3567 5310 3580 5320 .
3608 5274 3738 5320 ἀντ-

494 5283 577 5337 vel
618 5278 696 5342 ὼς
729 5266 878 5346 εἴση,
913 5286 968 5330 ιιι
991 5266 1293 5343 εοᾳῖιοεσαε,
1326 5266 1370 5334 (Ξ
1398 5279 1472 5340 ὼς
1507 5266 1649 5346 (seq:
1678 5266 1898 5341 parvula
1929 5269 2143 5346 lacuna)
2170 5268 2713 5346 exicauzopdts‘ou‘ért
2735 5266 2912 5346 πάντα
2931 5268 3000 5321 τὰ
3036 5286 3138 5346 κατ

3208 5270 3287 5333 σὲ,
3322 5289 3376 5323 κ.
3408 5288 3456 5323 τ.
3494 5271 3540 5323 λ.
3567 5310 3580 5334 ,
3608 5270 3738 5327 ἀντ-

496 5340 688 5425 έϐαλον
718 5348 818 5425 0_._
846 5340 904 5377 ’⁵⁸
938 5347 1015 5425 Ita
1046 5340 1100 5400 S.
1130 5347 1362 5425 έξέξρανα
1384 5350 1447 5425 0,
1474 5348 1538 5425 0_.
1572 5340 1770 5425 Deinde
1800 5346 1913 5425 ιρις.⁸
1937 5344 2011 5407 ὡς
2038 5345 2323 5425 γλίχεσθαι
2355 5345 2448 5425 καὶ
2486 5343 2645 5425 aut?
2666 5340 2737 5425 _S.
2815 5343 2861 5425 ξθ
2890 5340 3283 5425 ὲγκξθεσθῇναι
3316 5341 3376 5401 Ο,
3410 5340 3737 5425 ξξθεσθῆνὲι

494 5420 554 5478 (1,
594 5417 913 5487 καθισθῆναι
961 5416 1019 5469 S.

1130 5407 1185 5448 ³⁷⁷
1216 5407 1365 5481 ὄντος
1410 5407 1470 5471 (ἰ.
1508 5417 1693 5470 Leotio
1748 5407 1916 5469 nostri
1953 5407 2165 5469 codicis
2197 5415 2309 5479 jam
2356 5415 2557 5481 placuit
2593 5407 2953 5481 Schweglero'.
2982 5409 3094 5466 Cfr.
3128 5407 3286 5463 Hem.
3324 5426 3385 5481 ιι,
3426 5410 3530 5477 28;
3565 5407 3648 5475 ιιι,
3680 5413 3734 5466 3.

496 5490 538 5559 ς’
568 5487 705 5559 th.
734 5480 823 5552 ὡς’
842 5488 946 5559 γάρ
968 5486 1184 5559 Vadam.
1214 5486 1288 5552 0;
1327 5480 1385 5539 σε
1416 5502 1468 5559 p.
1499 5486 1560 5559 σύ
1594 5486 1714 5559 (Il.._
1735 5500 1842 5539 non
1865 5485 1929 5544 C.
1957 5494 2328 5559 utgperperam
2357 5480 2632 5559 asserit_S.
2668 5483 2720 5537 In
2745 5481 2787 5534 0
2808 5482 3001 5559 deinde
3029 5480 3594 5559 gev£6a_g_7ta'tcn_ttpﬁ_,
3615 5483 3733 5559 ἀνθ’

497 5552 727 5643 eam
751 5550 987 5643 κάτσὲέι
1012 5556 1257 5643 Wm-
1277 5550 1295 5643 μ
1319 5559 1377 5638 1”
1406 5557 1659 5643 ξεινξεσαῑ
1683 5555 1993 5643 δ;-εξιοιο,ηε
2016 5550 2169 5643 δίωκέ
2182 5552 2530 5643 ,Ειιιιοοηίδο
2547 5551 2597 5643 Ξ
2604 5569 2691 5643 "1"
2716 5553 2908 5643 SP'I‘Bi‘.
2934 5551 3105 5643 ἒάϊξυν
3134 5550 3732 5643 tel93_lxj4}.9llérez

498 5630 589 5681 καὶ
618 5625 803 5682 ἀϊδίων
830 5644 879 5681 e.
927 5625 992 5691 Ο,
1012 5625 1185 5694 λόγων
1206 5626 1384 5679 καλῶν
1410 5628 1469 5695 (Ι.
1498 5626 1685 5693 λέγω),
1713 5625 1897 5679 ἀϊδίων
1922 5625 1984 5677 (Σ.

2063 5624 2106 5654 ⁸⁸
2131 5622 2379 5691 ἀψευδεῖς
2409 5627 2470 5678 0.
2547 5623 2589 5653 “
2616 5639 2707 5675 σου
2733 5622 2980 5691 aduidic.
3012 5621 3076 5676 Ο.

568 5716 615 5774 ς.
650 5700 731 5774 Cl.
811 5700 966 5774 “Iov
994 5692 1095 5773 τῆς
1112 5700 1369 5774 ἀληθείας
1385 5692 1579 5774 λόγον,
1603 5692 1661 5774 εν
1684 5695 1746 5750 C.
1823 5692 2153 5774 “.‘yxtbﬂC.
2200 5692 2342 5774 idem
2388 5710 2487 5765 μου
2523 5710 2718 5774 [ἧμαι.

3154 5624 3197 5652 θ’
3223 5620 3360 5690 φίλῳ
3388 5624 3730 5690 νηειρηηίεἱι

2803 5692 2846 5766 f"
2878 5688 2975 5766 οἶδ’
3016 5694 3077 5749 C.
3157 5694 3201 5766 ’γ’
3228 5696 3262 5766 ἡ
3296 5688 3527 5751 accessit
3568 5714 3635 5753 ex
3666 5704 3728 5755 υ.

499 5771 539 5801 "’
573 5768 647 5823 lta
682 5768 726 5823 0
770 5784 819 5825 c.
846 5766 992 5838 Epit.
1024 5760 1266 5828 6.16.}!
1299 5760 1565 5831 ἀθάνατός
1602 5770 1756 5838 ἐστι,
1802 5760 1989 5838 καί-(3.⁷
2062 5762 2105 5795 ⁸⁸
2144 5766 2237 5817 καὶ
2269 5767 2317 5818 εἰ
2344 5760 2416 5805 -ὲ
2443 5760 2538 5819 scf
2564 5760 2729 5821 ἀΐδιος
2761 5760 2893 5818 οὖσα
2930 5764 3039 5835 ἔχει
3070 5760 3340 5838 κριθῆναι.
3375 5766 3660 5838 Propterea
3690 5770 3727 5825 Li

495 5854 760 5896 commate
788 5833 1031 5895 distinxit
1062 5854 1180 5898 Dust
1202 5845 1269 5896 ei.
1346 5842 1390 5873 ⁶⁹
1417 5856 1473 5893 τε
1506 5836 1763 5896 subiunxi
1803 5850 1849 5892 ε.
1881 5833 1945 5889 Ο.
