4068 6338
514 290 582 345 '75
1404 291 1457 343 S.
1497 290 1880 346 CLEMENTIS
1920 293 1959 345 l‘
1981 294 2142 348 ΒΟΜ.
2176 293 2371 348 PONT.
2398 294 2622 350 OPERA
2653 296 2879 351 DUBIA.
3693 306 3759 361 76

512 404 808 470 mandatis,
841 405 1178 475 singulorum
1211 420 1477 458 annorum
1521 408 1876 461 allocutiones
1904 419 1956 461 et
1982 425 2055 463 ac-

2182 410 2317 471 πὼν,
2351 417 2448 473 τὰς
2478 413 2597 464 καθ’
2629 413 2857 465 ἕκαστον
2885 414 3125 467 ἐνιαυτὸν
3151 413 3361 485 ὁμιλίας
3396 432 3450 467 τε
3496 417 3587 468 καὶ
3622 419 3761 487 πρά-

510 494 689 551 tiones
721 497 1021 566 descriptas
1054 498 1118 550 ad
1158 506 1207 550 te
1236 496 1530 551 destinare.
1575 500 1841 552 tlzeterum
1880 518 1985 553 uno
2016 517 2055 553 ac

2183 503 2290 567 ξεις
2318 504 2595 572 γράφοντα
2620 504 2945 573 διαπέμπειν
2964 521 3065 558 σοι.
3100 504 3287 574 Ὅμως
3313 506 3369 557 ἐν
3397 508 3495 576 μιᾷ
3516 510 3582 578 τῇ
3616 510 3753 579 πρώ-
3796 520 3799 523 ’

507 588 685 655 primo
722 586 845 653 die,
888 589 1232 642 solummodo
1260 589 1371 657 jam
1420 590 1686 658 incipiens
1730 591 1796 643 de
1838 592 2079 647 veritatis

508 680 790 749 propheta,
821 682 873 734 in
907 683 1163 736 omnibus
1206 694 1413 735 certum
1458 699 1543 736 me
1574 683 1833 747 reddidit;
1865 696 2079 754 postea-

506 788 611 839 que
661 772 731 825 ita
767 772 884 826 iniit
924 792 935 825 :
974 772 1271 827 Considera
1312 774 1562 842 deinceps
1598 792 1733 843 quas
1767 786 1953 829 contra
1978 778 2078 830 ad-

503 879 778 917 versarios
810 864 1097 919 hahiturus
1141 882 1260 918 sum
1298 866 1731 933 disputationes;
1766 878 1818 919 et
1854 866 2078 921 inferior

502 958 549 1010 si
587 972 887 1021 recessero,
927 974 1030 1009 nou
1077 973 1266 1011 vereor
1308 974 1373 1010 ne
1412 956 1549 1011 forte
1579 969 1631 1013 tu
1664 962 1729 1013 de
1758 961 1951 1014 tradita
1984 962 2076 1014 tibi

500 1052 727 1105 veritate
756 1052 1001 1118 ambigas
1028 1069 1041 1117 ;
1090 1062 1147 1105 ut
1176 1052 1266 1120 qui
1298 1052 1460 1116 scias,
1495 1068 1580 1105 me
1609 1051 1825 1121 quidem
1853 1069 2077 1123 supcra-

500 1156 614 1198 tum
644 1145 837 1211 videri,
879 1160 985 1198 non
1028 1152 1207 1197 autem
1255 1145 1411 1198 nobis
1451 1161 1481 1198 a
1521 1146 1780 1215 prepheta
1822 1147 2073 1200 traditam

499 1236 823 1291 doctrinam.
879 1234 1048 1303 Spero
1089 1244 1266 1288 tamen
1310 1252 1486 1305 neque
1532 1237 1585 1290 iu
1631 1238 2072 1308 disquisitionum

498 1326 847 1384 sermonibus
880 1327 1136 1381 inferiora
1183 1328 1477 1383 relaturum
1514 1346 1617 1395 me,
1649 1330 1789 1400 apud
1825 1331 2073 1387 homines

499 1432 679 1476 mente
705 1421 957 1491 praeditos
978 1464 992 1485 ,
1026 1433 1300 1475 amatores
1322 1460 1336 1485 ,
1370 1422 1593 1491 inquam
1615 1465 1630 1489 ,
1667 1423 1912 1478 veritatis
1933 1465 1947 1487 ,
1979 1426 2072 1495 qui

495 1515 809 1570 discernere
843 1516 1055 1568 valeant
1103 1514 1323 1583 quinam
1374 1530 1688 1569 sermomun
1740 1519 2071 1586 persuasorii

495 1618 641 1670 sunt,
672 1608 948 1662 artiﬁciosi
974 1605 1535 1677 etjucundi,quinam
1569 1623 1696 1661 vero
1723 1607 1912 1664 inculti
1938 1610 2072 1664 sim-

2179 611 2248 665 τη
2278 595 2459 665 ἡμέρᾳ
2502 595 2673 665 ἀρχὴν
2698 595 2798 665 ἤδη
2829 596 2986 665 μόνον
3013 595 3329 666 ποιούμενος
3370 600 3496 667 περὶ
3540 598 3631 651 τοῦ
3666 602 3765 671 τῆς

2181 686 2433 754 ἀληθείας
2467 688 2761 757 προφήτου,
2797 686 2922 757 περὶ
2952 688 3164 741 πάντων
3198 706 3265 759 με
3298 689 3759 763 ἐπληροφὸρησεντ

2180 778 2274 830 καὶ
2308 772 2404 829 εἷθ’
2432 776 2602 841 οὕτως
2634 778 2757 849 ἔφη’
2818 778 3009 850 Ἔνόρα
3039 780 3131 833 τοῦ
3174 780 3362 834 λοιποῦ
3393 782 3489 846 τὰς
3530 784 3587 851 ἐξ
3624 784 3789 857 ἐμοῦη

2182 870 2315 939 πρὸς
2338 871 2463 933 τοὺς
2491 870 2549 936 ἐξ
2579 871 2820 933 ἐναντίας
2855 873 3139 943 γινομένας
3181 872 3454 944 ζητήσεις·
3494 878 3583 928 καὶ
3612 880 3659 929 εἰ
3698 864 3783 929 τὸΔ

2178 955 2337 1029 ἦττον
2371 962 2779 1032 άπενέγκωμαι,
2821 964 2882 1014 ού
2921 963 3063 1016 δέδια
3110 965 3181 1035 μή
3221 982 3337 1027 πως
3386 966 3449 1016 σῦ
3491 967 3616 1038 περὶ
3659 969 3779 1040 τῆς⁸

2179 1053 2573 1124 παραδοθείσης
2606 1072 2685 1107 σοι
2717 1055 3301 1127 ἀληθείας’διακριθῇς,
3344 1054 3403 1110 εὖ
3419 1058 3467 1089 ⁸⁵
3495 1057 3649 1122 εἰδὼς
3674 1060 3757 1115 ὅτι

2177 1144 2286 1213 ἐγὼ
2318 1147 2577 1216 ἡττᾶσθαι
2609 1147 2782 1213 ἔδοξα,
2809 1148 2905 1218 οὐχ
2922 1150 2969 1180 ⁸⁸
2999 1151 3031 1218 ἡ
3058 1148 3312 1213 ὑπόθεσις
3338 1151 3479 1221 ήδιὰ
3498 1151 3591 1205 τοῦ
3624 1170 3756 1222 προ-

2177 1239 2345 1309 φήτου
2377 1239 2737 1310 παραδοθεῖσα
2766 1242 2913 1311 ἡμῖν.
2946 1241 3090 1311 Πλὴν
3119 1240 3322 1305 ἐλπίζω
3357 1243 3490 1314 μηδὲ
3518 1244 3565 1275 ⁸⁸
3591 1245 3649 1297 ὲν
3676 1246 3755 1317 τῷ

2175 1330 2506 1402 ἐξεταστικῷ
2540 1331 2681 1402 λόγῳ
2723 1331 2783 1384 τὸ
2820 1327 2985 1403 ἦττον
3014 1333 3415 1401 ἀπενέγκασθαι
3445 1336 3583 1406 πρὸς
3624 1336 3753 1400 τοὺς

2173 1420 2295 1476 νοῦν
2328 1422 2564 1493 ἔχοντας,
2599 1422 2904 1493 φιλαλήθεις
2931 1423 3037 1495 43
3081 1424 3244 1494 λέγω,
3274 1426 3466 1490 οἵτινες
3496 1426 3754 1483 δύνανται

2174 1513 2457 1585 γνωρίζειν
2495 1515 2603 1569 τῶν
2641 1515 2812 1584 λόγων
2835 1516 2978 1578 τίνες
3009 1517 3114 1569 εἰσὶ
3148 1515 3380 1579 πιθανοὶ,
3423 1517 3657 1588 ἔντεχνοί
3689 1537 3751 1573 τε

2172 1607 2265 1659 καὶ
2291 1608 2620 1679 ἐπιτερπεῖς,
2652 1607 2795 1670 τίνες
2814 1624 2873 1659 τε
2889 1607 2933 1638 ⁸⁷
2976 1607 3112 1661 λιτοὶ
3151 1609 3244 1661 καὶ
3282 1609 3477 1677 ἁπλοῖ,
3514 1611 3649 1683 μόνῃ
3679 1615 3751 1684 τῇ

496 1702 791 1771 plicesque,
832 1701 883 1755 in
934 1701 1046 1756 sola
1091 1714 1252 1769 quam
1295 1697 1579 1770 proferunt
1625 1701 1852 1757 veritate
1900 1703 2055 1758 conli-

2170 1695 2235 1752 δι’
2268 1700 2445 1753 αὐτῶν
2473 1700 2697 1773 ἀληθείᾳ
2726 1699 3064 1765 πεποιθότες.

494 1793 705 1847 (lentes.

563 1882 703 1937 XXI.
734 1883 1029 1953 Postquam
1058 1884 1169 1937 haec
1192 1883 1440 1945 dixisset.
1465 1882 1720 1953 respondi
1749 1904 1763 1940 :
1787 1884 1906 1941 Jam
1938 1902 2065 1957 ςγδι

491 1977 596 2030 tias
625 1975 733 2028 Deo
760 1991 883 2045 ago,
919 1976 1045 2045 quia
1074 1976 1215 2029 sicut
1241 1976 1385 2029 volui
1416 1975 1807 2045 plenitudinem
1840 1980 2065 2034 certitu-

490 2068 633 2121 diuis
670 2068 938 2138 accipere,
971 2067 1043 2121 ita
1074 2076 1128 2121 et
1170 2068 1301 2121 mihi
1355 2066 1564 2122 tribuit.
1615 2067 1883 2125 Catterum
1916 2072 2062 2141 quod

489 2160 555 2213 ad
582 2176 665 2213 me
686 2161 900 2225 attinet,
927 2160 1036 2213 noli
1067 2160 1301 2229 amplius
1329 2175 1451 2214 esse
1482 2160 1768 2228 sollicitus,
1800 2162 2060 2231 quoniam

490 2252 754 2305 dubitabo
786 2266 1063 2319 numquam
1092 2268 1105 2314 ;
1142 2251 1194 2303 iu
1230 2260 1463 2316 tantum,
1500 2252 1743 2307 utetiam
1776 2254 1822 2308 si
1852 2263 1907 2309 tu
1945 2254 2061 2325 ipse

490 2345 624 2397 velis
654 2344 948 2413 aliquando
980 2357 1067 2397 me
1101 2358 1132 2397 a
1179 2341 1283 2397 (ide
1329 2344 1604 2413 propheta:
1650 2354 1914 2411 avertere,
1944 2361 2057 2401 rem

488 2434 883 2504 impossibilem
911 2434 1169 2505 perlicere
1212 2450 1320 2489 non
1367 2436 1593 2504 poteris,
1625 2436 1760 2491 adeo
1787 2438 1931 2507 quod
1962 2453 2057 2493 ae-

488 2528 626 2595 cepi,
658 2536 835 2580 mente
867 2536 1046 2581 teneo.
1086 2524 1271 2597 Neque
1300 2542 1428 2581 vero
1453 2528 1757 2591 existimes,
1797 2544 2055 2599 magnum

488 2634 517 2673 a
549 2635 634 2672 me
663 2619 927 2688 promitti,
967 2619 1072 2673 hoc
1099 2618 1300 2689 ipsum,
1327 2621 1472 2690 quod
1504 2635 1783 2689 nunquam
1811 2620 1914 2675 sim
1948 2621 2057 2676 ha:-

487 2714 754 2766 sitaturus
782 2728 797 2765 :
823 2712 917 2766 sed
950 2727 1125 2781 neque
1154 2713 1271 2782 ipse
1300 2728 1422 2782 ego,
1455 2726 1554 2766 nec
1594 2712 1737 2766 ullus
1768 2712 2056 2767 hominum

485 2804 689 2858 auditis
722 2804 1068 2859 sermonibus
1100 2804 1166 2856 de
1196 2804 1457 2873 pr0pheta
1490 2804 1767 2873 ambigere
1810 2820 2052 2876 unquam

484 2897 553 2951 de
581 2914 708 2951 vcra
740 2897 986 2951 doctrina
1018 2896 1248 2966 poterit.
1278 2910 1401 2950 cum
1434 2896 1587 2966 prius
1620 2897 1854 2951 audierit
1892 2898 2053 2952 intel-

485 2989 785 3058 lexeritque
812 2988 939 3059 quid
973 2989 1043 3042 sit
1076 2987 1405 3059 pr0phetic:e
1439 2987 1883 3056 repromissionis
1912 2989 2054 3042 veri-

2240 1855 2379 1911 XXI.
2422 1857 2605 1909 Ταῦτα
2655 1858 2817 1911 αὑτοῦ
2862 1858 3124 1922 εἰπόντος,
3158 1859 3564 1931 ἀπεκρινάμην·
3605 1862 3747 1934 Ἤδη

2166 1948 2468 2020 εὐχαριστῶ
2482 1949 2559 2020 τῷ
2576 1950 2713 2020 Θεῷο
2731 1950 2805 2013 ὼς
2818 1951 2924 2021 γὰρ
2938 1949 3120 2002 ἐ6ουλό
3127 1968 3231 2021 μην
3244 1951 3349 2021 πλη
3358 1952 3718 2023 ροφορηθῆναι
3728 1994 3742 2014 .

2164 2041 2336 2106 οὕτως
2373 2060 2461 2113 μοι
2493 2044 2587 2097 καὶ
2619 2043 2907 2115 παρέσχεν.
2946 2042 3093 2112 Πλὴν
3120 2042 3191 2094 τὰ
3231 2044 3360 2114 περὶ
3392 2043 3525 2114 ἐμοῦ
3554 2046 3745 2097 τοσοῦ-

2162 2154 2253 2191 τον
2280 2137 2581 2209 άμέριμνος
2601 2137 2647 2167 ⁸⁸
2670 2137 2796 2198 ἴσθι,
2826 2136 2907 2190 ὃτι
2924 2135 2985 2188 οὐ
3006 2133 3224 2188 πώποτε
3251 2136 3532 2200 ἐνδοιάσω,
3554 2136 3745 2190 τοσοῦο

2162 2248 2255 2284 τον
2270 2231 2335 2293 ⁸³,
2366 2232 2487 2283 ὅσον
2515 2230 2562 2282 εί
2588 2228 2681 2282 καὶ
2704 2227 2863 2291 αὐτὸς
2890 2228 2953 2279 σὺ
2982 2226 3299 2298 βουληθείης
3322 2226 3451 2280 ποτέ
3481 2228 3579 2298 τῆς
3608 2245 3744 2299 προ-

2162 2322 2397 2394 φητικῆς
2426 2320 2736 2382 ὑποθέσεως
2768 2318 3030 2389 ἐκστῆσαί
3062 2336 3150 2388 με,
3181 2318 3454 2371 ἀδυνατῶν
3486 2320 3547 2371 ού
3578 2319 3740 2389 δυνή-

2163 2431 2230 2485 σῃ
2268 2414 2334 2475 ⁹⁰,
2378 2412 2629 2465 τοσοῦτον
2678 2407 2793 2463 οἶδα
2845 2410 2874 2463 ὃ
2923 2409 3251 2479 παρείληφα.
3300 2409 3411 2463 Καὶ
3456 2411 3531 2481 μή
3580 2427 3660 2463 τοι
3691 2410 3739 2443 ’ί

2160 2506 2346 2577 νόμιζέ
2394 2505 2460 2575 μέ
2500 2522 2581 2557 σοι
2632 2504 2772 2574 μέγα
2816 2502 3285 2571 ἐπαγγέλλεσθαι,
3334 2502 3477 2555 τοῦτ’
3508 2502 3639 2556 αὐτὸ
3675 2502 3741 2556 τὸ

2163 2601 2237 2672 μὴ
2273 2599 2539 2652 ἐνδοιάσαι
2587 2598 2744 2650 ποτέ·
2921 2595 3031 2648 οῦτ*
3079 2595 3301 2658 αὑτὸς⁹¹
3342 2594 3452 2664 ἐγὼ
3497 2594 3621 2647 οὔτε
3651 2612 3739 2657 τις

2158 2690 2457 2762 ἀνθρώπων
2508 2688 2616 2741 τῶν
2637 2688 2682 2720 ’³
2718 2688 2843 2756 περὶ
2889 2688 3163 2758 προφήτου
3209 2686 3381 2754 λόγων
3423 2684 3737 2750 ἐπακούσας

2157 2782 2425 2837 ἐνδοιάσαι
2468 2781 2598 2834 ποτέ
2640 2780 2923 2851 δυνήσεται
2970 2780 3098 2851 περὶ
3135 2779 3234 2850 τῆς
3265 2778 3495 2849 ἀληθοῦς
3516 2779 3563 2810 ’⁵
3594 2779 3734 2834 6m—

2159 2877 2388 2940 θέσεως,
2436 2874 2701 2945 πρότερον
2750 2870 3062 2935 ἐπακούσας
3110 2870 3205 2923 καὶ
3252 2872 3484 2941 νοήσας,
3517 2870 3571 2922 τί
3613 2871 3736 2923 ἐστι

2156 2968 2498 3041 πῳφητικῆς
2528 2964 2856 3033 ἐπαγγελίας
2878 2963 3115 3034 ἀλήθεια.
3159 2962 3250 3015 Διὸ
3277 2962 3469 3035 θάρρει
3500 2963 3578 3034 τῷ
3613 2962 3737 3017 θεο-

484 3090 587 3135 tas.
614 3054 797 3146 Quare
821 3054 1034 3134 conﬁde
1062 3054 1128 3134 (le
1155 3054 1264 3133 Πεο
1292 3054 1829 3148 placitae—sententia.
1861 3076 2054 3136 Omnis

2160 3062 2402 3131 ϐουλήτῳ
2425 3059 2668 3129 δόγματι.
2708 3058 2862 3110 Πᾶσα
2892 3056 3001 3127 γὰρ
3029 3054 3193 3127 τέχνη
3214 3054 3411 3118 κακίας
3434 3055 3728 3126 νενίκηται.

484 3174 685 3241 quippe
720 3172 931 3225 devicta
959 3180 1046 3225 est
1078 3185 1170 3226 ars
1205 3171 1446 3225 malitiaa.
1474 3170 1604 3225 Nam
1637 3171 1901 3227 adversus
1927 3188 2054 3243 pro-

483 3264 723 3333 phetiam
766 3263 905 3318 nihil
948 3271 1182 3333 possunt
1228 3279 1406 3333 neque
1452 3263 1743 3318 verborum
1794 3265 2049 3333 artiﬁcia,

483 3372 660 3426 neque
689 3356 1088 3426 sophisuiatum
1115 3356 1561 3427 excogitationes,
1590 3372 1697 3411 non
1730 3356 2048 3427 syllogismi,

482 3466 590 3505 non
624 3450 730 3504 alia
757 3450 1023 3519 quaepiam
1051 3449 1414 3515 machinatio;
1442 3450 1489 3503 si
1516 3451 1627 3503 veri
1648 3448 1925 3519 propheta:
1950 3464 2050 3503 au-

479 3542 623 3597 ditor
651 3542 928 3596 veritatem
956 3540 1181 3595 omnino
1208 3541 1429 3611 appetit,
1453 3556 1558 3594 non
1588 3550 1768 3595 autem
1802 3539 2049 3596 veritatis

478 3644 740 3705 praetextu
774 3634 995 3704 respicit
1037 3634 1184 3689 aliud
1230 3632 1530 3705 quidpiam.
1581 3631 1789 3703 Itaque,
1822 3632 2045 3689 domine

477 3728 552 3783 mi
580 3727 758 3793 Petre,
787 3727 984 3782 anxius
1011 3742 1078 3781 ue
1105 3727 1200 3793 sis,
1225 3726 1382 3796 quasi
1406 3726 1702 3780 maximum
1724 3726 1926 3781 donum
1949 3727 2044 3779 ho-

477 3820 610 3874 mini
643 3835 807 3875 sensu
846 3819 1052 3874 carenti
1092 3818 1400 3874 tradideris.
1451 3817 1715 3873 Sentienti
1749 3818 1893 3873 enim
1922 3833 2045 3889 gra-

474 3913 606 3967 tiam
638 3911 872 3977 dedisti,
902 3912 1063 3981 eique
1104 3911 1199 3983 qui
1244 3911 1391 3967 circa
1424 3911 1683 3966 traditum
1713 3925 1901 3965 verum
1933 3925 2043 3966 non

474 4008 674 4077 poterit
696 4007 893 4076 decipi.
921 4004 1057 4059 Novi
1082 4004 1280 4075 quippe
1304 4004 1355 4059 id
1381 4019 1548 4059 unum
1569 4018 1689 4058 esse
1710 4019 1772 4056 ex
1797 4002 1891 4065 iis,
1921 4018 2043 4072 quze

473 4103 671 4171 aliquis
699 4099 932 4170 cupierit
960 4100 1069 4153 cito
1094 4098 1363 4167 accipere,
1389 4111 1493 4149 non
1526 4105 1708 4150 autem
1733 4095 1884 4149 tarde
1910 4110 2039 4150 con-

474 4194 649 4262 sequi.
687 4193 813 4247 Scid
844 4192 1010 4262 igitur
1043 4204 1149 4243 non
1184 4187 1636 4243 contemnendum
1669 4202 1791 4241 esse
1835 4186 1904 4241 ob
1950 4201 2040 4241 ce-

472 4286 735 4338 leritatem
759 4326 774 4350 ,
804 4283 950 4354 quod
980 4283 1165 4336 datum
1204 4279 1339 4333 mihi
1384 4287 1502 4341 est,
1534 4278 1790 4348 quodque
1830 4286 1915 4332 est
1955 4277 2040 4330 in-

471 4378 835 4445 comparabile
864 4391 927 4430 ac
956 4374 1129 4429 solum
1157 4380 1354 4427 tutum.

540 4466 704 4520 XXII.
751 4466 874 4520 Haec
904 4474 1191 4535 postquam
1229 4464 1443 4518 locutus
1468 4476 1609 4527 sum,
1642 4459 1836 4515 Petrus
1863 4459 2036 4513 dixit:

470 4561 710 4615 Gratiam
757 4560 866 4613 Deo
914 4560 1107 4621 habeo,
1152 4568 1206 4612 et
1236 4572 1336 4626 pro
1369 4555 1542 4612 salute
1568 4563 1683 4619 tua,
1710 4563 1763 4607 et
1791 4568 1889 4622 pro
1916 4566 2038 4606 meo

468 4652 757 4708 commodo
785 4660 947 4720 atque
987 4650 1402 4704 oblectamento.
1438 4646 1573 4703 Vere
1598 4647 1864 4717 siquidem
1899 4662 2035 4718 gau-

470 4744 594 4810 deo,
619 4746 797 4799 scicus
825 4752 878 4797 te
908 4757 1155 4811 quamam
1180 4742 1251 4796 sit
1278 4739 1574 4811 prophetiae
1596 4739 1914 4809 magnitudo
1941 4753 2035 4793 co—

470 4836 739 4907 gnovisse.
774 4835 1043 4901 Quoniam
1079 4849 1229 4903 ergo,
1267 4842 1326 4887 ut
1354 4831 1582 4897 dixisti,
1620 4846 1797 4900 neque
1828 4830 1874 4885 si
1918 4830 2035 4899 ipse

2159 3154 2301 3227 Πρὸς
2330 3153 2437 3224 γὰρ
2466 3150 2795 3221 προφητείαν
2824 3146 2980 3202 οὐδὲν
3002 3146 3254 3201 δύνανται
3280 3146 3401 3199 οὕτε
3429 3147 3613 3217 τέχναι
3640 3146 3733 3201 λό-

2154 3264 2289 3317 γων,
2322 3243 2445 3297 οῦτε
2481 3241 2829 3312 σοφισμάτων
2869 3240 3123 3303 ἐπίνοιαι,
3158 3240 3218 3293 οὐ
3243 3240 3605 3311 συλλογισμοὶ,
3627 3241 3731 3296 οὐκ

2153 3338 2285 3409 ἄλλη
2314 3355 2398 3401 τις
2425 3336 2664 3407 μηχανή·
2699 3334 2791 3387 ἐάν
2818 3349 2883 3402 γε
2911 3334 2939 3386 ὁ
2964 3332 3277 3396 ἐπακούσας
3298 3334 3572 3404 προφήτου
3596 3334 3731 3405 άλη-

2154 3430 2279 3493 θοῦς
2310 3427 2562 3500 ἀληθείας
2590 3425 2757 3488 ὅντως
2788 3425 3058 3495 ὀρέγεται,
3085 3424 3179 3477 καὶ
3208 3424 3269 3476 ού
3300 3424 3569 3496 προφάσει
3592 3424 3730 3494 ἀλη-

2152 3522 2302 3585 θείας
2340 3520 2526 3591 ἕτερόν
2575 3535 2628 3570 τι
2672 3516 3079 3589 περιϐλέπεται.
3121 3516 3283 3568 ’Ὥστε
3304 3515 3371 3578 ’⁸,
3421 3514 3578 3585 κύριέ
3623 3532 3726 3585 μω

2150 3613 2325 3685 Πέτρε
2350 3652 2365 3675 ,
2518 3610 2736 3681 ἀθύμει,
2772 3609 2847 3671 ὡς
2884 3607 3193 3679 ἀναισθήτῳ
3237 3607 3298 3659 τὸ
3327 3605 3437 3679 Μ
3471 3606 3726 3677 μέγιστον

2147 3705 2532 3778 δωρησάμενος
2561 3700 2784 3770 ἀγαθόν.
2827 3699 3142 3770 Αίσθομένῳ
3182 3698 3290 3771 γὰρ
3335 3699 3554 3769 χάριτος
3590 3698 3725 3750 ἐδω-

2153 3798 2303 3869 ρήσω
2326 3797 2392 3860 ⁸⁸,
2432 3796 2525 3849 καὶ
2562 3794 2635 3865 μὴ
2670 3793 2951 3863 δυναμένῳ
2981 3789 3324 3862 ἀπατηθῆναι
3353 3789 3461 3842 ἀπὸ
3501 3787 3595 3841 τοῦ
3636 3788 3725 3840 δο-

2149 3890 2331 3953 θέντος
2362 3887 2611 3961 ἀληθοῦς.
2643 3883 2770 3940 Οἶδα
2797 3885 2905 3957 γὰρ
2939 3886 3020 3937 ὅτι
3052 3882 3112 3937 ἓν
3140 3884 3286 3935 ἐστιν
3306 3882 3350 3915 ’⁷
3376 3875 3450 3937 ὧν
3473 3879 3722 3951 βούλεταί

2143 3999 2229 4043 τις
2259 3983 2353 4035 καὶ
2394 3980 2603 4051 ταχέως
2651 3978 2832 4030 λαϐεῖν
2881 3978 2975 4029 καὶ
3028 3975 3269 4047 βραδέως
3319 3974 3393 4047 μὴ
3441 3972 3717 4043 τυχεῖνκ.

2144 4071 2276 4129 Οἶδα
2322 4071 2415 4128 οὖν
2461 4074 2533 4145 μὴ
2576 4072 2932 4140 καταφρονεῖν
2966 4067 3059 4121 τοῦ
3104 4066 3345 4129 δοθέντος
3374 4082 3501 4136 μοι,
3534 4063 3620 4119 διὰ
3656 4064 3722 4117 τὸ

2142 4168 2303 4237 τάχος
2324 4206 2337 4229 ,
2368 4163 2692 4236 ἀσυγκρίτου
2736 4161 2825 4215 καὶ
2862 4160 3020 4231 μόνου
3052 4158 3341 4228 ἀσφαλοῦς.

2213 4454 2376 4509 XXII.
2416 4453 2599 4506 Ταῦτα
2651 4450 2749 4521 μοῦ
2783 4450 3047 4513 εἰπόντος,
3078 4451 3107 4502 ὁ
3139 4449 3341 4519 Πέτρος
3373 4447 3505 4518 ἔφη’
3538 4447 3716 4519 Χάριν

2138 4548 2380 4619 ὁμολογῶ
2403 4547 2481 4617 τῷ
2512 4545 2629 4614 Θεῷ
2662 4543 2753 4596 καὶ
2782 4544 2908 4614 περὶ
2933 4543 3031 4613 τῆς
3059 4543 3155 4613 σῆς
3181 4539 3448 4611 σωτηρίας
3470 4540 3714 4611 καὶπερὶ

2137 4642 2233 4712 τῆς
2267 4640 2404 4710 ἐμῆς
2422 4638 2467 4669 ⁸⁸
2499 4635 2864 4697 ἀπολαύσεως.
2910 4632 3145 4703 Ἀληθῶς
3184 4632 3291 4703 γὰρ
3324 4632 3518 4702 ἥδομαι
3552 4630 3712 4696 εἰδὼς

2136 4736 2217 4789 δτι
2268 4733 2510 4801 ἐπέγνως
2556 4730 2609 4781 τί
2658 4728 2773 4780 ποτ’
2826 4725 2943 4778 ἐστὶ
3003 4723 3333 4796 προφητείας
3358 4723 3423 4754 ¹⁶⁰
3458 4723 3706 4793 μέγεθος.

2148 4828 2298 4881 Ἐπεὶ
2325 4822 2439 4888 οὖν,
2469 4823 2544 4887 ὡς
2573 4823 2703 4892 ἔφης
2724 4822 2762 4882 ¹,
2797 4819 2902 4872 οὐδ’
2926 4818 2990 4872 ἂν
3012 4818 3173 4880 αὐτὸς
3194 4815 3303 4885 ἐγὼ
3326 4815 3533 4886 θελήσω
3554 4816 3708 4877 ποτὲ.

470 4906 569 5000 ego
642 4928 957 4998 aliquando,
1009 4926 1151 4993 quod
1185 4925 1367 4980 absit!
1400 4924 1664 4978 voluerim
1702 4932 1753 4977 te
1788 4923 1853 4977 ad
1886 4921 2030 4976 aliud

2165 4937 2269 4991 περ
2300 4917 2464 4989 ἀπείη
2493 4956 2508 4980 ,
2539 4916 2618 4978 εἰς
2648 4912 2834 4983 ἔτερόν
2870 4927 2927 4963 σε
2966 4909 3296 4980 μεταστῆσαι
3328 4907 3501 4977 δόγμα
3523 4945 3538 4969 ,
3568 4906 3665 4975 οὐχ
3686 4908 3709 4937 ⁸

466 5024 659 5091 dogma
691 5019 1008 5083 transferre,
1045 5017 1274 5071 idoneus
1300 5018 1367 5072 ad
1395 5026 1445 5071 te
1475 5015 1912 5086 persuadendum
1946 5012 2030 5067 l‘u-

2135 5012 2315 5075 ίκανδς
2348 5010 2539 5081 ἔσομαι
2573 5005 2753 5061 πεῖσαὶ
2803 5020 2859 5056 σε
2884 5042 2900 5066 ,
2943 5000 3102 5073 ἄρξαι
3130 4999 3223 5052 τοῦ
3256 4998 3442 5053 λοιποῦ
3470 4998 3579 5051 ἀπὸ
3606 4999 3708 5068 τῆς

1742 5126 1976 5182 VARUE
2040 5124 2333 5183 LECTION
2342 5124 2446 5178 ES.

532 5229 579 5260 ⁸⁸
611 5225 669 5281 εὖ
697 5226 780 5288 D.,
811 5221 845 5298 ἦ
880 5225 1042 5298 (λῦε
1100 5224 1145 5256 ⁸⁵
1174 5224 1292 5298 ob}!
1323 5225 1384 5278 C.
1466 5223 1510 5253 “
1544 5223 1619 5277 lla
1717 5263 1730 5285 ,
1769 5222 2020 5298 pf;_':s_C,
2158 5219 2294 5298 Tum
2323 5218 2607 5298 ἐξετᾶστῃ
2639 5210 3037 5298 0,.tnendqse.‘
3060 5211 3134 5297 "7
3163 5212 3330 5298 .129:
3354 5204 3703 5298 afaf“?

464 5300 509 5371 ’Ἰ
538 5282 943 5371 ἀμέριμνον
1010 5282 1337 5371 εις-τοσοῦτον
1368 5282 1801 5371 expungendum.
1920 5282 2059 5371 Iuni
2085 5282 2379 5371 βουληθείς
2406 5305 2533 5341 ποτε
2649 5355 2682 5371 Λ
2704 5282 2879 5371 “ita”

3288 5279 3328 5333 C
3359 5317 3374 5341 ,
3409 5294 3466 5329 σε
3502 5276 3707 5328 ἀδυνα-

461 5345 829 5440 sai-$213?
850 5345 1643 5440 dissaepian'liiippb'sﬁfi
1745 5345 1797 5440 τι
1920 5345 2157 5440 Tum
2191 5345 2273 5412 σοι
2305 5345 2390 5422 Π,
2430 5376 2519 5440 μοι
2553 5354 2615 5407 σύ
2648 5355 2700 5407 C.
2761 5345 2990 5407 Ruﬁnus
3018 5345 3522 5440 Ξίἰὸἱξιηὲὶ

462 5414 1522 5503 ὸΤἿιοἷ’’ίί“ἐδᾷ’ᾄ¹ἱάἕον’“ιὲζ
1558 5414 1643 5464 ﬂ"
1668 5414 2127 5503 an95i1;70V,7lll
2179 5447 2350 5500 marg.
2378 5414 2589 5503 'e'adem
2636 5440 2788 5503 man.
2827 5431 3128 5503 correctum
3172 5421 3224 5501 in
3246 5414 3701 5503 ἣάληθῌοῦςχῐλςὶιι

459 5486 544 5573 ξιξ
581 5486 815 5563 sariat]:
886 5486 939 5538 "'
968 5486 1225 5560 21176575
1395 5506 1440 5536 "
1474 5486 1769 5575 ἐδώρησαέ
1797 5503 1858 5558 C.
1901 5486 1979 5537 ’⁸⁷
2013 5486 2218 5575 ένεστιν
2264 5486 2327 5553 Ut
2399 5499 2447 5530 "
2472 5496 2686 5575 ἀτυχεῖν
2733 5493 2991 5575 (perdere
3007 5494 3030 5575 ι)
3070 5491 3213 5575 quo].
3245 5488 3287 5541 D
3316 5529 3331 5551 ,
3368 5486 3427 5575 ut
3468 5486 3705 5575 evitgt-u‘r

460 5554 1071 5661 tautologiarf‘grtasse.
1096 5578 1254 5661 verba
1279 5576 1378 5661 illa
1396 5576 1525 5656 Ιοοσ
1548 5554 1929 5661 stlol‘move‘uda
1944 5583 2100 5661 sum,
2123 5554 3037 5661 ttt‘kglatuf‘versg"insequentiftft
3061 5560 3121 5612 τὸ
3469 5554 3705 5661 ιιιζῂῃβςῗ.

458 5630 810 5718 δὲέιὶξὲῐᾶέὲῖκ.
849 5630 925 5701 s.
981 5647 1025 5678 θ’
1055 5630 1231 5703 ιιδί).
1267 5664 1313 5702 e.
1347 5647 1384 5701 s
1416 5688 1429 5710 ,
1466 5646 1563 5715 τῆς
1592 5644 1684 5697 καὶ
1713 5644 1838 5712 περι
1869 5644 2007 5715 ἐμῆς
2034 5630 2100 5698 C.’
2176 5630 2349 5695 m“ua
2378 5639 2444 5705 ο,
2468 5653 2514 5694 c.
2547 5637 2629 5704 s,
2668 5630 2969 5705 πρὸφητίας
2999 5630 3060 5682 C.

454 5706 627 5798 fluit),
654 5706 712 5773 οῖ’
738 5721 773 5770 5
803 5761 816 5783 ,
841 5720 937 5771 οὐκ
961 5718 1021 5771 C.

3155 5631 3168 5659 ¹
3197 5622 3271 5692 ὡς
3305 5627 3437 5696 ἔφης
3471 5622 3585 5679 ‘om.
3616 5622 3683 5679 ⁷0.
