4068 6338
504 337 569 390 19
1432 327 1489 384 S.
1527 323 1910 383 CLEMENTIS
1936 323 1957 379 l
1987 321 2065 378 ΒΕ

2186 321 2384 379 ΡΟΝΤ.
2418 320 2647 377 OPERA
2682 320 2901 381 DUBIA.
3683 318 3752 374 80

502 453 804 511 solationes
833 460 889 505 et
916 447 1317 506 admonitiones
1358 446 1426 502 iis
1467 445 1778 508 admonere,
1812 441 1906 512 qui
1941 440 2065 495 mali

2178 443 2271 496 καὶ
2303 439 2580 506 νουθεσίας
2608 440 2937 513 προσφέρειν
2955 441 3068 503 τοῖς
3088 436 3284 509 φαῦλόν
3316 454 3371 490 τι
3398 436 3749 510 πράττουσιν.

510 546 706 619 aliquid
740 544 941 600 habent
968 558 1031 598 ac
1065 551 1277 614 gerunt.
1303 540 1427 605 Aio,
1461 538 1605 608 quod
1641 537 1690 593 si
1725 537 1941 607 quidem
1973 536 2073 591 ali-

505 640 624 709 quis
658 636 908 706 prolicit,
939 635 1221 701 adhibeat;
1257 634 1341 689 sin
1395 632 1611 699 minus,
1661 628 1892 700 tempori
1942 645 2073 686 con-

498 733 675 785 redat.
727 729 852 784 Scio
894 727 1133 791 etenim,
1166 735 1360 781 cuncta
1393 724 1593 779 habere
1633 739 1794 779 suum
1834 731 2070 793 tempus.

494 823 683 890 Quare
714 830 928 893 oportet
959 835 1244 877 sermones
1270 820 1365 890 qui
1408 818 1653 873 animum
1684 817 1949 873 roborant
1970 816 2072 871 ho-

494 918 744 973 minibus
775 927 900 971 ante
940 914 1282 971 vexationem
1324 913 1571 977 tradere;
1603 920 1665 965 ut
1693 910 1739 965 si
1768 909 1900 980 quid
1936 908 2073 964 forte

504 1012 653 1081 pravi
693 1009 989 1075 acciderit,
1022 1020 1179 1062 mens
1222 1006 1373 1076 prius
1403 1011 1615 1058 armata
1665 1011 1814 1057 recta
1858 1000 2074 1056 ratione

504 1105 674 1173 possit
712 1104 763 1159 id
803 1106 949 1173 quod
976 1102 1186 1155 illatum
1211 1110 1293 1154 est
1322 1098 1584 1169 perferre.
1615 1096 1771 1153 Tunc
1794 1097 1994 1173 quippe
2021 1093 2070 1149 ei

505 1197 596 1267 qui
638 1212 731 1266 per
780 1197 982 1250 bonum
1025 1193 1311 1250 consilium
1355 1191 1655 1263 opitulatus
1682 1198 1786 1258 est,
1833 1204 1988 1245 mens
2016 1187 2070 1243 in

508 1292 624 1361 ipso
651 1288 1072 1343 conﬂictationis
1101 1284 1329 1341 articulo
1357 1284 1497 1340 solet
1522 1296 1871 1339 concurrere.

576 1380 664 1435 ιιι,
702 1380 973 1435 Caeterum
1021 1377 1237 1443 audivi,
1271 1376 1567 1442 Clemens,
1620 1373 1926 1429 Barnabam
1976 1372 2069 1427 tibi

503 1474 848 1527 Alexandria:
883 1471 1110 1526 omnino
1135 1469 1454 1539 exposuisse
1482 1468 1786 1522 doctrinam
1830 1466 1898 1521 de
1944 1480 2073 1534 pro-

503 1565 719 1635 phetia;
759 1580 826 1618 an
864 1564 915 1618 id
945 1577 1134 1617 verum
1184 1576 1291 1616 non
1343 1561 1469 1617 est?
1518 1558 1585 1614 Et
1633 1575 1734 1630 ego
1770 1558 2067 1628 respondi:

507 1656 580 1711 Ita
609 1666 715 1721 ρει,
746 1656 1035 1709 admodum
1059 1653 1320 1724 praeclare
1348 1651 1401 1708 id
1429 1651 1578 1706 fecit.
1606 1650 1673 1706 Et
1696 1650 1889 1706 Petrus
1913 1666 1926 1701 :
1951 1648 2069 1704 Non

2174 534 2354 604 Φημὶ,
2392 534 2441 585 εί
2490 532 2590 603 μὲν
2619 532 2772 586 ἀνύει
2800 549 2913 596 τις,
2945 528 3329 603 προσφερὰω·
3359 530 3409 582 εί
3439 528 3495 582 δὲ
3548 529 3646 600 μὴ,
3674 528 3754 601 τῷ

2173 626 2348 697 καιρῷ
2391 625 2602 689 είξάτω.
2668 625 2809 694 Ἐγὼ
2849 624 2960 697 γὰρ
3007 620 3123 676 οἶδα
3142 624 3187 654 ²⁰
3216 623 3299 676 ὅτι
3345 622 3522 676 πάντα
3563 622 3754 693 καιρὸν

2176 716 2304 771 ίδιον
2352 716 2483 787 ἔχει.
2518 717 2611 770 Διὸ
2645 718 2752 788 χρὴ
2784 718 2899 780 τοῖς
2941 713 3405 786 ἀνθρώποιςίτοὺς
3440 713 3541 783 τήν
3571 712 3754 782 ψυχὴν

2177 806 2478 880 ρωννύντας
2505 808 2696 877 λόγους
2724 807 2831 881 πρὸ
2867 808 2969 878 τῆς
2995 806 3292 870 κακώσεως
3323 805 3632 868 ἐπιδιδόναι,
3663 805 3754 858 ἵνα

2173 901 2228 953 ετ
2253 918 2383 954 ποτε
2420 900 2697 954 ὲπέλθοι¹¹
2726 918 2781 953 τι
2812 898 3045 970 φαῦλον,
3077 900 3106 952 ὁ
3133 896 3258 961 νοῦς
3304 894 3757 969 προωπλισμὲνος

2173 991 2317 1064 ὀρθῷ
2356 991 2435 1062 τῷ
2463 991 2706 1063 λογισμῷ
2748 990 2811 1044 τὸ
2855 988 3147 1061 ὲπενεχθὲν
3192 990 3493 1060 ὑποστῆναι
3524 989 3750 1060 δυνηθῇ.

2172 1085 2307 1139 Τότε
2325 1084 2435 1157 γάρ
2452 1086 2547 1138 καὶ
2567 1084 2646 1156 τῷ
2668 1084 2755 1138 διά
2781 1082 3007 1155 γνώμης
3024 1081 3234 1154 ἀγαθῆς
3255 1080 3581 1153 βοηθήσαντι
3600 1081 3756 1153 παρά

2171 1177 2271 1249 τὴν
2300 1176 2483 1248 ἀκμὴν
2510 1176 2606 1230 τοῦ
2634 1176 2872 1248 πολέμου
2902 1173 3038 1229 οἶδεν
3063 1176 3093 1229 ό
3121 1174 3245 1239 νοῦς
3275 1174 3605 1246 συντρέχειν.

2242 1289 2332 1345 ιν.
2376 1292 2521 1363 Πλὴν
2553 1290 2772 1363 ἔμαθον,
2804 1285 2848 1345 ὧ
2875 1290 3139 1362 Κλήμης,
3168 1289 3244 1353 ὡς
3288 1290 3345 1342 ὲν
3384 1291 3453 1361 τῇ
3497 1287 3752 1355 Ἀλεξαν-

2171 1384 2325 1457 δρείᾳ
2348 1387 2377 1439 ό
2408 1384 2694 1456 Βαρνάϐας
2711 1383 2802 1436 τὸν
2823 1382 2950 1455 περὶ
2980 1380 3315 1454 προφητείας
3340 1380 3498 1449 λόγον
3527 1379 3755 1442 τελείως

2174 1496 2254 1531 σοι
2301 1476 2539 1544 ἐξέθετο·
2593 1472 2629 1547 ἦ
2675 1476 2783 1547 γὰρ
2814 1474 2908 1539 οῦς
2951 1472 3122 1543 Κάγὼ
3164 1472 3564 1544 ἀπεκρινάμην·
3616 1470 3753 1534 Ναί,

2172 1570 2267 1623 καὶ
2299 1570 2438 1624 πάνυ
2468 1569 2668 1633 καλῶς.
2707 1569 2816 1621 Καὶ
2848 1569 2876 1621 ὁ
2910 1567 3137 1637 Πέτρος’
3172 1563 3381 1618 Οὐκοῦν
3428 1564 3526 1617 οὐκ
3575 1564 3752 1631 ἀναγ-

2172 1666 2345 1728 καῖον,
2372 1661 2462 1716 τὸν
2489 1661 2583 1716 νῦν
2611 1660 2800 1733 χρόνον
2831 1658 3127 1729 δυνάμενον
3159 1658 3290 1727 ἡμῖν
3337 1657 3626 1727 ὑπηρετεῖν
3665 1657 3754 1719 εἰς

503 1750 668 1817 igitur
695 1762 918 1802 necesse
949 1755 1053 1809 est,
1082 1755 1142 1800 ut
1170 1746 1277 1799 hoc
1309 1752 1525 1815 tempus
1565 1745 1618 1798 in
1649 1744 1716 1799 iis
1747 1743 2065 1798 enarrandis

2171 1756 2389 1819 ἑτέρους
2411 1755 2599 1823 λόγους
2630 1752 2725 1817 οῦς
2756 1752 2854 1805 οὑκ
2885 1750 3196 1812 ἐπίστασαι,
3226 1749 3306 1810 είς
3335 1747 3428 1811 οὓς
3461 1747 3755 1801 ἐπίστασαι

501 1857 624 1912 quae
653 1841 793 1895 nosti
823 1842 1151 1906 insumatur,
1185 1854 1309 1893 eum
1335 1837 1398 1892 ad
1434 1838 1571 1892 alios
1597 1850 1895 1899 sermones,
1934 1849 2067 1906 quos

500 1924 741 2002 ignoras,
774 1931 930 1987 nobis
957 1931 1128 2003 possit
1159 1932 1443 1987 inservire.
1483 1929 1547 1986 Et
1576 1946 1676 1999 ego
1717 1930 1828 1986 dixi
1863 1950 1875 1985 :
1909 1936 2069 1986 Riecte

501 2025 604 2091 ais,
632 2023 810 2079 Petre.
838 2022 895 2077 ld
928 2032 1107 2079 tamen
1142 2023 1271 2077 mihi
1306 2037 1404 2093 pro
1436 2038 1660 2078 munere
1688 2023 1941 2087 concede,
1974 2024 2067 2094 qui

502 2136 715 2189 semper
744 2128 920 2173 tecum
953 2131 1174 2173 manere
1206 2115 1483 2177 constitui,
1512 2130 1818 2169 sermonem
1849 2114 1914 2169 de
1945 2129 2070 2185 pro-

500 2213 660 2282 pheta
694 2213 968 2283 explicarc
997 2209 1220 2265 assiduo
1266 2208 1513 2263 lubenter
1556 2208 1819 2263 audienti.
1849 2207 2069 2277 Absque

501 2305 596 2360 illo
625 2305 791 2368 enim,
823 2303 965 2359 sicut
991 2317 1021 2357 a
1050 2301 1299 2358 Barnaba
1333 2301 1536 2372 accepi,
1569 2300 1769 2357 veritas
1799 2298 1933 2355 disci
1958 2314 2067 2354 non

499 2407 697 2467 potest.

572 2511 955 2580 V.Petrus,eo
987 2526 1249 2583 responso
1276 2510 1431 2565 valde
1464 2509 1767 2565 delectatus
1792 2508 1957 2579 :jam,
1983 2507 2068 2561 in-

499 2604 637 2672 quit,
668 2608 827 2659 linem
861 2602 1208 2674 accepitquae
1228 2604 1295 2657 ad
1323 2612 1372 2658 te
1401 2601 1630 2673 pertinet
1648 2599 1977 2663 emendatio,
2007 2607 2068 2654 ut

498 2698 589 2767 qui
612 2712 913 2768 cognoscas
944 2696 1372 2767 magnitudinem
1410 2694 1723 2749 indubitata:
1746 2693 2065 2764 prophetiae,

497 2790 615 2845 sine
642 2806 748 2859 qua
781 2789 1115 2860 impossibile
1154 2798 1238 2844 est
1279 2790 1534 2857 cuiquam
1559 2786 1611 2841 id
1632 2784 1893 2855 consequi
1920 2784 2066 2855 quod

498 2896 709 2936 summe
734 2882 907 2951 juvat.
938 2879 1072 2934 Nam
1089 2895 1212 2936 eum
1239 2881 1290 2933 in
1309 2879 1473 2935 rebus
1495 2878 1660 2933 multa
1679 2886 1734 2932 et
1758 2877 1907 2932 varia
1923 2878 2066 2932 bona

497 2973 605 3027 sint
636 2989 699 3027 ar
730 2988 851 3027 esse
879 2972 1109 3042 possint,
1142 2971 1285 3039 quod
1316 2969 1498 3024 omnia
1537 2968 1873 3024 beatitudine
1904 2984 2065 3038 supe-

2150 1845 2527 1919 ποιεῖσθαιτὴν
2563 1845 2835 1917 ἀσχολίαν.
2883 1841 3055 1912 Κάγὼ
3072 1843 3117 1873 ¹²
3150 1841 3312 1913 ἔφην’
3356 1839 3560 1911 Ὀρθῶς
3588 1840 3751 1910 ἔφης,

2171 1939 2361 2011 Πέτρε.
2405 1939 2559 2010 Ἐμοὶ
2580 1938 2637 1991 δὲ
2670 1936 2829 1990 τοῦτο
2865 1933 3088 2007 χαρίζου
3134 1931 3364 1986 πάντοτέ
3394 1948 3476 1983 σοι
3510 1933 3751 1983 συνεῖναι

2170 2031 2448 2103 κρίναντι,
2476 2030 2568 2083 τὸν
2595 2028 2723 2100 περὶ
2749 2027 2855 2099 47
2893 2025 2987 2079 τοῦ
3008 2026 3055 2057 ’³
3083 2025 3362 2097 προφήτου
3392 2022 3546 2091 λόγον
3575 2023 3752 2093 ἡδέως

2169 2122 2418 2177 ἀκούοντι
2460 2120 2697 2193 συνεχῶς
2725 2118 3071 2191 ὑφηγεῖσθαι.
3106 2119 3268 2170 Ἀνευ
3303 2115 3413 2188 γὰρ
3441 2114 3633 2175 αὑτοῦ,
3668 2114 3751 2176 ὡς

2170 2213 2368 2285 ἔμαθον
2418 2213 2568 2285 παρὰ
2617 2210 2904 2284 Βαρνάϐα,
2953 2210 3053 2281 τὴν
3096 2207 3354 2280 ἀλήθειαν
3388 2206 3579 2279 μαθεῖν
3616 2206 3749 2261 ἀδύ-

2170 2322 2343 2360 νατον.

2237 2523 2300 2579 ν.
2354 2523 2411 2575 '0
2436 2523 2492 2576 δὲ
2516 2524 2737 2595 Πέτρος,
2773 2523 2865 2575 ἐπὶ
2894 2522 3067 2593 τούτῳ
3100 2522 3348 2594 μεγάλως
3378 2521 3583 2593 ἡσθεὶς,
3607 2522 3746 2574 ἀπε·-

2167 2616 2407 2689 κρίνατω
2437 2616 2574 2684 Ἤδη
2606 2615 2700 2685 μὲν
2724 2618 2756 2686 ἡ
2778 2615 2913 2685 πρὸς
2943 2616 3002 2668 σὲ
3023 2615 3304 2687 διόρθωσις
3325 2612 3475 2678 τέλος
3496 2613 3747 2685 εἴληφεν,

2167 2708 2512 2778 ὲπεγνωκότα
2543 2708 2588 2739 ’⁵
2618 2707 2717 2779 τῆς
2730 2707 3027 2761 ἀπταίστου
3046 2708 3382 2780 προφητείας
3402 2706 3460 2760 τὸ
3490 2707 3745 2778 μέγεθος,

2166 2796 2234 2874 ἧς
2251 2802 2378 2857 ἄνευ
2399 2800 2581 2855 λαϐεῖν
2600 2818 2706 2853 τινι
2724 2800 2784 2853 τὸ
2805 2802 2861 2853 ὲν
2894 2802 3131 2873 ὑπεροχῇ
3164 2799 3438 2871 συμφέρον
3455 2799 3739 2853 ἀδύνατον.

2166 2896 2382 2953 Πολλῶν
2412 2894 2520 2966 γὰρ
2539 2893 2633 2948 καὶ
2656 2892 2920 2964 διαφόρων
2945 2892 3164 2961 ἀγαθῶν
3184 2892 3349 2945 ὄντων
3372 2892 3428 2943 ὲν
3454 2894 3564 2953 τοῖς
3589 2887 3747 2945 οὖσιν

2165 2988 2200 3059 ῆ
2232 2987 2448 3041 ἔσεσθαι
2476 2985 2810 3057 δυναμένοις,
2840 2985 2899 3038 τὸ
2926 2983 3140 3038 πάντων
3170 2982 3603 3054 μακαριώτατον,
3626 2986 3743 3038 εἴτε

498 3074 600 3130 rat,
630 3066 714 3120 vel
746 3064 857 3119 vita
886 3072 1107 3129 aeterna,
1137 3063 1218 3117 vel
1248 3070 1501 3131 perpetua
1547 3062 1772 3129 sanitas,
1813 3061 1896 3116 vel
1941 3077 2064 3131 per-

498 3158 629 3179 P-_._
668 3172 812 3179 ψ---
870 3155 950 3179 -.-1
980 3155 1160 3179 1....,υιη
1215 3154 1295 3179 -.-1
1332 3153 1585 3179 ηΑιιι¹·---“
1642 3152 1723 3179 ..ΑΙ
1772 3153 2024 3179 :mmn..a-

2166 3080 2332 3143 ἀΐδιός
2374 3080 2487 3132 ἐστι
2537 3077 2649 3150 ζωὴ
2685 3079 2752 3145 ³⁵,
2800 3078 2834 3149 ἢ
2894 3077 3205 3149 παράμονος
3234 3076 3443 3145 ὑγίεια,
3483 3073 3745 3144 ἧτέλειος

495 3158 635 3212 tecta
668 3172 841 3220 mens,
870 3155 953 3209 vel
980 3155 1186 3221 lumen,
1215 3154 1295 3209 vel
1330 3153 1611 3224 gaudium,
1642 3152 1725 3208 vel
1772 3153 2060 3207 immorta-

494 3247 639 3314 litas,
677 3248 759 3301 vel
789 3248 834 3303 si
867 3246 995 3316 quid
1027 3246 1172 3300 aliud
1223 3254 1307 3301 est
1335 3254 1431 3299 aut
1476 3245 1707 3309 existere
1747 3252 1925 3314 potest
1967 3260 2062 3300 ea-

496 3339 696 3394 cellens
743 3338 795 3392 in
840 3352 1022 3393 rerum
1066 3346 1260 3392 natura
1295 3354 1310 3390 :
1344 3336 1396 3393 id
1444 3353 1553 3392 non
1601 3337 1756 3391 aliter
1785 3336 2065 3405 possidere

496 3440 596 3495 est,
636 3430 739 3485 nisi
778 3428 928 3500 prius
975 3444 1064 3484 res
1108 3428 1564 3499 quemadmodum
1607 3434 1825 3483 exstant
1860 3442 2062 3498 cogno-

496 3530 745 3590 seantur;
780 3538 844 3578 ea
877 3536 1005 3577 vero
1050 3522 1278 3578 scientia
1316 3521 1592 3592 continget
1624 3534 1927 3591 nunquam,
1956 3520 2062 3577 nisi

495 3615 680 3686 agnito
706 3626 863 3671 antea
892 3615 1155 3685 propheta
1186 3614 1451 3670 veritatis.

569 3726 653 3782 Vl.
694 3728 967 3798 Propheta
1005 3736 1183 3785 autem
1216 3727 1462 3787 veritatis
1490 3729 1581 3785 ille
1621 3738 1727 3797 est,
1750 3730 1845 3800 qui
1876 3706 2060 3786 omnia

493 3822 716 3876 omnino
759 3821 884 3889 scit,
930 3821 1202 3892 praeterita
1250 3830 1311 3877 ut
1366 3821 1619 3890 fuerunt,
1664 3824 1952 3894 praesentia
1999 3832 2059 3878 ut

493 3923 644 3981 sunt,
676 3912 862 3969 futura
891 3922 952 3969 ut
978 3923 1166 3983 erunt;
1191 3914 1285 3985 qui
1305 3925 1388 3971 est
1412 3916 1800 3987 impeceabilis,
1820 3925 1877 3972 et
1896 3918 2061 3975 mise-

492 4006 698 4072 ricors;
730 4005 928 4077 cuique
971 4006 1073 4062 soli
1105 4006 1469 4063 edisserenda:
1506 4007 1747 4063 veritatis
1777 4009 2058 4079 provincia

491 4097 815 4153 demandata
840 4108 941 4153 est.
970 4097 1133 4169 Lege,
1161 4107 1217 4154 et
1243 4099 1484 4156 invenies
1512 4115 1608 4157 eos
1646 4100 1737 4171 qui
1788 4116 1821 4156 a
1862 4102 2062 4173 seipsis

494 4190 771 4245 veritatem
816 4205 874 4245 se
905 4199 1092 4245 nactos
1124 4189 1293 4247 fuisse
1330 4191 1733 4248 existimarunt.
1771 4191 1829 4248 Id
1856 4193 2057 4265 quippe

490 4281 767 4350 prophetas
805 4284 1081 4353 proprium
1098 4292 1203 4345 est,
1227 4285 1509 4340 veritatem
1554 4285 1825 4352 indicare;
1860 4302 2055 4357 quem-

495 4371 786 4427 admodum
843 4376 944 4431 soli
984 4376 1199 4445 proprie
1260 4378 1553 4447 competit,
1592 4378 1733 4433 diem
1776 4379 2053 4436 inducere.

2164 3172 2305 3236 νοῦς,
2344 3173 2377 3244 ἢ
2406 3172 2539 3243 φῶς,
2566 3172 2600 3243 ἦ
2629 3171 2845 3242 χαρά,ἢ
2874 3170 3169 3242 ἀφθαρσία,
3203 3170 3234 3242 ἢ
3260 3171 3353 3224 καὶ
3381 3169 3506 3225 ἄλλο
3534 3189 3589 3224 τι
3617 3171 3645 3224 ὃ
3678 3173 3743 3225 ἐν

2161 3266 2227 3336 τῇ
2282 3264 2388 3317 τῶν
2436 3264 2606 3316 όντων
2663 3262 2821 3333 φύσει
2883 3262 3148 3335 ὑπερέχον
3208 3261 3441 3333 ὑπάρχει
3492 3262 3651 3316 καλὸν
3701 3261 3743 3334 ἦ

2163 3354 2398 3426 ὑπάρξαι
2426 3354 2645 3409 δύναται
2666 3354 2823 3407 τοῦτο
2847 3387 2915 3395 -
2940 3355 3040 3407 οὑκ
3070 3353 3243 3418 ἄλλως
3275 3353 3420 3407 ἐστιν
3454 3354 3584 3407 αὐτὸ
3604 3355 3743 3422 κτήα

2163 3447 2356 3501 σασθαι
2416 3446 2490 3519 μὴ
2524 3447 2784 3519 πρότερον
2829 3446 3024 3516 γνόντα
3053 3445 3125 3501 τὰ
3163 3445 3291 3500 ὄντα
3333 3447 3410 3510 ὡς
3442 3446 3604 3499 ἔστιν’
3634 3447 3743 3516 τῆς

2159 3539 2216 3593 δὲ
2247 3539 2500 3608 γνώσεως
2528 3540 2629 3593 οὑκ
2669 3540 2843 3603 ἄλλως
2878 3542 3057 3611 τυχεῖν
3089 3539 3254 3605 ἐστιν,
3288 3538 3382 3593 ἐὰν
3433 3540 3506 3611 μὴ
3538 3539 3738 3611 πρότε-

2162 3634 2254 3707 ρόν
2281 3652 2365 3699 τις
2392 3634 2483 3689 τὸν
2507 3635 2605 3706 τῆς
2628 3631 2882 3705 ἀληθείας
2913 3632 3197 3704 προφήτην
3229 3630 3456 3703 ἐπιγνῷ.

2230 3747 2319 3804 Vl.
2357 3749 2650 3821 Προφήτης
2676 3747 2733 3800 δὲ
2759 3745 3015 3817 ἀληθείας
3046 3745 3190 3799 ἐστὶν
3219 3746 3249 3799 ό
3287 3745 3514 3800 πάντοτε
3555 3746 3743 3801 πάντα

2161 3840 2334 3906 είδὼς,
2362 3839 2433 3894 τά
2470 3840 2567 3911 μὲν
2596 3838 2851 3908 γεγονότα
2889 3838 2967 3902 ὡς
2995 3838 3227 3907 ἐγένετο,
3260 3837 3329 3891 τὰ
3375 3836 3432 3891 δὲ
3474 3837 3736 3908 γινόμενα

2160 3933 2236 3998 ὡς
2265 3932 2489 4002 γίνεται,
2531 3930 2601 3985 τὰ
2638 3931 2694 3987 δὲ
2726 3930 2959 4002 ἐσόμενα
2987 3930 3077 3996 ῗὼς
3122 3930 3296 3994 ἔσται,
3330 3929 3741 4001 ἀναμάρτητος,

2160 4025 2421 4097 ἐλεήμων,
2461 4025 2619 4095 μόνος
2644 4024 2743 4095 τὴν
2775 4022 3028 4094 ἀλήθειαν
3075 4022 3398 4094 ὑφηγεῖσθαι
3438 4038 3736 4075 πεπιστευ-

2162 4116 2341 4188 μένος.
2380 4115 2759 4184 Ἀναγίνωσκε,
2784 4116 2878 4170 καὶ
2905 4115 3158 4187 εὑρήσεις
3189 4115 3314 4179 τοὺς
3343 4116 3434 4185 ἀφ’
3456 4114 3662 4168 ἑαυτῶν
3685 4116 3737 4147 ’⁸

2158 4208 2256 4280 τὴν
2282 4206 2534 4278 ἀλήθειαν
2573 4207 2750 4278 εὑρεῖν
2787 4206 3115 4278 νομίσαντας
3139 4208 3204 4260 ³⁷.
3246 4205 3414 4260 Τοῦτο
3443 4206 3552 4279 γὰρ
3595 4223 3734 4278 προ-

2159 4300 2327 4371 φήτου
2343 4299 2490 4363 ἴδιον,
2504 4298 2568 4353 «eo
2580 4299 2677 4371 τὴν
2696 4298 2950 4371 ἀλήθειαν
2968 4297 3207 4372 μηνύειν,
3226 4298 3413 4369 ὥσπερ
3426 4297 3576 4368 ἡλίου
3602 4298 3739 4352 ἴδιον

2157 4390 2218 4444 τὸ
2247 4390 2345 4461 τὴν
2371 4390 2584 4463 ἡμέραν
2615 4390 2817 4462 φέρειν.
2850 4390 2950 4445 Διά
2967 4392 3122 4445 τοῦτο
3161 4391 3274 4444 ὅσοι
3317 4390 3445 4443 ποτὲ
3472 4389 3733 4459 ἀλήθειαν

493 4461 759 4530 Quocirca
812 4477 1077 4538 qu0tquot
1137 4469 1417 4524 veritatem
1481 4469 1862 4527 desiderarunt
1928 4486 2056 4543 cog-

2166 4482 2357 4553 γνῶναι
2386 4461 2765 4555 ἐπεθύμησαν,
2798 4482 2951 4555 παρά
2995 4484 3054 4538 δὲ
3094 4482 3284 4537 τούτου
3336 4481 3525 4554 μαθεῖν
3560 4480 3737 4552 αὑτὴν

493 4570 740 4620 noscere,
774 4567 828 4613 et
864 4559 932 4613 ab
964 4560 1067 4615 hoc
1105 4574 1224 4615 eam
1271 4560 1481 4617 discere
1527 4577 1632 4617 non
1677 4562 2050 4627 obtinuerunt,

2166 4575 2249 4628 n'nt
2276 4573 2600 4647 εὐτύχησαν,
2637 4575 2709 4647 μὴ
2756 4574 3026 4645 εὑρόντες,
3054 4574 3165 4647 48
3195 4573 3482 4645 ζητοῦντες
3511 4572 3731 4627 ἐτελεύ-

492 4661 557 4700 ea
587 4663 696 4702 non
747 4650 989 4717 inventa,
1031 4651 1087 4705 in
1128 4651 1509 4721 disquisitione
1580 4653 1836 4709 obierunt
1885 4655 2050 4709 diem.

2166 4683 2344 4738 τησαν.
2380 4667 2443 4720 Ὀ
2474 4665 2582 4739 γὰρ
2613 4668 2711 4739 τὴν
2742 4667 2995 4737 ἀλήθειαν
3026 4667 3202 4740 ζητῶν
3238 4666 3393 4738 παρά
3409 4666 3511 4738 τῆς
3535 4648 3733 4720 ἑαυτοῦ

494 4736 630 4793 Nam
659 4741 752 4811 qui
775 4740 1059 4797 veritatem
1090 4744 1302 4813 quaerit,
1334 4759 1366 4799 a
1408 4759 1508 4801 sua
1557 4736 1883 4816 ignorantia
1911 4746 2056 4800 acci-

2166 4736 2375 4827 ὶγνοίας
2402 4736 2584 4813 λαϐεῖν
2617 4736 2732 4823 πῶς
2760 4736 3089 4826 ἃνδύναιτοξ
3117 4760 3235 4815 Κᾶν
3256 4736 3364 4832 γάρ
3397 4736 3606 4832 εῦρῃ²⁸,
3629 4761 3736 4815 οὑκ

497 4846 621 4902 pere
643 4846 763 4887 eam
807 4848 917 4904 quo
964 4835 1127 4891 modo
1154 4834 1383 4905 poterit?
1411 4835 1561 4892 Licet
1586 4837 1729 4892 enim
1770 4836 2050 4908 repererit,

2166 4848 2311 4913 εἰδὼς
2334 4851 2502 4922 αὑτὴν
2533 4851 2609 4915 ὡς
2635 4852 2733 4905 οὐκ
2760 4848 2922 4905 οὖσαν
2951 4853 3307 4926 παρέρχεται.
3324 4853 3452 4907 Οῦτ’
3474 4852 3541 4909 αῦ
3570 4857 3706 4927 παρ’
3723 4885 3737 4899 -

495 4943 621 4985 cum
649 4927 797 4982 illam
829 4943 937 4982 non
964 4936 1276 5000 cognoscat,
1319 4928 1480 4999 quasi
1523 4929 1799 4987 absentem
1830 4938 2053 5001 praeter-

2166 4939 2362 5011 ἑτέρου,
2407 4940 2502 4995 τοῦ
2542 4942 2741 5013 ὁμοίως
2757 4942 2815 5008 ἐξ
2858 4944 3129 5013 ἀγνωσίας
3167 4944 3367 5014 γνῶσίν
3394 4945 3536 5018 ἔχειν
3553 4947 3734 5015 ἐπαγ-

494 5021 612 5077 ibit.
662 5019 767 5074 Sed
811 5034 913 5076 nec
962 5018 1030 5075 ab
1086 5019 1193 5075 alio
1242 5020 1495 5076 similiter
1560 5022 1768 5093 ignaro,
1806 5021 2056 5093 quamvis

2166 5031 2483 5104 γελλομένσυ
2532 5035 2597 5099 ’⁸,
2642 5035 2896 5106 ἀληθείας
2925 5040 3144 5109 κρατεῖν
3185 5038 3408 5102 δυνατὸς
3453 5039 3606 5094 ἔσται
3658 5040 3733 5105 ³⁹,

495 5113 776 5174 scientiam
824 5113 1186 5182 repromittat,
1231 5114 1510 5169 veritatem
1559 5123 1742 5171 tenere
1798 5115 1995 5186 poterit
2036 5132 2052 5172 :

2166 5123 2303 5196 πλὴν
2324 5124 2597 5190 πολιτείας
2630 5126 2813 5199 μόνης,
2844 5129 2939 5183 καὶ
2969 5129 3139 5184 ταῦτα
3171 5131 3386 5203 ἐκείνης
3416 5133 3516 5204 τῆς
3545 5132 3629 5186 διὰ
3668 5135 3734 5188 τδ

506 5210 601 5267 εἰεί
627 5209 771 5281 quod
821 5208 990 5265 solam
1033 5206 1204 5263 discet
1248 5206 1371 5262 vitae
1402 5207 1893 5291 conversationem,
1934 5223 2057 5278 quae

2166 5215 2379 5287 εὔλογον
2438 5219 2801 5293 γνωρισθῆναι
2844 5222 3174 5296 δυναμένης,
3226 5225 3347 5289 ῧτις
3394 5224 3629 5296 έκάστῳ,
3665 5227 3734 5279 ἐκ

1758 5389 1993 5446 νΑιῖΙιΕ
2057 5392 2461 5454 LECTIONES.

565 5532 611 5617 ξ’
639 5532 905 5617 Είξυιθεξην
943 5531 992 5583 ίο
1069 5531 1115 5617 ξ’
1140 5531 1485 5617 ὲπέζρτωῑε)
1653 5535 1700 5617 ’ξ
1720 5533 1846 5617 PT“;
1863 5536 1977 5617 C-H
2005 5540 2049 5617 ξ³
2069 5540 2163 5617 τοῦ
2195 5541 2553 5617 ἰιιειειιἮίιιηΟ3
2600 5545 2675 5617 A"
2699 5544 2878 5617 Prima
2909 5562 3077 5617 man._
3101 5545 3288 5615 script.
3322 5547 3377 5617 in
3408 5543 3454 5601 Ο
3502 5545 3727 5615 εἴληφεν

498 5601 795 5689 ξπιεοφιιεε
816 5601 1181 5689 www-
1228 5596 1488 5689 .“P'rivé
1520 5596 1779 5689 ιςωήηιη·
1804 5603 1895 5689 οο,
1933 5610 1979 5689 τε
2005 5610 2077 5665 ιω
2337 5596 3726 5689 sj.1¢v'=s__:auéac;é."irrasisatsaim';eis;

500 5670 1996 5776 ξξδξθίξηὲξέίξὶιὲἓζξθξῐέῗινῇὃυιζρίξ.ὶξχέδρεὲιθῇναέὶ(εἰς.
2036 5697 2085 5738 e.
2122 5680 2175 5743 7)
2213 5685 2297 5741 vel
2327 5670 2504 5743 simile
2537 5685 2762 5765 aliquid.
2805 5670 2889 5744 s.’
2941 5686 2989 5721 ι·
3018 5670 3165 5759 εὖροι
3194 5670 3296 5743 c.‘
3339 5670 3393 5719 τοί
3409 5670 3610 5756 ὁμοίως
3632 5670 3724 5751 ’ὡς

504 5742 559 5809 ἐξ
591 5741 1029 5809 ἀγνευσίαφέκειν
1060 5742 1150 5797 ἐπ.
1179 5741 1243 5798 C.
1306 5741 1368 5815 j”
1395 5741 1618 5799 δυνατόν
1648 5741 1797 5818 ἐστὶ
1814 5741 1910 5799 0.”
1956 5741 1975 5753 ‘
2161 5741 2167 5743 '
2338 5741 2345 5742 ί
2440 5741 2444 5742 ί
2485 5741 2497 5743 -
2542 5741 2568 5743 τε
2598 5741 2648 5765 Ἴ.
