4068 6338
288 369 345 428 8|
1414 361 1863 421 CLEMENTINA.
1899 394 1967 405 —
2006 358 2278 415 HOMILIA
2322 356 2387 412 ll.
3468 357 3540 415 ϐξ

287 489 378 544 τεῦ
416 486 491 558 μὴ
530 482 701 539 θέλειν
733 481 1056 544 ἀδικεῖσθαι,
1087 479 1182 534 τοῦ
1217 480 1292 552 μὴ
1328 480 1437 534 δεῖν
1481 479 1636 534 ἄλλον
1668 479 1855 533 ἀδικεῖι

1976 475 2182 531 scilicet
2207 483 2425 545 propter
2445 486 2770 528 consensum
2797 487 2917 527 cum
2948 471 3157 527 ratione
3181 470 3307 527 sciri
3338 481 3531 542 potest,

286 580 381 650 τὴν
410 576 609 647 γνῶσιν
633 573 979 645 παρίστησιν.

351 752 466 808 νη.
510 753 716 815 Πάντες
738 752 835 823 μέν
863 747 957 806 οῦν
976 752 1090 805 ὅσοι
1114 751 1244 805 ποτὲ
1273 752 1542 823 ἐζήτησαν
1562 750 1622 804 τὸ
1653 749 1867 821 ἀληθὲς,

284 846 341 898 τὸ
373 844 634 899 δύνασθαι
663 845 843 913 εὑρεῖν
878 845 1087 908 ἑαυτοῖς
1118 843 1504 907 πιστεύσαντες
1530 844 1595 908 ³¹,
1626 841 1872 915 ἐνηδρεύ-

285 936 475 1006 θησαν.
510 937 681 989 Τοῦτο
706 936 845 1007 ὅπερ
889 935 1189 989 πεπόνθασι
1228 936 1322 988 καὶ
1367 935 1415 989 οἱ
1453 935 1561 989 τῶν
1606 934 1870 1006 Ἐλλήνων

285 1029 586 1100 φιλόσοφοι,
613 1029 707 1081 καὶ
746 1027 1035 1099 βαρϐάρων
1073 1028 1121 1079 οἱ
1156 1026 1581 1098 σπουδαιότεροι.
1624 1027 1718 1079 Ἐκ
1750 1043 1871 1079 στο-

282 1140 349 1193 χα
356 1121 509 1191 σμῶν
525 1120 633 1191 γάρ
646 1119 1027 1182 ἐπιϐάλλοντες
1047 1120 1158 1183 τοῖς
1167 1120 1381 1188 ὁρατοῖς
1391 1135 1458 1170 πε
1465 1119 1517 1190 ρὶ
1529 1117 1638 1171 τῶν
1659 1117 1869 1189 ἀδήλων

281 1214 652 1285 ἀπεφήναντο,
681 1212 745 1265 τὸ
776 1212 921 1275 ὅπως
952 1211 1079 1264 ποτὲ
1109 1210 1390 1282 παραστάν
1413 1211 1457 1242 ³¹
1487 1211 1688 1273 αὐτοῖς,
1711 1209 1868 1263 τοῦτο

282 1305 477 1376 ἀληθὲς
506 1299 647 1356 εἶναι
693 1303 1035 1374 νομίσαντες.
1073 1301 1161 1365 Ὠς
1198 1301 1306 1373 γάρ
1348 1302 1545 1365 εἰδότες
1590 1302 1869 1377 ἀλήθειαν,

281 1397 328 1448 οἱ
353 1394 617 1465 ἀλήθειαν
647 1394 728 1447 ἐτι
758 1394 1064 1464 ζητοῦντες,
1091 1393 1200 1446 τῶν
1238 1393 1654 1465 παρισταμένων
1686 1394 1869 1457 αὐτοῖς

282 1486 604 1557 ὑπολήψεων
635 1486 700 1549 ἃς
737 1487 834 1557 μὲν
859 1485 1373 1557 ἀποδοκιμάζουσιν,
1403 1485 1468 1549 ἃς
1496 1485 1553 1539 δὲ
1585 1486 1631 1517 ³⁸
1662 1486 1865 1558 κρατύ-

280 1595 479 1643 νουσιν,
532 1576 728 1647 ὥσπερ
774 1577 993 1645 εἰδότες,
1040 1578 1116 1650 μὴ
1163 1576 1365 1642 ειδότες
1408 1580 1537 1631 ποῖα
1582 1578 1680 1650 μὲν
1719 1577 1865 1633 ἐστιν

279 1669 469 1741 ἀληθῆ,
502 1672 637 1721 ποῖα
680 1670 737 1722 δὲ
774 1669 963 1741 ψευδῆ·
1012 1670 1107 1723 καὶ
1138 1668 1537 1741 δογματίζουσι’
1564 1670 1691 1742 περὶ
1736 1669 1866 1743 άλη-

281 1761 424 1824 θείας
469 1761 524 1813 οἱ
564 1760 824 1831 ἀλήθειαν
864 1760 1245 1831 ἐπιζητοῦντες
1273 1760 1338 1828 ³⁵,
1369 1762 1465 1815 οὐκ
1496 1762 1695 1825 ειδότες
1725 1761 1806 1815 ὅτι
1835 1762 1864 1815 ὁ

1973 582 2201 638 qumque
2233 566 2496 635 singulos,
2521 581 2585 620 ex
2624 579 2689 619 co
2732 565 2873 634 quod
2917 564 3105 619 nolunt
3144 562 3337 633 injuria
3373 564 3532 631 aﬂici,

1973 660 2131 714 docet
2157 674 2263 713 non
2296 668 2545 728 oportere
2571 656 2725 711 alteri
2760 656 3011 726 injuriatn
3044 656 3240 711 facere.

2044 748 2158 805 νη.
2199 748 2476 820 Quotquot
2507 749 2673 821 igitur
2710 764 2887 803 verum
2936 748 3288 817 quaesierunt,
3319 763 3377 803 se
3416 762 3535 803 crc-

1970 845 2160 900 dentes
2192 843 2323 899 illud
2355 860 2449 914 per
2483 844 2742 913 ipsosmet
2772 838 3112 906 inventuros,
3147 839 3355 910 decepti
3384 850 3530 894 sunt.

1970 935 2136 1007 quue
2164 936 2367 991 Graecis
2390 934 2724 1006 philosophis
2753 940 2807 987 et
2824 931 3175 987 barbarorum
3197 930 3533 1000 sapientibus

1971 1028 2215 1099 contigit.
2234 1026 2389 1095 Nam,
2406 1027 2734 1096 conjecturis
2759 1024 3167 1079 considerantes
3189 1021 3444 1086 visibilia,
3468 1023 3534 1076 de

1969 1119 2135 1175 rebus
2182 1119 2430 1175 obscuris
2479 1117 2932 1189 pronuntiarunt;
2976 1114 3119 1184 quod
3156 1112 3259 1169 sibi
3311 1126 3531 1182 quoquo

1969 1212 2130 1267 modo
2190 1212 2489 1275 videbatur,
2538 1209 2593 1265 id
2638 1224 2825 1264 verum
2884 1222 3003 1263 esse
3046 1204 3314 1259 arbitrati.
3365 1202 3531 1270 Quasi

1968 1303 2113 1357 enim
2148 1303 2303 1374 gnari
2333 1302 2596 1366 veritatis,
2625 1301 2719 1372 qui
2754 1300 2933 1355 adhuc
2961 1314 3080 1354 eam
3108 1305 3379 1369 quaerunt,
3415 1298 3532 1367 opi-

1969 1396 2196 1450 nionum
2221 1410 2342 1466 quae
2371 1409 2489 1450 sese
2519 1394 2755 1449 oﬂ'erunt
2790 1392 2925 1447 alias
2955 1392 3241 1462 abjiciunt,
3274 1390 3409 1445 alias
3442 1406 3525 1443 re-

1969 1487 2160 1552 tinent,
2195 1502 2259 1542 ac
2300 1486 2346 1543 si
2383 1493 2809 1559 cOgnoscerent;
2855 1484 3027 1556 ignari
3068 1499 3189 1555 quae
3234 1499 3359 1538 vera
3397 1482 3529 1548 sint,

1966 1596 2091 1651 qua:
2117 1578 2284 1647 falsa;
2317 1586 2371 1635 et
2404 1578 2471 1634 de
2502 1578 2728 1634 veritate
2766 1576 3088 1645 decernunt,
3119 1577 3213 1648 qui
3245 1576 3531 1630 veritatem

1966 1672 2271 1743 inquirunt,
2302 1671 2608 1730 nescientes
2636 1669 2782 1743 quod
2824 1669 2918 1741 qui
2946 1671 3228 1727 veritatem
3256 1670 3466 1741 quaerit,
3496 1685 3527 1724 a

1965 1778 2069 1819 suo
2096 1779 2281 1823 errore
2305 1779 2415 1819 non
2457 1771 2639 1835 potest
2661 1779 2781 1819 eam
2810 1763 3107 1820 addiscere.
3141 1763 3323 1835 Neque
3356 1764 3525 1830 enim,

276 1856 537 1927 ἀλήθειαν
569 1854 748 1925 ζητῶν
785 1854 934 1924 παρά
958 1854 1054 1924 τῆς
1085 1853 1248 1907 αὑτοῦ
1279 1853 1487 1925 πλάνης
1528 1853 1716 1924 μαθεῖν
1757 1854 1855 1907 αύ-

1960 1866 2019 1911 υι
2048 1857 2179 1924 dixi,
2210 1869 2529 1928 praasentem
2560 1872 2681 1913 eam
2715 1865 2892 1929 potest
2924 1873 3336 1928 recognoscere,
3359 1875 3524 1928 quant

273 1949 369 2017 τὴν
412 1949 475 2000 οὑ
521 1947 763 2000 δύναται.
797 1946 933 1999 Οὑτε
976 1945 1105 2017 γὰρ,
1141 1946 1217 2009 ὼς
1248 1946 1401 2017 ἔφην,
1451 1948 1856 2018 παρεστηκυῖαν

273 2041 441 2110 αὑτὴν
478 2038 779 2108 ἐπιγνῶναι
798 2039 1017 2092 δύναται
1038 2039 1103 2102 ⁸⁸,
1138 2039 1204 2109 ἢν
1232 2040 1431 2107 ἀγνοεῖ.

342 2131 479 2185 VIII.
523 2131 709 2184 Πείθει
753 2132 810 2184 δὲ
840 2132 1065 2185 ἕκαστον
1093 2133 1183 2201 ἀφ’
1213 2131 1406 2184 ἑαυτοῦ
1444 2131 1707 2203 ζητοῦντα
1749 2149 1854 2203 μα-

274 2223 383 2276 θεῖν
411 2224 475 2276 οὑ
514 2223 731 2286 πάντως
754 2223 813 2275 τὸ
839 2222 946 2294 ω
969 2222 1183 2293 ἀληθὲς,
1209 2222 1344 2276 ἀλλά
1360 2223 1422 2277 τὸ
1445 2223 1662 2295 τέρπον.
1707 2225 1857 2279 Ἐπεὶ

272 2311 364 2368 οὖν
394 2315 557 2369 ἄλλον
596 2314 724 2368 ἄλλο
769 2332 822 2366 τι
849 2315 895 2345 ³⁸
925 2315 1134 2385 τέρπει,
1175 2314 1333 2369 άλλου
1383 2314 1509 2368 άλλο
1554 2319 1743 2386 κρατεῖ
1781 2316 1856 2380 ὡς

273 2407 471 2477 ἀληθές
503 2407 570 2458 ³⁷.
608 2405 682 2459 Τὸ
711 2407 767 2458 δὲ
788 2406 985 2477 ἀληθές
1014 2408 1128 2459 ἐστι
1153 2407 1215 2459 τὸ
1244 2407 1434 2460 δοκοῦν
1474 2407 1552 2478 τῷ
1582 2409 1854 2480 προφήτῃ,

272 2500 331 2551 οὑ
356 2500 418 2550 τὸ
448 2500 669 2568 ἑκάστῳ
701 2498 799 2568 ἡδύ
835 2498 898 2550 ³⁸.
935 2496 1109 2550 Πολλά
1152 2498 1259 2570 γὰρ
1289 2497 1354 2551 ἂν
1394 2494 1460 2569 ἦν
1502 2500 1562 2551 τὸ
1606 2498 1683 2561 ἓν,
1712 2500 1760 2551 εἰ
1796 2500 1857 2552 τὸ

273 2589 472 2660 τέρπον
520 2590 719 2659 ἀληθὲς
758 2586 846 2660 ἦν,
886 2591 1021 2661 ὅπερ
1054 2591 1201 2644 ἐστὶν
1246 2590 1521 2644 ἀδύνατον.
1567 2592 1665 2645 Διά
1699 2590 1857 2645 τοῦτο

276 2683 366 2734 καὶ
391 2682 441 2733 οί
470 2681 583 2733 τῶν
627 2680 892 2751 Ἐλλήνων
913 2680 1199 2750 φιλόλογοι,
1221 2684 1281 2736 οὑ
1313 2682 1607 2752 φιλόσοφοι,
1628 2682 1715 2735 διὰ
1739 2700 1857 2735 στο-

275 2773 503 2843 χασμῶν
537 2777 653 2836 τοῖς
686 2772 1002 2844 πράγμασιν
1051 2773 1355 2839 ἐπιϐάντες,
1404 2774 1574 2827 πολλά
1620 2775 1712 2828 καὶ
1737 2774 1856 2828 διά-

274 2882 412 2935 φορα
454 2865 839 2935 ἐδογμάτισαν,
872 2865 971 2936 τὴν
1012 2866 1218 2919 οἰκείαν
1243 2866 1350 2919 τῶν
1384 2866 1687 2920 ὑποθέσεων
1726 2868 1856 2921 ἀκο-

274 2955 489 3009 λουθίαν
520 2956 777 3027 ἀλήθειαν
811 2953 947 3009 εἶναι
992 2956 1329 3028 νομίσαντες,
1376 2959 1475 3011 οὐκ
1510 2958 1726 3022 εἰδότες,
1774 2960 1857 3012 ὅτι

274 3048 448 3101 αὐτῶν
480 3048 701 3118 ψευδεῖς
732 3048 906 3119 ἀρχάς
933 3050 1146 3112 ἑαυτοῖς
1174 3048 1532 3121 ὀρισαμένων,
1567 3053 1633 3122 τῇ
1684 3051 1780 3122 μὲν
1810 3052 1855 3083 ³³

271 3140 405 3210 ἀρχῇ
436 3139 624 3192 αὑτῶν
657 3139 719 3192 τὸ
744 3140 896 3203 τέλος
927 3140 1242 3211 συμφωνίαν
1271 3140 1507 3213 εἴληφεν.

335 3336 428 3390 IX.
469 3338 638 3391 Ὅθεν
657 3339 754 3403 δεῖ,
787 3339 963 3393 πάντα
985 3339 1371 3412 παρελόμενον,
1397 3339 1541 3411 μόνῳ
1569 3338 1648 3411 τῷ
1680 3340 1725 3372 ⁸⁸
1750 3340 1851 3411 τῆς

268 3427 531 3498 ἀληθείας
607 3430 884 3482 πιστεύειν
939 3429 1128 3483 ἑαυτὸν
1184 3430 1465 3503 προφήτῃ,
1524 3429 1584 3483 ὃν
1651 3430 1851 3493 πάντες

269 3522 450 3589 κρῖναι
484 3519 782 3590 δυνάμεθα,
817 3522 865 3574 εί
898 3523 1176 3593 προφήτης
1202 3521 1371 3585 ἐστὶν,
1400 3520 1501 3575 κᾶν
1533 3522 1674 3575 πάνυ
1704 3522 1848 3593 ἀμα-

271 3607 382 3671 θεῖς
413 3602 594 3679 ὢμεν,
630 3611 723 3662 καὶ
750 3610 1029 3681 σοφισμῶν
1057 3610 1259 3663 ίδιῶται
1290 3610 1355 3675 δ’,
1386 3612 1478 3664 καὶ
1508 3612 1850 3683 γεωμετρίας

271 3700 510 3770 ἄπειροι,
548 3702 645 3753 καὶ
673 3703 937 3771 μουσικῆς
980 3701 1232 3772 ἀμύητοι.
1266 3702 1650 3774 Εὑκολωτέραν
1676 3702 1719 3734 δ’
1744 3702 1849 3776 γάρ

270 3790 367 3860 τὴν
399 3791 532 3862 περὶ
564 3791 732 3845 αὑτοῦ
765 3791 979 3865 εῦρεσιν
1006 3793 1034 3846 ὁ
1066 3792 1198 3857 Θεὸς
1231 3792 1440 3846 τέθεικε
1466 3792 1513 3824 ⁸³
1537 3795 1722 3857 πᾶσιν,
1773 3795 1849 3858 ὡς

272 3882 494 3937 πάντων
544 3883 819 3955 κηδεμών·
882 3884 967 3937 ῐνα
1009 3884 1144 3955 μήτε
1191 3883 1452 3957 βάρϐαροι
1492 3884 1848 3951 ἐξασθενῶσιν

273 3975 454 4039 αὐτὸν,
493 3979 633 4047 μήτε
652 3976 912 4047 Ἕλληνες
943 3975 1275 4030 ἀδυνατῶσιν
1309 3978 1504 4047 εὑρεῖν.
1530 3976 1713 4046 Ῥᾳδία
1748 3976 1848 4047 μὲν

273 4062 363 4119 οὖν
393 4069 427 4137 ἡ
449 4068 495 4098 ⁸⁸
528 4069 654 4139 περὶ
683 4067 847 4120 αὑτοῦ
879 4067 1092 4141 εῦρεσις
1115 4067 1369 4139 ὑπάρχει.
1394 4069 1548 4121 Ἔστι
1574 4067 1631 4122 δὲ
1659 4068 1775 4138 ἥδε.

343 4250 411 4305 Χ.
459 4253 526 4304 Εἰ
577 4252 860 4323 προφήτης
911 4251 1087 4317 ἐστὶν,
1132 4253 1229 4307 καὶ
1269 4250 1488 4306 δύναται
1528 4252 1723 4307 εἰδέναι
1772 4252 1847 4316 ὼς

275 4345 487 4411 ἐγένετο
520 4345 565 4377 ⁸⁵
593 4347 623 4396 ὁ
655 4346 879 4416 κόσμος,
914 4346 1007 4398 καὶ
1046 4345 1115 4398 τὰ
1145 4346 1205 4400 ἐν
1241 4344 1392 4417 αὑτῷ
1430 4345 1707 4417 γινόμενα,
1751 4344 1846 4399 καὶ¹

274 4439 340 4490 τὰ
373 4442 450 4502 είς
476 4440 632 4502 τέλος
661 4439 911 4509 ἐσόμενα·
938 4436 1032 4490 ἐὰν
1065 4439 1196 4509 ἡμῖν
1223 4434 1257 4513 ᾖ
1282 4455 1336 4490 τι
1361 4436 1721 4509 προειρηκὼς,
1740 4436 1846 4507 50

1960 1949 2196 2020 ignorat.

2028 2126 2165 2182 Vill.
2205 2126 2376 2185 Porro
2423 2146 2569 2197 cum,
2623 2131 2715 2201 qui
2763 2146 2794 2186 a
2843 2132 3023 2202 seipso
3069 2134 3263 2203 quaerit
3290 2134 3522 2203 discere,

1958 2222 2250 2291 persuadet
2280 2237 2390 2276 non
2416 2238 2549 2278 sane
2576 2224 2722 2293 quod
2755 2240 2943 2279 verum
2974 2235 3078 2292 est,
3112 2226 3206 2281 sed
3253 2228 3397 2297 quod
3430 2229 3523 2283 de-

1958 2312 2143 2369 lectat.
2176 2313 2406 2380 Quando
2434 2314 2598 2385 igitur
2620 2317 2787 2371 alium
2817 2317 2963 2372 aliud
3005 2318 3258 2384 oblectat,
3291 2321 3520 2375 alterum

1958 2408 2111 2462 alteri
2154 2423 2253 2479 pro
2280 2423 2408 2462 vero
2439 2417 2670 2463 tenetur.
2698 2409 2896 2464 Verum
2929 2418 3106 2465 autem
3154 2412 3203 2465 id
3233 2422 3336 2473 est,
3377 2414 3523 2482 quod

1957 2501 2233 2569 propheta:
2263 2500 2499 2567 videtur,
2533 2516 2640 2554 non
2670 2516 2798 2555 vero
2826 2502 2969 2571 quod
3003 2502 3295 2573 unicuique
3328 2504 3519 2573 placet.

1957 2588 2092 2643 Nam
2160 2590 2207 2645 si
2252 2605 2440 2645 verum
2481 2600 2625 2647 esset
2666 2593 2808 2662 quod
2855 2593 3117 2662 delectat,
3168 2596 3335 2650 multa
3383 2609 3526 2653 esset

1960 2681 2011 2736 id
2055 2683 2197 2751 quod
2252 2698 2418 2735 unum
2464 2690 2575 2749 cst;
2617 2684 2761 2753 quod
2803 2684 2919 2739 ﬁeri
2985 2687 3191 2757 nequit.
3234 2686 3522 2758 Propterea

1958 2772 2271 2827 Grecorum
2303 2773 2581 2844 philologi,
2615 2790 2725 2831 non
2760 2775 3069 2847 philosophi
3099 2780 3383 2850 (amatores
3407 2797 3518 2834 ser-

1959 2880 2192 2931 monum,
2214 2881 2315 2918 non
2343 2866 2657 2937 sapientiae),
2681 2884 2776 2938 per
2804 2868 3144 2939 conjecturas
3172 2886 3257 2926 res
3282 2872 3521 2943 aggressi

1958 2957 2130 3011 multa
2154 2966 2209 3012 et
2244 2958 2391 3013 varia
2432 2959 2737 3015 docuerunt
2763 2980 2775 3015 :
2801 2962 2901 3015 rati
2934 2963 3209 3032 propriam
3255 2964 3515 3034 hypothe-

1960 3064 2090 3104 seon
2129 3053 2577 3121 consequentiam
2623 3068 2743 3108 esse
2790 3054 3100 3121 veritatem;
3145 3071 3244 3111 nec
3287 3056 3519 3111 scientes

1881 3173 1923 3232 ο
1958 3141 2101 3211 quod
2123 3182 2138 3207 ,
2164 3157 2286 3196 Clllll
2336 3142 2439 3197 sibi
2477 3142 2614 3198 falsa
2650 3144 2916 3216 principia
2958 3146 3349 3216 definivissent,
3394 3164 3516 3203 cum

1953 3233 2222 3303 principio
2252 3249 2440 3290 eorum
2473 3236 2596 3292 ﬁnis
2620 3237 2989 3293 concordavit.

2023 3324 2114 3380 IX.
2158 3320 2312 3383 Unde
2333 3337 2565 3397 oportet,
2595 3330 2781 3385 omnia
2807 3334 3213 3401 praetereundo.
3244 3335 3348 3389 soli
3376 3335 3517 3388 veri-

1955 3419 2082 3473 tatis
2139 3420 2435 3491 propheta.
2464 3437 2522 3477 se
2552 3421 2733 3493 ipsum
2779 3424 3020 3491 credere,
3058 3423 3125 3479 de
3171 3438 3281 3495 quo
3326 3439 3519 3481 omnes

1953 3510 2256 3581 dijudicare
2282 3527 2613 3581 possumus,
2660 3530 2730 3568 an
2776 3515 2849 3570 sit
2883 3516 3181 3585 propheta,
3220 3516 3322 3572 etsi
3363 3516 3517 3571 valde

1953 3602 2127 3659 simus
2175 3602 2435 3673 imperiti,
2480 3618 2544 3659 ac
2584 3602 2641 3659 in
2688 3605 2986 3676 sophismis
3032 3606 3196 3663 rudes
3239 3614 3295 3662 et
3342 3606 3513 3677 ignari

1952 3696 2294 3765 geometriae,
2338 3705 2503 3761 atque
2556 3697 2613 3752 in
2675 3697 2883 3753 musica
2936 3715 3044 3754 non
3098 3698 3317 3753 initiati.
3370 3697 3514 3754 Deus

1951 3787 2170 3857 quippe,
2199 3795 2261 3842 ut
2287 3787 2531 3842 omnium
2563 3798 2809 3856 curator,
2842 3790 3056 3845 cunctis
3087 3789 3403 3845 facillimam
3436 3788 3513 3841 fe-

1950 3879 2026 3933 cit
2048 3879 2195 3934 illius
2230 3879 2595 3934 inventionem
2641 3896 2655 3933 :
2700 3894 2813 3949 quo
2852 3881 2919 3935 ad
2958 3896 3084 3935 eum
3131 3880 3510 3950 reperiendum

1950 3986 2128 4041 neque
2155 3971 2374 4026 barbari
2404 3979 2589 4027 essent
2615 3971 2860 4039 invalidi,
2895 3988 3071 4044 neque
3114 3972 3286 4028 Graeci
3328 3973 3508 4042 impo-

1949 4072 2147 4121 tentes.
2197 4064 2382 4135 Itaque
2431 4063 2609 4120 facilis
2659 4072 2743 4119 est
2790 4064 2857 4119 de
2910 4065 3027 4135 ipso
3086 4063 3346 4119 inventio.
3385 4063 3511 4119 Hazc

1949 4167 2129 4212 autem
2158 4166 2260 4213 est.

2020 4248 2088 4303 X.
2123 4247 2181 4303 Si
2226 4248 2489 4319 propheta
2534 4257 2638 4318 est,
2687 4259 2742 4305 et
2787 4259 2967 4321 potest
3012 4250 3154 4305 scire
3203 4265 3311 4319 quo
3347 4248 3510 4305 modo

1950 4340 2126 4397 factus
2158 4341 2231 4396 sit
2265 4342 2523 4410 mundus,
2547 4358 2777 4414 quicque
2804 4343 2857 4397 in
2894 4357 2961 4397 co
2990 4343 3315 4408 consistunt,
3355 4358 3509 4412 qua:-

1949 4447 2056 4501 qne
2098 4432 2392 4503 aliquando
2443 4443 2643 4489 erunt:
2672 4435 2717 4489 si
2769 4432 2973 4504 aliquid
3016 4433 3174 4488 nobis
3222 4433 3505 4502 praedixit,

272 4528 299 4582 ῖη
319 4532 399 4593 είς
432 4531 588 4595 τέλος
629 4530 945 4603 ἐγνώκαμεν
973 4530 1332 4600 γεγενημένον
1356 4530 1433 4594 ⁸⁸,
1465 4530 1645 4594 καλῶς
1695 4529 1843 4601 αὑτῷ

1956 4524 2091 4593 quod
2123 4526 2328 4580 scimus
2357 4527 2625 4590 evenisse,
2654 4534 2798 4580 recte
2826 4526 2871 4579 ei
2903 4541 2967 4579 ex
2994 4524 3061 4579 iis
3088 4539 3208 4594 qum
3231 4524 3343 4592 jam
3366 4522 3506 4578 facta

272 4622 336 4673 ἐκ
383 4623 493 4676 τῶν
534 4622 636 4694 ἠδη
682 4621 1060 4693 γεγενημένων
1108 4622 1200 4676 καὶ
1240 4621 1309 4675 τὰ
1350 4622 1582 4693 ἐσόμενα
1628 4623 1847 4676 ἔσεσθαι

271 4712 619 4781 πιστεύομεν,
653 4712 714 4763 οὑ
749 4712 909 4782 μόνον
940 4711 1015 4775 ὡς
1042 4710 1379 4781 γινώσκοντι,
1411 4713 1546 4768 ἀλλά
1582 4716 1675 4767 καὶ
1708 4732 1844 4786 προ-

266 4802 611 4870 γινώσκοντι.
644 4802 759 4855 Τίνι
810 4798 924 4867 οὖν,
967 4801 1068 4857 κᾶν
1118 4803 1323 4874 βραχὺν
1366 4804 1488 4859 νοῦν
1528 4806 1733 4878 ἔχοντι,
1782 4807 1843 4859 οὑ

265 4895 541 4961 φαίνεται,
579 4894 656 4957 ὡς
686 4894 793 4965 χρὴ
833 4894 1008 4964 τούτῳ
1035 4895 1185 4967 παρά
1227 4896 1434 4961 πάντας
1463 4898 1737 4951 πιστεύειν
1774 4898 1844 4951 τὰ

262 4984 348 5053 τῷ
378 4985 496 5055 Θεῷ
527 4984 773 5050 δόξαντα,
798 4986 855 5049 ὃς
888 4986 1044 5055 μόνος
1068 4988 1216 5059 παρὰ
1238 4988 1440 5052 πάντας
1465 4989 1780 5060 ἀνθρώπους
1800 4991 1840 5022 ⁸⁷

264 5076 367 5133 καὶ
400 5078 475 5149 μὴ
511 5076 700 5150 μαθὼν
728 5078 1048 5145 ἐπίσταταις
1076 5080 1198 5145 Διὸ,
1228 5080 1295 5134 ἄν
1324 5081 1402 5153 τῷ
1425 5082 1670 5154 τοιούτῳ,
1702 5082 1843 5151 λέγω

1949 4615 2189 4682 fuerunt,
2239 4617 2420 4673 futura
2464 4633 2683 4689 quoque
2734 4617 3009 4672 credimus
3060 4615 3196 4683 fore,
3249 4627 3505 4686 tanquam

1949 4725 2055 4764 non
2088 4710 2264 4763 solum
2295 4708 2521 4773 scienti,
2562 4724 2748 4763 verum
2789 4717 2843 4762 et
2870 4708 3194 4778 praescienti.
3240 4708 3341 4763 Cui
3379 4723 3508 4777 ergo

1945 4814 2259 4869 quanquam
2288 4798 2543 4870 exiguum
2585 4797 2858 4868 ingenium
2890 4799 3257 4864 habenti,non
3286 4808 3509 4868 apparet

1947 4893 2013 4947 dc
2031 4894 2275 4949 consiliis
2292 4894 2386 4948 Dei
2416 4894 2464 4948 ei
2490 4910 2600 4963 pra:
2620 4894 2874 4949 omnibus
2898 4894 3224 4949 credendum
3246 4895 3338 4962 qui
3357 4892 3507 4947 solus

1950 5000 2061 5055 prae
2077 4987 2333 5041 omnibus
2350 4987 2667 5043 hominibus
2684 5004 2745 5043 ea
2762 4988 2934 5053 novit,
2950 4987 3075 5041 licet
3097 5003 3203 5041 non
3222 4987 3509 5041 didicerit?

1950 5082 2128 5149 Quare
2158 5083 2273 5150 tali,
2308 5084 2812 5155 praecognitionem,
2859 5082 3082 5152 inquam
3102 5122 3118 5149 ,
3161 5080 3382 5137 habenti
3410 5096 3506 5149 per

1546 5254 1783 5311 VARUE
1849 5254 2252 5313 LECTIONES.

344 5409 381 5441 θ’
430 5408 486 5461 In
529 5408 655 5464 end.
702 5409 809 5463 804

834 5411 1366 5517 ροεζτῗῗτιεύσαχτίς
1397 5412 1622 5517 a'dditut:
1640 5414 1984 5517 phr6ség€v0t
2014 5412 2112 5517 τῆς
2145 5412 2292 5476 θείας
2318 5413 2601 5517 ἕδαχιῇςὶγι
2627 5415 2677 5517 ξ’
2702 5412 2776 5517 lt?
2805 5409 2850 5467 0
2878 5429 2938 5517 οἱ.
2956 5413 2995 5468 S
3024 5413 3200 5515 ,νποξὲ
3232 5414 3292 5466 τὸ
3325 5430 3502 5485 παρα-

263 5480 399 5566 στάν
571 5480 622 5566 ’ξ
721 5478 920 5566 μένῖ-
939 5481 981 5562 ἀ
1011 5480 1069 5532 δέ
1236 5484 1279 5515 ³⁸
1312 5482 1564 5566 Fortasse
1598 5478 1676 5566 ἔτι
1703 5478 2115 5566 ζητοῦντες-ιώ.
2133 5499 2294 5565 supra

2712 5482 2834 5537 οὔτε
2868 5486 2996 5555 γὰρ,
3031 5486 3104 5547 ὡς
3139 5486 3295 5555 ἔφην,
3332 5482 3502 5555 παρε-

265 5550 735 5626 gnat-grauat?
770 5552 1063 5626 ἐπιγνῶναι
1091 5552 1311 5626 δύναται
1339 5569 1451 5626 non
1486 5554 1736 5626 leguntur
1764 5550 1818 5609 in
1845 5552 1910 5608 0.
1987 5554 2115 5626 "fr!
2135 5550 2348 5626 instanti
2370 5562 2487 5611 c.U.
2565 5556 2609 5589 ³⁷
2645 5556 2784 5624 Lege
2813 5550 2979 5626 ᾇλλου
3014 5550 3501 5626 ἄλλος’κρατεῖῶς

262 5618 497 5698 ᾁὶῃθρῦς
673 5620 721 5652 ³⁸
754 5619 1149 5698 εῖδειρτλτιιιη
1172 5624 1441 5698 addidi__el_
1456 5640 1504 5677 c.
1531 5618 1720 5698 (Eodem
1750 5633 1805 5698 et
1833 5640 1899 5698 et;
1930 5624 2242 5698 conjectura
2404 5696 2411 5698 Α
2453 5628 2496 5658 ³³³
2532 5628 2630 5698 μέν
2662 5618 2862 5698 υιῆεο.
2887 5695 2910 5698 _
2938 5626 2981 5656 ³ο
3013 5625 3100 5698 τῶ
3116 5618 3503 5698 nctt'omittctc

263 5690 641 5767 dehebattttil.
676 5701 729 5744 et
756 5689 815 5767 S__.
864 5690 933 5767 _"_‘
974 5691 1177 5767 ίδιῶτον
1323 5693 1389 5767 _“
1422 5694 1498 5748 Ita
1542 5692 1586 5767 SA
1607 5735 1622 5757 ,
1651 5694 2000 5767 εύκολοτέραν
2032 5689 2074 5749 C
2104 5736 2119 5758 ,
2149 5689 2621 5767 εύκωλοτέρανύ.
2696 5695 2848 5767 "_lta
2871 5695 2942 5767 0,
2983 5712 3038 5767 (ε.
3062 5689 3106 5748 ’8
3135 5737 3150 5760 ,
3180 5695 3498 5767 τέθηκενβ.

267 5755 309 5784 ⁸⁵
342 5760 372 5827 ἠ
408 5762 611 5837 excidit
648 5776 737 5837 ap.
780 5759 836 5813 S.
864 5758 1008 5814 Idem
1032 5763 1159 5832 περὶ
1188 5763 1348 5837 αὑτοῦ
1374 5755 1694 5837 e_x_conject.
1722 5765 1781 5837 0i
1814 5808 1829 5832 ,
1862 5755 2018 5834 cujus
2049 5755 2176 5819 text.
2215 5767 2342 5837 περὶ⁹
2379 5755 2592 5830 αὑτούς,
2637 5778 2695 5821 ut
2729 5763 2792 5820 (Σ.
2868 5764 2911 5797 ⁵⁵
2940 5755 3168 5837 ἐμένετο
3198 5755 3366 5824 edidit
3390 5766 3453 5821 Cl
3482 5805 3499 5832 ,

267 5840 373 5883 non
402 5830 443 5886 (1
475 5872 489 5892 .
518 5839 580 5885 ut
610 5832 801 5885 minus
821 5840 1068 5886 accurate
1101 5830 1206 5889 Scr.
1240 5832 1296 5888 S.
1374 5834 1417 5866 ’⁸⁸
1446 5833 1521 5888 lla
1549 5835 1613 5903 0,
1642 5851 1693 5891 (ι.
1724 5834 1762 5891 S
1792 5830 2207 5908 ,γεγενημένων
2231 5830 2297 5892 (ἐξ
2371 5838 2412 5871 ⁸⁷
2445 5836 2761 5913 ἀνθρώπους
2793 5851 2905 5891 om.
2928 5830 2992 5897 0.
