4068 6338
495 311 563 369 8⁸1
1310 304 1368 364 S.
1408 304 1794 363 CLEMENTIS
1828 302 1847 359 I
1885 303 2051 361 ROM.
2092 292 2291 359 FONT.
2332 302 2558 363 OPERA
2595 301 2816 360 DUBIA.
3670 298 3739 358 83

494 436 645 490 sunt,
664 422 887 495 impuri,
922 425 1167 497 inquam,
1196 434 1250 479 et
1268 425 1411 494 puri,
1439 439 1661 493 nemper
1676 427 1828 496 niger
1848 442 2057 491 corvus,

2168 443 2257 487 νες
2275 425 2367 479 δύο
2399 422 2507 495 5‘.
2537 421 2942 491 ἀπεστάλησαν,
2991 417 3300 489 ἀκαθάρτου
3337 415 3481 485 λέγω
3503 417 3600 470 καὶ
3639 433 3739 470 κα-

491 528 548 575 et
594 517 790 575 deinde
839 519 1094 573 columba
1125 517 1267 573 alba.
1302 516 1432 571 Item
1483 532 1547 571 ex
1606 518 1851 588 principe
1887 522 2064 589 gentis

494 619 697 666 nostra:
748 609 1066 665 Abrahamo
1111 610 1221 666 duo
1273 610 1436 680 primi
1489 610 1601 664 nati
1653 619 1810 675 sunt,
1854 612 2065 681 primus

493 701 712 768 Ismael,
747 712 939 774 postea
976 703 1127 759 Isaac
1161 720 1255 773 qui
1291 719 1321 758 a
1364 702 1475 757 Deo
1507 703 1824 759 benedictus
1847 716 1952 760 est.
1985 705 2063 761 Ex

493 796 684 851 eodem
709 797 962 852 similiter
998 796 1185 852 Isaaco
1228 798 1337 851 duo
1366 797 1547 851 adhuc
1583 798 1930 863 exstiterunt,
1961 799 2062 853 im-

493 886 616 954 pius
666 886 835 951 Esau,
878 898 930 943 ct
977 889 1098 958 pius
1131 887 1321 943 Iacob.
1350 888 1429 943 Ad
1460 888 1605 943 hunc
1635 890 1854 944 modum
1876 891 2065 947 ordine

491 977 726 1046 primus,
758 989 817 1034 ut
854 981 1058 1036 mundo
1088 982 1509 1051 primogenitus,
1541 980 1783 1050 pontifex
1803 1022 1817 1045 ,
1869 981 2065 1037 deinde

494 1070 789 1140 legislator.

566 1251 729 1306 XVII.
754 1250 827 1306 Ita
852 1254 1013 1307 etiam
1045 1269 1167 1323 quae
1195 1264 1424 1309 ventura
1441 1264 1558 1311 erat
1579 1256 1892 1327 coniugatio
1918 1259 2062 1315 circa

494 1344 688 1409 Eliam,
721 1352 913 1414 sponte
948 1345 1175 1400 dimissa
1218 1356 1301 1401 est
1337 1346 1402 1401 ad
1431 1346 1578 1401 aliud
1626 1358 1862 1418 tempus,
1906 1366 2064 1406 com-

492 1445 677 1490 menta
709 1452 767 1491 se
811 1436 946 1491 alias
992 1447 1296 1507 opportune
1322 1438 1502 1508 seipsa
1534 1438 1847 1496 fruituram.
1884 1441 2065 1508 Quare

492 1526 704 1595 primus
736 1529 903 1593 venit,
933 1530 1026 1598 qui
1060 1530 1199 1583 inter
1224 1540 1375 1584 natos
1402 1531 1721 1596 mulierum;
1755 1533 1950 1589 deinde
1974 1551 2063 1590 se-

2166 516 2355 589 θαροῦ,
2390 516 2418 569 ὅ
2461 532 2521 568 τε
2556 513 2723 586 κόραξ
2753 514 2782 566 6
2817 511 3003 583 μέλας,
3036 509 3131 565 καὶ
3169 510 3202 580 ἡ
3233 508 3400 579 λευκὴ
3442 508 3743 579 περιστερὰ

2162 610 2407 680 δευτέρα.
2458 608 2569 661 Καὶ
2627 605 2735 660 ἀπὸ
2781 604 2879 676 μὲν
2920 602 3018 657 τοῦ
3067 600 3372 674 ἀρχηγέτου
3416 598 3512 654 τοῦ
3557 600 3744 665 ἔθνους

2162 701 2319 773 ἡμῶν
2381 698 2631 770 Ἀϐραὰμ
2670 697 2764 751 δύο
2797 695 3004 768 πρῶτοι
3036 694 3343 764 γεγόνασιν⁹
3373 691 3589 764 πρῶτος
3636 692 3742 747 Ἰσ-·

2166 793 2311 866 μαὴλ
2334 832 2349 857 ,
2414 788 2531 847 εἶτα
2585 789 2769 843 Ἰσαὰκ
2816 790 2845 843 6
2894 788 3000 843 ὑπὸ
3046 785 3143 841 τοῦ
3181 786 3316 839 Θεοῦ
3359 784 3739 860 εὐλογημένος.

2177 885 2310 941 Ἀπὸ
2358 885 2416 938 δὲ
2462 882 2557 937 τοῦ
2608 884 2654 915 ⁷¹
2683 880 2849 935 αὑτοῦ
2915 880 3099 934 Ἰσαάκ
3143 880 3347 951 ὁμοίως
3397 878 3557 931 πάλιν
3617 878 3739 941 δύο,

2175 975 2345 1032 Ἡσαῦ
2376 979 2405 1031 6
2436 976 2637 1047 ἀσεϐὴς
2684 975 2778 1029 καὶ
2834 972 3026 1027 Ἰακὼϐ
3076 975 3105 1026 6
3143 972 3386 1042 εὐσεϐής.
3441 970 3626 1033 Οῦτως
3672 972 3741 1042 τῇ

2161 1069 2311 1136 τάξει
2343 1069 2393 1100 ⁷³
2427 1067 2663 1140 πρῶτος,
2696 1066 2774 1130 ὡς
2816 1066 3159 1138 πρωτότοκος
3195 1064 3273 1136 τῷ
3316 1063 3526 1134 κόσμῳ,
3576 1064 3605 1117 ό
3638 1062 3739 1134 ἀρ-

2162 1162 2399 1238 χιερεὺς,
2431 1158 2551 1219 εἶτα
2580 1162 2609 1215 6
2638 1158 2937 1232 νομοθέτης
2962 1158 3027 1212 ⁷⁸.

2233 1256 2395 1311 XVII.
2463 1256 2697 1327 Ὁμοίως
2747 1256 2781 1325 ή
2841 1253 2951 1327 γὰρ
2991 1252 3128 1325 πρὸς
3182 1249 3369 1304 Ἠλίαν
3416 1249 3463 1281 ⁷⁸
3512 1246 3741 1315 συζυγία

2162 1349 2451 1420 ὀφείλουσα
2482 1347 2655 1406 ὲλθείν
2688 1346 2889 1400 ἑκοῦσα
2920 1343 3219 1414 ἀπελείφθη
3254 1343 3334 1405 είς
3381 1340 3568 1411 ἕτερον
3620 1356 3741 1393 και-

2167 1446 2279 1516 ρὸν,
2314 1443 2501 1499 ἄλλοτε
2534 1440 2804 1509 εὐκαίρως
2835 1438 3006 1511 αὐτὴν
3043 1436 3334 1491 ἀπολαύειν
3365 1435 3413 1466 ⁷⁸
3448 1432 3743 1503 βουλευσα-

2167 1539 2327 1611 μένη.
2391 1538 2482 1590 Διὸ
2524 1536 2618 1589 καὶ
2660 1536 2689 1589 6
2735 1534 2805 1588 ἐν
2852 1533 3161 1611 γεννητοῖς
3191 1526 3491 1599 γυναικῶν
3523 1524 3742 1597 πρῶτος

491 1618 706 1675 cuudus
739 1620 977 1687 advenit,
1004 1623 1096 1692 qui
1126 1624 1261 1677 inter
1290 1624 1429 1693 [illos
1465 1624 1756 1680 hominum.
1796 1624 1953 1681 Hunc
1979 1644 2057 1683 se-

2162 1607 2345 1706 ῆλθεν,
2366 1629 2485 1685 εἶτα
2511 1633 2540 1684 6
2571 1629 2641 1681 ἐν
2670 1626 2823 1694 υἱοῖς
2859 1607 3185 1692 ἀνθρώπων
3215 1621 3462 1689 δεύτερος
3483 1615 3737 1687 ἐπῆλθεν.

490 1714 707 1781 quendo
734 1715 981 1770 ordinem
1000 1715 1115 1770 ﬁeri
1136 1716 1351 1785 poterit.
1378 1724 1436 1770 ut
1458 1717 1790 1785 intelligatur
1812 1718 1879 1773 ad
1896 1734 2057 1789 quam

2164 1726 2346 1796 Ταύτῃ
2397 1727 2464 1795 τῇ
2497 1722 2648 1793 τάξει
2696 1720 2742 1753 ’⁷
2782 1716 3175 1775 ἀκολουθοῦντα
3222 1711 3445 1768 δυνατὸν
3484 1707 3554 1783 ἦν
3599 1711 3740 1762 νοεῖν

490 1806 686 1860 seriem
719 1807 987 1876 pertineat
1019 1807 1230 1874 Simon,
1276 1808 1369 1877 qui
1409 1817 1536 1863 ante
1567 1825 1651 1864 me
1679 1812 1889 1879 primus
1912 1788 2057 1867 venit

2162 1788 2691 1884 τίνοςΣίμων,
2735 1813 2764 1865 6
2796 1810 2903 1883 πρὸ
2953 1808 3087 1879 ἐμοῦ
3128 1807 3207 1869 είς
3237 1804 3305 1858 τὰ
3346 1803 3472 1875 ἔθνη
3524 1802 3743 1874 πρῶτος

489 1904 555 1957 ad
588 1913 810 1973 gentes;
836 1911 890 1957 et
924 1901 990 1956 ad
1014 1917 1180 1971 quam
1211 1917 1313 1973 ego
1345 1903 1611 1972 pertineo,
1639 1903 1733 1973 qui
1779 1904 1901 1958 veni
1936 1916 2057 1974 post

2162 1912 2347 1974 ἐλθὼν,
2379 1909 2473 1963 καὶ
2501 1907 2646 1970 τίνος
2675 1904 2751 1959 ὢν
2789 1901 3059 1973 τυγχάνω,
3091 1901 3120 1952 6
3155 1898 3268 1969 μετ’
3310 1898 3513 1949 ἐκεῖνον
3546 1893 3741 1963 ἐληλυ-

490 1995 666 2059 illum,
699 2003 754 2048 et
775 1993 1018 2048 successi
1052 1993 1200 2049 velut
1222 1995 1404 2050 lumen
1437 1994 1697 2055 tenebris,
1732 1996 1877 2049 velut
1903 1997 2057 2066 igno-

2162 2005 2287 2069 θὼς,
2327 2004 2422 2057 καὶ
2454 2000 2700 2055 ἐπελθὼν
2722 1999 2799 2062 ὡς
2822 1995 2998 2066 σκότῳ
3023 1992 3160 2062 φῶς,
3189 1991 3264 2054 ὼς
3289 1988 3481 2059 ἀγνοίᾳ
3515 1986 3738 2056 γνῶσις.

486 2088 678 2142 ranlia:
700 2086 952 2151 scientia,
978 2087 1125 2141 velut
1152 2087 1341 2140 morbo
1369 2088 1597 2144 sanitas.
1633 2086 1709 2144 Ita
1748 2089 1968 2157 quippe,
1999 2099 2057 2143 ut

2162 2097 2235 2160 ὼς
2264 2096 2403 2166 νόσῳ
2442 2093 2603 2156 ίασις.
2638 2090 2792 2145 Οὕτω
2825 2088 2888 2159 δὴ
2911 2128 2928 2155 ,
2971 2086 3047 2149 ὡς
3081 2087 3110 2138 6
3139 2084 3186 2115 ⁷⁸
3221 2081 3425 2153 ἀληθὴς
3449 2081 3580 2151 ἡμῖν
3616 2096 3743 2149 προ-

486 2180 648 2235 nobis
679 2180 813 2234 dixit
829 2196 991 2234 verus
1016 2180 1296 2250 propheta,
1316 2179 1491 2248 primo
1525 2181 1710 2235 venire
1735 2192 1948 2250 oportet
1966 2182 2058 2237 falo

488 2289 609 2327 sum
633 2272 973 2342 evangelium
992 2272 1059 2326 ab
1083 2272 1380 2341 impostore
1396 2273 1659 2342 quodam,
1674 2282 1728 2327 et
1743 2273 1823 2328 sic
1837 2273 2053 2336 deinde.

486 2374 615 2434 post
638 2364 815 2425 sancti
859 2364 963 2419 loci
994 2365 1358 2428 eversionem,
1390 2380 1577 2420 verum
1604 2366 1956 2435 Evangelium
1987 2368 2054 2421 ad

487 2456 881 2511 correctionem
932 2455 1243 2511 futurorum
1291 2457 1570 2513 haereseon
1617 2459 1755 2514 clam
1797 2459 1957 2513 mitti.
1992 2459 2058 2515 Et

487 2560 615 2619 post
654 2551 788 2614 Iure,
818 2550 963 2605 circa
1004 2550 1189 2614 ﬁnem,
1217 2550 1415 2606 iterum
1443 2551 1656 2621 primus
1684 2553 1862 2610 veniet
1901 2554 2056 2608 Anti-

486 2644 748 2708 Christus,
780 2653 1019 2714 tuncque
1043 2659 1203 2700 verus
1230 2643 1483 2700 Christus
1505 2656 1691 2700 noster
1711 2645 1869 2700 Iesus
1891 2662 2059 2716 appa-

485 2736 657 2803 rebit;
686 2746 808 2807 post
836 2752 1020 2806 quem,
1040 2747 1164 2792 orto
1193 2738 1308 2794 sole
1329 2746 1556 2803 aeterno,
1582 2748 1777 2794 cuncta
1802 2741 2054 2797 tenebra-

487 2844 607 2887 rum
638 2830 865 2885 evanida
892 2829 1038 2885 ﬁent.

558 3007 742 3064 XVIII.
777 3008 916 3062 Cum
947 3023 1097 3079 ergo,
1130 3010 1273 3063 sicut
1297 3008 1432 3071 dixi,
1466 3009 1869 3079 conjngationis
1894 3025 2055 3063 cano-

2158 2191 2334 2262 φήτης
2382 2188 2622 2258 εἴρηκεν,
2663 2182 2878 2254 πρῶτον
2918 2177 3113 2249 ψευδὲς
3155 2176 3235 2229 δεῖ
3285 2172 3461 2226 ἐλθεῖν
3522 2170 3742 2239 εύαγγέ-

2158 2284 2270 2336 λιον
2295 2283 2341 2317 τ’
2370 2280 2475 2335 ύπδ
2509 2277 2710 2334 πλάνου
2743 2273 2906 2338 τινος,
2940 2272 3034 2325 καὶ
3054 2266 3351 2341 είθόῦτως
3387 2263 3524 2336 μετὰ
3556 2262 3742 2317 καθαί-

2161 2392 2308 2447 ρεσιν
2340 2373 2435 2429 τοῦ
2469 2371 2623 2441 ἁγίου
2653 2369 2819 2425 τόπου
2838 2364 3161 2433 Εὑαγγέλιον
3185 2359 3382 2432 ἀληθὲς
3409 2356 3592 2430 κρύφα
3620 2357 3736 2409 δια-

2158 2468 2472 2539 πεμφθῆναι
2498 2466 2579 2527 είς
2611 2459 2980 2532 ἐπανόρθωσιν
3009 2455 3118 2509 τῶν
3146 2453 3416 2525 ἐσομένων
3447 2449 3732 2520 αἱρέσεων·

2159 2559 2253 2615 καὶ
2287 2557 2423 2630 μετά
2459 2555 2630 2610 ταῦτα
2664 2553 2800 2624 πρὸς
2829 2550 2908 2622 τῷ
2940 2548 3083 2603 τέλει
3118 2546 3278 2605 πάλιν
3311 2543 3524 2616 πρῶτον
3566 2541 3740 2594 Ἀντί-

2158 2668 2377 2724 χριστον
2418 2648 2589 2701 ἐλθεῖν
2629 2646 2727 2708 δεῖ,
2765 2644 2857 2697 καὶ
2888 2641 3009 2695 τότε
3040 2640 3133 2692 τὸν
3310 2637 3478 2699 ὅντως
3503 2631 3740 2705 Χριστὸν

2156 2744 2314 2817 ἡμῶν
2355 2740 2560 2814 Ἰησοῦν
2588 2736 2944 2807 ἀναφανῆναι,
2970 2733 3065 2787 καὶ
3100 2730 3235 2803 μετά
3264 2729 3451 2782 τοῦτον
3494 2727 3563 2791 ⁸ο,
3608 2726 3741 2779 αίω-

2159 2839 2271 2892 νίου
2298 2834 2472 2907 φωτὸς
2488 2830 2876 2892 ἀνατείλαντος,
2896 2827 3071 2882 πάντα
3091 2824 3159 2877 τὰ
3180 2823 3274 2877 τοῦ
3309 2822 3531 2883 σκότους
3553 2818 3732 2891 ἀφανῆ

2159 2928 2427 3000 γενέσθαι.
2930 2983 2935 2988 _

2229 3019 2414 3078 XVIII.
2467 3017 2621 3072 Ἐπεὶ
2648 3012 2761 3077 οὖν,
2794 3015 2868 3077 ὼς
2897 3012 3051 3084 ἔφην,
3089 3012 3178 3064 16v
3212 3007 3411 3063 κανόνα
3438 3007 3540 3078 τῆς
3574 3005 3736 3069 συζυη

486 3116 610 3158 nem
636 3100 854 3170 quidam
884 3100 1152 3166 nesciant,
1198 3101 1323 3156 inde
1367 3102 1621 3171 ignorant
1649 3102 1828 3172 qualis
1856 3103 2055 3158 existat

2162 3116 2283 3185 γίας
2309 3110 2563 3183 ἀγνοοῦσί
2591 3123 2754 3175 τινες,
2791 3105 2939 3159 ἔνθεν
2968 3105 3069 3157 οὐκ
3102 3101 3414 3155 ἐπίστανται
3436 3098 3521 3160 τίς
3542 3096 3739 3167 τυγχά-

487 3190 700 3257 Simon,
727 3194 821 3262 qui
852 3201 978 3247 ante
1008 3208 1093 3247 me
1126 3193 1347 3263 prodiit.
1374 3191 1510 3247 Nam
1544 3194 1587 3249 si
1615 3203 2053 3264 cognosceretur,

487 3301 594 3338 non
626 3286 674 3339 ei
715 3286 1005 3340 haberetur
1055 3286 1205 3342 ﬁdes.
1255 3285 1372 3340 Jam
1407 3302 1535 3342 vero
1585 3289 1713 3358 quia
1752 3289 2052 3358 ignoratur,

485 3398 595 3436 non
626 3390 771 3436 recte
801 3381 1082 3435 creditur:
1115 3388 1169 3434 et
1209 3380 1303 3448 qui
1326 3395 1488 3450 opera
1524 3379 1867 3436 inimicorum
1904 3380 2053 3446 facit,

485 3475 750 3544 diligitur,
803 3484 856 3527 et
910 3474 1085 3528 hostis
1115 3473 1272 3543 quasi
1304 3475 1515 3529 amicus
1542 3483 1795 3542 receptus
1836 3474 1958 3539 fuit,
2002 3485 2057 3529 et

486 3566 579 3636 qui
611 3577 692 3620 est
722 3583 890 3632 mors,
923 3567 1072 3620 velut
1125 3566 1362 3621 salvator
1383 3566 1724 3620 desideratus
1747 3576 1849 3628 est,
1880 3576 1934 3622 et
1962 3569 2055 3637 qui

488 3658 651 3729 ignis,
677 3660 857 3713 Inmen
890 3659 1259 3724 existimatus,
1281 3658 1486 3729 quique
1513 3659 1767 3715 seductor
1806 3669 1911 3724 est,
1956 3676 2056 3715 an-

487 3752 639 3806 ilitur
688 3750 843 3821 quasi
886 3766 1014 3804 vera
1055 3750 1379 3820 praedicans.
1429 3749 1525 3804 His
1562 3751 1764 3806 auditis
1792 3767 1894 3820 ego
1933 3751 2057 3807 Cle-

488 3860 674 3900 mens:
702 3844 964 3910 Quisnam
992 3853 1095 3909 est,
1122 3844 1256 3904 dixi.
1278 3844 1380 3899 iste
1404 3853 1587 3898 tantus
1611 3844 1887 3914 deceptor,
1916 3846 2057 3900 scire

486 3935 701 3990 vellem.
735 3935 800 3989 Et
834 3935 1028 3992 Petrus
1053 3936 1331 4005 respondit
1358 3953 1369 3987 :
1408 3936 1464 3990 Si
1493 3936 1650 4005 cupis
1678 3936 1908 4002 discere,
1933 3937 2057 3993 licet

489 4028 584 4087 tibi
610 4045 940 4100 cognoscere
970 4029 1038 4083 ab
1066 4029 1135 4086 iis
1169 4043 1199 4081 a
1230 4030 1431 4099 quibus
1472 4038 1523 4082 et
1548 4044 1648 4099 ego
1673 4039 1868 4085 cuncta
1910 4029 2056 4085 illius

488 4133 742 4180 accurate
771 4123 987 4183 rescivi.

558 4213 701 4269 XIX.
731 4214 884 4271 Justa
916 4214 1165 4285 quadam
1189 4214 1330 4283 apud
1359 4229 1459 4268 nos
1476 4222 1580 4275 est,
1615 4212 2055 4285 Syrophoenissa,

490 4322 687 4377 genere
713 4309 1058 4372 Chananitis,
1089 4307 1250 4377 cujus
1283 4307 1448 4362 ﬁliola
1478 4309 1629 4377 gravi
1682 4308 1874 4363 morbo
1912 4307 2054 4362 dctio

488 4400 756 4466 uehatur;
801 4416 1031 4471 quaeque
1071 4400 1140 4455 ad
1170 4399 1463 4454 Dominum
1498 4409 1741 4454 nostrum
1791 4400 2055 4465 accessit,

488 4492 735 4545 clamans
758 4501 812 4546 et
835 4493 1152 4561 supplicans
1180 4502 1239 4546 ut
1277 4491 1456 4546 ﬁliola:
1485 4506 1599 4546 sua:
1635 4492 1959 4547 mederetur.
1989 4492 2059 4546 At

490 4584 603 4648 ille,
639 4584 803 4638 etiam
835 4602 863 4638 a
897 4585 1054 4640 nobis
1084 4594 1329 4655 rogatus,
1358 4585 1527 4644 dixit;
1560 4583 1678 4638 Non
1714 4584 1838 4640 licet
1863 4601 2058 4641 sanare

489 4685 698 4746 gentes,
722 4692 843 4746 qua:
869 4677 1100 4731 canibus
1125 4677 1245 4731 ideo
1273 4677 1480 4732 similes
1504 4686 1632 4731 sunt
1657 4678 1801 4748 quod
1828 4677 2059 4733 diversis

488 4778 718 4823 utuntur
738 4778 794 4824 et
820 4769 958 4825 cibis
990 4778 1045 4823 et
1082 4769 1360 4838 operibus,
1384 4770 1689 4838 cnm'regni
1715 4786 1905 4833 mensa
1933 4768 2058 4827 liliis

487 4860 703 4917 lsraelis
728 4863 924 4917 tradita
956 4863 1049 4916 sit.
1094 4861 1187 4916 Illa
1211 4877 1341 4915 vero
1363 4871 1649 4933 postquam
1684 4863 1736 4917 id
1770 4863 2054 4927 audiisset,

488 4964 542 5010 et
568 4972 661 5026 per
698 4956 829 5012 illud
860 4957 1001 5026 quod
1033 4956 1099 5011 de
1124 4955 1365 5024 ejusdem
1401 4970 1603 5009 mensae
1628 4954 1783 5009 micis
1806 4955 2053 5009 cadenti-

492 5048 593 5104 bus
642 5050 812 5117 (velut
855 5049 1031 5108 canis)
1086 5046 1356 5119 particeps
1410 5046 1549 5105 facta
1599 5046 1734 5113 luit,
1789 5057 2058 5139 mutasset

2157 3210 2281 3261 νειό
2312 3205 2443 3276 ἐμοῦ
2468 3200 2796 3273 προοδεύσας
2823 3197 3021 3267 Σίμων.
3046 3196 3109 3247 Ei
3138 3192 3245 3264 γάρ
3264 3190 3607 3261 ἐγινώσκετο,
3635 3189 3738 3241 οὐκ

2156 3300 2222 3355 ἂν
2286 3296 2617 3351 ἐπιστεύετο.
2654 3291 2767 3345 Νῦν
2798 3290 2854 3343 δὲ
2893 3287 3251 3358 ἀγνοούμενος
3284 3286 3385 3337 ούκ
3431 3280 3606 3354 ὀρθῶς
3649 3297 3738 3333 m—

2160 3389 2477 3444 στεύεται⁸¹’
2513 3386 2606 3445 καὶ
2632 3386 2660 3440 6
2686 3382 2754 3441 τὰ
2788 3381 3081 3453 μισούντων
3114 3376 3282 3430 ποιῶν
3315 3375 3613 3445 ῆγάπηται,
3644 3372 3739 3425 καὶ

2156 3486 2184 3538 6
2216 3481 2407 3555 ἐχθρὸς
2439 3481 2514 3543 ὼς
2565 3477 2714 3548 φίλος
2744 3473 3113 3535 ἀποδέδεκται,
3156 3470 3251 3523 καὶ⁵
3283 3467 3511 3530 θάνατος
3540 3464 3615 3519 ὼν
3660 3464 3739 3529 ὼς

2162 3575 2347 3641 σώζων
2380 3571 2703 3642 πεπόθηται.
2737 3570 2831 3622 καὶ⁹
2864 3564 2975 3638 πῦρ
3008 3564 3082 3618 ὼν
3116 3563 3232 3634 φῶς
3259 3560 3592 3632 νενόμισται,
3642 3556 3741 3616 καὶ

2157 3669 2359 3732 πλάνος
2379 3665 2454 3719 ὼν
2473 3666 2548 3728 ὼς
2569 3661 2846 3734 ἀληθεύων
2866 3658 3140 3713 ἀκούεται.
3166 3654 3353 3714 Ταῦτα
3369 3650 3608 3713 ἀκούσας
3626 3648 3740 3718 ἐγὼ

2159 3761 2408 3833 Κλήμης·
2454 3758 2551 3820 Τίς
2591 3757 2701 3828 ἀρα
2727 3753 3001 3823 τυγχάνει,
3046 3749 3202 3820 ἔφην,
3243 3742 3398 3809 οὗτος
3428 3747 3457 3799 6
3484 3741 3741 3805 τοσοῦτος

2157 3856 2232 3909 ὼν
2265 3851 2517 3908 ἀπατεὼν
2566 3850 2633 3913 ⁸¹,
2677 3847 2866 3919 μαθεῖν
2909 3845 3117 3917 ἤθελον.
3164 3842 3273 3895 Καὶ
3304 3842 3334 3894 6
3372 3838 3577 3910 Πέτρος
3608 3835 3733 3905 ἔφη’

2157 3949 2221 4001 Εί
2250 3945 2424 4010 θέλεις
2456 3944 2666 4016 μαθεῖν,
2720 3937 2953 4011 πάρεστί
2997 3953 3078 3989 σοι
3126 3935 3187 3987 τὸ
3220 3932 3443 4007 γνῶναι,
3488 3930 3620 4000 παρ’
3660 3921 3740 3981 ὧν

2157 4039 2313 4109 κάγὼ
2337 4039 2408 4092 τὰ
2429 4038 2547 4091 κατ’
2580 4033 2740 4089 αὐτὸν
2771 4031 2948 4085 πάντα
2968 4028 3269 4101 ὴκρίὸωκα.

2228 4216 2371 4272 XIX.
2424 4213 2632 4271 Ἰοῦστά
2660 4229 2745 4277 τις
2772 4212 2830 4269 ὲν
2858 4212 2988 4281 ἡμῖν
3018 4208 3134 4260 ἐστι
3173 4204 3642 4279 Συροφοινίκισσα,
3676 4202 3741 4257 16

2159 4311 2315 4379 γένος
2338 4310 2649 4372 Χανανῖτις,
2681 4300 2750 4377 ἦς
2770 4304 2831 4357 τὸ
2857 4303 3147 4376 θυγάτριον
3178 4300 3285 4354 ὑπὸ
3302 4298 3547 4369 χαλεπῆς
3576 4298 3738 4352 νόσου

2165 4402 2458 4473 συνείχετο,
2499 4400 2535 4472 ἢ
2580 4400 2676 4455 καὶ
2708 4397 2787 4474 τῷ
2828 4398 3019 4469 Κυρίῳ
3068 4396 3217 4467 ἡμῶν
3248 4392 3522 4465 προσῆλθε
3559 4393 3740 4464 βοῶσα

2164 4497 2258 4551 καὶ
2288 4494 2623 4556 ίκετεύουσα,
2652 4493 2800 4555 ὅπως
2821 4489 2988 4561 αὐτῆς
3006 4489 3068 4542 16
3092 4487 3379 4563 θυγάτριον
3401 4485 3733 4557 θεραπεύσῃ.

2173 4589 2230 4641 '0
2272 4587 2349 4651 δε,
2399 4586 2493 4640 καὶ
2531 4586 2619 4654 ὑφ’
2661 4583 2816 4659 ἡμῶν
2848 4580 3117 4646 ἀξιωθεὶς,
3161 4574 3332 4637 εἶπεψ
3372 4580 3487 4633 Ούκ
3532 4578 3737 4643 ἔξεστιν

2164 4680 2343 4734 ἰᾶσθαι
2386 4679 2455 4732 τὰ
2490 4677 2652 4749 έθνη,
2702 4676 2917 4731 ἐοικότα
2970 4676 3149 4738 κυσὶν,
3202 4672 3289 4730 διὰ
3340 4673 3402 4726 16
3459 4671 3738 4741 διαφόροις

2160 4772 2391 4845 χρῆσθαι
2423 4771 2468 4802 ⁸³
2499 4770 2725 4845 τροφαῖς
2769 4767 2862 4822 καὶ
2894 4766 3176 4839 πράξεσιν,
3208 4763 3603 4835 ἀποδεδομένης
3638 4764 3738 4833 τῆς

2160 4864 2301 4918 κατά
2340 4864 2439 4935 τὴν
2478 4861 2753 4934 βασιλείαν
2791 4860 2838 4893 ⁸⁸
2873 4859 3153 4932 τραπέζης
3178 4860 3461 4922 τοῖς⁹υίοίς
3498 4856 3731 4928 Ἰσραήλ.

2174 4958 2239 5011 'II
2282 4958 2338 5011 δὲ
2381 4955 2538 5009 τοῦτο
2566 4954 2860 5016 ἀκούσασα,
2889 4951 2985 5036 καὶ
3009 4951 3109 5023 τῆς
3136 4951 3304 5023 αὐτῆς
3333 4948 3630 5022 τραπέζης,
3660 4948 3739 5013 ὡς

2164 5050 2329 5113 κύων,
2366 5050 2557 5121 ψιχίων
2601 5046 3014 5111 ἀποπιπτάπων
3064 5042 3609 5117 συμμεταλαμϐάνειν

1760 5136 1996 5221 iam
2066 5165 2451 5223 LECTIONES

559 5260 606 5331 τ’
628 5259 721 5311 τοῦ
748 5256 980 5331 accessit
1010 5272 1074 5331 ex
1102 5254 1180 5331 O_._
1237 5256 1284 5331 _"
1317 5250 1471 5318 οὗτος
1496 5258 1563 5331 τῇ
1594 5255 1734 5320 τέξει
1765 5257 1808 5331 _(.:
1839 5297 1852 5317 ,
1884 5256 1936 5309 in
1967 5274 2139 5331 ma_rg.
2162 5256 2336 5331 οὕτως
2350 5274 2413 5331 ’τί
2437 5273 2489 5311 τ.
2525 5271 2637 5331 pro_
2639 5253 2991 5331 conjectura;
3036 5245 3359 5331 οξτωςῳςὶ
3380 5245 3637 5331 τῇιτάξει

493 5329 624 5384 Dein
651 5329 978 5401 προτότοκος
1006 5325 1069 5401 ς.
1116 5326 1191 5401 ’⁷⁸
1224 5329 1403 5401 Aaron
1430 5317 1489 5401 et
1526 5317 1710 5401 postea
1763 5327 1995 5401 lljoyses.
2033 5317 2206 5387 Εῐοιι.
2233 5317 2433 5401 νΙξΞΟ,
2463 5317 2852 5401 v1i,A7,_l_ﬁui_n.
2886 5317 3559 5401 xxv:,__59,‘etl__ParaIipl..
3586 5336 3660 5401 vl,
3683 5325 3738 5401 ᾗ.

493 5416 652 5470 ξγχιιι,
680 5388 766 5455 1⁵5.
801 5400 861 5454 C.
933 5388 979 5431 ⁷³
1013 5396 1085 5452 De
1109 5388 1580 5470 Joanneligaptisia
1606 5396 1753 5470 dicto
1775 5388 1889 5470 Elia
1918 5396 2109 5453 Matth.
2140 5413 2215 5459 ιι.
2247 5397 2313 5470 1-4
2338 5414 2355 5470 ;_
2380 5388 2513 5460 xvn,
2545 5388 2755 5470 I2,_I§;
2782 5392 2914 5470 huc.
2943 5393 3040 5470 I,__I
3137 5390 3214 5470 CL
3273 5390 3321 5421 "
3348 5388 3643 5470 ἀπολαϐεῖν
3678 5394 3737 5443 0.

492 5458 863 5547 Tinn'inserni
900 5472 928 5523 6
957 5485 1006 5525 c.
1058 5469 1269 5547 eodem.
1316 5458 1432 5521 (llr:
1491 5466 1806 5547 hiatthuxli,
1832 5469 1919 5547 II:
1975 5458 2230 5547 (Ariadnen,
2269 5458 2512 5547 Beitrage
2551 5458 2907 5547 I,l;286_,.5(9§.
2960 5463 3020 5547 ,ξ’
3068 5462 3143 5516 Ita
3389 5458 3739 5547 butyrum-

492 5550 675 5613 snerat
702 5539 787 5613 I)._
804 5540 940 5613 Tum
994 5538 1184 5613 scripsi
1216 5534 1283 5609 ἢν
1304 5536 1649 5613 circonject”
1744 5529 1830 5596 ϐ’,
1854 5609 1866 5613 _
1888 5535 1955 5613 ἦν
2122 5539 2167 5613 ’ξ’
2193 5529 2225 5590 ό
2253 5529 2476 5613 adiunxi
2506 5529 2649 5613 c._‘0.
2724 5535 2769 5613 '_’
2794 5533 2909 5588 Cl‘r.
2957 5530 3379 5613 Baur.,_Paulu§
3420 5529 3738 5613 p.n219.nS.

492 5610 536 5639 "°
561 5610 718 5661 τοῦτο
750 5610 811 5663 C.
889 5611 930 5641 ⁸⁸
965 5596 1322 5678 πεπίστευται
1343 5607 1413 5678 C.
1480 5596 1526 5637 δ’
1552 5596 1720 5664 ΙιοίΙιξ
1747 5596 1975 5678 conject.
2006 5607 2047 5664 C
2078 5651 2092 5671 ,
2129 5608 2181 5663 ili
2219 5596 2338 5675 cuj:
2370 5617 2515 5678 textu
2549 5604 2847 5678 ἀπαταίων,
2882 5613 2943 5657 ut
3202 5596 3436 5678 χρῆσθαὶ
3471 5596 3537 5678 Ο³
3568 5616 3617 5655 c.
3719 5640 3737 5664 ,

493 5678 805 5749 χρᾶσθαιϐ.
834 5679 948 5733 Cir.
1005 5690 1183 5735 tamen
1219 5677 1350 5749 Lob.
1387 5676 1611 5749 Phrygu,
1667 5695 1717 5749 ν.
1764 5668 1866 5733 (5ιῖ
1890 5668 1947 5734 S.
2023 5668 2359 5749 ⁸⁸’βασίλεῖον
2387 5675 2450 5732 Ο.
2527 5678 2570 5708 ⁸⁵
2600 5673 2728 5732 Post
2752 5668 3307 5746 συμμεταλαμϐάνειν
3332 5668 3482 5726 deest
3508 5670 3738 5744 δεομένη

493 5745 771 5818 sequentis
802 5749 872 5803 ob
904 5752 1053 5806 vocis
1073 5745 1510 5821 ὁμοιοτέλευτον.
1532 5745 1589 5801 ι).
