4068 6338
525 315 585 369 9|
1367 315 1425 374 S.
1466 315 1852 374 CLEMENTIS
1891 318 1910 374 1
1946 321 2087 376 [ὶοΜ

2193 321 2348 376 ΟΝΤ.
2388 320 2614 376 OPERA
2653 320 2738 377 DU
2747 320 2876 376 BlA.
3693 319 3760 376 92

524 430 744 483 tlhristo
787 443 978 486 nostro
1025 432 1265 502 seipsum
1315 433 1594 502 praedicat.
1636 434 1831 504 Legem
1875 437 2092 506 propria

2197 439 2362 501 ὅντως
2383 436 2421 469 ¹¹
2458 435 2693 507 Χριστοῦ
2714 435 2868 506 ἡμῶν
2891 435 3081 488 ἑαυτὸν
3108 434 3444 505 ἀναγορεύει.
3477 434 3555 488 Ta
3585 435 3641 488 δὲ
3666 436 3759 491 τοῦ

525 524 947 591 praesumptione
965 524 1123 578 aliter
1155 525 1561 594 interpretatur.
1593 525 1660 580 Et
1676 526 1941 596 judicium
1965 528 2092 582 dicit

2195 529 2359 600 νόμου
2397 528 2502 598 ίδία
2552 528 2814 599 προλήψει
2862 527 3235 598 ἀλληγορεῖ¹³.
3283 527 3390 579 Καὶ
3417 527 3593 597 κρίσιν
3639 527 3760 579 ἐσε-

522 615 742 683 quidem
767 615 880 669 fore
914 632 1102 670 verum
1129 633 1238 670 non
1262 627 1568 687 exspectat;
1597 633 1917 686 persuasum
1949 618 2092 672 enim

2197 620 2320 672 σθαι
2371 619 2469 689 μὲν
2516 619 2700 687 λέγει,
2749 620 2810 672 ού
2861 619 3136 690 προσδοκᾷ
3176 617 3252 672 δέ·
3297 619 3356 671 οὐ
3402 618 3509 689 γὰρ
3542 619 3606 672 ἂν
3653 619 3759 672 ὑπὸ

525 706 754 770 habens,
779 706 947 761 Deum
967 724 1073 761 non
1093 723 1215 763 esse
1229 708 1623 778 iudicaturum,
1646 725 1816 780 usque
1831 710 1900 764 ad
1923 710 2092 764 Deum

524 798 702 864 ipsum
731 800 1062 868 impietatem
1097 817 1252 855 suam
1286 817 1456 857 ausus
1483 811 1568 856 est
1599 803 1912 857 extendere.
1943 801 2096 859 Unde

525 890 799 956 nonnulli,
845 893 1151 947 nescientes
1201 894 1346 963 quod
1395 894 1598 964 pietate
1639 909 1767 964 erga
1822 893 1990 950 Deum
2038 907 2097 952 ut

524 991 787 1049 prtetextu
835 983 1087 1047 abutens,
1140 987 1423 1040 veritatem
1470 987 1684 1042 occulte
1729 987 2092 1057 depraadatur,

527 1076 620 1144 qui
668 1084 727 1129 ut
752 1077 992 1130 credenti
1024 1077 1251 1131 credunt
1280 1093 1423 1144 eam,
1447 1095 1570 1148 quae
1597 1082 2094 1151 quomodocunque

529 1168 598 1222 ah
623 1185 688 1222 eo
715 1169 933 1236 dicitur,
959 1186 1109 1240 spem
1138 1186 1202 1225 ac
1228 1171 1644 1240 iudicationem,
1675 1184 1921 1243 pereunt.

605 1282 797 1338 XXIII.
841 1281 909 1337 Ut
958 1294 1136 1338 autent
1184 1285 1301 1355 ipse
1345 1285 1621 1357 religionis
1657 1288 1970 1357 opinionem
2012 1287 2094 1343 in-

529 1376 773 1442 vaderet,
807 1376 1006 1431 factum
1059 1384 1143 1431 est
1191 1377 1286 1432 ita.
1335 1375 1574 1432 Joannes
1603 1379 1822 1448 quidam
1865 1381 2091 1447 exstitit,

494 1465 500 1473 ’
525 1469 618 1538 qui
646 1469 874 1535 singulis
893 1469 1084 1524 diebus
1109 1469 1432 1537 baptizaret,
1460 1471 1661 1540 quique
1684 1469 1898 1525 Domini
1919 1473 2093 1526 nostri

527 1557 656 1614 Jesu
698 1561 997 1615 secundum
1037 1558 1755 1628 coniugationis-rationem
1809 1560 1914 1616 fuit
1949 1579 2092 1632 pra:-

526 1667 759 1706 cursor:
787 1663 841 1708 ct
864 1653 1326 1722 quemadmodum
1360 1652 1622 1708 Dominus
1653 1653 1843 1709 habuit
1883 1655 2092 1709 duode-

2197 709 2331 764 Θεοῦ
2361 710 2716 781 κριθήσεσθαι
2763 710 3126 781 πεπεισμένος
3147 711 3211 774 ³³,
3249 710 3411 781 μέχρι
3455 711 3621 763 αὑτοῦ
3657 710 3755 766 τοῦ

2194 799 2330 854 Θεοῦ
2346 800 2561 854 ἀσεϐεῖν
2589 801 2807 873 ἐτόλμα.
2836 802 2996 855 Ὅθεν
3018 802 3168 865 ἔνιοι,
3190 803 3263 873 μὴ
3284 803 3482 866 εἰδότες
3497 805 3599 868 ὅτι,
3623 822 3754 876 προ-

2195 894 2634 964 καταλύμματιίδ
2672 897 2738 965 τῇ
2789 893 3063 966 θεοσεϐείᾳ.
3096 895 3464 966 κεχρημένος,
3517 897 3758 969 ύποσυλᾷ

2193 988 2262 1040 τὰ
2286 988 2384 1058 τῆς
2432 986 2716 1058 ἀληθείας,
2753 988 2844 1040 καὶ
2891 988 2990 1057 τὴν
3037 989 3183 1052 ὅπως
3218 989 3346 1041 ποτὲ
3395 989 3549 1041 ὑπ’¹⁵
3591 989 3754 1045 αιτιᾶ

2195 1079 2386 1132 ἐλπίδα
2418 1080 2512 1132 καὶ
2545 1079 2724 1150 κρίσιν
2769 1078 3065 1151 λεγομένην
3114 1080 3358 1144 ἔσεσθαι,
3405 1081 3481 1143 ὡς
3514 1082 3690 1153 πιστῷ
3715 1083 3756 1114 ¹⁶

2196 1173 2542 1232 πιστεύοντες
2571 1170 2912 1224 ἀπόλλυνται.

2264 1279 2455 1334 XXIII.
2495 1281 2570 1333 Τὸ
2601 1280 2659 1334 δὲ
2690 1281 3064 1352 παρεισελθεῖν
3093 1282 3252 1336 αὐτὸν
3284 1285 3363 1347 είς
3385 1286 3478 1338 τὸν
3509 1285 3609 1355 τῆς
3633 1286 3758 1339 ἀσε-

2195 1372 2405 1446 ϐείας¹⁷
2438 1372 2596 1441 λόγον
2642 1373 2865 1442 γέγονεν
2911 1372 3104 1437 οὕτως·
3155 1373 3406 1446 Ἰωάννης
3435 1393 3520 1440 τις
3545 1377 3760 1446 ἐγένετο

2195 1465 2670 1537 ἡμεροϐαπτιστὴς
2689 1467 2750 1529 ’⁸,
2780 1467 2838 1530 ὃς
2875 1467 2972 1520 καὶ
3001 1466 3095 1520 τοῦ
3126 1467 3330 1539 Κυρίου
3374 1469 3529 1541 ἡμῶν
3583 1469 3758 1543 Ἰησοῦ

2194 1555 2337 1611 κατά
2363 1557 2454 1611 τὸν
2485 1558 2585 1629 τῆς
2617 1557 2877 1627 συζυγίας
2908 1558 3063 1628 λόγον
3107 1560 3321 1628 ἐγένετο
3373 1561 3615 1632 πρόοδος·
3663 1562 3761 1615 καὶ

2196 1648 2385 1720 ὥσπερ
2412 1649 2490 1720 τῷ
2522 1651 2711 1721 Κυρίῳ
2744 1651 3028 1720 γεγόνασιν
3067 1651 3270 1706 δώδεκα
3302 1653 3580 1707 ἀπόστολοι
3605 1693 3619 1717 ,
3650 1655 3760 1706 τῶν

527 1744 631 1797 cim
671 1744 969 1811 apostolos,
1024 1743 1309 1799 duodecim
1351 1744 1622 1799 mensium
1662 1745 1796 1800 solis
1845 1757 2092 1816 gerentes

2193 1740 2287 1793 τοῦ
2342 1741 2492 1811 ἡλίου
2550 1741 2757 1796 δώδεκα
2809 1743 2994 1814 μηνῶν
3050 1743 3304 1814 φέροντες
3355 1745 3446 1797 τὸν
3492 1744 3757 1816 ἀριθμὸν,

525 1851 840 1902 numerum,
872 1836 1126 1891 similiter
1161 1836 1208 1890 is
1244 1836 1462 1906 triginta
1493 1836 1639 1890 viros
1675 1837 1951 1907 principes
1991 1839 2091 1892 Ita-

525 1929 665 1994 buit,
699 1937 1033 1982 menstruam
1065 1927 1208 1982 lunae
1237 1929 1504 1982 rationem
1537 1928 1846 1997 implentes.
1887 1928 2008 1993 Quo
2038 1930 2090 1985 in

525 2035 756 2072 numero
791 2034 894 2072 una
929 2019 1174 2089 quadam
1203 2028 1322 2074 erat
1363 2019 1558 2074 mulier
1582 2019 1735 2087 dicta
1759 2017 1995 2088 Helena;
2036 2033 2095 2076 ut

524 2125 595 2162 ne
626 2109 730 2164 hoc
758 2111 976 2180 quidem
1015 2111 1222 2182 absque
1272 2111 1532 2181 mysterio
1574 2119 1737 2167 esset.
1785 2110 1922 2166 Cum
1948 2112 2092 2167 enim

525 2200 724 2255 mulier
769 2201 1054 2255 dimidium
1105 2202 1176 2256 sit
1211 2202 1335 2267 viri,
1380 2201 1758 2272 imperfectum
1813 2204 2092 2259 tricenarii

525 2292 812 2346 constituit
839 2307 1150 2359 numerum,
1173 2293 1317 2348 sicut
1336 2305 1391 2347 et
1412 2294 1466 2348 in
1491 2293 1639 2360 luna,
1663 2294 1822 2365 cujus
1846 2295 2094 2354 incessus

526 2399 634 2438 non
662 2383 963 2454 perfectum
1009 2385 1213 2441 mensis
1250 2401 1472 2441 cursum
1500 2387 1742 2442 conﬁcit.
1789 2386 1962 2444 Porro
1991 2391 2092 2444 lto-

525 2491 648 2528 rum
684 2475 902 2545 triginta
938 2475 1138 2530 Joanni
1172 2477 1384 2546 primus
1429 2492 1494 2532 ac
1523 2479 1946 2548 probatissimus
1978 2490 2095 2536 erat

527 2567 716 2622 Simon
746 2587 760 2624 :
788 2570 882 2639 qui
911 2571 1129 2640 quidem
1162 2586 1272 2641 quo
1298 2571 1480 2626 minus
1510 2581 1633 2641 post
1667 2582 1896 2628 mortem
1926 2573 2094 2628 Joan-

527 2660 615 2714 nis
642 2661 895 2732 princeps
924 2663 1232 2717 declaratus
1263 2662 1354 2731 sit,
1379 2663 1485 2719 hoc
1513 2663 1568 2718 in
1596 2679 1766 2724 causa
1791 2665 1914 2720 fuit.

598 2845 789 2902 XXIV.
835 2846 969 2900 Nam
1009 2848 1125 2914 ipso
1157 2861 1383 2917 peregre
1411 2846 1466 2900 in
1499 2845 1792 2917 Egyptum
1823 2846 2089 2917 profecto,

526 2949 746 3010 propter
772 2941 961 3009 magiae
989 2940 1460 3004 exercitationem,
1501 2937 1712 2993 Joanne
1743 2940 1946 3004 occiso,
1980 2939 2092 2994 Do-

525 3031 734 3085 sitheus
774 3032 996 3101 quidam
1036 3031 1401 3101 principatum
1445 3039 1723 3100 appetens,
1759 3046 1880 3085 cum
1921 3031 2090 3101 ipsius

2194 1833 2457 1897 ὡσαύτως
2495 1836 2590 1886 καὶ
2639 1833 2788 1904 αὐτῷ
2833 1833 3050 1906 ἔξαρχοι
3089 1835 3280 1906 ἄνδρες
3311 1835 3564 1904 γεγόνασι
3601 1837 3759 1906 τριά-

2195 1918 2359 1979 κοντά
2378 1964 2393 1988 ,
2439 1926 2533 1978 τὸν
2583 1928 2830 1997 μηνιαῖον
2877 1927 2977 1996 τῆς
3036 1925 3262 1997 σελήνης
3321 1926 3760 1997 ἀποπληροῦντες

2193 2017 2367 2086 λόγον.
2416 2017 2502 2070 Ἐν
2549 2010 2593 2084 ᾧ
2640 2016 2856 2089 ἀριθμῷ
2891 2018 2989 2088 μία
3039 2034 3124 2081 τις
3187 2013 3255 2089 ἦν
3311 2018 3446 2089 γυνὴ
3493 2017 3757 2091 λεγομένη

2204 2109 2387 2180 Ἐλένη
2409 2147 2424 2173 ,
2513 2109 2601 2163 ἵνα
2679 2109 2814 2181 μηδὲ
2889 2108 3044 2162 τοῦτο
3095 2109 3509 2181 άνοικονόμητον
3563 2108 3759 2184 ᾖμῖ).

2197 2201 2406 2272 Ἦμισυ
2437 2201 2545 2273 γὰρ
2601 2202 2795 2274 ἀνδρὸς
2842 2199 2976 2256 οῦσα
3023 2203 3120 2273 ὴ¹⁹
3153 2202 3311 2274 γυνὴ,
3347 2203 3512 2273 ἀτελῆ
3542 2204 3632 2257 τὸν
3663 2205 3763 2276 τῆς

2191 2292 2572 2364 τριακοντάδος
2603 2295 2844 2349 τέθεικεν
2896 2294 3153 2366 ἀριθμὸν,
3200 2293 3389 2365 ὥσπερ
3421 2297 3516 2348 καὶ
3544 2296 3642 2366 τῆς
3671 2313 3762 2348 σε-

2192 2385 2358 2457 λήνης
2378 2387 2444 2451 ’⁸,
2465 2380 2532 2458 ἧς
2563 2387 2597 2457 ἡ
2627 2388 2821 2458 πορεία
2851 2387 2945 2440 τοῦ
2977 2387 3141 2458 μηνὸς
3159 2387 3201 2418 ¹¹
3230 2387 3292 2441 ού
3307 2387 3508 2441 τέλειον
3530 2389 3762 2440 ποιεῖται

2192 2477 2284 2530 τὸν
2311 2477 2528 2548 δρόμον.
2547 2477 2655 2548 59
2677 2478 2892 2532 Τούτων
2924 2479 2981 2532 δὲ
3005 2479 3112 2532 τῶν
3142 2477 3435 2550 τριάκοντα
3467 2478 3544 2548 τῷ
3583 2477 3764 2531 Ἰωάν-

2193 2584 2261 2641 νῃ
2279 2569 2324 2598 ³⁸
2358 2568 2572 2639 πρῶτος
2619 2569 2712 2622 καὶ
2756 2568 3122 2640 δοκιμώτατος
3161 2566 3229 2642 ἦν
3259 2572 3288 2624 ό
3323 2571 3505 2641 Σίμων
3529 2610 3543 2633 ,
3578 2570 3636 2633 ὃς
3668 2573 3765 2625 καὶ

2192 2658 2285 2712 τοῦ
2323 2660 2396 2731 μὴ
2425 2660 2585 2732 ἄρξαι
2613 2662 2773 2714 αὑτὸν
2804 2661 2940 2732 μετὰ
2963 2662 3061 2734 τὴν
3093 2663 3346 2734 τελευτὴν
3378 2663 3470 2716 τοῦ
3487 2664 3532 2694 ’³
3575 2665 3762 2718 Ἰωάν-

2192 2767 2284 2804 νου
2315 2752 2492 2804 αἰτίαν
2527 2751 2653 2822 ἔσχε
2683 2752 2909 2824 ταύτην.

2262 2843 2452 2900 XXIV.
2507 2846 2935 2918 Ἀποδημοῦντος
2992 2847 3098 2919 γὰρ
3133 2847 3296 2901 αύτοῦ
3349 2849 3432 2912 είς
3483 2848 3765 2916 Αίγυπτον

2195 2936 2287 2989 ἐπὶ
2319 2937 2417 3009 τὴν
2447 2937 2547 3009 τῆς
2576 2939 2807 3008 μαγείας
2833 2939 3138 3010 ὲπάσκησιν
3164 2979 3177 3002 ,
3212 2939 3306 2992 τοῦ
3343 2939 3583 2994 Ἰωάννου
3609 2942 3765 2994 ἀναι-

2200 3029 2442 3101 ρεθέντος
2457 3069 2471 3092 ,
2505 3031 2751 3095 Δοσίθεός
2771 3033 2815 3063 ³⁵
2832 3050 2934 3095 τις,
2964 3033 3064 3102 τῆς
3085 3033 3257 3102 ἀρχῆς
3280 3032 3601 3103 ὀρεγόμενος
3623 3071 3638 3096 ,
3666 3032 3766 3085 θά-

529 3122 768 3176 Simonis
824 3131 1054 3176 mortem
1127 3121 1267 3177 falso
1325 3121 1723 3186 annuntiasset,
1776 3120 1954 3176 factus
2009 3134 2092 3178 est

2195 3143 2352 3179 νατον
2405 3123 2572 3179 αὐτοῦ
2620 3123 2790 3195 ψευδῆ
2853 3123 3250 3193 καταγγείλας,
3309 3123 3609 3194 διαδέχεται
3662 3125 3764 3194 τὴν

531 3223 693 3268 sectae
721 3229 1026 3269 successor.
1063 3214 1131 3268 At
1165 3214 1353 3269 Simon
1391 3213 1553 3284 paulo
1580 3223 1703 3283 post
1734 3228 2006 3277 reversus,
2039 3225 2093 3270 et

526 3321 651 3360 cum
682 3306 864 3361 locum
896 3315 1154 3376 tanquam
1184 3308 1468 3377 proprium
1495 3306 1757 3361 aﬂ‘ectans
1796 3307 2091 3361 vehemen-

427 3416 437 3428 -
527 3406 631 3464 ter,
659 3407 850 3455 nactus
879 3401 1194 3455 Dositheum
1236 3400 1416 3456 locum
1458 3399 1677 3470 quidem
1714 3413 1823 3453 non
1854 3400 2090 3468 repetiit,

527 3489 704 3544 sciens
761 3491 1036 3546 hominem
1061 3492 1155 3563 qui
1182 3501 1375 3548 contra
1406 3492 1579 3562 ipsius
1627 3491 1963 3546 voluntatem
1999 3507 2094 3546 oc-

529 3594 823 3653 cupaverat
861 3585 1247 3655 principatum.
1281 3601 1386 3639 non
1417 3583 1725 3654 depositum
1775 3584 1865 3638 iri.
1911 3583 2092 3650 Quare

526 3691 622 3745 per
645 3676 953 3730 simulatam
978 3678 1270 3732 amicitiam
1295 3677 1444 3732 brevi
1469 3676 1686 3747 quidem
1713 3676 1766 3730 in
1792 3677 2091 3732 secundum

527 3781 562 3825 Β
591 3769 844 3824 Dositheo
871 3771 1052 3824 locum
1102 3770 1342 3840 irrepsit.
1383 3770 1500 3824 Non
1531 3771 1732 3826 multos
1761 3779 1941 3826 autem
1972 3779 2094 3846 post

524 3863 663 3928 dies,
698 3864 838 3917 intra
865 3879 1154 3918 numerum
1181 3863 1404 3935 triginta
1434 3863 1938 3932 condiscipulorum
1977 3863 2093 3917 col-

525 3954 760 4019 locatus,
793 3956 957 4026 coepit
987 3955 1247 4011 Dositheo
1277 3955 1559 4025 derogare,
1584 3965 1842 4024 tanquam
1866 3955 1957 4024 qui
1985 3970 2090 4010 non

525 4062 785 4116 germane
814 4049 1120 4104 doctrinam
1156 4049 1414 4104 traderet.
1448 4047 1615 4118 quue
1640 4063 1765 4102 eum
1812 4048 2093 4102 asserebat

529 4157 637 4196 non
693 4141 894 4195 invidia
951 4141 1151 4206 facere,
1201 4139 1295 4194 sed
1358 4140 1666 4205 inscientia,
1705 4151 1760 4194 et
1797 4139 2093 4209 aliquando

529 4231 821 4287 Dositheus
841 4277 855 4299 ,
892 4234 1132 4289 Simonis
1164 4232 1512 4287 artificiosam
1545 4231 1784 4286 sentiens
1821 4231 2094 4286 obtrecta-

2192 3221 2424 3293 αἵρεσιν.
2465 3221 2522 3272 ’0
2553 3218 2611 3271 δὲ
2643 3218 2844 3288 Σίμων,
2880 3218 2992 3287 μετ’
3017 3217 3077 3268 ού
3100 3215 3232 3269 πολὺ
3267 3215 3508 3269 ἐπελθὼν
3542 3216 3634 3269 καὶ
3664 3216 3763 3268 τοῦ

2191 3313 2355 3365 τόπου
2380 3312 2454 3375 ὠς
2497 3311 2626 3364 ἰδίου
2679 3308 2927 3379 μεγάλως
2968 3307 3356 3378 ἀντεχόμενος,
3402 3307 3480 3378 τῷ
3528 3306 3765 3377 Δοσιθέῳ

2194 3403 2470 3473 συντυχὼν
2520 3403 2610 3455 τὸν
2665 3401 2761 3471 μὲν
2798 3400 2958 3452 τόπον
3007 3398 3106 3452 οὐκ
3136 3399 3366 3470 ἀπῄτει,
3418 3397 3572 3462 εἰδὼς
3621 3400 3702 3452 ὅτι
3735 3401 3765 3452 ὁ

2193 3496 2402 3566 φθάσας
2433 3496 2530 3566 τῆς
2562 3493 2736 3566 ἀρχῆς
2767 3490 2918 3563 παρὰ
2949 3491 3266 3562 προαίρεσιν
3309 3490 3369 3542 οὐ
3397 3490 3763 3561 καθαιρεῖται.

2191 3588 2282 3640 Διὸ
2319 3586 2453 3658 μετά
2487 3583 2854 3656 προσποιητοῦ
2887 3583 3068 3652 φιλίας
3093 3583 3176 3635 ἐπ’
3211 3581 3390 3650 ὀλίγον
3430 3581 3528 3652 μὲν
3561 3583 3642 3644 είς
3669 3579 3764 3634 τὸν

2191 3680 2439 3750 δεύτερον
2465 3677 2558 3730 τοῦ
2593 3677 2843 3730 Δοσιθέου
2865 3677 3028 3729 τόπον
3066 3675 3280 3728 δίδωσιν
3313 3673 3524 3727 ἑαυτόν.
3560 3674 3763 3742 Ταγεὶς

2191 3772 2248 3824 δὲ
2280 3773 2394 3842 μετ’
2427 3771 2488 3823 ού
2523 3769 2722 3832 πολλὰς
2755 3769 2967 3840 ἡμέρας
2999 3770 3111 3830 τοῖς
3141 3767 3432 3837 τριάκοντα
3468 3766 3762 3837 συμμαθη-

2191 3865 2343 3925 ταῖς,
2398 3861 2807 3915 ὑποδιαϐάλλειν
2853 3860 3055 3931 ἧρξατο
3095 3859 3186 3912 τὸν
3227 3857 3512 3920 Δοσίθεον,
3555 3858 3631 3920 ὡς
3685 3858 3764 3931 μὴ

2193 3955 2556 4026 παραδιδόντα
2624 3953 2862 4023 γνησίως
2918 3953 2988 4004 τὰ
3059 3951 3371 4022 μαθήματα.
3437 3950 3548 4003 Καὶ
3605 3948 3766 4003 τοῦτο

2193 4053 2365 4102 ποιεῖν
2414 4048 2596 4116 ἔλεγεν
2643 4046 2802 4099 αὐτὸν
2845 4045 2943 4115 ούχ
2990 4046 3066 4107 ὡς
3111 4043 3425 4114 φθονοῦντα,
3473 4041 3585 4094 ἀλλ’
3619 4041 3694 4104 ὼς
3717 4041 3766 4072 ’³

2193 4140 2510 4210 ἀγνοοῦντα.
2538 4139 2647 4192 Καί
2679 4155 2809 4191 ποτε
2850 4140 2878 4192 ὁ
2905 4136 3154 4200 Δοσίθεος
3174 4175 3189 4200 ,
3233 4135 3629 4204 ὑπαισθόμενος
3659 4133 3763 4204 τὴν

2190 4234 2284 4287 τοῦ
2314 4234 2555 4303 Σίμωνος
2601 4231 2844 4300 ἔντεχνον
2897 4228 3145 4300 διαϐολὴν
3168 4269 3183 4292 ,
3228 4228 3458 4281 λύουσαν
3497 4227 3545 4258 ¹⁶
3591 4226 3761 4280 αὐτοῦ

526 4323 754 4390 tionem,
797 4340 862 4379 eo
904 4326 1238 4389 tendentem,
1278 4335 1337 4377 ut
1377 4322 1687 4376 aboleretur
1725 4323 2090 4391 plurimorum

2193 4325 2292 4396 τὴν
2323 4324 2460 4395 πρὸς
2487 4323 2612 4385 τοὺς
2640 4322 2864 4385 πολλοὺς
2890 4321 3141 4374 ὑπόνοιαν
3158 4359 3173 4384 ,
3203 4318 3296 4372 τοῦ
3335 4319 3408 4390 μὴ
3431 4318 3591 4371 αὐτὸν
3621 4313 3763 4370 εἶναι

526 4415 737 4485 opinio,
764 4432 940 4486 neque
990 4416 1224 4486 amplius
1262 4415 1376 4484 ipse
1420 4422 1702 4483 putaretur
1733 4427 1854 4468 esse
1887 4413 2078 4477 Stans,

2193 4417 2432 4486 νομίζειν
2457 4415 2546 4468 τὸν
2590 4413 2830 4466 Ἐστῶτα
2849 4453 2864 4477 ,
2896 4413 3052 4484 θυμῷ
3094 4412 3187 4464 ἐπὶ
3217 4412 3316 4482 τὴν
3357 4409 3558 4482 συνήθη
3579 4409 3623 4440 ’⁷
3659 4427 3764 4462 πα-

526 4507 713 4562 ΐιιιόιέ
741 4520 1071 4575 commotus,
1096 4525 1218 4563 cum
1250 4509 1315 4562 ad
1341 4509 1581 4562 scholam
1617 4508 1777 4562 solito
1807 4506 2088 4563 convenis—

2200 4508 2557 4581 ραγενὸμενος
2588 4506 2888 4578 διατριϐὴν,
2918 4506 3098 4578 ῥάϐδῳ
3147 4505 3294 4558 παίει
3340 4501 3512 4574 εὑρὼν
3544 4503 3635 4555 τὸν
3670 4503 3762 4554 Σί-

528 4609 632 4666 set,
682 4601 835 4670 virga
881 4600 1158 4657 Simonem
1218 4603 1498 4658 inventum
1551 4604 1804 4658 verberat
1834 4622 1848 4657 :
1879 4615 1935 4656 at
1994 4619 2086 4673 per

2199 4618 2368 4672 μωνα’
2392 4602 2426 4672 ἡ
2450 4601 2528 4663 δὲ,
2559 4600 2748 4672 ὥσπερ
2771 4597 2977 4654 καπνοῦ
3008 4598 3118 4669 60
3143 4597 3236 4651 τοῦ
3273 4597 3511 4669 Σίμωνος
3537 4595 3763 4650 διελθεῖν

1777 4755 2013 4808 VARUS
2082 4753 2490 4810 LECTIONES.

599 4879 808 4960 '_‘_6vtog
853 4881 917 4936 Ο.
944 4953 956 4960 _
995 4883 1036 4914 ¹¹
1071 4883 1390 4955 ἀλληγορεῖς
1423 4888 1483 4960 tt.
1564 4883 1606 4960 ‘3
1618 4879 2076 4960 πεπιστευμένοις
2084 4884 2212 4960 _U.n
2249 4877 2797 4960 ιιπροκατὲλημματι
2829 4874 2880 4955 (ξ.
2901 4915 2916 4939 ,
2940 4869 3763 4960 προκαλύμματιευζ

525 4940 826 5024 πρόλημμα
858 4953 1046 5006 eodem
1076 4940 1237 5006 sensti
1268 4940 1524 5008 occurrit.
1567 4951 1682 5006 (llr.
1716 4952 1862 5024 hom.
1886 4940 2237 5024 vtn,_95.“S_.
2317 4940 2486 5024 ¹⁵’ύπό
2507 4947 2588 5024 οη
2608 4940 2692 5024 ’.Ἡ
2719 4944 2922 5024 mm};
2946 4940 3031 5024 (3⁷.7
3081 4940 3422 5024 fiatﬁat?”
3444 4942 3544 5010 τῆς
3572 4940 3762 5024 θεοσέ-

531 5009 675 5095 δέίας
690 5009 764 5075 Ὁ]
834 5023 1373 5095 ’θήμεροϐαπτισθείς
1401 5023 1466 5095 ρ.
1537 5024 1586 5095 4¹ξ³
1620 5020 1903 5095 iLadjunxi
1932 5036 1977 5073 c.
2148 5017 2729 5095 ’f_LegattIt-ﬂca).q\aq,
2755 5015 2898 5095 quod
2921 5014 3166 5095 postulat.
3191 5013 3454 5095 orationis
3473 5009 3671 5095 series.
3694 5009 3760 5065 D.

527 5094 567 5123 ²¹
591 5081 667 5163 μή
695 5095 753 5145 Ο.
819 5094 875 5163 Α²¹
900 5081 975 5163 ἐξ,
1001 5081 1235 5163 ’Ἰωάννῃ
1255 5081 1367 5146 om.
1389 5091 1453 5147 Ο.
1532 5081 1682 5163 ¹³τρῦ
1718 5081 1838 5163 οἰτιζ
1866 5087 1929 5143 Ο.
2005 5081 2315 5163 ’ξΔοσίθεός
2341 5094 2381 5139 U
2412 5129 2425 5151 ,
2461 5081 2803 5163 constanter'2
2836 5081 3095 5163 Δωσίθεός
3127 5081 3373 5163 (Rident
3405 5081 3761 5163 subinde‘ﬁt'c,

525 5149 779 5215 ut'rnlnit
811 5160 848 5216 S
878 5205 892 5228 ,
919 5150 983 5216 τέ
1011 5163 1074 5218 C.
1151 5149 1288 5226 "ib;
1317 5164 1496 5218 addidi
1529 5179 1578 5216 c.
1609 5161 1674 5216 Ο.
1750 5162 1795 5192 ¹⁶
1820 5159 1957 5229 Lege
1981 5158 2238 5227 φύουσαν,
2274 5149 2389 5227 qum
2415 5149 2483 5209 ’σε
2526 5157 2619 5229 illo
2663 5155 2800 5229 apud
2841 5154 3032 5229 multos
3057 5153 3421 5229 suspicionem
3447 5159 3666 5205 crearet.
3695 5149 3760 5204 D.

528 5231 709 5286 llnlini
739 5222 916 5286 vet-sio
951 5231 1192 5302 (Recogn.
1224 5222 1286 5298 tt,
1312 5235 1424 5302 ut)
1459 5234 1571 5287 haec
1602 5241 1685 5286 est
1733 5247 1745 5284 :
1792 5222 2003 5282 Vertim‘
2033 5222 2326 5302 Desit/rens,
2370 5229 2457 5280 ubi
2500 5228 2617 5302 sibi;
2651 5222 3090 5302 derogari_sens_it
3130 5222 3438 5302 a.Simone,
3475 5237 3651 5302 uerens
3702 5237 3765 5274 ne

527 5305 706 5370 opinio
729 5319 825 5356 sua
856 5293 1225 5356 obscurat-21m
1246 5293 1386 5372 apud
1409 5293 1665 5365 Ὶιοηιίηεκ,
1695 5303 1784 5372 qui
1813 5317 1927 5353 eum
1960 5298 2214 5372 putabunt
2247 5299 2417 5372 ipsum
2446 5293 2837 5372 es_se§tqntein.
2872 5296 3008 5348 Cum
3041 5295 3142 5348 hac
3173 5293 3619 5372 interpretatione
3639 5306 3766 5344 con-

531 5361 676 5426 stare
707 5383 882 5442 potest
906 5374 1065 5427 lectio
1095 5361 1331 5439 vulgata,
1369 5374 1530 5426 modo
1561 5361 1724 5424 αὑτοῦ
1757 5373 1854 5441 τήν
1884 5361 2119 5442 Imitetur
2143 5370 2195 5442 in
2225 5361 2322 5438 τὴν
2355 5367 2762 5442 αύτού.[ξ]οι1(;[ῐι
2792 5381 2953 5442 sensu
2991 5364 3342 5442 προσεκλύειν
3376 5363 3569 5434 legitur
3606 5361 3758 5415 ltum.

514 5457 611 5510 int,
645 5434 932 5508 2,’ἐκλύειν
957 5459 1090 5510 xvu,
1120 5434 1337 5510 6.'Quid
1376 5444 1597 5496 ὑπόνοια
1626 5434 1910 5513 signiticet,
1936 5439 2248 5501 intelligitur
2275 5434 2336 5492 ex
2364 5453 2516 5507 seqq.
2555 5436 2612 5491 S.
2689 5436 2730 5468 "
2751 5434 3030 5506 συνήθειαν

1818 5539 2185 5610 V‘AlthRUM
2219 5553 2449 5607 neme.

608 5653 719 5723 (i7)
831 5657 962 5710 "Ira
974 5655 1130 5726 μηδὲ
1147 5655 1318 5726 τοῦτο
1336 5655 1805 5726 (inccrat-ratque"
1834 5651 2086 5726 it._Simill

511 5729 690 5778 .modo
722 5741 922 5781 corona
960 5723 1080 5784 uuae
1108 5725 1345 5782 Simonis
1373 5724 1510 5790 Magi
1553 5725 1854 5795 dicebatur,
1890 5723 2086 5791 impur-

2201 5650 2392 5702 frrtzun
2422 5647 2688 5700 referebat.
2725 5644 3135 5715 rotunditatem,
3169 5642 3233 5696 ad
3265 5641 3484 5715 llltldlllll
3536 5641 3676 5698 luna:
3707 5640 3758 5692 in

2199 5734 2405 5775 cornua
2435 5719 2715 5782 coeuntis,
2752 5726 2807 5768 ut
2835 5730 2990 5768 nemo
3023 5714 3253 5784 ignorat.
3290 5713 3426 5767 Cor.
