4068 6338
536 325 607 380 ω
1349 320 1406 376 s.
1445 316 1882 391 CLEMENTISJ
1908 318 2073 375 non.
2109 323 2114 373 ;

2215 318 2307 374 XT.
2339 316 2569 376 OPERA
2595 315 2821 376 DUBIA.
3703 321 3775 379 Μ

540 437 763 510 guinem
809 453 823 491 :
877 443 932 491 et
972 449 1039 492 ex
1093 433 1359 506 sanguine
1388 426 1646 491 concreto
1687 449 1908 490 carnem
1939 433 2107 502 fecit;

2215 433 2310 505 τῆς
2336 432 2537 506 σαρκὸς
2563 432 2852 503 παγείσης,
2880 430 3165 504 ἄνθρωπον
3185 429 3284 487 οὐκ
3306 431 3414 487 ἀπὸ
3430 432 3554 505 γῆς,
3580 432 3717 489 ἀλλὰ
3736 435 3781 468 δ’

540 531 730 599 sicque
754 536 942 598 postea
965 543 1133 583 carne
1161 527 1418 593 solidata,
1444 526 1721 581 hominem
1744 540 1852 581 non
1882 540 1914 580 e
1944 534 2108 592 terra,

540 624 635 677 sed
666 637 732 676 ex
762 635 887 675 aere
937 618 1182 689 protulit.
1220 619 1401 688 Atque
1451 617 1599 675 hunc
1647 617 1703 672 in
1742 616 1962 672 modum
2007 617 2111 673 sibi

538 712 878 783 persuadens
913 710 1159 781 potuisse
1189 725 1222 765 a
1260 726 1320 767 se
1356 709 1537 766 creari
1576 725 1778 764 novum
1811 709 2109 777 hominem,

533 806 611 859 ait
653 812 713 860 se
737 819 861 858 eum
885 843 900 866 ,
938 801 1194 857 resolutis
1236 801 1686 857 conversionibus
1704 842 1721 869 ,
1748 816 1968 857 rursum
1996 800 2112 856 aeri

535 894 863 951 reddidisse.
899 895 1031 961 Qua:
1082 910 1207 950 cum
1256 894 1380 951 aliis
1425 895 1663 960 diceret,
1694 894 2047 960 credebatur;
2079 908 2111 948 a

542 988 701 1043 nobis
732 1004 883 1049 vero,
916 986 1010 1056 qui
1040 985 1391 1041 adfueramus
1418 984 1538 1055 ejus
1566 985 1860 1057 mysteriis,
1886 985 1973 1054 pie
2000 998 2112 1039 non

543 1080 887 1136 credebatur.
922 1080 1282 1147 Quapropter,
1306 1077 1587 1144 damnata,
1610 1075 1889 1146 impietate
1917 1075 2109 1132 abces-

548 1171 722 1227 simus
754 1172 932 1225 abeo.

617 1261 831 1315 XXVII.
877 1259 1000 1316 Ilaec
1038 1275 1161 1315 eum
1192 1260 1387 1330 Aquila
1413 1258 1661 1327 dixisset,
1690 1260 1856 1317 frater
1875 1260 1993 1332 ejus
2020 1258 2115 1315 Ni-

545 1366 694 1410 cetas
724 1356 839 1408 ait:
886 1352 1118 1408 Necesse
1168 1362 1289 1418 est,
1325 1352 1495 1407 frater
1517 1364 1701 1408 noster
1740 1354 2015 1422 Clemens,
2048 1370 2113 1410 ea

546 1462 635 1499 me
654 1461 1104 1510 commemorare,
1130 1460 1249 1514 quae
1269 1444 1338 1498 ab
1361 1444 1554 1514 Aquila
1578 1446 1939 1514 prietermissa
1966 1454 2112 1502 sunt.

544 1536 732 1591 Primo
763 1537 1016 1607 equidem
1050 1535 1192 1592 Deus
1228 1538 1383 1592 testis
1421 1544 1526 1603 est,
1558 1552 1659 1593 nos
1689 1538 1743 1591 in
1777 1538 1925 1592 nullo
1951 1553 2115 1607 opere

549 1629 720 1698 impio
746 1646 870 1684 eum
909 1629 1220 1698 adjuvisse,
1247 1628 1379 1693 sed,
1425 1629 1517 1683 illo
1570 1628 1841 1695 faciente,
1896 1640 2109 1685 tantum

547 1736 862 1792 spectasse;
902 1731 953 1776 et
977 1720 1218 1792 quandiu
1250 1735 1411 1789 opera
1450 1720 1671 1775 innoxia
1712 1720 1934 1787 edebat,
1964 1721 2113 1775 dele-

548 1814 831 1866 ctabamur
867 1828 997 1867 sane
1036 1829 1051 1879 ;
1103 1811 1321 1881 quando
1364 1822 1545 1866 autem
1594 1829 1716 1883 qua:
1748 1829 1843 1883 per
1880 1815 2112 1885 magiam

547 1905 768 1969 ﬁebant,
800 1922 894 1975 per
918 1905 1255 1959 divinitatem
1294 1921 1352 1959 se
1376 1905 1575 1972 facere,
1601 1906 1669 1962 ad
1697 1908 1817 1977 pios
1861 1909 2113 1965 homines

547 1997 918 2066 decipiendos,
944 1997 1103 2060 dixit,
1138 2012 1245 2051 non
1274 1997 1508 2066 amplius
1541 2014 1664 2052 eum
1696 2001 1841 2068 passi
1885 2016 2115 2068 sumus,

546 2088 801 2156 quamvis
833 2088 1002 2141 multa
1036 2088 1192 2143 nobis
1221 2089 1595 2157 promitteret;
1629 2092 1861 2160 primum
1893 2093 2113 2161 quidem

549 2177 666 2232 fore
696 2188 755 2231 ut
789 2180 1047 2248 templum
1075 2179 1233 2234 nobis
1262 2189 1531 2235 etstatuae
1558 2182 1920 2251 erigerentur,
1949 2193 2114 2253 atque

544 2270 621 2324 dii
651 2271 1112 2337 existimaremur,
1146 2280 1199 2326 et
1229 2287 1259 2325 a
1295 2272 1509 2341 populis
1535 2273 1861 2341 coleremur,
1888 2286 1940 2329 et
1971 2291 2001 2329 a
2032 2292 2115 2330 re—

548 2364 710 2431 gibus
746 2364 1255 2435 magnificaremur,
1305 2377 1467 2433 atque
1515 2365 1840 2421 donaremur
1882 2369 2114 2437 publicis

550 2454 881 2522 honoribus,
916 2471 1014 2509 nec
1047 2470 1157 2509 non
1199 2455 1409 2509 infinita
1444 2456 1495 2509 vi
1544 2458 1785 2526 pecunia:
1824 2458 2114 2515 ditescere-

550 2562 697 2602 mus.

622 2640 861 2696 XXVIII.
893 2641 1037 2709 Haec,
1059 2650 1114 2697 et
1137 2643 1240 2697 alia
1267 2658 1388 2713 quae
1412 2656 1673 2715 putantur
1694 2645 1924 2714 majora,
1957 2647 2116 2703 nobis

549 2734 931 2803 pollicebatur,
958 2735 1119 2790 modo
1146 2744 1205 2790 ut
1230 2752 1352 2790 cum
1378 2752 1443 2792 eo
1473 2736 1717 2793 viventes
1742 2754 1965 2807 pravum
1997 2740 2115 2808 ejus

555 2826 815 2880 molimen
838 2836 1168 2891 taceremus,
1198 2843 1307 2897 quo
1334 2827 1485 2882 fraus
1514 2828 1563 2882 ei
1596 2830 1907 2883 succederet
1934 2846 1947 2895 ;
1978 2840 2118 2885 atta-

550 2933 674 2971 men
717 2920 925 2973 assensi
970 2936 1077 2974 non
1115 2935 1346 2974 sumus:
1391 2920 1636 2989 quinimo
1696 2922 1982 2977 consilium
2020 2924 2117 2978 de-

550 3008 756 3071 (limus,
804 3010 953 3064 utab
995 3011 1097 3065 ista
1139 3010 1390 3065 vecordia
1421 3010 1728 3076 desisteret,
1757 3012 1998 3068 dicentes
2023 3016 2113 3069 ei:

2213 524 2273 591 ἐξ
2302 525 2463 596 ἀέρος
2489 523 2779 588 ἀναδεῖξαι.
2810 523 2921 577 Καὶ
2952 521 3124 587 οὕτως
3155 521 3345 578 ἑαυτὸν
3376 524 3570 589 πείσας
3597 524 3781 579 καινὸν

2210 616 2495 688 ἄνθρωπον
2512 618 2619 689 62
2637 616 2895 673 δύνασθαι
2919 615 3162 687 ποιῆσαι,
3182 616 3279 682 τὰς
3303 616 3508 689 τροπὰς
3534 618 3780 674 ἀναλύων

2212 708 2373 763 πάλιν
2417 708 2815 765 ἀποδεδωκέναι
2854 708 3005 779 ἔλεγε
3034 708 3113 781 τῷ
3154 709 3295 783 ἀέρι.
3331 709 3439 763 Καὶ
3468 707 3637 763 ταῦτα
3680 708 3780 781 μὲν

2210 802 2389 865 ἀλλοις
2418 800 2589 871 λέγων
2633 800 2967 866 ἐπιστεύετο,
3001 801 3091 871 ὑφ’
3134 802 3291 873 ἡμῶν
3321 801 3379 855 δὲ
3408 800 3518 855 τῶν
3548 801 3641 859 ἐπὶ
3684 818 3778 854 τε·

2210 892 2338 965 λετῇ
2366 892 2757 964 συμπαρόντων
2785 892 3021 956 εὐσεϐῶς
3056 892 3349 963 ήπιστεττο.
3384 891 3496 959 Διὸ,
3528 891 3780 958 ἀσεϐείας

2211 984 2588 1056 καταγνόντες,
2619 983 2939 1057 ἀπέστημεν
2969 983 3132 1040 αὐτοῦ
3152 984 3215 1039 ⁴’.

2279 1268 2491 1326 XXVII.
2508 1268 2690 1324 Ταῦτα
2708 1268 2802 1323 τοῦ
2829 1267 3025 1323 ’Δκύλα
3043 1266 3303 1331 εἰπόντος,
3321 1266 3350 1319 ὀ
3368 1265 3593 1336 ἀδελφὸς
3613 1264 3779 1319 αὐτοῦ

2211 1365 2456 1435 Νικήτης
2480 1362 2605 1434 ἔφη·
2648 1361 2968 1432 Ἀναγκαῖόν
2999 1361 3165 1425 ἐστιν,
3207 1359 3402 1429 ἀδελφέ
3437 1357 3594 1429 ἡμῶν
3628 1358 3778 1430 Κλή-

2216 1474 2351 1528 μης,
2384 1454 2454 1509 τὰ
2496 1454 2930 1527 παραλειφθέντα
2962 1451 3041 1523 τῷ
3085 1451 3283 1524 Ἀκύλᾳ
3317 1451 3416 1522 ἐμὲ
3447 1450 3775 1521 ὑπομνῆσαι.

2213 1547 2434 1620 Πρῶτον
2469 1547 2565 1618 μὲν
2587 1546 2694 1617 γὰρ
2720 1544 2927 1616 μάρτυς
2943 1547 2971 1598 ό
2997 1544 3149 1610 Θεὸς,
3172 1546 3248 1608 ὼς
3275 1545 3426 1599 οὐδὲν
3451 1543 3597 1614 αὑτῷ
3619 1544 3783 1614 ἡμεῖς

2216 1638 2686 1712 συνειργασάμεθα
2720 1637 2934 1702 ἀσεϐὲς,
2964 1636 3075 1691 ἀλλ’
3101 1638 3203 1702 ὅτι,
3230 1635 3393 1691 αὑτοῦ
3427 1634 3780 1707 πράσσοντος,

2144 1769 2187 1824 Β
2218 1732 2578 1803 ἱστορήσαμεν
2596 1732 2643 1765 ⁵⁸
2662 1748 2676 1762 δ
2712 1731 2803 1784 καὶ
2856 1728 3047 1802 μέχρις
3092 1730 3179 1782 ὅτε
3219 1728 3429 1800 ἀϐλαϐῆ
3460 1727 3623 1782 ποιῶν
3650 1728 3781 1779 έπε-

2213 1824 2477 1886 δείκνυτο,
2499 1823 2593 1877 καὶ
2620 1821 2977 1893 ὲτερπόμεθα·
3003 1824 3090 1876 ὅτε
3122 1822 3179 1876 δὲ
3211 1821 3277 1875 τὰ
3304 1820 3502 1893 μαγείᾳ
3526 1819 3784 1890 γινόμενα

2214 1917 2448 1987 θειότητι
2464 1917 2509 1949 δ’
2533 1919 2704 1972 ποιεῖν
2732 1914 2868 1987 πρὸς
2885 1914 3101 1987 ἀπάτην
3131 1912 3395 1967 θεοσεϐῶν
3421 1912 3624 1980 ἔλεγεν,
3653 1910 3781 1963 οὑκ-

2215 2009 2295 2063 ἐτι
2320 2010 2365 2042 ⁵⁸
2420 2009 2583 2063 αὐτοῦ
2630 2007 2984 2079 ἠνεσχόμεθα,
3018 2006 3190 2059 καίτοι
3242 2004 3409 2059 πολλά
3452 2001 3783 2072 ἐπαγγελλο-

2218 2100 2379 2172 μένου
2410 2102 2570 2170 ήμῖν,
2602 2099 2817 2172 πρῶτον
2852 2099 2947 2169 μὲν
2995 2098 3119 2151 ναὸν
3150 2097 3241 2151 καὶ
3272 2095 3594 2168 ἀνδριάντας
3626 2093 3787 2165 ἡμῶν

2215 2192 2721 2263 κατασκευασθῆναι
2739 2192 2805 2257 ⁸¹,
2838 2192 2931 2244 καὶ
2976 2191 3131 2253 θεοὺς
3161 2189 3510 2260 νομισθῆναι,
3546 2187 3639 2240 καὶ
3678 2185 3785 2239 ὑπὸ

2213 2285 2387 2356 ὄχλων
2419 2285 2879 2357 προσκυνηθῆναι,
2903 2284 2995 2338 καὶ
3018 2284 3122 2337 ὑπὸ
3151 2283 3409 2354 βασιλέων
3440 2280 3783 2350 δοξασθῆναι,

2216 2376 2310 2429 καὶ
2329 2376 2598 2446 δημοσίων
2624 2376 2797 2446 τιμῶν
2817 2374 3211 2444 καταξιωθῆναι
3239 2375 3332 2427 καὶ
3357 2374 3628 2445 χρήμασιν
3649 2373 3784 2426 ἀπε-

2219 2468 2506 2540 ριορίστοις
2539 2467 2855 2538 πλουτῆσαι.

2286 2641 2522 2698 XXVIH.
2561 2641 2745 2695 Ταῦτά
2772 2658 2829 2694 τε
2861 2642 2954 2694 καὶ
2985 2640 3055 2693 τὰ
3081 2640 3287 2702 τούτοις
3318 2638 3537 2710 μείζονα
3554 2637 3600 2668 ⁸¹
3625 2654 3781 2708 νομι-

2216 2737 2416 2808 ζόμενα
2444 2737 2575 2806 ἡμῖν
2595 2734 2859 2805 ὑπέσχετο
2880 2733 2944 2797 ⁵³,
2982 2734 3137 2804 μόνον
3172 2733 3255 2785 ἶνα
3288 2730 3533 2794 συνόντες
3559 2729 3704 2799 αὐτῷ
3721 2729 3786 2783 τδ

2216 2829 2315 2900 τῆς
2346 2828 2708 2900 ἐγχειρήσεως
2740 2826 2906 2879 κακὸν
2939 2824 3258 2896 σιωπῶμεν,
3290 2822 3373 2876 ἵνα
3405 2822 3553 2893 αὐτῷ
3583 2821 3652 2875 τά
3682 2820 3784 2891 τῆς

2218 2921 2431 2992 ἀπάτης
2465 2919 2744 2991 προκόπτῃ
2767 2958 2782 2981 ,
2827 2918 2920 2972 καὶ
2950 2918 3099 2989 ὅμως
3143 2918 3204 2971 οὐ
3248 2915 3576 2985 συνεθέμεθα
3596 2951 3614 2978 ,
3646 2913 3787 2968 ἀλλά

2219 3013 2311 3066 καὶ
2343 3012 2505 3065 αὑτὸν
2541 3012 2647 3083 63
2699 3010 2796 3083 τῆς
2845 3009 3101 3080 τοιαύτης
3138 3007 3392 3070 ἀπονοίας
3441 3005 3705 3059 παύεσθαι
3738 3006 3787 3036 ⁵⁸

551 3099 684 3164 Nos,
710 3100 921 3165 Simon,
945 3101 1220 3167 amicitiae,
1252 3117 1415 3171 quam
1451 3110 1625 3156 tecum
1658 3118 1686 3155 a
1720 3104 1947 3172 pueritia
1981 3121 2114 3160 con-

2222 3104 2717 3173 συνεϐουλεύσαμεν
2740 3142 2755 3165 ,
2801 3102 3049 3171 λέγοντες
3097 3101 3263 3171 αὐτῷ’
3301 3101 3524 3170 Ἡμεῖς,
3564 3098 3745 3169 Σίμων
3769 3137 3786 3161 ,

549 3193 855 3255 traximus,
890 3208 1190 3259 memores,
1219 3201 1379 3263 teque
1425 3203 1690 3258 amantes,
1726 3196 1875 3249 utilia
1919 3212 2119 3252 consu-

551 3284 716 3338 limus
743 3302 758 3337 :
786 3299 938 3338 cessa
973 3284 1041 3339 ab
1084 3283 1393 3353 hujusmodi
1438 3285 1629 3339 audaci
1681 3286 1950 3340 facinore:
1984 3289 2119 3345 deus

551 3392 672 3432 esse
708 3392 817 3430 non
855 3386 1044 3446 potes;
1080 3377 1209 3431 time
1237 3392 1360 3432 eum
1404 3378 1495 3447 qui
1542 3393 1667 3432 vere
1715 3377 1857 3433 Deus
1884 3390 1995 3443 est;
2021 3394 2118 3432 eo-

553 3484 750 3539 gnosee
781 3478 831 3522 te
845 3484 964 3523 esse
986 3468 1279 3536 hominem,
1314 3468 1580 3538 breveque
1603 3485 1722 3524 esse
1747 3478 1960 3538 tempus
1998 3472 2120 3525 vitae

553 3569 678 3615 tute.
712 3559 1033 3629 Quanquam
1081 3561 1369 3615 admodum
1420 3561 1660 3630 locuples
1698 3563 1783 3616 vel
1826 3563 1987 3616 etiam
2025 3579 2119 3618 rex

552 3652 781 3718 evadas,
801 3651 996 3719 exiguo
1018 3651 1140 3705 vita:
1169 3652 1343 3721 spatio
1370 3667 1536 3722 pauca
1570 3661 1699 3707 sunt
1728 3655 1927 3722 quibus
1968 3654 2116 3710 frue-

554 3744 670 3799 ris:
718 3754 773 3799 et
818 3760 939 3813 quae
978 3744 1140 3814 impie
1186 3754 1341 3813 parta
1382 3756 1530 3810 sunt,
1573 3762 1696 3799 eum
1730 3746 1838 3801 cito
1887 3746 2115 3817 fugiant,

554 3851 813 3894 a‘ternum
865 3839 1190 3909 supplicium
1235 3837 1438 3892 homini
1470 3838 1742 3893 scelerosa
1781 3849 2116 3907 comparant.

554 3932 736 3997 Quare
775 3940 1028 3986 auctores
1062 3930 1157 3985 tibi
1187 3945 1398 3995 sumus,
1431 3930 1599 3985 Deum
1631 3932 1871 3986 verearis
1896 3972 1910 3998 ,
1949 3948 1977 3984 a
2008 3948 2118 4001 quo

549 4025 782 4094 judicari
809 4025 969 4080 debet
997 4022 1428 4092 uniuscujusque
1451 4023 1633 4077 anima
1664 4040 1763 4094 pro
1787 4025 1855 4079 iis
1888 4040 2009 4093 qua:
2032 4024 2120 4080 hic

551 4118 741 4186 gessit.
1080 4100 1085 4105 ί

628 4208 820 4263 XXIX.
863 4207 987 4263 Haec
1014 4208 1105 4262 ille
1148 4207 1377 4261 audiens
1427 4206 1567 4263 risit.
1623 4205 1872 4277 Cumque
1910 4208 2120 4264 dicere.

556 4315 680 4354 mus
710 4318 722 4353 :
759 4300 870 4353 Cur
918 4317 1018 4355 nos
1049 4301 1279 4361 irrides,
1314 4298 1407 4370 qui
1452 4299 1549 4353 tibi
1589 4299 1742 4353 utilia
1784 4300 2120 4355 suademus?

557 4389 762 4457 Rideo,
794 4392 1000 4461 inquit,
1051 4392 1271 4447 stultam
1321 4391 1630 4460 Opinionem
1663 4400 1895 4445 vestram
1917 4432 1931 4454 ,
1972 4392 2116 4462 quod

555 4483 793 4538 credatis
826 4483 1189 4538 immortalem
1214 4498 1337 4538 esse
1360 4483 1595 4537 animam
1638 4483 1897 4538 hominis.
1926 4483 1991 4538 Et
2014 4500 2116 4555 ego

558 4574 854 4643 respondi:
890 4573 1008 4627 Non
1060 4575 1359 4641 miramur,
1390 4590 1424 4629 o
1460 4574 1671 4640 Simon,
1703 4574 1750 4629 si
1788 4574 1972 4631 fallere
2013 4592 2113 4631 nos

556 4667 812 4735 conaris;
866 4667 961 4722 sed
1012 4668 1484 4737 obstupescimus,
1534 4684 1642 4738 qua
1696 4669 1907 4723 ratione
1951 4669 2115 4723 etiam

556 4760 791 4829 teipsum
830 4759 1090 4829 decipies.
1116 4759 1294 4815 Effare
1322 4759 1478 4826 mihi,
1507 4760 1718 4827 Simon,
1747 4761 1849 4815 etsi
1882 4761 2114 4815 aliorum

557 4865 720 4905 nemo
774 4859 1107 4921 compertum
1156 4851 1352 4906 habeat
1390 4852 1627 4906 animam
1674 4867 1794 4906 esse
1829 4851 2115 4906 immorta-

558 4941 687 5008 lem,
722 4949 781 4998 tu
809 4953 990 4998 tamen
1017 4952 1073 4998 et
1098 4959 1197 4998 nos
1227 4942 1529 5009 habemus;
1562 4952 1617 4997 tu
1648 4944 1867 5014 quidem
1889 4987 1904 5013 ,
1937 4953 1997 4998 ut
2024 4944 2118 5014 qui

556 5048 679 5088 eam
711 5050 741 5088 a
785 5050 1012 5104 corpore
1055 5036 1298 5090 humano
1342 5035 1647 5101 diremisti,
1691 5036 1785 5105 qui
1819 5036 2120 5092 collocutus

553 5138 620 5179 es
639 5166 655 5192 ,
684 5124 779 5195 qui
830 5125 1107 5198 imperasti
1130 5144 1145 5192 ;
1180 5143 1281 5183 nos
1305 5141 1436 5181 vero
1456 5167 1472 5193 ,
1497 5135 1557 5180 ut
1585 5127 1681 5197 qui
1726 5128 2000 5184 adfuitnus
2022 5171 2037 5194 ,
2064 5139 2118 5184 et

555 5212 844 5287 imperium
873 5217 1201 5284 audivimus,
1233 5227 1287 5273 et
1312 5218 1457 5288 quod
1492 5217 1710 5289 jussum
1750 5230 1834 5275 est
1878 5220 2116 5276 vidimus

2219 3198 2319 3268 τῆς
2346 3198 2410 3250 ὲκ
2437 3197 2640 3250 παίδων
2671 3196 2851 3264 φιλίας
2883 3192 3020 3264 πρὸς
3052 3193 3113 3247 σὲ
3147 3193 3499 3266 μεμνημένοι,
3529 3190 3787 3262 στέργον·-

2218 3289 2309 3351 τές
2337 3305 2394 3340 σε
2414 3288 2480 3351 ⁸⁸,
2501 3286 2569 3340 τά
2597 3286 2938 3359 συμφέροντα
2968 3284 3419 3356 συμϐουλεύομεν·
3455 3283 3656 3337 παῦσαι
3686 3284 3789 3351 τῆς

2218 3381 2472 3451 τοιαύτης
2501 3380 2723 3452 τόλμηςο
2784 3378 2903 3442 θεὸς
2940 3374 3076 3430 εἶναι
3106 3377 3168 3430 οὐ
3231 3377 3473 3430 δύνασαν
3523 3375 3790 3447 φοϐήθητι

2218 3473 2309 3526 τὸν
2338 3472 2505 3534 ὅντως
2547 3470 2695 3525 Θεόν·
2730 3469 2897 3539 γνῶθι
2924 3471 3006 3523 ὅτι
3037 3466 3318 3540 ἄνθρωπος
3350 3462 3400 3519 εἴ
3434 3468 3528 3521 καὶ
3571 3468 3658 3521 ὅτι
3692 3484 3791 3521 σου

2223 3565 2413 3637 μικρός
2438 3566 2582 3617 ἐστιν
2609 3562 2638 3614 ὁ
2668 3561 2769 3632 τῆς
2790 3560 2934 3632 ζωῆς
2952 3559 3158 3632 χρόνος.
3183 3557 3302 3611 Κᾶν
3327 3558 3537 3630 μεγάλα
3554 3560 3599 3591 ⁵⁸
3626 3558 3793 3612 πλου-

2218 3658 2370 3731 τῇςῆ
2401 3657 2494 3711 καὶ
2524 3655 2870 3727 βασιλεύσῃς,
2894 3653 2974 3724 τῷ
2993 3653 3091 3725 τῆς
3114 3652 3259 3721 ζωῆς
3284 3668 3378 3704 σου
3411 3652 3589 3723 μικρῷ
3612 3652 3794 3723 χρόνῳ

2219 3750 2375 3820 ὀλίγα
2406 3749 2661 3819 τυγχάνει
2710 3746 2846 3819 πρὸς
2889 3744 3207 3807 ἀπόλαυσιν,
3232 3744 3327 3797 καὶ
3370 3744 3582 3808 ἀσεϐῶς
3630 3762 3792 3817 πορι-

2223 3836 2437 3900 σθέντα,
2472 3836 2672 3900 εύθέως
2705 3837 2993 3905 φεύγοντα,
3038 3836 3263 3889 αἰωνίαν
3294 3834 3510 3887 κόλασιν
3537 3851 3791 3905 περιποι-

2220 3931 2357 3983 εῖται
2401 3927 2481 3999 τῷ
2530 3927 2898 3998 τετολμηκότι.
2947 3927 3037 3980 Διὸ
3084 3926 3361 3996 φοϐεῖσθαί
3407 3943 3488 3978 σοι
3521 3926 3613 3978 τὸν
3656 3925 3795 3979 Θεὸν

2220 4018 2676 4091 συμϐουλεύομεν,
2700 4020 2789 4088 ὑφ’
2812 4015 2875 4072 οὗ
2909 4018 3161 4091 κριθῆναι
3183 4016 3294 4087 ἔχει
3325 4019 3359 4089 ή
3393 4018 3619 4071 ἑκάστου
3640 4018 3791 4089 ψυχὴ

2221 4113 2349 4188 περὶ
2378 4104 2452 4165 ὧν
2479 4110 2714 4182 ἔπραξεν
2745 4111 2999 4165 ἐνταῦθα.

2289 4203 2478 4258 XXIX.
2526 4204 2583 4259 Ὀ
2614 4204 2694 4268 δὲ,
2724 4200 2897 4258 ταῦτα
2925 4202 3181 4265 ἀκούσας,
3216 4202 3487 4270 ἐγέλασεν.
3524 4202 3707 4274 Ἡμῶν
3730 4204 3792 4258 δὲ

2218 4296 2498 4349 είπόντωνο
2534 4296 2598 4348 Τί
2623 4296 2779 4366 ἡμῶν
2809 4295 2880 4349 τά
2911 4313 2991 4348 σοι
3018 4295 3363 4367 συμφέροντα
3395 4295 3792 4366 συμϐουλευόν-

2218 4404 2325 4441 των
2370 4388 2706 4459 καταγελᾷς;
2739 4389 2903 4459 Ἔφη·
2939 4388 3085 4442 Γελῶ
3118 4388 3268 4459 ὑμῶν
3295 4388 3394 4461 τὴν
3435 4388 3621 4459 μωρὰν
3652 4389 3789 4440 ύπό-

2222 4478 2403 4552 ληψιν,
2437 4482 2517 4535 ὅτι
2544 4480 2826 4537 πιστεύετε
2855 4481 3118 4534 ἀθάνατον
3150 4477 3285 4534 εἶναι
3324 4481 3423 4551 τὴν
3454 4479 3547 4534 τοῦ
3580 4480 3791 4551 ἀνθρώ-

2222 4592 2323 4627 που
2351 4574 2526 4646 ψυχήν
2545 4574 2604 4627 ⁸⁷.
2634 4572 2803 4642 Κάγὼ
2825 4573 2988 4645 ἔφην’
3019 4573 3093 4627 Οὐ
3120 4571 3486 4643 θαυμάζομεν,
3511 4566 3556 4624 ὦ
3582 4571 3787 4643 Σίμων,

2220 4670 2269 4721 εί
2301 4669 2449 4739 ἡμᾶς
2480 4668 2694 4738 ἀπατᾷν
2726 4667 3048 4737 ἐπιχειρεῖς,
3084 4665 3195 4719 ἀλλ’
3228 4663 3649 4735 ἐκπεπλήγμεθα
3679 4664 3788 4717 τίνι

2218 4757 2361 4829 λόγῳ
2390 4757 2484 4815 καὶ
2515 4757 2703 4812 ἑαυτὸν
2732 4758 2963 4828 ἀπατᾷς.
2996 4757 3137 4827 Λέγε
3169 4775 3279 4828 μοι,
3307 4750 3352 4809 ὦ
3383 4757 3581 4826 Σίμων,
3609 4755 3658 4807 εί
3694 4755 3789 4807 καὶ

2219 4850 2329 4904 τῶν
2350 4850 2522 4905 ἀλλων
2540 4851 2719 4913 οὐδεὶς
2742 4849 3217 4923 πεπληροφόρηται
3241 4849 3501 4905 ἀθάνατον
3531 4843 3665 4900 εἶναι
3685 4848 3789 4918 τὴν

2219 4943 2419 5015 ψυχὴν,
2452 4943 2564 5000 ἀλλ’
2597 4940 2690 4996 οὖν
2716 4958 2781 5011 γε
2811 4944 2875 4995 σῦ
2909 4943 3001 4995 καὶ
3031 4945 3211 5015 ἡμεῖς,
3248 4942 3312 4995 σὺ
3348 4941 3445 5011 μὲν
3473 4941 3549 5003 ὠς
3572 4939 3787 5010 ἀνθρω-

2221 5037 2373 5089 πείου
2408 5034 2655 5106 σώματος
2687 5034 2927 5106 χωρίσας
2951 5035 3119 5107 αὐτὴν
3142 5034 3237 5089 καὶ
3265 5033 3661 5106 προσομιλήσας
3692 5033 3789 5086 καὶ

2219 5125 2505 5192 ἐπιτάξας,
2537 5128 2700 5197 ήμεῖς
2730 5127 2787 5184 δὲ
2819 5126 2896 5191 ὡς
2931 5127 3309 5199 συμπαρόντες
3340 5125 3432 5179 καὶ
3464 5124 3562 5195 τὴν
3593 5123 3788 5177 ἐπιτα-

2220 5218 2324 5290 γὴν
2354 5219 2679 5282 ἀκούσαντες
2722 5220 2815 5277 καὶ
2845 5216 2907 5272 τὸ
2943 5218 3225 5273 κελευσθὲν
3261 5218 3309 5249 ⁸⁸
3346 5216 3589 5289 ἐναργῶς
3639 5215 3787 5269 ίστο-

1816 5373 2051 5428 γΑῐὶΙΑΞ
2115 5370 2411 5429 LECTION
2422 5372 2522 5429 ES.

628 5491 673 5524 “
689 5491 805 5545 ἀλλ’
836 5492 901 5548 C.
974 5494 1018 5529 "
1038 5491 1351 5562 ἀπέστημεν
1370 5491 1463 5545 ἀπ’
1489 5490 1652 5545 αὐτοῦ
1680 5490 1742 5545 C.
1818 5490 2242 5562 ⁸⁸νίστορήκαμεν
2268 5490 2329 5545 C.
2368 5489 2522 5562 Deest
2536 5488 2630 5542 καί
2659 5484 3230 5562 ιιιιιθμέτερτιόμεθαᾴἱιι
3397 5483 3441 5514 ⁸⁸
3474 5482 3684 5562 θεότητε

546 5562 591 5592 ’θ
618 5562 719 5614 οὐκ
751 5562 829 5614 ἔτι
845 5562 905 5618 C.

1011 5534 1174 5618 ιῖῖἰῖ
1189 5534 1353 5633 EB};
1371 5534 1449 5615 ΞΤ
1470 5534 1554 5633 ἔθ’
1569 5534 1650 5616 ’ἐῖ
1667 5534 1758 5633 ὅς.
1791 5534 1932 5613 ναῶν
1947 5534 2522 5630 ἱζέᾷὦῗὲὰξῆᾗῧ⁷
2540 5534 3101 5633 Ξᾶιὶᾷἐᾷᾢθῆζρᾘζῖί⁷
3116 5534 3412 5633 ῖίιλεῖξρνα
3454 5534 3785 5633 ndigens;

543 5648 592 5683 υ.
620 5632 705 5702 ,29
726 5671 742 5691 .
767 5647 930 5701 quam
969 5649 1081 5702 seq.
1112 5633 1169 5687 S.
1241 5622 1291 5664 ⁸³
1310 5631 1426 5686 Non
1457 5631 1603 5695 Cot.,
1630 5629 1752 5702 ut_S
1800 5644 1991 5702 parum
2017 5622 2531 5702 accurateadimmt,
2562 5622 2741 5702 sedill
2791 5622 2957 5702 edidit
2979 5622 3227 5702 ὑπέχετο.
3297 5623 3352 5702 _”
3373 5622 3681 5702 παύσασθαι
3701 5623 3777 5702 Ὀ.

547 5702 589 5772 ’ἕ
619 5698 696 5754 Ita
719 5690 838 5772 cod.
863 5702 967 5757 804
997 5690 1060 5757 ρι’
1083 5703 1127 5758 Ο
1158 5745 1171 5765 ,
1203 5721 1262 5757 τε
1285 5703 1346 5757 C.
1421 5702 1467 5733 “
1492 5690 1631 5771 μέγα
1662 5699 1726 5772 C.
1757 5690 1840 5772 ,κί’
1863 5700 1958 5772 τὴν
1987 5699 2107 5772 τοῦ⁸
2125 5699 2408 5772 ἀνθρώπου
2446 5690 2676 5772 ψυχήνο
2707 5739 2725 5767 ,
2751 5699 2840 5770 qui
2864 5690 3118 5766 deinceps
3141 5696 3353 5766 ἀπατᾷν
3382 5694 3543 5764 ἡμᾶς.
3621 5693 3666 5723 ⁵⁸⁸
3698 5690 3777 5745 Ita

548 5770 590 5817 ⁸)
617 5812 635 5833 .
678 5786 726 5826 c.
752 5771 789 5826 S
818 5810 833 5837 ,
868 5773 1117 5829 κελευθέν
1140 5775 1203 5831 C.
1233 5774 1369 5831 Ante
1401 5768 1581 5843 Σίμων
1608 5770 1788 5827 addidi
1813 5768 1960 5825 καὶὸ
1993 5788 2040 5826 c.
2072 5768 2133 5825 Ο.
