4068 6338
531 336 601 393 99
1342 323 1400 379 S.
1439 317 1823 376 ΕΠΙΜΕΝΙΊὸ
1861 316 1877 370 I
1911 314 2074 370 IIOM.

2207 311 2313 365 NT.
2355 309 2581 365 OPERA
2618 308 2703 364 DU
2714 306 2842 360 BIA.

3660 305 3759 363 100

533 457 662 524 quia
685 448 831 504 maio
859 443 1090 500 facinori
1117 443 1552 514 aditu-amentum
1571 433 1884 504 przetulerit.
1905 432 2094 484 Simon

2206 429 2318 499 σθη,
2370 427 2596 481 θάνατον
2644 426 2772 495 ἡμῖν
2813 421 3130 494 ἀπειλήσας,
3165 421 3317 492 εἰμὴ
3358 420 3426 473 τὰ
3474 420 3564 474 ὑπ’
3597 422 3764 477 αὐτοῦ

536 559 664 598 vero
709 541 794 596 bis
841 540 1072 597 auditis.
1114 537 1191 589 ira
1229 534 1500 602 percitus,
1533 541 1792 591 mortem,
1825 524 1928 578 nisi
1978 537 2100 591 quae

537 649 781 705 gesserat.
804 644 1127 691 taceremus,
1164 625 1401 678 minatus
1427 633 1529 676 est.
1625 679 1632 686 .

609 725 820 778 XXXII.
855 724 1147 792 Postquam
1178 718 1371 788 Aquila
1409 717 1523 770 haec
1546 715 1704 776 dixit,
1725 729 1824 779 ego
1845 710 2100 766 Clemens

540 813 886 883 interrogavi,
922 823 1169 880 quamam
1216 813 1398 860 essent
1427 801 1688 856 miracula
1729 816 1850 869 qua:
1877 797 2096 852 faceret.

541 905 618 958 Illi
651 920 778 959 vero
802 901 1201 970 responderunt
1226 897 1357 951 milii
1388 913 1401 948 :
1432 894 1583 949 Facit
1606 903 1666 947 ut
1693 901 1883 946 statuae
1909 890 2100 943 ambu-

541 1003 682 1053 lentz
706 997 756 1049 in
795 999 913 1064 igne
936 993 1188 1046 volutans
1213 1006 1292 1056 se,
1324 1003 1430 1042 non
1464 987 1672 1050 uritur;
1702 983 1972 1038 interdum
2007 996 2100 1033 vo-

542 1100 652 1155 tat,
716 1105 783 1145 ex
837 1087 1107 1157 lapidibus
1167 1100 1334 1154 panes
1390 1081 1554 1145 facit,
1607 1091 1829 1147 serpens
1879 1075 1976 1136 lit,
2043 1074 2099 1128 in

541 1201 759 1255 capram
783 1180 1224 1244 translormatur,
1262 1175 1400 1229 duas
1433 1173 1600 1227 facies
1631 1169 1895 1231 ostendit,
1923 1168 1976 1220 in
2003 1182 2102 1219 au-

544 1295 664 1332 rum
693 1274 1045 1335 convertitur,
1071 1279 1252 1340 portas
1275 1267 1521 1322 occlusas
1545 1263 1736 1332 aperit,
1764 1261 1962 1315 ferrum
1993 1260 2101 1315 sol-

542 1372 640 1432 vit,
690 1370 743 1422 in
777 1366 1035 1421 conviviis
1078 1361 1368 1418 simulacra
1413 1356 1710 1412 formarum
1752 1353 2100 1423 omnigenum

543 1464 794 1527 exhibet;
820 1460 947 1513 facit
975 1467 1035 1512 ut
1075 1457 1128 1510 in
1161 1455 1326 1510 domo
1355 1467 1486 1504 vasa
1523 1459 1712 1519 sponte
1743 1448 1868 1502 ferri
1897 1447 1965 1501 ad
1999 1447 2103 1500 mi-

546 1554 829 1609 nisterium
864 1551 1169 1613 videantur,
1197 1562 1294 1601 nec
1316 1551 1608 1600 cernantur
1644 1542 1736 1612 qui
1762 1540 1962 1594 ferunt.
1995 1536 2101 1594 Ista

546 1651 910 1700 memorantes
952 1638 1182 1694 audiens
1227 1637 1491 1691 mirabar.
1534 1632 1895 1687 Testabantur
1919 1638 2099 1684 autem

548 1734 717 1788 multa
743 1731 870 1785 talia
893 1744 951 1783 se
980 1728 1183 1783 vidisse
1203 1725 1307 1796 ipsi
1343 1724 1436 1794 qui
1470 1725 1717 1777 aderant.

617 1914 854 1969 XXXIII.
877 1913 971 1967 llis
992 1914 1064 1966 ita
1083 1909 1371 1971 enarratis,
1401 1906 1695 1977 praeclarus
1711 1902 1903 1956 Petrus
1917 1910 1970 1954 et
1991 1899 2106 1968 ipse

547 2010 709 2079 cmpit
731 2009 909 2061 dicere
942 2023 954 2058 :
986 2004 1342 2058 Considerare
1370 2015 1464 2054 vos
1500 2007 1729 2068 oportet,
1764 1995 1978 2055 lintres,
2022 2005 2107 2044 re-

550 2102 687 2170 gula:
712 2097 1112 2167 conjugationis
1147 2095 1446 2160 veritatem,
1465 2108 1495 2146 a
1523 2106 1629 2160 qua
1663 2088 1845 2157 regula
1884 2087 1976 2154 qui
1996 2097 2104 2135 non

549 2190 854 2254 recesserit,
890 2205 997 2242 non
1031 2186 1230 2257 poterit
1263 2198 1466 2240 errare.
1500 2182 1764 2248 Quoniam
1793 2177 2022 2241 scilicet,
2049 2181 2106 2227 ut

548 2282 810 2343 diximus,
841 2278 1022 2333 omnia
1049 2276 1324 2331 cernimus
1364 2287 1484 2328 sese
1519 2271 1720 2325 habere
1759 2264 2012 2336 bipartito
2039 2273 2107 2317 ac

549 2371 846 2434 contrarie,
873 2377 928 2422 et
954 2364 1413 2438 quemadmodum
1442 2363 1616 2433 primo
1645 2367 1730 2414 est
1753 2373 1882 2423 nox,
1913 2353 2107 2409 deinde

549 2463 691 2528 dies,
713 2470 767 2516 et
787 2461 1020 2530 primum
1046 2457 1372 2529 ignorantia,
1407 2463 1592 2522 postea
1625 2449 1880 2521 cognitio,
1908 2456 1962 2502 et
1995 2445 2106 2514 pri-

551 2571 642 2611 mo
661 2555 904 2619 morbus,
928 2553 1051 2605 inde
1067 2550 1294 2614 sanitas;
1313 2548 1387 2600 ita
1405 2546 1640 2616 primum
1657 2558 1812 2598 error
1842 2538 2104 2593 mundmn

550 2656 813 2717 occupat,
856 2645 1044 2713 sicque
1078 2652 1200 2711 post
1238 2641 1440 2695 veritas
1475 2634 1804 2708 supervenit,
1836 2641 1896 2687 ut
1936 2629 2107 2684 medi-

552 2757 651 2796 cus
673 2743 885 2794 morbo.
921 2737 1112 2790 Statim
1149 2736 1331 2803 itaque
1357 2745 1420 2786 ac
1448 2729 1557 2784 Deo
1585 2729 1758 2783 amica
1775 2741 1906 2797 gens
1921 2736 2104 2780 nostra

550 2832 619 2885 ab
641 2827 1019 2899 Egyptiorun:
1047 2824 1332 2879 vexatione
1357 2819 1631 2874 liberanda
1673 2817 1792 2880 fuit,
1817 2817 1968 2886 prius
2013 2831 2106 2884 per

550 2935 670 2975 eam
715 2921 919 2989 virgam
956 2932 1078 2985 qua:
1118 2915 1170 2968 in
1207 2920 1509 2980 serpentem
1551 2923 1705 2962 versa
1736 2906 1931 2972 fuerat,
1957 2921 2106 2976 qua:-

551 3027 658 3083 que
689 3012 885 3066 tradita
920 3017 1037 3062 erat
1075 3005 1312 3065 Aaroni,
1355 3000 1530 3054 morbi
1568 2998 1695 3053 lacti
1725 3006 1884 3062 sunt,
1918 2997 2104 3066 sicque

2200 521 2542 592 πραττόμενα
2569 515 2880 586 σιωπῶμεν.

2272 693 2483 747 XXXII.
2520 692 2706 747 Ταῦτα
2735 689 2830 744 τοῦ
2876 689 3072 743 Ἀκύλα
3102 687 3367 750 είπὸντος,
3398 683 3506 756 ἐγὼ
3533 686 3769 758 Κλήμης

2199 788 2495 858 ἐπυθόμην,
2533 786 2653 838 τίνα
2701 785 2806 855 ἄρα
2848 777 2993 835 ἐστὶν
3031 781 3066 835 ἃ.
3096 785 3235 833 ποιεῖ
3263 779 3556 850 θαυμάσια.
3607 775 3669 831 Oi
3709 779 3768 832 δὲ

2199 879 2380 948 ἔλεγόν
2413 895 2519 948 μοι,
2553 878 2634 929 ὅτι
2667 875 2980 946 ἀνδριάντας
3014 874 3120 943 (5|)
3155 875 3295 926 ποιεῖ
3323 867 3634 941 περιπατεῖν
3675 869 3771 924 καὶ

2201 973 2290 1024 ἐπὶ
2327 970 2435 1041 πῦρ
2467 968 2780 1038 κυλιόμενος
2811 967 2872 1018 ού
2918 967 3148 1019 καίεται·
3189 962 3358 1016 ἐνίοτε
3390 963 3446 1015 δὲ
3478 964 3570 1015 καὶ
3602 966 3768 1016 nemo

2199 1080 2306 1116 ται·
2343 1064 2435 1115 καὶ
2458 1063 2521 1113 ἐκ
2545 1061 2704 1112 λίθων
2728 1061 2920 1130 ἄρτους
2950 1062 3108 1110 ποιεῖ’
3136 1051 3256 1126 ὄφις
3285 1053 3512 1124 γίνεται,
3535 1049 3612 1116 είς
3635 1049 3765 1122 αἶγα

2203 1152 2664 1225 μεταμορφοῦται,
2701 1150 3040 1222 διπρόσωπος
3077 1151 3300 1219 γίνεται,
3333 1151 3411 1212 είς
3439 1143 3636 1219 χρυσὸν
3669 1165 3766 1218 με-

2199 1246 2534 1300 ταϐάλλεται·
2562 1244 2727 1316 θύρας
2748 1243 3134 1313 κεκλεισμένας
3165 1241 3389 1311 ἀνοίγει,
3430 1239 3770 1310 σίδηρονθθ

2200 1340 2334 1402 λύει,
2371 1341 2428 1391 ὲν
2457 1337 2690 1400 δείπνοις
2721 1335 2910 1390 εἴδωλα
2943 1335 3296 1387 παντοδαπῶν
3347 1333 3498 1386 ἰδεῶν
3520 1333 3568 1364 ⁷ο
3605 1333 3769 1402 παρί-

2203 1449 2389 1503 στησιν
2413 1446 2429 1461 '
2471 1429 2542 1483 τὰ
2587 1430 2644 1482 ἐν
2682 1428 2828 1499 οἰκίᾳ
2870 1427 3035 1498 σκεύη
3077 1427 3152 1488 ὡς
3182 1417 3458 1496 αὐτόματα
3493 1425 3770 1496 φερόμενα

2200 1522 2336 1593 πρὸς
2380 1519 2682 1591 ὑπηρεσίαν
2717 1515 3005 1590 βλέπεσθαι
3055 1521 3212 1580 ποιεῖ,
3246 1508 3351 1570 τῶν
3395 1517 3665 1588 φερόντων
3705 1516 3767 1568 ού

2203 1611 2562 1684 βλεπομένων.
2603 1605 2786 1664 Ταῦτα
2831 1611 3009 1664 αὐτῶν
3053 1610 3316 1678 λεγόντων
3366 1609 3574 1663 ἀκούων
3605 1611 3769 1665 ἐθαύο

2205 1709 2389 1779 μαζόν.
2417 1705 2653 1777 Ἑμαρτύ
2663 1720 2786 1776 ρουν
2810 1703 2866 1756 δὲ
2888 1696 3189 1755 πολλάτίτά
3212 1700 3434 1754 τοιαῦτα
3455 1703 3604 1754 αὐτοὶ
3629 1717 3774 1774 παρ-.

2132 1771 2177 1826 Β
2205 1771 2364 1862 όντες
2380 1799 2427 1829 ”
2460 1771 2822 1868 ἱστορηκέναι.

2274 1909 2508 1964 XXXIII.
2529 1909 2744 1962 Τούτων
2757 1908 2927 1972 οὕτως
2952 1907 3257 1982 ρηθέντωνό
3271 1906 3432 1970 καλὸς
3453 1907 3654 1978 Πέτρος
3673 1907 3770 1963 καὶ

2205 2002 2365 2066 αὐτὸς
2395 2001 2489 2056 τοῦ
2520 2001 2700 2070 λέγειν
2721 2000 2936 2072 ἤρξατοο
2963 2001 3195 2070 Συνορᾷν
3226 1999 3368 2068 ὑμᾶς
3397 1998 3494 2062 δεῖ,
3528 1998 3767 2067 ἀδελφοὶ.

2203 2094 2298 2148 τοῦ
2326 2095 2424 2166 τῆς
2457 2093 2713 2162 συζυγίας
2745 2091 2962 2154 κανόνος
2988 2093 3084 2162 τὴν
3114 2089 3388 2160 ἀλήθειαν,
3430 2084 3490 2142 οῦ
3539 2090 3610 2161 μὴ
3643 2090 3771 2158 ἀφι-

2207 2186 2468 2256 στάμενός
2491 2203 2574 2248 τις
2587 2186 2686 2238 ούκ
2705 2183 2816 2254 ἔχει
2832 2183 3182 2254 πλανηθῆναι.
3214 2181 3366 2234 Ἐπεὶ
3396 2180 3522 2250 γὰρ,
3543 2181 3617 2243 ὼς
3639 2181 3770 2250 ἔφα-

2209 2294 2306 2348 μεν
2325 2277 2395 2340 ’³,
2426 2276 2624 2339 δυῖκῶς
2655 2277 2748 2330 καὶ
2790 2274 3044 2336 ἐναντίως
3087 2274 3268 2328 πάντα
3298 2273 3487 2343 ἔχοντα
3517 2271 3769 2343 ὁρῶμεν,

2206 2371 2301 2423 καὶ
2320 2370 2396 2433 ὡς
2423 2369 2616 2442 πρώτη
2644 2370 2774 2437 νὺξ,
2807 2364 2924 2422 εἶτα
2952 2368 3153 2440 ἡμέρα,
3185 2367 3276 2422 καὶ
3312 2366 3521 2439 πρῶτον
3560 2367 3770 2432 ἄγνοια,

2206 2456 2328 2515 εἶτα
2349 2459 2569 2528 γνῶσις,
2599 2462 2694 2516 καὶ
2711 2462 2760 2494 ⁷⁸
2787 2461 3000 2532 πρῶτον
3031 2460 3183 2522 νόσος
3205 2498 3223 2522 ,
3255 2453 3559 2522 εἷταηῖασις,
3595 2457 3771 2522 οὕτως

2205 2553 2403 2626 πρῶτά
2425 2552 2496 2606 τά
2519 2554 2618 2625 τῆς
2645 2553 2854 2625 πλάνης
2878 2553 2956 2624 τῷ
2982 2553 3081 2624 βίῳ
3112 2551 3351 2622 ἔρχεται,
3379 2545 3478 2603 εἷθ’
3504 2549 3677 2614 οὕτως
3710 2551 3776 2606 τὸ

2205 2646 2398 2717 ἀληθὲς
2431 2645 2740 2717 ἐπέρχεται,
2774 2646 2849 2709 ὡς
2867 2648 2932 2716 τῇ
2962 2646 3098 2715 νόσῳ
3121 2647 3151 2697 ό
3183 2644 3380 2714 ἰατρός.
3407 2643 3613 2696 Αὐτίκα
3640 2643 3774 2712 γοῦν

2205 2737 2298 2789 τοῦ
2339 2736 2614 2806 θεοφιλοῦς
2644 2737 2799 2808 ἡμῶν
2841 2737 3024 2800 ἔθνους
3062 2733 3168 2789 ἀπὸ
3194 2737 3291 2806 τῆς
3325 2734 3433 2787 τῶν
3463 2736 3772 2802 Αἰγυπτίων

2205 2829 2498 2900 κακουχίας
2550 2830 2826 2900 μέλλοντος
2872 2829 3227 2901 λυτροῦσθαι,
3281 2827 3492 2898 πρῶτον
3535 2827 3622 2881 διὰ
3670 2826 3774 2897 τῆς

2205 2922 2526 2992 ὀφιωθείσης
2550 2922 2765 2994 ῥάϐδου,
2797 2924 2918 2994 ἥτις
2955 2921 3032 2992 τῷ
3077 2920 3281 2991 Ἀαρὼν
3320 2919 3495 2991 ἐδόθη,
3534 2920 3588 2972 αἱ
3626 2919 3772 2972 νόσοι

2206 3015 2462 3082 ἐγίνοντο,
2493 3015 2586 3066 καὶ
2615 3009 2712 3068 εἶθ’
2743 3014 2916 3078 οὕτως
2944 3014 3128 3086 εὐχαῖς
3157 3012 3430 3074 Μωῡσέως
3445 3012 3492 3042 ⁷⁸
3523 3012 3576 3063 αἱ
3601 3010 3774 3073 ἰάσεις

551 3115 738 3174 postea
779 3102 1030 3172 precibus
1061 3097 1261 3166 Moysis
1296 3093 1558 3148 sanitates
1586 3100 1715 3146 sunt
1744 3089 1998 3145 inductae.
2042 3087 2104 3142 Et

2207 3103 2552 3176 ἐπεφέροντο.
2585 3106 2694 3158 Καὶ
2713 3105 2808 3158 νῦν
2828 3105 2884 3158 δὲ
2905 3106 3010 3158 τῶν
3035 3104 3200 3158 ἐθνῶν
3231 3103 3526 3175 μελλόντων
3546 3102 3653 3155 ἀπὸ
3673 3103 3774 3173 τῆς

553 3209 698 3247 nunc
726 3205 942 3261 quoque
962 3231 975 3255 ,
1008 3203 1131 3243 cum
1179 3194 1364 3257 gentes
1393 3184 1460 3238 ab
1495 3182 1763 3237 idolorum
1794 3181 1942 3236 cultu
1971 3180 2106 3235 Iibe-

551 3285 660 3339 rari
685 3284 957 3344 deberent,
992 3281 1185 3332 iterum
1211 3277 1440 3342 malitia,
1470 3277 1628 3348 quasi
1661 3276 1774 3344 ipsa
1809 3274 2104 3342 imperans,

551 3373 888 3443 anticiparit,
933 3385 1202 3440 suumque
1234 3370 1378 3423 velut
1419 3377 1721 3436 serpentem
1754 3365 1903 3420 misit
1932 3365 1984 3418 in
2013 3364 2109 3418 ad-

547 3465 845 3535 jutorium,
889 3463 1135 3518 videlicet
1176 3477 1337 3531 quem
1389 3459 1610 3515 cernitis
1651 3458 1963 3523 Simonem,
2009 3455 2107 3526 qui

554 3557 693 3610 inira
720 3554 850 3610 facit
883 3555 948 3608 ad
974 3563 1250 3623 stuporem
1276 3567 1339 3606 ac
1369 3551 1760 3621 deccptionem,
1788 3565 1895 3604 non
1927 3559 2107 3603 tamen

553 3649 706 3718 signa
747 3647 1005 3701 salutaria
1036 3645 1102 3700 ad
1131 3645 1539 3700 conversionem
1567 3659 1631 3698 ac
1673 3644 1925 3698 salutem.
1956 3641 2106 3706 Quo-

553 3740 699 3795 clrca
725 3755 822 3793 vos
853 3746 1099 3808 oportet,
1126 3753 1193 3792 ex
1227 3735 1506 3790 miraculis
1531 3750 1652 3804 quae
1691 3733 1846 3797 ﬁunt,
1873 3730 2109 3786 factores

552 3838 854 3896 attendere,
887 3831 1013 3900 quis
1039 3830 1327 3899 cujusuam
1363 3829 1435 3883 sit
1464 3826 1768 3898 operarius.
1799 3825 1856 3879 Si
1895 3822 2109 3878 inutilia

553 3923 812 3977 miracula
842 3922 975 3985 edit,
1009 3922 1226 3976 malitiae
1260 3927 1345 3974 est
1368 3919 1641 3986 minister;
1673 3917 1757 3973 sin
1779 3931 1908 3972 vero
1935 3915 2107 3980 utilia,

551 4019 682 4074 boni
703 4025 785 4072 est
813 4031 1031 4086 praeses.

623 4128 862 4184 XXXIV.
898 4127 1068 4183 Porro
1097 4126 1311 4180 inutilia
1348 4126 1607 4181 miracula
1649 4133 1814 4190 sunt,
1857 4139 1977 4194 quae
2005 4124 2116 4179 edi-

2209 3198 2402 3252 κατάη
2425 3199 2494 3252 τὰ
2523 3199 2713 3252 εἴδωλα
2740 3198 3061 3270 λυτροῦσθαι
3081 3198 3390 3269 θρησκείας,
3414 3199 3448 3267 ἡ
3475 3196 3639 3248 κακία
3662 3195 3772 3248 πά-

2208 3289 2310 3354 λιν,
2361 3289 2440 3354 ὡς
2490 3291 2626 3360 αὐτὴ
2673 3289 3055 3360 βασιλεύουσα,
3107 3288 3512 3360 προλαϐοῦσα”
3559 3289 3774 3360 πρῶτον

2207 3382 2298 3435 τὸν
2334 3381 2531 3452 ἑαυτῆς
2559 3381 2744 3453 ὥσπερ
2787 3383 2907 3452 ὅφιν
2950 3381 3159 3452 ἔπεμψε
3191 3381 3490 3452 σύμμαχον,
3515 3382 3574 3434 δν
3608 3384 3772 3453 ὁρᾶτε

2209 3474 2444 3544 Σίμωνα,
2468 3474 2718 3528 ποιοῦντα
2738 3474 3012 3546 θαυμάσια
3033 3474 3168 3545 πρὸς
3188 3473 3518 3544 κατάπληξιν
3539 3474 3773 3545 και-67

2207 3565 2442 3637 ἀπάτην,
2473 3567 2532 3619 οὐ
2553 3568 2749 3638 σημεῖα
2773 3565 2954 3620 ίατικὰ
2974 3565 3107 3639 πρὸς
3128 3565 3456 3636 ὲπιπροφὴν
3478 3565 3571 3618 καὶ
3595 3580 3771 3635 σωτη-

2213 3657 2350 3728 ρίαν.
2386 3657 2477 3710 Διδ
2505 3659 2599 3732 καὶ
2625 3659 2767 3730 ὑμᾶς
2788 3658 2896 3711 ἀπὸ
2923 3658 3028 3710 τῶν
3053 3657 3351 3727 γινομένων
3375 3657 3622 3726 τεράτων
3645 3658 3775 3719 τοὺς

2211 3748 2492 3814 ποιοῦντας
2530 3753 2668 3804 νοεῖν
2709 3751 2814 3814 δεῖ,
2868 3750 2952 3814 τίς
2991 3749 3134 3812 τίνος
3173 3750 3315 3802 ἐστὶν
3353 3747 3604 3821 ἐργάτης.
3649 3748 3775 3801 Ἐὰν

2209 3840 2454 3912 ἀνωφελῆ
2504 3845 2631 3913 ποιῇ
2675 3842 2907 3913 τέρατα,
2937 3841 3134 3904 κακίας
3171 3841 3316 3894 ἐστὶν
3349 3839 3636 3910 ύπουργός·
3677 3839 3776 3892 ὲάν

2214 3932 2266 3984 δὲ
2291 3934 2546 4006 ἐπωφελῆ
2571 3933 2804 4006 πράττῃ,
2831 3933 2925 3986 τοῦ
2957 3932 3161 4002 ἀγαθοῦ
3193 3933 3338 3985 ἐστὶν
3354 3929 3590 4003 ἡγεμὼν.

2279 4131 2521 4187 XXXIV.
2563 4133 2642 4187 Τά
2679 4133 2776 4203 μὲν
2819 4129 2911 4186 οῦν
2957 4133 3202 4202 ἀνωφελῆ
3242 4131 3356 4184 ἐστὶ
3391 4133 3588 4202 σημεῖα
3613 4170 3628 4192 ,
3674 4133 3776 4185 ὅσα

552 4223 704 4278 disse
728 4222 1010 4276 Simonem
1039 4220 1278 4281 dixistis.
1317 4217 1485 4288 quod,
1509 4219 1762 4288 inquam,
1787 4224 1997 4272 statuas
2034 4215 2104 4270 l‘a-

2212 4224 2365 4280 αύτοὶ
2399 4225 2614 4296 Σίμωνα
2647 4226 2907 4296 εἰρήκατε
2941 4223 3318 4294 πεποιηκέναι’
3339 4222 3480 4290 λέγω
3507 4223 3560 4275 δὲ
3591 4222 3651 4276 τό
3683 4225 3777 4277 ἀν-

555 4319 664 4372 ciat
692 4319 994 4384 ambulare,
1021 4315 1166 4386 quod
1199 4330 1363 4385 supra
1390 4313 1658 4368 carbones
1686 4312 1881 4382 ignitos
1910 4311 2104 4365 volutet

2212 4318 2464 4390 δριάντας
2485 4317 2644 4371 αὑτὸν
2677 4319 2848 4369 ποιεῖν
2883 4317 3218 4386 περιπατεῖν,
3247 4313 3338 4367 καὶ
3371 4313 3429 4367 τό
3459 4316 3544 4367 ἐπ’
3573 4314 3777 4381 ἀνθρά-

555 4425 634 4471 se,
659 4408 801 4476 quod
823 4409 989 4462 draco
1017 4407 1127 4472 ﬁat,
1149 4405 1203 4459 in
1230 4420 1447 4474 capram
1475 4403 1914 4470 transformetur,
1939 4401 2104 4471 quod-

2215 4428 2324 4463 κων
2351 4409 2507 4462 αὑτὸν
2541 4407 2946 4481 πεπυρωμένων
2967 4408 3014 4438 ⁷⁸
3047 4407 3338 4469 κυλίεσθαι,
3374 4409 3466 4460 καὶ
3510 4407 3777 4480 δράκοντα

553 4515 659 4564 que
691 4499 742 4551 in
782 4513 905 4551 acre
934 4499 1096 4561 volet,
1124 4513 1187 4551 ac
1223 4497 1422 4551 similia
1463 4497 1587 4560 alia,
1619 4511 1740 4565 qua:
1769 4511 1890 4549 eum
1923 4496 1986 4550 ad
2015 4511 2106 4550 sa-

555 4591 764 4644 nandos
793 4589 1041 4644 homines
1066 4605 1174 4644 non
1206 4590 1361 4655 tiant,
1388 4590 1453 4644 ad
1488 4590 1689 4644 multos
1721 4587 1982 4644 fallendos
2009 4605 2111 4646 na-

556 4691 677 4735 tura
722 4689 1032 4748 eomparata
1075 4690 1221 4735 sunt.
1270 4679 1530 4736 Miracula
1575 4694 1705 4733 vero
1746 4678 2116 4734 misericordis

558 4775 796 4829 veritatis
829 4774 1186 4828 humanitatis
1228 4775 1387 4844 plena
1418 4782 1564 4840 sunt,
1598 4773 1782 4844 qualia
1825 4771 2112 4827 Dominum

2214 4502 2477 4572 γίνεσθαι,
2503 4503 2580 4565 εἰς
2601 4497 2730 4569 αἶγα
2753 4501 3259 4572 μεταμορφωθῆναι,
3296 4501 3375 4563 είς
3401 4502 3535 4574 ἀέρα
3552 4503 3774 4573 πτῆναι,

2215 4595 2310 4647 καὶ⁹
2342 4594 2440 4646 ὃσα
2471 4592 2693 4646 τοιαῦτά
2721 4610 2858 4655 τινα,
2901 4593 2979 4654 είς
3013 4593 3154 4645 ἴασιν
3187 4591 3486 4664 ἀνθρώπων
3525 4594 3597 4664 μὴ
3625 4593 3774 4661 γινόο

2222 4681 2375 4756 μενα,
2409 4686 2812 4757 προσαπατᾷν⁷⁹
2843 4684 2998 4754 φύσιν
3030 4684 3141 4754 ἔχει
3186 4684 3431 4747 πολλούς.
3467 4684 3547 4736 Τὰ
3577 4684 3633 4736 δὲ
3677 4685 3777 4755 τῆς

2219 4776 2556 4848 οίκτίρμονος
2581 4776 2830 4847 ἀληθείας
2852 4776 3049 4846 σημεῖά
3074 4777 3188 4827 ἐστι
3214 4775 3582 4846 φιλάνθρωπα,
3618 4773 3778 4828 ἅτινα

1817 4906 2054 4963 νΑιιιΕ
2121 4908 2520 4966 LECTIONES.

622 5030 669 5062 "
692 5027 872 5081 είδεῶν
892 5027 954 5082 C.
1030 5028 1074 5098 ξ¹¹
1096 5026 1277 5080 πολλοί
1307 5026 1369 5081 C.
1441 5025 1652 5083 "Ilanc
1675 5027 2136 5083 constructionem
2165 5043 2271 5081 non
2301 5029 2535 5082 admittit
2567 5029 2748 5098 lingua
2778 5028 2982 5092 Gmra,
3010 5045 3132 5084 nam
3165 5028 3327 5085 scribi
3359 5030 3543 5084 debuit
3583 5031 3781 5096 αὐτοὺς

556 5103 842 5170 παρόντας.
878 5098 981 5170 Sed
1020 5097 1229 5170 facilior
1254 5107 1336 5152 est
1364 5098 1681 5170 emendandi
1711 5099 1899 5170 ratlo_:
1925 5099 2318 5170 prorsusenim
2352 5099 2632 5170 legendum
2655 5097 2842 5170 αὐτόθι
2869 5100 3144 5170 παρόντες.
3173 5100 3232 5154 D.
3265 5100 3368 5154 Sed
3405 5109 3582 5168 potest
3612 5103 3778 5156 etiam

557 5163 712 5223 lectio
741 5170 860 5240 cod.
895 5168 1026 5238 Reg.
1055 5168 1182 5240 ferri
1205 5207 1219 5231 ,
1270 5180 1350 5240 est
1399 5168 1543 5240 enim
1585 5169 1717 5222 ordo
1767 5163 2059 5240 verborum
2098 5163 2278 5240 πολλοὶ
2334 5163 2484 5221 αὐτοὶ
2529 5163 3178 5240 νπαρόντεςίὲμαρτύρουν
3204 5171 3271 5224 τὰ
3302 5163 3524 5223 τοιαῦτα
3560 5179 3781 5237 (nempe

553 5238 800 5310 ἑαυτοὺς)
865 5235 1340 5310 ἱστορηκέναιηϐι.
1383 5237 1655 5310 Ἑοτιοξδε
1681 5253 1779 5310 pro
1795 5235 1961 5310 ᾼαύτοί
1993 5237 2299 5310 ponendum
2348 5247 2430 5310 est
2476 5235 2697 5310 adverb._
2723 5239 2825 5310 loci
2849 5235 2990 5310 αὐτῇ
3023 5235 3184 5310 (idem
3214 5257 3275 5294 ac
3299 5241 3446 5310 τῇδε)
3480 5240 3561 5292 vel
3587 5235 3779 5295 αὑτοῦ.

555 5308 602 5339 ’⁸
622 5296 886 5380 Clu-cap.
920 5296 994 5362 15’
1011 5296 1160 5380 seqq.
1188 5377 1198 5380 _
1237 5308 1392 5380 ’ξκαί
1417 5307 1635 5380 oni._C._
1683 5296 1740 5380 ’7⁵
1758 5296 2021 5367 Μωυσέος
2189 5308 2236 5336 ⁷⁶
2256 5307 2392 5380 μετά
2417 5311 2574 5380 tacite
2596 5308 2812 5377 scripsit
2837 5309 2896 5380 Cl
2926 5349 2943 5374 ,
2965 5296 3282 5380 iit-petiitque
3401 5296 3590 5363 contra
3615 5311 3775 5363 codd.

554 5375 990 5524 ἓξὲξ-Παίςωῷ
1024 5377 1383 5502 ’ὶπροέαϐἓῑς
1399 5379 1458 5431 0.
1535 5375 1644 5431 "0
1693 5378 1744 5432 in
1779 5386 1930 5432 textu
1961 5375 2433 5447 πεπληρωμένων,
2469 5378 2521 5432 in
2559 5375 2726 5448 marg:
2765 5379 2882 5434 ead.
2910 5375 3054 5434 man.
3081 5375 3385 5434 correctum
3427 5381 3478 5432 in
3519 5395 3779 5450 πεπυρω-

737 5488 749 5500 .
888 5467 926 5502 π
993 5467 1019 5512 ς
1092 5464 1264 5521 ira-cy
1344 5488 1357 5500 .

737 5488 749 5500 .
829 5464 1019 5521 ’νπρος
1054 5464 1264 5521 απατᾳν
1295 5464 1357 5500 ι..

1852 5557 1937 5609 VA
1951 5553 2214 5610 RIORUM
2247 5555 2478 5611 NOTAE.

618 5649 737 5733 .(51)
789 5652 1174 5733 ἰιι-ξριάνιας,
1215 5661 1317 5733 etc.
1354 5647 1680 5733 'énastasius
1736 5647 2052 5714 Quzestlune
2104 5647 2194 5715 20,
2227 5661 2277 5716 p.
2308 5648 2429 5700 242.
2463 5647 2741 5706 Ccdrenus
2784 5648 3075 5723 Synapseos
3126 5668 3245 5722 pag.
3283 5652 3403 5707 I75.
3435 5650 3773 5723 Nieepliorus

556 5717 681 5778 Hist
723 5717 848 5777 τιτι.
883 5717 974 5776 lib.
1010 5738 1207 5792 It,eap.
1233 5720 1322 5774 27.
1370 5720 1522 5774 (301.!
