  <div class='ocr_page' id='page_1' title='image "/cluster/home/n/w/nwhite01/storage/ocr_20150623/2/hvd.32044073501249/056.png"; bbox 0 0 4068 6338; ppageno 0'>
   <div class='ocr_carea' id='block_1_1' title="bbox 274 327 2388 392">
    <p class='ocr_par' dir='ltr' id='par_1_1' title="bbox 274 327 2388 392">
     <span class='ocr_line' id='line_1_1' title="bbox 274 327 2388 392; baseline -0 -9"><span class='ocrx_word' id='word_1_1' title='bbox 274 330 365 385; x_wconf 75' lang='lat' dir='ltr'><strong>IIII</strong></span> <span class='ocrx_word' id='word_1_2' title='bbox 1243 389 1246 392; x_wconf 84' lang='grc'><strong>,</strong></span> <span class='ocrx_word' id='word_1_3' title='bbox 1403 327 1857 386; x_wconf 70' lang='lat' dir='ltr'><strong>CLEMENTINA.</strong></span> <span class='ocrx_word' id='word_1_4' title='bbox 1897 361 1964 372; x_wconf 88' lang='lat'><strong>--</strong></span> <span class='ocrx_word' id='word_1_5' title='bbox 2001 329 2280 384; x_wconf 59' lang='lat' dir='ltr'><strong>l-IOIIILIA</strong></span> <span class='ocrx_word' id='word_1_6' title='bbox 2323 328 2388 383; x_wconf 86' lang='lat' dir='ltr'><strong>II.</strong></span> 
     </span>
    </p>
   </div>
   <div class='ocr_carea' id='block_1_2' title="bbox 3419 283 3536 388">
    <p class='ocr_par' dir='ltr' id='par_1_2' title="bbox 3419 283 3536 388">
     <span class='ocr_line' id='line_1_2' title="bbox 3419 283 3536 388; baseline 0.043 -10"><span class='ocrx_word' id='word_1_7' title='bbox 3419 283 3536 388; x_wconf 51' lang='grc' dir='ltr'><strong>υἱέ</strong></span> 
     </span>
    </p>
   </div>
   <div class='ocr_carea' id='block_1_3' title="bbox 271 430 1852 518">
    <p class='ocr_par' dir='ltr' id='par_1_3' title="bbox 271 445 1844 518">
     <span class='ocr_line' id='line_1_3' title="bbox 271 445 1844 518; baseline 0 -21"><span class='ocrx_word' id='word_1_8' title='bbox 271 446 538 514; x_wconf 66' lang='grc' dir='ltr'>ἠκούσατε</span> <span class='ocrx_word' id='word_1_9' title='bbox 569 445 660 500; x_wconf 87' lang='grc' dir='ltr'>τδν</span> <span class='ocrx_word' id='word_1_10' title='bbox 685 445 887 518; x_wconf 79' lang='grc' dir='ltr'>Κύριον</span> <span class='ocrx_word' id='word_1_11' title='bbox 921 446 1273 518; x_wconf 81' lang='grc' dir='ltr'><strong>πεποιηκότα,</strong></span> <span class='ocrx_word' id='word_1_12' title='bbox 1307 446 1450 518; x_wconf 87' lang='grc' dir='ltr'>κάμὲ</span> <span class='ocrx_word' id='word_1_13' title='bbox 1488 448 1602 516; x_wconf 81' lang='grc' dir='ltr'>μετ’</span> <span class='ocrx_word' id='word_1_14' title='bbox 1638 447 1844 498; x_wconf 80' lang='grc' dir='ltr'>ἐκεῖνον</span> 
     </span>
    </p>
   </div>
   <div class='ocr_carea' id='block_1_4' title="bbox 1955 430 3521 518">
    <p class='ocr_par' dir='ltr' id='par_1_4' title="bbox 1955 443 3521 518">
     <span class='ocr_line' id='line_1_4' title="bbox 1955 443 3521 518; baseline 0.002 -19"><span class='ocrx_word' id='word_1_15' title='bbox 1955 445 2143 501; x_wconf 75' lang='lat' dir='ltr'><strong>fecisse</strong></span> <span class='ocrx_word' id='word_1_16' title='bbox 2186 443 2461 509; x_wconf 89' lang='lat' dir='ltr'><strong>audiistis,</strong></span> <span class='ocrx_word' id='word_1_17' title='bbox 2495 457 2690 514; x_wconf 85' lang='lat' dir='ltr'><strong>meque</strong></span> <span class='ocrx_word' id='word_1_18' title='bbox 2724 452 2847 514; x_wconf 91' lang='lat' dir='ltr'><strong>post</strong></span> <span class='ocrx_word' id='word_1_19' title='bbox 2878 445 3029 501; x_wconf 87' lang='lat' dir='ltr'><strong>illum</strong></span> <span class='ocrx_word' id='word_1_20' title='bbox 3063 460 3222 518; x_wconf 83' lang='lat' dir='ltr'><strong>prece</strong></span> <span class='ocrx_word' id='word_1_21' title='bbox 3247 446 3484 503; x_wconf 86' lang='lat' dir='ltr'><strong>edidisse</strong></span> <span class='ocrx_word' id='word_1_22' title='bbox 3505 489 3521 514; x_wconf 94' lang='lat'><strong>,</strong></span> 
     </span>
    </p>
   </div>
   <div class='ocr_carea' id='block_1_5' title="bbox 267 534 1846 610">
    <p class='ocr_par' dir='ltr' id='par_1_5' title="bbox 267 534 1846 610">
     <span class='ocr_line' id='line_1_5' title="bbox 267 534 1846 610; baseline 0.003 -22"><span class='ocrx_word' id='word_1_23' title='bbox 267 539 453 606; x_wconf 71' lang='grc' dir='ltr'>εὐχαῖς</span> <span class='ocrx_word' id='word_1_24' title='bbox 486 539 870 610; x_wconf 75' lang='grc' dir='ltr'><strong>κατορθοῦντα·</strong></span> <span class='ocrx_word' id='word_1_25' title='bbox 902 534 975 593; x_wconf 79' lang='grc' dir='ltr'>ὧν</span> <span class='ocrx_word' id='word_1_26' title='bbox 1014 541 1060 572; x_wconf 80' lang='grc'><strong>⁸⁰</strong></span> <span class='ocrx_word' id='word_1_27' title='bbox 1091 542 1140 592; x_wconf 78' lang='lat' dir='ltr'><strong>oi</strong></span> <span class='ocrx_word' id='word_1_28' title='bbox 1163 540 1404 594; x_wconf 83' lang='grc' dir='ltr'>πλεῖστοι</span> <span class='ocrx_word' id='word_1_29' title='bbox 1436 534 1846 610; x_wconf 67' lang='grc' dir='ltr'>παρεστήκατε,</span> 
     </span>
    </p>
   </div>
   <div class='ocr_carea' id='block_1_6' title="bbox 268 631 1849 702">
    <p class='ocr_par' dir='ltr' id='par_1_6' title="bbox 268 631 1849 702">
     <span class='ocr_line' id='line_1_6' title="bbox 268 631 1849 702; baseline 0.003 -22"><span class='ocrx_word' id='word_1_30' title='bbox 268 632 314 681; x_wconf 83' lang='grc' dir='ltr'>οἱ</span> <span class='ocrx_word' id='word_1_31' title='bbox 347 631 449 701; x_wconf 81' lang='grc' dir='ltr'>μὲν</span> <span class='ocrx_word' id='word_1_32' title='bbox 479 635 648 686; x_wconf 80' lang='grc' dir='ltr'>νόσων</span> <span class='ocrx_word' id='word_1_33' title='bbox 683 632 949 686; x_wconf 77' lang='grc' dir='ltr'>παντοίων</span> <span class='ocrx_word' id='word_1_34' title='bbox 973 633 1391 701; x_wconf 80' lang='grc' dir='ltr'>ἀπαλλαγέντες,</span> <span class='ocrx_word' id='word_1_35' title='bbox 1425 634 1474 686; x_wconf 88' lang='grc' dir='ltr'>οἱ</span> <span class='ocrx_word' id='word_1_36' title='bbox 1507 633 1562 684; x_wconf 80' lang='grc' dir='ltr'><strong>δὲ</strong></span> <span class='ocrx_word' id='word_1_37' title='bbox 1583 634 1625 662; x_wconf 76' lang='grc'>⁸⁸</span> <span class='ocrx_word' id='word_1_38' title='bbox 1657 632 1849 702; x_wconf 86' lang='grc' dir='ltr'>δαιμό-</span> 
     </span>
    </p>
   </div>
   <div class='ocr_carea' id='block_1_7' title="bbox 268 725 1851 798">
    <p class='ocr_par' dir='ltr' id='par_1_7' title="bbox 268 725 1851 798">
     <span class='ocr_line' id='line_1_7' title="bbox 268 725 1851 798; baseline 0.004 -25"><span class='ocrx_word' id='word_1_39' title='bbox 268 742 395 784; x_wconf 84' lang='grc' dir='ltr'>νων,</span> <span class='ocrx_word' id='word_1_40' title='bbox 432 726 482 777; x_wconf 79' lang='lat' dir='ltr'><strong>oi</strong></span> <span class='ocrx_word' id='word_1_41' title='bbox 507 727 564 779; x_wconf 80' lang='grc' dir='ltr'><strong>δὲ</strong></span> <span class='ocrx_word' id='word_1_42' title='bbox 589 727 914 797; x_wconf 83' lang='grc' dir='ltr'>ὁρθωθέντες</span> <span class='ocrx_word' id='word_1_43' title='bbox 944 731 1147 798; x_wconf 87' lang='grc' dir='ltr'>χεῖρας,</span> <span class='ocrx_word' id='word_1_44' title='bbox 1173 727 1220 779; x_wconf 82' lang='grc' dir='ltr'>οἱ</span> <span class='ocrx_word' id='word_1_45' title='bbox 1253 727 1310 780; x_wconf 79' lang='grc' dir='ltr'><strong>δὲ</strong></span> <span class='ocrx_word' id='word_1_46' title='bbox 1341 726 1524 789; x_wconf 79' lang='grc' dir='ltr'>πόδας,</span> <span class='ocrx_word' id='word_1_47' title='bbox 1557 728 1605 777; x_wconf 85' lang='grc' dir='ltr'>οἱ</span> <span class='ocrx_word' id='word_1_48' title='bbox 1638 725 1693 777; x_wconf 78' lang='grc' dir='ltr'><strong>δὲ</strong></span> <span class='ocrx_word' id='word_1_49' title='bbox 1725 727 1851 787; x_wconf 77' lang='grc' dir='ltr'>τοὺς</span> 
     </span>
    </p>
   </div>
   <div class='ocr_carea' id='block_1_8' title="bbox 269 816 1850 887">
    <p class='ocr_par' dir='ltr' id='par_1_8' title="bbox 269 816 1850 887">
     <span class='ocr_line' id='line_1_8' title="bbox 269 816 1850 887; baseline 0.003 -21"><span class='ocrx_word' id='word_1_50' title='bbox 269 816 585 887; x_wconf 64' lang='grc' dir='ltr'>ὀφθαλμοὺς</span> <span class='ocrx_word' id='word_1_51' title='bbox 603 819 982 882; x_wconf 75' lang='grc' dir='ltr'>ἀπολαϐόντες,</span> <span class='ocrx_word' id='word_1_52' title='bbox 1003 821 1050 871; x_wconf 90' lang='grc' dir='ltr'>οἱ</span> <span class='ocrx_word' id='word_1_53' title='bbox 1077 819 1130 871; x_wconf 82' lang='grc' dir='ltr'><strong>δὲ</strong></span> <span class='ocrx_word' id='word_1_54' title='bbox 1156 818 1254 881; x_wconf 77' lang='grc' dir='ltr'><strong>τὰς</strong></span> <span class='ocrx_word' id='word_1_55' title='bbox 1281 819 1450 880; x_wconf 75' lang='grc' dir='ltr'>ἀκοὰς</span> <span class='ocrx_word' id='word_1_56' title='bbox 1481 819 1572 871; x_wconf 81' lang='grc' dir='ltr'>καὶ</span> <span class='ocrx_word' id='word_1_57' title='bbox 1595 817 1728 872; x_wconf 80' lang='grc' dir='ltr'>ἄλλα</span> <span class='ocrx_word' id='word_1_58' title='bbox 1753 818 1850 870; x_wconf 80' lang='grc' dir='ltr'>ὅσα</span> 
     </span>
    </p>
   </div>
   <div class='ocr_carea' id='block_1_9' title="bbox 273 909 1851 981">
    <p class='ocr_par' dir='ltr' id='par_1_9' title="bbox 273 909 1851 981">
     <span class='ocr_line' id='line_1_9' title="bbox 273 909 1851 981; baseline 0 -19"><span class='ocrx_word' id='word_1_59' title='bbox 273 910 559 980; x_wconf 76' lang='grc' dir='ltr'>ἄνθρωπος</span> <span class='ocrx_word' id='word_1_60' title='bbox 598 914 769 963; x_wconf 78' lang='grc' dir='ltr'>ποιεῖν</span> <span class='ocrx_word' id='word_1_61' title='bbox 810 910 1064 974; x_wconf 76' lang='grc' dir='ltr'>δύναται,</span> <span class='ocrx_word' id='word_1_62' title='bbox 1107 909 1484 981; x_wconf 76' lang='grc' dir='ltr'>φιλανθρώπου</span> <span class='ocrx_word' id='word_1_63' title='bbox 1548 909 1851 980; x_wconf 74' lang='grc' dir='ltr'>πνεύματος</span> 
     </span>
    </p>
   </div>
   <div class='ocr_carea' id='block_1_10' title="bbox 275 1003 799 1072">
    <p class='ocr_par' dir='ltr' id='par_1_10' title="bbox 275 1003 799 1072">
     <span class='ocr_line' id='line_1_10' title="bbox 275 1003 799 1072; baseline 0.01 -21"><span class='ocrx_word' id='word_1_64' title='bbox 275 1003 403 1062; x_wconf 74' lang='grc' dir='ltr'>ῖίιος</span> <span class='ocrx_word' id='word_1_65' title='bbox 418 1004 463 1033; x_wconf 75' lang='grc'><strong>⁸¹</strong></span> <span class='ocrx_word' id='word_1_66' title='bbox 489 1004 799 1072; x_wconf 76' lang='grc' dir='ltr'>γενόμενος.</span> 
     </span>
    </p>
   </div>
   <div class='ocr_carea' id='block_1_11' title="bbox 347 1094 1849 1168">
    <p class='ocr_par' dir='ltr' id='par_1_11' title="bbox 347 1094 1849 1168">
     <span class='ocr_line' id='line_1_11' title="bbox 347 1094 1849 1168; baseline 0.001 -22"><span class='ocrx_word' id='word_1_67' title='bbox 347 1094 566 1147; x_wconf 70' lang='lat' dir='ltr'><strong>XXXV.</strong></span> <span class='ocrx_word' id='word_1_68' title='bbox 603 1095 786 1148; x_wconf 87' lang='grc' dir='ltr'>Ταῦτα</span> <span class='ocrx_word' id='word_1_69' title='bbox 816 1095 909 1147; x_wconf 89' lang='grc' dir='ltr'><strong>τοῦ</strong></span> <span class='ocrx_word' id='word_1_70' title='bbox 953 1095 1160 1167; x_wconf 82' lang='grc' dir='ltr'><strong>Πέτρου</strong></span> <span class='ocrx_word' id='word_1_71' title='bbox 1201 1096 1465 1158; x_wconf 86' lang='grc' dir='ltr'>εἰπόντος,</span> <span class='ocrx_word' id='word_1_72' title='bbox 1505 1095 1609 1148; x_wconf 80' lang='grc' dir='ltr'><strong>ὑπὸ</strong></span> <span class='ocrx_word' id='word_1_73' title='bbox 1634 1096 1726 1148; x_wconf 79' lang='grc' dir='ltr'>τὸν</span> <span class='ocrx_word' id='word_1_74' title='bbox 1757 1096 1849 1168; x_wconf 73' lang='grc' dir='ltr'><strong>ὅρ-</strong></span> 
     </span>
    </p>
   </div>
   <div class='ocr_carea' id='block_1_12' title="bbox 277 1186 1851 1261">
    <p class='ocr_par' dir='ltr' id='par_1_12' title="bbox 277 1186 1851 1261">
     <span class='ocr_line' id='line_1_12' title="bbox 277 1186 1851 1261; baseline 0.003 -24"><span class='ocrx_word' id='word_1_75' title='bbox 277 1186 402 1254; x_wconf 78' lang='grc' dir='ltr'>θρον</span> <span class='ocrx_word' id='word_1_76' title='bbox 428 1187 687 1241; x_wconf 75' lang='grc' dir='ltr'><strong>ἐπεισιὼν</strong></span> <span class='ocrx_word' id='word_1_77' title='bbox 721 1190 849 1259; x_wconf 79' lang='grc' dir='ltr'>ἡμῖν</span> <span class='ocrx_word' id='word_1_78' title='bbox 872 1190 1134 1258; x_wconf 84' lang='grc' dir='ltr'>Ζακχαῖος</span> <span class='ocrx_word' id='word_1_79' title='bbox 1156 1187 1598 1258; x_wconf 79' lang='grc' dir='ltr'>προσαγορεύσας</span> <span class='ocrx_word' id='word_1_80' title='bbox 1627 1188 1728 1261; x_wconf 75' lang='grc' dir='ltr'><strong>ἔφη</strong></span> <span class='ocrx_word' id='word_1_81' title='bbox 1748 1189 1851 1241; x_wconf 69' lang='lat' dir='ltr'><strong>ns-</strong></span> 
     </span>
    </p>
   </div>
   <div class='ocr_carea' id='block_1_13' title="bbox 275 1279 1851 1354">
    <p class='ocr_par' dir='ltr' id='par_1_13' title="bbox 275 1279 1851 1354">
     <span class='ocr_line' id='line_1_13' title="bbox 275 1279 1851 1354; baseline 0.003 -25"><span class='ocrx_word' id='word_1_82' title='bbox 275 1295 409 1347; x_wconf 81' lang='grc' dir='ltr'>τρῳ·</span> <span class='ocrx_word' id='word_1_83' title='bbox 454 1279 792 1333; x_wconf 82' lang='grc' dir='ltr'>Ἀνατίθεται</span> <span class='ocrx_word' id='word_1_84' title='bbox 822 1280 1002 1351; x_wconf 86' lang='grc' dir='ltr'>Σίμων</span> <span class='ocrx_word' id='word_1_85' title='bbox 1033 1279 1130 1351; x_wconf 80' lang='grc' dir='ltr'>τὴν</span> <span class='ocrx_word' id='word_1_86' title='bbox 1163 1280 1389 1350; x_wconf 82' lang='grc' dir='ltr'>ζήτησιν</span> <span class='ocrx_word' id='word_1_87' title='bbox 1421 1281 1500 1343; x_wconf 85' lang='grc' dir='ltr'><strong>είς</strong></span> <span class='ocrx_word' id='word_1_88' title='bbox 1533 1281 1632 1350; x_wconf 79' lang='grc' dir='ltr'>τὴν</span> <span class='ocrx_word' id='word_1_89' title='bbox 1665 1279 1851 1354; x_wconf 78' lang='grc' dir='ltr'>αῠριον</span> 
     </span>
    </p>
   </div>
   <div class='ocr_carea' id='block_1_14' title="bbox 279 1370 1850 1443">
    <p class='ocr_par' dir='ltr' id='par_1_14' title="bbox 279 1370 1850 1443">
     <span class='ocr_line' id='line_1_14' title="bbox 279 1370 1850 1443; baseline 0.004 -22"><span class='ocrx_word' id='word_1_90' title='bbox 279 1370 511 1440; x_wconf 62' lang='grc' dir='ltr'>ἡμέραν</span> <span class='ocrx_word' id='word_1_91' title='bbox 542 1372 575 1442; x_wconf 83' lang='grc' dir='ltr'>ὴ</span> <span class='ocrx_word' id='word_1_92' title='bbox 607 1371 714 1443; x_wconf 76' lang='grc' dir='ltr'><strong>γὰρ</strong></span> <span class='ocrx_word' id='word_1_93' title='bbox 749 1372 983 1443; x_wconf 81' lang='grc' dir='ltr'>σήμερον</span> <span class='ocrx_word' id='word_1_94' title='bbox 1016 1371 1078 1424; x_wconf 82' lang='grc' dir='ltr'>τὸ</span> <span class='ocrx_word' id='word_1_95' title='bbox 1106 1371 1171 1424; x_wconf 86' lang='grc' dir='ltr'><strong>δι’</strong></span> <span class='ocrx_word' id='word_1_96' title='bbox 1205 1371 1394 1426; x_wconf 74' lang='grc' dir='ltr'>ἕνδεκα</span> <span class='ocrx_word' id='word_1_97' title='bbox 1421 1372 1645 1443; x_wconf 78' lang='grc' dir='ltr'>ἡμερῶν</span> <span class='ocrx_word' id='word_1_98' title='bbox 1685 1371 1850 1427; x_wconf 80' lang='grc' dir='ltr'>αὑτοῦ</span> 
     </span>
    </p>
   </div>
   <div class='ocr_carea' id='block_1_15' title="bbox 279 1464 1849 1538">
    <p class='ocr_par' dir='ltr' id='par_1_15' title="bbox 279 1464 1849 1538">
     <span class='ocr_line' id='line_1_15' title="bbox 279 1464 1849 1538; baseline 0.003 -23"><span class='ocrx_word' id='word_1_99' title='bbox 279 1464 532 1534; x_wconf 74' lang='grc' dir='ltr'>τυγχάνει</span> <span class='ocrx_word' id='word_1_100' title='bbox 559 1465 674 1535; x_wconf 73' lang='lat'><strong>68</strong></span> <span class='ocrx_word' id='word_1_101' title='bbox 701 1465 973 1519; x_wconf 75' lang='grc' dir='ltr'>Σάϐϐατον</span> <span class='ocrx_word' id='word_1_102' title='bbox 996 1466 1130 1536; x_wconf 76' lang='grc'>(52).</span> <span class='ocrx_word' id='word_1_103' title='bbox 1160 1466 1270 1519; x_wconf 71' lang='grc' dir='ltr'><strong>Καὶ</strong></span> <span class='ocrx_word' id='word_1_104' title='bbox 1293 1467 1427 1538; x_wconf 76' lang='grc' dir='ltr'>πρὸς</span> <span class='ocrx_word' id='word_1_105' title='bbox 1463 1465 1652 1519; x_wconf 90' lang='grc' dir='ltr'>τοῦτον</span> <span class='ocrx_word' id='word_1_106' title='bbox 1684 1467 1712 1520; x_wconf 85' lang='grc' dir='ltr'>ὁ</span> <span class='ocrx_word' id='word_1_107' title='bbox 1743 1466 1849 1519; x_wconf 81' lang='grc' dir='ltr'><strong>Πέ-</strong></span> 
     </span>
    </p>
   </div>
   <div class='ocr_carea' id='block_1_16' title="bbox 277 1557 1848 1631">
    <p class='ocr_par' dir='ltr' id='par_1_16' title="bbox 277 1557 1848 1631">
     <span class='ocr_line' id='line_1_16' title="bbox 277 1557 1848 1631; baseline 0.004 -23"><span class='ocrx_word' id='word_1_108' title='bbox 277 1557 759 1628; x_wconf 81' lang='grc' dir='ltr'>τροςάπεκρίνατο·</span> <span class='ocrx_word' id='word_1_109' title='bbox 787 1559 922 1627; x_wconf 82' lang='grc' dir='ltr'>Δὲγε</span> <span class='ocrx_word' id='word_1_110' title='bbox 945 1561 1164 1631; x_wconf 76' lang='grc' dir='ltr'>Σίμωνι’</span> <span class='ocrx_word' id='word_1_111' title='bbox 1184 1560 1335 1613; x_wconf 81' lang='grc' dir='ltr'>Ἐπεὶ</span> <span class='ocrx_word' id='word_1_112' title='bbox 1363 1558 1580 1622; x_wconf 79' lang='grc' dir='ltr'>τελείως</span> <span class='ocrx_word' id='word_1_113' title='bbox 1601 1559 1848 1624; x_wconf 80' lang='grc' dir='ltr'>θέλεις“³,</span> 
     </span>
    </p>
   </div>
   <div class='ocr_carea' id='block_1_17' title="bbox 283 1649 1853 1723">
    <p class='ocr_par' dir='ltr' id='par_1_17' title="bbox 283 1649 1853 1723">
     <span class='ocr_line' id='line_1_17' title="bbox 283 1649 1853 1723; baseline 0.003 -23"><span class='ocrx_word' id='word_1_114' title='bbox 283 1651 419 1718; x_wconf 77' lang='grc' dir='ltr'>μετὰ</span> <span class='ocrx_word' id='word_1_115' title='bbox 448 1649 544 1702; x_wconf 85' lang='grc' dir='ltr'><strong>τοῦ</strong></span> <span class='ocrx_word' id='word_1_116' title='bbox 568 1650 880 1717; x_wconf 82' lang='grc' dir='ltr'>γινώσκειν,</span> <span class='ocrx_word' id='word_1_117' title='bbox 911 1652 994 1704; x_wconf 84' lang='grc' dir='ltr'>ὅτι</span> <span class='ocrx_word' id='word_1_118' title='bbox 1029 1669 1109 1705; x_wconf 87' lang='grc' dir='ltr'><strong>σοι</strong></span> <span class='ocrx_word' id='word_1_119' title='bbox 1142 1653 1322 1723; x_wconf 82' lang='grc' dir='ltr'>ἡμεῖς,</span> <span class='ocrx_word' id='word_1_120' title='bbox 1365 1652 1453 1705; x_wconf 82' lang='grc' dir='ltr'>ὅτε</span> <span class='ocrx_word' id='word_1_121' title='bbox 1501 1650 1703 1721; x_wconf 77' lang='grc' dir='ltr'>βούλει,</span> <span class='ocrx_word' id='word_1_122' title='bbox 1735 1651 1853 1705; x_wconf 84' lang='grc' dir='ltr'>θεο-</span> 
     </span>
    </p>
   </div>
   <div class='ocr_carea' id='block_1_18' title="bbox 280 1739 1852 1816">
    <p class='ocr_par' dir='ltr' id='par_1_18' title="bbox 280 1739 1852 1816">
     <span class='ocr_line' id='line_1_18' title="bbox 280 1739 1852 1816; baseline 0.004 -24"><span class='ocrx_word' id='word_1_123' title='bbox 280 1742 420 1808; x_wconf 75' lang='grc' dir='ltr'>φιλεῖ</span> <span class='ocrx_word' id='word_1_124' title='bbox 443 1739 680 1813; x_wconf 73' lang='grc' dir='ltr'>Προνοίᾳ</span> <span class='ocrx_word' id='word_1_125' title='bbox 720 1743 962 1814; x_wconf 77' lang='grc' dir='ltr'>ἁπαντᾷν</span> <span class='ocrx_word' id='word_1_126' title='bbox 1008 1745 1240 1814; x_wconf 75' lang='grc' dir='ltr'>ἑτοίμως</span> <span class='ocrx_word' id='word_1_127' title='bbox 1279 1744 1492 1815; x_wconf 76' lang='grc' dir='ltr'>ἔχομεν.</span> <span class='ocrx_word' id='word_1_128' title='bbox 1533 1745 1640 1798; x_wconf 74' lang='grc' dir='ltr'>Καὶ</span> <span class='ocrx_word' id='word_1_129' title='bbox 1680 1747 1708 1798; x_wconf 81' lang='grc' dir='ltr'><strong>ὁ</strong></span> <span class='ocrx_word' id='word_1_130' title='bbox 1753 1745 1852 1816; x_wconf 82' lang='grc' dir='ltr'>μὲν</span> 
     </span>
    </p>
   </div>
   <div class='ocr_carea' id='block_1_19' title="bbox 276 1833 1853 1907">
    <p class='ocr_par' dir='ltr' id='par_1_19' title="bbox 276 1833 1853 1907">
     <span class='ocr_line' id='line_1_19' title="bbox 276 1833 1853 1907; baseline 0.003 -22"><span class='ocrx_word' id='word_1_131' title='bbox 276 1834 545 1902; x_wconf 78' lang='grc' dir='ltr'>Ζακχαῖος</span> <span class='ocrx_word' id='word_1_132' title='bbox 570 1833 741 1887; x_wconf 88' lang='grc' dir='ltr'>ταῦτα</span> <span class='ocrx_word' id='word_1_133' title='bbox 773 1835 1008 1898; x_wconf 76' lang='grc' dir='ltr'>ἀκούσας</span> <span class='ocrx_word' id='word_1_134' title='bbox 1041 1836 1374 1889; x_wconf 78' lang='grc' dir='ltr'>ἀντιϐάλλειν</span> <span class='ocrx_word' id='word_1_135' title='bbox 1411 1835 1556 1906; x_wconf 76' lang='grc' dir='ltr'>ἐξῄει</span> <span class='ocrx_word' id='word_1_136' title='bbox 1585 1836 1683 1907; x_wconf 80' lang='grc' dir='ltr'>τὴν</span> <span class='ocrx_word' id='word_1_137' title='bbox 1717 1837 1853 1890; x_wconf 80' lang='grc' dir='ltr'>ἀπό-</span> 
     </span>
    </p>
   </div>
   <div class='ocr_carea' id='block_1_20' title="bbox 276 1942 485 1996">
    <p class='ocr_par' dir='ltr' id='par_1_20' title="bbox 276 1942 485 1996">
     <span class='ocr_line' id='line_1_20' title="bbox 276 1942 485 1996; baseline 0.014 -21"><span class='ocrx_word' id='word_1_138' title='bbox 276 1942 485 1996; x_wconf 83' lang='grc' dir='ltr'>κρισιν.</span> 
     </span>
    </p>
   </div>
   <div class='ocr_carea' id='block_1_21' title="bbox 344 2017 1851 2092">
    <p class='ocr_par' dir='ltr' id='par_1_21' title="bbox 344 2017 1851 2092">
     <span class='ocr_line' id='line_1_21' title="bbox 344 2017 1851 2092; baseline 0.004 -22"><span class='ocrx_word' id='word_1_139' title='bbox 344 2017 591 2071; x_wconf 70' lang='grc' dir='ltr'>ΧΧΧῊ.</span> <span class='ocrx_word' id='word_1_140' title='bbox 634 2018 690 2072; x_wconf 89' lang='lat'><strong>&#39;0</strong></span> <span class='ocrx_word' id='word_1_141' title='bbox 717 2019 794 2079; x_wconf 82' lang='grc' dir='ltr'><strong>δὲ,</strong></span> <span class='ocrx_word' id='word_1_142' title='bbox 841 2018 962 2072; x_wconf 83' lang='grc' dir='ltr'>ίδὼν</span> <span class='ocrx_word' id='word_1_143' title='bbox 993 2037 1057 2090; x_wconf 87' lang='grc' dir='ltr'><strong>με</strong></span> <span class='ocrx_word' id='word_1_144' title='bbox 1085 2019 1394 2091; x_wconf 78' lang='grc' dir='ltr'>ἀθυμοῦντα</span> <span class='ocrx_word' id='word_1_145' title='bbox 1432 2022 1525 2073; x_wconf 77' lang='grc' dir='ltr'>καὶ</span> <span class='ocrx_word' id='word_1_146' title='bbox 1543 2020 1642 2092; x_wconf 78' lang='grc' dir='ltr'>τὴν</span> <span class='ocrx_word' id='word_1_147' title='bbox 1671 2021 1851 2076; x_wconf 76' lang='grc' dir='ltr'>αἰτίαν</span> 
     </span>
    </p>
   </div>
   <div class='ocr_carea' id='block_1_22' title="bbox 276 2109 1854 2183">
    <p class='ocr_par' dir='ltr' id='par_1_22' title="bbox 276 2109 1854 2183">
     <span class='ocr_line' id='line_1_22' title="bbox 276 2109 1854 2183; baseline 0.004 -23"><span class='ocrx_word' id='word_1_148' title='bbox 276 2110 580 2179; x_wconf 79' lang='grc' dir='ltr'>πυθόμενος</span> <span class='ocrx_word' id='word_1_149' title='bbox 615 2112 706 2163; x_wconf 76' lang='grc' dir='ltr'>καὶ</span> <span class='ocrx_word' id='word_1_150' title='bbox 753 2109 936 2179; x_wconf 84' lang='grc' dir='ltr'>μαθὼν</span> <span class='ocrx_word' id='word_1_151' title='bbox 980 2113 1105 2183; x_wconf 82' lang='grc' dir='ltr'>παρ’</span> <span class='ocrx_word' id='word_1_152' title='bbox 1147 2112 1278 2182; x_wconf 78' lang='grc' dir='ltr'>ἐμοῦ</span> <span class='ocrx_word' id='word_1_153' title='bbox 1310 2113 1409 2165; x_wconf 81' lang='grc' dir='ltr'>οὐκ</span> <span class='ocrx_word' id='word_1_154' title='bbox 1449 2112 1665 2166; x_wconf 76' lang='grc' dir='ltr'>ἄλλοθέν</span> <span class='ocrx_word' id='word_1_155' title='bbox 1693 2113 1854 2168; x_wconf 88' lang='grc' dir='ltr'>ποθεν</span> 
     </span>
    </p>
   </div>
   <div class='ocr_carea' id='block_1_23' title="bbox 273 2200 1849 2277">
    <p class='ocr_par' dir='ltr' id='par_1_23' title="bbox 273 2200 1849 2277">
     <span class='ocr_line' id='line_1_23' title="bbox 273 2200 1849 2277; baseline 0.011 -24"><span class='ocrx_word' id='word_1_156' title='bbox 273 2200 440 2254; x_wconf 69' lang='grc' dir='ltr'>οὖσαν</span> <span class='ocrx_word' id='word_1_157' title='bbox 461 2203 496 2273; x_wconf 77' lang='grc' dir='ltr'>ἢ</span> <span class='ocrx_word' id='word_1_158' title='bbox 533 2204 640 2256; x_wconf 84' lang='grc' dir='ltr'>ἀπὸ</span> <span class='ocrx_word' id='word_1_159' title='bbox 669 2205 768 2274; x_wconf 79' lang='grc' dir='ltr'>τῆς</span> <span class='ocrx_word' id='word_1_160' title='bbox 798 2204 935 2256; x_wconf 89' lang='grc' dir='ltr'><strong>κατά</strong></span> <span class='ocrx_word' id='word_1_161' title='bbox 981 2205 1077 2274; x_wconf 84' lang='grc' dir='ltr'>τὴν</span> <span class='ocrx_word' id='word_1_162' title='bbox 1109 2203 1334 2275; x_wconf 74' lang='grc' dir='ltr'>ζήτησιν</span> <span class='ocrx_word' id='word_1_163' title='bbox 1383 2205 1671 2276; x_wconf 59' lang='grc' dir='ltr'>ἀναϐολῆς,</span> <span class='ocrx_word' id='word_1_164' title='bbox 1725 2205 1849 2277; x_wconf 74' lang='grc' dir='ltr'><strong>ἔφη·</strong></span> 
     </span>
    </p>
   </div>
   <div class='ocr_carea' id='block_1_24' title="bbox 287 2294 1854 2369">
    <p class='ocr_par' dir='ltr' id='par_1_24' title="bbox 287 2294 1854 2369">
     <span class='ocr_line' id='line_1_24' title="bbox 287 2294 1854 2369; baseline 0.003 -23"><span class='ocrx_word' id='word_1_165' title='bbox 287 2294 494 2366; x_wconf 78' lang='grc' dir='ltr'>’Δγαθῇ</span> <span class='ocrx_word' id='word_1_166' title='bbox 521 2296 633 2366; x_wconf 79' lang='grc'>(55)</span> <span class='ocrx_word' id='word_1_167' title='bbox 665 2295 799 2350; x_wconf 85' lang='grc' dir='ltr'>Θεοῦ</span> <span class='ocrx_word' id='word_1_168' title='bbox 817 2297 1040 2368; x_wconf 75' lang='grc' dir='ltr'>προνοίᾳ</span> <span class='ocrx_word' id='word_1_169' title='bbox 1066 2297 1153 2350; x_wconf 78' lang='grc' dir='ltr'><strong>ὁ⁶⁶</strong></span> <span class='ocrx_word' id='word_1_170' title='bbox 1171 2297 1510 2369; x_wconf 76' lang='grc' dir='ltr'>προειληφὼς</span> <span class='ocrx_word' id='word_1_171' title='bbox 1541 2297 1854 2352; x_wconf 87' lang='grc' dir='ltr'>διοικεῖσθαι</span> 
     </span>
    </p>
   </div>
   <div class='ocr_carea' id='block_1_25' title="bbox 275 2383 1855 2461">
    <p class='ocr_par' dir='ltr' id='par_1_25' title="bbox 275 2383 1855 2461">
     <span class='ocr_line' id='line_1_25' title="bbox 275 2383 1855 2461; baseline 0.003 -22"><span class='ocrx_word' id='word_1_172' title='bbox 275 2388 368 2439; x_wconf 69' lang='grc' dir='ltr'><strong>τὸν</strong></span> <span class='ocrx_word' id='word_1_173' title='bbox 402 2389 631 2458; x_wconf 82' lang='grc' dir='ltr'>κόσμον,</span> <span class='ocrx_word' id='word_1_174' title='bbox 663 2383 707 2441; x_wconf 78' lang='grc' dir='ltr'><strong>ὦ</strong></span> <span class='ocrx_word' id='word_1_175' title='bbox 739 2388 859 2456; x_wconf 81' lang='grc' dir='ltr'>φίλε</span> <span class='ocrx_word' id='word_1_176' title='bbox 895 2390 1144 2461; x_wconf 72' lang='grc' dir='ltr'>Κλήμης,</span> <span class='ocrx_word' id='word_1_177' title='bbox 1180 2390 1341 2453; x_wconf 73' lang='grc' dir='ltr'>αὐτὸς</span> <span class='ocrx_word' id='word_1_178' title='bbox 1369 2390 1470 2443; x_wconf 79' lang='grc' dir='ltr'>οὐκ</span> <span class='ocrx_word' id='word_1_179' title='bbox 1510 2389 1733 2460; x_wconf 78' lang='grc' dir='ltr'>ἄχθεται</span> <span class='ocrx_word' id='word_1_180' title='bbox 1763 2390 1855 2443; x_wconf 84' lang='grc' dir='ltr'><strong>ὲπὶ</strong></span> 
     </span>
    </p>
   </div>
   <div class='ocr_carea' id='block_1_26' title="bbox 274 2480 1855 2552">
    <p class='ocr_par' dir='ltr' id='par_1_26' title="bbox 274 2480 1855 2552">
     <span class='ocr_line' id='line_1_26' title="bbox 274 2480 1855 2552; baseline 0.003 -23"><span class='ocrx_word' id='word_1_181' title='bbox 274 2481 390 2541; x_wconf 81' lang='grc' dir='ltr'>τοῖς</span> <span class='ocrx_word' id='word_1_182' title='bbox 433 2481 586 2542; x_wconf 74' lang='grc' dir='ltr'>ὅπως</span> <span class='ocrx_word' id='word_1_183' title='bbox 620 2481 746 2533; x_wconf 79' lang='grc' dir='ltr'>ποτὲ</span> <span class='ocrx_word' id='word_1_184' title='bbox 762 2481 808 2512; x_wconf 80' lang='grc'><strong>⁸³</strong></span> <span class='ocrx_word' id='word_1_185' title='bbox 839 2481 1116 2534; x_wconf 81' lang='grc' dir='ltr'>ἀπαντῶσι</span> <span class='ocrx_word' id='word_1_186' title='bbox 1147 2480 1855 2552; x_wconf 80' lang='grc' dir='ltr'>πράγμασιν,ἀποδεδωκὼς</span> 
     </span>
    </p>
   </div>
   <div class='ocr_carea' id='block_1_27' title="bbox 275 2572 1856 2644">
    <p class='ocr_par' dir='ltr' id='par_1_27' title="bbox 275 2572 1856 2644">
     <span class='ocr_line' id='line_1_27' title="bbox 275 2572 1856 2644; baseline 0 -20"><span class='ocrx_word' id='word_1_187' title='bbox 275 2572 358 2624; x_wconf 73' lang='grc' dir='ltr'>ὅτι</span> <span class='ocrx_word' id='word_1_188' title='bbox 389 2572 498 2625; x_wconf 73' lang='grc' dir='ltr'>ὑπὸ</span> <span class='ocrx_word' id='word_1_189' title='bbox 529 2573 632 2642; x_wconf 78' lang='grc' dir='ltr'>τῆς</span> <span class='ocrx_word' id='word_1_190' title='bbox 659 2572 753 2640; x_wconf 76' lang='grc' dir='ltr'><strong>τοῦ</strong></span> <span class='ocrx_word' id='word_1_191' title='bbox 797 2573 1099 2643; x_wconf 84' lang='grc' dir='ltr'>κρείττονος</span> <span class='ocrx_word' id='word_1_192' title='bbox 1127 2573 1436 2644; x_wconf 75' lang='grc' dir='ltr'>οἰκονομίας</span> <span class='ocrx_word' id='word_1_193' title='bbox 1475 2572 1856 2643; x_wconf 73' lang='grc' dir='ltr'>συμφερόντως</span> 
     </span>
    </p>
   </div>
   <div class='ocr_carea' id='block_1_28' title="bbox 275 2663 1855 2736">
    <p class='ocr_par' dir='ltr' id='par_1_28' title="bbox 275 2663 1855 2736">
     <span class='ocr_line' id='line_1_28' title="bbox 275 2663 1855 2736; baseline 0.001 -23"><span class='ocrx_word' id='word_1_194' title='bbox 275 2666 372 2733; x_wconf 69' lang='grc' dir='ltr'>τὴν</span> <span class='ocrx_word' id='word_1_195' title='bbox 403 2663 631 2717; x_wconf 75' lang='grc' dir='ltr'>ἔκϐασιν</span> <span class='ocrx_word' id='word_1_196' title='bbox 671 2664 739 2717; x_wconf 82' lang='grc' dir='ltr'><strong>τὰ</strong></span> <span class='ocrx_word' id='word_1_197' title='bbox 786 2664 1145 2736; x_wconf 77' lang='grc' dir='ltr'>πράγματα⁸⁸</span> <span class='ocrx_word' id='word_1_198' title='bbox 1180 2665 1463 2736; x_wconf 74' lang='grc' dir='ltr'>λαμϐάνειο</span> <span class='ocrx_word' id='word_1_199' title='bbox 1499 2665 1619 2718; x_wconf 78' lang='grc' dir='ltr'>ὅθεν</span> <span class='ocrx_word' id='word_1_200' title='bbox 1651 2663 1855 2716; x_wconf 89' lang='grc' dir='ltr'>δίκαιον</span> 
     </span>
    </p>
   </div>
   <div class='ocr_carea' id='block_1_29' title="bbox 276 2750 1853 2828">
    <p class='ocr_par' dir='ltr' id='par_1_29' title="bbox 276 2750 1853 2828">
     <span class='ocr_line' id='line_1_29' title="bbox 276 2750 1853 2828; baseline 0 -22"><span class='ocrx_word' id='word_1_201' title='bbox 276 2756 438 2808; x_wconf 69' lang='grc' dir='ltr'>αὑτὸν</span> <span class='ocrx_word' id='word_1_202' title='bbox 477 2750 621 2809; x_wconf 79' lang='grc' dir='ltr'>εἶναι</span> <span class='ocrx_word' id='word_1_203' title='bbox 655 2757 813 2824; x_wconf 78' lang='grc' dir='ltr'>γνοὺς</span> <span class='ocrx_word' id='word_1_204' title='bbox 845 2756 936 2809; x_wconf 76' lang='grc' dir='ltr'>καὶ</span> <span class='ocrx_word' id='word_1_205' title='bbox 969 2756 1352 2828; x_wconf 80' lang='grc' dir='ltr'>εὐσυνειδήτως</span> <span class='ocrx_word' id='word_1_206' title='bbox 1386 2755 1560 2826; x_wconf 82' lang='grc' dir='ltr'>βιοὺς,</span> <span class='ocrx_word' id='word_1_207' title='bbox 1591 2755 1652 2807; x_wconf 83' lang='grc' dir='ltr'>τὸ</span> <span class='ocrx_word' id='word_1_208' title='bbox 1681 2771 1853 2826; x_wconf 85' lang='grc' dir='ltr'>προσ·-</span> 
     </span>
    </p>
   </div>
   <div class='ocr_carea' id='block_1_30' title="bbox 281 2842 1856 2919">
    <p class='ocr_par' dir='ltr' id='par_1_30' title="bbox 281 2842 1856 2919">
     <span class='ocr_line' id='line_1_30' title="bbox 281 2842 1856 2919; baseline 0.002 -23"><span class='ocrx_word' id='word_1_209' title='bbox 281 2846 477 2898; x_wconf 78' lang='grc' dir='ltr'>ττίπτον</span> <span class='ocrx_word' id='word_1_210' title='bbox 499 2847 545 2877; x_wconf 86' lang='grc'><strong>⁸⁷</strong></span> <span class='ocrx_word' id='word_1_211' title='bbox 581 2847 820 2917; x_wconf 73' lang='grc' dir='ltr'>λυπηρὸν</span> <span class='ocrx_word' id='word_1_212' title='bbox 870 2842 1008 2899; x_wconf 81' lang='grc' dir='ltr'>οἶδεν</span> <span class='ocrx_word' id='word_1_213' title='bbox 1039 2847 1182 2919; x_wconf 84' lang='grc' dir='ltr'>ὀρθῷ</span> <span class='ocrx_word' id='word_1_214' title='bbox 1208 2847 1286 2918; x_wconf 86' lang='grc' dir='ltr'><strong>τῷ</strong></span> <span class='ocrx_word' id='word_1_215' title='bbox 1325 2846 1568 2918; x_wconf 79' lang='grc' dir='ltr'>λογισμῷ</span> <span class='ocrx_word' id='word_1_216' title='bbox 1605 2847 1856 2900; x_wconf 80' lang='grc' dir='ltr'>ἀποσείε-</span> 
     </span>
    </p>
   </div>
   <div class='ocr_carea' id='block_1_31' title="bbox 281 2939 1855 3012">
    <p class='ocr_par' dir='ltr' id='par_1_31' title="bbox 281 2939 1855 3012">
     <span class='ocr_line' id='line_1_31' title="bbox 281 2939 1855 3012; baseline 0.002 -22"><span class='ocrx_word' id='word_1_217' title='bbox 281 2939 467 2990; x_wconf 59' lang='lat' dir='ltr'><strong>adat“</strong></span> <span class='ocrx_word' id='word_1_218' title='bbox 505 2941 604 3009; x_wconf 83' lang='grc' dir='ltr'>τῆς</span> <span class='ocrx_word' id='word_1_219' title='bbox 635 2940 828 3012; x_wconf 79' lang='grc' dir='ltr'>ψυχῆς,</span> <span class='ocrx_word' id='word_1_220' title='bbox 877 2941 956 2994; x_wconf 85' lang='grc' dir='ltr'>ὅτι</span> <span class='ocrx_word' id='word_1_221' title='bbox 986 2941 1120 3012; x_wconf 84' lang='grc' dir='ltr'>πρὸς</span> <span class='ocrx_word' id='word_1_222' title='bbox 1148 2940 1350 3009; x_wconf 80' lang='grc' dir='ltr'>ἀγαθοῦ</span> <span class='ocrx_word' id='word_1_223' title='bbox 1396 2957 1538 3005; x_wconf 89' lang='grc' dir='ltr'>τινος</span> <span class='ocrx_word' id='word_1_224' title='bbox 1577 2939 1855 3009; x_wconf 83' lang='grc' dir='ltr'>ἀγνώστου</span> 
     </span>
    </p>
   </div>
   <div class='ocr_carea' id='block_1_32' title="bbox 283 3031 1855 3104">
    <p class='ocr_par' dir='ltr' id='par_1_32' title="bbox 283 3031 1855 3104">
     <span class='ocr_line' id='line_1_32' title="bbox 283 3031 1855 3104; baseline 0.001 -22"><span class='ocrx_word' id='word_1_225' title='bbox 283 3031 700 3102; x_wconf 71' lang='grc' dir='ltr'>συντελούμενον</span> <span class='ocrx_word' id='word_1_226' title='bbox 727 3033 898 3085; x_wconf 80' lang='grc' dir='ltr'>ἐλθεῖν</span> <span class='ocrx_word' id='word_1_227' title='bbox 929 3032 1058 3104; x_wconf 73' lang='grc' dir='ltr'>ἔχει.</span> <span class='ocrx_word' id='word_1_228' title='bbox 1092 3033 1201 3086; x_wconf 75' lang='grc' dir='ltr'><strong>Καὶ</strong></span> <span class='ocrx_word' id='word_1_229' title='bbox 1229 3031 1321 3085; x_wconf 83' lang='grc' dir='ltr'><strong>νῦν</strong></span> <span class='ocrx_word' id='word_1_230' title='bbox 1345 3032 1400 3084; x_wconf 85' lang='grc' dir='ltr'><strong>δὲ</strong></span> <span class='ocrx_word' id='word_1_231' title='bbox 1430 3031 1523 3085; x_wconf 87' lang='grc' dir='ltr'><strong>τοῦ</strong></span> <span class='ocrx_word' id='word_1_232' title='bbox 1553 3032 1726 3103; x_wconf 78' lang='grc' dir='ltr'>μάγου</span> <span class='ocrx_word' id='word_1_233' title='bbox 1766 3031 1855 3084; x_wconf 93' lang='grc' dir='ltr'><strong>Σί-</strong></span> 
     </span>
    </p>
   </div>
   <div class='ocr_carea' id='block_1_33' title="bbox 1949 535 3524 606">
    <p class='ocr_par' dir='ltr' id='par_1_33' title="bbox 1949 535 3524 606">
     <span class='ocr_line' id='line_1_33' title="bbox 1949 535 3524 606; baseline 0.003 -18"><span class='ocrx_word' id='word_1_234' title='bbox 1949 536 2148 605; x_wconf 87' lang='lat' dir='ltr'><strong>quibus</strong></span> <span class='ocrx_word' id='word_1_235' title='bbox 2170 536 2328 590; x_wconf 90' lang='lat' dir='ltr'><strong>multi</strong></span> <span class='ocrx_word' id='word_1_236' title='bbox 2350 535 2628 602; x_wconf 79' lang='lat' dir='ltr'><strong>adfuistis,</strong></span> <span class='ocrx_word' id='word_1_237' title='bbox 2657 535 2750 588; x_wconf 87' lang='lat' dir='ltr'><strong>alii</strong></span> <span class='ocrx_word' id='word_1_238' title='bbox 2774 535 3166 606; x_wconf 78' lang='lat' dir='ltr'><strong>multiplicibus</strong></span> <span class='ocrx_word' id='word_1_239' title='bbox 3194 537 3401 591; x_wconf 86' lang='lat' dir='ltr'><strong>morbis</strong></span> <span class='ocrx_word' id='word_1_240' title='bbox 3427 547 3524 592; x_wconf 85' lang='lat' dir='ltr'><strong>aut</strong></span> 
     </span>
    </p>
   </div>
   <div class='ocr_carea' id='block_1_34' title="bbox 1950 626 3517 697">
    <p class='ocr_par' dir='ltr' id='par_1_34' title="bbox 1950 626 3517 697">
     <span class='ocr_line' id='line_1_34' title="bbox 1950 626 3517 697; baseline 0 -17"><span class='ocrx_word' id='word_1_241' title='bbox 1950 626 2196 680; x_wconf 66' lang='lat' dir='ltr'><strong>daemone</strong></span> <span class='ocrx_word' id='word_1_242' title='bbox 2226 626 2472 691; x_wconf 90' lang='lat' dir='ltr'><strong>liberati,</strong></span> <span class='ocrx_word' id='word_1_243' title='bbox 2503 626 2593 680; x_wconf 86' lang='lat' dir='ltr'><strong>alii</strong></span> <span class='ocrx_word' id='word_1_244' title='bbox 2635 626 2720 680; x_wconf 89' lang='lat' dir='ltr'><strong>vel</strong></span> <span class='ocrx_word' id='word_1_245' title='bbox 2755 627 3008 682; x_wconf 91' lang='lat' dir='ltr'><strong>manibus</strong></span> <span class='ocrx_word' id='word_1_246' title='bbox 3054 629 3138 681; x_wconf 86' lang='lat' dir='ltr'><strong>vel</strong></span> <span class='ocrx_word' id='word_1_247' title='bbox 3173 628 3404 697; x_wconf 80' lang='lat' dir='ltr'><strong>pedibus</strong></span> <span class='ocrx_word' id='word_1_248' title='bbox 3433 629 3517 681; x_wconf 86' lang='lat' dir='ltr'><strong>lir-</strong></span> 
     </span>
    </p>
   </div>
   <div class='ocr_carea' id='block_1_35' title="bbox 1951 718 3518 791">
    <p class='ocr_par' dir='ltr' id='par_1_35' title="bbox 1951 718 3518 791">
     <span class='ocr_line' id='line_1_35' title="bbox 1951 718 3518 791; baseline 0.003 -20"><span class='ocrx_word' id='word_1_249' title='bbox 1951 718 2103 785; x_wconf 89' lang='lat' dir='ltr'><strong>mati,</strong></span> <span class='ocrx_word' id='word_1_250' title='bbox 2131 719 2223 772; x_wconf 86' lang='lat' dir='ltr'><strong>alii</strong></span> <span class='ocrx_word' id='word_1_251' title='bbox 2255 719 2379 774; x_wconf 88' lang='lat' dir='ltr'><strong>visu</strong></span> <span class='ocrx_word' id='word_1_252' title='bbox 2427 719 2509 772; x_wconf 86' lang='lat' dir='ltr'><strong>vel</strong></span> <span class='ocrx_word' id='word_1_253' title='bbox 2553 719 2742 773; x_wconf 90' lang='lat' dir='ltr'><strong>auditu</strong></span> <span class='ocrx_word' id='word_1_254' title='bbox 2788 720 2975 774; x_wconf 88' lang='lat' dir='ltr'><strong>donati</strong></span> <span class='ocrx_word' id='word_1_255' title='bbox 3029 738 3043 774; x_wconf 90' lang='lat'><strong>:</strong></span> <span class='ocrx_word' id='word_1_256' title='bbox 3091 731 3145 776; x_wconf 90' lang='lat' dir='ltr'><strong>et</strong></span> <span class='ocrx_word' id='word_1_257' title='bbox 3173 737 3518 791; x_wconf 70' lang='lat' dir='ltr'><strong>quazcunque</strong></span> 
     </span>
    </p>
   </div>
   <div class='ocr_carea' id='block_1_36' title="bbox 1953 809 3526 882">
    <p class='ocr_par' dir='ltr' id='par_1_36' title="bbox 1953 809 3526 882">
     <span class='ocr_line' id='line_1_36' title="bbox 1953 809 3526 882; baseline 0.004 -20"><span class='ocrx_word' id='word_1_258' title='bbox 1953 809 2058 863; x_wconf 88' lang='lat' dir='ltr'><strong>alia</strong></span> <span class='ocrx_word' id='word_1_259' title='bbox 2091 811 2252 865; x_wconf 90' lang='lat' dir='ltr'><strong>edere</strong></span> <span class='ocrx_word' id='word_1_260' title='bbox 2283 820 2463 880; x_wconf 83' lang='lat' dir='ltr'><strong>potest</strong></span> <span class='ocrx_word' id='word_1_261' title='bbox 2499 811 2586 865; x_wconf 86' lang='lat' dir='ltr'><strong>vir</strong></span> <span class='ocrx_word' id='word_1_262' title='bbox 2622 811 2688 867; x_wconf 89' lang='lat' dir='ltr'><strong>ad</strong></span> <span class='ocrx_word' id='word_1_263' title='bbox 2717 811 2969 882; x_wconf 84' lang='lat' dir='ltr'><strong>spiritum</strong></span> <span class='ocrx_word' id='word_1_264' title='bbox 3011 812 3299 868; x_wconf 87' lang='lat' dir='ltr'><strong>hominum</strong></span> <span class='ocrx_word' id='word_1_265' title='bbox 3333 829 3526 868; x_wconf 89' lang='lat' dir='ltr'><strong>aman-</strong></span> 
     </span>
    </p>
   </div>
   <div class='ocr_carea' id='block_1_37' title="bbox 1951 903 3072 971">
    <p class='ocr_par' dir='ltr' id='par_1_37' title="bbox 1951 903 3072 971">
     <span class='ocr_line' id='line_1_37' title="bbox 1951 903 3072 971; baseline 0.005 -17"><span class='ocrx_word' id='word_1_266' title='bbox 1951 909 2060 954; x_wconf 88' lang='lat' dir='ltr'><strong>tem</strong></span> <span class='ocrx_word' id='word_1_267' title='bbox 2096 904 2397 971; x_wconf 87' lang='lat' dir='ltr'><strong>pertinens.</strong></span> <span class='ocrx_word' id='word_1_268' title='bbox 3070 903 3072 905; x_wconf 75' lang='grc'><em>’</em></span> 
     </span>
    </p>
   </div>
   <div class='ocr_carea' id='block_1_38' title="bbox 2023 1077 3523 1147">
    <p class='ocr_par' dir='ltr' id='par_1_38' title="bbox 2023 1077 3523 1147">
     <span class='ocr_line' id='line_1_38' title="bbox 2023 1077 3523 1147; baseline 0.001 -12"><span class='ocrx_word' id='word_1_269' title='bbox 2023 1077 2241 1135; x_wconf 72' lang='lat' dir='ltr'><strong>XXXV.</strong></span> <span class='ocrx_word' id='word_1_270' title='bbox 2277 1079 2408 1147; x_wconf 65' lang='lat' dir='ltr'><strong>Quae</strong></span> <span class='ocrx_word' id='word_1_271' title='bbox 2448 1095 2572 1136; x_wconf 90' lang='lat' dir='ltr'><strong>cum</strong></span> <span class='ocrx_word' id='word_1_272' title='bbox 2609 1079 2839 1136; x_wconf 76' lang='lat' dir='ltr'><strong>dixisset</strong></span> <span class='ocrx_word' id='word_1_273' title='bbox 2865 1079 3090 1147; x_wconf 86' lang='lat' dir='ltr'><strong>Petrus,</strong></span> <span class='ocrx_word' id='word_1_274' title='bbox 3126 1082 3229 1136; x_wconf 87' lang='lat' dir='ltr'><strong>sub</strong></span> <span class='ocrx_word' id='word_1_275' title='bbox 3269 1095 3523 1138; x_wconf 87' lang='lat' dir='ltr'><strong>auroram</strong></span> 
     </span>
    </p>
   </div>
   <div class='ocr_carea' id='block_1_39' title="bbox 1953 1171 3526 1243">
    <p class='ocr_par' dir='ltr' id='par_1_39' title="bbox 1953 1171 3526 1243">
     <span class='ocr_line' id='line_1_39' title="bbox 1953 1171 3526 1243; baseline 0.001 -16"><span class='ocrx_word' id='word_1_276' title='bbox 1953 1173 2020 1228; x_wconf 89' lang='lat' dir='ltr'><strong>ad</strong></span> <span class='ocrx_word' id='word_1_277' title='bbox 2053 1189 2153 1229; x_wconf 92' lang='lat' dir='ltr'><strong>nos</strong></span> <span class='ocrx_word' id='word_1_278' title='bbox 2177 1172 2458 1243; x_wconf 84' lang='lat' dir='ltr'><strong>ingressus</strong></span> <span class='ocrx_word' id='word_1_279' title='bbox 2492 1173 2782 1229; x_wconf 69' lang='lat' dir='ltr'><strong>Zacchaaus</strong></span> <span class='ocrx_word' id='word_1_280' title='bbox 2804 1176 3050 1228; x_wconf 89' lang='lat' dir='ltr'><strong>salutans</strong></span> <span class='ocrx_word' id='word_1_281' title='bbox 3077 1171 3238 1230; x_wconf 89' lang='lat' dir='ltr'><strong>Petro</strong></span> <span class='ocrx_word' id='word_1_282' title='bbox 3263 1175 3339 1229; x_wconf 86' lang='lat' dir='ltr'><strong>ait</strong></span> <span class='ocrx_word' id='word_1_283' title='bbox 3368 1193 3381 1229; x_wconf 91' lang='lat'><strong>:</strong></span> <span class='ocrx_word' id='word_1_284' title='bbox 3413 1175 3526 1229; x_wconf 81' lang='lat' dir='ltr'><strong>Dif-</strong></span> 
     </span>
    </p>
   </div>
   <div class='ocr_carea' id='block_1_40' title="bbox 1953 1263 3525 1334">
    <p class='ocr_par' dir='ltr' id='par_1_40' title="bbox 1953 1263 3525 1334">
     <span class='ocr_line' id='line_1_40' title="bbox 1953 1263 3525 1334; baseline 0.003 -17"><span class='ocrx_word' id='word_1_285' title='bbox 1953 1263 2056 1317; x_wconf 82' lang='lat' dir='ltr'><strong>fert</strong></span> <span class='ocrx_word' id='word_1_286' title='bbox 2089 1263 2277 1319; x_wconf 91' lang='lat' dir='ltr'><strong>Simon</strong></span> <span class='ocrx_word' id='word_1_287' title='bbox 2300 1263 2726 1333; x_wconf 85' lang='lat' dir='ltr'><strong>disputationem</strong></span> <span class='ocrx_word' id='word_1_288' title='bbox 2762 1265 2815 1318; x_wconf 93' lang='lat' dir='ltr'><strong>in</strong></span> <span class='ocrx_word' id='word_1_289' title='bbox 2849 1265 2992 1320; x_wconf 92' lang='lat' dir='ltr'><strong>diem</strong></span> <span class='ocrx_word' id='word_1_290' title='bbox 3029 1267 3364 1334; x_wconf 87' lang='lat' dir='ltr'><strong>crastinum;</strong></span> <span class='ocrx_word' id='word_1_291' title='bbox 3397 1282 3525 1322; x_wconf 86' lang='lat' dir='ltr'><strong>nam</strong></span> 
     </span>
    </p>
   </div>
   <div class='ocr_carea' id='block_1_41' title="bbox 1953 1355 3520 1426">
    <p class='ocr_par' dir='ltr' id='par_1_41' title="bbox 1953 1355 3520 1426">
     <span class='ocr_line' id='line_1_41' title="bbox 1953 1355 3520 1426; baseline 0.003 -18"><span class='ocrx_word' id='word_1_292' title='bbox 1953 1356 2248 1410; x_wconf 85' lang='lat' dir='ltr'><strong>hodiernus</strong></span> <span class='ocrx_word' id='word_1_293' title='bbox 2285 1365 2424 1409; x_wconf 84' lang='lat' dir='ltr'><strong>Inter</strong></span> <span class='ocrx_word' id='word_1_294' title='bbox 2443 1356 2692 1412; x_wconf 88' lang='lat' dir='ltr'><strong>undecim</strong></span> <span class='ocrx_word' id='word_1_295' title='bbox 2725 1355 2841 1410; x_wconf 89' lang='lat' dir='ltr'><strong>dies</strong></span> <span class='ocrx_word' id='word_1_296' title='bbox 2872 1356 3042 1426; x_wconf 82' lang='lat' dir='ltr'><strong>ipsius</strong></span> <span class='ocrx_word' id='word_1_297' title='bbox 3079 1357 3372 1413; x_wconf 87' lang='lat' dir='ltr'><strong>Sabbatum</strong></span> <span class='ocrx_word' id='word_1_298' title='bbox 3416 1369 3520 1414; x_wconf 92' lang='lat' dir='ltr'><strong>cst.</strong></span> 
     </span>
    </p>
   </div>
   <div class='ocr_carea' id='block_1_42' title="bbox 1953 1447 3526 1520">
    <p class='ocr_par' dir='ltr' id='par_1_42' title="bbox 1953 1447 3526 1520">
     <span class='ocr_line' id='line_1_42' title="bbox 1953 1447 3526 1520; baseline 0.004 -18"><span class='ocrx_word' id='word_1_299' title='bbox 1953 1450 2029 1504; x_wconf 78' lang='lat' dir='ltr'><strong>Ad</strong></span> <span class='ocrx_word' id='word_1_300' title='bbox 2049 1464 2209 1518; x_wconf 73' lang='lat' dir='ltr'><strong>quem</strong></span> <span class='ocrx_word' id='word_1_301' title='bbox 2223 1447 2416 1504; x_wconf 83' lang='lat' dir='ltr'><strong>Petrus</strong></span> <span class='ocrx_word' id='word_1_302' title='bbox 2438 1451 2718 1520; x_wconf 89' lang='lat' dir='ltr'><strong>respondit</strong></span> <span class='ocrx_word' id='word_1_303' title='bbox 2746 1469 2759 1504; x_wconf 90' lang='lat'><strong>:</strong></span> <span class='ocrx_word' id='word_1_304' title='bbox 2792 1451 2890 1508; x_wconf 90' lang='lat' dir='ltr'><strong>Dic</strong></span> <span class='ocrx_word' id='word_1_305' title='bbox 2918 1452 3160 1506; x_wconf 86' lang='lat' dir='ltr'><strong>Simoni:</strong></span> <span class='ocrx_word' id='word_1_306' title='bbox 3183 1451 3413 1518; x_wconf 87' lang='lat' dir='ltr'><strong>Quando</strong></span> <span class='ocrx_word' id='word_1_307' title='bbox 3431 1453 3526 1508; x_wconf 84' lang='lat' dir='ltr'><strong>de-</strong></span> 
     </span>
    </p>
   </div>
   <div class='ocr_carea' id='block_1_43' title="bbox 1952 1543 3527 1615">
    <p class='ocr_par' dir='ltr' id='par_1_43' title="bbox 1952 1543 3527 1615">
     <span class='ocr_line' id='line_1_43' title="bbox 1952 1543 3527 1615; baseline 0 -17"><span class='ocrx_word' id='word_1_308' title='bbox 1952 1559 2104 1598; x_wconf 90' lang='lat' dir='ltr'><strong>mum</strong></span> <span class='ocrx_word' id='word_1_309' title='bbox 2130 1543 2281 1599; x_wconf 90' lang='lat' dir='ltr'><strong>voles</strong></span> <span class='ocrx_word' id='word_1_310' title='bbox 2306 1561 2320 1598; x_wconf 87' lang='lat'><strong>:</strong></span> <span class='ocrx_word' id='word_1_311' title='bbox 2349 1552 2403 1598; x_wconf 92' lang='lat' dir='ltr'><strong>et</strong></span> <span class='ocrx_word' id='word_1_312' title='bbox 2425 1543 2587 1607; x_wconf 88' lang='lat' dir='ltr'><strong>scias,</strong></span> <span class='ocrx_word' id='word_1_313' title='bbox 2613 1559 2713 1600; x_wconf 90' lang='lat' dir='ltr'><strong>nos</strong></span> <span class='ocrx_word' id='word_1_314' title='bbox 2735 1553 2956 1615; x_wconf 88' lang='lat' dir='ltr'><strong>paratos</strong></span> <span class='ocrx_word' id='word_1_315' title='bbox 2990 1560 3111 1600; x_wconf 91' lang='lat' dir='ltr'><strong>esse</strong></span> <span class='ocrx_word' id='word_1_316' title='bbox 3139 1546 3256 1611; x_wconf 90' lang='lat' dir='ltr'><strong>tibi,</strong></span> <span class='ocrx_word' id='word_1_317' title='bbox 3285 1561 3409 1600; x_wconf 90' lang='lat' dir='ltr'><strong>eum</strong></span> <span class='ocrx_word' id='word_1_318' title='bbox 3431 1560 3527 1598; x_wconf 83' lang='lat' dir='ltr'><strong>vo-</strong></span> 
     </span>
    </p>
   </div>
   <div class='ocr_carea' id='block_1_44' title="bbox 1953 1635 3523 1709">
    <p class='ocr_par' dir='ltr' id='par_1_44' title="bbox 1953 1635 3523 1709">
     <span class='ocr_line' id='line_1_44' title="bbox 1953 1635 3523 1709; baseline 0.003 -19"><span class='ocrx_word' id='word_1_319' title='bbox 1953 1636 2144 1706; x_wconf 89' lang='lat' dir='ltr'><strong>lueris,</strong></span> <span class='ocrx_word' id='word_1_320' title='bbox 2168 1638 2350 1692; x_wconf 85' lang='lat' dir='ltr'><strong>divina</strong></span> <span class='ocrx_word' id='word_1_321' title='bbox 2379 1635 2723 1693; x_wconf 86' lang='lat' dir='ltr'><strong>Providentia</strong></span> <span class='ocrx_word' id='word_1_322' title='bbox 2750 1655 3060 1695; x_wconf 89' lang='lat' dir='ltr'><strong>occurrere.</strong></span> <span class='ocrx_word' id='word_1_323' title='bbox 3086 1639 3344 1709; x_wconf 84' lang='lat' dir='ltr'><strong>Equidem</strong></span> <span class='ocrx_word' id='word_1_324' title='bbox 3385 1637 3523 1694; x_wconf 82' lang='lat' dir='ltr'><strong>Zac-</strong></span> 
     </span>
    </p>
   </div>
   <div class='ocr_carea' id='block_1_45' title="bbox 1954 1726 3527 1800">
    <p class='ocr_par' dir='ltr' id='par_1_45' title="bbox 1954 1726 3527 1800">
     <span class='ocr_line' id='line_1_45' title="bbox 1954 1726 3527 1800; baseline 0.004 -20"><span class='ocrx_word' id='word_1_325' title='bbox 1954 1726 2159 1795; x_wconf 72' lang='lat' dir='ltr'><strong>chaaus,</strong></span> <span class='ocrx_word' id='word_1_326' title='bbox 2185 1726 2270 1782; x_wconf 78' lang='lat' dir='ltr'><strong>Iris</strong></span> <span class='ocrx_word' id='word_1_327' title='bbox 2315 1726 2553 1796; x_wconf 90' lang='lat' dir='ltr'><strong>auditis,</strong></span> <span class='ocrx_word' id='word_1_328' title='bbox 2587 1742 2911 1798; x_wconf 85' lang='lat' dir='ltr'><strong>responsum</strong></span> <span class='ocrx_word' id='word_1_329' title='bbox 2951 1738 3011 1784; x_wconf 94' lang='lat' dir='ltr'><strong>ut</strong></span> <span class='ocrx_word' id='word_1_330' title='bbox 3055 1729 3245 1794; x_wconf 90' lang='lat' dir='ltr'><strong>daret,</strong></span> <span class='ocrx_word' id='word_1_331' title='bbox 3271 1744 3527 1800; x_wconf 85' lang='lat' dir='ltr'><strong>egressus</strong></span> 
     </span>
    </p>
   </div>
   <div class='ocr_carea' id='block_1_46' title="bbox 1953 1826 2055 1873">
    <p class='ocr_par' dir='ltr' id='par_1_46' title="bbox 1953 1826 2055 1873">
     <span class='ocr_line' id='line_1_46' title="bbox 1953 1826 2055 1873; baseline -0.01 0"><span class='ocrx_word' id='word_1_332' title='bbox 1953 1826 2055 1873; x_wconf 87' lang='lat' dir='ltr'><strong>est.</strong></span> 
     </span>
    </p>
   </div>
   <div class='ocr_carea' id='block_1_47' title="bbox 2023 2021 3526 2088">
    <p class='ocr_par' dir='ltr' id='par_1_47' title="bbox 2023 2021 3526 2088">
     <span class='ocr_line' id='line_1_47' title="bbox 2023 2021 3526 2088; baseline 0.001 -12"><span class='ocrx_word' id='word_1_333' title='bbox 2023 2022 2264 2079; x_wconf 79' lang='lat' dir='ltr'><strong>XXXVI.</strong></span> <span class='ocrx_word' id='word_1_334' title='bbox 2282 2021 2477 2079; x_wconf 89' lang='lat' dir='ltr'><strong>Petrus</strong></span> <span class='ocrx_word' id='word_1_335' title='bbox 2505 2038 2653 2088; x_wconf 89' lang='lat' dir='ltr'><strong>vero,</strong></span> <span class='ocrx_word' id='word_1_336' title='bbox 2688 2039 2773 2079; x_wconf 88' lang='lat' dir='ltr'><strong>me</strong></span> <span class='ocrx_word' id='word_1_337' title='bbox 2795 2024 2985 2080; x_wconf 89' lang='lat' dir='ltr'><strong>videns</strong></span> <span class='ocrx_word' id='word_1_338' title='bbox 3015 2023 3250 2088; x_wconf 84' lang='lat' dir='ltr'><strong>tristem,</strong></span> <span class='ocrx_word' id='word_1_339' title='bbox 3273 2037 3526 2078; x_wconf 88' lang='lat' dir='ltr'><strong>causam-</strong></span> 
     </span>
    </p>
   </div>
   <div class='ocr_carea' id='block_1_48' title="bbox 1953 2117 3526 2188">
    <p class='ocr_par' dir='ltr' id='par_1_48' title="bbox 1953 2117 3526 2188">
     <span class='ocr_line' id='line_1_48' title="bbox 1953 2117 3526 2188; baseline 0 -17"><span class='ocrx_word' id='word_1_340' title='bbox 1953 2133 2062 2188; x_wconf 90' lang='lat' dir='ltr'><strong>que</strong></span> <span class='ocrx_word' id='word_1_341' title='bbox 2097 2132 2318 2187; x_wconf 85' lang='lat' dir='ltr'><strong>rogans,</strong></span> <span class='ocrx_word' id='word_1_342' title='bbox 2360 2132 2482 2172; x_wconf 91' lang='lat' dir='ltr'><strong>cum</strong></span> <span class='ocrx_word' id='word_1_343' title='bbox 2527 2132 2556 2172; x_wconf 91' lang='lat' dir='ltr'><strong>a</strong></span> <span class='ocrx_word' id='word_1_344' title='bbox 2608 2131 2694 2172; x_wconf 92' lang='lat' dir='ltr'><strong>me</strong></span> <span class='ocrx_word' id='word_1_345' title='bbox 2745 2118 3010 2172; x_wconf 88' lang='lat' dir='ltr'><strong>audiisset</strong></span> <span class='ocrx_word' id='word_1_346' title='bbox 3051 2132 3157 2170; x_wconf 91' lang='lat' dir='ltr'><strong>non</strong></span> <span class='ocrx_word' id='word_1_347' title='bbox 3189 2117 3407 2172; x_wconf 87' lang='lat' dir='ltr'><strong>aliunde</strong></span> <span class='ocrx_word' id='word_1_348' title='bbox 3439 2133 3526 2171; x_wconf 83' lang='lat' dir='ltr'><strong>or-</strong></span> 
     </span>
    </p>
   </div>
   <div class='ocr_carea' id='block_1_49' title="bbox 1954 2205 3524 2276">
    <p class='ocr_par' dir='ltr' id='par_1_49' title="bbox 1954 2205 3524 2276">
     <span class='ocr_line' id='line_1_49' title="bbox 1954 2205 3524 2276; baseline 0 -15"><span class='ocrx_word' id='word_1_349' title='bbox 1954 2217 2064 2261; x_wconf 92' lang='lat' dir='ltr'><strong>tam</strong></span> <span class='ocrx_word' id='word_1_350' title='bbox 2106 2221 2270 2276; x_wconf 84' lang='lat' dir='ltr'><strong>quam</strong></span> <span class='ocrx_word' id='word_1_351' title='bbox 2305 2221 2372 2259; x_wconf 85' lang='lat' dir='ltr'><strong>ex</strong></span> <span class='ocrx_word' id='word_1_352' title='bbox 2420 2205 2807 2275; x_wconf 85' lang='lat' dir='ltr'><strong>disputationis</strong></span> <span class='ocrx_word' id='word_1_353' title='bbox 2851 2205 3131 2271; x_wconf 88' lang='lat' dir='ltr'><strong>dilatione,</strong></span> <span class='ocrx_word' id='word_1_354' title='bbox 3185 2206 3258 2259; x_wconf 90' lang='lat' dir='ltr'><strong>ita</strong></span> <span class='ocrx_word' id='word_1_355' title='bbox 3305 2206 3524 2261; x_wconf 85' lang='lat' dir='ltr'><strong>locutus</strong></span> 
     </span>
    </p>
   </div>
   <div class='ocr_carea' id='block_1_50' title="bbox 1955 2296 3528 2368">
    <p class='ocr_par' dir='ltr' id='par_1_50' title="bbox 1955 2296 3528 2368">
     <span class='ocr_line' id='line_1_50' title="bbox 1955 2296 3528 2368; baseline -0.003 -14"><span class='ocrx_word' id='word_1_356' title='bbox 1955 2307 2078 2354; x_wconf 89' lang='lat' dir='ltr'><strong>est:</strong></span> <span class='ocrx_word' id='word_1_357' title='bbox 2115 2299 2218 2365; x_wconf 85' lang='lat' dir='ltr'><strong>Qui</strong></span> <span class='ocrx_word' id='word_1_358' title='bbox 2252 2297 2515 2353; x_wconf 92' lang='lat' dir='ltr'><strong>mundum</strong></span> <span class='ocrx_word' id='word_1_359' title='bbox 2547 2297 2754 2367; x_wconf 90' lang='lat' dir='ltr'><strong>optima</strong></span> <span class='ocrx_word' id='word_1_360' title='bbox 2798 2296 2894 2353; x_wconf 88' lang='lat' dir='ltr'><strong>Dei</strong></span> <span class='ocrx_word' id='word_1_361' title='bbox 2941 2297 3281 2368; x_wconf 88' lang='lat' dir='ltr'><strong>providentia</strong></span> <span class='ocrx_word' id='word_1_362' title='bbox 3328 2297 3528 2366; x_wconf 86' lang='lat' dir='ltr'><strong>guber-</strong></span> 
     </span>
    </p>
   </div>
   <div class='ocr_carea' id='block_1_51' title="bbox 1955 2385 3528 2459">
    <p class='ocr_par' dir='ltr' id='par_1_51' title="bbox 1955 2385 3528 2459">
     <span class='ocr_line' id='line_1_51' title="bbox 1955 2385 3528 2459; baseline -0.003 -14"><span class='ocrx_word' id='word_1_363' title='bbox 1955 2390 2073 2445; x_wconf 85' lang='lat' dir='ltr'><strong>nari</strong></span> <span class='ocrx_word' id='word_1_364' title='bbox 2119 2390 2440 2456; x_wconf 87' lang='lat' dir='ltr'><strong>existimat,</strong></span> <span class='ocrx_word' id='word_1_365' title='bbox 2472 2389 2645 2444; x_wconf 89' lang='lat' dir='ltr'><strong>amice</strong></span> <span class='ocrx_word' id='word_1_366' title='bbox 2692 2388 2975 2455; x_wconf 87' lang='lat' dir='ltr'><strong>Clemens,</strong></span> <span class='ocrx_word' id='word_1_367' title='bbox 3005 2389 3052 2444; x_wconf 89' lang='lat' dir='ltr'><strong>is</strong></span> <span class='ocrx_word' id='word_1_368' title='bbox 3083 2405 3188 2444; x_wconf 90' lang='lat' dir='ltr'><strong>non</strong></span> <span class='ocrx_word' id='word_1_369' title='bbox 3240 2403 3380 2459; x_wconf 70' lang='lat' dir='ltr'><strong>aegre</strong></span> <span class='ocrx_word' id='word_1_370' title='bbox 3423 2385 3528 2441; x_wconf 79' lang='lat' dir='ltr'><strong>fert</strong></span> 
     </span>
    </p>
   </div>
   <div class='ocr_carea' id='block_1_52' title="bbox 1955 2482 3526 2557">
    <p class='ocr_par' dir='ltr' id='par_1_52' title="bbox 1955 2482 3526 2557">
     <span class='ocr_line' id='line_1_52' title="bbox 1955 2482 3526 2557; baseline -0.006 -16"><span class='ocrx_word' id='word_1_371' title='bbox 1955 2486 2444 2557; x_wconf 89' lang='lat' dir='ltr'><strong>quomodocunque</strong></span> <span class='ocrx_word' id='word_1_372' title='bbox 2479 2483 2818 2537; x_wconf 89' lang='lat' dir='ltr'><strong>occurrentia</strong></span> <span class='ocrx_word' id='word_1_373' title='bbox 2859 2482 3072 2553; x_wconf 89' lang='lat' dir='ltr'><strong>negotia</strong></span> <span class='ocrx_word' id='word_1_374' title='bbox 3098 2524 3113 2548; x_wconf 96' lang='lat'><strong>,</strong></span> <span class='ocrx_word' id='word_1_375' title='bbox 3152 2498 3334 2538; x_wconf 88' lang='lat' dir='ltr'><strong>secum</strong></span> <span class='ocrx_word' id='word_1_376' title='bbox 3361 2495 3526 2550; x_wconf 88' lang='lat' dir='ltr'><strong>repu-</strong></span> 
     </span>
    </p>
   </div>
   <div class='ocr_carea' id='block_1_53' title="bbox 1955 2575 3527 2648">
    <p class='ocr_par' dir='ltr' id='par_1_53' title="bbox 1955 2575 3527 2648">
     <span class='ocr_line' id='line_1_53' title="bbox 1955 2575 3527 2648; baseline -0.004 -15"><span class='ocrx_word' id='word_1_377' title='bbox 1955 2587 2118 2643; x_wconf 89' lang='lat' dir='ltr'><strong>tans,</strong></span> <span class='ocrx_word' id='word_1_378' title='bbox 2151 2577 2294 2648; x_wconf 87' lang='lat' dir='ltr'><strong>quod</strong></span> <span class='ocrx_word' id='word_1_379' title='bbox 2338 2593 2434 2647; x_wconf 90' lang='lat' dir='ltr'><strong>per</strong></span> <span class='ocrx_word' id='word_1_380' title='bbox 2476 2575 2728 2630; x_wconf 85' lang='lat' dir='ltr'><strong>Numinis</strong></span> <span class='ocrx_word' id='word_1_381' title='bbox 2762 2575 3224 2645; x_wconf 88' lang='lat' dir='ltr'><strong>dispensationem</strong></span> <span class='ocrx_word' id='word_1_382' title='bbox 3270 2590 3356 2630; x_wconf 90' lang='lat' dir='ltr'><strong>res</strong></span> <span class='ocrx_word' id='word_1_383' title='bbox 3394 2589 3527 2629; x_wconf 78' lang='lat' dir='ltr'><strong>con-</strong></span> 
     </span>
    </p>
   </div>
   <div class='ocr_carea' id='block_1_54' title="bbox 1956 2664 3528 2740">
    <p class='ocr_par' dir='ltr' id='par_1_54' title="bbox 1956 2664 3528 2740">
     <span class='ocr_line' id='line_1_54' title="bbox 1956 2664 3528 2740; baseline -0.003 -16"><span class='ocrx_word' id='word_1_384' title='bbox 1956 2677 2213 2740; x_wconf 73' lang='lat' dir='ltr'><strong>grue-nter</strong></span> <span class='ocrx_word' id='word_1_385' title='bbox 2234 2667 2441 2722; x_wconf 81' lang='lat' dir='ltr'><strong>exitum</strong></span> <span class='ocrx_word' id='word_1_386' title='bbox 2464 2666 2800 2722; x_wconf 90' lang='lat' dir='ltr'><strong>sortiuntur:</strong></span> <span class='ocrx_word' id='word_1_387' title='bbox 2829 2665 2970 2720; x_wconf 90' lang='lat' dir='ltr'><strong>unde</strong></span> <span class='ocrx_word' id='word_1_388' title='bbox 3001 2665 3179 2719; x_wconf 90' lang='lat' dir='ltr'><strong>sciens</strong></span> <span class='ocrx_word' id='word_1_389' title='bbox 3209 2664 3376 2719; x_wconf 89' lang='lat' dir='ltr'><strong>Deum</strong></span> <span class='ocrx_word' id='word_1_390' title='bbox 3405 2678 3528 2719; x_wconf 82' lang='lat' dir='ltr'><strong>esse</strong></span> 
     </span>
    </p>
   </div>
   <div class='ocr_carea' id='block_1_55' title="bbox 1951 2755 3524 2830">
    <p class='ocr_par' dir='ltr' id='par_1_55' title="bbox 1951 2755 3524 2830">
     <span class='ocr_line' id='line_1_55' title="bbox 1951 2755 3524 2830; baseline -0.003 -17"><span class='ocrx_word' id='word_1_391' title='bbox 1951 2760 2184 2830; x_wconf 87' lang='lat' dir='ltr'><strong>justum,</strong></span> <span class='ocrx_word' id='word_1_392' title='bbox 2220 2767 2274 2812; x_wconf 88' lang='lat' dir='ltr'><strong>et</strong></span> <span class='ocrx_word' id='word_1_393' title='bbox 2322 2757 2458 2812; x_wconf 89' lang='lat' dir='ltr'><strong>bene</strong></span> <span class='ocrx_word' id='word_1_394' title='bbox 2502 2756 2606 2811; x_wconf 87' lang='lat' dir='ltr'><strong>sibi</strong></span> <span class='ocrx_word' id='word_1_395' title='bbox 2649 2756 2905 2811; x_wconf 90' lang='lat' dir='ltr'><strong>conscius</strong></span> <span class='ocrx_word' id='word_1_396' title='bbox 2945 2757 3154 2824; x_wconf 84' lang='lat' dir='ltr'><strong>vivens,</strong></span> <span class='ocrx_word' id='word_1_397' title='bbox 3185 2755 3524 2810; x_wconf 84' lang='lat' dir='ltr'><strong>aceidentem</strong></span> 
     </span>
    </p>
   </div>
   <div class='ocr_carea' id='block_1_56' title="bbox 1959 2846 3524 2916">
    <p class='ocr_par' dir='ltr' id='par_1_56' title="bbox 1959 2846 3524 2916">
     <span class='ocr_line' id='line_1_56' title="bbox 1959 2846 3524 2916; baseline -0.003 -10"><span class='ocrx_word' id='word_1_398' title='bbox 1959 2851 2265 2906; x_wconf 88' lang='lat' dir='ltr'><strong>molestiam</strong></span> <span class='ocrx_word' id='word_1_399' title='bbox 2313 2849 2463 2904; x_wconf 88' lang='lat' dir='ltr'><strong>novit</strong></span> <span class='ocrx_word' id='word_1_400' title='bbox 2492 2847 2560 2903; x_wconf 90' lang='lat' dir='ltr'><strong>ab</strong></span> <span class='ocrx_word' id='word_1_401' title='bbox 2604 2847 2790 2902; x_wconf 91' lang='lat' dir='ltr'><strong>animo</strong></span> <span class='ocrx_word' id='word_1_402' title='bbox 2829 2856 2976 2902; x_wconf 91' lang='lat' dir='ltr'><strong>recta</strong></span> <span class='ocrx_word' id='word_1_403' title='bbox 3021 2848 3232 2901; x_wconf 87' lang='lat' dir='ltr'><strong>ratione</strong></span> <span class='ocrx_word' id='word_1_404' title='bbox 3267 2846 3524 2916; x_wconf 85' lang='lat' dir='ltr'><strong>abjicere,</strong></span> 
     </span>
    </p>
   </div>
   <div class='ocr_carea' id='block_1_57' title="bbox 1958 2938 3526 3014">
    <p class='ocr_par' dir='ltr' id='par_1_57' title="bbox 1958 2938 3526 3014">
     <span class='ocr_line' id='line_1_57' title="bbox 1958 2938 3526 3014; baseline -0.004 -16"><span class='ocrx_word' id='word_1_405' title='bbox 1958 2944 2216 3014; x_wconf 90' lang='lat' dir='ltr'><strong>quoniam</strong></span> <span class='ocrx_word' id='word_1_406' title='bbox 2247 2958 2310 2996; x_wconf 89' lang='lat' dir='ltr'><strong>ea</strong></span> <span class='ocrx_word' id='word_1_407' title='bbox 2340 2942 2392 2994; x_wconf 90' lang='lat' dir='ltr'><strong>in</strong></span> <span class='ocrx_word' id='word_1_408' title='bbox 2420 2941 2525 2995; x_wconf 83' lang='lat' dir='ltr'><strong>line</strong></span> <span class='ocrx_word' id='word_1_409' title='bbox 2544 2940 2610 2994; x_wconf 86' lang='lat' dir='ltr'><strong>ad</strong></span> <span class='ocrx_word' id='word_1_410' title='bbox 2644 2939 2864 3009; x_wconf 81' lang='lat' dir='ltr'><strong>aliquod</strong></span> <span class='ocrx_word' id='word_1_411' title='bbox 2889 2939 3091 2993; x_wconf 93' lang='lat' dir='ltr'><strong>bonum</strong></span> <span class='ocrx_word' id='word_1_412' title='bbox 3118 2938 3364 3008; x_wconf 82' lang='lat' dir='ltr'><strong>ignotum</strong></span> <span class='ocrx_word' id='word_1_413' title='bbox 3398 2953 3526 3008; x_wconf 81' lang='lat' dir='ltr'><strong>per-</strong></span> 
     </span>
    </p>
   </div>
   <div class='ocr_carea' id='block_1_58' title="bbox 1961 3028 3526 3102">
    <p class='ocr_par' dir='ltr' id='par_1_58' title="bbox 1961 3028 3526 3102">
     <span class='ocr_line' id='line_1_58' title="bbox 1961 3028 3526 3102; baseline -0.003 -14"><span class='ocrx_word' id='word_1_414' title='bbox 1961 3036 2156 3090; x_wconf 86' lang='lat' dir='ltr'><strong>veniet.</strong></span> <span class='ocrx_word' id='word_1_415' title='bbox 2212 3033 2277 3088; x_wconf 87' lang='lat' dir='ltr'><strong>Et</strong></span> <span class='ocrx_word' id='word_1_416' title='bbox 2319 3048 2464 3088; x_wconf 91' lang='lat' dir='ltr'><strong>nunc</strong></span> <span class='ocrx_word' id='word_1_417' title='bbox 2510 3032 2673 3102; x_wconf 82' lang='lat' dir='ltr'><strong>igitur</strong></span> <span class='ocrx_word' id='word_1_418' title='bbox 2702 3031 3088 3101; x_wconf 87' lang='lat' dir='ltr'><strong>disputationis</strong></span> <span class='ocrx_word' id='word_1_419' title='bbox 3129 3046 3252 3084; x_wconf 92' lang='lat' dir='ltr'><strong>cum</strong></span> <span class='ocrx_word' id='word_1_420' title='bbox 3303 3028 3526 3084; x_wconf 84' lang='lat' dir='ltr'><strong>Simone</strong></span> 
     </span>
    </p>
   </div>
   <div class='ocr_carea' id='block_1_59' title="bbox 286 3120 1852 3196">
    <p class='ocr_par' dir='ltr' id='par_1_59' title="bbox 286 3123 1852 3196">
     <span class='ocr_line' id='line_1_59' title="bbox 286 3123 1852 3196; baseline -0.001 -20"><span class='ocrx_word' id='word_1_421' title='bbox 286 3141 459 3192; x_wconf 83' lang='grc' dir='ltr'>μωνος</span> <span class='ocrx_word' id='word_1_422' title='bbox 509 3126 541 3195; x_wconf 77' lang='grc' dir='ltr'>ἡ</span> <span class='ocrx_word' id='word_1_423' title='bbox 591 3124 691 3194; x_wconf 82' lang='grc' dir='ltr'>τῆς</span> <span class='ocrx_word' id='word_1_424' title='bbox 724 3125 1000 3196; x_wconf 77' lang='grc' dir='ltr'>ζητήσεως</span> <span class='ocrx_word' id='word_1_425' title='bbox 1049 3126 1342 3196; x_wconf 82' lang='grc' dir='ltr'>ὑπέρθεσις</span> <span class='ocrx_word' id='word_1_426' title='bbox 1384 3126 1456 3196; x_wconf 86' lang='grc' dir='ltr'>μή</span> <span class='ocrx_word' id='word_1_427' title='bbox 1509 3141 1567 3177; x_wconf 89' lang='grc' dir='ltr'><strong>σε</strong></span> <span class='ocrx_word' id='word_1_428' title='bbox 1600 3123 1852 3176; x_wconf 86' lang='grc' dir='ltr'>λυπείτω.</span> 
     </span>
    </p>
   </div>
   <div class='ocr_carea' id='block_1_60' title="bbox 1955 3120 3526 3196">
    <p class='ocr_par' dir='ltr' id='par_1_60' title="bbox 1968 3120 3526 3196">
     <span class='ocr_line' id='line_1_60' title="bbox 1968 3120 3526 3196; baseline -0.003 -15"><span class='ocrx_word' id='word_1_429' title='bbox 1968 3126 2125 3196; x_wconf 87' lang='lat' dir='ltr'><strong>Mago</strong></span> <span class='ocrx_word' id='word_1_430' title='bbox 2159 3125 2347 3179; x_wconf 86' lang='lat' dir='ltr'><strong>dilatio</strong></span> <span class='ocrx_word' id='word_1_431' title='bbox 2372 3134 2422 3179; x_wconf 88' lang='lat' dir='ltr'><strong>te</strong></span> <span class='ocrx_word' id='word_1_432' title='bbox 2450 3139 2556 3178; x_wconf 87' lang='lat' dir='ltr'><strong>non</strong></span> <span class='ocrx_word' id='word_1_433' title='bbox 2579 3123 2882 3179; x_wconf 88' lang='lat' dir='ltr'><strong>contristet.</strong></span> <span class='ocrx_word' id='word_1_434' title='bbox 2904 3121 3179 3178; x_wconf 83' lang='lat' dir='ltr'><strong>Fortassis</strong></span> <span class='ocrx_word' id='word_1_435' title='bbox 3205 3121 3347 3176; x_wconf 89' lang='lat' dir='ltr'><strong>enim</strong></span> <span class='ocrx_word' id='word_1_436' title='bbox 3378 3137 3408 3176; x_wconf 88' lang='lat' dir='ltr'><strong>a</strong></span> <span class='ocrx_word' id='word_1_437' title='bbox 3431 3120 3526 3176; x_wconf 79' lang='lat' dir='ltr'><strong>Dei</strong></span> 
     </span>
    </p>
   </div>
   <div class='ocr_carea' id='block_1_61' title="bbox 287 3215 1852 3289">
    <p class='ocr_par' dir='ltr' id='par_1_61' title="bbox 287 3215 1852 3289">
     <span class='ocr_line' id='line_1_61' title="bbox 287 3215 1852 3289; baseline 0.003 -21"><span class='ocrx_word' id='word_1_438' title='bbox 287 3217 441 3276; x_wconf 76' lang='grc' dir='ltr'>Ἴσως</span> <span class='ocrx_word' id='word_1_439' title='bbox 473 3215 585 3286; x_wconf 87' lang='grc' dir='ltr'><strong>γάρ</strong></span> <span class='ocrx_word' id='word_1_440' title='bbox 617 3217 680 3268; x_wconf 81' lang='grc' dir='ltr'>ἐκ</span> <span class='ocrx_word' id='word_1_441' title='bbox 717 3217 814 3287; x_wconf 76' lang='grc' dir='ltr'>τῆς</span> <span class='ocrx_word' id='word_1_442' title='bbox 835 3217 928 3270; x_wconf 89' lang='grc' dir='ltr'><strong>τοῦ</strong></span> <span class='ocrx_word' id='word_1_443' title='bbox 961 3217 1095 3270; x_wconf 87' lang='grc' dir='ltr'>Θεοῦ</span> <span class='ocrx_word' id='word_1_444' title='bbox 1123 3217 1376 3289; x_wconf 88' lang='grc' dir='ltr'>προνοίας</span> <span class='ocrx_word' id='word_1_445' title='bbox 1406 3219 1484 3280; x_wconf 82' lang='grc' dir='ltr'><strong>είς</strong></span> <span class='ocrx_word' id='word_1_446' title='bbox 1513 3218 1610 3288; x_wconf 76' lang='grc' dir='ltr'>τὴν</span> <span class='ocrx_word' id='word_1_447' title='bbox 1638 3217 1733 3289; x_wconf 82' lang='grc' dir='ltr'>σὴν</span> <span class='ocrx_word' id='word_1_448' title='bbox 1759 3219 1852 3285; x_wconf 82' lang='grc' dir='ltr'><strong>γέ-</strong></span> 
     </span>
    </p>
   </div>
   <div class='ocr_carea' id='block_1_62' title="bbox 285 3308 1856 3383">
    <p class='ocr_par' dir='ltr' id='par_1_62' title="bbox 285 3308 1856 3383">
     <span class='ocr_line' id='line_1_62' title="bbox 285 3308 1856 3383; baseline 0.004 -23"><span class='ocrx_word' id='word_1_449' title='bbox 285 3325 434 3374; x_wconf 79' lang='grc' dir='ltr'>γονεν</span> <span class='ocrx_word' id='word_1_450' title='bbox 466 3308 754 3377; x_wconf 73' lang='grc' dir='ltr'>ὠφέλειαν.</span> <span class='ocrx_word' id='word_1_451' title='bbox 798 3309 888 3363; x_wconf 82' lang='grc' dir='ltr'><strong>Διὸ</strong></span> <span class='ocrx_word' id='word_1_452' title='bbox 927 3309 1002 3374; x_wconf 83' lang='grc' dir='ltr'>ὡς</span> <span class='ocrx_word' id='word_1_453' title='bbox 1033 3309 1145 3381; x_wconf 83' lang='grc' dir='ltr'>ἰδίῳ</span> <span class='ocrx_word' id='word_1_454' title='bbox 1189 3328 1272 3364; x_wconf 90' lang='grc' dir='ltr'><strong>σοι</strong></span> <span class='ocrx_word' id='word_1_455' title='bbox 1302 3310 1413 3364; x_wconf 74' lang='grc' dir='ltr'>ὄντι</span> <span class='ocrx_word' id='word_1_456' title='bbox 1434 3309 1479 3341; x_wconf 84' lang='grc'><strong>⁸⁹</strong></span> <span class='ocrx_word' id='word_1_457' title='bbox 1509 3311 1609 3364; x_wconf 81' lang='grc' dir='ltr'>οὐκ</span> <span class='ocrx_word' id='word_1_458' title='bbox 1642 3312 1856 3383; x_wconf 77' lang='grc' dir='ltr'>ὀκνήσω</span> 
     </span>
    </p>
   </div>
   <div class='ocr_carea' id='block_1_63' title="bbox 283 3400 478 3469">
    <p class='ocr_par' dir='ltr' id='par_1_63' title="bbox 283 3400 478 3469">
     <span class='ocr_line' id='line_1_63' title="bbox 283 3400 478 3469; baseline 0 -15"><span class='ocrx_word' id='word_1_459' title='bbox 283 3400 400 3469; x_wconf 74' lang='grc' dir='ltr'>λέγε</span> <span class='ocrx_word' id='word_1_460' title='bbox 410 3419 457 3453; x_wconf 89' lang='grc' dir='ltr'><strong>ιν</strong></span> <span class='ocrx_word' id='word_1_461' title='bbox 464 3441 478 3454; x_wconf 93' lang='grc'><strong>.</strong></span> 
     </span>
    </p>
   </div>
   <div class='ocr_carea' id='block_1_64' title="bbox 349 3493 1857 3570">
    <p class='ocr_par' dir='ltr' id='par_1_64' title="bbox 349 3493 1857 3570">
     <span class='ocr_line' id='line_1_64' title="bbox 349 3493 1857 3570; baseline 0.002 -22"><span class='ocrx_word' id='word_1_462' title='bbox 349 3493 620 3548; x_wconf 72' lang='lat' dir='ltr'><strong>XXXVII.</strong></span> <span class='ocrx_word' id='word_1_463' title='bbox 651 3496 770 3549; x_wconf 83' lang='grc' dir='ltr'><strong>Τῶν</strong></span> <span class='ocrx_word' id='word_1_464' title='bbox 799 3497 1078 3568; x_wconf 79' lang='grc' dir='ltr'>ἡμετέρων</span> <span class='ocrx_word' id='word_1_465' title='bbox 1102 3498 1245 3560; x_wconf 84' lang='grc' dir='ltr'>τινὲς</span> <span class='ocrx_word' id='word_1_466' title='bbox 1267 3499 1469 3570; x_wconf 78' lang='grc' dir='ltr'>ἑταῖροι</span> <span class='ocrx_word' id='word_1_467' title='bbox 1490 3499 1536 3530; x_wconf 78' lang='grc'><strong>’⁸</strong></span> <span class='ocrx_word' id='word_1_468' title='bbox 1559 3499 1636 3570; x_wconf 81' lang='grc' dir='ltr'>τῷ</span> <span class='ocrx_word' id='word_1_469' title='bbox 1655 3498 1857 3568; x_wconf 85' lang='grc' dir='ltr'>Σίμωνι</span> 
     </span>
    </p>
   </div>
   <div class='ocr_carea' id='block_1_65' title="bbox 281 3589 1855 3664">
    <p class='ocr_par' dir='ltr' id='par_1_65' title="bbox 281 3589 1855 3664">
     <span class='ocr_line' id='line_1_65' title="bbox 281 3589 1855 3664; baseline 0.002 -23"><span class='ocrx_word' id='word_1_470' title='bbox 281 3589 668 3661; x_wconf 74' lang='grc' dir='ltr'>προσποιητῶς</span> <span class='ocrx_word' id='word_1_471' title='bbox 703 3589 958 3655; x_wconf 75' lang='grc' dir='ltr'>σύνεισιν,</span> <span class='ocrx_word' id='word_1_472' title='bbox 982 3590 1056 3654; x_wconf 85' lang='grc' dir='ltr'>ὡς</span> <span class='ocrx_word' id='word_1_473' title='bbox 1088 3590 1398 3656; x_wconf 84' lang='grc' dir='ltr'>πεισθέντες</span> <span class='ocrx_word' id='word_1_474' title='bbox 1423 3594 1489 3663; x_wconf 78' lang='grc' dir='ltr'><strong>τῇ</strong></span> <span class='ocrx_word' id='word_1_475' title='bbox 1509 3592 1788 3664; x_wconf 80' lang='grc' dir='ltr'>ἀθεωτάτῃ</span> <span class='ocrx_word' id='word_1_476' title='bbox 1810 3591 1855 3623; x_wconf 77' lang='grc'><strong>’⁸</strong></span> 
     </span>
    </p>
   </div>
   <div class='ocr_carea' id='block_1_66' title="bbox 281 3675 1857 3756">
    <p class='ocr_par' dir='ltr' id='par_1_66' title="bbox 281 3675 1857 3756">
     <span class='ocr_line' id='line_1_66' title="bbox 281 3675 1857 3756; baseline 0.001 -20"><span class='ocrx_word' id='word_1_477' title='bbox 281 3682 444 3736; x_wconf 74' lang='grc' dir='ltr'>αὐτοῦ</span> <span class='ocrx_word' id='word_1_478' title='bbox 467 3683 669 3753; x_wconf 80' lang='grc' dir='ltr'>πλάνῃ,</span> <span class='ocrx_word' id='word_1_479' title='bbox 700 3683 867 3746; x_wconf 82' lang='grc' dir='ltr'>ὅπως,</span> <span class='ocrx_word' id='word_1_480' title='bbox 892 3675 1254 3753; x_wconf 68' lang='grc' dir='ltr'>μανθάνοντες</span> <span class='ocrx_word' id='word_1_481' title='bbox 1282 3684 1445 3737; x_wconf 78' lang='grc' dir='ltr'>αὑτοῦ</span> <span class='ocrx_word' id='word_1_482' title='bbox 1466 3684 1578 3756; x_wconf 78' lang='lat'><strong>69</strong></span> <span class='ocrx_word' id='word_1_483' title='bbox 1607 3685 1706 3748; x_wconf 84' lang='grc' dir='ltr'>τὰς</span> <span class='ocrx_word' id='word_1_484' title='bbox 1733 3684 1857 3755; x_wconf 88' lang='grc' dir='ltr'>βου-</span> 
     </span>
    </p>
   </div>
   <div class='ocr_carea' id='block_1_67' title="bbox 281 3772 1855 3851">
    <p class='ocr_par' dir='ltr' id='par_1_67' title="bbox 281 3772 1855 3851">
     <span class='ocr_line' id='line_1_67' title="bbox 281 3772 1855 3851; baseline 0.003 -24"><span class='ocrx_word' id='word_1_485' title='bbox 281 3772 395 3837; x_wconf 74' lang='grc' dir='ltr'>λὰς,</span> <span class='ocrx_word' id='word_1_486' title='bbox 428 3775 761 3843; x_wconf 76' lang='grc' dir='ltr'>ἐκφαίνωσιν</span> <span class='ocrx_word' id='word_1_487' title='bbox 787 3778 936 3846; x_wconf 81' lang='grc' dir='ltr'>ἡμῖν,</span> <span class='ocrx_word' id='word_1_488' title='bbox 972 3776 1106 3848; x_wconf 84' lang='grc' dir='ltr'>πρὸς</span> <span class='ocrx_word' id='word_1_489' title='bbox 1133 3777 1193 3830; x_wconf 81' lang='grc' dir='ltr'>τὸ</span> <span class='ocrx_word' id='word_1_490' title='bbox 1224 3777 1480 3831; x_wconf 80' lang='grc' dir='ltr'>δύνασθαι</span> <span class='ocrx_word' id='word_1_491' title='bbox 1512 3778 1667 3850; x_wconf 83' lang='grc' dir='ltr'>δεινῷ</span> <span class='ocrx_word' id='word_1_492' title='bbox 1703 3779 1855 3851; x_wconf 76' lang='grc' dir='ltr'>ἀνδρὶ</span> 
     </span>
    </p>
   </div>
   <div class='ocr_carea' id='block_1_68' title="bbox 281 3867 1851 3941">
    <p class='ocr_par' dir='ltr' id='par_1_68' title="bbox 281 3867 1851 3941">
     <span class='ocr_line' id='line_1_68' title="bbox 281 3867 1851 3941; baseline 0.002 -21"><span class='ocrx_word' id='word_1_493' title='bbox 281 3867 498 3929; x_wconf 62' lang='grc' dir='ltr'>οἰκείως</span> <span class='ocrx_word' id='word_1_494' title='bbox 535 3867 994 3939; x_wconf 82' lang='grc' dir='ltr'>συναρμόσασθαι.</span> <span class='ocrx_word' id='word_1_495' title='bbox 1013 3869 1123 3922; x_wconf 74' lang='grc' dir='ltr'><strong>Καὶ</strong></span> <span class='ocrx_word' id='word_1_496' title='bbox 1154 3869 1247 3922; x_wconf 84' lang='grc' dir='ltr'><strong>νῦν</strong></span> <span class='ocrx_word' id='word_1_497' title='bbox 1273 3871 1401 3941; x_wconf 76' lang='grc' dir='ltr'>παρ’</span> <span class='ocrx_word' id='word_1_498' title='bbox 1428 3869 1604 3929; x_wconf 77' lang='grc' dir='ltr'>αὐτῶν</span> <span class='ocrx_word' id='word_1_499' title='bbox 1631 3869 1851 3941; x_wconf 76' lang='grc' dir='ltr'>ἔμαθον,</span> 
     </span>
    </p>
   </div>
   <div class='ocr_carea' id='block_1_69' title="bbox 283 3953 1855 4032">
    <p class='ocr_par' dir='ltr' id='par_1_69' title="bbox 283 3953 1855 4032">
     <span class='ocr_line' id='line_1_69' title="bbox 283 3953 1855 4032; baseline 0.006 -25"><span class='ocrx_word' id='word_1_500' title='bbox 283 3953 347 4027; x_wconf 76' lang='grc' dir='ltr'><strong>ἧς</strong></span> <span class='ocrx_word' id='word_1_501' title='bbox 380 3957 563 4027; x_wconf 73' lang='grc' dir='ltr'>μέλλει</span> <span class='ocrx_word' id='word_1_502' title='bbox 585 3957 862 4030; x_wconf 74' lang='grc' dir='ltr'>ζητήσεως</span> <span class='ocrx_word' id='word_1_503' title='bbox 889 3961 1156 4014; x_wconf 86' lang='grc' dir='ltr'>ποιεῖσθαι</span> <span class='ocrx_word' id='word_1_504' title='bbox 1188 3961 1311 4025; x_wconf 78' lang='grc' dir='ltr'>τοὺς</span> <span class='ocrx_word' id='word_1_505' title='bbox 1344 3962 1552 4030; x_wconf 80' lang='grc' dir='ltr'>λόγουςο</span> <span class='ocrx_word' id='word_1_506' title='bbox 1573 3965 1668 4016; x_wconf 75' lang='grc' dir='ltr'>καὶ</span> <span class='ocrx_word' id='word_1_507' title='bbox 1694 3965 1855 4032; x_wconf 77' lang='grc' dir='ltr'>γνοὺς</span> 
     </span>
    </p>
   </div>
   <div class='ocr_carea' id='block_1_70' title="bbox 281 4049 1856 4126">
    <p class='ocr_par' dir='ltr' id='par_1_70' title="bbox 281 4049 1856 4126">
     <span class='ocr_line' id='line_1_70' title="bbox 281 4049 1856 4126; baseline 0.006 -26"><span class='ocrx_word' id='word_1_508' title='bbox 281 4051 374 4101; x_wconf 70' lang='grc' dir='ltr'><strong>ἐπὶ</strong></span> <span class='ocrx_word' id='word_1_509' title='bbox 403 4049 581 4121; x_wconf 80' lang='grc' dir='ltr'>τούτῳ</span> <span class='ocrx_word' id='word_1_510' title='bbox 615 4051 692 4122; x_wconf 84' lang='grc' dir='ltr'>τῷ</span> <span class='ocrx_word' id='word_1_511' title='bbox 728 4050 826 4122; x_wconf 84' lang='grc' dir='ltr'>μὲν</span> <span class='ocrx_word' id='word_1_512' title='bbox 857 4052 1447 4126; x_wconf 49' lang='grc' dir='ltr'>Θειῖῃηὺχαρίστησαη·</span> <span class='ocrx_word' id='word_1_513' title='bbox 1474 4055 1532 4107; x_wconf 82' lang='grc' dir='ltr'>σὲ</span> <span class='ocrx_word' id='word_1_514' title='bbox 1562 4055 1617 4108; x_wconf 86' lang='grc' dir='ltr'><strong>δὲ</strong></span> <span class='ocrx_word' id='word_1_515' title='bbox 1646 4055 1856 4126; x_wconf 81' lang='grc' dir='ltr'>ἐμακά-</span> 
     </span>
    </p>
   </div>
   <div class='ocr_carea' id='block_1_71' title="bbox 1960 3211 3526 3288">
    <p class='ocr_par' dir='ltr' id='par_1_71' title="bbox 1960 3211 3526 3288">
     <span class='ocr_line' id='line_1_71' title="bbox 1960 3211 3526 3288; baseline -0.003 -18"><span class='ocrx_word' id='word_1_516' title='bbox 1960 3216 2301 3288; x_wconf 88' lang='lat' dir='ltr'><strong>providentia</strong></span> <span class='ocrx_word' id='word_1_517' title='bbox 2340 3215 2392 3269; x_wconf 94' lang='lat' dir='ltr'><strong>in</strong></span> <span class='ocrx_word' id='word_1_518' title='bbox 2439 3223 2584 3269; x_wconf 90' lang='lat' dir='ltr'><strong>tuam</strong></span> <span class='ocrx_word' id='word_1_519' title='bbox 2627 3214 2912 3267; x_wconf 84' lang='lat' dir='ltr'><strong>utilitatem</strong></span> <span class='ocrx_word' id='word_1_520' title='bbox 2960 3211 3204 3282; x_wconf 81' lang='lat' dir='ltr'><strong>contigit.</strong></span> <span class='ocrx_word' id='word_1_521' title='bbox 3235 3212 3526 3279; x_wconf 76' lang='lat' dir='ltr'><strong>Quocirca,</strong></span> 
     </span>
    </p>
   </div>
   <div class='ocr_carea' id='block_1_72' title="bbox 1961 3301 3527 3374">
    <p class='ocr_par' dir='ltr' id='par_1_72' title="bbox 1961 3301 3527 3374">
     <span class='ocr_line' id='line_1_72' title="bbox 1961 3301 3527 3374; baseline -0.004 -12"><span class='ocrx_word' id='word_1_522' title='bbox 1961 3323 2085 3363; x_wconf 90' lang='lat' dir='ltr'><strong>cum</strong></span> <span class='ocrx_word' id='word_1_523' title='bbox 2116 3307 2248 3361; x_wconf 90' lang='lat' dir='ltr'><strong>mihi</strong></span> <span class='ocrx_word' id='word_1_524' title='bbox 2287 3305 2364 3361; x_wconf 88' lang='lat' dir='ltr'><strong>sis</strong></span> <span class='ocrx_word' id='word_1_525' title='bbox 2405 3305 2616 3360; x_wconf 90' lang='lat' dir='ltr'><strong>amicus</strong></span> <span class='ocrx_word' id='word_1_526' title='bbox 2657 3302 2977 3374; x_wconf 89' lang='lat' dir='ltr'><strong>peculiaris,</strong></span> <span class='ocrx_word' id='word_1_527' title='bbox 3011 3319 3115 3356; x_wconf 90' lang='lat' dir='ltr'><strong>non</strong></span> <span class='ocrx_word' id='word_1_528' title='bbox 3156 3302 3383 3356; x_wconf 88' lang='lat' dir='ltr'><strong>tardabo</strong></span> <span class='ocrx_word' id='word_1_529' title='bbox 3428 3301 3527 3356; x_wconf 89' lang='lat' dir='ltr'><strong>tibi</strong></span> 
     </span>
    </p>
   </div>
   <div class='ocr_carea' id='block_1_73' title="bbox 1961 3399 2333 3455">
    <p class='ocr_par' dir='ltr' id='par_1_73' title="bbox 1961 3399 2333 3455">
     <span class='ocr_line' id='line_1_73' title="bbox 1961 3399 2333 3455; baseline 0.003 -1"><span class='ocrx_word' id='word_1_530' title='bbox 1961 3415 2182 3454; x_wconf 82' lang='lat' dir='ltr'><strong>narrare</strong></span> <span class='ocrx_word' id='word_1_531' title='bbox 2197 3399 2333 3455; x_wconf 77' lang='lat' dir='ltr'><strong>bzec.</strong></span> 
     </span>
    </p>
   </div>
   <div class='ocr_carea' id='block_1_74' title="bbox 2030 3505 3527 3580">
    <p class='ocr_par' dir='ltr' id='par_1_74' title="bbox 2030 3505 3527 3580">
     <span class='ocr_line' id='line_1_74' title="bbox 2030 3505 3527 3580; baseline -0.002 -15"><span class='ocrx_word' id='word_1_532' title='bbox 2030 3509 2294 3566; x_wconf 75' lang='lat' dir='ltr'><strong>XXXVII.</strong></span> <span class='ocrx_word' id='word_1_533' title='bbox 2327 3508 2511 3565; x_wconf 82' lang='lat' dir='ltr'><strong>Nostri</strong></span> <span class='ocrx_word' id='word_1_534' title='bbox 2537 3508 2755 3580; x_wconf 89' lang='lat' dir='ltr'><strong>quidam</strong></span> <span class='ocrx_word' id='word_1_535' title='bbox 2781 3508 2995 3563; x_wconf 88' lang='lat' dir='ltr'><strong>sodales</strong></span> <span class='ocrx_word' id='word_1_536' title='bbox 3019 3523 3140 3562; x_wconf 80' lang='lat' dir='ltr'><strong>cum</strong></span> <span class='ocrx_word' id='word_1_537' title='bbox 3167 3505 3388 3564; x_wconf 83' lang='lat' dir='ltr'><strong>Simone</strong></span> <span class='ocrx_word' id='word_1_538' title='bbox 3403 3523 3527 3563; x_wconf 88' lang='lat' dir='ltr'><strong>ver-</strong></span> 
     </span>
    </p>
   </div>
   <div class='ocr_carea' id='block_1_75' title="bbox 1959 3599 3527 3670">
    <p class='ocr_par' dir='ltr' id='par_1_75' title="bbox 1959 3599 3527 3670">
     <span class='ocr_line' id='line_1_75' title="bbox 1959 3599 3527 3670; baseline -0.003 -11"><span class='ocrx_word' id='word_1_539' title='bbox 1959 3614 2151 3659; x_wconf 87' lang='lat' dir='ltr'><strong>santur</strong></span> <span class='ocrx_word' id='word_1_540' title='bbox 2186 3602 2472 3667; x_wconf 89' lang='lat' dir='ltr'><strong>simulate,</strong></span> <span class='ocrx_word' id='word_1_541' title='bbox 2503 3601 2661 3670; x_wconf 82' lang='lat' dir='ltr'><strong>quasi</strong></span> <span class='ocrx_word' id='word_1_542' title='bbox 2692 3600 3017 3670; x_wconf 90' lang='lat' dir='ltr'><strong>impiissimo</strong></span> <span class='ocrx_word' id='word_1_543' title='bbox 3043 3599 3186 3654; x_wconf 91' lang='lat' dir='ltr'><strong>illius</strong></span> <span class='ocrx_word' id='word_1_544' title='bbox 3213 3599 3388 3654; x_wconf 90' lang='lat' dir='ltr'><strong>errori</strong></span> <span class='ocrx_word' id='word_1_545' title='bbox 3429 3600 3527 3656; x_wconf 88' lang='lat' dir='ltr'><strong>ad-</strong></span> 
     </span>
    </p>
   </div>
   <div class='ocr_carea' id='block_1_76' title="bbox 1959 3691 3527 3764">
    <p class='ocr_par' dir='ltr' id='par_1_76' title="bbox 1959 3691 3527 3764">
     <span class='ocr_line' id='line_1_76' title="bbox 1959 3691 3527 3764; baseline -0.003 -14"><span class='ocrx_word' id='word_1_546' title='bbox 1959 3695 2220 3760; x_wconf 56' lang='lat' dir='ltr'><strong>haereant,</strong></span> <span class='ocrx_word' id='word_1_547' title='bbox 2239 3708 2370 3764; x_wconf 91' lang='lat' dir='ltr'><strong>quo,</strong></span> <span class='ocrx_word' id='word_1_548' title='bbox 2390 3694 2535 3748; x_wconf 90' lang='lat' dir='ltr'><strong>illius</strong></span> <span class='ocrx_word' id='word_1_549' title='bbox 2564 3692 2809 3748; x_wconf 87' lang='lat' dir='ltr'><strong>consiliis</strong></span> <span class='ocrx_word' id='word_1_550' title='bbox 2841 3692 3154 3762; x_wconf 88' lang='lat' dir='ltr'><strong>compertis,</strong></span> <span class='ocrx_word' id='word_1_551' title='bbox 3178 3691 3336 3747; x_wconf 89' lang='lat' dir='ltr'><strong>nobis</strong></span> <span class='ocrx_word' id='word_1_552' title='bbox 3361 3707 3424 3746; x_wconf 88' lang='lat' dir='ltr'><strong>ea</strong></span> <span class='ocrx_word' id='word_1_553' title='bbox 3441 3692 3527 3746; x_wconf 87' lang='lat' dir='ltr'><strong>dc-</strong></span> 
     </span>
    </p>
   </div>
   <div class='ocr_carea' id='block_1_77' title="bbox 1958 3781 3525 3854">
    <p class='ocr_par' dir='ltr' id='par_1_77' title="bbox 1958 3781 3525 3854">
     <span class='ocr_line' id='line_1_77' title="bbox 1958 3781 3525 3854; baseline -0.004 -14"><span class='ocrx_word' id='word_1_554' title='bbox 1958 3785 2184 3851; x_wconf 90' lang='lat' dir='ltr'><strong>clarcnt,</strong></span> <span class='ocrx_word' id='word_1_555' title='bbox 2222 3785 2409 3854; x_wconf 88' lang='lat' dir='ltr'><strong>sicque</strong></span> <span class='ocrx_word' id='word_1_556' title='bbox 2443 3798 2567 3839; x_wconf 91' lang='lat' dir='ltr'><strong>cum</strong></span> <span class='ocrx_word' id='word_1_557' title='bbox 2600 3781 2716 3836; x_wconf 90' lang='lat' dir='ltr'><strong>viro</strong></span> <span class='ocrx_word' id='word_1_558' title='bbox 2745 3781 2943 3836; x_wconf 88' lang='lat' dir='ltr'><strong>callido</strong></span> <span class='ocrx_word' id='word_1_559' title='bbox 2970 3791 3092 3851; x_wconf 87' lang='lat' dir='ltr'><strong>apte</strong></span> <span class='ocrx_word' id='word_1_560' title='bbox 3121 3791 3174 3835; x_wconf 89' lang='lat' dir='ltr'><strong>et</strong></span> <span class='ocrx_word' id='word_1_561' title='bbox 3214 3796 3525 3851; x_wconf 80' lang='lat' dir='ltr'><strong>congruen-</strong></span> 
     </span>
    </p>
   </div>
   <div class='ocr_carea' id='block_1_78' title="bbox 1958 3872 3525 3946">
    <p class='ocr_par' dir='ltr' id='par_1_78' title="bbox 1958 3872 3525 3946">
     <span class='ocr_line' id='line_1_78' title="bbox 1958 3872 3525 3946; baseline -0.004 -15"><span class='ocrx_word' id='word_1_562' title='bbox 1958 3885 2039 3931; x_wconf 87' lang='lat' dir='ltr'><strong>ter</strong></span> <span class='ocrx_word' id='word_1_563' title='bbox 2068 3875 2342 3946; x_wconf 88' lang='lat' dir='ltr'><strong>possimus</strong></span> <span class='ocrx_word' id='word_1_564' title='bbox 2380 3889 2560 3946; x_wconf 90' lang='lat' dir='ltr'><strong>agere.</strong></span> <span class='ocrx_word' id='word_1_565' title='bbox 2594 3873 2770 3942; x_wconf 79' lang='lat' dir='ltr'><strong>Atque</strong></span> <span class='ocrx_word' id='word_1_566' title='bbox 2795 3889 2940 3928; x_wconf 90' lang='lat' dir='ltr'><strong>nunc</strong></span> <span class='ocrx_word' id='word_1_567' title='bbox 2967 3874 3035 3926; x_wconf 92' lang='lat' dir='ltr'><strong>ab</strong></span> <span class='ocrx_word' id='word_1_568' title='bbox 3059 3872 3164 3927; x_wconf 89' lang='lat' dir='ltr'><strong>illis</strong></span> <span class='ocrx_word' id='word_1_569' title='bbox 3190 3872 3392 3941; x_wconf 83' lang='lat' dir='ltr'><strong>accepi,</strong></span> <span class='ocrx_word' id='word_1_570' title='bbox 3417 3887 3525 3935; x_wconf 89' lang='lat' dir='ltr'><strong>qua</strong></span> 
     </span>
    </p>
   </div>
   <div class='ocr_carea' id='block_1_79' title="bbox 1959 3963 3526 4034">
    <p class='ocr_par' dir='ltr' id='par_1_79' title="bbox 1959 3963 3526 4034">
     <span class='ocr_line' id='line_1_79' title="bbox 1959 3963 3526 4034; baseline -0.004 -12"><span class='ocrx_word' id='word_1_571' title='bbox 1959 3967 2027 4022; x_wconf 90' lang='lat' dir='ltr'><strong>de</strong></span> <span class='ocrx_word' id='word_1_572' title='bbox 2063 3981 2121 4020; x_wconf 89' lang='lat' dir='ltr'><strong>re</strong></span> <span class='ocrx_word' id='word_1_573' title='bbox 2149 3966 2204 4019; x_wconf 90' lang='lat' dir='ltr'><strong>in</strong></span> <span class='ocrx_word' id='word_1_574' title='bbox 2233 3965 2601 4034; x_wconf 89' lang='lat' dir='ltr'><strong>disputatione</strong></span> <span class='ocrx_word' id='word_1_575' title='bbox 2629 3965 2910 4018; x_wconf 88' lang='lat' dir='ltr'><strong>locuturus</strong></span> <span class='ocrx_word' id='word_1_576' title='bbox 2933 3964 3002 4018; x_wconf 92' lang='lat' dir='ltr'><strong>sit</strong></span> <span class='ocrx_word' id='word_1_577' title='bbox 3036 3983 3048 4019; x_wconf 92' lang='lat'><strong>:</strong></span> <span class='ocrx_word' id='word_1_578' title='bbox 3089 3964 3161 4018; x_wconf 91' lang='lat' dir='ltr'><strong>ob</strong></span> <span class='ocrx_word' id='word_1_579' title='bbox 3185 3979 3347 4033; x_wconf 92' lang='lat' dir='ltr'><strong>quam</strong></span> <span class='ocrx_word' id='word_1_580' title='bbox 3382 3963 3526 4017; x_wconf 90' lang='lat' dir='ltr'><strong>noti-</strong></span> 
     </span>
    </p>
   </div>
   <div class='ocr_carea' id='block_1_80' title="bbox 1962 4055 3524 4129">
    <p class='ocr_par' dir='ltr' id='par_1_80' title="bbox 1962 4055 3524 4129">
     <span class='ocr_line' id='line_1_80' title="bbox 1962 4055 3524 4129; baseline 0 -17"><span class='ocrx_word' id='word_1_581' title='bbox 1962 4057 2092 4113; x_wconf 83' lang='lat' dir='ltr'><strong>tiam</strong></span> <span class='ocrx_word' id='word_1_582' title='bbox 2133 4055 2244 4112; x_wconf 88' lang='lat' dir='ltr'><strong>Deo</strong></span> <span class='ocrx_word' id='word_1_583' title='bbox 2270 4057 2474 4129; x_wconf 79' lang='lat' dir='ltr'><strong>gratias</strong></span> <span class='ocrx_word' id='word_1_584' title='bbox 2503 4057 2620 4126; x_wconf 89' lang='lat' dir='ltr'><strong>egi:</strong></span> <span class='ocrx_word' id='word_1_585' title='bbox 2659 4065 2709 4111; x_wconf 89' lang='lat' dir='ltr'><strong>te</strong></span> <span class='ocrx_word' id='word_1_586' title='bbox 2739 4071 2868 4110; x_wconf 86' lang='lat' dir='ltr'><strong>vero</strong></span> <span class='ocrx_word' id='word_1_587' title='bbox 2897 4056 3111 4110; x_wconf 86' lang='lat' dir='ltr'><strong>beatum</strong></span> <span class='ocrx_word' id='word_1_588' title='bbox 3141 4055 3348 4126; x_wconf 79' lang='lat' dir='ltr'><strong>judico,</strong></span> <span class='ocrx_word' id='word_1_589' title='bbox 3379 4055 3524 4127; x_wconf 85' lang='lat' dir='ltr'><strong>quod</strong></span> 
     </span>
    </p>
   </div>
   <div class='ocr_carea' id='block_1_81' title="bbox 1550 4211 2258 4269">
    <p class='ocr_par' dir='ltr' id='par_1_81' title="bbox 1550 4211 2258 4269">
     <span class='ocr_line' id='line_1_81' title="bbox 1550 4211 2258 4269; baseline 0 -3"><span class='ocrx_word' id='word_1_590' title='bbox 1550 4211 1786 4266; x_wconf 65' lang='lat' dir='ltr'><strong>VARIE</strong></span> <span class='ocrx_word' id='word_1_591' title='bbox 1853 4211 2258 4269; x_wconf 83' lang='lat' dir='ltr'><strong>LECTIONES.</strong></span> 
     </span>
    </p>
   </div>
   <div class='ocr_carea' id='block_1_82' title="bbox 1203 4417 1225 4432">
    <p class='ocr_par' dir='ltr' id='par_1_82' title="bbox 1203 4417 1225 4432">
     <span class='ocr_line' id='line_1_82' title="bbox 1203 4417 1225 4432; baseline 0 0"><span class='ocrx_word' id='word_1_592' title='bbox 1203 4417 1225 4432; x_wconf 51' lang='grc' dir='ltr'><strong>ἢ</strong></span> 
     </span>
    </p>
   </div>
   <div class='ocr_carea' id='block_1_83' title="bbox 355 4342 3519 4486">
    <p class='ocr_par' dir='ltr' id='par_1_83' title="bbox 355 4342 3519 4486">
     <span class='ocr_line' id='line_1_83' title="bbox 355 4342 3519 4454; baseline 0.002 -55"><span class='ocrx_word' id='word_1_593' title='bbox 355 4350 401 4379; x_wconf 78' lang='grc'><strong>⁸⁸</strong></span> <span class='ocrx_word' id='word_1_594' title='bbox 426 4342 501 4399; x_wconf 76' lang='grc' dir='ltr'>ὧν</span> <span class='ocrx_word' id='word_1_595' title='bbox 544 4363 653 4428; x_wconf 67' lang='lat' dir='ltr'><strong>non</strong></span> <span class='ocrx_word' id='word_1_596' title='bbox 705 4346 897 4414; x_wconf 85' lang='lat' dir='ltr'><strong>pendet</strong></span> <span class='ocrx_word' id='word_1_597' title='bbox 938 4362 967 4400; x_wconf 90' lang='lat' dir='ltr'><strong>a</strong></span> <span class='ocrx_word' id='word_1_598' title='bbox 1006 4349 1402 4454; x_wconf 53' lang='grc' dir='ltr'>παρεστείὶκατε,</span> <span class='ocrx_word' id='word_1_599' title='bbox 1435 4357 1494 4402; x_wconf 93' lang='lat' dir='ltr'><strong>ut</strong></span> <span class='ocrx_word' id='word_1_600' title='bbox 1533 4365 1812 4419; x_wconf 88' lang='lat' dir='ltr'><strong>perperam</strong></span> <span class='ocrx_word' id='word_1_601' title='bbox 1856 4352 2077 4407; x_wconf 86' lang='lat' dir='ltr'><strong>vertitC</strong></span> <span class='ocrx_word' id='word_1_602' title='bbox 2111 4393 2126 4418; x_wconf 95' lang='lat'><strong>,</strong></span> <span class='ocrx_word' id='word_1_603' title='bbox 2158 4351 2252 4405; x_wconf 89' lang='lat' dir='ltr'><strong>sed</strong></span> <span class='ocrx_word' id='word_1_604' title='bbox 2283 4352 2350 4405; x_wconf 87' lang='lat' dir='ltr'><strong>ab</strong></span> <span class='ocrx_word' id='word_1_605' title='bbox 2393 4351 2441 4405; x_wconf 81' lang='lat' dir='ltr'><strong>oi</strong></span> <span class='ocrx_word' id='word_1_606' title='bbox 2475 4352 2732 4413; x_wconf 87' lang='grc' dir='ltr'>πλεῖστοι,</span> <span class='ocrx_word' id='word_1_607' title='bbox 2765 4360 2817 4404; x_wconf 89' lang='lat' dir='ltr'><strong>et</strong></span> <span class='ocrx_word' id='word_1_608' title='bbox 2843 4350 3028 4404; x_wconf 81' lang='lat' dir='ltr'><strong>referri</strong></span> <span class='ocrx_word' id='word_1_609' title='bbox 3059 4349 3221 4404; x_wconf 89' lang='lat' dir='ltr'><strong>debet</strong></span> <span class='ocrx_word' id='word_1_610' title='bbox 3252 4349 3318 4404; x_wconf 85' lang='lat' dir='ltr'><strong>ad</strong></span> <span class='ocrx_word' id='word_1_611' title='bbox 3342 4347 3519 4418; x_wconf 78' lang='grc' dir='ltr'>ὑμεῖς,</span> 
     </span>
     <span class='ocr_line' id='line_1_84' title="bbox 357 4416 3519 4486; baseline 0 -15"><span class='ocrx_word' id='word_1_612' title='bbox 357 4421 424 4471; x_wconf 85' lang='lat' dir='ltr'><strong>od</strong></span> <span class='ocrx_word' id='word_1_613' title='bbox 447 4421 582 4471; x_wconf 82' lang='lat' dir='ltr'><strong>latet</strong></span> <span class='ocrx_word' id='word_1_614' title='bbox 609 4435 659 4469; x_wconf 84' lang='lat' dir='ltr'><strong>tn</strong></span> <span class='ocrx_word' id='word_1_615' title='bbox 678 4417 966 4485; x_wconf 66' lang='grc' dir='ltr'>ἠκούσατε.</span> <span class='ocrx_word' id='word_1_616' title='bbox 1003 4416 1054 4469; x_wconf 87' lang='lat' dir='ltr'><strong>S.</strong></span> <span class='ocrx_word' id='word_1_617' title='bbox 1136 4417 1253 4468; x_wconf 67' lang='grc' dir='ltr'><strong>ιηδ.</strong></span> <span class='ocrx_word' id='word_1_618' title='bbox 1282 4433 1368 4486; x_wconf 91' lang='lat' dir='ltr'><strong>ap.</strong></span> <span class='ocrx_word' id='word_1_619' title='bbox 1397 4418 1437 4472; x_wconf 89' lang='lat' dir='ltr'><strong>C</strong></span> <span class='ocrx_word' id='word_1_620' title='bbox 1486 4419 1694 4480; x_wconf 79' lang='lat' dir='ltr'><strong>deeSse.</strong></span> <span class='ocrx_word' id='word_1_621' title='bbox 1727 4421 1867 4475; x_wconf 85' lang='lat' dir='ltr'><strong>male</strong></span> <span class='ocrx_word' id='word_1_622' title='bbox 1913 4421 2167 4477; x_wconf 81' lang='lat' dir='ltr'><strong>asseritS</strong></span> <span class='ocrx_word' id='word_1_623' title='bbox 2215 4423 2460 4486; x_wconf 84' lang='lat' dir='ltr'><strong>;excidit</strong></span> <span class='ocrx_word' id='word_1_624' title='bbox 2491 4433 2668 4476; x_wconf 88' lang='lat' dir='ltr'><strong>autem</strong></span> <span class='ocrx_word' id='word_1_625' title='bbox 2719 4437 2783 4474; x_wconf 81' lang='lat' dir='ltr'><strong>ex</strong></span> <span class='ocrx_word' id='word_1_626' title='bbox 2827 4421 3018 4474; x_wconf 82' lang='lat' dir='ltr'><strong>Clerici</strong></span> <span class='ocrx_word' id='word_1_627' title='bbox 3044 4436 3250 4474; x_wconf 87' lang='lat' dir='ltr'><strong>recens.</strong></span> <span class='ocrx_word' id='word_1_628' title='bbox 3327 4419 3519 4484; x_wconf 65' lang='lat' dir='ltr'><strong>&quot;iam;</strong></span> 
     </span>
    </p>
   </div>
   <div class='ocr_carea' id='block_1_84' title="bbox 287 4416 1224 4486">
    <p class='ocr_par' dir='ltr' id='par_1_84' title="bbox 287 4416 1224 4486">
     <span class='ocr_line' id='line_1_85' title="bbox 287 4416 1224 4486; baseline -0.001 -17"><span class='ocrx_word' id='word_1_629' title='bbox 287 4421 424 4486; x_wconf 79' lang='lat' dir='ltr'><strong>quod</strong></span> <span class='ocrx_word' id='word_1_630' title='bbox 447 4421 582 4471; x_wconf 81' lang='lat' dir='ltr'><strong>latet</strong></span> <span class='ocrx_word' id='word_1_631' title='bbox 607 4418 659 4469; x_wconf 88' lang='lat' dir='ltr'><strong>in</strong></span> <span class='ocrx_word' id='word_1_632' title='bbox 678 4417 966 4485; x_wconf 66' lang='grc' dir='ltr'>ἠκούσατε.</span> <span class='ocrx_word' id='word_1_633' title='bbox 1003 4416 1054 4469; x_wconf 86' lang='lat' dir='ltr'><strong>S.</strong></span> <span class='ocrx_word' id='word_1_634' title='bbox 1090 4416 1097 4418; x_wconf 68' lang='grc'><strong><em>“</em></strong></span> <span class='ocrx_word' id='word_1_635' title='bbox 1136 4417 1224 4468; x_wconf 84' lang='grc' dir='ltr'><strong>⁸¹δ</strong></span> 
     </span>
    </p>
   </div>
   <div class='ocr_carea' id='block_1_85' title="bbox 1356 4418 3522 4488">
    <p class='ocr_par' dir='ltr' id='par_1_85' title="bbox 1356 4418 3522 4488">
     <span class='ocr_line' id='line_1_86' title="bbox 1356 4418 3522 4488; baseline 0 -16"><span class='ocrx_word' id='word_1_636' title='bbox 1356 4460 1368 4472; x_wconf 93' lang='grc'><strong>.</strong></span> <span class='ocrx_word' id='word_1_637' title='bbox 1397 4418 1694 4488; x_wconf 65' lang='lat' dir='ltr'><strong>CdeesSe.</strong></span> <span class='ocrx_word' id='word_1_638' title='bbox 1727 4421 1867 4475; x_wconf 85' lang='lat' dir='ltr'><strong>male</strong></span> <span class='ocrx_word' id='word_1_639' title='bbox 1913 4421 2167 4477; x_wconf 81' lang='lat' dir='ltr'><strong>asseritS</strong></span> <span class='ocrx_word' id='word_1_640' title='bbox 2215 4423 2460 4488; x_wconf 84' lang='lat' dir='ltr'><strong>;excidit</strong></span> <span class='ocrx_word' id='word_1_641' title='bbox 2491 4433 2668 4476; x_wconf 88' lang='lat' dir='ltr'><strong>autem</strong></span> <span class='ocrx_word' id='word_1_642' title='bbox 2719 4437 2783 4474; x_wconf 81' lang='lat' dir='ltr'><strong>ex</strong></span> <span class='ocrx_word' id='word_1_643' title='bbox 2827 4421 3018 4474; x_wconf 82' lang='lat' dir='ltr'><strong>Clerici</strong></span> <span class='ocrx_word' id='word_1_644' title='bbox 3044 4436 3250 4474; x_wconf 87' lang='lat' dir='ltr'><strong>recens.</strong></span> <span class='ocrx_word' id='word_1_645' title='bbox 3327 4419 3522 4484; x_wconf 70' lang='grc' dir='ltr'><strong>1ι’ίδιος</strong></span> 
     </span>
    </p>
   </div>
   <div class='ocr_carea' id='block_1_86' title="bbox 285 4486 3520 4560">
    <p class='ocr_par' dir='ltr' id='par_1_86' title="bbox 285 4486 3520 4560">
     <span class='ocr_line' id='line_1_87' title="bbox 285 4486 3520 4560; baseline 0.001 -18"><span class='ocrx_word' id='word_1_646' title='bbox 285 4490 486 4560; x_wconf 67' lang='lat' dir='ltr'><strong>excidit</strong></span> <span class='ocrx_word' id='word_1_647' title='bbox 508 4505 598 4556; x_wconf 89' lang='lat' dir='ltr'><strong>ap.</strong></span> <span class='ocrx_word' id='word_1_648' title='bbox 627 4487 688 4560; x_wconf 81' lang='lat' dir='ltr'><strong>Cl</strong></span> <span class='ocrx_word' id='word_1_649' title='bbox 724 4486 869 4560; x_wconf 81' lang='lat' dir='ltr'><strong>et</strong></span> <span class='ocrx_word' id='word_1_650' title='bbox 935 4487 1098 4560; x_wconf 50' lang='lat' dir='ltr'><strong>rem</strong></span> <span class='ocrx_word' id='word_1_651' title='bbox 1135 4487 1296 4560; x_wconf 82' lang='grc' dir='ltr'>τέλει,</span> <span class='ocrx_word' id='word_1_652' title='bbox 1341 4488 1417 4551; x_wconf 83' lang='grc' dir='ltr'>ὡς</span> <span class='ocrx_word' id='word_1_653' title='bbox 1449 4487 1622 4560; x_wconf 62' lang='grc' dir='ltr'>θέλεις</span> <span class='ocrx_word' id='word_1_654' title='bbox 1653 4491 1795 4560; x_wconf 89' lang='lat' dir='ltr'><strong>conj.</strong></span> <span class='ocrx_word' id='word_1_655' title='bbox 1837 4490 1879 4544; x_wconf 83' lang='grc' dir='ltr'><strong>Ι)</strong></span> <span class='ocrx_word' id='word_1_656' title='bbox 1908 4531 1922 4556; x_wconf 89' lang='grc'><strong>,</strong></span> <span class='ocrx_word' id='word_1_657' title='bbox 1954 4486 2226 4554; x_wconf 77' lang='grc' dir='ltr'>ἐπιτέλει,</span> <span class='ocrx_word' id='word_1_658' title='bbox 2265 4493 2339 4555; x_wconf 82' lang='grc' dir='ltr'><strong>ὡς</strong></span> <span class='ocrx_word' id='word_1_659' title='bbox 2381 4492 2552 4556; x_wconf 81' lang='grc' dir='ltr'>θέλεις</span> <span class='ocrx_word' id='word_1_660' title='bbox 2580 4491 2723 4558; x_wconf 87' lang='lat' dir='ltr'><strong>conj.</strong></span> <span class='ocrx_word' id='word_1_661' title='bbox 2766 4491 2827 4546; x_wconf 90' lang='lat' dir='ltr'><strong>Cl</strong></span> <span class='ocrx_word' id='word_1_662' title='bbox 2857 4529 2872 4554; x_wconf 90' lang='lat'><strong>,</strong></span> <span class='ocrx_word' id='word_1_663' title='bbox 2905 4489 3217 4554; x_wconf 81' lang='grc' dir='ltr'>ὲπιτελειὼς</span> <span class='ocrx_word' id='word_1_664' title='bbox 3254 4491 3426 4552; x_wconf 80' lang='grc' dir='ltr'>θέλεις</span> <span class='ocrx_word' id='word_1_665' title='bbox 3451 4494 3520 4560; x_wconf 13' lang='lat' dir='ltr'><strong>VO.</strong></span> 
     </span>
    </p>
   </div>
   <div class='ocr_carea' id='block_1_87' title="bbox 288 4556 3294 4632">
    <p class='ocr_par' dir='ltr' id='par_1_87' title="bbox 288 4556 3294 4632">
     <span class='ocr_line' id='line_1_88' title="bbox 288 4556 3294 4632; baseline 0.001 -23"><span class='ocrx_word' id='word_1_666' title='bbox 288 4558 379 4632; x_wconf 65' lang='lat' dir='ltr'><strong>fer</strong></span> <span class='ocrx_word' id='word_1_667' title='bbox 410 4558 762 4632; x_wconf 27' lang='lat' dir='ltr'><strong>prate‘rntisit</strong></span> <span class='ocrx_word' id='word_1_668' title='bbox 919 4556 1142 4632; x_wconf 66' lang='lat' dir='ltr'><strong>_&#39;_”67:_ui;_</strong></span> <span class='ocrx_word' id='word_1_669' title='bbox 1167 4559 1296 4632; x_wconf 68' lang='grc' dir='ltr'>ποτε</span> <span class='ocrx_word' id='word_1_670' title='bbox 1331 4560 1392 4612; x_wconf 91' lang='grc' dir='ltr'><strong>Ο.</strong></span> <span class='ocrx_word' id='word_1_671' title='bbox 1440 4558 1516 4632; x_wconf 81' lang='lat'><strong>_“</strong></span> <span class='ocrx_word' id='word_1_672' title='bbox 1535 4560 1732 4632; x_wconf 58' lang='lat' dir='ltr'><strong>vitam.</strong></span> <span class='ocrx_word' id='word_1_673' title='bbox 1757 4556 1821 4632; x_wconf 56' lang='lat'><strong>&quot;5.</strong></span> <span class='ocrx_word' id='word_1_674' title='bbox 1855 4560 1968 4615; x_wconf 80' lang='grc' dir='ltr'><strong>ἔκϐ.</strong></span> <span class='ocrx_word' id='word_1_675' title='bbox 2007 4562 2067 4616; x_wconf 88' lang='lat' dir='ltr'><strong>C.</strong></span> <span class='ocrx_word' id='word_1_676' title='bbox 2145 4560 2297 4632; x_wconf 20' lang='lat' dir='ltr'><strong>&quot;ilia</strong></span> <span class='ocrx_word' id='word_1_677' title='bbox 2342 4561 2400 4628; x_wconf 82' lang='grc' dir='ltr'><strong>Ι),</strong></span> <span class='ocrx_word' id='word_1_678' title='bbox 2445 4556 2734 4616; x_wconf 79' lang='lat' dir='ltr'><strong>accedente</strong></span> <span class='ocrx_word' id='word_1_679' title='bbox 2782 4560 2826 4615; x_wconf 89' lang='grc' dir='ltr'><strong>Ο</strong></span> <span class='ocrx_word' id='word_1_680' title='bbox 2854 4603 2869 4625; x_wconf 97' lang='grc'><strong>,</strong></span> <span class='ocrx_word' id='word_1_681' title='bbox 2901 4561 3294 4632; x_wconf 71' lang='grc' dir='ltr'>προπίπτονε.</span> 
     </span>
    </p>
   </div>
   <div class='ocr_carea' id='block_1_88' title="bbox 3375 4559 3520 4614">
    <p class='ocr_par' dir='ltr' id='par_1_88' title="bbox 3375 4559 3520 4614">
     <span class='ocr_line' id='line_1_89' title="bbox 3375 4559 3520 4614; baseline 0.028 -4"><span class='ocrx_word' id='word_1_682' title='bbox 3375 4560 3420 4590; x_wconf 76' lang='grc'><strong><em>⁸⁸</em></strong></span> <span class='ocrx_word' id='word_1_683' title='bbox 3446 4559 3520 4614; x_wconf 85' lang='lat' dir='ltr'><strong>Ita</strong></span> 
     </span>
    </p>
   </div>
   <div class='ocr_carea' id='block_1_89' title="bbox 287 4625 3518 4702">
    <p class='ocr_par' dir='ltr' id='par_1_89' title="bbox 287 4625 3518 4702">
     <span class='ocr_line' id='line_1_90' title="bbox 287 4625 3518 4702; baseline 0.002 -23"><span class='ocrx_word' id='word_1_684' title='bbox 287 4625 487 4702; x_wconf 38' lang='lat'><strong>0,68</strong></span> <span class='ocrx_word' id='word_1_685' title='bbox 517 4625 886 4702; x_wconf 53' lang='lat' dir='ltr'><strong>,_&amp;7:ogisaﬂat</strong></span> <span class='ocrx_word' id='word_1_686' title='bbox 911 4626 1026 4702; x_wconf 35' lang='grc' dir='ltr'><strong>(Σ.--</strong></span> <span class='ocrx_word' id='word_1_687' title='bbox 1048 4627 1092 4658; x_wconf 72' lang='grc'>⁸⁸</span> <span class='ocrx_word' id='word_1_688' title='bbox 1128 4627 1202 4702; x_wconf 84' lang='lat' dir='ltr'><strong>Ita</strong></span> <span class='ocrx_word' id='word_1_689' title='bbox 1234 4625 1305 4702; x_wconf 57' lang='grc' dir='ltr'><strong>Ο1</strong></span> <span class='ocrx_word' id='word_1_690' title='bbox 1510 4646 1536 4702; x_wconf 87' lang='lat'><strong>_;</strong></span> <span class='ocrx_word' id='word_1_691' title='bbox 1571 4625 1717 4702; x_wconf 65' lang='grc' dir='ltr'>ἰδίως</span> <span class='ocrx_word' id='word_1_692' title='bbox 1745 4627 1854 4684; x_wconf 73' lang='grc' dir='ltr'>οἷόν</span> <span class='ocrx_word' id='word_1_693' title='bbox 1893 4649 1953 4687; x_wconf 87' lang='grc' dir='ltr'><strong>τε</strong></span> <span class='ocrx_word' id='word_1_694' title='bbox 1987 4633 2127 4702; x_wconf 89' lang='lat' dir='ltr'><strong>conj.</strong></span> <span class='ocrx_word' id='word_1_695' title='bbox 2173 4631 2213 4685; x_wconf 89' lang='lat' dir='ltr'><strong>C</strong></span> <span class='ocrx_word' id='word_1_696' title='bbox 2245 4672 2259 4693; x_wconf 87' lang='lat'><strong>,</strong></span> <span class='ocrx_word' id='word_1_697' title='bbox 2298 4632 2348 4685; x_wconf 92' lang='lat' dir='ltr'><strong>in</strong></span> <span class='ocrx_word' id='word_1_698' title='bbox 2385 4625 2505 4702; x_wconf 74' lang='lat' dir='ltr'><strong>cuj.</strong></span> <span class='ocrx_word' id='word_1_699' title='bbox 2546 4641 2696 4685; x_wconf 78' lang='lat' dir='ltr'><strong>textu</strong></span> <span class='ocrx_word' id='word_1_700' title='bbox 2742 4631 2886 4695; x_wconf 76' lang='grc' dir='ltr'>ίδίως</span> <span class='ocrx_word' id='word_1_701' title='bbox 2927 4625 3106 4684; x_wconf 81' lang='grc' dir='ltr'>οξόντι.</span> <span class='ocrx_word' id='word_1_702' title='bbox 3186 4631 3230 4663; x_wconf 70' lang='lat'><strong>9°</strong></span> <span class='ocrx_word' id='word_1_703' title='bbox 3249 4633 3421 4702; x_wconf 75' lang='grc' dir='ltr'>ἕτεροι</span> <span class='ocrx_word' id='word_1_704' title='bbox 3454 4633 3518 4684; x_wconf 85' lang='grc' dir='ltr'><strong>υ.</strong></span> 
     </span>
    </p>
   </div>
   <div class='ocr_carea' id='block_1_90' title="bbox 291 4695 2650 4774">
    <p class='ocr_par' dir='ltr' id='par_1_90' title="bbox 291 4695 2650 4774">
     <span class='ocr_line' id='line_1_91' title="bbox 291 4695 2650 4774; baseline 0.002 -24"><span class='ocrx_word' id='word_1_705' title='bbox 291 4698 719 4768; x_wconf 57' lang='lat' dir='ltr'><strong>“absoni-.130,</strong></span> <span class='ocrx_word' id='word_1_706' title='bbox 768 4712 814 4752; x_wconf 93' lang='lat' dir='ltr'><strong>c.</strong></span> <span class='ocrx_word' id='word_1_707' title='bbox 854 4695 891 4750; x_wconf 89' lang='lat' dir='ltr'>S</span> <span class='ocrx_word' id='word_1_708' title='bbox 920 4713 935 4760; x_wconf 86' lang='lat'><strong>;</strong></span> <span class='ocrx_word' id='word_1_709' title='bbox 968 4696 1238 4767; x_wconf 78' lang='grc' dir='ltr'>ἀθεοτάτῳ</span> <span class='ocrx_word' id='word_1_710' title='bbox 1266 4697 1326 4751; x_wconf 90' lang='lat' dir='ltr'><strong>C.</strong></span> <span class='ocrx_word' id='word_1_711' title='bbox 1405 4698 1836 4771; x_wconf 79' lang='grc' dir='ltr'>⁹¹ηὑχαρίσθησα</span> <span class='ocrx_word' id='word_1_712' title='bbox 1862 4704 1902 4756; x_wconf 91' lang='grc'>0</span> <span class='ocrx_word' id='word_1_713' title='bbox 1931 4743 1947 4768; x_wconf 94' lang='grc'><strong>,</strong></span> <span class='ocrx_word' id='word_1_714' title='bbox 1981 4695 2298 4773; x_wconf 61' lang='grc' dir='ltr'>ιιιιΓροειιξιι</span> <span class='ocrx_word' id='word_1_715' title='bbox 2347 4695 2650 4774; x_wconf 77' lang='grc' dir='ltr'>ὑπέρθεσιν.</span> 
     </span>
    </p>
   </div>
   <div class='ocr_carea' id='block_1_91' title="bbox 1557 4831 2228 4894">
    <p class='ocr_par' dir='ltr' id='par_1_91' title="bbox 1557 4831 2228 4894">
     <span class='ocr_line' id='line_1_92' title="bbox 1557 4831 2228 4894; baseline 0.007 -7"><span class='ocrx_word' id='word_1_716' title='bbox 1557 4831 1560 4836; x_wconf 83' lang='grc'><em>’</em></span> <span class='ocrx_word' id='word_1_717' title='bbox 1593 4833 1955 4894; x_wconf 76' lang='lat' dir='ltr'><strong>VARIOBUM</strong></span> <span class='ocrx_word' id='word_1_718' title='bbox 1994 4835 2228 4892; x_wconf 65' lang='lat' dir='ltr'><strong>NOTAE.</strong></span> 
     </span>
    </p>
   </div>
   <div class='ocr_carea' id='block_1_92' title="bbox 363 4959 3518 5054">
    <p class='ocr_par' dir='ltr' id='par_1_92' title="bbox 363 4959 3518 5054">
     <span class='ocr_line' id='line_1_93' title="bbox 363 4959 3518 5054; baseline 0 -28"><span class='ocrx_word' id='word_1_719' title='bbox 363 4973 472 5054; x_wconf 58' lang='lat'><strong>(52)</strong></span> <span class='ocrx_word' id='word_1_720' title='bbox 524 4971 732 5054; x_wconf 50' lang='grc' dir='ltr'><em>Ἠχὰρ</em></span> <span class='ocrx_word' id='word_1_721' title='bbox 765 4969 1027 5054; x_wconf 43' lang='grc' dir='ltr'>ςήέ-ιερον</span> <span class='ocrx_word' id='word_1_722' title='bbox 1055 4971 1718 5054; x_wconf 54' lang='grc' dir='ltr'><strong>τὸ-δῐ</strong></span> <span class='ocrx_word' id='word_1_723' title='bbox 1749 4974 1856 5054; x_wconf 58' lang='grc' dir='ltr'>αιξ-</span> <span class='ocrx_word' id='word_1_724' title='bbox 1885 4959 1934 5019; x_wconf 83' lang='grc' dir='ltr'><strong>Ῐ)</strong></span> <span class='ocrx_word' id='word_1_725' title='bbox 1961 4974 2201 5054; x_wconf 63' lang='lat' dir='ltr'><strong>Ilooego</strong></span> <span class='ocrx_word' id='word_1_726' title='bbox 2231 4973 2738 5054; x_wconf 67' lang='lat' dir='ltr'><strong>przestantissintum</strong></span> <span class='ocrx_word' id='word_1_727' title='bbox 2769 4987 2928 5041; x_wconf 87' lang='lat' dir='ltr'><strong>opus,</strong></span> <span class='ocrx_word' id='word_1_728' title='bbox 2965 4973 3518 5054; x_wconf 46' lang='lat' dir='ltr'><strong>Parallelisfjusdcm</strong></span> 
     </span>
    </p>
   </div>
   <div class='ocr_carea' id='block_1_93' title="bbox 292 5039 1856 5113">
    <p class='ocr_par' dir='ltr' id='par_1_93' title="bbox 292 5039 1856 5113">
     <span class='ocr_line' id='line_1_94' title="bbox 292 5039 1856 5113; baseline -0.001 -17"><span class='ocrx_word' id='word_1_729' title='bbox 292 5039 396 5113; x_wconf 65' lang='grc' dir='ltr'>ζεῦ</span> <span class='ocrx_word' id='word_1_730' title='bbox 426 5039 732 5113; x_wconf 55' lang='grc' dir='ltr'>τυγχάνει</span> <span class='ocrx_word' id='word_1_731' title='bbox 762 5040 1079 5113; x_wconf 62' lang='grc' dir='ltr'><strong>Σὰεᾷᾳτον.</strong></span> <span class='ocrx_word' id='word_1_732' title='bbox 1125 5043 1182 5097; x_wconf 91' lang='lat' dir='ltr'><strong>In</strong></span> <span class='ocrx_word' id='word_1_733' title='bbox 1235 5039 1689 5113; x_wconf 77' lang='lat' dir='ltr'><strong>Recognitiombus</strong></span> <span class='ocrx_word' id='word_1_734' title='bbox 1742 5044 1856 5096; x_wconf 86' lang='lat' dir='ltr'><strong>suis</strong></span> 
     </span>
    </p>
   </div>
   <div class='ocr_carea' id='block_1_94' title="bbox 291 5110 1852 5182">
    <p class='ocr_par' dir='ltr' id='par_1_94' title="bbox 291 5110 1852 5182">
     <span class='ocr_line' id='line_1_95' title="bbox 291 5110 1852 5182; baseline 0.001 -16"><span class='ocrx_word' id='word_1_735' title='bbox 291 5110 522 5168; x_wconf 67' lang='lat' dir='ltr'><strong>Ruﬁnus</strong></span> <span class='ocrx_word' id='word_1_736' title='bbox 556 5110 638 5165; x_wconf 80' lang='lat' dir='ltr'><strong>vel</strong></span> <span class='ocrx_word' id='word_1_737' title='bbox 664 5111 821 5182; x_wconf 74' lang='lat' dir='ltr'><strong>aliter</strong></span> <span class='ocrx_word' id='word_1_738' title='bbox 849 5110 1007 5180; x_wconf 77' lang='lat' dir='ltr'><strong>legit,</strong></span> <span class='ocrx_word' id='word_1_739' title='bbox 1037 5113 1119 5165; x_wconf 86' lang='lat' dir='ltr'><strong>vel</strong></span> <span class='ocrx_word' id='word_1_740' title='bbox 1152 5128 1313 5180; x_wconf 86' lang='lat' dir='ltr'><strong>prave</strong></span> <span class='ocrx_word' id='word_1_741' title='bbox 1339 5110 1724 5182; x_wconf 78' lang='lat' dir='ltr'><strong>interpretatus</strong></span> <span class='ocrx_word' id='word_1_742' title='bbox 1749 5123 1852 5167; x_wconf 87' lang='lat' dir='ltr'><strong>est.</strong></span> 
     </span>
    </p>
   </div>
   <div class='ocr_carea' id='block_1_95' title="bbox 295 5179 1855 5251">
    <p class='ocr_par' dir='ltr' id='par_1_95' title="bbox 295 5179 1855 5251">
     <span class='ocr_line' id='line_1_96' title="bbox 295 5179 1855 5251; baseline 0.001 -19"><span class='ocrx_word' id='word_1_743' title='bbox 295 5182 504 5251; x_wconf 61' lang='lat' dir='ltr'><strong>lii/fert,</strong></span> <span class='ocrx_word' id='word_1_744' title='bbox 527 5183 729 5251; x_wconf 83' lang='lat' dir='ltr'><strong>inquit,</strong></span> <span class='ocrx_word' id='word_1_745' title='bbox 755 5179 938 5233; x_wconf 72' lang='lat' dir='ltr'><strong>Simon</strong></span> <span class='ocrx_word' id='word_1_746' title='bbox 956 5179 1256 5236; x_wconf 75' lang='lat' dir='ltr'><strong>certaminis</strong></span> <span class='ocrx_word' id='word_1_747' title='bbox 1278 5182 1413 5235; x_wconf 82' lang='lat' dir='ltr'><strong>diem</strong></span> <span class='ocrx_word' id='word_1_748' title='bbox 1447 5179 1501 5235; x_wconf 74' lang='lat' dir='ltr'><strong>iri</strong></span> <span class='ocrx_word' id='word_1_749' title='bbox 1522 5183 1855 5235; x_wconf 73' lang='lat' dir='ltr'><strong>undecimam</strong></span> 
     </span>
    </p>
   </div>
   <div class='ocr_carea' id='block_1_96' title="bbox 292 5252 1854 5324">
    <p class='ocr_par' dir='ltr' id='par_1_96' title="bbox 292 5252 1854 5324">
     <span class='ocr_line' id='line_1_97' title="bbox 292 5252 1854 5324; baseline 0 -20"><span class='ocrx_word' id='word_1_750' title='bbox 292 5252 803 5324; x_wconf 15' lang='lat' dir='ltr'><strong>mensisrprgrsentis,</strong></span> <span class='ocrx_word' id='word_1_751' title='bbox 843 5260 1079 5324; x_wconf 49' lang='lat' dir='ltr'><strong>quaest</strong></span> <span class='ocrx_word' id='word_1_752' title='bbox 1121 5263 1235 5324; x_wconf 77' lang='lat' dir='ltr'><strong>post</strong></span> <span class='ocrx_word' id='word_1_753' title='bbox 1270 5261 1460 5324; x_wconf 74' lang='lat' dir='ltr'><strong>septem</strong></span> <span class='ocrx_word' id='word_1_754' title='bbox 1500 5253 1608 5306; x_wconf 82' lang='lat' dir='ltr'><strong>dies</strong></span> <span class='ocrx_word' id='word_1_755' title='bbox 1635 5267 1654 5305; x_wconf 90' lang='lat'><strong><em>:</em></strong></span> <span class='ocrx_word' id='word_1_756' title='bbox 1680 5253 1770 5305; x_wconf 84' lang='lat' dir='ltr'><strong>lib.</strong></span> <span class='ocrx_word' id='word_1_757' title='bbox 1817 5269 1854 5318; x_wconf 83' lang='grc' dir='ltr'><strong>ι,</strong></span> 
     </span>
    </p>
   </div>
   <div class='ocr_carea' id='block_1_97' title="bbox 292 5321 1858 5392">
    <p class='ocr_par' dir='ltr' id='par_1_97' title="bbox 292 5321 1858 5392">
     <span class='ocr_line' id='line_1_98' title="bbox 292 5321 1858 5392; baseline 0.001 -16"><span class='ocrx_word' id='word_1_758' title='bbox 292 5338 408 5392; x_wconf 78' lang='lat' dir='ltr'><strong>cap.</strong></span> <span class='ocrx_word' id='word_1_759' title='bbox 440 5323 530 5376; x_wconf 74' lang='lat'><strong>20.</strong></span> <span class='ocrx_word' id='word_1_760' title='bbox 565 5321 696 5376; x_wconf 87' lang='lat' dir='ltr'><strong>Loci</strong></span> <span class='ocrx_word' id='word_1_761' title='bbox 730 5335 894 5392; x_wconf 82' lang='lat' dir='ltr'><strong>porro</strong></span> <span class='ocrx_word' id='word_1_762' title='bbox 935 5321 1150 5375; x_wconf 89' lang='lat' dir='ltr'><strong>obscuri</strong></span> <span class='ocrx_word' id='word_1_763' title='bbox 1196 5339 1259 5375; x_wconf 88' lang='lat' dir='ltr'><strong>ac</strong></span> <span class='ocrx_word' id='word_1_764' title='bbox 1303 5321 1534 5392; x_wconf 72' lang='lat' dir='ltr'><strong>didieilis</strong></span> <span class='ocrx_word' id='word_1_765' title='bbox 1580 5324 1668 5377; x_wconf 90' lang='lat' dir='ltr'><strong>bic</strong></span> <span class='ocrx_word' id='word_1_766' title='bbox 1695 5331 1858 5392; x_wconf 80' lang='lat' dir='ltr'><strong>queat</strong></span> 
     </span>
    </p>
   </div>
   <div class='ocr_carea' id='block_1_98' title="bbox 291 5390 1853 5462">
    <p class='ocr_par' dir='ltr' id='par_1_98' title="bbox 291 5390 1853 5462">
     <span class='ocr_line' id='line_1_99' title="bbox 291 5390 1853 5462; baseline 0.002 -19"><span class='ocrx_word' id='word_1_767' title='bbox 291 5390 413 5462; x_wconf 72' lang='lat' dir='ltr'><strong>esse</strong></span> <span class='ocrx_word' id='word_1_768' title='bbox 451 5409 648 5448; x_wconf 87' lang='lat' dir='ltr'><strong>sensus</strong></span> <span class='ocrx_word' id='word_1_769' title='bbox 674 5408 686 5442; x_wconf 85' lang='lat'><strong>:</strong></span> <span class='ocrx_word' id='word_1_770' title='bbox 717 5390 1002 5462; x_wconf 74' lang='lat' dir='ltr'><strong>hodiernus</strong></span> <span class='ocrx_word' id='word_1_771' title='bbox 1026 5392 1170 5462; x_wconf 79' lang='lat' dir='ltr'><strong>enim</strong></span> <span class='ocrx_word' id='word_1_772' title='bbox 1200 5393 1308 5446; x_wconf 80' lang='lat' dir='ltr'><strong>dies</strong></span> <span class='ocrx_word' id='word_1_773' title='bbox 1357 5391 1647 5446; x_wconf 80' lang='lat' dir='ltr'><strong>Sabbutum</strong></span> <span class='ocrx_word' id='word_1_774' title='bbox 1686 5390 1853 5462; x_wconf 72' lang='lat' dir='ltr'><strong>ipsius</strong></span> 
     </span>
    </p>
   </div>
   <div class='ocr_carea' id='block_1_99' title="bbox 304 5460 1852 5532">
    <p class='ocr_par' dir='ltr' id='par_1_99' title="bbox 304 5460 1852 5532">
     <span class='ocr_line' id='line_1_100' title="bbox 304 5460 1852 5532; baseline -0.001 -18"><span class='ocrx_word' id='word_1_775' title='bbox 304 5461 532 5518; x_wconf 81' lang='lat' dir='ltr'><strong>Simonis</strong></span> <span class='ocrx_word' id='word_1_776' title='bbox 553 5473 654 5529; x_wconf 78' lang='lat' dir='ltr'><strong>est,</strong></span> <span class='ocrx_word' id='word_1_777' title='bbox 694 5461 833 5532; x_wconf 77' lang='lat' dir='ltr'><strong>quod</strong></span> <span class='ocrx_word' id='word_1_778' title='bbox 861 5460 1079 5532; x_wconf 60' lang='lat' dir='ltr'><strong>angulis</strong></span> <span class='ocrx_word' id='word_1_779' title='bbox 1101 5466 1384 5531; x_wconf 81' lang='lat' dir='ltr'><strong>quibusque</strong></span> <span class='ocrx_word' id='word_1_780' title='bbox 1413 5464 1652 5515; x_wconf 84' lang='lat' dir='ltr'><strong>undecim</strong></span> <span class='ocrx_word' id='word_1_781' title='bbox 1673 5460 1852 5515; x_wconf 75' lang='lat' dir='ltr'><strong>diebus</strong></span> 
     </span>
    </p>
   </div>
   <div class='ocr_carea' id='block_1_100' title="bbox 294 5531 1855 5602">
    <p class='ocr_par' dir='ltr' id='par_1_100' title="bbox 294 5531 1855 5602">
     <span class='ocr_line' id='line_1_101' title="bbox 294 5531 1855 5602; baseline 0.001 -18"><span class='ocrx_word' id='word_1_782' title='bbox 294 5535 534 5588; x_wconf 75' lang='lat' dir='ltr'><strong>recurrit.</strong></span> <span class='ocrx_word' id='word_1_783' title='bbox 558 5532 672 5601; x_wconf 64' lang='grc' dir='ltr'><strong>βοά</strong></span> <span class='ocrx_word' id='word_1_784' title='bbox 701 5531 769 5585; x_wconf 80' lang='lat' dir='ltr'><strong>tle</strong></span> <span class='ocrx_word' id='word_1_785' title='bbox 793 5531 899 5584; x_wconf 89' lang='lat' dir='ltr'><strong>isto</strong></span> <span class='ocrx_word' id='word_1_786' title='bbox 919 5531 1154 5602; x_wconf 64' lang='lat' dir='ltr'><strong>sabbato</strong></span> <span class='ocrx_word' id='word_1_787' title='bbox 1186 5533 1503 5586; x_wconf 77' lang='lat' dir='ltr'><strong>Simoniano</strong></span> <span class='ocrx_word' id='word_1_788' title='bbox 1530 5534 1722 5602; x_wconf 86' lang='lat' dir='ltr'><strong>legisse</strong></span> <span class='ocrx_word' id='word_1_789' title='bbox 1768 5547 1855 5586; x_wconf 86' lang='lat' dir='ltr'><strong>me</strong></span> 
     </span>
    </p>
   </div>
   <div class='ocr_carea' id='block_1_101' title="bbox 293 5599 1071 5659">
    <p class='ocr_par' dir='ltr' id='par_1_101' title="bbox 293 5599 1071 5659">
     <span class='ocr_line' id='line_1_102' title="bbox 293 5599 1071 5659; baseline 0.001 -6"><span class='ocrx_word' id='word_1_790' title='bbox 293 5599 698 5659; x_wconf 25' lang='lat' dir='ltr'><strong>inemoria‘non</strong></span> <span class='ocrx_word' id='word_1_791' title='bbox 730 5611 908 5654; x_wconf 76' lang='lat' dir='ltr'><strong>teneo.</strong></span> <span class='ocrx_word' id='word_1_792' title='bbox 937 5599 1071 5654; x_wconf 88' lang='lat' dir='ltr'><strong>Cor.</strong></span> 
     </span>
    </p>
   </div>
   <div class='ocr_carea' id='block_1_102' title="bbox 360 5669 1848 5746">
    <p class='ocr_par' dir='ltr' id='par_1_102' title="bbox 360 5669 1848 5746">
     <span class='ocr_line' id='line_1_103' title="bbox 360 5669 1848 5746; baseline -0.001 -21"><span class='ocrx_word' id='word_1_793' title='bbox 360 5676 468 5746; x_wconf 76' lang='lat'><strong>(53)</strong></span> <span class='ocrx_word' id='word_1_794' title='bbox 524 5669 819 5745; x_wconf 76' lang='grc' dir='ltr'><strong>Ἀταθῇ.Ε</strong></span> <span class='ocrx_word' id='word_1_795' title='bbox 859 5669 1194 5746; x_wconf 77' lang='lat' dir='ltr'><strong>Clemerttinis</strong></span> <span class='ocrx_word' id='word_1_796' title='bbox 1228 5671 1345 5746; x_wconf 79' lang='lat' dir='ltr'><strong>loca</strong></span> <span class='ocrx_word' id='word_1_797' title='bbox 1379 5672 1546 5725; x_wconf 81' lang='lat' dir='ltr'><strong>multa</strong></span> <span class='ocrx_word' id='word_1_798' title='bbox 1579 5671 1848 5746; x_wconf 61' lang='lat' dir='ltr'><strong>excerpsit</strong></span> 
     </span>
    </p>
   </div>
   <div class='ocr_carea' id='block_1_103' title="bbox 292 5741 1844 5808">
    <p class='ocr_par' dir='ltr' id='par_1_103' title="bbox 292 5741 1844 5808">
     <span class='ocr_line' id='line_1_104' title="bbox 292 5741 1844 5808; baseline 0 -13"><span class='ocrx_word' id='word_1_799' title='bbox 292 5741 518 5802; x_wconf 71' lang='lat' dir='ltr'><strong>Ioannes</strong></span> <span class='ocrx_word' id='word_1_800' title='bbox 543 5741 946 5808; x_wconf 76' lang='lat' dir='ltr'><strong>Damascenus,</strong></span> <span class='ocrx_word' id='word_1_801' title='bbox 964 5750 1020 5794; x_wconf 91' lang='lat' dir='ltr'><strong>ut</strong></span> <span class='ocrx_word' id='word_1_802' title='bbox 1037 5743 1256 5797; x_wconf 78' lang='lat' dir='ltr'><strong>referret</strong></span> <span class='ocrx_word' id='word_1_803' title='bbox 1280 5744 1332 5798; x_wconf 89' lang='lat' dir='ltr'><strong>in</strong></span> <span class='ocrx_word' id='word_1_804' title='bbox 1349 5757 1504 5797; x_wconf 78' lang='lat' dir='ltr'><strong>sacra</strong></span> <span class='ocrx_word' id='word_1_805' title='bbox 1521 5759 1546 5796; x_wconf 64' lang='grc' dir='ltr'>ε.</span> <span class='ocrx_word' id='word_1_806' title='bbox 1560 5759 1616 5794; x_wconf 71' lang='grc' dir='ltr'><strong>,ευ</strong></span> <span class='ocrx_word' id='word_1_807' title='bbox 1635 5741 1844 5798; x_wconf 69' lang='lat' dir='ltr'><strong>Electa.</strong></span> 
     </span>
    </p>
   </div>
   <div class='ocr_carea' id='block_1_104' title="bbox 1961 5044 3517 5109">
    <p class='ocr_par' dir='ltr' id='par_1_104' title="bbox 1961 5044 3517 5109">
     <span class='ocr_line' id='line_1_105' title="bbox 1961 5044 3517 5109; baseline -0.002 -11"><span class='ocrx_word' id='word_1_808' title='bbox 1961 5044 2155 5099; x_wconf 67' lang='lat' dir='ltr'><strong>Patris</strong></span> <span class='ocrx_word' id='word_1_809' title='bbox 2176 5061 2272 5100; x_wconf 89' lang='lat' dir='ltr'><strong>nec</strong></span> <span class='ocrx_word' id='word_1_810' title='bbox 2300 5045 2525 5099; x_wconf 88' lang='lat' dir='ltr'><strong>omnino</strong></span> <span class='ocrx_word' id='word_1_811' title='bbox 2570 5044 2769 5104; x_wconf 88' lang='lat' dir='ltr'><strong>simile,</strong></span> <span class='ocrx_word' id='word_1_812' title='bbox 2821 5059 2919 5096; x_wconf 91' lang='lat' dir='ltr'><strong>nec</strong></span> <span class='ocrx_word' id='word_1_813' title='bbox 2965 5057 3190 5109; x_wconf 87' lang='lat' dir='ltr'><strong>prorsus</strong></span> <span class='ocrx_word' id='word_1_814' title='bbox 3218 5044 3480 5095; x_wconf 83' lang='lat' dir='ltr'><strong>dissimile</strong></span> <span class='ocrx_word' id='word_1_815' title='bbox 3502 5082 3517 5105; x_wconf 96' lang='lat'><strong>,</strong></span> 
     </span>
    </p>
   </div>
   <div class='ocr_carea' id='block_1_105' title="bbox 1961 5109 3516 5195">
    <p class='ocr_par' dir='ltr' id='par_1_105' title="bbox 1961 5109 3516 5195">
     <span class='ocr_line' id='line_1_106' title="bbox 1961 5109 3516 5195; baseline -0.002 -29"><span class='ocrx_word' id='word_1_816' title='bbox 1961 5115 2434 5195; x_wconf 76' lang='lat' dir='ltr'><strong>t_ractavi_quidem</strong></span> <span class='ocrx_word' id='word_1_817' title='bbox 2469 5112 2866 5195; x_wconf 45' lang='lat' dir='ltr'><strong>projibitoni-n.</strong></span> <span class='ocrx_word' id='word_1_818' title='bbox 2886 5109 3210 5195; x_wconf 55' lang='lat' dir='ltr'><strong>Bibliotheca</strong></span> <span class='ocrx_word' id='word_1_819' title='bbox 3241 5109 3369 5195; x_wconf 45' lang='lat' dir='ltr'><strong>PP;</strong></span> <span class='ocrx_word' id='word_1_820' title='bbox 3406 5128 3516 5195; x_wconf 66' lang='grc' dir='ltr'><strong>δοι-ἶ</strong></span> 
     </span>
    </p>
   </div>
   <div class='ocr_carea' id='block_1_106' title="bbox 1959 5181 3520 5248">
    <p class='ocr_par' dir='ltr' id='par_1_106' title="bbox 1959 5181 3520 5248">
     <span class='ocr_line' id='line_1_107' title="bbox 1959 5181 3520 5248; baseline -0.004 -10"><span class='ocrx_word' id='word_1_821' title='bbox 1959 5184 2109 5248; x_wconf 82' lang='lat' dir='ltr'><strong>Jesu,</strong></span> <span class='ocrx_word' id='word_1_822' title='bbox 2157 5181 2316 5240; x_wconf 83' lang='lat' dir='ltr'><strong>editis</strong></span> <span class='ocrx_word' id='word_1_823' title='bbox 2362 5181 2426 5240; x_wconf 80' lang='lat' dir='ltr'><strong>ac</strong></span> <span class='ocrx_word' id='word_1_824' title='bbox 2471 5181 2689 5237; x_wconf 88' lang='lat' dir='ltr'><strong>ineditis</strong></span> <span class='ocrx_word' id='word_1_825' title='bbox 2745 5181 2900 5238; x_wconf 90' lang='lat' dir='ltr'><strong>libris</strong></span> <span class='ocrx_word' id='word_1_826' title='bbox 2934 5182 3396 5245; x_wconf 78' lang='lat' dir='ltr'><strong>instructissima;</strong></span> <span class='ocrx_word' id='word_1_827' title='bbox 3429 5181 3520 5232; x_wconf 82' lang='lat' dir='ltr'><strong>sed</strong></span> 
     </span>
    </p>
   </div>
   <div class='ocr_carea' id='block_1_107' title="bbox 1960 5250 3518 5324">
    <p class='ocr_par' dir='ltr' id='par_1_107' title="bbox 1960 5250 3518 5324">
     <span class='ocr_line' id='line_1_108' title="bbox 1960 5250 3518 5324; baseline -0.005 -17"><span class='ocrx_word' id='word_1_828' title='bbox 1960 5255 2087 5324; x_wconf 89' lang='lat' dir='ltr'><strong>quia</strong></span> <span class='ocrx_word' id='word_1_829' title='bbox 2131 5255 2348 5308; x_wconf 86' lang='lat' dir='ltr'><strong>maximi</strong></span> <span class='ocrx_word' id='word_1_830' title='bbox 2398 5256 2494 5308; x_wconf 84' lang='lat' dir='ltr'><strong>otii</strong></span> <span class='ocrx_word' id='word_1_831' title='bbox 2540 5250 2904 5324; x_wconf 79' lang='lat' dir='ltr'><strong>immensique</strong></span> <span class='ocrx_word' id='word_1_832' title='bbox 2935 5252 3139 5306; x_wconf 87' lang='lat' dir='ltr'><strong>laboris</strong></span> <span class='ocrx_word' id='word_1_833' title='bbox 3175 5261 3292 5324; x_wconf 76' lang='lat' dir='ltr'><strong>erat</strong></span> <span class='ocrx_word' id='word_1_834' title='bbox 3324 5262 3518 5324; x_wconf 78' lang='lat' dir='ltr'><strong>cuncta</strong></span> 
     </span>
    </p>
   </div>
   <div class='ocr_carea' id='block_1_108' title="bbox 1961 5319 3517 5393">
    <p class='ocr_par' dir='ltr' id='par_1_108' title="bbox 1961 5319 3517 5393">
     <span class='ocr_line' id='line_1_109' title="bbox 1961 5319 3517 5393; baseline -0.006 -14"><span class='ocrx_word' id='word_1_835' title='bbox 1961 5319 2287 5393; x_wconf 79' lang='lat' dir='ltr'><strong>investigare</strong></span> <span class='ocrx_word' id='word_1_836' title='bbox 2319 5340 2442 5378; x_wconf 91' lang='lat' dir='ltr'><strong>cum</strong></span> <span class='ocrx_word' id='word_1_837' title='bbox 2491 5323 2558 5378; x_wconf 92' lang='lat' dir='ltr'><strong>ad</strong></span> <span class='ocrx_word' id='word_1_838' title='bbox 2606 5319 2964 5387; x_wconf 81' lang='lat' dir='ltr'><strong>Clementem,</strong></span> <span class='ocrx_word' id='word_1_839' title='bbox 3015 5323 3224 5393; x_wconf 84' lang='lat' dir='ltr'><strong>tumad</strong></span> <span class='ocrx_word' id='word_1_840' title='bbox 3254 5319 3517 5393; x_wconf 83' lang='lat' dir='ltr'><strong>lgnatium</strong></span> 
     </span>
    </p>
   </div>
   <div class='ocr_carea' id='block_1_109' title="bbox 1960 5390 3519 5511">
    <p class='ocr_par' dir='ltr' id='par_1_109' title="bbox 1960 5390 3519 5511">
     <span class='ocr_line' id='line_1_110' title="bbox 1960 5390 3519 5511; baseline -0.005 -62"><span class='ocrx_word' id='word_1_841' title='bbox 1960 5390 2279 5463; x_wconf 79' lang='lat' dir='ltr'><strong>spectantia,</strong></span> <span class='ocrx_word' id='word_1_842' title='bbox 2297 5410 2468 5464; x_wconf 88' lang='lat' dir='ltr'><strong>pauca</strong></span> <span class='ocrx_word' id='word_1_843' title='bbox 2499 5393 2843 5449; x_wconf 89' lang='lat' dir='ltr'><strong>solummodo</strong></span> <span class='ocrx_word' id='word_1_844' title='bbox 2871 5391 3177 5456; x_wconf 76' lang='lat' dir='ltr'><strong>subno‘tavi,</strong></span> <span class='ocrx_word' id='word_1_845' title='bbox 3203 5405 3323 5459; x_wconf 68' lang='lat' dir='ltr'><strong>quae</strong></span> <span class='ocrx_word' id='word_1_846' title='bbox 3342 5390 3519 5511; x_wconf 57' lang='lat' dir='ltr'><strong>grimo</strong></span> 
     </span>
     <span class='ocr_line' id='line_1_111' title="bbox 1960 5455 3519 5511; baseline 0 0"><span class='ocrx_word' id='word_1_847' title='bbox 1960 5474 2253 5511; x_wconf 75' lang='lat' dir='ltr'><strong>nonsneclu</strong></span> <span class='ocrx_word' id='word_1_848' title='bbox 2299 5480 2419 5511; x_wconf 69' lang='lat' dir='ltr'><strong>sese.</strong></span> <span class='ocrx_word' id='word_1_849' title='bbox 2465 5465 2800 5511; x_wconf 71' lang='lat' dir='ltr'><strong>obtulerunt-</strong></span> <span class='ocrx_word' id='word_1_850' title='bbox 2851 5463 3034 5511; x_wconf 78' lang='lat' dir='ltr'><strong>Itamte</strong></span> <span class='ocrx_word' id='word_1_851' title='bbox 3082 5478 3109 5511; x_wconf 67' lang='grc' dir='ltr'>τι</span> <span class='ocrx_word' id='word_1_852' title='bbox 3164 5473 3294 5511; x_wconf 76' lang='lat' dir='ltr'><strong>voce</strong></span> <span class='ocrx_word' id='word_1_853' title='bbox 3379 5455 3519 5511; x_wconf 77' lang='grc' dir='ltr'>γαθῇ</span> 
     </span>
    </p>
   </div>
   <div class='ocr_carea' id='block_1_110' title="bbox 1959 5455 3482 5534">
    <p class='ocr_par' dir='ltr' id='par_1_110' title="bbox 1959 5455 3482 5534">
     <span class='ocr_line' id='line_1_112' title="bbox 1959 5455 3482 5534; baseline -0.005 -15"><span class='ocrx_word' id='word_1_854' title='bbox 1959 5455 2419 5534; x_wconf 59' lang='grc' dir='ltr'>(εὸιιερεειιιὲεεε</span> <span class='ocrx_word' id='word_1_855' title='bbox 2465 5465 2800 5519; x_wconf 89' lang='lat' dir='ltr'><strong>obtulerunt.</strong></span> <span class='ocrx_word' id='word_1_856' title='bbox 2851 5463 3034 5533; x_wconf 87' lang='lat' dir='ltr'><strong>Itaque</strong></span> <span class='ocrx_word' id='word_1_857' title='bbox 3082 5478 3109 5515; x_wconf 90' lang='lat' dir='ltr'><strong>a</strong></span> <span class='ocrx_word' id='word_1_858' title='bbox 3164 5455 3294 5513; x_wconf 77' lang='lat' dir='ltr'><strong>voce</strong></span> <span class='ocrx_word' id='word_1_859' title='bbox 3342 5455 3482 5534; x_wconf 68' lang='grc' dir='ltr'><strong>ἀγαο</strong></span> 
     </span>
    </p>
   </div>
   <div class='ocr_carea' id='block_1_111' title="bbox 1960 5528 3496 5617">
    <p class='ocr_par' dir='ltr' id='par_1_111' title="bbox 1960 5528 3496 5617">
     <span class='ocr_line' id='line_1_113' title="bbox 1960 5528 3496 5617; baseline -0.007 -28"><span class='ocrx_word' id='word_1_860' title='bbox 1960 5528 2136 5617; x_wconf 67' lang='lat' dir='ltr'><strong>usque</strong></span> <span class='ocrx_word' id='word_1_861' title='bbox 2172 5536 2239 5590; x_wconf 90' lang='lat' dir='ltr'><strong>ad</strong></span> <span class='ocrx_word' id='word_1_862' title='bbox 2278 5535 2448 5617; x_wconf 62' lang='grc' dir='ltr'>ἐλθεῖν</span> <span class='ocrx_word' id='word_1_863' title='bbox 2494 5536 2631 5617; x_wconf 51' lang='grc' dir='ltr'>ἔχει,</span> <span class='ocrx_word' id='word_1_864' title='bbox 2679 5535 2825 5617; x_wconf 68' lang='lat' dir='ltr'><strong>inibi</strong></span> <span class='ocrx_word' id='word_1_865' title='bbox 2853 5528 3056 5617; x_wconf 67' lang='lat' dir='ltr'><strong>nactus</strong></span> <span class='ocrx_word' id='word_1_866' title='bbox 3089 5528 3496 5617; x_wconf 42' lang='lat' dir='ltr'><strong>sturnucep.</strong></span> 
     </span>
    </p>
   </div>
   <div class='ocr_carea' id='block_1_112' title="bbox 1957 5600 3522 5678">
    <p class='ocr_par' dir='ltr' id='par_1_112' title="bbox 1957 5600 3522 5678">
     <span class='ocr_line' id='line_1_114' title="bbox 1957 5600 3522 5678; baseline -0.007 -19"><span class='ocrx_word' id='word_1_867' title='bbox 1957 5600 2203 5678; x_wconf 61' lang='grc' dir='ltr'>πριιδείας</span> <span class='ocrx_word' id='word_1_868' title='bbox 2227 5605 2378 5678; x_wconf 67' lang='grc' dir='ltr'>παρὰ</span> <span class='ocrx_word' id='word_1_869' title='bbox 2395 5600 2555 5671; x_wconf 69' lang='grc' dir='ltr'>Θεοῦ,</span> <span class='ocrx_word' id='word_1_870' title='bbox 2585 5615 2716 5672; x_wconf 89' lang='lat' dir='ltr'><strong>etc.,</strong></span> <span class='ocrx_word' id='word_1_871' title='bbox 2745 5605 2846 5659; x_wconf 87' lang='lat' dir='ltr'><strong>sub</strong></span> <span class='ocrx_word' id='word_1_872' title='bbox 2869 5603 2975 5656; x_wconf 90' lang='lat' dir='ltr'><strong>hcc</strong></span> <span class='ocrx_word' id='word_1_873' title='bbox 3000 5601 3177 5661; x_wconf 83' lang='lat' dir='ltr'><strong>tituio,</strong></span> <span class='ocrx_word' id='word_1_874' title='bbox 3205 5600 3522 5670; x_wconf 69' lang='grc' dir='ltr'>Κλήμεντος</span> 
     </span>
    </p>
   </div>
   <div class='ocr_carea' id='block_1_113' title="bbox 1967 5675 2305 5748">
    <p class='ocr_par' dir='ltr' id='par_1_113' title="bbox 1967 5675 2305 5748">
     <span class='ocr_line' id='line_1_115' title="bbox 1967 5675 2305 5748; baseline 0.006 -22"><span class='ocrx_word' id='word_1_875' title='bbox 1967 5675 2202 5748; x_wconf 71' lang='grc' dir='ltr'><strong>Ῥώμης.</strong></span> <span class='ocrx_word' id='word_1_876' title='bbox 2230 5675 2305 5731; x_wconf 82' lang='lat' dir='ltr'><strong>ID.</strong></span> 
     </span>
    </p>
   </div>
  </div>
