4068 6338
547 321 655 416 ιω

1327 340 1802 407 S.CLEMENTIS
1835 342 2056 406 180M.
2088 344 2293 407 PON'l'.
2336 342 2568 415 orans
2603 345 2834 408 unum.
2940 329 2944 344 "

3697 355 3794 412 JM
3805 369 3814 381 '

539 475 710 531 dilata
727 463 1205 539 fueritdisputatio
1227 483 1242 533 ;
1269 481 1396 521 nam
1420 480 1761 532 sermonum,
1790 463 1885 536 qui
1906 465 1975 519 ab
1989 465 2112 536 ipso

2217 485 2340 542 ρισα
2369 469 2462 522 ἐπὶ
2489 470 2554 540 τῇ
2575 467 2676 538 τῆς
2695 466 2976 539 ζητήσεως
2993 461 3298 540 ὑπερθέσει·
3320 465 3433 524 τῶν
3445 469 3555 543 γὰρ
3572 472 3794 543 μελλόν-

540 566 609 622 ad
634 563 1012 635 imperitorum
1034 558 1300 631 judicium
1330 557 1702 629 proferentur.
1735 569 1816 626 tu,
1844 566 1970 612 ante
1997 558 2114 613 dis-

540 658 877 730 putationem
897 671 928 728 a
945 668 1033 710 me
1063 651 1614 724 instructus,'poteris
1636 666 1760 708 esse
1786 651 2006 708 auditor
2021 651 2115 707 tir-

540 766 665 804 mus
693 763 756 802 ac
783 744 1019 803 stabilis.

609 837 899 896 XXXVIII.
944 835 1109 892 Multa
1151 835 1349 906 quippe
1390 832 1676 889 mendacia
1717 839 1908 888 contra
1940 827 2112 887 Deum

537 933 745 1002 accepit
761 931 1062 1001 Scriptura,
1080 929 1184 984 hac
1210 927 1422 984 ratione
1441 946 1454 980 :
1474 941 1598 981 cum
1617 925 1878 996 propheta
1896 922 2112 996 Moyses

535 1040 604 1080 ex
632 1024 727 1079 Dei
759 1023 992 1079 consilio
1018 1020 1364 1092 septuaginta
1405 1019 1595 1075 electis
1636 1019 1808 1088 legem
1848 1031 1972 1072 cum
2013 1031 2113 1070 ex-

534 1116 922 1190 plicationibus
956 1115 1303 1180 tradidisset,
1334 1121 1396 1167 ut
1421 1120 1475 1168 et
1517 1110 1621 1180 ipsi
1646 1126 1741 1166 eos
1775 1108 1872 1180 qui
1912 1107 2112 1163 vellent

535 1227 567 1266 e
594 1209 798 1280 populo
843 1208 1230 1272 instituerent,
1262 1221 1371 1260 non
1419 1205 1593 1260 multo
1639 1213 1764 1275 post
1791 1204 1993 1275 scripta
2023 1205 2109 1259 lex

536 1302 742 1372 recepit
766 1301 1011 1373 quaedam
1043 1300 1180 1356 falsa
1226 1307 1418 1354 contra
1464 1297 1687 1352 unicum
1718 1296 1888 1353 Deum
1910 1339 1924 1366 ,
1957 1313 2110 1353 crea-

537 1405 712 1450 torem
737 1395 860 1450 caali
889 1405 944 1449 et
968 1403 1126 1448 terrae
1151 1391 1510 1462 omniumque
1529 1391 1582 1446 in
1602 1391 1670 1447 iis
1690 1400 2105 1461 contentorum;

536 1489 590 1543 id
631 1504 768 1544 auso
792 1486 1012 1542 diabolo
1040 1486 1220 1541 facere
1250 1485 1321 1540 ob
1362 1484 1568 1554 justam
1615 1485 1906 1555 quamdam
1938 1490 2110 1540 ratio-

534 1596 684 1635 nem.
731 1581 909 1648 Atque
937 1579 1040 1633 hac
1067 1577 1279 1632 ratione
1324 1584 1380 1632 et
1422 1575 1634 1646 judicio
1665 1576 1885 1644 accidit,
1923 1587 1980 1632 ut
2012 1577 2109 1632 de-

524 1671 1001 1742 ‘prehenderentur
1035 1671 1130 1742 qui
1174 1669 1437 1725 auderent
1473 1679 1663 1724 contra
1693 1669 1863 1748 Deum
1903 1669 2106 1739 scripta

536 1765 784 1818 lubenter
811 1763 1023 1830 audire,
1048 1764 1209 1833 quive
1237 1762 1442 1817 amoris
1467 1775 1632 1816 causa
1655 1777 1784 1832 erga
1813 1760 1983 1817 Deum
2010 1763 2107 1817 ad-

533 1872 729 1912 versus
756 1857 935 1926 ipsum
973 1854 1119 1911 dicta
1160 1870 1270 1910 non
1313 1854 1477 1909 modo
1521 1869 1633 1909 non
1661 1854 1979 1920 crederent,
2011 1855 2106 1911 sed

535 1963 715 2017 neque
735 1948 964 2002 omnino
998 1946 1331 2002 sustinerent
1359 1945 1570 2012 audire,
1615 1947 1719 2001 etsi
1754 1961 1884 2002 vera
1908 1947 2106 2018 forent,

535 2043 708 2096 multo
744 2041 915 2096 tutius
941 2040 1044 2095 rati
1071 2039 1369 2111 periclitari
1410 2039 1480 2094 ob
1523 2038 1684 2095 ﬁdem
1732 2038 1861 2094 boni
1886 2039 2105 2106 ominis,

534 2152 699 2206 quam
733 2136 804 2191 ob
834 2149 1117 2190 sermones
1161 2134 1435 2191 infaustos
1459 2149 1525 2189 ac
1553 2133 1903 2204 blasphemos
1926 2133 2108 2189 vivere

533 2247 655 2284 cum
682 2247 848 2300 prava
873 2229 1226 2285 conscientia.

603 2411 848 2467 XXXIX.
901 2411 1088 2482 Itaque
1139 2410 1330 2465 Simon
1359 2410 1599 2481 capitula
1629 2419 1821 2467 contra
1847 2410 2018 2466 Deum
2049 2412 2106 2468 in

536 2507 836 2578 Scripturis
867 2504 1111 2561 tentandi
1145 2504 1319 2576 gratia
1363 2505 1611 2575 apposita
1656 2506 1801 2573 vult,
1830 2514 1890 2560 ut
1919 2506 2103 2573 audio,

533 2602 587 2658 in
621 2602 858 2657 medium
901 2616 1227 2672 progressus
1278 2600 1584 2666 adducere,
1638 2613 1746 2670 quo
1775 2615 1807 2653 a
1839 2599 2104 2656 charitate

533 2711 661 2766 erga
697 2694 868 2749 Deum
891 2736 906 2762 ,
938 2700 1210 2765 quotquot
1235 2694 1466 2748 miseros
1498 2694 1730 2763 poterit,
1760 2692 1977 2762 abigere
2005 2707 2104 2746 va-

534 2789 660 2844 leat.
693 2787 878 2843 Palam
909 2789 1055 2842 enim
1079 2787 1260 2842 dicere
1293 2785 1573 2850 nolumus,
1608 2784 1661 2838 in
1695 2783 2009 2854 Scripturas
2037 2800 2101 2841 ea-

531 2883 766 2952 capitula
801 2883 1014 2936 intrusa
1038 2897 1196 2947 esse;
1229 2895 1356 2934 nam
1389 2878 1847 2934 conturbaremus
1879 2878 2102 2948 imperi-

529 2983 640 3029 tam
671 2975 914 3046 plebem,
947 2983 1002 3028 et
1052 2975 1125 3028 ita
1150 2972 1382 3042 improbi
1425 2972 1662 3028 hominis
1712 2971 1953 3028 Simonis
2006 2989 2103 3029 vo-

529 3069 793 3124 lunlatem
822 3069 1148 3124 iaceremus.
1175 3067 1426 3122 Nondum
1474 3067 1617 3122 enim
1669 3068 2012 3124 discernendi
2047 3070 2098 3124 vi

2214 578 2322 614 των
2333 561 2379 592 ⁸³
2410 559 2585 628 λόγων
2616 561 2708 612 ὑπ’
2738 557 2902 613 αὑτοῦ
2931 559 3070 631 πρὸς
3099 558 3370 632 διάκρισιν
3389 562 3499 616 τῶν
3529 564 3792 632 ἀγνοούν-

2213 671 2320 706 των
2341 652 2614 722 λέγεσθαι,
2645 654 2738 718 σὺ,
2761 653 2868 725 πρὸ
2894 654 2994 726 τῆς
3022 652 3301 738 ζητήσεως
3335 655 3671 725 ἐφοδιασθεὶς
3699 658 3793 710 ὑπ’

2213 745 2369 819 ἐμοῦ,
2395 747 2642 810 ἄπτωτος
2672 746 2943 818 ἀκροατὴς
2963 746 3219 816 γενέσθαι
3242 745 3467 818 δυνήσῃ.

2284 837 2570 892 XXXVlll.
2602 837 2776 892 Πολλά
2814 839 2922 910 γάρ
2950 838 3123 910 ψευδῆ
3154 838 3296 892 κατά
3329 837 3426 892 τοῦ
3464 838 3599 893 Θεοῦ
3628 859 3791 912 προσ-

2213 930 2403 985 έλαϐον
2432 931 2488 984 αἱ
2531 931 2744 1002 Γραφαὶ
2776 929 2888 1001 (54)
2920 930 3062 1000 λόγῳ
3109 923 3283 1003 τούτῳ
3305 948 3320 962 ·
3365 931 3462 986 τοῦ
3509 936 3791 1005 προφήτου

2211 1025 2486 1089 Μωῦσέως
2505 1022 2550 1056 ’⁸
2573 1023 2776 1098 γνώμῃ
2799 1024 2893 1078 τοῦ
2924 1024 3059 1078 Θεοῦ
3089 1025 3363 1089 ἐκλεκτοῖς
3387 1039 3529 1079 τισιν
3558 1026 3791 1101 ἑϐδομή·

2211 1135 2375 1172 κοντα
2407 1118 2499 1171 τὸν
2538 1116 2700 1188 νόμον
2744 1118 2842 1171 σὺν
2876 1120 2997 1182 ταῖς
3040 1112 3318 1172 ἐπιλύσεσι
3347 1117 3789 1189 παραδεδωκότος

2211 1213 2348 1286 πρὸς
2375 1212 2435 1266 τὸ
2460 1211 2554 1266 καὶ
2583 1212 2782 1275 αὐτοὺς
2819 1210 3119 1281 ἐφοδιάζειν
3147 1209 3242 1264 τοῦ
3265 1208 3398 1263 λαοῦ
3431 1210 3560 1273 τοὺς
3598 1209 3786 1280 βουλο-

2213 1310 2424 1379 μένους,
2449 1308 2564 1378 μετ⁸
2593 1307 2655 1359 οὐ
2689 1303 2821 1360 πολὺ
2849 1300 3078 1376 γραφεὶς
3099 1305 3129 1356 ό
3148 1298 3308 1373 νόμος
3335 1299 3638 1373 προσέλαδέ
3664 1318 3786 1354 τινα

2209 1401 2302 1455 καὶ
2341 1401 2508 1472 ψευδῆ
2553 1397 2696 1452 κατά
2723 1397 2822 1450 τοῦ
2847 1397 3008 1468 μόνου
3033 1393 3080 1429 ⁸³
3109 1395 3264 1458 Θεοῦ,
3295 1395 3391 1448 τοῦ
3429 1392 3520 1448 τὸν
3559 1395 3786 1467 οὐρανὸν

2209 1495 2303 1547 καὶ
2331 1494 2428 1566 τὴν
2455 1493 2558 1563 γῆν
2582 1491 2675 1545 καὶ
2703 1490 2884 1544 πάντα
2915 1489 2984 1544 τά
3017 1490 3076 1542 ἐν
3116 1489 3298 1552 αὐτοῖς
3341 1487 3786 1559 δημιουργήσαν-

2206 1602 2318 1648 τος.
2349 1584 2508 1638 τοῦτο
2526 1583 2619 1637 τοῦ
2646 1582 2881 1654 πονηροῦ
2910 1576 3107 1652 δικαίῳ
3123 1581 3230 1634 τινὶ
3260 1580 3404 1650 λόγῳ
3423 1580 3470 1614 ’⁸
3489 1580 3790 1652 ἐνεργῆσαι

2207 1673 2618 1748 τετολμηκότος.
2662 1676 2774 1728 Καὶ
2809 1673 2965 1727 τοῦτο
3011 1675 3202 1742 γέγονε
3241 1672 3384 1743 λόγῳ
3429 1672 3522 1725 καὶ
3569 1673 3788 1744 κρίσει,

2209 1770 2358 1833 ὅπως
2378 1768 2706 1839 ἐλεγχθῶσι,
2729 1766 2875 1830 τινες
2904 1765 3144 1837 τολμῶσι
3172 1763 3243 1818 τὰ
3279 1763 3419 1817 κατά
3447 1764 3543 1817 τοῦ
3579 1764 3714 1818 Θεοῦ
3734 1765 3781 1798 ’⁷

2209 1859 2486 1933 γραφέντα
2529 1858 2801 1932 φιληκὸως
2845 1859 3008 1929 ἔχειν,
3049 1857 3194 1922 τινες
3219 1875 3278 1912 τε
3321 1861 3521 1932 στοργῇ
3553 1861 3621 1930 τῇ
3643 1859 3783 1930 “Pb;

2209 1953 2367 2006 αὑτὸν
2406 1950 2476 2005 τά
2515 1953 2632 2004 κατ’
2680 1949 2849 2005 αὑτοῦ
2902 1949 3167 2021 λεγόμενα
3201 1949 3276 2021 μὴ
3313 1950 3472 2021 μόνον
3509 1951 3779 2015 ἀπιστεῖν,

2209 2044 2345 2099 ἀλλὰ
2375 2044 2508 2118 μηδέ
2534 2045 2634 2116 τὴν
2665 2044 2840 2116 ἀρχὴν
2868 2043 3087 2098 ἀκούειν
3124 2042 3440 2112 ἀνέχεσθαι,
3476 2041 3578 2094 κᾶν
3605 2041 3782 2116 ἀληθῆ

2207 2139 2467 2212 τυγχάνῃ,
2496 2135 2674 2210 πολλῷ
2695 2137 2980 2210 κρίναντες
3019 2135 3418 2206 ἀσφαλέστερον
3455 2132 3590 2206 περγ
3612 2134 3783 2207 εὐφή-

2211 2251 2313 2305 μου
2348 2235 2582 2298 πίστεως
2616 2226 2978 2297 κινδυνεύειν,
3013 2231 3046 2304 ἦ
3089 2230 3181 2284 ἐπὶ
3216 2228 3557 2300 βλασφήμοις
3601 2225 3780 2298 λόγοις

2206 2324 2627 2397 δυσσυνειδήτως
2655 2324 2695 2356 ⁸⁸
2720 2323 2890 2395 βιοῦν.

2276 2415 2520 2472 XXXIX.
2568 2417 2626 2470 Ὀ
2654 2413 2746 2470 οῦν
2763 2416 2947 2488 Σίμων
2968 2415 3068 2479 τὰς
3094 2414 3235 2469 κατά
3265 2414 3362 2468 τοῦ
3402 2415 3547 2469 Θεοῦ·
3571 2417 3628 2470 ἐν
3656 2420 3780 2480 ταῖς

2206 2510 2452 2583 Γραφαϊς
2484 2509 2788 2581 πειρασμοῦ
2811 2510 2919 2580 ⁷ο
2942 2511 3102 2581 χάριν
3125 2508 3525 2580 προσκειμένας
3555 2521 3778 2582 περικο-

2208 2601 2317 2665 πὰς
2354 2600 2548 2664 αύτάς,
2579 2601 2654 2665 ὡς
2685 2599 2958 2672 μανθάνω,
2985 2599 3251 2671 βούλεται,
3275 2601 3442 2654 ἐλθὼν
3479 2603 3560 2666 εἰς
3591 2603 3782 2674 μέσον,

2205 2692 2403 2766 λέγειν,
2431 2695 2579 2757 ὅπως
2597 2695 2696 2763 τῆς
2715 2693 2850 2764 πρὸς
2873 2691 2966 2746 τὸν
2999 2691 3131 2746 Θεὸν
3164 2693 3399 2765 στοργῆς
3431 2693 3589 2758 ὅσους
3617 2694 3778 2747 δύνα-

2204 2805 2292 2843 ται
2320 2787 2699 2860 ταλαιπώρους
2716 2787 3021 2858 ἀποστῆσαι
3042 2785 3264 2859 δυνηθῇ.
3290 2781 3534 2858 Δημοσῖᾳ
3553 2787 3660 2859 γὰρ
3687 2789 3781 2840 αύ-

2204 2883 2302 2947 τάς
2333 2882 2512 2952 λέγειν
2554 2879 2907 2952 προσκεῖσθαι
2955 2881 3074 2943 ταῖς
3109 2879 3310 2950 βίϐλοις
3346 2879 3408 2932 ού
3442 2879 3778 2951 βουλόμεθα,

2205 2977 2326 3031 ἐπεὶ
2348 2975 2648 3048 πτύραντες
2671 2975 2716 3008 ⁹⁹
2739 2974 2967 3046 ἀμαθεῖς
2998 2973 3188 3044 ὀχλους
3211 2973 3279 3004 ²⁰⁰
3297 2972 3397 3026 τοῦ·
3420 2975 3658 3045 πονηροῦ
3689 2975 3781 3026 Σί-

2207 3086 2384 3141 μωνος
2412 3068 2474 3121 τὸ
2503 3064 2709 3138 θέλημα
2745 3065 3019 3137 ποιοῦμεν.
3052 3065 3265 3137 Μήπως
3297 3066 3314 3096 ⁸
3347 3062 3532 3137 γάρτὸ
3561 3064 3778 3137 διακρι-

529 3162 772 3232 praediti,
825 3170 922 3218 aut
961 3161 1171 3231 fugient
1197 3176 1298 3217 nos
1327 3163 1478 3216 velut
1525 3162 1754 3232 impios,
1783 3173 1912 3227 aut,
1942 3164 2129 3235 quasi‘

2206 3162 2350 3217 τικὸν
2384 3161 2599 3231 ἔχοντες
2643 3159 2930 3229 φεύξονται
2959 3160 3107 3230 ἡμᾶς
3133 3159 3208 3222 ὡς
3251 3158 3604 3222 ἀσεϐοῦντας·
3633 3158 3665 3230 ἢ
3699 3160 3779 3222 ὡς

528 3271 637 3308 non
669 3255 844 3310 solum
879 3255 1197 3325 blasphcma
1252 3255 1487 3325 capitula
1526 3254 1662 3311 falsa
1692 3257 1804 3312 sint
1826 3298 1840 3321 ,
1873 3260 2038 3314 etiam
2068 3276 2099 3315 a

528 3348 778 3403 doctrina
811 3357 996 3404 nostra
1029 3348 1304 3404 secedent.
1337 3348 1516 3415 Quare
1558 3366 1781 3407 necesse
1811 3352 2098 3418 habemus,

531 3440 786 3495 assentiri
834 3441 986 3497 lalsis
1014 3442 1270 3512 capitulis
1295 3483 1310 3506 ,
1343 3451 1400 3498 et
1431 3443 1498 3498 de
1530 3444 1720 3499 iisdem
1746 3445 1986 3502 vicissim
2018 3449 2102 3502 iu-

529 3534 857 3605 terrogando
891 3535 955 3589 ad
980 3535 1261 3605 angustias
1295 3535 1446 3590 illum
1495 3537 1772 3607 redigere;
1821 3539 2105 3598 benevolis

529 3637 712 3684 autem
755 3642 809 3684 et
835 3629 1107 3693 candidis,
1141 3639 1264 3699 post
1316 3630 1748 3701 experimentum
1780 3632 1922 3697 iidei,
1950 3650 2102 3690 seor-

506 3709 635 3778 ‘sim
669 3722 882 3777 tradere
929 3721 1254 3777 solutionem
1291 3723 1653 3792 capitulorum
1702 3726 1972 3780 dictorum
2004 3729 2102 3783 ad-

527 3831 723 3872 versus
747 3814 951 3882 Deum,
981 3831 1105 3886 quae
1135 3816 1354 3886 quidem
1409 3832 1574 3872 unam
1614 3833 1679 3874 ac
1707 3818 1925 3875 brevem
1951 3821 2098 3878 viam

525 3915 582 3964 ct
604 3908 870 3963 rationem
903 3909 1086 3964 habet.
1111 3907 1216 3963 Ista
1237 3916 1420 3964 autem
1449 3918 1556 3966 est.

594 3999 712 4056 XL.
764 4000 937 4057 Omne
995 4003 1203 4058 dictum
1255 4004 1341 4058 vel
1389 4005 1650 4076 scriptum
1705 4017 1893 4064 contra
1926 4007 2098 4066 Deum

525 4097 871 4152 mendacium
903 4107 1004 4152 est.
1029 4096 1184 4163 Quod
1211 4107 1392 4152 autem
1421 4097 1477 4153 id
1517 4113 1674 4166 vere,
1708 4115 1818 4155 non
1840 4116 1972 4156 vero
2001 4117 2097 4158 so—

527 4189 640 4244 lum
679 4190 905 4246 honoris
947 4191 1118 4260 gratia
1153 4189 1443 4256 dicamus,
1479 4193 1575 4248 sed
1603 4192 1768 4248 etiam
1813 4196 2099 4264 veritatis,

526 4282 688 4350 paulo
730 4292 853 4352 post
903 4283 1229 4352 procedente
1271 4297 1526 4340 sermone
1569 4295 1773 4342 certam
1822 4289 2086 4344 rationem

2201 3255 2263 3308 ού
2295 3257 2316 3286 ¹
2360 3253 2518 3325 μόνον
2565 3254 2674 3306 τῶν
2703 3251 3033 3323 βλασφήμων
3079 3250 3394 3324 περικοπῶν
3425 3249 3634 3321 ψευδῶν
3677 3253 3774 3303 ού-

2204 3348 2333 3414 σῶν,
2356 3345 2752 3418 ἀποστήσονται
2777 3344 2870 3398 τοῦ
2917 3343 3095 3414 λόγου.
3142 3344 3234 3396 Διὸ
3275 3343 3520 3415 ἀνάγκην
3555 3343 3774 3414 ἔχομεν,

2204 3436 2721 3510 συγκατατιθέμενοι
2765 3439 2886 3501 ταῖς
2939 3437 3159 3506 ψευδέσι
3213 3441 3580 3509 περιηπαῖς,
3641 3438 3772 3507 περὶ

2201 3533 2379 3587 αὐτῶν
2407 3531 2933 3602 ἀπιπυνθανόμενοι,
2965 3531 3044 3594 εις
3075 3529 3305 3600 ἀπορίαν
3335 3527 3497 3582 αύτδν
3539 3529 3637 3600 μὲν
3672 3529 3774 3598 φέ-

2202 3643 2338 3700 ρειν,
2356 3629 2468 3690 τοῖς
2484 3623 2541 3680 δέ
2563 3621 2963 3695 εύγνωμονοῦσι
2986 3623 3098 3676 τῶν
3121 3621 3260 3676 κατά
3288 3621 3380 3674 τοῦ
3411 3620 3546 3674 Θεοῦ
3586 3621 3772 3695 ῥηθει-

2202 3721 2311 3775 σῶν
2344 3717 2676 3791 περικοπῶν.
2709 3716 2845 3788 μετά
2871 3711 3064 3786 πεῖραν
3097 3713 3349 3777 πίστεως,
3380 3709 3483 3786 ἰδίᾳ
3509 3713 3776 3785 παρέχειν

2198 3815 2299 3886 τὴν
2330 3813 2350 3845 ⁸
2397 3809 2662 3874 ἐπίλυσιν,
2718 3811 2839 3882 ἦτις
2899 3809 3028 3880 μίαν
3073 3808 3168 3861 καὶ
3209 3807 3472 3878 σύντομον
3510 3806 3621 3878 ἔχει
3668 3808 3771 3878 τὴν

2198 3907 2336 3961 ὁδόν.
2359 3907 2516 3959 Ἔστι
2541 3904 2601 3958 δέ
2630 3903 2746 3974 ἥδε.

2265 3999 2378 4053 XL.
2413 3999 2529 4051 Πᾶν
2557 3995 2745 4066 λεχθὲν
2785 3994 2817 4066 ἢ
2853 3994 3064 4066 γραφὲν
3104 3995 3244 4047 κατά
3276 3993 3370 4047 τοῦ
3415 3991 3548 4046 Θεοῦ
3572 3992 3771 4062 ψεῦδός

2198 4096 2364 4148 ἐστιν.
2401 4093 2523 4144 Ὅτι
2549 4087 2605 4144 δὲ
2639 4088 2852 4160 ἀληθῶς
2877 4087 3035 4140 τοῦτο
3061 4087 3121 4158 οὐ
3171 4087 3328 4159 μόνον
3357 4086 3628 4159 εὐφημίας
3651 4087 3771 4138 ἓνε-

2197 4205 2292 4242 κεν
2322 4186 2572 4256 λέγομεν,
2597 4181 2732 4236 ἀλλὰ
2761 4181 2854 4234 καὶ
2884 4178 3157 4252 ἀληθείας,
3197 4179 3334 4252 μετά
3359 4179 3530 4252 βραχὺ
3552 4178 3760 4250 προῖόν-

2193 4299 2288 4345 τος
2317 4279 2410 4332 τοῦ
2457 4274 2616 4346 λόγου
2655 4273 3076 4346 πληροφορήσω.
3105 4273 3266 4326 Ὅθεν
3300 4272 3386 4334 σὺ,
3421 4268 3639 4340 φίλτατὲ
3673 4288 3766 4341 μοι

526 4374 770 4429 all'eram.
803 4375 958 4432 [inde
990 4386 1044 4432 tu
1063 4418 1077 4442 ,
1109 4376 1433 4433 charissime
1458 4377 1711 4436 Clemens
1731 4422 1748 4449 ,
1775 4382 2088 4439 contristari
2122 4398 2129 4456 1

2206 4375 2445 4444 Κλήμης,
2473 4370 2564 4422 ἐπὶ
2588 4367 2670 4438 τῷ
2699 4364 2788 4419 τὸν
2815 4364 3036 4437 Σίμωνα
3064 4364 3200 4435 πρὸς
3241 4365 3340 4438 τὴν
3373 4365 3594 4437 ζήτησιν
3634 4361 3765 4434 μίαν

1791 4515 2030 4573 unus
2097 4481 2508 4573 LECTIONES.

592 4599 642 4632 "
661 4604 770 4657 τῶν
801 4601 1353 4678 μελλόντων-γάμῳ
1422 4603 1470 4636 ³⁸
1484 4605 1744 4678 Μωυσέος
1771 4611 1832 4662 υ.
1904 4609 1955 4678 ξ’
1973 4607 2135 4678 μόνου
2167 4611 2226 4662 0.
2271 4603 2352 4678 ita
2371 4591 2792 4678 lcgc‘mlg‘m'ja‘m
2813 4591 3026 4678 viditP.
3046 4588 3173 4678 gr.
3206 4589 3370 4678 intra.
3393 4605 3508 4678 cap.
3540 4591 3760 4678 49,}5;

524 4671 671 4745 nam.
705 4659 874 4745 mss,
899 4673 1064 4744 νόμου
1095 4659 1162 4728 c:
1218 4659 1438 4745 λόγῳ
1477 4659 1588 4731 δίη.
1622 4659 1924 4731 of»i
1972 4659 2268 4743 διέδειξε.
2320 4669 2358 4745 ξ
2400 4659 2708 4745 (expedi
2733 4661 2797 4715 ευ
2838 4659 3120 4745 .”.ιιειηοι

522 4741 586 4821 9ο
621 4812 633 4821 .
663 4745 707 4775 ’³
728 4729 802 4821 ιιὲ
842 4729 882 4798 C
925 4729 1023 4821 ,δἰι-
1043 4759 1252 4821 πίητε-λ
1300 4747 1352 4821 in
1369 4729 1732 4821 ’έυιέξὶὲκὶίιη
1753 4729 2273 4821 ἐπιὲὲέῠρᾶὂιέὲςῖἰιὶ,
2306 4739 2379 4821 ,ο-
2403 4729 2411 4733 ⁷
2435 4736 2530 4821 ﬁ.”
2549 4735 2642 4821 ἀμ.
2667 4729 3114 4821 ,ἕκςέῗοδμεηί
3130 4729 3764 4821 ἀ;,,ἷ⁵·ι,ξβεῖ,βδῖἳῦηθτ

527 4811 544 4842 ⁸
569 4812 731 4884 μήπω
760 4817 819 4868 0.

523 4885 640 4946 ταῖς
675 4884 757 4938 Cl.

923 4815 944 4845 ⁸
971 4815 1033 4868 ού
1067 4806 1192 4868 om.-
1215 4813 1276 4870 Ο.
1307 4815 1432 4870 Mox
1459 4806 1634 4870 οὐσῶν
1684 4818 1798 4871 ἀλλ’
1832 4806 2229 4891 ἀποστήσονται
2260 4816 2420 4878 λόγου
2451 4806 2513 4862 C-

2620 4804 2641 4835 ³
2666 4800 2823 4856 Errat
2847 4800 2886 4854 S
2938 4802 3004 4856 de
3039 4800 3079 4855 C
3107 4840 3124 4868 ,
3159 4801 3253 4870 qui
3283 4801 3408 4854 exh.
3435 4801 3533 4871 τήν
3572 4808 3632 4855 ιιι
3670 4803 3712 4853 0
3743 4841 3762 4865 ,

1838 4991 2205 5050 VARIORUM
2237 4990 2469 5049 NOTAE.

590 5091 707 5165 (54)
745 5089 952 5145 Πολλὰ
976 5088 1088 5212 rdFa
1109 5084 1488 5168 irevé'ﬁaatb
1506 5085 1612 5169 τοῦ
1637 5086 1784 5169 Θερᾷ
1804 5085 2094 5168 amo-ua.

590 5181 632 5212 ν
658 5166 723 5212 αι·
749 5154 1000 5212 Γοατραι.
1078 5159 1190 5212 alsa
1223 5172 1365 5212 veris
1390 5167 1650 5212 nermnsta
1690 5158 1862 5212 luisse
1900 5173 1954 5210 in
1998 5172 2090 5212 sa-

520 5154 632 5218 6οᾶ·
658 5154 723 5218 άι
749 5154 1000 5229 Γραφαι.
1035 5154 1190 5213 Falsa
1223 5156 1650 5229 verispermista
1690 5154 1862 5229 fuisse
1900 5155 1954 5210 in
1975 5172 2090 5229 _sa-

520 5235 634 5291 eris
665 5226 967 5301 Scriptu'ris-
1006 5229 1207 5301 dicitur
1244 5226 1450 5298 passim
1496 5227 1604 5301 hoc
1633 5228 1685 5282 in
1717 5226 2046 5301 Apocrypho
2067 5266 2084 5289 ,

522 5305 688 5375 impie
708 5298 869 5375 juita—
889 5317 959 5375 ac
982 5300 1144 5356 stulte
1171 5312 1285 5375 :_e_x
1313 5307 1553 5375 veterum
1585 5298 1964 5375 haereticorum
1993 5299 2089 5351 de-

523 5367 846 5436 liramentis,
871 5372 987 5442 qui,
1014 5380 1150 5425 teste
1173 5368 1230 5423 S».
1257 5369 1462 5442 irenmo-
1489 5367 1584 5423 lib.
1619 5384 1702 5442 ιιι,
1724 5383 1845 5436 cap.
1872 5368 1927 5433 2,
1958 5382 2082 5422 cum

522 5459 590 5499 ex
616 5438 914 5514 Scripturis
937 5447 1314 5514 arguerentur.
1344 5438 1396 5491 in
1423 5440 1826 5514 accusationem
1855 5452 2084 5494 conver-

524 5508 777 5585 tebantu'r
804 5508 1046 5585 ipsarum
1090 5508 1538 5585 Scripturarum,_
1566 5508 1724 5578 quasi
1773 5523 1880 5585 non
1933 5515 2081 5585 recte

523 5583 805 5649 haberent,
823 5576 1020 5654 neque
1034 5576 1306 5654 essent—cx
1333 5576 1683 5654 auctoritate,
1698 5587 1754 5633 et
1773 5577 1902 5654 quia
1919 5576 2081 5654 varie

521 5663 705 5708 essent
754 5645 938 5710 dictan-
989 5652 1082 5707 Sic
1129 5650 1270 5720 apud
1324 5648 1383 5702 ὃ.
1419 5645 1802 5720 Ερὶρὴιιηίιιιηξ
1838 5645 2078 5720 Ebionmi

521 5721 724 5794 Moysis
753 5715 1182 5794 Pentateuchuni
1215 5715 1482 5794 integruni
1513 5715 1617 5772 non
1651 5718 1961 5794 admittunt,
1986 5715 2079 5770 sed

521 5789 769 5865 quaedam
803 5794 948 5850 illius
973 5793 1246 5865 rejiciunt,
1273 5790 1642 5859 majoremque
1711 5789 1844 5858 legis
1869 5795 2079 5859 partem

2197 5081 2546 5140 contumeliis
2599 5079 2920 5144 incessunt;
2970 5077 3342 5132 Abrahamum
3380 5076 3599 5148 quidem
3627 5092 3755 5133 cum

2191 5150 2400 5218 lsaaco,
2428 5151 2656 5216 Jacobo,
2685 5149 2869 5222 Moyse
2897 5157 2950 5204 ct
2999 5149 3235 5222 Aarone,
3266 5146 3437 5222 usque
3461 5148 3528 5202 ad
3565 5146 3757 5222 Jesum

2188 5222 2336 5280 Nave
2363 5216 2534 5278 lilium
2565 5216 2908 5289 recipientes,
2934 5218 3026 5274 scd
3052 5216 3617 5289 postea_Samson_em,
3653 5216 3763 5272 Sa-~

2188 5295 2446 5357 muclem,
2481 5287 2760 5356 Davidem,
2811 5287 3194 5353 Salomonem,
3241 5287 3437 5349 Eliam,
3485 5287 3760 5345 Eliseum.

2187 5363 2411 5428 Isaiam,
2461 5360 2777 5424 Jeremiam,
2810 5359 3130 5428 Danielem,
3173 5358 3535 5422 Ezechielem,
3592 5359 3757 5428 alios,

2186 5426 2486 5504 natalesque
2504 5433 2795 5504 praphetas
2816 5431 3091 5504 detestati.
3112 5427 3447 5504 Rtelemaitaz
3461 5443 3592 5482 vero
3616 5426 3757 5504 lien:-

2180 5497 2518 5558 tatcuch'um'
2552 5497 2674 5556 cum
2730 5501 2939 5571 legibus
2984 5499 3183 5571 divinis
3213 5499 3464 5571 humana
3494 5497 3752 5571 mandata

2181 5574 2467 5643 complecti
2493 5568 2862 5643 aliirmant.Et
2891 5569 3224 5643 Appelleiani
3261 5585 3292 5623 a
3314 5569 3534 5643 (_‘.hristo
3560 5568 3751 5643 volunt

2182 5638 2355 5699 fuisse
2385 5643 2704 5712 indicatum,
2729 5641 2860 5712 quid
2891 5638 2952 5712 ln'
2977 5638 3151 5712 sacris
3184 5639 3378 5712 litteris
3403 5638 3636 5712 ab_i_pso
3659 5638 3747 5690 die

2181 5723 2328 5793 ctum
2375 5711 2536 5793 inerit
2559 5753 2574 5775 ,
2614 5707 2764 5793 (μιὴῖ
2793 5727 2823 5764 a
2872 5707 3351 5793 domini-goznlege
3387 5708 3454 5764 de
3477 5707 3751 5762 Ebionmls

2184 5782 2440 5839 Methodii
2473 5777 2796 5838 Cominium.
2831 5795 2914 5836 or.
2943 5778 2996 5836 8.
3028 5777 3239 5848 pfliil.
3271 5777 3406 5839 (ἷςιτ.
