4068 6338
247 292 342 348 I05
1358 299 1820 357 'CLEMENTINA.
1862 332 1924 341 -
1955 301 2239 359 IIOMILIA
2280 300 2341 356 II.
3379 305 3479 363 ιυε

241 411 330 478 τήν
353 406 666 465 ἐνεστῶσαν
694 411 1021 483 ὑπερθέσθαι
1054 412 1264 484 ἡμέραν
1304 413 1401 467 οὑκ
1448 414 1679 483 ὀφείλεις
1717 416 1805 467 λυ-

1918 432 2022 468 non
2074 417 2237 469 debes
2266 458 2278 475 .
2309 416 2453 485 quod
2494 414 2682 469 Simon
2729 419 2794 471 ad
2854 418 3276 489 disputationem
3311 439 3479 477 unum.

244 504 475 558 πεῖσθαι.
538 506 781 577 Σήμερον
829 506 937 577 γὰρ
990 508 1096 578 πρὸ
1127 508 1223 577 τῆς
1266 506 1545 578 ζητήσεως
1584 525 1805 579 προεφο-

1924 509 2067 562 hunc
2097 509 2238 562 diem
2278 509 2655 567 intcrmiserit.
2702 508 2870 565 Hodie
2898 514 3044 567 enim
3076 522 3201 567 ante
3232 513 3484 584 disputa-

241 597 551 667 διαζόμενος
573 599 823 669 περὶτῶν
845 599 864 628 δ
884 599 940 651 ὲν
969 602 1089 662 ταῖς
1132 599 1374 670 Γραφαίς
1410 599 1805 671 προσκειμένωι

1921 601 2123 654 tionem
2158 600 2459 655 instructus
2488 599 2554 654 de
2587 601 2842 670 capitulis
2875 602 3168 673 Scriptura:
3194 607 3491 675 appositis.

243 691 576 760 mptxoml'w,
593 692 683 744 ἐπὶ
697 692 795 762 τῆς
813 689 1089 763 ζητήσεως
1100 691 1333 763 περὶτοῦ
1362 692 1521 762 μόνου
1536 692 1669 745 Θεοὺ
1682 692 1703 723 ⁸
1726 695 1805 746 καὶ

1921 692 2063 746 inter
2098 692 2483 763 disputandum
2531 692 2599 748 de
2628 708 2738 747 uno
2768 693 2877 748 Deo
2912 706 2964 749 et
2996 696 3160 762 bono,
3184 698 3487 769 mundique

238 784 459 851 ἀγαθοῦ,
498 784 595 837 τοῦ
628 785 721 837 καὶ
753 784 845 837 τὸν
886 786 1089 855 κόσμον
1138 785 1530 857 πεποιηκότος,
1563 787 1664 855 71
1701 787 1817 839 δια-

239 878 487 947 κριθῆναι
513 877 616 930 οὑκ
660 877 900 946 ὀφείλεις
926 896 937 907 ·
969 877 1105 931 ἀλλὰ
1132 877 1228 931 καὶ
1258 877 1558 949 θαυμάσεις
1592 878 1684 931 ἐπὶ
1720 878 1818 949 τῆς

239 970 533 1038 ζητήσεως,
566 986 683 1032 πως
712 969 761 1021 οἱ
796 968 1034 1033 ἀσεόεῖς,
1055 968 1124 1023 τά
1153 969 1331 1041 πλήθη
1360 970 1468 1024 τῶν
1500 970 1643 1041 ὑπὲρ
1678 970 1815 1022 Θεοῦ

241 1061 541 1131 εἰρημένων
571 1061 629 1113 ἐν
653 1063 775 1125 ταῖς
804 1062 1047 1132 Γραφαῖς
1080 1062 1481 1134 παραλιπόντες
1514 1061 1554 1125 ⁸,
1585 1062 1653 1115 τὰ
1694 1064 1815 1116 κατ’

238 1151 397 1204 αὐτοῦ
431 1151 711 1223 είρημένα
744 1152 1196 1225 περιϐλεπόμενοι
1229 1155 1509 1227 χαίροντες
1536 1156 1809 1227 φέρουσιν-

240 1245 329 1298 καὶ
363 1243 540 1308 οὑτως
554 1247 605 1298 oi
632 1246 891 1317 ἀκροαταὶ
905 1245 1121 1315 ἀγνοίας
1136 1248 1305 1319 αἰτίᾳ,
1322 1247 1391 1301 τά
1406 1248 1549 1302 κατά
1565 1249 1658 1302 τοῦ
1679 1249 1812 1303 Θεοῦ

242 1337 647 1401 πιστεύσαντες,
664 1337 764 1408 τῆς
778 1337 940 1392 αὑτοῦ
961 1339 1236 1409 βασιλείας
1264 1340 1555 1412 ἀπόϐλητοι
1583 1342 1601 1372 ⁷
1637 1343 1811 1411 γίνον-

238 1447 338 1483 ται.
366 1430 458 1483 At?)
486 1431 550 1483 σὺ
586 1433 858 1503 προφάσει
884 1432 1232 1505 ὑπερθέσεως
1262 1432 1324 1485 τὸ
1357 1433 1651 1504 μυστήριον
1700 1434 1812 1487 τῶν

238 1524 465 1593 Γραφῶν
503 1523 722 1594 μαθὼν,
760 1524 1023 1596 κερδήσας
1055 1526 1135 1588 εἰς
1158 1524 1290 1578 Θεὸν
1326 1525 1403 1594 μὴ
1453 1524 1807 1596 ἁμαρτάνειν,

236 1616 641 1687 ἀκραόλήτως
665 1618 902 1690 χαρήσῃ.

301 1707 435 1761 XLI.
470 1707 645 1777 Κάγὼ
677 1709 906 1781 Κλήμης
949 1708 1187 1773 ἀκούσας
1218 1708 1382 1781 ἔφην’
1420 1708 1657 1780 Ἀληθῶς
1688 1711 1807 1781 χαί-

1920 793 2197 850 creatore,
2229 786 2477 840 haesitare
2512 800 2623 839 non
2653 786 2819 840 debes
2850 805 2867 840 :
2911 787 3004 841 sed
3035 801 3090 843 et
3120 789 3174 842 in
3214 790 3487 858 discepta-

1917 876 2066 930 tione
2096 877 2402 943 miraberis,
2435 893 2544 947 quo
2574 887 2730 947 pacto
2761 878 2910 949 impii
2942 881 3177 949 plurima
3231 882 3285 935 in
3335 881 3486 937 Scri-

1918 969 2094 1038 pturis
2121 984 2217 1040 pro
2246 969 2357 1024 Deo
2386 971 2528 1025 dicta
2575 971 2919 1041 relinquunt,
2960 982 3013 1027 et
3041 973 3391 1043 respicientes
3414 975 3482 1029 ad

1916 1076 2009 1128 ea,
2040 1077 2160 1131 qua:
2182 1073 2370 1116 contra
2400 1064 2575 1132 ipsum
2609 1064 2809 1133 scripta
2835 1074 2962 1119 sunt
2983 1103 2999 1130 ,
3026 1065 3140 1120 haec
3168 1065 3274 1119 lazti
3304 1069 3482 1135 prole-

1916 1162 2064 1219 runt,
2097 1154 2283 1224 sicque
2308 1156 2585 1209 auditores
2612 1155 2933 1225 ignorantia
2953 1173 3104 1226 ergo,
3139 1173 3261 1227 qua‘.
3291 1165 3480 1211 contra

1917 1243 2086 1299 Deum
2125 1256 2286 1310 sunt,
2314 1247 2599 1302 credentes
2626 1288 2641 1314 ,
2678 1248 2746 1301 ab
2776 1248 2922 1303 illius
2955 1264 3119 1320 regno
3162 1249 3474 1319 ejic-iuntur.

1914 1338 2180 1405 Quocirca
2256 1350 2335 1406 tu,
2386 1341 2676 1395 occasione
2730 1341 3005 1395 dilationis
3073 1340 3477 1410 Scripturarum

1914 1432 2232 1503 mysterium
2259 1434 2495 1499 discens,
2527 1433 2771 1488 lucratus
2804 1449 2909 1488 non
2941 1450 3165 1503 peccare
3197 1434 3251 1488 in
3280 1434 3475 1501 Deum,

1914 1523 2325 1595 incomparabili
2349 1526 2546 1595 gaudio
2571 1525 2841 1581 allicieris.

1977 1704 2114 1760 XLI.
2152 1705 2215 1760 Et
2237 1722 2335 1776 ego
2381 1706 2663 1771 Clemens,
2703 1722 2768 1763 eo
2807 1708 3032 1773 audito,
3077 1708 3187 1762 dixi
3220 1727 3233 1762 :
3267 1706 3475 1764 Revera
3506 1774 3509 1777 _

237 1801 426 1867 ρωκαὶ
480 1799 643 1870 χάριν
699 1800 945 1871 ὁμολογῶ
1001 1801 1081 1871 ’τῷ
1132 1801 1273 1855 κατά
1324 1802 1501 1855 πάντα
1546 1804 1805 1875 εὐεργέτῃ

1911 1799 2138 1867 gaudeo,
2165 1807 2216 1853 et
2236 1799 2440 1868 gratias
2473 1800 2647 1854 habeo
2674 1799 2918 1857 beneﬁce
2970 1816 3192 1869 prorsus
3221 1800 3354 1867 Deo,
3379 1802 3474 1873 qui

230 1892 344 1962 Θεῴ
365 1909 382 1922 ο
413 1892 562 1964 πλὴν
593 1891 757 1955 αὑτὸς
781 1888 917 1945 οἶδεν
935 1892 1015 1946 ότι
1055 1892 1182 1946 ἄλλο
1207 1911 1260 1946 τι
1308 1896 1522 1964 φρονεῖν
1555 1895 1616 1947 οὐ
1646 1893 1805 1965 δυνή-

230 2001 414 2054 σομαι,
451 1984 487 2054 ἢ
517 1984 539 2015 ⁸
569 1982 638 2037 «ea
661 1984 839 2037 πάντα
860 1984 999 2056 ὑπὲρ
1030 1984 1164 2038 Θεοῦ
1196 1989 1429 2057 φρονεῖν.
1456 1985 1615 2039 Ὅθεν
1643 1988 1713 2057 μή
1740 2004 1807 2057 με

229 2075 512 2149 ὑπολάϐῃς
565 2076 643 2140 ὡς
693 2075 1101 2146 ἀμφιϐάλλοντα
1145 2057 1398 2141 τοῖςὺπδ
1455 2077 1590 2132 Θεοῦ
1629 2078 1809 2149 ῥηθεῖ-

233 2185 312 2221 σιν
340 2168 361 2199 ’
391 2167 427 2240 ἢ
474 2167 570 2221 καὶ
620 2167 1013 2240 ῥηθησομένοις
1065 2169 1110 2201 ¹⁶
1142 2169 1536 2234 πυνθάνεσθαι,
1581 2169 1693 2222 ἀλλ’
1725 2170 1808 2223 ἵνα

233 2261 416 2330 μαθὼν
446 2263 543 2315 καὶ
574 2262 736 2325 αὑτὸς
765 2262 922 2316 ἄλλον
948 2263 1302 2334 εὐγνωμόνως
1334 2264 1373 2293 ¹¹
1404 2264 1594 2332 μαθεῖν
1627 2262 1806 2315 θέλον-

228 2372 295 2407 τα
326 2356 541 2422 διδάξαι
575 2355 804 2428 δυνηθῶ.
836 2355 926 2410 Διὸ
960 2356 1083 2426 λέγε
1109 2374 1219 2426 μοι,
1254 2357 1372 2409 τίνα
1400 2356 1517 2409 ἐστὶ
1544 2356 1611 2408 τὰ
1643 2373 1809 2425 προσ-

230 2448 457 2519 κείμενα
493 2449 536 2479 ¹⁸
568 2447 734 2520 ψευδῆ
765 2450 884 2512 ταῖς
931 2449 1173 2521 Γραφαῖς
1214 2450 1307 2503 καὶ
1339 2448 1457 2512 πῶς
1477 2488 1492 2512 ,
1522 2449 1604 2501 ὅτι
1636 2449 1808 2511 ὅντως

229 2541 395 2611 ψευδῆ
447 2540 728 2611 τυγχάνει.
778 2541 891 2595 Καὶ
919 2541 949 2594 ό
990 2542 1193 2614 Πέτρος
1225 2540 1583 2613 ἀπεκρίνατο⁶
1621 2542 1730 2595 Καὶ
1760 2543 1807 2594 εί

234 2636 305 2704 μή
330 2652 431 2705 μου
468 2634 695 2697 ἐπύθου,
728 2633 839 2704 ἐγὼ
966 2636 1116 2702 τάξει
1148 2635 1305 2701 ἐξιὼν
1328 2635 1437 2688 τῶν
1466 2634 1636 2702 λόγων
1669 2652 1811 2705 παρ-

230 2729 373 2796 εῖχον
408 2728 510 2799 τὴν
546 2726 839 2793 ἀπόδειξιν,
872 2727 939 2798 ἢν
981 2726 1315 2798 ὑπεσχόμην.
1352 2727 1499 2799 Πλὴν
1537 2727 1764 2780 ἄκουσον
1787 2766 1805 2789 ,

234 2818 348 2882 πῶς
376 2819 547 2873 αὑτοῦ
579 2818 746 2873 πολλά
766 2819 1188 2890 καταψεύδονται
1210 2819 1267 2873 αἱ
1299 2818 1509 2892 Γραφαὶ
1533 2857 1547 2882 ,
1578 2820 1653 2883 ὡς
1684 2818 1807 2893 εἴσῃ

234 2912 579 2981 ἐντυγχάνων
610 2912 822 2975 αὑταῖς.

297 3003 467 3058 XLII.
502 3004 955 3077 Παραδείγματος
991 3004 1047 3057 δὲ
1079 3003 1263 3058 ἕνεκεν
1293 3005 1336 3036 ⁸³
1356 3004 1424 3058 τά
1463 3004 1805 3077 ῥηθησόμενα

236 3096 524 3169 αὑτάρκως
553 3098 685 3163 ἕξει.
710 3098 823 3151 Οὑκ
845 3098 949 3167 72
982 3090 1132 3167 οἶμαι
1164 3097 1240 3160 δὲ,
1262 3088 1305 3150 ὧ
1338 3096 1458 3165 φίλε
1486 3097 1735 3169 Κλήμης,
1757 3097 1805 3149 εί

1908 1891 2069 1945 etiam
2104 1890 2207 1947 scit
2266 1907 2351 1946 me
2375 1890 2525 1946 aliud
2570 1892 2771 1946 sentire
2802 1908 2908 1945 non
2938 1908 3117 1962 posse,
3153 1893 3258 1947 nisi
3281 1904 3476 1949 cuncta

1908 2000 2007 2055 pro
2030 2000 2115 2038 eo.
2148 1983 2417 2050 Quocirca
2446 2001 2513 2039 ne
2536 1986 2748 2051 credas,
2781 2000 2902 2049 me,
2942 1986 3099 2054 quasi
3137 1986 3201 2040 de
3229 1984 3324 2040 Dei
3353 2002 3477 2041 ver-

1908 2077 1993 2132 bis
2021 2078 2106 2132 veI
2129 2078 2195 2132 de
2225 2078 2292 2133 iis
2310 2093 2431 2147 qua:
2457 2078 2704 2133 dicturus
2732 2093 2791 2133 es
2808 2078 3069 2145 dubitem,
3102 2080 3473 2153 interrogare;

1910 2171 2004 2225 sed
2034 2180 2094 2224 ut
2124 2171 2392 2225 audiendo
2415 2172 2529 2240 ipse
2549 2186 2767 2241 quoque
2815 2171 2984 2226 alium
3023 2173 3255 2229 candide
3284 2175 3477 2230 audire

1908 2262 2309 2317 desiderantem
2359 2265 2556 2318 docere
2602 2266 2829 2319 valeam.
2864 2266 3072 2320 Idcirco
3093 2281 3305 2335 expone
3338 2268 3475 2322 mihi

1908 2371 2158 2425 quaenam
2201 2357 2308 2411 sint
2336 2357 2616 2412 mendacia
2650 2357 2702 2410 in
2754 2356 3053 2426 Scripturis
3080 2359 3386 2425 exstantia,
3423 2372 3477 2416 et

1908 2464 2018 2517 quo
2048 2449 2211 2504 modo
2239 2463 2365 2502 vere
2394 2448 2675 2503 mendacia
2692 2450 2819 2504 sint.
2843 2451 2920 2504 Ac
2936 2448 3129 2505 Petrus
3161 2453 3473 2522 respondit:

1909 2542 2060 2598 Licet
2101 2556 2187 2596 me
2239 2556 2346 2595 non
2382 2544 2808 2611 interrogasses,
2848 2556 2950 2609 ego
2985 2543 3232 2597 ordinem
3284 2559 3476 2615 prose-

1907 2650 2083 2704 quens
2133 2648 2444 2689 sermonum
2491 2632 2863 2687 exhibuissem
2904 2633 3475 2702 demonstrationem,

1906 2742 2071 2797 quam
2104 2727 2484 2796 promiseram.
2520 2724 2688 2795 Igitur
2714 2724 2863 2790 audi,
2891 2740 3001 2795 quo
3031 2740 3187 2796 paeto
3219 2728 3390 2784 multa
3418 2730 3475 2784 in

1908 2818 2076 2873 Deum
2129 2819 2460 2873 mentiantur
2506 2816 2841 2887 Scriptum,
2890 2821 3348 2888 quemadmodum
3380 2837 3474 2877 eas

1906 2912 2137 2983 legendo
2167 2912 2458 2981 intelliges.

1978 3004 2138 3058 XLII.
2166 3003 2410 3073 Exempli
2442 3013 2622 3056 autem
2652 3004 2824 3073 gratia
2844 3042 2861 3069 ,
2892 3018 3014 3073 quae
3036 3003 3316 3071 dicentur,
3356 3006 3473 3061 suf-

1910 3097 2109 3151 Iicieut.
2152 3095 2218 3149 Et
2266 3111 2424 3161 vero,
2479 3097 2653 3149 amice
2684 3095 2931 3150 Clemens
2954 3136 2972 3161 ,
3006 3097 3190 3151 nescio
3216 3112 3284 3151 an
3319 3098 3473 3168 quis-

234 3190 526 3261 δυνήσεταί
571 3208 676 3253 τις,
720 3190 823 3246 κάν
871 3188 1129 3261 βραχεῖάν
1159 3206 1279 3242 τινα
1311 3187 1446 3260 πρὸς
1480 3188 1612 3243 Θεὸν
1646 3206 1804 3260 στορ-

1909 3205 2094 3261 quam,
2122 3190 2216 3260 qui
2257 3190 2341 3243 vel
2396 3191 2648 3258 exiguam
2681 3204 2809 3260 erga
2846 3187 3016 3243 Deum
3070 3190 3390 3246 cbaritatem
3417 3202 3475 3247 et

232 3284 333 3353 γὴν
369 3284 467 3337 καὶ
513 3282 935 3353 εὐγνωμοσύνην
978 3281 1299 3347 ἀποσώζων,
1334 3281 1738 3354 παραδέξασθαι
1768 3281 1801 3354 ἢ

233 3377 332 3429 κάν
359 3376 595 3430 ἀκοῦσαι
623 3376 693 3429 τά
717 3377 834 3429 κατ’
863 3375 1026 3429 αὑτοῦ
1069 3374 1357 3446 λεγόμενα.
1398 3374 1521 3439 Πῶς
1565 3375 1621 3428 δὲ
1661 3375 1804 3428 ἔστιν

234 3469 391 3523 αὐτόν
447 3487 569 3522 τινα
625 3469 959 3539 μοναρχικὴν
1001 3467 1177 3539 ψυχὴν
1208 3466 1350 3538 ἔχειν
1384 3466 1497 3539 (55)
1540 3467 1634 3521 καὶ
1661 3468 1804 3520 ὅσιον

232 3561 515 3628 γενέσθαι,
565 3560 935 3633 προειληφότα
983 3560 1065 3613 ὅτι
1092 3558 1274 3613 πολλοί
1305 3559 1409 3613 εἰσι
1443 3558 1554 3612 θεοὶ
1586 3561 1678 3613 καὶ
1708 3559 1804 3630 οὑχ

234 3647 349 3717 εἷς;
382 3655 446 3707 Ei.
466 3652 524 3707 δὲ
554 3654 650 3707 καὶ
690 3648 803 3715 εἷς,
830 3653 886 3705 ὲν
923 3650 1134 3715 πολλοῖς
1164 3650 1506 3723 ἀτοπήμασιν
1538 3652 1804 3723 εὑρίσκων

235 3744 413 3809 αὑτὸν,
467 3745 559 3808 τίς
612 3744 755 3808 ὅσιος
794 3743 840 3775 ’⁸
885 3742 1172 3797 σπουδάσει
1219 3743 1491 3812 γενέσθαι,
1543 3743 1643 3813 τὴν
1695 3743 1802 3796 τῶν

234 3836 367 3889 am
397 3836 578 3908 ἀρχὴν
617 3835 708 3890 διά
737 3834 805 3889 τὰ
838 3835 945 3889 ἴδια
971 3835 1069 3906 τῆς
1092 3834 1305 3905 φύσεως
1327 3835 1683 3907 ’ἀτοπήματα,
1716 3835 1803 3887 ἑλ-

234 3928 394 3992 πίσας
425 3930 505 4000 μὴ
530 3927 862 3999 ἐπέρχεσθαι
892 3927 961 3980 τά
992 3927 1167 3980 ἀλλων
1197 3927 1539 3998 ἀδικήματα;

304 4123 486 4179 XLIII.
519 4126 614 4179 Διὸ
643 4123 807 4196 ἀπείη
833 4125 876 4157 ⁸⁸
896 4124 1190 4189 πιστεύειν,
1225 4124 1356 4177 δτιό
1380 4122 1488 4176 τῶν
1510 4123 1648 4176 ὅλων
1705 4122 1802 4173 Δε-

238 4217 458 4289 σπότης,
499 4217 560 4281 ὃς
593 4216 819 4290 οὑρανδν
847 4217 1027 4271 ἔκτισε
1055 4218 1150 4271 καὶ
1183 4216 1285 4286 γῆν
1304 4215 1401 4269 τεαὶ
1442 4214 1619 4267 πάντα
1645 4212 1714 4267 τά
1745 4214 1802 4265 ὲν

237 4309 439 4373 αὐτοῖς,
470 4308 679 4381 ὲτὲροις
713 4308 988 4381 συνάρχει,
1011 4309 1045 4380 ἢ
1075 4310 1156 4362 ὅτι
1182 4308 1451 4379 ψεύδεται·
1477 4306 1526 4359 εἰ
1553 4305 1661 4377 γάρ
1680 4304 1803 4375 ψεύ-

234 4400 401 4462 δεται,
436 4402 529 4455 καὶ
560 4401 645 4465 τίς
677 4400 964 4473 ἀληθεύει;
997 4400 1029 4472 ἢ
1063 4401 1145 4454 ὅτι
1186 4398 1433 4470 πειράζει
1464 4398 1539 4461 ὡς
1571 4396 1800 4466 ἀγνοῶν,

240 4494 331 4545 καὶ
357 4492 442 4556 τίς
477 4490 866 4564 προγινώσκεις
924 4493 986 4545 Ei
1033 4492 1089 4545 δὲ
1133 4490 1447 4561 ἐνθυμεῖται
1486 4489 1580 4543 καὶ
1633 4506 1799 4559 μετα-

240 4586 476 4652 μελεῖται
500 4586 544 4616 ¹⁶
568 4624 584 4648 ,
620 4587 714 4639 καὶ
745 4585 828 4649 τίς
853 4584 929 4657 νῷ
958 4585 1161 4649 τέλειος
1192 4585 1286 4638 καὶ
1318 4581 1511 4655 γνώμῃ
1526 4582 1757 4652 ἐμμονος
1780 4599 1795 4646 ;

240 4668 300 4727 Ei
326 4677 380 4730 δὲ
411 4677 589 4747 ζηλοῖ,
645 4678 740 4735 καὶ
785 4678 870 4741 τίς
922 4678 1280 4748 ἀσύγκριτοςς
1326 4676 1389 4728 Et
1420 4674 1476 4727 δὲ
1510 4673 1797 4746 σκληρύνει

237 4770 482 4839 καρδίας,
514 4770 611 4824 καὶ
635 4771 719 4833 τίς
752 4771 1000 4840 σοφίζεις
1033 4770 1095 4823 EI
1126 4770 1183 4823 δὲ
1225 4768 1415 4837 τυφλοῖ
1446 4767 1540 4820 καὶ
1586 4768 1760 4835 κωφοῖ
1781 4806 1795 4828 ,

230 4864 333 4917 καὶ
356 4866 438 4927 τίς
466 4866 697 4919 δέδωκεν
730 4865 860 4935 όρᾷν
892 4862 986 4916 καὶ
1012 4861 1263 4927 άκοὺειν;
1302 4861 1363 4913 Εί
1392 4860 1449 4912 δὲ
1477 4860 1795 4929 ἀποστερεῖν

237 4955 609 5024 συμῦουλεύει,
657 4955 751 5008 καὶ
797 4955 878 5017 τίς
908 4953 1245 5023 δικαιοσύνην
1270 4951 1609 5022 νομιστεὺει;
1644 4951 1706 5003 Ei
1737 4949 1795 5002 δὲ

236 5046 509 5116 ἐμπαίζει,
541 5047 637 5100 καὶ
664 5047 748 5109 τίς
777 5045 1101 5117 εἰλικρινής;
1140 5045 1202 5097 Εἰ
1222 5043 1279 5096 δὲ
1299 5042 1576 5104 ἀδυνατεῖ,
1597 5040 1691 5095 καὶ
1712 5039 1796 5102 τίς

1905 3283 2340 3339 benevolentiam
2367 3291 2674 3348 conservet,
2699 3282 2898 3353 poterit
2927 3282 3169 3352 recipere
3193 3283 3277 3338 vel
3305 3283 3469 3338 etiam

1902 3378 2094 3434 audire
2118 3393 2241 3448 qua
2265 3386 2455 3432 contra
2483 3392 2607 3430 cum
2639 3376 2917 3431 dicuntur.
2940 3375 3057 3441 Qua
3076 3375 3225 3431 enim
3261 3377 3471 3432 ratione

1905 3471 1953 3526 is
1982 3471 2125 3525 idem
2167 3469 2406 3525 animam
2435 3469 2838 3524 monarchicam
2872 3469 3073 3523 habeat
3098 3478 3152 3524 et
3174 3478 3360 3525 sancte
3388 3469 3469 3523 vi-

1905 3574 2015 3628 vat,
2056 3563 2151 3633 qui
2184 3572 2270 3618 est
2305 3571 2611 3632 praeventus
2634 3561 2907 3630 Opinione,
2935 3561 3135 3616 multos
3167 3576 3288 3615 esse
3313 3562 3465 3626 deos,

1905 3672 2010 3710 non
2038 3672 2205 3710 unum
2222 3655 2244 3708 ?
2259 3656 2353 3710 Vel
2374 3656 2420 3709 si
2447 3671 2589 3709 unus
2613 3662 2718 3721 est,
2740 3669 2863 3709 eum
2882 3653 2935 3707 in
2961 3653 3146 3708 multis
3168 3653 3469 3710 defectibus

1907 3749 2188 3804 inveniens
2237 3749 2362 3817 quis
2404 3748 2606 3802 nitetur
2634 3761 2758 3803 esse
2787 3755 3047 3811 sanctus,
3087 3747 3309 3816 quando
3339 3748 3466 3817 qui-

1904 3840 2025 3894 dem
2057 3840 2338 3909 sperabit,
2383 3839 2628 3893 omnium
2660 3837 2985 3907 principium
3032 3836 3204 3892 Deum
3245 3850 3467 3909 propter

1904 3941 2113 3987 natura:
2151 3946 2267 3987 sua:
2309 3931 2440 3986 vitia
2466 3970 2483 3997 ,
2523 3945 2632 3985 non
2667 3909 2965 4003 vindictam
3004 3939 3354 4000 sumpturum
3402 3934 3469 3987 de

1900 4023 2133 4079 aliorum
2156 4024 2405 4079 delictis?

1972 4112 2152 4167 XLIII.
2205 4113 2386 4179 Quare
2428 4112 2594 4177 absit,
2637 4119 2698 4165 ut
2726 4111 3002 4180 credatur,
3038 4113 3186 4185 quod
3214 4116 3464 4171 omnium

1903 4223 2084 4263 rerum
2116 4206 2400 4272 Dominus,
2431 4203 2523 4274 qui
2562 4204 2762 4259 coelum
2806 4219 2872 4260 ac
2914 4215 3117 4261 terram
3163 4208 3464 4277 omniaque

1904 4300 2010 4354 illis
2044 4306 2299 4353 contenta
2330 4296 2600 4361 condidit,
2626 4310 2749 4349 cum
2773 4295 2896 4352 aliis
2926 4296 3175 4367 imperet,
3194 4307 3295 4353 aut
3316 4301 3463 4369 quod

1903 4390 2234 4446 mentiatur:
2264 4404 2389 4442 nam
2424 4388 2469 4442 si
2492 4387 2774 4453 mentitur,
2800 4387 2925 4456 quis
2952 4403 3144 4443 verum
3173 4390 3343 4446 dicit?
3369 4401 3465 4447 aut

1904 4482 2048 4553 quod
2066 4488 2263 4543 tentet,
2294 4478 2452 4549 quasi
2485 4478 2782 4548 ignorans:
2817 4479 2940 4548 quis
2969 4480 3115 4535 enim
3144 4496 3462 4552 prtecogno-

1902 4576 2051 4633 seet?
2078 4573 2134 4629 Si
2160 4583 2339 4629 autem
2356 4572 2688 4635 considerat,
2704 4582 2758 4626 et
2778 4572 3097 4640 paenitentia
3120 4573 3360 4641 ducitur,
3378 4591 3464 4631 ec-

1898 4671 2023 4741 quis
2072 4677 2250 4723 mente
2306 4665 2575 4737 perl’ectus
2622 4673 2789 4734 atque
2829 4664 3062 4720 consilio
3104 4666 3356 4722 stabilis?
3399 4667 3459 4722 Si

1900 4759 2210 4823 tumulatur,
2242 4757 2365 4828 quis
2390 4754 2869 4825 incomparabilis?
2906 4754 2965 4811 Si
3013 4756 3233 4811 indurat
3267 4757 3457 4823 corda,

1900 4854 2023 4922 quis
2039 4852 2251 4907 erudit?
2272 4848 2326 4904 Si
2349 4848 2643 4905 caecitatem
2670 4856 2723 4901 et
2750 4847 3067 4903 surditatem
3078 4847 3314 4913 inducit,
3337 4848 3459 4917 quis

1899 4946 2048 4999 dedit
2076 4943 2251 4999 visum
2285 4951 2340 4997 et
2384 4939 2670 4995 auditum?
2712 4938 2771 4993 Si
2802 4938 3059 4994 fraudare
3093 4940 3306 5005 suadet,
3333 4940 3459 5009 quis

1898 5036 2165 5107 justitiam
2194 5032 2569 5090 administrat?
2604 5031 2661 5087 Si
2688 5032 2883 5097 illudit,
2905 5031 3030 5102 quis
3057 5039 3142 5087 est
3167 5031 3459 5087 sincerus?

1494 5153 1730 5210 VARIA'J
1796 5149 2197 5206 LECTIONES.

309 5255 511 5326 δτῄνβ.
592 5253 761 5326 ΨΘεοὺ
782 5253 1010 5326 ascripsi
1026 5269 1091 5309 ex
1112 5252 1175 5309 0.
1252 5253 1713 5326 ’.παραλείποντες
1728 5248 1794 5326 (ξ1
1822 5243 2264 5326 jamsxnmcn.
2341 5244 2414 5326 ’.ᾖ
2443 5242 2613 5326 om.0
2642 5283 2656 5308 ,
2674 5244 2780 5326 qui
2795 5241 2991 5326 deinde

320 5260 440 5325 ’τήν
452 5260 511 5308 ο.
592 5260 761 5309 ’Θεοῦ
782 5260 1010 5323 ascripsi
1026 5269 1091 5309 ex
1112 5260 1175 5309 0.
1252 5260 1713 5326 ’παραλείποντες
1728 5260 1790 5303 u.
1856 5260 1870 5278 ⁷
1897 5260 2264 5317 αποολητοιυ.
2342 5260 2414 5316 οη
2443 5260 2613 5301 om.U
2642 5283 2656 5308 ,
2674 5260 2769 5315 qut
2795 5260 2991 5299 deinde
3013 5260 3237 5366 ἒρονων.

320 5342 395 5377 σιν
422 5325 483 5379 C.
519 5325 623 5378 ὑπὸ
662 5325 756 5378 σοῦ
789 5324 1025 5397 ῥηθεῖσιν
1046 5323 1390 5378 scribendum
1419 5320 1675 5403 censetD.
1754 5319 1797 5350 "’
1813 5314 2287 5398 ῥηθησομένωνο.
2366 5315 2713 5398 ξιγνωμόνως
2744 5315 2805 5370 0.
2841 5312 2987 5368 Idem
3049 5311 3237 5436 υνηθξ.

342 5404 390 5436 Μ
433 5395 471 5436 S
524 5411 588 5436 ρτ
617 5397 872 5436 ρηιιίρρῐη
907 5394 1235 5436 πηηιιςίηρνσ
1269 5394 1328 5436 (ἷῄ
1361 5392 1490 5436 Ρηεί
1520 5409 1635 5436 πως
1660 5390 1697 5436 S
1732 5389 2022 5436 crediderit
2046 5386 2247 5436 aliquid
2272 5385 2559 5436 excidisse.
2582 5386 2730 5436 velut
2756 5385 2844 5436 ἵνα
2883 5382 3058 5436 μάθω.
3159 5383 3179 5413 ³
3224 5401 3237 5435 I

342 5404 394 5448 et
433 5395 471 5448 S
524 5411 591 5448 ex
617 5382 876 5464 conject;
907 5394 1239 5465 προκείμενα
1269 5394 1335 5465 C.
1361 5392 1491 5448 Post
1520 5391 1635 5455 πῶς
1732 5382 2559 5465 credideritﬁliquid‘ex‘cidisse‘,
2582 5385 2844 5465 velut.ng
3136 5382 3179 5413 “

3057 5258 3241 5365 ε’εέῒί
3315 5241 3453 5365 aii.

3224 5396 3353 5435 νεκα
3386 5386 3447 5433 υ.

236 5464 280 5495 ⁸³
300 5466 459 5519 αὑτὸν
483 5466 585 5529 τίς,
612 5452 883 5537 οὐχ’δσιος
906 5452 965 5518 υξ
984 5452 1121 5519 Tum
1155 5464 1435 5533 legendum
1468 5452 1886 5522 essetaut-ova
1904 5475 1984 5520 τις
2016 5452 2177 5520 ὅσιος.
2251 5456 2297 5486 ¹⁸
2318 5456 2468 5509 Διδεί
2490 5456 2588 5525 μὲν
2616 5455 2782 5527 ἀπείη
2797 5456 2856 5510 0.
2884 5452 2893 5454 ἡ
2937 5452 2981 5484 ¹⁶
2995 5452 3351 5523 μεταμέλεται
3384 5455 3447 5504 U.

1529 5570 1891 5628 VARIOIIUM
1913 5569 2159 5627 NOTAE.

304 5675 411 5757 (55)
447 5673 855 5757 Morappxhr‘
884 5672 1325 5757 thr.§.zel‘r.
1366 5668 1785 5757 ‘Monarchicum
1890 5664 2005 5757 [vei
2026 5665 2117 5735 qui
2157 5664 2487 5721 monarchize
2534 5672 2587 5718 et
2642 5662 2801 5719 unius
2855 5658 3184 5731 principatui
3244 5657 3445 5717 faveat.

235 5740 471 5802 animum
490 5740 747 5814 appellat,
774 5743 857 5798 vel
883 5740 1005 5797 eum
1032 5742 1123 5810 qui
1146 5743 1451 5797 dominetur
1482 5740 1534 5793 in
1565 5753 1782 5806 corpus,

507 5842 785 5902 ΡΔτιιοι.
823 5836 939 5896 Gn.
974 5837 1045 5895 II.

1893 5735 2027 5789 Cor.

3211 5824 3253 5881 ι
