4068 6338
592 316 699 373 107

1400 313 1454 367 S.
1493 311 1877 368 CLEMENTIS
1910 312 1927 366 I
1969 312 2135 369 ROM.
2174 314 2373 373 PONT.
2412 313 2633 370 OPERA
2675 313 2900 369 DUBIA.

3714 313 3816 368 168

590 435 649 488 Si
675 432 941 487 invalidus
972 438 1053 485 est
1077 471 1090 496 ,
1120 430 1243 499 quis
1270 439 1352 483 est
1380 429 1753 498 onmipotcns?
1799 428 1855 482 Si
1914 429 2136 497 injustus

2250 432 2423 485 πάντα
2452 431 2706 493 δύναται;
2734 431 2796 482 Εἰ
2829 429 2885 481 δὲ
2932 428 3122 491 ἀδικεῖ,
3156 428 3250 482 καὶ
3280 429 3362 492 τίς
3398 428 3640 496 δίκαιος;
3669 430 3732 484 Εἰ
3761 432 3819 486 δὲ

590 538 672 580 est
694 567 709 593 ,
734 526 859 596 quis
886 523 1101 593 justus?
1134 522 1193 575 Si
1224 522 1365 574 mala
1392 529 1539 576 creat
1565 562 1579 587 ,
1608 521 1731 588 quis
1762 521 1903 575 bona
1950 519 2145 575 l‘aciet?

591 620 645 671 Si
671 617 809 672 mala
834 615 984 680 facit,
1013 615 1136 683 quis
1160 612 1341 667 bona?

655 705 841 761 XLIV.
876 706 934 759 Si
956 719 1085 758 vero
1117 710 1354 756 montem
1406 702 1657 771 pinguem
1698 702 1925 771 appetit,
1963 703 2145 769 cujus-

586 816 711 854 nant
744 806 906 853 erunt
927 796 1161 851 cuncta?
1184 794 1242 848 Si
1275 796 1533 849 mentitur
1555 838 1568 861 ,
1595 794 1718 863 quis
1746 809 1914 848 verax
1936 794 2054 849 est?
2089 788 2144 847 Si

586 895 639 945 in
672 888 1024 946 tabernaculo
1054 885 1261 939 habitat
1289 926 1304 952 ,
1330 885 1455 954 quis
1486 884 1821 939 immensus?
1850 883 1907 937 Si
1936 884 2146 939 deside-

584 996 669 1040 rat
701 985 943 1038 nidorem
966 1022 981 1047 ,
1041 981 1309 1036 sacriﬁcia
1334 1022 1348 1046 ,
1407 979 1658 1034 victimas
1703 987 1759 1032 et
1813 979 2101 1034 libationes
2129 1018 2143 1041 ,

585 1079 708 1147 quis
751 1076 954 1130 nullius
1001 1074 1283 1145 indigens,
1342 1072 1465 1142 quis
1517 1080 1768 1135 sanctus,
1802 1072 1927 1141 quis
1954 1086 2143 1141 purus,

581 1170 706 1238 quis
735 1167 1041 1237 perfectus?
1067 1164 1122 1219 Si
1154 1164 1453 1218 luminibus
1477 1178 1542 1216 ac
1568 1161 1803 1216 lucernis
1825 1162 2143 1228 delectatur,

581 1261 704 1330 quis
737 1258 1021 1312 luminaria
1051 1257 1104 1310 in
1137 1257 1274 1311 caalo
1311 1255 1627 1310 constituit?
1659 1253 1715 1308 Si
1741 1255 1796 1308 in
1825 1255 2054 1325 caligine
2081 1269 2144 1310 ac

576 1352 818 1406 tenebris
845 1358 898 1405 et
922 1349 1159 1420 procella
1183 1358 1343 1419 atque
1372 1348 1526 1404 fumo
1565 1360 1835 1416 versatur,
1867 1351 1989 1419 quis
2020 1359 2143 1405 tan-

579 1460 741 1515 quam
775 1444 955 1497 lumen
1010 1442 1309 1497 maximum
1361 1457 1536 1496 :evum
1588 1441 1894 1495 illuminat?
1924 1441 1979 1495 Si
2018 1458 2141 1497 cum

582 1538 726 1592 tubis
755 1546 809 1592 et
837 1535 1319 1591 vociferationibus
1344 1543 1398 1589 et
1436 1534 1633 1604 jaculis
1665 1545 1717 1589 et
1746 1536 1955 1605 sagittis
1984 1537 2145 1590 adve—

579 1631 679 1695 nit,
731 1630 855 1700 quis
890 1638 974 1684 est
1006 1628 1249 1683 omnium
1296 1636 1607 1697 exspectata
1654 1627 2055 1697 tranquillitas?
2087 1626 2143 1681 Si

577 1724 695 1792 ipse
720 1722 859 1776 bella
880 1722 1073 1791 diligit,
1098 1721 1220 1791 quis
1245 1737 1433 1790 pacem
1459 1719 1681 1775 vult?Si
1711 1721 1851 1773 mala
1879 1721 1993 1789 ipse
2013 1736 2143 1776 con—

2249 524 2389 576 κακὰ
2414 523 2605 586 κτίζει,
2633 522 2726 575 καὶ
2754 523 2838 584 τίς
2870 521 3048 590 ἀγαθά
3084 519 3311 591 πράξεις
3346 522 3409 573 Εἰ
3436 521 3491 573 δὲ
3527 523 3621 575 καὶ
3650 525 3690 553 "’
3716 541 3817 576 κα-

2248 616 2317 669 κά
2355 619 2514 679 ποιεῖ,
2540 615 2731 677 καίτίς
2761 613 2977 683 ἀγαοά;

2317 706 2501 762 XLIV.
2531 709 2593 759 Εἰ
2625 707 2681 760 δὲ
2711 706 2781 763 τὸ,
2815 709 2936 759 πῖον
2979 706 3103 775 ὅρος
3134 704 3425 775 ἐπιθυμεῖ,
3449 705 3542 758 καὶ
3576 705 3720 768 τίνος
3750 704 3819 759 τά

2248 800 2453 864 πάντα;
2494 801 2555 852 Εἰ
2587 799 2860 869 ψεύδεται,
2912 798 3005 850 καί⁵
3036 797 3119 860 τίς
3140 796 3426 867 ἀληθεύει;
3462 797 3525 848 Εἰ
3557 797 3613 848 ὲν
3643 799 3816 868 σκηνῇ

2246 894 2401 956 οἰκεῖ,
2456 894 2549 945 καὶ
2578 892 2662 955 τίς
2694 890 2974 962 ἀχώρητος
2998 906 3011 956 ;
3035 891 3099 942 Εἰ
3130 890 3185 943 δὲ
3226 889 3476 961 ὀρέγεται
3524 889 3628 959 73
3667 888 3821 941 κνίσ-

2249 1001 2346 1054 σης
2368 986 2410 1017 ³⁸
2440 985 2532 1037 καὶ
2578 983 2775 1036 θυσιῶν
2801 984 2893 1037 καί⁵
2924 982 3178 1053 θυμάτων
3218 981 3312 1034 καὶ
3353 981 3686 1053 προχύσεων,
3725 980 3817 1033 καὶ

2243 1076 2326 1138 τίς
2351 1076 2655 1147 ἀπροσδεὴς
2688 1076 2780 1128 καὶ
2805 1076 2888 1138 τίς
2922 1074 3073 1142 ἅγιος
3096 1074 3189 1127 καὶ
3217 1072 3301 1136 τίς
3335 1072 3577 1143 καθαρὸς
3608 1073 3701 1125 καὶ
3735 1071 3820 1134 τίς

2244 1168 2481 1233 τέλειος;
2517 1169 2579 1220 Εἰ
2627 1168 2840 1237 λύχνοις
2875 1168 2967 1219 καὶ
3012 1166 3255 1236 λυχνίαις
3288 1167 3580 1237 τέρπεται,
3614 1164 3706 1218 καί⁵
3734 1163 3817 1227 τίς
3890 1192 3897 1199 -

2242 1262 2371 1324 τοὺς
2404 1260 2693 1331 φωστῆρας
2737 1258 2921 1325 ἔταξεν
2951 1260 3005 1310 ὲν
3036 1258 3282 1329 οὐρανῷ;
3323 1259 3386 1310 Εἰ
3418 1259 3474 1311 ὲν
3506 1258 3689 1328 γνόφῳ
3722 1257 3819 1310 καὶ

2248 1352 2421 1421 σκότῳ
2464 1352 2557 1404 καὶ
2585 1350 2779 1424 θυέλλῃ
2813 1351 2907 1404 καὶ
2939 1349 3130 1420 καπνῷ
3159 1349 3424 1413 σύνεστιν,
3461 1350 3555 1403 καὶ
3585 1350 3668 1413 τίς
3699 1349 3818 1418 φῶς

2245 1442 2318 1495 ὢν
2355 1443 2575 1512 φωτίζει
2602 1444 2692 1496 τὸν
2735 1444 2990 1514 μέγιστον
3027 1442 3229 1507 αἰῶνα;
3263 1442 3327 1493 Εἰ
3374 1440 3461 1494 διὰ
3501 1441 3821 1509 σαλπίγγων

2246 1537 2338 1589 καὶ
2369 1536 2695 1608 ἀλαλαγμῶν
2722 1537 2765 1569 ⁸⁸
2789 1538 2882 1589 καὶ
2913 1535 3132 1606 βολίδων
3150 1535 3241 1588 καὶ
3273 1532 3614 1603 τοξευμάτων
3643 1552 3819 1605 προσ-

2245 1627 2481 1699 έρχεται,
2540 1630 2630 1681 καὶ
2660 1628 2741 1691 τίς
2773 1630 2805 1699 ἡ
2828 1628 2934 1680 τῶν
2962 1627 3097 1681 ὅλων
3120 1626 3477 1698 προσδόκιμος
3500 1624 3740 1697 γαλήνη;
3766 1629 3819 1679 εί

2246 1719 2513 1789 πολέμους
2535 1721 2697 1785 αὐτὸς
2717 1722 2924 1792 ἀγαπᾷ,
2962 1721 3056 1773 καὶ
3086 1720 3170 1783 τίς
3198 1721 3418 1791 εἰρήνην
3446 1717 3583 1770 θέλει
3606 1735 3621 1783 ;
3658 1719 3706 1771 εἰ
3746 1719 3821 1773 τὰ

576 1816 674 1881 dit,
708 1816 832 1884 quis
860 1812 992 1867 facit
1019 1814 1194 1868 bona?
1218 1812 1275 1867 Si
1303 1813 1474 1867 durus
1506 1813 1651 1883 ipse,
1683 1813 1806 1882 quis
1841 1814 2136 1868 humanus?

2245 1780 2393 1863 κακά
2418 1780 2577 1875 αὐτὸς
2600 1780 2793 1877 κτίζει,
2817 1780 3009 1876 καὶγτίς
3042 1780 3219 1881 ἀγαθά
3250 1780 3567 1884 δημιουργεί
3590 1780 3616 1878 ;v
3636 1814 3697 1865 Εἰ
3726 1812 3825 1867 αὐ·-

578 1906 633 1959 Si
664 1906 834 1959 ﬁdelis
857 1922 963 1959 non
995 1914 1079 1960 est
1104 1905 1157 1958 in
1188 1904 1496 1974 promissis,
1522 1905 1608 1957 cui
1634 1904 1921 1958 credetur?
1945 1903 2000 1957 Si
2029 1921 2144 1959 ma-

574 2000 658 2054 los
688 2008 834 2052 amat
866 2008 921 2053 et
955 1999 1231 2052 adulteros
1256 2006 1309 2051 et
1334 1996 1652 2063 homicidas,
1685 1997 1808 2067 quis
1840 1997 2141 2065 eritjustus

573 2091 773 2159 jndcx?
804 2088 859 2142 Si
890 2105 1013 2143 eum
1040 2089 1287 2159 pmnitet,
1320 2087 1444 2157 quis
1486 2097 1568 2141 est
1591 2087 1883 2141 constans?
1906 2087 1962 2141 Si
1991 2088 2143 2142 deni-

578 2199 683 2249 que
714 2181 883 2236 malus
910 2180 1079 2251 eligit,
1110 2179 1363 2249 quisnam
1396 2178 1629 2233 admittit
1654 2179 1865 2232 bonos?

648 2441 808 2496 XLV.
842 2441 1178 2507 Quocirca,o
1207 2438 1281 2493 ﬁli
1303 2436 1576 2501 Clemens,
1602 2435 1785 2490 inhibe
1813 2441 1884 2500 te,
1903 2447 1971 2487 ne
1995 2432 2140 2487 aliud

572 2538 640 2589 de
670 2534 778 2588 Deo
807 2533 1031 2596 sentias,
1061 2547 1227 2600 quam
1284 2530 1429 2600 quod
1455 2530 1570 2599 ipse
1614 2529 1765 2582 solus
1808 2527 1880 2582 sit
1918 2526 2060 2581 Deus
2086 2536 2141 2582 et

574 2628 842 2681 Dominus
874 2635 928 2680 et
954 2632 1109 2695 pater
1138 2624 1316 2678 bonus
1344 2638 1409 2677 ac
1437 2623 1620 2692 justus
1645 2628 1882 2686 creator,
1906 2620 2136 2689 patiens,

571 2721 906 2785 misericors,
930 2719 1187 2783 nutritor,
1220 2716 1519 2780 beneﬁcus,
1543 2712 1898 2768 humanitatis
1922 2712 2139 2779 legisla-

572 2824 677 2881 tor,
728 2813 995 2868 castitatis
1060 2811 1444 2874 consiliarius,
1500 2818 1766 2873 aeternus,
1814 2805 2137 2861 aeternitatis

572 2919 781 2972 auctor,
836 2904 1303 2975 incomparabilis,
1336 2903 1388 2956 in
1423 2902 1691 2956 bonorum
1724 2900 1922 2954 animis
1974 2898 2134 2953 habi-

568 3012 714 3065 tans,
749 3002 1113 3070 imperceptus
1133 3006 1187 3051 et
1216 3005 1523 3066 perceptus,
1550 2994 1644 3064 qui
1676 2994 1730 3048 in
1775 2993 1983 3046 inﬁnito
2019 3007 2136 3045 ma-

570 3110 735 3162 gnum
762 3107 935 3146 aevum
964 3099 1220 3159 tanquam
1245 3096 1490 3143 centrum
1521 3086 1655 3151 ﬁxit,
1692 3086 1784 3155 qui
1814 3084 2012 3139 caelum
2038 3099 2135 3137 ex-

552 3185 758 3254 ‘pandit
778 3193 831 3239 et
860 3193 1057 3237 terram
1088 3180 1377 3249 compegit,
1406 3193 1603 3247 aquam
1632 3176 1954 3243 recondidit,
1983 3184 2130 3230 astra

571 3277 624 3328 in
674 3276 811 3331 coelo
865 3274 1155 3343 disposuit,
1217 3282 1418 3325 terram
1451 3270 1575 3325 fecit
1609 3277 1818 3324 scatere
1865 3266 2130 3332 fontibus,

570 3369 781 3422 fructus
826 3365 1104 3436 produxit,
1142 3372 1356 3419 montes
1410 3364 1464 3417 in
1500 3363 1670 3416 altum
1712 3361 1955 3425 sustulit,
1994 3360 2131 3414 mari

572 3461 833 3515 terminos
877 3458 1045 3521 dedit,
1076 3465 1266 3511 ventos
1294 3471 1359 3511 ac
1406 3454 1566 3509 ﬂatus
1593 3452 1898 3515 ordinavit;
1930 3449 2134 3520 quique

558 3552 785 3620 corpori
814 3549 1075 3603 ambienti
1108 3550 1162 3602 in
1188 3548 1455 3602 immenso
1498 3546 1709 3617 pelago,
1744 3560 1840 3614 per
1880 3542 2131 3613 spiritum

568 3644 781 3699 consilii
806 3643 912 3707 sui,
938 3642 1283 3697 securitatem
1323 3640 1533 3694 tribuit.

641 3735 824 3790 XLVI.
862 3734 958 3790 llic
1011 3743 1197 3789 noster
1219 3732 1386 3803 judex
1417 3742 1518 3797 est,
1562 3731 1617 3785 in
1675 3745 1836 3800 quem
1866 3728 2132 3784 intuendo

568 3838 782 3900 oportet
844 3828 1057 3881 animas
1098 3834 1313 3880 nostras
1356 3824 1664 3889 emendare,
1715 3822 1898 3877 omnia
1931 3836 2028 3891 pro
2068 3836 2133 3875 eo

542 3923 825 3993 cogitare,
874 3919 975 3990 ipsi
1008 3918 1356 3983 benedicere;
1390 3926 1551 3986 atque
1581 3932 1678 3985 pro
1711 3922 1860 3969 certo
1906 3914 2128 3979 habere,

568 3999 713 4082 quod
745 4029 844 4069 sua
874 4011 1128 4082 patientia
1154 4009 1552 4079 improbitatem
1584 4017 1906 4063 cunctorum
1938 4008 1991 4061 in
2029 4022 2132 4075 pn-

554 4108 767 4159 'blicnm
790 4105 1065 4159 adducens
1088 4104 1238 4158 solus
1264 4103 1476 4157 exsistit
1497 4103 1693 4156 bonus.
1737 4100 1896 4172 Isque
1940 4102 1995 4156 in
2023 4102 2132 4155 ﬁne

567 4198 806 4252 universi
837 4197 1134 4265 unicuique
1164 4194 1470 4249 facinorum
1504 4206 1694 4250 contra
1738 4196 2004 4249 rationem
2029 4195 2127 4249 ad-

568 4291 863 4342 missorum
888 4289 1069 4357 justus
1116 4286 1425 4357 prarsidebit
1449 4286 1635 4355 judex.

640 4373 847 4429 XLVII.
880 4373 976 4430 llis
1003 4390 1103 4446 ego
1126 4374 1379 4429 Clemens
1404 4375 1607 4430 auditis
1644 4376 1797 4431 dico:
1829 4375 1967 4431 Vere
1996 4376 2129 4431 illud

2242 1902 2332 1966 τὸς
2364 1903 2623 1975 ἄστοργος
2646 1906 2712 1970 ὀ,
2748 1906 2841 1958 καὶ
2873 1906 2957 1969 τίς
2993 1904 3403 1977 φιλάνθρωπος;
3449 1908 3513 1959 Εἰ
3548 1904 3707 1968 αὐτὸς
3727 1923 3822 1958 πι-

2246 1996 2368 2058 στὸς
2398 1996 2497 2048 οὐκ
2539 1996 2652 2049 ἐστι
2695 1998 2822 2066 περὶ
2848 1990 2921 2050 ὧν
2953 1998 3296 2067 ὑπισχνεῖται
3315 2037 3329 2061 ,
3361 1998 3457 2050 καὶ
3484 1998 3569 2060 τίς
3596 2014 3821 2050 πιστευ-

2243 2086 2499 2159 θήσεται;
2527 2089 2591 2140 Εἰ
2637 2089 2797 2152 αὐτὸς
2829 2090 3095 2160 πονηροὺς
3132 2092 3227 2142 καὶ
3271 2091 3492 2161 μοιχοὺς
3521 2091 3614 2143 καὶ
3638 2092 3822 2161 φονεῖς

2241 2180 2448 2252 ἀγαπᾷ,
2480 2182 2574 2234 καὶ
2606 2181 2687 2244 τίς
2720 2180 2869 2233 ἔσται
2891 2180 3149 2245 ¹¹δίκαιος
3162 2182 3638 2254 κριτής;Εἰαύτὸς
3659 2200 3823 2253 μετα-

2245 2273 2504 2342 μελεῖται,
2540 2272 2631 2325 καὶ
2663 2273 2746 2335 τίς
2775 2272 3017 2342 βέϐαιοςς
3071 2274 3134 2325 Εἰ
3166 2273 3326 2337 αὐτὸς
3364 2276 3565 2339 κακοὺς
3589 2275 3817 2345 ἐκλέγε-

2240 2382 2350 2433 ται,
2382 2347 2476 2418 καὶ
2500 2365 2585 2427 τίς
2607 2364 2845 2433 ἀγαθοὺς
2875 2364 3182 2436 προσίεται;

2310 2456 2471 2510 XLV.
2506 2457 2618 2521 Διὸ,
2651 2450 2695 2509 ὦ
2722 2457 2912 2509 τέκνον
2945 2457 3192 2528 Κλήμης,
3242 2458 3425 2530 ἔπεχε,
3466 2460 3540 2532 μὴ
3587 2459 3716 2514 ἄλλο
3757 2479 3819 2514 τι

2242 2549 2513 2621 φρονήσῃς
2544 2549 2787 2621 περὶτοῦ
2825 2548 2980 2611 Θεοῦ,
3004 2548 3135 2620 ἣὸτι
3157 2549 3318 2613 αὐτὸς
3353 2551 3510 2621 μόνος
3541 2552 3659 2605 ἐστί
3678 2552 3821 2617 Θεὸς

2241 2640 2333 2693 καὶ
2365 2639 2569 2709 Κύριος
2588 2641 2681 2692 καὶ
2700 2640 2879 2712 πατὴρ
2900 2640 3101 2709 ἀγαθὸς
3122 2642 3214 2694 καὶ
3233 2641 3437 2706 δίκαιος
3460 2644 3815 2716 δημιουργὸς,

2244 2732 2592 2804 μακρόθυμος
2615 2771 2630 2795 ,
2663 2732 2909 2803 ἐλεήμων
2933 2772 2947 2796 ,
2995 2735 3248 2803 τροφεὺς,
3284 2734 3593 2807 εὐεργέτης,
3625 2737 3820 2807 φιλαν-

2240 2823 2479 2896 θρωπίαν
2513 2823 2862 2893 νομιστεύων,
2896 2823 3114 2892 ἁγνείαν
3148 2825 3548 2895 συμϐουλεύων,
3573 2828 3817 2893 αἰώνιος,

2238 2913 2487 2976 αἰωνίους
2518 2913 2705 2979 ποιῶν,
2737 2915 3083 2987 ἀσύγκριτος,
3106 2919 3225 2979 ταῖς
3248 2917 3356 2971 τῶν
3374 2919 3590 2987 ἀγαθῶν
3611 2920 3820 2992 ψυχαῖς

2235 3006 2589 3078 οἰκιζόμενος,
2621 3004 2902 3077 ἀχώρητος
2922 3007 3015 3060 καί.
3048 3008 3410 3080 χωρούμενος,
3449 3012 3477 3063 ὁ
3504 3012 3560 3064 ὲν
3600 3013 3821 3085 ἀπείρῳ

2163 3131 2205 3188 C
2235 3098 2326 3151 τὸν
2380 3098 2550 3168 μέγαν
2598 3099 2767 3152 αἰῶνα
2819 3101 2895 3163 ὡς
2943 3100 3166 3170 κέντρον
3195 3102 3240 3132 ²¹
3289 3102 3484 3173 πήξας,
3535 3105 3823 3176 όούρανδν

2240 3191 2565 3261 ὲφαπλώσας
2598 3191 2692 3245 καί⁸
2749 3194 2850 3263 γῆν
2884 3192 3142 3258 πιλὼσας,
3180 3193 3323 3266 ὕδωρ
3373 3195 3669 3267 ταμιεύσας
3692 3239 3707 3263 ,
3742 3198 3819 3252 ά-

2241 3303 2375 3358 στρα
2408 3285 2465 3338 ὲν
2490 3285 2700 3356 οὐρανῷ
2721 3285 2943 3349 διαθεὶς,
2968 3285 3146 3357 πηγὰς
3172 3288 3243 3357 γῇ
3295 3286 3495 3358 βρύσας
3514 3326 3529 3352 ,
3565 3291 3821 3361 καρποὺς

2237 3378 2497 3447 ὲκφύσας,
2522 3378 2625 3449 ὅρη
2653 3375 2892 3447 ὐψώσας,
2920 3376 3190 3432 θάλασσαν
3211 3379 3545 3450 περιορίσας,
3576 3381 3823 3453 ἀνέμους

2236 3484 2295 3521 τε
2327 3469 2433 3541 74
2453 3470 2548 3523 καὶ
2580 3469 2863 3540 πνεύματα
2888 3470 3159 3535 διατάξας,
3176 3471 3276 3524 ότὸ
3294 3474 3546 3543 περιέχον
3569 3474 3725 3545 σῶμα
3749 3477 3821 3529 ὲν

2236 3561 2451 3632 ἀπείρῳ
2476 3561 2702 3631 πελάγει
2729 3561 2995 3633 πνεύματι
3044 3563 3237 3635 βουλῆς
3268 3565 3313 3596 ’³
3343 3566 3811 3639 ἀσφαλισάμενος.

2306 3739 2490 3795 XLVI.
2522 3735 2689 3804 Οὗτος
2721 3742 2876 3813 ήμῶν
2903 3744 3181 3817 δικαστὴς,
3215 3746 3293 3809 εἰς
3319 3745 3377 3798 ὃν
3405 3746 3820 3815 ἀποϐλέποντας

2237 3833 2340 3904 χρὴ
2360 3832 2460 3897 τὰς
2489 3831 2699 3887 ἑαυτῶν
2728 3836 3023 3907 κατορθοῦν
3047 3836 3244 3907 ψυχὰς,
3274 3837 3448 3891 πάντα
3469 3840 3610 3911 ὑπὲρ
3642 3843 3689 3873 ⁸⁸
3713 3842 3821 3895 αὖ.

2235 3927 2328 3978 τοῦ
2356 3926 2631 3991 νοοῦντας,
2666 3928 2830 3981 αὐτὸν
2856 3928 3252 4000 εὐφημοῦντας,
3299 3932 3697 4003 πεπεισμένους
3724 3935 3823 3990 ὅτι

2234 4021 2300 4089 τῇ
2336 4018 2500 4072 αὐτοῦ
2522 4020 2874 4092 μακροθυμίᾳ
2893 4022 3109 4075 πάντων
3131 4024 3229 4095 τὴν
3251 4024 3574 4096 προπέτειαν
3604 4027 3685 4089 εἰς
3705 4045 3824 4097 φα-

2235 4110 2387 4180 νερὸν
2419 4112 2568 4178 ἄγων
2602 4113 2762 4181 μόνος
2792 4113 2995 4181 ἀγαθός
3025 4113 3190 4166 ἐστιν.
3220 4114 3332 4169 Καὶ
3371 4112 3524 4180 οὗτος
3551 4117 3643 4171 ἐπὶ
3663 4119 3822 4173 τέλει

2232 4202 2326 4254 τοῦ
2356 4203 2555 4266 παντὸς
2583 4204 2797 4275 ἑκάστῳ
2813 4204 2921 4257 τῶν
2952 4205 3358 4276 τετολμηκότων
3374 4207 3411 4262 ἀ
3442 4208 3516 4281 μὴ
3535 4210 3701 4282 ἐχρῆν
3727 4210 3819 4264 δί-

2234 4310 2385 4356 καιος
2416 4295 2914 4366 προκαθεσθήσεται
2943 4299 3154 4369 κριτής.

2302 4384 2508 4439 XLVII.
2547 4386 2727 4439 Ταῦτα
2755 4386 2865 4455 ἐγὼ
2886 4389 3113 4461 Κλήμης
3149 4390 3404 4457 ἀκούσας,
3437 4392 3602 4464 ἔφην’
3657 4395 3823 4470 Ἄλη-

567 4466 758 4536 religio
788 4476 896 4533 est,
925 4482 1049 4521 vere
1079 4468 1209 4522 illud
1239 4468 1432 4536 pietas.
1462 4466 1773 4537 Iterumque
1796 4469 1920 4523 aio:
1951 4467 2129 4537 Cupe--

2238 4477 2344 4540 θῶς
2364 4478 2522 4531 τοῦτο
2548 4479 2843 4545 θεοσέϐεια,
2860 4480 3016 4533 τοῦτο
3040 4482 3253 4554 ἀληθῶς
3275 4485 3320 4516 ⁸⁸
3342 4486 3607 4541 εὐσέϐεια.
3635 4466 3820 4544 Πάλιν

567 4575 680 4612 rem
710 4559 874 4628 igitur
906 4560 1047 4613 scire
1075 4600 1091 4625 ,
1138 4568 1468 4629 quapropter
1495 4575 1562 4614 eo
1589 4563 1750 4614 modo
1778 4560 1967 4630 scripti
1999 4569 2129 4614 sunt

568 4651 688 4705 libri
716 4653 877 4706 sacri.
911 4650 1127 4705 Memini
1157 4651 1356 4720 quippe
1380 4661 1437 4706 te
1474 4652 1679 4707 dixisse
1724 4653 1777 4707 id
1799 4652 2002 4706 factum
2063 4655 2130 4709 ad

568 4742 946 4813 coarguendos
1001 4758 1097 4799 eos
1120 4743 1209 4813 qui
1243 4743 1478 4813 aliquid,
1508 4745 1653 4815 quod
1702 4745 1907 4799 dictum
1935 4744 2006 4798 sit
2034 4746 2130 4799 ad-

566 4852 758 4890 versus
790 4834 977 4899 Deum,
1011 4845 1213 4890 temere
1239 4836 1500 4891 credituri
1527 4847 1701 4892 erant.
1730 4836 1837 4893 Sed
1868 4839 2127 4907 quoniam

564 4930 820 4983 concedis
846 4930 1026 4996 nobis,
1056 4944 1299 4997 quaerere
1321 4944 1387 4984 ex
1409 4937 1461 4984 te
1483 4931 1562 4984 uti
1589 4931 1760 4998 lubet,
1790 4931 2130 5003 interrogare

567 5020 854 5085 audemus,
883 5031 933 5076 te
957 5020 1203 5091 jubente.
1226 5020 1285 5075 Si
1320 5022 1464 5091 quis,
1498 5023 1820 5079 charissime
1859 5022 2036 5090 Petre,
2073 5025 2129 5079 in

569 5112 813 5165 animum
855 5112 1131 5167 induxerit
1152 5113 1332 5168 dicere
1374 5114 1530 5169 nobis
1566 5133 1577 5168 :
1612 5114 1904 5171 Veritatem
1945 5117 2128 5171 conti-

568 5212 698 5258 nent
725 5218 845 5273 qua:
867 5206 919 5258 in
952 5203 1123 5258 Deum
1146 5205 1288 5260 dicta
1316 5220 1380 5260 ac
1407 5206 1604 5276 scripta
1649 5218 1797 5273 sunt,
1846 5209 1973 5264 licet
2027 5208 2125 5263 tibi

566 5296 853 5351 videantur
893 5295 1056 5351 falsa:
1091 5313 1199 5366 quo
1228 5299 1391 5353 modo
1415 5299 1489 5352 illi
1524 5301 2017 5369 respondebimus?

2231 4588 2288 4623 τε
2322 4570 2455 4643 ἔφην
2475 4589 2487 4601 ·
2522 4571 2747 4625 Ἥθελον
2771 4572 2959 4643 μαθεῖν
2984 4569 3097 4638 οὖν,
3118 4574 3273 4628 διὰτί
3299 4575 3469 4640 οὕτως
3487 4578 3822 4651 ἐγράφησαν

2233 4664 2289 4715 αἰ
2323 4662 2523 4716 Βίὸλοι.
2574 4663 2869 4733 Μέμνημαι
2918 4664 3025 4737 γὰρ
3056 4665 3131 4728 ὡς
3174 4665 3328 4737 ἔφης,
3364 4669 3443 4721 ὅτι
3466 4671 3545 4732 εἰς
3584 4669 3821 4741 ἔλεγχον

2232 4754 2339 4806 τῶν
2375 4754 2671 4825 μελλόντων
2692 4756 2895 4827 τολμᾷν
2924 4757 3195 4812 πιστεύειν
3211 4776 3263 4812 τι
3283 4761 3328 4791 ³⁸
3354 4761 3641 4833 λεγόμενον
3661 4766 3821 4821 κατὰ

2230 4846 2327 4899 τοῦ
2357 4846 2511 4900 Θεοῦ.
2550 4848 2694 4918 Πλὴν
2732 4850 2853 4901 ἐπεὶ
2882 4849 3079 4923 χαρίζῃ
3120 4852 3251 4922 ἡμῖν
3294 4854 3655 4907 πυνθάνεσθαί
3709 4874 3819 4913 σου

2231 4939 2308 5002 ὡς
2344 4939 2639 5010 βουλόμεθα
2663 4941 2727 5005 ⁸⁷,
2766 4942 3125 4996 πυνθάνεσθαι
3156 4945 3461 5017 τολμῶμεν,
3499 4946 3592 5001 σοῦ
3625 4950 3823 5004 κελεύ-

2235 5050 2443 5096 σαντοςο
2476 5034 2619 5097 εἴτις
2648 5034 2948 5107 βουληθείη,
2976 5036 3195 5107 φίλτατε
3223 5039 3414 5109 Πέτρε,
3433 5041 3609 5110 λέγειν
3637 5044 3774 5115 ἡμῖν
3793 5063 3814 5078 ·

2247 5125 2440 5197 Ἀληθῆ
2464 5127 2584 5180 ἐστι
2612 5126 2680 5179 τά
2700 5129 3073 5199 γεγραμμένα,
3093 5128 3193 5183 κάν
3207 5130 3252 5162 ’⁸
3269 5148 3349 5185 σοι
3378 5132 3545 5204 ψευδῆ
3573 5134 3704 5207 δοκῇ
3737 5138 3818 5191 τὰ

2234 5217 2373 5272 κατὰ
2401 5216 2492 5270 τοῦ
2514 5218 2647 5271 Θεοῦ
2668 5218 2921 5289 ῥηθέντα·
2953 5220 3069 5285 πῶς
3092 5221 3476 5295 ἀποκριθῶμεν
3507 5224 3693 5297 auriti;

1828 5411 2064 5466 VARI/E
2132 5413 2538 5475 LECTIOIVES.

638 5498 941 5587 "foed-eest
956 5496 1145 5587 ian.“
1192 5500 1436 5585 ¹⁸κνίσῃς
1460 5502 1547 5565 (3.,
1568 5519 1743 5587 quant
1763 5504 1991 5587 formam
2020 5506 2059 5587 ξ
2114 5510 2675 5587 tacite‘cpmmutavit
2708 5515 2760 5587 in
2790 5514 3034 5587 κνίσσης,
3071 5526 3132 5572 ut
3165 5533 3270 5573 scr.
3298 5518 3363 5573 Ο.
3396 5517 3532 5576 Vide
3558 5520 3769 5577 Dindor
3792 5555 3811 5568 ο

564 5572 708 5646 lium
735 5571 785 5621 in
812 5568 971 5646 Ilom.
1016 5568 1153 5623 Tum
1180 5568 1638 5646 προσχύσεων
1702 5575 1743 5605 ¹⁹
1777 5576 1968 5646 όλολυγ

564 5580 699 5621 lium
735 5585 785 5621 tn
812 5580 971 5623 Hom.
1016 5580 1153 5623 'l'um
1180 5580 1530 5642 προσχυσεων
1563 5580 1621 5627 0.
1702 5580 1743 5605 ¹⁹
1777 5580 2088 5648 όλολυγμῶν
2119 5580 2176 5634 C.

560 5636 751 5716 Qttoh.
782 5640 853 5716 al.
876 5655 1130 5716 malum.
1162 5642 1447 5716 κέντρωον.
1473 5713 1482 5716 _
1523 5642 1641 5698 "Ci
1665 5646 1910 5716 ἀσφαλής
1938 5658 2055 5716 post
2082 5648 2175 5716 βου

2255 5579 2586 5652 εο-ᾄστοργος
2618 5585 2779 5649 αὑτός
2800 5585 2861 5637 c.
2937 5579 2981 5616 εί
3003 5588 3117 5639 ἐστι
3146 5587 3207 5643 Ο.
3314 5590 3358 5619 ”
3375 5590 3457 5644 Ad
3483 5606 3633 5645 oram
3668 5594 3807 5651 cod.

571 5648 751 5761 ἔμϐη.
782 5648 853 5720 at.
876 5655 1022 5695 man.
1042 5657 1130 5711 γρ.
1162 5648 1447 5712 κέντρωον.
1472 5713 1483 5723 .
1523 5648 1641 5698 "Ci
1665 5648 1910 5716 ἀσφαλής
1938 5658 2055 5716 post
2082 5648 2274 5732 βουλῇς
2302 5648 2705 5734 Metaplirasten
2745 5648 3352 5740 redolet,abundatque;
3380 5661 3623 5731 ἀσφαλές
3643 5648 3809 5733 conj;

616 5751 627 5761 .
692 5717 806 5762 eest
828 5726 879 5762 in
897 5708 941 5764 Ο
1038 5712 1083 5741 “
1098 5710 1154 5764 In
1177 5710 1221 5766 Ο
1263 5728 1345 5766 or.
1371 5730 1448 5766 m.
1471 5729 1523 5766 In
1542 5730 1712 5766 mare.
1733 5716 1873 5766 ἕνον-
1896 5718 2094 5766 Eadem
2115 5730 2349 5766 varmmg
2368 5733 2608 5766 ηιιιοιησιιιι
2626 5726 2764 5766 iner
2785 5742 2830 5766 p,
2854 5724 2921 5766 5‘9
3019 5727 3063 5756 η
3079 5727 3292 5766 ἠλεί-Αωρ-
3318 5729 3528 5766 mann
3600 5733 3645 5764 ac
3671 5732 3808 5766 οη...

616 5751 627 5761 .
647 5716 879 5786 _Deest_in
897 5716 941 5764 υ
964 5780 974 5786 _
1038 5716 1221 5786 ‘_‘_I_n_Q
1263 5728 1345 5782 pr.
1371 5730 1448 5786 m.
1471 5716 1523 5766 in
1542 5730 1712 5786 marg.
1733 5716 1873 5786 ἔχον.
1896 5716 2094 5773 Eadem
2115 5716 2349 5776 varietas
2368 5716 2609 5777 occurrit
2626 5726 2766 5780 infra
2785 5742 2833 5777 (ν.
2854 5724 2943 5779 52.

3019 5727 3063 5756 ³⁵
3079 5727 3292 5797 ἀληθῶς
3318 5727 3476 5783 τοῦτο
3487 5733 3543 5786 Ο.
3600 5733 3645 5764 ’⁸
3668 5727 3813 5792 Ροὲι

564 5795 620 5832 τι
638 5780 894 5850 Uprtebet
919 5780 994 5832 τό.
1047 5782 1090 5815 ’τ
1115 5781 1246 5839 Vbb.
1265 5780 1641 5838 ’πυνθάνεσθαί
1663 5780 1844 5849 σουῶς
1864 5788 2157 5859 βουλόμεθα
2191 5804 2535 5849 accesserunt
2555 5812 2617 5850 ex
2646 5794 2709 5851 Ο.
2786 5796 2830 5827 ³⁸
2848 5794 2949 5846 κάν
2980 5810 3089 5851 om.
3107 5796 3151 5853 Ο
3171 5780 3195 5869 ’,
3222 5780 3312 5859 qui
3333 5780 3593 5859 tum—ser.
3626 5780 3782 5858 δᾶπέεζὶ
