4068 6338
590 328 682 382 HI
1431 327 1487 377 S.
1524 318 1916 378 CLEMENTIS
1946 320 1964 374 1
2006 320 2168 375 ROM.
2208 318 2407 377 PONT.
2446 317 2673 375 OPERA
2702 320 2931 375 DUBIA.
3696 322 3794 381 “‘2

659 438 763 494 Lll.
795 435 1087 506 Respondit
1142 435 1362 489 Petrus:
1393 433 1553 488 llccte
1588 437 1770 504 itaque
1813 450 1919 488 non
1972 434 2133 487 credo
2163 426 2206 481 A

2193 445 2206 481 ι
2305 433 2410 487 Lll.
2447 434 2555 487 Kal
2587 436 2615 489 6
2642 435 2845 506 Πέτρος
2878 433 3207 505 ἀπεκρίνατο
3232 432 3297 464 ³⁸·
3328 432 3533 487 Οὐκοῦν
3566 433 3799 503 εὐλόγως

585 531 847 586 adversus
871 529 1059 593 Deum,
1087 543 1184 582 nec
1215 527 1475 581 adversus
1498 526 1677 595 justus
1705 526 1756 579 in
1787 525 1902 594 lege
1926 540 2135 579 memo—

2237 525 2358 578 οὔτε
2387 527 2527 579 κατὰ
2557 526 2651 579 τοῦ
2684 525 2817 579 Θεοῦ
2851 525 3119 589 πιστεύω,
3152 524 3274 578 οὒτε
3316 525 3455 578 κατά
3499 525 3607 579 τῶν
3640 527 3698 580 ὲν
3725 530 3800 600 τῷ

586 630 752 684 ratos,
784 620 1003 690 impiam
1029 634 1361 688 praesumens
1382 619 1713 688 opinionem.
1746 617 1815 672 Ut
1837 619 1979 672 enim
2005 619 2137 672 mihi

2238 616 2385 688 νόμῳ
2432 618 2854 689 ἀναγραφέντων
2893 617 3136 683 δικαίων,
3179 618 3389 681 ἀσεϐῶς
3418 621 3631 689 φρονεῖν
3665 638 3798 692 προ-

586 712 904 781 persuadeo,
933 726 1109 778 neque
1138 711 1376 765 Adamus
1403 720 1774 781 transgressor
1824 710 1945 776 fuit,
1976 725 2136 781 quem

2238 709 2526 780 λαμϐάνων
2556 710 2620 763 ³³.
2669 711 2755 774 Ὠς
2784 710 2893 781 γάρ
2921 710 3241 781 πέπεισμαι,
3276 708 3396 789 οὔτε
3432 710 3599 781 Ἀδάμ
3628 730 3802 783 παρα-

584 805 679 860 Dei
712 819 904 859 manus
940 803 1340 873 parturierunt:
1396 818 1571 873 neque
1610 801 1725 859 Noe
1778 804 1983 871 ebrius,
2045 803 2137 873 qui

2239 800 2409 872 ϐάτης
2438 797 2525 871 ἦν,
2553 803 2581 855 6
2614 801 2717 855 ὑπὸ
2747 801 2854 854 τῶν
2880 802 2974 855 τοῦ
3018 801 3153 854 Θεοῦ
3186 801 3382 872 χειρῶν
3423 804 3796 874 κυοφορηθείς·

584 912 693 963 pra:
721 896 867 951 omni
894 896 1095 950 mundo
1120 895 1302 965 justus
1339 895 1591 950 inventus
1612 904 1727 950 est:
1754 911 1929 965 neque
1960 894 2133 949 Abra-

2238 891 2359 945 οῦτε
2388 892 2509 945 Νῶε
2559 892 2789 964 μέθυσος
2825 887 2892 964 ἦν
2913 932 2928 957 ,
2960 896 2988 946 6
3015 893 3155 964 ὑπὲρ
3180 894 3226 923 ⁸⁰
3256 893 3431 946 πάντα
3479 893 3569 946 τὸν
3602 895 3802 965 κόσμον

580 991 777 1043 hamus
803 998 910 1044 tres
935 988 1099 1043 simul
1139 988 1326 1043 habuit
1349 1004 1567 1055 uxores,
1596 989 1689 1058 qui
1720 998 1938 1059 propter
1976 988 2139 1042 casti-

2282 984 2444 1048 ἷκαιος
2492 985 2754 1055 εὑρεθείς·
2806 983 2929 1039 οὔτε
2956 984 3012 1038 δὲ
3049 985 3297 1056 Ἀϐραὰμ
3322 986 3499 1056 τρισὶν
3540 986 3654 1056 ἅμα
3679 974 3804 1041 συνὲ
3872 1058 3888 1065 Ν

584 1091 744 1136 tatem
792 1083 1027 1137 donatus
1059 1090 1142 1136 est
1194 1082 1486 1137 liberorum
1534 1082 1914 1136 multitudine:
1964 1096 2138 1150 neque

2236 1074 2323 1146 ῄει
2344 1076 2384 1107 ⁸³
2419 1075 2680 1145 γυναιξὶν,
2739 1078 2768 1130 6
2798 1076 2884 1129 διά
2906 1076 3255 1148 σωφροσύνην
3289 1077 3643 1140 πολυτεκνίας
3673 1095 3805 1131 κατ-

581 1174 815 1229 Jacobus
861 1186 1095 1244 quatuor
1145 1174 1321 1238 duxit,
1385 1191 1617 1244 quarum
1650 1183 1705 1228 et
1749 1174 1871 1228 dua:
1895 1189 2136 1240 sorores,

2238 1167 2513 1232 αξιωθείς·
2565 1167 2687 1220 οὔτε
2741 1166 2932 1220 Ἰακὼό
2980 1167 3231 1237 τετράσιν
3273 1167 3566 1231 ἐκοινώνει,
3606 1162 3680 1221 ὧν
3711 1170 3804 1222 δύο

582 1268 671 1336 qui
728 1268 1009 1322 duodecim
1062 1268 1299 1321 tribuum
1352 1278 1504 1337 pater
1535 1266 1761 1329 exstitit,
1794 1275 1848 1321 et
1896 1266 2137 1337 Magistri

2238 1262 2333 1314 καὶ
2364 1261 2587 1329 ἀδελφαὶ
2614 1261 2657 1291 ⁸⁸
2686 1259 2999 1329 ἐτύγχανον,
3032 1260 3091 1322 ὃς
3109 1258 3334 1312 δεκαδύο
3359 1260 3538 1328 φυλῶν
3558 1260 3805 1332 ὑπάρξας

582 1361 752 1415 nostri
790 1359 1077 1413 adventum
1136 1359 1377 1414 futurum
1420 1358 1740 1429 designavit.
1773 1358 1984 1429 Moyses
2031 1374 2137 1412 non

2239 1354 2419 1426 πατὴρ
2450 1354 2542 1408 καὶ
2572 1353 2670 1424 τὴν
2702 1352 2796 1406 τοῦ
2827 1352 3151 1405 Διδασκὰλου
3174 1351 3327 1421 ἡμῶν
3356 1351 3656 1423 παρουσίαν
3685 1352 3808 1421 ἐσή-

580 1462 696 1507 erat
750 1452 1042 1519 homicida,
1077 1468 1176 1507 nec
1200 1452 1268 1506 ab
1318 1451 1586 1506 idolorum
1624 1451 1904 1506 sacerdote
1952 1450 2140 1504 didicit

2243 1463 2409 1517 μανεν
2442 1445 2632 1498 ἐλθεῖν·
2656 1444 2715 1496 οὐ
2742 1443 2980 1513 Μωῦσῆς
3000 1442 3192 1511 φονεὺς
3208 1437 3294 1512 ἦν,
3314 1442 3407 1495 καὶ
3441 1442 3589 1513 παρὰ
3616 1443 3809 1513 ἱερέως

576 1546 843 1613 judicare,
873 1546 967 1615 qui
1005 1545 1260 1599 omnibus
1286 1544 1501 1599 saeculis
1533 1545 1704 1614 legem
1727 1543 1823 1598 Dei
1847 1543 2140 1614 propheta-

2240 1536 2471 1591 εἰδώλων
2485 1538 2528 1569 ⁸³
2542 1536 2743 1609 κρίνειν
2762 1535 3075 1606 ἐμάνθανεν,
3098 1536 3127 1587 6
3150 1534 3306 1587 παντὶ
3321 1534 3513 1605 771:1};
3536 1533 3690 1587 αίῶνι
3716 1534 3811 1587 τὸν

578 1642 682 1705 vit,
711 1650 763 1693 et
784 1640 853 1693 ob
889 1647 1088 1693 rectam
1120 1637 1529 1708 intelligentiam
1564 1637 1935 1691 testimonium
1966 1636 2139 1692 fidelis

2237 1629 2332 1682 τοῦ
2365 1628 2499 1683 Θεοῦ
2531 1629 2693 1699 νόμον
2725 1626 3105 1699 προφητεύσας
3130 1625 3224 1678 καὶ
3252 1624 3317 1678 δι’
3345 1625 3509 1697 ὀρθὴν
3542 1625 3809 1697 φρόνησιν

579 1733 973 1803 dispensatoris
1001 1730 1226 1799 accepit.
2167 1758 2185 1818 1

2167 1758 2215 1818 Β
2243 1720 2430 1783 πιστὸς
2460 1720 2740 1790 οἰκονόμος
2775 1717 3162 1791 μαρτυρηθείς.

651 1827 780 1882 Llll.
814 1826 917 1882 Sed
958 1834 1012 1881 et
1052 1826 1247 1879 h‘orum
1289 1823 1659 1892 similiumque
1707 1821 2034 1877 solutionem
2080 1820 2135 1874 in
2168 1808 2215 1818 -
2250 1841 2257 1863 ι

2207 1808 2215 1814 ’
2250 1841 2276 1869 ι
2309 1810 2439 1867 Llll.
2471 1812 2617 1883 Πλὴν
2645 1812 2737 1864 xal
2763 1810 2966 1863 τούτων
3001 1827 3081 1863 σοι
3124 1810 3224 1881 τὴν
3252 1808 3495 1863 ἐπίλυσιν
3533 1810 3671 1882 μετά
3697 1811 3813 1865 τῶν

580 1932 821 1991 tempore
852 1920 945 1974 tibi
973 1917 1258 1974 exhibebo.
1293 1916 1367 1969 De
1396 1924 1623 1980 caetero,
1656 1915 1938 1984 quoniam,
1969 1922 2028 1967 ut
2058 1913 2139 1967 vi-

2237 1903 2437 1975 ὁμοίων
2463 1904 2554 1957 ἐπὶ
2581 1903 2771 1976 καιροῦ
2803 1902 3041 1973 παρέξω.
3085 1901 3191 1954 Τοῦ
3222 1902 3279 1955 δέ
3297 1901 3508 1965 λοιποῦ,
3546 1903 3621 1966 ὡς
3650 1904 3809 1974 ὁρᾷς,

579 2016 694 2074 des,
720 2014 886 2067 instat
912 2025 1159 2080 vespera,
1175 2024 1297 2078 quae
1317 2008 1479 2063 hodie
1509 2008 1653 2061 dicta
1674 2017 1825 2069 sunt,
1844 1997 2134 2060 sufﬁciant.

2239 1995 2424 2066 ἐπειδὴ
2455 1994 2657 2065 ἐσπέρα
2702 1993 3043 2064 κατείληφεν,
3077 1991 3147 2045 τά
3180 1994 3417 2064 σήμερον
3452 1994 3682 2065 ρηθέντα
3713 1995 3812 2048 αύ-

578 2104 829 2159 Attamen
862 2103 1075 2172 quoties
1110 2100 1281 2165 voles,
1313 2099 1379 2154 de
1415 2098 1613 2169 quibus
1663 2096 1917 2167 placebit,
1966 2095 2138 2150 fiden-

2237 2086 2455 2158 τάρκως
2481 2086 2667 2156 ἐχέτω.
2704 2085 2923 2139 Ἂλλοτε
2957 2086 3014 2138 δὲ
3052 2086 3099 2137 εί
3134 2084 3179 2117 ⁸⁸
3228 2084 3426 2155 βούλει,
3458 2088 3585 2158 περὶ
3612 2080 3686 2141 ὧν
3722 2087 3814 2140 θέ-

582 2206 662 2251 ter
690 2203 1010 2265 percontare
1052 2212 1067 2249 :
1102 2208 1203 2248 nos
1232 2191 1340 2245 lzcti
1386 2190 1673 2246 confestim
1718 2188 2133 2258 explicabimus.

2237 2178 2368 2241 λεις,
2416 2175 2629 2250 θαρρῶν
2674 2177 2829 2248 ἡμῶν
2876 2176 3177 2239 πυνθάνου,
3215 2177 3309 2230 καὶ
3334 2178 3494 2248 ἡμεῖς
3529 2177 3818 2249 χαίροντες

581 2291 789 2356 Quibus
812 2286 971 2341 dictis
1001 2285 1257 2341 surrexit.
1296 2283 1495 2353 Sicque
1518 2290 1735 2351 sumpto
1762 2280 1885 2335 cibo
1914 2280 1966 2332 in
1990 2294 2138 2333 som-

2237 2268 2445 2331 ἀόκνως
2510 2269 2852 2339 ὲπιλύσομεν.
2902 2269 3010 2321 Kal
3053 2268 3227 2322 ταῦτα
3276 2268 3443 2322 εἰπὼν
3489 2269 3810 2341 ἐγήγερται.

583 2397 711 2435 num
740 2380 878 2434 versi
908 2394 1131 2445 sumus;
1165 2392 1269 2431 nox
1296 2377 1439 2431 enim
1465 2375 1776 2431 advenerat.
1820 2370 1823 2373 ’

2238 2360 2347 2415 Kal
2384 2360 2562 2425 οὕτως
2586 2361 2789 2432 τροφῆς
2828 2358 3214 2430 μεταλαϐόντες
3250 2361 3327 2423 είς
3360 2358 3525 2413 ὕπνον
3568 2361 3815 2432 ἐτράπη-

2243 2469 2360 2523 μεν.
2392 2451 2719 2523 Κατειλήφει
2757 2450 2864 2521 γάρ
2894 2452 2927 2521 ἡ
2956 2450 3070 2516 νύξ.
3534 2474 3537 2477 ·

1327 2519 1400 2532 —

2984 2591 3053 2602 -ο

1166 2670 1451 2729 HOMIIJA
1487 2670 1576 2726 111.

2843 2675 3084 2729 UMIAIA
3121 2676 3191 2730 1".

652 2772 689 2825 Ι.
742 2768 871 2823 Post
901 2769 1038 2823 duas
1090 2768 1253 2837 igitur
1294 2765 1433 2830 dies,
1486 2764 1649 2818 tertio
1695 2770 1879 2817 autem
1951 2761 2139 2819 illuce-

2310 2765 2350 2819 Ι.
2385 2764 2487 2819 Δύο
2517 2766 2616 2836 μὲν
2646 2760 2739 2819 οὖν
2768 2766 3085 2820 διελθουσῶν
3117 2768 3357 2839 ἡμερῶν,
3392 2767 3818 2839 ἐπιφωσκούσης

584 2872 767 2918 scente
817 2876 927 2931 quo
974 2859 1358 2928 disputandum
1408 2862 1527 2911 erat
1573 2869 1697 2910 cum
1736 2852 1993 2917 Simone,
2034 2868 2137 2925 ego

2237 2857 2296 2912 δὲ
2337 2857 2546 2929 τρίτης,
2581 2856 2717 2928 πρὸς
2743 2857 2804 2909 τὸ
2847 2857 3189 2929 διαλεχθῆναι
3221 2860 3300 2930 τῷ
3344 2860 3547 2930 Σίμωνι
3593 2859 3819 2924 ἐξυπνι-

579 2956 831 3010 Clemens
860 2950 1268 3021 expergefactus
1307 2948 1661 3016 comitesque,
1705 2947 1807 3002 sub
1837 2946 2136 3002 secundum

2241 2949 2387 3011 σθεὶς
2416 2947 2524 3017 ἐγὼ
2554 2947 2783 3019 Κλήμης
2812 2949 2905 3001 καὶ
2928 2950 2979 3001 οἱ
3009 2950 3255 3014 συνόντες
3283 2952 3483 3022 ἑταῖροι
3513 2951 3558 2981 ⁸⁸
3586 2952 3691 3003 ὑπὸ
3714 2952 3821 3015 τὰς

579 3046 844 3115 gallorum
865 3055 1084 3099 cantum
1110 3042 1415 3097 invenimus
1440 3039 1935 3097 lucernamadhuc
1959 3041 2137 3098 lucen-
2165 3091 2185 3115 ί

2239 3041 2493 3114 δευτέρας
2534 3040 3039 3113 τῶννάλεκτρυόνων
3072 3042 3273 3113 φωνὰς,
3320 3042 3549 3114 εὕρομεν
3584 3043 3676 3096 τὸν
3713 3044 3821 3115 μὲν

580 3091 738 3115 0....ν.
757 3091 844 3099 _...
869 3091 1084 3099 πων--
1110 3091 1412 3097 _-------_-__
1442 3091 1933 3097 ___----_-__-"_-__
1959 3091 2116 3098 ---η-

580 3147 710 3201 tem,
743 3136 959 3189 Petrum
1008 3149 1134 3188 vero
1178 3134 1404 3204 genibus
1459 3133 1613 3188 ﬂexis
1658 3144 1927 3189 orantem.
1969 3091 2186 3188 ϐοτη-ί

2237 3091 2427 3203 λύχνος)
2460 3091 2540 3186 ἐτι
2572 3091 2850 3203 φαίνονταί
2878 3134 2968 3187 τὸν
3001 3134 3057 3186 δὲ
3078 3091 3290 3205 Tum;
3318 3091 3603 3205 γοῦυζλινῆ
3635 3091 3819 3206 πρὲσ-

583 3229 725 3296 pleta
753 3226 917 3296 igitur
944 3240 1124 3294 prece,
1151 3239 1797 3296 conversuscerneusque
1815 3240 1916 3296 nos
1944 3225 2011 3280 ad
2035 3241 2136 3279 au-

2239 3227 2546 3297 ευχόμενον.
2588 3226 2919 3289 Συντελέσας
2965 3224 3056 3280 οὖν
3084 3228 3187 3297 τὴν
3215 3228 3417 3299 δέησιν,
3453 3226 3821 3298 ἐπιστραφεὶς

562 3317 842 3372 «ιίἱεηᾱυιη
872 3325 1092 3386 paratos
1118 3316 1253 3371 dixit
1282 3334 1296 3371 :

2238 3320 2331 3372 καὶ
2373 3318 2495 3371 ἰδὼν
2536 3318 2683 3389 ἡμᾶς
2730 3318 2867 3389 πρὸς
2911 3318 2974 3371 τὸ
3024 3319 3254 3373 ἀκοῦσαι
3298 3319 3529 3391 ἑτοίμως
3559 3318 3822 3389 ἔχοντας,

2238 3409 2363 3461 ἐστι’

653 3475 715 3530 ll.
756 3475 906 3530 Scire
938 3490 1032 3529 vos
1083 3474 1225 3539 volo,
1271 3473 1413 3542 quod
1444 3473 1535 3543 qui
1565 3488 1632 3528 ex
1678 3484 1867 3529 nostro
1907 3473 2138 3529 consilio
2238 3426 2259 3461 Ε

2238 3426 2264 3461 ε
2284 3427 2303 3445 ν
2350 3426 2363 3439 ·

2269 3426 2371 3552 Ἥ.
2400 3498 2689 3554 Γινώσκειν
2710 3499 2853 3571 ὑμᾶς
2877 3496 3035 3565 θέλω,
3057 3499 3138 3555 ὃτι
3166 3502 3215 3554 οἱ
3241 3501 3359 3554 καθ’
3382 3502 3650 3573 ἡμετέραν
3671 3503 3819 3575 πρό-

562 3578 803 3624 ‘manent
842 3583 963 3623 cum
1015 3567 1257 3632 Simone,
1305 3576 1364 3620 ut
1400 3566 1580 3636 inepta
1626 3566 1772 3622 illius
1798 3567 2139 3622 addiscentes

2238 3609 2385 3645 νοιαν
2427 3592 2675 3655 συνόντες
2709 3591 2787 3661 τῷ
2830 3592 3062 3662 Σίμωνι,
3096 3593 3243 3663 ὅπως
3283 3592 3382 3656 τάς
3411 3593 3603 3663 βουλὰς
3636 3593 3820 3647 αὑτοῦ

583 3660 739 3716 nobis
769 3659 1080 3729 subjiciunt,
1112 3673 1223 3729 quo
1254 3659 1319 3713 ad
1352 3659 1558 3713 variam
1594 3657 1716 3729 ejus
1746 3658 2009 3713 malitiam
2044 3675 2139 3725 ap-

2239 3683 2601 3754 μανθάνοντες
2645 3657 3015 3738 ὑποδάλλωσιν
3044 3660 3193 3755 ήμῗν,
3235 3686 3322 3738 ἵνα
3350 3657 3632 3755 δυνώμεθα
3669 3685 3822 3758 πρὸς

582 3765 696 3807 tare
726 3768 825 3807 nos
857 3753 1151 3823 possimus,
1183 3752 1283 3822 ipsi
1317 3752 1604 3818 miserunt,
1635 3760 1689 3806 et
1730 3750 1886 3806 nobis
1915 3751 2016 3805 ista
2045 3753 2139 3806 de-

2236 3750 2334 3846 τὴν
2364 3775 2463 3845 τῆς
2504 3775 2700 3838 κακίας
2730 3775 2892 3828 αὐτοῦ
2939 3750 3210 3829 ποικιλίαν
3239 3750 3603 3850 ἁρμόσασθαι,
3652 3750 3824 3834 αύτοὶ

581 3848 859 3901 clararunt
891 3864 902 3899 :
940 3844 1127 3900 Simon
1163 3845 1344 3909 hodie,
1381 3843 1837 3915 quemadmodum
1864 3843 2134 3914 promisit,

2236 3843 2551 3938 πέμψαντες
2579 3867 2851 3938 ἐδήλωσαν
2874 3868 3005 3937 ἡμῖν
3032 3843 3296 3935 λέγοντεςί
3317 3843 3511 3938 ’Σίμων
3542 3869 3821 3941 σήμερον,

581 3948 804 4006 paratus
832 3946 935 4003 est,
962 3937 1146 3992 venire
1175 3952 1360 3992 coram
1390 3937 1662 3999 omnibus.
1696 3946 1757 3992 ut
1785 3937 2036 3992 ostendat
2069 3954 2135 3992 ex

2236 3937 2378 4013 καθά
2404 3937 2743 4023 συνετάξατο,
2776 3959 2992 4029 ἕτοιμός
3015 3961 3163 4013 ἐστιν
3190 3961 3297 4014 ἀπὸ
3323 3937 3428 4013 τῶν
3461 3937 3828 4033 Γραιρῶνϋέπὶ

582 4027 879 4100 Scripturis
906 4047 919 4081 :
951 4028 1093 4083 hunc
1122 4028 1212 4099 qui
1249 4029 1446 4083 coelum
1478 4037 1530 4083 et
1561 4038 1760 4083 terram
1847 4029 2139 4099 omniaque

2237 4050 2455 4105 πάντων
2499 4050 2665 4103 ἐλθὼν
2710 4050 3079 4113 ἀποδεικνύειν
3102 4092 3116 4115 ,
3170 4053 3243 4123 μὴ
3291 4053 3475 4107 τοῦτον
3531 4055 3640 4124 78
3667 4052 3826 4109 εἶναι

581 4121 635 4173 in
667 4122 734 4175 iis
758 4119 1027 4174 exstantia
1043 4119 1307 4184 condidit,
1327 4134 1434 4173 non
1457 4134 1579 4175 esse
1594 4119 1759 4174 Deum
1786 4135 2134 4191 supremum;

2237 4140 2367 4195 Θεὸν
2397 4138 2687 4205 ἀνώτατον,
2716 4141 2775 4204 ὃς
2798 4141 3022 4212 οὐρανὸν
3052 4141 3228 4195 ἔκτισε
3256 4143 3348 4196 καὶ
3377 4144 3476 4214 γῆν
3504 4146 3597 4196 καὶ
3625 4146 3829 4201 πάντα.

583 4212 678 4266 sed
726 4212 895 4267 alium
920 4210 1181 4265 exsistere
1229 4209 1517 4279 quemdam
1569 4211 1901 4281 incognitum
1949 4221 2004 4268 et
2046 4228 2141 4267 sn-

2236 4231 2305 4285 τά
2331 4232 2378 4262 ⁸⁸
2406 4233 2462 4283 ἐν
2489 4232 2691 4295 αὐτοῖς,
2723 4209 2873 4285 ἀλλά-
2897 4233 3054 4286 ἄλλον
3080 4233 3201 4287 τινὰ
3240 4209 3511 4302 ἄγνωστον
3542 4237 3635 4289 καὶ
3667 4237 3832 4291 ἀνώ-

580 4317 849 4369 premum,
881 4311 939 4356 ut
965 4302 1018 4356 in
1051 4300 1412 4356 ineffabilibus
1441 4302 1787 4358 exsistentem
1824 4304 1991 4360 Deum
2010 4306 2139 4361 dco-

2236 4337 2415 4384 τατον,
2463 4320 2539 4385 ὡς
2587 4322 2643 4373 ὲν
2694 4322 3023 4395 ἀπορρήτοις
3069 4324 3196 4378 ὅντα
3233 4300 3361 4381 Θεὸν
3406 4325 3557 4381 θεῶν·
3607 4326 3667 4390 ὃς
3720 4330 3835 4384 δύο

582 4409 725 4457 rum,
753 4396 845 4464 qui
875 4395 1013 4450 duos
1044 4395 1251 4450 miserit
1280 4394 1433 4458 deos,
1464 4410 1531 4448 ex
1561 4396 1760 4464 quibus
1788 4397 1923 4451 alter
1947 4399 2134 4453 mundi
2169 4433 2188 4487 ι

2239 4411 2446 4482 ἔπεμψε
2478 4411 2649 4475 θεοὺς,
2680 4412 2771 4481 ἀφ’
2798 4408 2872 4465 ὧν
2900 4394 2942 4466 6
2978 4414 3077 4484 μὲν
3105 4408 3186 4478 εἷς
3222 4416 3365 4468 ἐστιν
3393 4417 3421 4468 6
3455 4416 3654 4487 κόσμον
3695 4422 3833 4474 κτί-

581 4493 815 4544 creator.
846 4486 983 4540 alter
1014 4486 1144 4556 legis
1177 4486 1353 4541 dator.
1401 4486 1577 4556 Atque
1611 4487 1727 4543 haec
1764 4488 1945 4543 dicere
1976 4490 2135 4543 moli-
2170 4486 2181 4487 ί

2248 4520 2364 4567 σας,
2399 4506 2427 4557 ὁ
2455 4503 2510 4555 δὲ
2538 4503 2721 4575 ἕτερος
2749 4506 2777 4557 6
2802 4504 2892 4557 τὸν
2920 4505 3081 4575 νόμον
3108 4506 3249 4569 δούς.
3292 4507 3399 4560 Kal
3426 4486 3596 4561 ταῦτα
3627 4528 3832 4583 μηχα-

587 4587 694 4639 tur,
725 4586 785 4631 ut
808 4587 1006 4632 rectam
1030 4578 1185 4632 fidem
1214 4594 1402 4634 eorum
1432 4579 1729 4646 subvertat,
1759 4582 1851 4650 qui
1882 4598 2048 4636 unum
2074 4598 2139 4637 ac

2243 4590 2397 4641 νᾶται
2416 4587 2612 4657 λέγειν,
2636 4591 2781 4654 ὅπως
2809 4590 2917 4644 τῶν
2942 4592 3031 4645 τὸν
3063 4593 3157 4646 ἕνα
3187 4594 3277 4646 καὶ
3322 4595 3479 4665 μόνον
3509 4578 3836 4667 μελλόντων

585 4669 760 4725 solum
804 4668 969 4724 Deum
1017 4679 1315 4725 creatorem
1375 4671 1498 4725 coeli
1547 4681 1600 4727 et
1645 4681 1802 4727 terra:
1855 4673 2133 4727 adoraturi

2244 4680 2419 4733 σέϐειν
2461 4681 2613 4745 Θεὸν,
2649 4683 2707 4745 ὃς
2735 4682 2961 4753 οὐρανὸν
2992 4683 3172 4737 ἔκτισε
3211 4686 3306 4739 καὶ
3335 4687 3461 4758 γῆν,
3501 4689 3600 4760 τήν
3641 4691 3836 4765 ὀρθὴν

583 4773 730 4817 ευιιι.

2245 4772 2551 4845 προεκλύσῃ
2578 4773 2621 4804 ⁸⁷
2652 4773 2851 4827 πίστιν.

650 4876 735 4932 Ill.
760 4874 881 4932 llzee
907 4877 1130 4932 audiens
1153 4892 1264 4947 quo
1289 4879 1451 4934 modo
1474 4895 1579 4933 non
1602 4880 1825 4934 moleste
1853 4881 2097 4935 tulissem
2120 4882 2143 4934 ἵ

2314 4886 2398 4940 Ill.
2430 4886 2612 4942 Ταῦτα
2643 4886 2881 4951 ἀκούσας
2907 4888 3025 4953 πῶς
3051 4890 3150 4942 οὐκ
3179 4890 3244 4942 ἂν
3274 4890 3561 4963 ήθύμησας
3592 4892 3687 4947 Διὸ
3722 4900 3839 4952 καὶ

582 4968 849 5033 Quocirca
892 4978 947 5023 et
988 4982 1084 5023 vos
1122 4985 1333 5025 mecum
1377 4973 1735 5027 consistentes
1763 4972 1959 5028 fratres
2001 4974 2140 5028 scire

2243 4979 2385 5049 ὑμᾶς
2403 4979 2467 5043 ⁸⁸,
2489 4980 2613 5041 τοὺς
2633 4978 2890 5043 συνόντας
2908 4997 2997 5051 μοι
3019 4981 3296 5051 ἀδελφοὺς,
3320 4984 3515 5038 εἰδέναι
3545 4987 3838 5061 ἠθέλησα,

582 5060 727 5113 volui
761 5100 777 5126 ,
810 5075 918 5114 non
963 5060 1307 5117 mediocriter
1332 5063 1516 5118 animo
1547 5079 1631 5117 me
1658 5064 1859 5129 dolere,
1887 5065 2014 5119 dum
2057 5064 2130 5117 vi-

2241 5069 2317 5133 ὼς
2342 5071 2402 5122 ού
2438 5070 2672 5142 μετρίως
2700 5071 2797 5142 τὴν
2826 5072 3002 5143 ψυχὴν
3024 5072 3195 5142 ἀλγῶ,
3238 5075 3437 5146 ἐνορῶν
3465 5076 3554 5151 τὸν
3586 5060 3840 5148 μὲνπο-

584 5151 705 5216 deo,
742 5151 1017 5207 diabolum
1046 5153 1265 5223 quidem
1293 5154 1360 5209 ad
1392 5155 1638 5209 homines
1680 5157 1966 5211 tentandos
1994 5157 2136 5227 vigi-

2243 5162 2403 5233 νηρὸν
2435 5162 2567 5233 πρὸς
2599 5162 2824 5235 δοκιμὴν
2855 5163 3153 5237 ἀνθρώπων
3183 5166 3541 5239 ἐγρηγορότα,
3579 5171 3715 5236 τοὺς
3768 5175 3838 5230 δὲ

588 5244 717 5309 lare,
750 5245 998 5301 homines
1028 5261 1159 5301 vero
1185 5247 1341 5316 plane
1374 5249 1641 5318 negligere
1686 5250 1913 5305 salutem
1955 5266 2133 5305 suam.

2242 5251 2557 5324 ἀνθρώπους
2583 5255 2681 5324 τῆς
2710 5255 2918 5308 ἑαυτῶν
2965 5257 3233 5327 σωτηρίας
3278 5259 3419 5312 πάνυ
3447 5250 3836 5331 ἀμελοῦντας.

1832 5362 2066 5418 VARI/IS
2133 5364 2535 5421 LECTIONES.

583 5447 701 5535 -ηξθ
727 5446 1035 5535 νωικπάγυ
1071 5449 1267 5535 καλῶς.
1302 5452 1411 5504 Kal
1442 5454 1469 5505 6
1504 5452 1707 5535 ξίέςρος
1725 5454 2091 5535 Λάτξεκρίνατο
2121 5456 2231 5511 des.
2277 5456 2577 5535 inﬂa-‘1’
2602 5457 2967 5535 προλαμϐάνει
2992 5461 3033 5513 0
3060 5499 3075 5525 ,
3115 5460 3300 5535 ineuj.
3347 5478 3519 5535 marg.
3553 5464 3620 5518 al.
3651 5481 3831 5524 man.

588 5516 716 5598 Ῠόθα
762 5519 899 5598 κατὰ
930 5519 1091 5598 νόμου
1124 5519 1405 5598 λεγόμςρα,
1439 5591 1478 5598 __
1513 5516 1689 5598 έῂον
1720 5526 1778 5598 Q.
1822 5516 1959 5598 V_i_d'_._
1981 5541 2152 5598 supra
2176 5542 2242 5598 Ac.
2266 5527 2426 5598 ρϋκ
2453 5516 2704 5598 f‘Melius
2742 5516 2907 5597 σῦνῆν
2934 5529 2989 5582 S.
3063 5516 3073 5525 ’
3112 5530 3157 5561 ⁸⁸
3179 5516 3311 5583 Vbi).
3348 5516 3837 5598 πολυστεκνίαςηξί

587 5586 808 5674 ἀδελφαί
834 5586 1359 5674 desiderantur-ina
1436 5586 1705 5674 ξξείδώλου
1855 5593 2025 5674 διελγ
2170 5595 2231 5674 δέ
2253 5596 2326 5674 C._
2391 5596 2624 5666 δδὲτεροι
2647 5586 2874 5651 Ο.⁵⁶τά’
2908 5599 3219 5670 transcripsi
3241 5600 3364 5656 (ικο
3396 5586 3837 5674 ,(ιυὶνοευηῦυιίὶ

587 5656 859 5723 ἄγνωστον
894 5661 983 5713 καί
1015 5676 1118 5715 non
1145 5661 1377 5715 exhibet.
1448 5661 1489 5693 ⁸⁷
1524 5663 1874 5733 προσεκλύσει
1906 5664 1967 5715 (ἶ.
2043 5665 2088 5695 ⁸³
2118 5666 2262 5734 ἡμᾶς
2289 5668 2353 5717 0.
