4068 6338
268 364 372 419 H5

263 474 685 548 Ἐμηκανήσατο
729 479 838 552 γὰρ
884 485 994 546 τοῖς
1039 485 1147 537 ἀπὸ

248 566 357 619 τῶν
391 569 656 645 ἐπιγείων.
683 569 885 636 ξοάνων
921 574 1199 630 πείθεσθαι
1227 579 1272 610 ⁸³
1306 579 1388 634 ὅτι
1427 583 1528 637 οὐκ
1561 585 1668 639 εἰσὶ
1694 566 1824 653 θεοὶ,

247 659 450 730 ἐτέρων
507 661 717 718 πολλῶν
762 663 900 719 θεῶν
942 667 1100 732 δόξας
1141 669 1490 741 εἰσενεγκεῖν,
1539 676 1686 742 ὅπως
1732 680 1826 733 ὲάν

245 750 566 807 παύσωνται
612 755 713 826 τῆς
756 757 907 812 κάτω
941 758 988 791 ⁸⁸
1045 760 1503 834 πολυθεομανίας,
1547 767 1746 840 ἑτέρως
1789 771 1822 843 ἢ

243 846 336 898 καὶ
365 848 550 917 χεῖρον
581 848 723 904 κατά
751 850 854 921 τῆς
879 851 972 905 τοῦ
1001 852 1134 907 Θεοῦ
1168 858 1463 928 μοναρχίας
1482 859 1657 930 λέγειν
1677 864 1822 918 ἀπα-

239 935 588 1008 τηθήσονταιο
623 939 709 993 ἴνα
739 942 1008 1013 μηδέποτε
1029 943 1098 998 τὰ
1119 946 1220 1018 τῆς
1243 949 1538 1021 μοναρχίας
1564 957 1823 1028 προτιμή-

239 1043 430 1092 σαντες
473 1030 764 1086 οὐπώποτε
795 1034 978 1099 ἐλέους
1021 1041 1206 1108 τυχεῖν
1236 1039 1556 1113 δυνηθῶσιν.
1605 1046 1819 1120 Ταύτης

235 1117 288 1171 δὲ
317 1120 415 1190 τῆς
438 1122 648 1194 τόλμης
677 1125 837 1179 ἕνεκα
879 1128 907 1180 ὁ
933 1129 1114 1200 Σίμων
1143 1134 1265 1194 ταῖς
1295 1133 1514 1204 ψευδέσι
1541 1137 1648 1191 τῶν
1674 1140 1714 1192 Γ
1717 1157 1816 1210 ρα-

234 1212 348 1280 φῶν
387 1219 722 1287 περικοπαῖς
751 1218 1094 1292 ὡπλισμένος
1127 1223 1383 1297 πολεμεῖν
1408 1229 1539 1300 ἡμῖν
1579 1233 1813 1304 προσέρ-

232 1321 400 1372 χεται.
436 1308 548 1360 Καὶ
571 1307 634 1362 τὸ
660 1310 978 1384 δεινότερον,
1006 1314 1088 1369 ὅτι
1109 1316 1201 1386 ἀφ’
1223 1310 1299 1372 ὧν
1319 1319 1380 1373 οὐ
1407 1320 1452 1352 ⁸⁸
1479 1322 1811 1380 πεπίστευκε

232 1399 524 1468 προφητῶν
548 1402 773 1456 τοιαῦτα
816 1403 1158 1477 δογματίζειν
1190 1410 1332 1465 κατὰ
1353 1413 1446 1467 τοῦ
1479 1413 1644 1480 ὅντως
1675 1416 1810 1472 Θεοῦ

230 1493 288 1543 οὐ
317 1492 648 1564 πεφόϐηται.

295 1604 374 1658 ιν.
427 1608 542 1662 Καὶ
585 1611 718 1680 ἡμῖν
767 1611 867 1683 μὲν
893 1615 1007 1678 τοῖς
1041 1614 1107 1668 ἐκ
1137 1616 1416 1688 προγόνων
1446 1621 1807 1693 παρειληφόσι

224 1697 315 1750 τὸν
339 1699 404 1751 τὰ
437 1700 620 1756 πάντα
663 1703 924 1759 κτίσαντα
968 1707 1078 1779 79
1112 1708 1292 1764 σέϐειν
1318 1711 1470 1778 Θεὸν,
1509 1712 1590 1767 ἔτι
1618 1715 1675 1768 δὲ
1712 1719 1806 1771 καὶ

1397 374 1858 439 CLEMENTINA.
1892 413 1961 426 —
1995 385 2275 442 HOMILIA
2307 389 2396 444 Ill.

1190 485 1360 540 ἐθνῶν
1410 490 1660 560 μέλλουσι
1701 513 1792 568 περ

1890 501 2235 562 LGentilibus
2281 508 2450 575 enim,
2490 511 2582 580 qui
2632 520 2842 568 terrena
2900 517 3192 589 simulacra
3236 523 3496 582 credituri

3401 407 3501 464 iu

1926 609 2083 652 erant
2121 614 2230 654 nou
2277 615 2398 658 esse
2441 602 2593 670 deos,
2631 606 2976 666 machinatus
3015 623 3100 668 est
3148 613 3495 674 introducere

1927 688 2214 758 opiniones
2262 691 2332 748 de
2379 695 2572 752 multis
2632 697 2755 754 aliis
2799 699 2940 768 diis;
2993 714 3052 759 ut
3084 707 3130 761 si
3171 723 3202 764 a
3249 714 3501 768 terrestri-

1925 781 2219 837 multorum
2249 784 2474 840 deorum
2504 800 2786 846 cessarent
2821 791 3056 862 insania,
3083 799 3187 854 alia
3213 803 3296 857 vel
3321 805 3490 875 pejori

1923 871 2117 930 fraude
2156 889 2346 932 contra
2379 878 2472 935 Dei
2518 884 2894 940 monarchiam
2942 903 3007 943 ac
3048 871 3492 968 unitatem—loqui

1922 968 2397 1037 compellerentur,
2448 987 2537 1036 ne,
2580 973 2885 1031 doctrinam
2938 979 3006 1035 de
3033 996 3143 1035 uno
3184 985 3487 1058 principatu

1920 1059 2143 1113 maximi
2173 1060 2454 1131 facientes,
2474 1081 2711 1137 unquam
2744 1070 2958 1138 possint
2987 1077 3247 1146 consequi
3278 1080 3490 1135 miseri-

1919 1150 2182 1206 cordiam.
2228 1152 2341 1210 lloc
2367 1156 2438 1210 ob
2461 1157 2638 1213 audax
2684 1159 2899 1218 facinus
2915 1161 3116 1220 Simon
3151 1166 3302 1226 falsis
3339 1170 3488 1226 Scri-

1918 1251 2200 1309 pturarum
2247 1247 2582 1306 sectionibus
2626 1262 2872 1310 armatus
2909 1257 3060 1312 venit
3090 1259 3156 1313 ad
3186 1276 3287 1316 nos
3314 1278 3486 1332 oppu-

1916 1335 2180 1401 gnandos.
2215 1335 2483 1409 Quodque
2513 1343 2895 1413 gravissimum
2927 1357 3032 1415 est,
3075 1351 3178 1406 ista
3223 1353 3484 1411 adversus

1915 1423 2084 1480 Deum
2113 1444 2302 1484 verum
2333 1447 2399 1487 ex
2429 1435 2734 1505 prophetis,
2764 1439 2967 1509 quibus
2993 1450 3171 1498 tamen
3217 1460 3325 1500 non
3365 1463 3483 1507 cre-

1910 1517 2010 1586 dit,
2039 1521 2235 1578 docere
2264 1540 2372 1580 non
2399 1536 2634 1585 veretur.

1975 1611 2063 1669 IV.
2097 1612 2162 1669 Et
2204 1618 2423 1686 quidem
2459 1621 2748 1678 adversum
2795 1640 2918 1690 nos,
2967 1627 3062 1697 qui
3107 1644 3139 1683 a
3166 1631 3480 1701 Lmajoribus

1909 1707 2116 1761 cultum
2145 1710 2391 1764 oumium
2435 1713 2736 1771 conditoris
2777 1715 2871 1772 Dei
2898 1720 3212 1791 accepimus
3244 1740 3342 1780 nec
3368 1743 3474 1782 non

223 1789 328 1842 τῶν
399 1792 625 1865 ἀπατᾷν
688 1796 1000 1868 δυναμένων
1069 1801 1267 1872 βίϐλων
1331 1804 1394 1858 τὸ
1458 1807 1792 1878 μυστήριον,

1911 1795 2326 1868 Scripturarnm
2355 1802 2607 1873 decipere
2632 1807 2926 1864 valentium
2954 1789 3300 1883 mysterium,
3341 1819 3475 1872 nihil

221 1883 369 1936 οὐδὲν
414 1885 732 1957 δυνήσεται,
778 1893 892 1955 τοῖς
935 1892 991 1945 δὲ
1022 1892 1132 1947 ἀπὸ
1175 1894 1364 1960 ὲθνῶν,
1395 1898 1494 1968 τὴν
1545 1898 1804 1954 πολύθεον

221 1976 492 2049 {infandam
543 1980 839 2053 σύντροφον
892 1983 1128 2055 ἔχουσιν,
1181 1989 1276 2042 καὶ
1323 1989 1433 2044 τῶν
1473 1991 1703 2062 Γραφῶν
1735 1994 1804 2049 τά

217 2069 381 2138 ψευδῆ
430 2071 536 2124 οὐκ
565 2072 785 2138 εἰδόσιν,
822 2076 954 2130 πολὺ
977 2078 1281 2150 δυνήσεται·
1321 2082 1382 2134 οὐ
1416 2083 1576 2153 μόνον
1616 2085 1800 2149 αὐτὸς,

215 2161 326 2212 ἀλλ’
352 2163 403 2214 εί
432 2166 533 2218 καὶ
559 2165 717 2230 ἄλλος
749 2185 834 2231 τις
863 2172 971 2232 τοῖς
998 2170 1108 2224 ἀπὸ
1151 2172 1320 2226 ἐθνῶν
1367 2174 1507 2230 κατά
1535 2175 1628 2229 τοῦ
1665 2177 1801 2232 Θεοῦ

216 2256 364 2308 κενόν
386 2256 436 2288 ⁸⁸
473 2239 600 2311 τινα
635 2259 819 2329 ὅμοιον
850 2262 1058 2334 ὀνείρῳ,
1093 2264 1360 2329 πλουσίως
1392 2269 1800 2340 κεκοσμημένον

213 2349 556 2421 ὑφηγήσεται
587 2350 776 2422 μῦθον,
807 2355 1252 2426 πιστευθήσεται,
1285 2357 1359 2428 τῷ
1384 2359 1449 2411 ἐκ
1478 2360 1682 2413 παίδων
1707 2361 1798 2414 τὸν

212 2441 332 2493 νοῦν
381 2442 572 2496 αὐτῶν
606 2443 678 2498 τὰ
721 2445 866 2499 κατὰ
909 2445 1002 2500 τοῦ
1025 2448 1162 2501 Θεοῦ
1210 2439 1489 2521 λεγόμενα
1517 2450 1796 2522 ἐθισθῆναι

211 2533 510 2603 λαμϐάνειν
539 2534 607 2587 ⁸³.
640 2536 864 2592 Σπάνιοι
889 2538 946 2592 δέ
976 2556 1120 2604 τινες
1147 2541 1196 2593 οί
1229 2541 1328 2612 μὲν
1354 2541 1532 2596 αὐτῶν
1559 2542 1793 2608 ἔσονται,

212 2626 283 2689 ὡς
316 2628 382 2683 ἐκ
416 2626 665 2698 πλήθους
710 2630 901 2699 ὀλίγοι,
945 2632 1142 2696 οἵτινες
1171 2632 1240 2686 δι’
1269 2633 1686 2705 εὐγνωμοσύνην
1732 2637 1792 2689 οὐ

212 2719 495 2790 θελήσουσι
539 2721 685 2775 κατά
712 2722 805 2777 τοῦ
833 2723 902 2777 τὰ
930 2725 1109 2779 πάντα
1139 2725 1420 2791 κτίσαντος
1451 2718 1586 2781 Θεοῦ
1623 2729 1792 2782 κακὸν

212 2809 358 2878 λόγον
405 2811 546 2866 αὐτὸ
587 2813 633 2844 ⁵⁸
666 2813 772 2868 κᾶν
820 2815 1050 2869 ἀκοῦσαι
1097 2815 1408 2893 μόνονοοοίς
1458 2820 1639 2891 μόνοις
1685 2823 1792 2876 ἀπὸ

211 2902 372 2956 ἐθνῶν
421 2899 545 2958 οὖσι
582 2905 823 2978 σωθῆναι
865 2910 1172 2981 γενήσεται.
1210 2911 1302 2982 Μὴ
1334 2907 1426 2966 οὖν
1457 2914 1590 2984 ἡμῖν
1622 2913 1670 2948 ⁸⁵
1705 2933 1792 2980 τις

208 2994 291 3047 τὸν
322 2995 553 3068 Σίμωνα
577 2998 854 3063 παντελῶς
886 3001 1201 3072 μεμφέσθω,
1232 3003 1265 3073 ἢ
1313 3004 1407 3057 καὶ
1437 3003 1596 3059 ἄλλον
1640 3006 1786 3060 τινάο

209 3087 351 3139 οὐδὲν
383 3087 500 3162 γὰρ
539 3090 742 3154 ἀδίκως
773 3091 1002 3160 γίνεται,
1031 3094 1166 3146 ὅπου
1197 3095 1292 3148 καὶ
1318 3095 1388 3149 τὰ
1421 3096 1530 3149 τῶν
1553 3097 1786 3168 Γραφῶν

204 3177 364 3250 ψευδῆ
398 3179 644 3249 εὐλόγως
671 3182 808 3254 πρὸς
833 3184 1061 3256 δοκιμὴν
1089 3185 1278 3256 ἔχοντα
1306 3190 1580 3260 τυγχάνει.

271 3268 333 3324 V.
368 3271 549 3340 Κάγὼ
584 3273 814 3346 Κλήμης
841 3276 1080 3341 ἀκούσας
1107 3277 1261 3350 ἔφην’
1299 3281 1423 3345 Πῶς
1453 3282 1652 3352 λέγεις,
1686 3283 1786 3338 κύ-

207 3380 303 3433 ριε,
330 3366 424 3418 καὶ
442 3364 517 3418 τὰ
544 3365 656 3418 τῶν
676 3366 905 3438 Γραφῶν
929 3368 1100 3441 ψευδῆ
1127 3370 1364 3440 εὐλόγως
1393 3374 1530 3442 πρὸς
1553 3374 1784 3446 δοκιμὴν

201 3456 500 3531 ἀνθρώπων
520 3457 698 3529 ἐχειν;
728 3460 784 3512 '0
801 3460 856 3513 δὲ
875 3461 1224 3534 ἀπεκρίνατο·
1242 3463 1322 3518 Τὰ
1333 3464 1500 3537 ψευδῆ
1518 3467 1626 3521 τῶν
1644 3468 1784 3540 Γρα-

200 3548 311 3614 φῶν
355 3551 629 3622 αἰτήματι
680 3551 880 3616 κακίας
929 3553 1124 3625 δικαίῳ
1165 3556 1273 3610 τινὶ
1318 3557 1460 3629 λόγῳ
1505 3561 1782 3631 γραφῆναι

202 3643 577 3716 συνεχωρήθη.
621 3643 872 3713 Εὐλόγως
913 3645 971 3700 δὲ
995 3646 1042 3677 ⁸⁸
1088 3645 1231 3717 λέγω
1273 3649 1467 3714 οὕτως.
1529 3654 1617 3707 Ἐν
1659 3657 1781 3720 ταῖς

202 3734 491 3804 θεολογίαις
514 3739 544 3790 ό
574 3737 805 3809 πονηρὸς
831 3737 924 3792 τοῦ
955 3738 1161 3808 ἀγαθοῦ
1192 3741 1282 3795 τὸν
1311 3742 1444 3797 Θεὸν
1486 3746 1586 3800 οὐκ
1621 3747 1779 3802 ἐλατ-

203 3843 284 3880 τον
317 3828 550 3896 ἀγαπῶν
583 3829 664 3882 ἑνὶ
715 3829 860 3900 μόνῳ
902 3829 1254 3888 ἀπολείπεται
1291 3834 1386 3888 τοῦ
1422 3836 1650 3905 ἀγαθοῦ,
1695 3840 1777 3894 δτι

205 3920 289 3972 καὶ
315 3920 423 3973 τῶν
468 3921 694 3989 ἀγνοίας
723 3923 872 3994 αἰτία
900 3922 1238 3978 ἀσεϐούντων
1274 3926 1336 3978 οὐ
1369 3927 1772 3997 συγ-γινώσκων,

209 4015 395 4084 στοργῇ
441 4015 508 4084 τῇ
542 4013 681 4084 πρὸς
720 4012 782 4066 τὺ
813 4014 1199 4086 ἀσεϐούμενον,
1228 4017 1340 4088 80
1367 4018 1474 4073 τῶν
1513 4021 1774 4075 ἀσεϐούν-

207 4117 302 4155 των
343 4103 608 4175 ἐπιθυμεῖ
642 4104 734 4158 τὸν
765 4105 1008 4178 ὄλεθρον,
1053 4108 1082 4160 ό
1127 4107 1183 4162 δὲ
1201 4108 1245 4140 ⁸⁷
1277 4110 1375 4182 τὴν
1410 4109 1552 4164 ἴασιν
1591 4113 1774 4178 αὐτοῖς

209 4195 545 4266 προσψέρειν.
577 4197 634 4250 'U
649 4197 758 4269 γὰρ
775 4197 978 4267 ἀγαθὸς
1003 4200 1184 4254 ίᾶσθαι
1209 4200 1416 4266 πάντας
1435 4202 1576 4257 θέλει
1596 4206 1642 4238 ⁸⁸
1652 4209 1772 4271 ταῖς

209 4287 600 4357 μεταμελείαις,
649 4287 807 4354 σώζει
838 4288 894 4342 δὲ
929 4290 1119 4361 μόνους
1163 4293 1289 4357 τοὺς
1333 4295 1635 4362 ἐγνωκότας
1679 4298 1770 4352 τὸν

204 4377 342 4430 Θεόψ
364 4381 494 4440 τοὺς
523 4380 582 4433 δὲ
610 4381 936 4449 ἀγνοοῦντας
962 4383 1060 4435 οὐκ
1085 4384 1249 4448 ἰᾶται,
1279 4384 1376 4455 οὐχ
1404 4385 1486 4439 ὃτι
1512 4388 1573 4440 οὐ
1600 4388 1764 4456 θέλει,

201 4471 303 4523 ἀλλ’
331 4473 411 4526 ὅτι
445 4472 548 4526 οὐκ
577 4472 783 4538 ἔξεστιν
818 4473 887 4526 τὰ
912 4475 1290 4546 ἡτοιμασμένα
1325 4479 1436 4540 τοῖς
1483 4479 1620 4542 υἱοῖς
1666 4482 1766 4553 τῆς

200 4563 468 4628 βαπλείας
487 4563 668 4633 ἀγαθά
694 4567 805 4629 τοῖς
831 4563 922 4619 διὰ
945 4565 1006 4619 τὸ
1031 4565 1340 4638 ἀδιάκριτον
1367 4567 1583 4638 ἀλόγοις
1604 4570 1764 4637 ζώοις

197 4657 606 4731 παρεικασθεῖσι
626 4660 944 4730 παρασχεῖν.

259 4840 348 4896 Ἣ.
380 4843 490 4895 Τοῦ
528 4840 648 4906 ἑνὸς
683 4841 780 4896 καὶ
805 4841 965 4913 μόνου
994 4839 1152 4906 Θεοῦ,
1180 4841 1270 4896 τοῦ
1303 4843 1394 4896 τὸν
1423 4843 1626 4915 κόσμον
1661 4862 1760 4899 πε-

190 4937 474 5006 ποιηκὰτος
519 4935 616 4989 καὶ
645 4935 791 5006 ἡμᾶς
827 4933 1110 5000 κτίσαντος
1150 4937 1244 4989 καὶ
1275 4935 1448 4990 πάντα
1481 4954 1760 5010 παρεσχη-

1907 1891 2144 1959 poterit:
2177 1904 2368 1950 contra
2397 1913 2527 1952 vero
2558 1901 2805 1968 gentiles,
2839 1903 2894 1958 in
2921 1907 3217 1962 multorum
3241 1910 3471 1968 deorum

1905 1983 2164 2052 opinione
2212 1987 2474 2055 nutritos,
2524 1991 2948 2066 ignorantesque
2990 1997 3288 2072 Scripturze
3317 2019 3471 2060 men—

1903 2075 2079 2143 dacia,
2112 2079 2312 2135 valebit
2337 2082 2632 2150 plurimum
2660 2104 2673 2140 :
2705 2103 2813 2142 non
2844 2091 3008 2146 modo
3038 2093 3174 2162 ipse,
3202 2097 3296 2151 sed
3332 2107 3387 2152 et
3421 2100 3501 2156 si.

1902 2167 2027 2236 quis
2069 2169 2210 2226 alius
2249 2172 2481 2229 ctlmicis
2515 2191 2712 2233 vanam
2748 2180 2986 2250 aliquam
3012 2184 3068 2239 in
3112 2185 3281 2242 Deum
3313 2189 3472 2244 fabu-

1899 2259 2032 2324 lam,
2065 2261 2299 2318 similem
2333 2268 2551 2322 somnio
2595 2272 2987 2344 opulenterque
3024 2288 3275 2336 ornatam
3306 2298 3468 2338 cnar-

1900 2354 2119 2420 raverit,
2145 2357 2432 2424 credetur;
2460 2361 2604 2430 quod
2631 2378 2661 2417 a
2690 2367 2923 2434 pueritia
2952 2385 3106 2427 mens
3137 2387 3329 2430 eorum
3374 2391 3466 2431 sn-

1898 2444 1992 2500 lita
2023 2455 2108 2500 est
2154 2461 2437 2506 sermones
2479 2451 2744 2511 adversus
2777 2457 2947 2514 Deum
2989 2464 3289 2533 suscipere.
3337 2465 3464 2522 Rari

1897 2546 2077 2593 autem
2113 2539 2257 2595 inter
2280 2556 2377 2598 eos
2407 2555 2586 2612 erunt,
2615 2556 2673 2602 ut
2701 2563 2731 2603 e
2760 2552 3110 2609 multitudine
3140 2559 3320 2626 pauci,
3367 2562 3466 2631 qui

1895 2629 1966 2684 oh
1991 2645 2206 2701 aequum
2240 2634 2484 2690 animum
2524 2639 2710 2693 nolent
2737 2643 2880 2696 malo
2909 2643 2963 2698 in
2996 2649 3242 2702 omnium
3281 2653 3467 2706 condi-

1895 2728 2067 2776 torem
2104 2721 2274 2778 Deum
2300 2728 2541 2782 sermoni
2567 2731 2652 2785 vel
2681 2748 2870 2788 aurem
2893 2736 3159 2794 duntaxat
3183 2744 3458 2814 praebere;

1893 2814 2095 2884 quibus
2117 2817 2250 2874 solis
2279 2819 2514 2876 ethnicis
2546 2823 2746 2878 salvari
2778 2828 3074 2900 continget.
3097 2829 3270 2888 Nemo
3297 2837 3464 2906 igitur

1894 2909 2052 2964 nobis
2075 2910 2142 2965 de
2181 2909 2405 2967 Simone
2439 2914 2658 2984 penitus
2698 2930 3086 2989 conqueratur,
3122 2925 3205 2979 vel
3231 2927 3300 2982 de
3322 2943 3462 2997 quo-

1891 3017 2058 3072 quam
2088 3003 2218 3058 alio.
2251 3003 2395 3060 Nihil
2422 3007 2567 3062 enim
2616 3009 2824 3079 injuste
2847 3013 3079 3082 accidit;
3113 3020 3461 3091 quandoqqu

1895 3095 2016 3148 dem
2057 3104 2112 3148 et
2154 3095 2560 3166 Scripturarum
2591 3103 2872 3159 mendacia
2905 3105 3028 3174 jure
3070 3109 3137 3164 ad
3176 3111 3457 3168 hominum

1810 3183 1854 3241 C
1888 3187 2262 3257 probationem
2287 3191 2466 3260 posita
2496 3203 2646 3249 sunt.

1957 3277 2023 3332 ν.
2073 3278 2196 3346 Quo
2224 3282 2413 3337 audito
2439 3299 2540 3356 ego
2567 3286 2818 3346 Clemens
2857 3291 2972 3346 dixi
3005 3313 3018 3348 :
3052 3293 3171 3360 Qua
3208 3297 3458 3367 ratione,

1884 3370 1987 3437 ais,
2019 3370 2261 3439 domine,
2303 3383 2358 3430 et
2385 3373 2793 3447 Scripturarum
2834 3385 3116 3441 mendacia
3153 3389 3349 3446 merito
3387 3394 3456 3448 ad

1883 3463 2167 3519 hominum
2215 3468 2591 3537 probationem
2621 3473 2798 3542 posita
2835 3476 3040 3532 fuisse?
3065 3477 3160 3535 Ille
3195 3497 3327 3538 vero
3367 3501 3453 3540 rem

1880 3557 2100 3624 spondit
2126 3575 2140 3612 :
2172 3555 2452 3616 Mendacia
2487 3561 2987 3632 Scripturarum,ex
3013 3572 3236 3628 malitia:
3259 3586 3450 3646 postu-

1880 3647 2103 3713 latione,
2145 3650 2292 3721 justa
2321 3653 2534 3709 ratione
2572 3658 2841 3726 permissa
2873 3670 3002 3716 sunt
3031 3665 3218 3720 scribi.
3257 3665 3450 3723 Merito

1879 3749 2059 3796 autem
2083 3741 2206 3797 dico
2233 3744 2332 3799 sic.
2360 3744 2416 3798 ιιι
2446 3746 2718 3818 theologia
2745 3757 2798 3805 et
2827 3752 3087 3822 religione
3119 3757 3315 3820 malus,
3341 3775 3445 3814 non

1877 3831 2062 3888 minus
2091 3832 2320 3906 diligens
2349 3833 2519 3890 Deum
2543 3853 2706 3906 quam
2741 3839 2920 3896 bonus
2951 3843 3007 3897 in
3038 3860 3150 3900 uno
3181 3854 3390 3902 tantum
3414 3866 3443 3903 a

1875 3923 2020 3980 bono
2068 3935 2376 3995 superatur,
2421 3928 2567 3998 quod
2614 3930 2805 3988 nolens
2857 3948 3082 4003 parcere
3111 3937 3198 4004 iis,
3242 3939 3334 4008 qui
3378 3956 3439 3994 ex

1875 4016 2182 4087 ignorantia
2213 4019 2366 4088 impii
2395 4031 2544 4086 sunt,
2573 4037 2759 4078 amore
2793 4024 2846 4078 in
2880 4026 3012 4082 illud
3041 4030 3187 4098 quod
3216 4046 3324 4084 non
3349 4047 3448 4086 co-

1872 4107 2042 4176 litur,
2087 4109 2520 4180 irreligiosorum
2572 4114 2847 4173 desiderat
2903 4117 3207 4188 interitum,
3265 4122 3440 4178 bonus

1874 4215 2006 4255 vero
2034 4201 2168 4271 ipsis
2196 4202 2392 4260 oﬂerre
2417 4205 2732 4262 sanitatem.
2755 4207 3044 4266 Vultenim
3071 4224 3301 4268 cunctos
3324 4231 3439 4285 pue-

1870 4292 2097 4348 nitentia
2125 4309 2319 4350 sanare
2344 4313 2357 4350 :
2384 4307 2564 4353 servat
2591 4309 2772 4354 autem
2795 4315 2889 4356 eos
2914 4310 3124 4358 tantum
3149 4305 3242 4375 qui
3267 4304 3436 4361 Deum

1869 4396 2239 4455 cognoscunt;
2301 4397 2358 4443 at
2392 4405 2488 4444 eos
2552 4392 2646 4461 qui
2701 4409 2825 4448 cum
2886 4394 3140 4464 ignorant
3191 4413 3302 4453 non
3349 4416 3439 4454 sa-

1869 4486 1985 4545 nat,
2029 4494 2138 4533 non
2180 4481 2326 4550 quod
2354 4482 2510 4548 nolit,
2541 4483 2635 4538 sed
2666 4484 2797 4554 quia
2839 4501 2944 4540 non
2975 4487 3102 4542 licet
3140 4489 3281 4544 bona
3313 4491 3439 4549 ﬁliis
3485 4561 3488 4565 ι

1867 4570 2018 4639 regni
2047 4581 2349 4642 praeparata
2380 4573 2620 4630 tribuere
2652 4576 2990 4644 hominibus,
3019 4582 3113 4650 qui
3137 4583 3208 4637 oh
3228 4582 3437 4640 discre-

1866 4661 2032 4719 tionis
2055 4664 2416 4736 privationem
2448 4668 2735 4724 assimilati
2767 4681 2895 4726 sunt
2924 4671 3100 4730 brutis
3129 4675 3432 4731 animanti-

1861 4752 1988 4812 bus.

1935 4845 2024 4900 Vl.
2051 4845 2227 4904 Unius
2258 4863 2321 4905 ac
2352 4850 2524 4907 solius
2599 4852 2712 4920 Dei,
2764 4856 2859 4926 qui
2918 4857 3184 4914 mundum
3216 4859 3347 4916 fecit
3373 4872 3430 4917 et

1859 4956 1960 4996 nos
2001 4942 2206 4996 creavit
2252 4954 2305 4998 et
2327 4947 2510 5000 omnia
2561 4948 2811 5016 praebuit,
2860 4966 2923 5005 ea
2969 4959 3165 5008 natura
3209 4962 3329 5019 est,
3369 4965 3429 5010 ut

187 5030 358 5093 κὰτος,
395 5028 622 5100 τοιαύτη
653 5029 892 5097 πέφυκεν
931 5028 1121 5098 φύσις,
1156 5030 1357 5095 παντὸς
1403 5033 1503 5104 ἢδη
1551 5033 1680 5088 ποτὲ
1709 5035 1754 5068 ⁵³

1890 5033 2097 5089 nimam
2129 5035 2417 5105 cujuslibet
2470 5039 2611 5093 intra
2659 5041 2876 5110 pietatis
2922 5043 3127 5100 limites
3173 5046 3336 5115 positi
3374 5057 3428 5101 et

187 5121 332 5184 ἐντὸς
354 5123 498 5193 ὅρων
538 5119 847 5184 θεοσεϐείας
879 5121 1050 5184 ὄντος,
1081 5121 1176 5176 καὶ
1206 5123 1280 5194 μὴ
1308 5122 1752 5197 βλασφημοῦντος

1890 5135 2104 5182 anetum
2116 5128 2236 5198 ejus
2249 5127 2510 5198 Spiritum
2531 5147 2638 5186 non
2665 5133 3193 5204 blasphemantis,ad
3213 5139 3428 5206 se,cha-

183 5213 341 5268 αὐτοῦ
371 5212 437 5270 τὸ
482 5214 634 5282 ἆγιον
677 5210 918 5282 Πνεῦμα,
969 5215 1167 5285 στοργῇ
1193 5216 1264 5286 τῇ
1303 5215 1439 5288 πρὸς
1477 5217 1637 5272 αὐτὸν
1670 5219 1760 5286 εἰς·

1859 5219 2027 5277 ritate
2044 5235 2172 5292 erga
2203 5222 2351 5278 hunc
2376 5223 2675 5293 hominem,
2707 5228 2965 5296 adducat,
2995 5245 3091 5300 per
3113 5238 3429 5301 respectum

1449 5351 1682 5408 VARUE
1736 5353 2154 5412 .LECTIONES.

245 5441 290 5470 δ’
322 5441 736 5526 πεισθεσθαιουε
771 5443 826 5526 ξθ
848 5445 1139 5526 κάτωμιοη
1170 5446 1418 5526 omittere
1439 5444 1669 5526 debebat
1721 5447 1778 5503 S.

1890 5450 2090 5526 thindeA
2127 5451 2226 5526 O,_
2252 5453 2735 5526 πολυθεουμανίας.

1586 5517 1792 5596 Ολ,εε(

1890 5520 2014 5574 alim
2037 5521 2276 5596 πλουσίω
2294 5517 2552 5596 (πλουσίῴ
2573 5523 2615 5581 C
2644 5567 2658 5590 ,
2682 5517 2950 5592 πλουσίως
2967 5528 3033 5582 de
3057 5526 3428 5596 conjectura)-

179 5509 220 5543 ’³
248 5512 432 5566 καινόν
458 5516 502 5566 0
531 5551 550 5578 ,
575 5512 672 5583 qui
700 5512 895 5571 deinde
916 5515 1108 5618 ovsffm
1141 5531 1190 5571 c.
1221 5514 1283 5571 Ι).
1314 5516 1392 5618 adv
1425 5515 1480 5569 εἴ

181 5582 594 5618 κενηη...ηέι.ρ-
629 5597 661 5618 η
718 5601 1004 5618 ...Μυκη
1041 5604 1128 5618 ..λη
1155 5592 1197 5618 η
1291 5587 1312 5618 ιι
1373 5587 1480 5618 Ιιηι

180 5533 219 5543 --
248 5533 432 5566 καινον
458 5533 502 5566 υ
531 5551 550 5578 ,
575 5533 672 5583 qut
700 5533 895 5571 uernae
916 5533 1024 5570 ονει
1141 5533 1190 5571 c.
1221 5533 1283 5571 υ.
1314 5533 1392 5618 ιὶον
1425 5533 1559 5641 usus
1586 5533 1614 5570 ι

180 5582 598 5656 Κεκοσμηθέντα
629 5597 680 5653 p.
718 5533 1128 5711 κεκοσμημλῗὲν
1155 5592 1218 5640 υ.
1291 5587 1312 5618 ⁵
1373 5587 1450 5642 Ita
1561 5596 1614 5643 et

180 5653 326 5708 αὐτόν
355 5655 435 5711 vel
467 5652 647 5708 αὐτοί.
690 5653 938 5711 Frustra.
991 5655 1079 5711 ‘fr.
1110 5656 1257 5711 hom.
1289 5670 1371 5711 ιιι.
1401 5657 1447 5711 9.
1490 5655 1548 5711 S.

2838 5458 2884 5491 “
2917 5459 2977 5512 οὐ
3012 5473 3118 5512 non
3149 5467 3232 5514 est
3260 5457 3314 5512 in
3347 5456 3415 5516 Ο.

1739 5591 2016 5662 ingma_rg.,
2045 5591 2311 5662 λαμϐάνει
2338 5595 2390 5649 in
2444 5591 2611 5650 textu.
2644 5597 2690 5629 ⁸⁷⁵
2722 5599 2852 5652 αὐτό
2878 5591 2942 5652 Ci
2971 5591 3175 5651 mutari
3206 5599 3323 5652 vult
3362 5591 3426 5652 in;

180 5653 326 5708 αὐτόν
354 5652 446 5750 ἢεί
467 5652 647 5750 affet.
669 5652 1079 5750 γΕἰξιιεξιέιὶζείικ
1110 5656 1371 5750 homini,
1707 5660 1792 5750 2p:

1890 5652 1970 5750 ϐξ
2002 5652 2068 5694 ’⁸⁸
2099 5652 2300 5750 δέοιιιλ
2456 5666 2505 5750 :7
2526 5666 2728 5750 οὐδίι).
2755 5668 2874 5750 ό-δέ
2905 5666 3150 5750 ὕπτιιιξι,
3172 5668 3427 5750 προσιτέο-

182 5739 281 5790 per)
317 5742 395 5782 sc.
423 5724 694 5848 ἐπιθυέιεῖ
721 5723 782 5790 S,
819 5741 870 5782 c.
915 5724 959 5779 υ
987 5767 1002 5792 ,
1031 5725 1356 5807 προσφέρων
1398 5726 1461 5794 C,
1492 5726 1555 5782 0.
1631 5728 1678 5762 ⁸⁸
1711 5723 1792 5783 θὲλ

182 5792 232 5848 0.
259 5796 542 5848 olidi-mre.
624 5794 829 5848 ubinde
857 5795 1006 5848 ἐντὸς
1036 5797 1176 5848 ὅρων
1201 5793 1245 5848 Ο
1291 5813 1342 5848 ιιι
1369 5806 1541 5848 textu.
1569 5799 1632 5848 ad
1655 5815 1792 5848 oranr

1890 5731 2087 5797 πάντας
2118 5737 2179 5787 o.
2255 5734 2300 5766 ιο
2332 5734 2406 5790 Ita
2456 5735 2511 5799 ε,
2548 5752 2598 5792 c.
2630 5723 2716 5800 θ’,
2755 5739 2845 5791 lllc
2876 5737 3020 5807 conj.
3044 5723 3422 5810 assuage-

1890 5816 1973 5848 an-
2001 5805 2069 5848 nl,
2109 5804 2236 5848 ἷσιιιε
2267 5805 2424 5848 ἐντάτ-
2459 5808 2500 5848 1ἶ
2555 5807 2715 5848 ιιιΙίιΙίι
2740 5809 2888 5848 Eun‘m
2919 5806 3030 5848 ﬁam
3073 5807 3210 5848 Tum
3246 5809 3422 5848 mm.

180 5792 232 5856 0,
259 5796 542 5870 adﬁrmes.

179 5865 462 5938 ςυμοῦντος
495 5882 612 5922 scr.
643 5865 714 5920 Ο.

663 5794 829 5882 binde
857 5795 1006 5861 ἐντὸς
1036 5793 1260 5868 δρωνυ
1291 5797 1342 5850 in
1369 5793 1541 5862 ιρχιυ,
1569 5799 1632 5854 ad
1655 5815 1792 5856 oratr

1890 5816 1973 5858 an.
2001 5793 2082 5859 at:
2109 5804 2236 5868 ἴσως
2267 5793 2508 5870 ἐκτός.ι;⁷
2555 5793 2888 5871 camitem;
2919 5793 3049 5881 δρῖρ.
3073 5793 3212 5864 Tu‘m
3243 5793 3426 5882 ﬁtpr
