4068 6338
279 322 389 378 H7

1405 336 1860 395 CLEMENTINA.
1897 372 1965 383 —
1997 343 2279 401 HOMILIA
2317 346 2405 403 Ill.

3411 358 3511 414 "8

275 437 582 507 ἀνθρώπων
626 443 845 513 στοργή.
907 444 1073 508 Εἰδὼς
1113 446 1167 499 δὲ
1227 448 1271 479 ⁷³
1314 451 1342 502 6
1387 453 1637 522 πονηρὸς,
1692 455 1816 524 ημῶ

1915 461 2157 517 ~minum
2184 479 2309 535 erga
2352 463 2541 518 Deum.
2589 464 2787 521 Videns
2830 479 3007 525 autem
3055 474 3228 529 malus
3258 473 3514 533 festinare

278 532 620 587 σπευδόντων
649 537 760 597 τοῖς
791 534 898 588 ἀπὸ
929 537 1095 590 ὲθνῶν
1122 540 1388 593 πιστεύειν
1426 543 1703 612 μέλλουσιν
1732 546 1847 610 ἐνὸς

274 624 369 677 καὶ
403 624 569 695 μόνου
602 626 734 679 Θεοῦ
762 627 820 680 ὲν
846 628 1043 699 ψυχαῖς
1074 632 1314 703 σπείρειν
1351 635 1448 705 τὴν
1468 635 1846 690 ἀθανατοποιὺν

270 716 408 786 πρὸς
438 717 606 770 αὑτὸν
635 718 931 789 ἀνθρώπων
962 721 1008 753 ⁷⁸
1042 724 1303 794 στοργὴν,
1354 726 1515 790 αὐτὸς
1546 729 1574 781 6
1615 728 1847 799 πονηρὸς

270 807 412 859 κατὰ
437 808 548 860 τῶν
584 810 919 877 ἀγνοούντων
965 814 1143 867 ἱκανὸν
1182 817 1345 870 ὅπλον
1388 818 1526 889 ἔχων
1559 822 1695 892 πρὸς
1723 823 1842 875 ὄλε-

270 896 398 967 θρον
436 898 731 964 σπουδάζει
757 901 966 956 πολλῶν
997 904 1134 959 θεῶν
1162 908 1194 977 ἢ
1229 908 1322 961 καὶ
1349 909 1465 974 ἑνὸς
1495 912 1570 975 ὼς
1600 913 1842 983 κρείττο-

268 1006 355 1052 νος
388 990 500 1060 82
544 995 763 1063 σπεῖραι
796 996 895 1066 τὴν
926 996 1190 1067 ὑπόληψιν
1210 1039 1224 1062 ,
1256 1000 1341 1053 ἵνα
1368 1001 1713 1068 συλλαϐόντες
1752 1007 1843 1059 καὶ

268 1082 694 1151 συμπεισθέντες
722 1085 757 1138 ἃ.
795 1085 869 1157 μὴ
903 1087 1057 1159 θέμις
1079 1132 1093 1153 ,
1123 1091 1485 1159 ἀποθανόντες
1509 1096 1583 1160 ώς
1611 1099 1701 1151 ἐπὶ
1726 1117 1840 1169 μοι-

264 1172 414 1241 χείας
433 1174 766 1247 ἐγκλήματι,
796 1179 897 1249 τῆς
927 1181 1090 1234 αὑτοῦ
1121 1182 1396 1254 βασιλείας
1438 1188 1832 1261 ἀποϐληθῶσιν.

326 1372 417 1426 1X.
467 1377 652 1443 Ἀξιος
705 1376 797 1436 οὖν
843 1384 941 1455 τῆς
981 1386 1255 1459 ἀποϐολῆς
1285 1393 1393 1455 πᾶς
1429 1393 1570 1447 κατά
1600 1394 1697 1465 τῆς
1740 1395 1832 1448 τοῦ

257 1464 385 1519 Θεοῦ
433 1471 736 1542 μοναρχίας
764 1475 893 1529 αὐτὸ
926 1478 1083 1548 μόνον
1117 1481 1218 1534 κᾶν
1249 1483 1477 1537 ἀκοῦσαί
1512 1502 1563 1537 τι
1597 1486 1831 1539 τοιοῦτον

257 1560 506 1631 θελήσας.
556 1565 620 1619 El
669 1566 723 1619 δὲ
759 1569 835 1631 ὡς
872 1569 1111 1641 Γραφαῖς
1152 1574 1509 1648 τεθαρρηκὼς
1557 1577 1697 1630 κατά
1737 1579 1829 1631 τοῦ

254 1654 380 1708 Θεοῦ
409 1658 595 1729 τολμᾷ
620 1676 703 1723 τις
732 1662 833 1714 κᾶν
866 1663 1103 1731 ἀκούειν,
1140 1667 1352 1737 πρῶτον
1385 1667 1558 1720 ἐκεῖνό
1592 1686 1680 1738 μοι
1708 1687 1829 1722 συν-

251 1748 550 1819 ενθυμείτω
593 1753 658 1818 ⁷⁸,
696 1754 798 1817 ὅτι,
840 1756 905 1809 ἀν
951 1774 1035 1820 τις
1079 1757 1297 1827 εῦλογον
1343 1760 1518 1831 ἑαυτῷ
1544 1761 1720 1831 δόγμα
1753 1762 1827 1826 ὡς
1855 1796 1899 1851 Β

247 1839 497 1908 βούλεται
540 1844 846 1918 ἀναπλάσῃ,
880 1847 1065 1901 ἔπειτα
1108 1852 1298 1915 αὑταῖς
1336 1853 1544 1926 ὲγκύψῃ
1573 1855 1641 1920 ⁷⁸,
1672 1855 1826 1909 δυνα-

246 1932 331 1994 τὸς
383 1933 543 1988 ἔσται
593 1936 795 2001 πολλὰς
831 1939 969 2011 ὑπὲρ
1014 1935 1074 1995 οὗ
1114 1942 1386 1997 ἐπλάσατο
1431 1945 1697 2017 δόγματος
1730 1949 1823 2001 ἀπ’

245 2025 416 2078 αὐτῶν
464 2029 776 2100 μαρτυρίας
804 2032 1007 2105 φέρειν·
1041 2034 1158 2098 πῶς
1188 2031 1281 2089 οὖν
1313 2038 1404 2091 ἐπὶ
1434 2039 1659 2105 ταύταις
1685 2042 1823 2095 κατά

244 2116 329 2167 τοῦ
360 2117 502 2170 Θεοῦ
529 2118 753 2192 θαρρεῖν
780 2122 947 2190 ἐστιν,
992 2126 1050 2179 ὲν
1079 2125 1166 2190 αἷς
1193 2129 1225 2199 ἡ
1256 2129 1471 2184 πάντων
1513 2130 1672 2204 βουλὴ
1712 2134 1822 2186 είσ-

244 2209 551 2278 ευρίσκεται
576 2229 591 2276 ;

280 2300 371 2379 ΔΧ.
420 2304 636 2357 Αὐτίκα
675 2306 807 2374 γοῦν
852 2310 1034 2380 Σίμων
1080 2311 1268 2384 αὔριον
1317 2316 1447 2387 ἡμῖν
1491 2316 1736 2388 συζητεῖν
1772 2320 1816 2350 ⁷⁷

242 2396 445 2465 μέλλων
479 2397 719 2470 δημοσίᾳ
768 2401 907 2454 κατὰ
934 2404 1031 2475 τῆς
1066 2404 1159 2456 τοῦ
1197 2405 1330 2459 Θεοῦ
1379 2409 1670 2480 μοναρχίας
1702 2411 1817 2462 τολ-

242 2490 314 2558 μᾷ
337 2490 407 2553 ⁷⁸,
444 2489 617 2542 θέλων
658 2492 859 2557 πολλὰς
890 2494 949 2559 ἐξ
995 2497 1171 2551 αὐτῶν
1218 2499 1325 2553 τῶν
1363 2500 1592 2571 Γραφῶν
1636 2504 1815 2572 φωνὰς

238 2580 496 2647 ἐνεγκεῖν,
526 2582 610 2634 ὅτι
644 2583 692 2614 ⁷⁵
720 2584 902 2638 πολλοὶ
933 2587 1038 2640 εἰσὶ
1071 2588 1202 2657 θεοὶ,
1240 2587 1320 2654 εἷς
1352 2591 1408 2644 δέ
1440 2609 1522 2655 τις
1549 2594 1646 2664 οὐχ
1671 2597 1699 2647 6
1722 2595 1813 2648 τὸν

238 2672 432 2741 κόσμον
451 2674 667 2738 κτίσας,
695 2675 829 2729 ἀλλά
841 2678 887 2709 ⁸⁸
899 2679 1088 2733 τούτου
1123 2682 1411 2755 ἀνώτερος·
1434 2686 1527 2737 καὶ
1550 2686 1698 2755 ὁμῶς
1715 2686 1813 2750 τὰς

234 2764 531 2832 ἀποδείξεις
557 2768 871 2840 ἐγγράφους
889 2771 1001 2843 ἔχει
1022 2780 1338 2847 παρασχεῖν.
1371 2780 1479 2832 Καὶ
1496 2780 1655 2850 ἡμεῖς
1681 2780 1737 2832 δὲ
1753 2780 1812 2846 ἐξ

231 2857 397 2911 αὐτῶν
428 2859 635 2924 πολλὰς
658 2864 960 2933 περικοπὰς
985 2866 1151 2931 δεῖξαι
1181 2869 1364 2938 σαφῶς
1386 2870 1597 2941 ἔχομεν,
1628 2873 1709 2926 ὃτι
1730 2867 1810 2937 εἷς

230 2949 367 3004 ἐστιν
385 2953 416 3004 6
444 2950 492 2986 ⁸⁷
510 2952 645 3017 Θεὸς
671 2950 825 3019 οὗτος
851 2958 879 3010 6
905 2958 993 3011 τὸν
1012 2960 1210 3030 κόσμον
1231 2961 1437 3029 κτίσας,
1467 2964 1560 3017 καὶ
1588 2965 1743 3029 ἄλλος
1761 2967 1807 2998 ⁸⁸

230 3042 319 3095 οὐκ
346 3043 465 3095 ἔστι
495 3044 638 3115 πλὴν
666 3047 847 3100 αὑτοῦ.
891 3047 1052 3103 Ἀλλά
1082 3052 1172 3104 καὶ
1192 3054 1243 3105 εί
1266 3071 1350 3117 τις
1377 3055 1549 3119 ἄλλως
1581 3074 1697 3121 πως
1724 3060 1803 3111 εί-

1951 568 2073 621 nos,
2098 564 2157 609 ut
2181 556 2232 609 in
2264 573 2453 611 eorum
2486 559 2705 627 animis,
2749 562 2840 630 qui
2871 579 2935 617 ex
2968 568 3219 634 gentibus
3255 570 3512 627 credituri

1950 659 2097 713 sunt,
2124 648 2516 706 inseminemus
2544 651 2972 711 immortalitatis
3001 660 3355 726 operatricem
3381 662 3512 716 cha-

1948 738 2163 794 ritatem
2198 741 2484 796 hominum
2536 744 2588 797 in
2632 760 2801 799 unum
2831 762 2894 801 ac
2936 748 3109 802 solum
3151 750 3341 818 Deum,
3373 769 3507 823 Ipse,

1947 832 2191 901 inquam,
2225 833 2497 903 diabolus,
2546 846 2735 891 contra
2775 838 3054 907 imperitos
3088 839 3419 899 sufﬁcienter
3439 846 3507 900 ad

1945 940 2131 980 necem
2185 938 2429 982 armatus
2460 969 2474 995 ,
2531 928 2723 983 nititur
2776 931 3071 986 multorum
3105 924 3343 989 deorum
3394 934 3508 991 sive

1945 1016 2110 1072 unius
2156 1028 2413 1088 tanquam
2447 1020 2840 1089 praastantioris
2880 1023 3189 1093 opinionem
3223 1025 3457 1082 inserere
3489 1047 3502 1081 :

1941 1126 2051 1180 quo
2081 1112 2352 1177 homines,
2400 1114 2632 1168 tenendo
2670 1131 2733 1169 ac
2774 1117 3043 1171 credendo
3070 1134 3189 1187 qua:
3221 1135 3327 1172 non
3359 1119 3502 1185 licet,

1938 1204 2249 1258 moriantur
2273 1206 2429 1275 quasi
2456 1207 2509 1260 in
2544 1207 2793 1263 adulterii
2817 1210 3067 1271 crimine.
3091 1220 3143 1266 et
3165 1227 3194 1266 a
3223 1227 3386 1282 regno
3412 1211 3502 1267 Dei

1936 1297 2243 1366 ejiciantur.

2010 1390 2103 1444 IX.
2144 1389 2332 1461 itaque
2378 1392 2575 1462 dignus
2614 1393 2803 1463 estqui
2842 1393 3147 1463 abjieialur,
3191 1394 3501 1463 quicunque

1934 1494 2127 1540 contra
2176 1484 2270 1539 Dei
2325 1476 2700 1540 monarchiam
2746 1484 2830 1539 vel
2883 1494 3089 1539 tantum
3141 1486 3271 1555 quid
3324 1486 3500 1541 simile

1935 1578 2124 1632 audire
2148 1578 2397 1633 voluerit.
2433 1576 2489 1632 Si
2523 1593 2651 1633 vero
2677 1618 2693 1645 ,
2729 1578 2887 1647 quasi
2914 1576 3211 1647 Scripturis
3242 1578 3495 1645 conﬁdat,

1931 1677 2121 1723 contra
2168 1668 2335 1723 Deum
2363 1670 2447 1723 vel
2476 1670 2667 1723 audire
2713 1670 2911 1739 aliquis
2939 1670 3119 1736 audet,
3151 1670 3328 1741 primo
3364 1671 3497 1725 illud

1930 1775 2143 1814 mecum
2178 1760 2486 1816 consideret
2518 1780 2531 1815 :
2568 1761 2612 1816 si
2629 1762 2750 1832 quis
2774 1762 2969 1831 dogma
2997 1761 3214 1831 aliquod
3239 1762 3341 1826 sibi
3369 1778 3495 1832 pro-

1926 1851 2102 1907 babile
2127 1867 2225 1921 pro
2241 1852 2519 1909 voluntate
2541 1855 2867 1909 conﬁnxerit
2890 1863 2944 1909 et
2974 1864 3159 1924 postea
3178 1855 3494 1927 Seripturas

1924 1941 2089 1998 fuerit
2115 1943 2368 2011 intuitus,
2412 1961 2479 1999 ex
2514 1945 2582 2000 iis
2613 1947 2810 2015 poterit
2853 1944 3025 2000 multa’
3054 1948 3358 2003 testimonia
3394 1964 3491 2017 pro

1923 2034 2114 2089 ﬁctitio
2153 2050 2254 2090 suo
2283 2037 2532 2105 dogmate
2556 2037 2828 2106 proferre;
2872 2053 2981 2107 quo
3026 2039 3185 2093 modo
3227 2040 3392 2110 igitur
3435 2043 3488 2093 in

1923 2125 1991 2181 iis
2018 2126 2279 2182 adversus
2306 2127 2475 2182 Deum
2506 2130 2778 2184 conlidere
2816 2129 2896 2185 fas
2924 2130 3014 2195 sit,
3040 2132 3095 2185 in
3125 2131 3325 2201 quibus
3349 2148 3485 2188 cun-

1922 2226 2132 2274 ctorum
2166 2218 2425 2289 placitum
2462 2219 2782 2275 invenitur?

1989 2309 2058 2364 X.
2090 2308 2247 2365 Nunc
2279 2326 2408 2381 ergo
2436 2311 2646 2378 Simon,
2669 2328 2789 2369 cras
2819 2314 3105 2371 nobiscum
3130 2315 3345 2387 publice
3373 2317 3485 2371 dis-

1917 2410 2274 2469 ceptaturus,
2331 2412 2523 2457 contra
2573 2402 2665 2458 Dei
2721 2407 3095 2462 monarchiam
3152 2409 3480 2479 aggreditur,

1916 2493 2225 2562 multasque
2248 2508 2315 2547 ex
2342 2494 2475 2563 ipsis
2506 2494 2804 2565 Scripturis
2833 2514 2993 2554 voces
3024 2500 3214 2554 alIerre
3246 2500 3377 2565 vult,
3417 2501 3482 2554 de

1914 2597 1979 2637 eo
2005 2584 2149 2653 quod
2178 2586 2332 2639 multi
2354 2588 2429 2641 dii
2455 2588 2565 2643 sint
2591 2598 2645 2642 et
2667 2605 2810 2644 unus
2838 2591 3083 2660 quidam,
3122 2608 3228 2645 non
3262 2594 3477 2663 quidem

1914 2684 2131 2730 creator
2167 2677 2393 2745 mundi,
2429 2680 2523 2735 sed
2562 2681 2656 2735 illo
2687 2683 2955 2752 superior.
3005 2682 3287 2754 Simulque
3316 2702 3480 2755 argu-

1913 2779 2093 2823 menta
2120 2785 2185 2824 ex
2216 2770 2518 2841 Scripturis
2538 2774 2834 2829 exhibebit.
2864 2775 2930 2829 Et
2956 2791 3055 2831 nos
3074 2793 3295 2847 quoque
3318 2793 3383 2832 ex
3408 2778 3476 2834 iis

1912 2860 2045 2929 ipsis
2071 2863 2242 2917 multa
2277 2865 2546 2920 evidentia
2574 2867 2814 2937 capitula
2847 2872 3131 2924 ostendere
3160 2886 3475 2939 possumus,

1908 2952 2052 3021 quod
2107 2969 2249 3010 unus
2294 2956 2365 3010 sit
2412 2956 2553 3013 Deus
2592 2959 2680 3014 hic
2720 2961 2813 3031 qui
2844 2963 3029 3016 orbem
3065 2964 3330 3029 condidit,
3376 2982 3475 3018 nec

1911 3044 2049 3100 alius
2079 3047 2151 3101 sit
2170 3058 2363 3116 prteter
2396 3065 2541 3105 eum.
2577 3050 2680 3106 Sed
2705 3062 2758 3108 et
2786 3053 2830 3108 si
2863 3054 2986 3124 quis
3017 3055 3123 3109 alio
3146 3072 3472 3126 quocunque

230 3137 339 3187 πεῖν
363 3135 607 3207 θελήσει,
629 3138 739 3203 ἕξει
764 3141 859 3194 καὶ
879 3141 1039 3206 αὐτὸς
1065 3144 1123 3208 ἐξ
1143 3146 1320 3199 αὐτῶν
1334 3146 1408 3210 ὡς
1426 3147 1672 3218 βούλεται
1692 3151 1800 3222 83

1915 3138 2069 3193 modo
2125 3139 2306 3196 dicere
2346 3142 2601 3207 voluerit,
2648 3146 2867 3200 habebit
2915 3147 3077 3201 etiam
3118 3148 3164 3203 is
3209 3164 3277 3204 ex
3314 3150 3471 3219 ipsis,

227 3229 345 3297 περ).
371 3222 451 3282 ὧν
498 3228 747 3299 βούλεται
776 3232 875 3296 τὰς
905 3235 1204 3301 ἀποδείξεις
1246 3244 1565 3312 παρασχεῖν.
1615 3244 1799 3299 Πάντα

227 3318 323 3389 γὰρ
351 3320 407 3373 αἱ
439 3321 482 3371 Γ
488 3323 658 3391 ραφαὶ
690 3322 955 3393 λέγουσιν,
988 3327 1072 3381 ἵνα
1105 3330 1291 3401 μηδεὶς
1318 3332 1423 3384 τῶν
1464 3335 1797 3406 ἀγνωμόνως

226 3407 525 3480 ζητούντων
562 3414 625 3466 τὸ
663 3415 860 3487 ἀληθὲς
912 3418 1095 3490 εὖροι,
1152 3419 1266 3474 ἀλλ’
1315 3422 1343 3476 ὃ
1396 3423 1659 3494 βούλεται,
1702 3428 1795 3482 τοῦ

224 3500 447 3569 ἀληθοῦς
478 3507 597 3568 τοῖς
625 3508 929 3579 εὐγνώμοσι
971 3512 1359 3583 τετηρημένου.
1394 3516 1792 3591 Εὺγνωμοσύνη
1822 3556 1827 3565 ι

222 3591 273 3645 δέ
293 3594 438 3647 ἐστιν
459 3596 522 3649 τὸ
544 3596 594 3630 ⁸³
614 3600 749 3669 πρὸς
768 3600 859 3655 τὸν
884 3600 977 3655 τοῦ
998 3596 1133 3658 εἶναι
1148 3605 1293 3676 ἡμᾶς
1314 3607 1480 3662 αἴτιον
1492 3610 1793 3675 ἀποσώζειν

225 3689 472 3759 στοργήν.

238 3848 241 3849 ν
410 3778 576 3833 Ὅθεν
606 3782 711 3851 πρὸ
743 3783 960 3839 πάντων
1002 3786 1196 3841 εἰδέναι
1243 3789 1474 3858 ὀφείλει,
1524 3791 1604 3844 ὅτι
1637 3794 1793 3847 οὐδα-

228 3867 584 3953 μόθενναῢτὴν
622 3874 886 3945 εὑρίσκει,
916 3878 963 3930 εί
993 3880 1066 3948 μὴ
1098 3879 1163 3932 ἂν
1205 3881 1310 3934 ἀπὸ
1344 3884 1620 3953 προφήτου
1655 3885 1788 3956 ἀλη-

227 3958 376 4027 θείας.
426 3956 722 4037 Προφήτης
769 3967 824 4019 δὲ
856 3968 1059 4041 ἀληθής
1102 3972 1247 4024 ἐστιν
1275 3975 1303 4026 6
1338 3974 1511 4027 πάντα
1557 3976 1784 4030 πάντοτε

228 4044 399 4123 εἰδέκ,ξ
421 4044 502 4108 ἔτι
534 4056 595 4133 δὲ
623 4059 717 4111 καὶ
747 4059 847 4123 τὰς
878 4061 1092 4116 πάντων
1121 4064 1348 4133 ἐννοίας,
1381 4067 1782 4139 ἀναμάρτητος·

228 4143 290 4210 ὡς
320 4147 449 4218 περὶ
480 4148 581 4220 τῆς
612 4150 973 4221 προγνώσεως
1008 4154 1172 4207 αὐτοῦ
1222 4158 1296 4229 μὴ
1345 4159 1528 4223 ἁπλῶς
1551 4160 1784 4233 ’διαλαμ-

224 4234 421 4307 εάνειν,
463 4238 579 4315 ἀλλ’
606 4245 655 4296 εί
686 4243 904 4297 δύναται
939 4247 1065 4300 ἄνευ
1098 4248 1288 4320 ἐτέρας
1318 4253 1641 4323 προφάσεως
1670 4272 1785 4308 συν-

221 4330 431 4409 εστάναι
459 4332 623 4385 αὐτοῦ
655 4335 687 4404 ἡ
718 4336 1040 4407 πρόγνωσις.
1074 4340 1141 4392 Ἀ
1169 4341 1277 4413 γὰρ
1308 4345 1358 4396 oi
1394 4345 1566 4417 ἰατροὶ
1598 4348 1782 4420 προλέ-

1905 3242 2066 3302 prout
2106 3233 2254 3289 volet
2298 3244 2351 3290 et
2400 3235 2466 3290 de
2495 3236 2694 3306 quibus
2734 3239 2897 3303 volet,
2939 3239 3287 3309 probationes
3317 3242 3465 3296 dare.

1902 3322 2097 3380 Omnia
2148 3326 2349 3397 quippe
2389 3326 2683 3398 Scriptura:
2724 3330 2914 3386 dicunt
2944 3350 2956 3385 :
2988 3348 3055 3387 ne
3083 3333 3227 3389 ullus
3252 3349 3466 3403 eorum,

1899 3419 1992 3487 qui
2016 3418 2227 3489 ingrate
2259 3430 2543 3491 quaerunt,
2577 3423 2816 3478 inveniat
2847 3425 3151 3493 veritatem,
3184 3427 3278 3482 sed
3316 3430 3467 3484 inve-

1897 3512 2015 3566 niat
2061 3512 2205 3582 quod
2237 3513 2386 3583 cupit
2426 3533 2441 3581 ;
2474 3515 2697 3571 veritate
2736 3517 2904 3587 gratis
2941 3518 3253 3574 hominibus
3288 3536 3464 3576 reser-

1895 3615 2039 3661 vata.
2074 3605 2360 3661 Gratitudo
2392 3618 2571 3662 autem
2597 3620 2719 3674 est,
2749 3624 2965 3665 servare
2989 3610 3306 3667 charitatem
3335 3629 3465 3685 erga

1894 3713 2016 3753 eum
2048 3696 2142 3768 qui
2172 3698 2469 3753 exsistendi
2501 3699 2658 3756 nobis
2690 3711 2882 3756 auctor
2913 3702 3032 3756 fuit.

1959 3789 2054 3845 X1.
2099 3789 2252 3846 Unde
2283 3800 2406 3846 ante
2436 3793 2619 3847 omnia
2658 3793 2799 3848 scire
2839 3803 3071 3864 oportet,
3101 3811 3210 3850 non
3241 3795 3458 3850 aliunde

1891 3882 2121 3937 inveniri
2170 3884 2452 3938 veritatem
2485 3925 2501 3951 ,
2573 3900 2739 3955 quam
2791 3901 2822 3939 a
2873 3887 3119 3942 veritatis
3172 3887 3452 3957 propheta.

1889 3973 2158 4044 Propheta
2189 3984 2370 4029 autem
2395 3990 2556 4030 verus
2584 3976 2630 4032 is
2654 3966 2738 4032 est
2765 3978 2858 4047 qui
2884 3979 3065 4033 omnia
3089 3979 3332 4045 omnino,
3371 3989 3455 4033 at—

1888 4081 1995 4137 que
2035 4067 2197 4121 etiam
2244 4076 2563 4123 cunctorum
2596 4070 2973 4139 cogitationes
3024 4072 3212 4137 novit,
3262 4082 3453 4141 estque

1887 4159 2284 4230 impeccabilis,
2312 4169 2373 4215 ut
2398 4161 2490 4231 qui
2522 4162 2588 4216 de
2614 4160 2708 4216 Dei
2734 4162 2940 4232 judicio
2970 4163 3041 4217 sit
3070 4164 3446 4230 certissimus;

1885 4254 2141 4322 quocirca
2169 4268 2268 4308 nos
2291 4248 2550 4309 debemus
2573 4255 2638 4309 de
2661 4254 2779 4324 ejus
2807 4256 3142 4325 przescientia
3174 4272 3281 4311 non
3313 4258 3448 4312 sim-

1882 4346 2095 4416 pliciter
2138 4346 2406 4417 judicare,
2455 4347 2549 4402 sed
2581 4347 2628 4401 si
2656 4347 2861 4417 absque
2900 4348 3007 4402 alia
3049 4362 3214 4404 causa
3261 4350 3445 4404 consi-

221 4422 903 4497 rauetv,~t')m6£67tqpéqu
941 4427 1071 4501 ὓλην
1109 4430 1322 4502 ἔχοντες
1364 4435 1456 4488 τοῦ
1501 4438 1778 4504 νοσοῦντος
1811 4486 1816 4511 ι

1915 4447 2024 4492 tere
2069 4447 2247 4508 potest
2265 4439 2604 4508 praescientia
2628 4439 2818 4508 ipsi'us.
2849 4439 3105 4506 Quaedam
3133 4442 3281 4496 enim
3307 4457 3446 4511 pra:-

1807 4485 1853 4540 D

217 4511 294 4563 τὸν
329 4515 597 4584 σφυγμὸν,
643 4518 736 4571 καὶ
779 4520 829 4571 οί
871 4520 968 4590 μὲν
1001 4523 1196 4594 πτηνὰ,
1237 4527 1286 4579 οἱ
1319 4526 1375 4579 δὲ
1418 4528 1647 4600 θύματα,
1683 4534 1776 4587 καὶ

1880 4530 2070 4585 dicunt
2114 4530 2347 4597 medici,
2393 4531 2525 4600 quia
2565 4531 2864 4600 subjectam
2910 4534 3193 4587 materiam
3245 4534 3446 4588 habent

213 4602 349 4694 ἀλλα
390 4606 559 4670 ἄλλας
603 4607 731 4673 ῦλας
766 4605 969 4676 πολλὰς
1000 4614 1286 4687 διαφόρους
1332 4620 1776 4694 ὑποϐεϐλημένας

1915 4622 2189 4692 rgrotantis
2218 4621 2473 4691 pulsum;
2507 4623 2632 4677 item
2661 4623 2751 4676 alii
2773 4639 2920 4689 aves,
2954 4625 3044 4679 alii
3063 4625 3449 4689 victimas,alii

212 4692 415 4764 ἔχοντες
443 4699 819 4771 προλέγουσιν,
856 4706 950 4758 καὶ
976 4709 1247 4779 προφῆται
1277 4712 1377 4764 οὐκ
1404 4715 1557 4769 είσίν.

269 4851 380 4909 XII.
413 4857 477 4909 Ei
509 4857 569 4910 δὲ
589 4857 876 4931 βουληθείη
906 4879 987 4927 τις
1004 4863 1204 4934 λέγειν,
1232 4870 1330 4941 τὴν
1359 4871 1447 4925 διὰ
1473 4874 1580 4927 τῶν
1600 4879 1772 4932 τοιού-

1465 5026 1700 5084 νΑῐῖΙᾹΞ

282 5129 304 5206 ζΔ
322 5125 401 5206 ,δέ
434 5126 762 5206 Ψάίάίέ-,Ο
879 5130 908 5183 δ
936 5132 1090 5206 glad);
1107 5137 1251 5206 conj.
1285 5136 1347 5192 ι).

204 5192 423 5271 μΰθῆἲω
445 5202 506 5249 0-
558 5268 576 5271 _,
609 5198 656 5229 "
684 5192 820 5271 ἐγκύ

1476 5142 1519 5223 ξς
1541 5143 2098 5223 ἀχθρώπωνλθοεθξείι
2128 5163 2192 5202 ex
2218 5147 2299 5223 Οἱ
2358 5150 2402 5181 ⁷⁸
2428 5149 2499 5223 ita
2538 5149 2618 5213 8.,
2653 5152 2921 5223 συνενθυμ

304 5202 423 5277 περ,
445 5202 506 5249 ο,
555 5268 578 5280 η
609 5202 656 5229 η
671 5202 908 5280 3.7.;th
922 5202 1075 5280 ρης.
1109 5206 1145 5259 s
1175 5202 1443 5280 ,ςὲγὲύψει
1480 5211 1541 5266 C.
1576 5202 1814 5270 Sn'binde

1915 5202 2060 5273 νατόν
2093 5223 2153 5271 0.

201 5268 317 5331 (sic)
346 5268 431 5319 ὅτι
462 5282 515 5337 p.
552 5268 629 5321 ὅτι
664 5270 727 5322 0.
805 5268 850 5302 ⁸⁸
870 5268 1020 5326 ’ἀλλὰ
1050 5290 1159 5331 om.
1177 5268 1416 5334 V0-.'Tttin
1442 5282 1590 5352 ὁμῶς
1612 5282 1650 5337 S
1672 5268 1693 5347 ν,

1915 5268 2051 5355 id.
2104 5268 2166 5319 ἐίι
2183 5292 2227 5345 ό.
2244 5268 2627 5346 insanae.

1873 4715 2007 4770 alias
2032 4714 2232 4769 multas
2269 4723 2322 4768 et
2349 4714 2529 4769 varias
2570 4715 2828 4771 materias
2874 4718 3146 4787 subjectas
3171 4719 3298 4773 dum
3345 4720 3445 4774 ha-

1878 4807 2027 4876 bent,
2072 4807 2391 4878 przedicunt,
2419 4823 2517 4863 nec
2553 4818 2680 4863 sunt
2708 4810 2998 4879 prophetae.

1948 4899 2061 4954 Xll.
2107 4899 2264 4965 Quod
2305 4901 2350 4956 si
2392 4900 2726 4969 quisdicere
2762 4903 3440 4975 voluerit,,pr:escientiam

1764 5032 2166 5090 LECTIONES.

2256 5157 2284 5203 ι.
2358 5152 2402 5181 ⁷⁸
2428 5152 2499 5202 Ita
2538 5152 2618 5213 8.,
2653 5152 3037 5275 cuvevOupiKrw
3058 5154 3100 5208 C
3131 5194 3144 5216 ,
3183 5152 3431 5207 συνενθυ-

2256 5221 2299 5252 ⁷⁷
2332 5220 2610 5292 συνζητεῖν
2650 5220 2710 5275 C.
2814 5223 2860 5253 ⁷⁸
2886 5240 2947 5275 το
2984 5226 3089 5294 μᾷν
3139 5227 3198 5277 Ο.
3300 5225 3343 5253 ⁷⁸
3366 5238 3449 5289 εχς

2256 5291 2446 5345 ηηεετιιί
2475 5306 2525 5346 c.
2560 5291 2627 5345 0.
2701 5292 2746 5324 ⁸⁸
2765 5292 2899 5347 ἄλλο,
2919 5296 2982 5347 υ.
3059 5294 3107 5327 ⁸³
3139 5296 3236 5365 τήν
3262 5293 3324 5345 C.

1470 5412 1823 5476 VARIOBUM
1857 5421 2089 5479 ΝΟΤᾹΞ.

192 5619 297 5684 ’ἵης
324 5606 417 5692 κᾳὶ
448 5604 620 5703 φφξυ,
643 5608 772 5679 περὶ
804 5608 965 5703 8,5,6";
994 5620 1095 5665 θίθο
1131 5611 1235 5703 ΤῩῦ
1270 5614 1421 5681 ἁγίου
1443 5617 1753 5703 Ιξλήμξνττξς
1856 5624 1997 5703 πρὸξ
2020 5625 2107 5678 τὸν
2139 5625 2231 5677 τοῦ
2270 5622 2413 5703 εἶναι
2447 5632 2590 5701 ἡμᾶς
2624 5632 2811 5703 αἴτιον,
2830 5628 3134 5703 ἀποσώζειν
3171 5634 3431 5703 στοργήν

194 5676 784 5759 ΞπισκόπρυςΡώμης..
820 5678 1105 5759 Αὐτέρκης
1145 5684 1249 5759 εἰς.
1272 5676 1622 5759 σωτηρίαν”ή
1672 5676 1750 5753 εἰς

194 5742 315 5798 Θεὸν
343 5742 651 5819 ἀνθρώπων
682 5742 891 5819 ἀγάπη.
929 5742 993 5803 Εἰ

933 5710 1102 5751 μμιιμ,
1145 5710 1220 5745 cr,
1272 5710 1538 5756 σωτηριαν
1592 5710 1622 5759 η
1672 5710 1750 5753 εις
1858 5710 1929 5761 υςρ
1967 5710 2033 5765 ης
2051 5710 2141 5747 και
2161 5710 2237 5758 εις
2265 5710 2371 5749 οευπ

929 5751 1352 5825 Εὑγνωμοσύνης
1385 5758 1489 5828 γάρ
1535 5760 1665 5827 ἐστι,
1694 5761 1750 5813 τὸ
1851 5763 1950 5819 lnf.
1977 5781 2105 5835 cap.
2128 5767 2207 5819 10.
2237 5767 2371 5823 CoL

1934 5695 1946 5709 ο

1967 5689 2033 5765 ἧς
2051 5698 2145 5775 καί
2161 5689 2511 5775 είςῄδεύτερόν
2532 5689 2622 5755 καὶ
2641 5689 2828 5771 ἀγήρω
2847 5699 3014 5751 αἰῶνα
3029 5689 3433 5775 διασωζόμὲθᾏι..
