4068 6338
279 335 381 391 121

1405 343 1861 404 CLEMENTINA.
1897 380 1966 392 —
1999 351 2280 409 IIOMILIA
2313 355 2400 412 III.

3392 351 3495 404 ιρς

278 450 383 520 ἔφη
402 465 416 480 ο
444 422 673 517 νὋρᾶτε
702 452 805 517 τὰς
835 453 1149 524 οἰκοδομὰς
1185 457 1435 523 tautae;
1486 458 1671 528 Ἀμὴν
1704 460 1845 530 ὑμῖν

1939 469 2089 521 tmen
2123 469 2241 521 dico
2274 467 2438 530 vobis,
2474 466 2611 535 lapis
2641 481 2795 535 super
2828 466 3053 533 lapidem
3085 480 3188 518 non
3226 464 3482 522 relinque-

276 541 431 609 λέγω
451 542 520 607 ³⁸,
555 544 724 608 λίθος
746 544 845 597 ἐπὶ
872 546 1043 602 λίθον
1073 549 1144 601 οὺ
1171 548 1258 618 μὴ
1285 548 1473 618 ἀφεθῇ
1498 543 1642 612 ὦδε,
1672 551 1740 617 ὃς
1770 554 1841 607 οὐ

274 633 357 703 μὴ
391 633 737 703 καθαιρεθῇ·
774 636 872 689 καί
902 640 974 691 οὐ
993 638 1078 707 μὴ
1107 639 1369 711 παρέλθῃ
1400 644 1438 710 ἡ
1471 642 1642 711 γενεὰ
1670 644 1841 711 αὕτη,

279 726 376 781 καί
405 726 446 793 ὴ
470 727 514 757 ⁸⁷
550 729 891 796 καθαίρεσις
920 730 1117 799 ἀρχὴν
1143 731 1416 802 λήψεται.
1462 735 1841 793 Ἐλεύσονται

276 821 383 888 τὰρ
403 818 506 873 καὶ
524 821 838 875 καθιοῦσιν
854 822 1129 887 ἐνταῦθα,
1152 824 1249 876 καί
1275 826 1855 894 περιχαρακώσουσι,’

279 910 372 964 καί
430 911 504 965 τὰ
562 911 743 965 τέκνα
802 913 969 982 ὑμῶν
1021 914 1278 969 ἐνταῦθα
1330 917 1838 986 κατασφάξουσιν.

281 1004 467 1074 Ὅμως
492 1004 587 1056 καὶ
608 1002 678 1056 τὰ
703 1003 828 1074 ἑξῆς
857 1005 1041 1075 εἴρηκε
1087 1010 1247 1075 σαφεῖ
1273 1011 1445 1079 φωνῇ,
1484 1009 1639 1062 ἅτινα
1665 1010 1843 1075 αὐτοῖς

277 1094 573 1165 ὀφθαλμοῖς
604 1096 730 1148 ίδεῖν
749 1096 794 1128 ⁸⁸
822 1095 1042 1167 ἔχομεν·
1073 1098 1159 1150 ἵνα
1186 1099 1269 1167 ἐφ’
1293 1092 1365 1152 ὧν
1393 1102 1421 1151 6
1447 1099 1600 1167 λόγος
1622 1099 1839 1171 ἐρρέθη,

278 1187 369 1238 καὶ
391 1187 456 1239 τὸ
481 1186 644 1258 ἔργον
669 1188 910 1259 γένηται.
937 1188 1079 1260 Πρὸς
1099 1188 1206 1259 γὰρ
1231 1190 1410 1244 πίστιν
1431 1192 1733 1247 ἀκουόντων
1754 1194 1843 1247 τὸν

275 1278 427 1346 λόγον
464 1279 568 1349 τῆς
612 1278 937 1343 ἀποδείξεως
962 1282 990 1333 6
1019 1280 1118 1352 τῆς
1161 1280 1415 1352 ἀληθείας
1442 1286 1668 1337 ποιεῖται
1713 1301 1845 1355 προ-

275 1372 470 1440 etans-

340 1460 485 1514 XVI.
526 1462 676 1534 Πλὴν
707 1462 890 1515 πολλοί
910 1463 1015 1517 είσι
1039 1464 1138 1535 τῆς
1165 1462 1370 1535 πλάνης
1400 1466 1656 1537 κήρυκες,
1684 1466 1842 1521 Eva”

272 1556 358 1608 τὸν
400 1555 507 1625 τῆς
548 1555 749 1618 κακίας
790 1556 1031 1627 ἡγεμόνα
1073 1556 1314 1625 ἔχοντες·
1346 1550 1390 1626 ᾧ
1426 1556 1567 1628 λόγῳ
1606 1558 1720 1611 ⁶¹⁰⁰
1744 1559 1843 1629 τῆς

274 1648 528 1719 ἀληθείας
553 1648 647 1701 καὶ
684 1648 845 1711 αὐτὸς
870 1641 950 1711 εἷς
982 1646 1057 1700 ὣν
1093 1648 1191 1718 τῆς
1226 1648 1504 1712 εὐσεϐείας
1536 1649 1757 1720 ἡγεμὼν
1785 1650 1841 1701 ὲν

1927 569 2014 613 tur
2046 560 2270 629 hic,-qui
2295 575 2397 613 non
2419 561 2731 613 destruatur
2759 572 2777 611 :
2806 566 2851 611 et
2885 574 2985 611 non
3012 555 3299 623 praeteribit
3330 571 3487 625 gene-

1925 653 2063 705 ratio
2104 652 2243 715 luec,
2286 652 2413 722 quin
2457 651 2743 705 destructio
2784 649 2997 702 initium
3041 658 3235 702 suntut.
3276 646 3487 701 Veniant

1923 745 2062 798 enim
2086 753 2138 798 et
2166 744 2416 797 sedebant
2439 743 2524 796 hic
2553 750 2603 796 et
2636 741 2775 795 vallo
2809 741 3241 801 circumdabant,
3269 749 3316 792 et
3347 738 3488 806 ﬁlios

1925 846 2117 890 vestros
2140 835 2463 906 jugulabunt
2493 836 2577 888 hic
2605 847 2651 887 α.
2682 832 2891 887 Pariter
2923 834 3067 886 clara
3098 848 3225 885 voce
3257 847 3487 900 sequen—

1928 931 1997 983 tia
2024 928 2397 1001 pronuntiavit
2438 943 2558 997 quae
2600 926 2733 995 ipsis
2776 924 2949 979 oculis
2983 923 3227 976 videmus
3271 939 3283 973 :
3332 931 3386 976 ut
3434 922 3488 975 in

1925 1020 2119 1085 quibus
2148 1034 2327 1074 sermo
2352 1018 2529 1073 dictus
2576 1017 2704 1081 fuit,
2734 1026 2787 1072 et
2831 1032 2915 1069 res
2956 1014 3212 1070 eveniret.
3240 1013 3376 1067 Nam
3401 1030 3495 1067 ve-

1924 1114 2102 1167 ritatis
2128 1112 2385 1181 propheta
2417 1112 2485 1164 ob
2521 1110 2831 1164 auditorum
2863 1108 3024 1163 ﬁdem
3066 1121 3374 1163 sermonem
3400 1105 3495 1161 de—

1926 1201 2331 1258 monstrationis
2364 1198 2511 1255 facit.

2007 1454 2147 1509 XVI.
2192 1455 2579 1513 Verumtamen
2610 1461 2764 1516 multi
2794 1469 2923 1516 sunt
2961 1462 3167 1518 erroris
3194 1477 3492 1533 pracones.

1941 1564 2107 1603 unum
2157 1550 2413 1605 habentes
2450 1552 2666 1607 malitia:
2707 1552 2899 1608 ducem
2938 1572 2951 1608 :
2996 1570 3103 1624 qua
3148 1555 3359 1611 ratione
3405 1558 3499 1626 qui

1940 1655 2082 1695 unus
2113 1642 2356 1697 veritatis
2395 1643 2549 1712 juxta
2591 1658 2655 1699 ac
2696 1644 2913 1713 pietatis
2946 1646 3056 1701 dux
3101 1656 3217 1712 est,
3264 1648 3500 1718 propriis

278 1740 420 1803 ἰδίοις
453 1743 670 1811 καιροῖς
690 1741 817 1803 τοὺς
843 1739 1051 1802 πάντας
1080 1738 1354 1810 καθαροὺς
1378 1739 1697 1811 εὑρεθέντας
1730 1740 1839 1805 ἕξει

1942 1733 2275 1801 temporibus
2303 1749 2494 1789 omnes
2540 1750 2703 1804 puros
2746 1736 2994 1792 inventos
3020 1737 3238 1792 habebit
3261 1739 3498 1809 prophe-

272 1808 576 1900 προφήτας.
617 1831 681 1885 Ἦ
702 1831 759 1884 δὲ
789 1830 956 1902 πολλὴ
978 1831 1088 1884 τῶν
1118 1808 1541 1903 πεπλανημένων
1569 1832 1714 1884 αίτία
1744 1832 1837 1902 γέ-

1942 1834 2044 1877 tas.
2077 1821 2349 1895 Praecipua
2376 1840 2505 1879 vero
2526 1826 2727 1880 erroris
2750 1827 3044 1882 multorum
3068 1844 3231 1884 causa
3257 1831 3373 1885 haec
3392 1840 3498 1897 est,

272 1938 422 1989 γονεν
452 1921 598 1992 αὕτη
618 1922 635 1973 ³
656 1940 670 1954 ο
717 1923 781 1976 τὸ
824 1923 897 1993 μὴ
927 1922 1191 1993 πρότερον
1221 1923 1409 1994 νοῆσαι
1436 1924 1525 1975 τὸν
1551 1924 1648 1995 τῆς
1675 1924 1836 1987 συζυ-

271 2013 391 2080 γίας
413 2013 596 2080 λόγον,
629 2013 689 2065 ὃν
726 2014 829 2084 ἰδίᾳ
860 2016 987 2085 ὑμῖν
1015 2015 1270 2068 ἑκάστοτε
1300 2016 1359 2067 οὐ
1390 2016 1667 2087 παύσομαι
1693 2019 1837 2071 ὲκτι-

273 2103 494 2173 Θέμενος
517 2103 902 2173 κεφαλαιωδῶς
918 2122 931 2135 ·
956 2105 1088 2157 πολὺ
1116 2105 1224 2176 γὰρ
1244 2106 1304 2158 τὸ
1329 2108 1446 2159 κατ’
1477 2102 1614 2170 εἶδος
1639 2107 1831 2177 λέγειν.

283 2196 468 2266 Ὑμεῖς
511 2192 608 2250 οὖν
649 2196 757 2250 τῶν
802 2197 1107 2268 λεγομένων
1150 2198 1373 2267 γένεσθε
1412 2216 1501 2270 μοι
1530 2200 1837 2271 φιλαληθείς

273 2287 472 2357 κριταί.

336 2379 449 2449 se
475 2378 639 2433 xvn.
668 2379 774 2434 Τοῦ
787 2381 844 2433 δὲ
874 2380 1051 2449 λέγειν
1077 2381 1307 2453 ἄρξομαι
1338 2382 1459 2454 ἤδη.
1499 2382 1633 2437 Θεοῦ
1653 2384 1745 2436 τοῦ
1769 2382 1837 2439 τὰ
1922 2366 1927 2375 ‘

273 2472 446 2525 πάντα
479 2473 843 2544 πεποιηκότος
870 2473 932 2526 τὸ
963 2474 1103 2545 μέγα
1136 2475 1229 2528 καὶ
1266 2475 1418 2542 ἅγιον
1457 2475 1556 2547 τῆς
1592 2474 1838 2547 προγνώ-

274 2581 405 2626 σεως
436 2563 606 2616 αὐτοῦ
635 2564 851 2635 πνεῦμα
880 2566 927 2617 εί
962 2565 1035 2636 μὴ
1066 2565 1142 2636 τῷ
1173 2566 1276 2619 ὑπὸ
1303 2566 1499 2638 χειρῶν
1523 2566 1685 2621 αὑτοῦ
1711 2584 1837 2620 κυο-

272 2655 556 2727 ςορηθέντι
578 2655 677 2709 ἀνθ
687 2654 849 2727 ρώπῳ
868 2656 977 2728 δῴη
996 2674 1079 2720 τις
1100 2658 1407 2728 ἔσχηκέναι,
1435 2657 1550 2721 πῶς
1570 2657 1647 2710 ἔτι
1670 2658 1839 2730 ἑτέρῳ

270 2765 341 2819 τῳ
360 2750 380 2779 ⁸
410 2750 477 2801 ἐκ
514 2750 765 2820 μυσαρᾶς
790 2748 1045 2817 σταγόνος
1080 2750 1384 2821 γεννηθέντι
1412 2753 1440 2803 6
1466 2751 1749 2821 ἀπονέμων
1778 2751 1840 2804 οὑ

267 2843 331 2894 τά
367 2842 609 2913 μέγιστα
636 2842 934 2913 ἁμαρτάνει
954 2842 1090 2905 ;Καὶ
1117 2842 1215 2895 οὐκ
1244 2837 1392 2913 οἶμαι
1425 2841 1585 2894 αὐτὸν
1610 2841 1843 2911 συγγνώ-

272 2951 375 3005 μης
402 2934 701 3003 τυγχάνειν
720 2934 761 2997 ³,
806 2933 910 2987 κᾶν
964 2933 1069 2986 ὑπὸ
1101 2918 1251 2986 νόθου
1300 2932 1520 3005 Γμφῆς
1560 2933 1700 2987 κατὰ
1747 2934 1839 2987 τοῦ

269 3026 487 3079 πάντων
509 3025 727 3096 Πατρδς
747 3024 897 3077 δεινὰ
923 3027 1060 3077 νοεῖν
1086 3024 1414 3097 ἀπατηθείη·
1447 3028 1475 3079 6
1502 3025 1608 3096 γὰρ
1636 3026 1837 3089 εἰκόνα,

1942 1915 2087 1985 quod
2120 1933 2223 1971 non
2260 1918 2412 1987 prius
2447 1918 2847 1989 conjugationis
2875 1922 3180 1976 doctrinam
3218 1923 3498 1979 intellexe-

1939 2018 2084 2071 runt,
2119 2024 2283 2078 quam
2317 2009 2472 2065 vobis
2505 2026 2749 2064 seorsum
2786 2028 2895 2065 non
2928 2014 3154 2067 cessabo
3192 2013 3501 2083 frequenter

1935 2101 2328 2154 etsummatim
2363 2116 2652 2170 exponere.
2701 2101 2947 2173 Longum
2990 2103 3134 2157 enim
3168 2115 3251 2159 est
3286 2106 3499 2175 singula

1936 2191 2136 2246 dicere.
2170 2191 2278 2246 Vos
2307 2193 2474 2262 igitur
2501 2193 2854 2249 dicendorum
2892 2195 3026 2250 mihi
3059 2204 3230 2252 estote
3256 2198 3498 2253 veritatis

1937 2293 2183 2339 amantes
2208 2284 2440 2353 iudices.

2006 2372 2168 2426 XVII.
2197 2372 2314 2427 1am
2350 2389 2481 2428 vero
2507 2374 2685 2429 dicere
2716 2374 2990 2445 incipiam.
3021 2375 3079 2429 Si
3111 2377 3235 2446 quis
3265 2377 3495 2442 homini,

1937 2480 1967 2519 a
1996 2463 2088 2519 Dei
2120 2466 2364 2519 omnium
2396 2466 2637 2520 auctoris
2662 2467 2915 2521 manibus
2945 2467 3199 2530 formato,
3233 2485 3339 2523 non
3368 2485 3500 2524 con-

1937 2558 2202 2625 cesserit,
2247 2575 2502 2629 magnum
2554 2567 2608 2612 et
2656 2568 2905 2613 sanetum
2951 2562 3302 2629 praescientiaa
3354 2564 3499 2620 illius

1940 2652 2189 2720 spiritum
2220 2652 2519 2721 possidere,
2547 2667 2656 2720 quo
2692 2652 2876 2717 modo,
2921 2652 2965 2706 si
3010 2652 3163 2706 alteri
3192 2669 3256 2707 ex
3287 2653 3498 2723 impura

1939 2744 2106 2812 stirpe
2150 2754 2276 2797 nato
2322 2745 2371 2798 id
2422 2744 2693 2809 tribuerit,
2725 2759 2833 2798 non
2870 2743 3161 2815 plurimum
3194 2746 3502 2801 aberrahit?

1938 2831 2048 2888 Nec
2080 2835 2154 2888 illi
2186 2844 2316 2904 puto
2351 2836 2559 2889 veniam
2612 2836 2844 2890 dandam
2865 2878 2880 2902 ,
2914 2836 3038 2891 licet
3082 2838 3151 2891 ab
3194 2838 3499 2895 adulterina

1943 2924 2221 2997 Scriptura
2248 2928 2301 2980 in
2339 2928 2582 2982 fraudem
2610 2928 2863 2982 inductus
2890 2930 2981 2994 sit,
3015 2936 3074 2982 ut
3098 2929 3357 2985 adversus
3382 2946 3501 2985 om-

1944 3018 2094 3072 nium
2124 3018 2337 3073 Patrem
2368 3020 2503 3073 dura
2530 3020 2811 3090 cogitaret.
2845 3018 2946 3085 Qui
2990 3021 3135 3074 enim
3185 3020 3499 3093 imaginem,

268 3117 356 3169 καὶ
386 3116 569 3169 ταῦτα
610 3116 826 3169 αίωνίου
857 3115 1139 3186 βασιλέως,
1171 3115 1416 3210 ὑϐρίσας,
1444 3117 1543 3186 τὴν
1573 3118 1839 3190 ἁμαρτίαν

1944 3126 2173 3180 eamque
2217 3110 2401 3165 :eterni
2435 3109 2618 3181 Regis,
2668 3110 2905 3166 aﬂ‘ecerit
2934 3111 3155 3180 injuria,
3191 3122 3412 3181 peccato
3442 3130 3501 3169 se

267 3207 342 3269 εἰς
383 3208 602 3259 ἐκεῖνον
627 3206 1033 3277 ἀναφερομένην
1060 3205 1194 3275 ἔχει,
1227 3198 1398 3279 οὗπερ
1439 3208 1557 3261 καθ’
1586 3209 1840 3279 ὁμοίωσιν

267 3299 299 3367 ἡ
326 3296 493 3350 εἰκὼν
520 3296 817 3367 ἐτύγχανεν
844 3292 995 3350 οὖσα.
1040 3296 1218 3361 Ἀλλὰ,
1248 3299 1430 3368 φησὶν,
1456 3300 1841 3371 ἀμαρτήσαντα

269 3389 563 3442 κατέλειπε
591 3389 653 3441 τὸ
691 3388 831 3441 Θεῖον
861 3387 1094 3459 πνεῦμα.
1123 3389 1331 3443 Οὐκοῦν
1358 3392 1721 3463 συνήμαρτεν·
1748 3395 1842 3447 καὶ

268 3480 385 3545 πῶς
426 3483 459 3534 ὁ
505 3479 670 3533 τοῦτο
710 3479 881 3548 λέγων
924 3480 984 3532 οὐ
1026 3480 1359 3546 κινδυνεύει;
1403 3482 1561 3535 Ἀλλά
1611 3483 1746 3553 μετά
1782 3484 1843 3537 τὸ

273 3574 588 3645 ἁμαρτῆσαι
615 3572 826 3642 εἰλήφει
851 3572 912 3625 τὸ
942 3573 1172 3643 πνεῦμα.
1225 3573 1451 3638 Ἀδίκοις
1476 3575 1582 3647 ἄρα
1608 3575 1840 3628 δέδοταιο

274 3666 363 3718 καὶ
391 3664 495 3718 ποῦ
526 3664 591 3717 τὸ
628 3664 867 3730 δίκαιον;
916 3664 1075 3717 Ἀλλά
1113 3665 1341 3729 δικαίοις
1368 3667 1461 3720 καὶ
1490 3667 1691 3731 ἀδίκοις
1720 3670 1841 3721 ὲπι-

280 3758 605 3827 χορηγείται.
645 3756 814 3809 Τοῦτο
858 3756 1075 3809 πάντων
1118 3756 1464 3810 ἀδικώτατον.
1511 3756 1695 3822 Οὕτως
1736 3761 1843 3813 πᾶν

281 3847 507 3918 ψεῦσμα,
540 3848 647 3901 κᾶν
677 3848 897 3919 μυρίαις
919 3848 1181 3911 ἐπινοίαις
1207 3848 1481 3921 βοηθῆται,
1508 3848 1598 3903 τὸν
1628 3849 1844 3921 ἔλεγχον

287 3940 377 3992 κᾶν
404 3941 460 3993 ὲν
495 3940 694 4012 μακρῷ
721 3940 895 4012 χρόνῳ
919 3941 1102 3994 λαϐεῖν
1131 3940 1228 4013 ἔχῃ
1248 3944 1290 3996 δ.

348 4031 527 4086 XVIII.
559 4034 650 4104 Μὴ
674 4034 973 4087 ἀπατᾶσοε.
1011 4034 1067 4088 Ὁ
1088 4034 1275 4104 Πατὴρ
1295 4034 1328 4106 ἡ
1337 4033 1448 4105 μῶν
1466 4033 1617 4088 οὐδὲν
1638 4034 1841 4105 ἠγνόει.

302 4124 475 4179 Ὁπότε
494 4126 593 4179 καὶ
610 4127 639 4179 6
659 4125 893 4197 δημοσίᾳ
916 4126 1167 4196 κείμενος
1188 4125 1367 4196 νόμος,
1391 4126 1639 4196 .1‹γνοίας¹⁵
1659 4128 1845 4199 ἐγκλή-

298 4234 414 4283 ματι
451 4218 541 4271 διὰ
582 4218 727 4291 τοὺς.
757 4218 1004 4282 ἀναξίους
1036 4218 1252 4272 σκέπων
1282 4218 1462 4281 αὑτὸν,
1514 4220 1641 4283 τοὺς
1661 4219 1681 4249 ⁸
1710 4220 1842 4290 ἀλη-

294 4306 429 4372 Θείας
450 4310 803 4380 γλιχομένους
826 4311 911 4362 ἐπ’
930 4310 1089 4362 αὑτὸν
1120 4309 1427 4379 ἀναπέμπει
1452 4309 1624 4379 λέγων
1640 4327 1654 4341 ο
1689 4310 1845 4381 Ἐξέ-

293 4417 465 4455 sacer
493 4403 602 4457 τὸν
627 4402 851 4471 πατέρα
880 4417 995 4458 σου
1025 4401 1122 4456 καί
1152 4401 1275 4471 ἐρεῖ
1295 4402 1568 4468 σοι,τοὺς
1590 4405 1845 4471 πρεσϐυ-

1945 3202 2262 3271 implicabit,
2295 3203 2346 3255 in
2374 3218 2497 3257 eum
2528 3202 2833 3269 referendo,
2883 3204 2949 3257 ad
2980 3204 3139 3273 cujus
3187 3206 3499 3261 similitudi-

1940 3309 2064 3347 nem
2095 3294 2274 3363 imago
2297 3294 2384 3347 illa
2414 3293 2553 3348 facta
2578 3292 2833 3362 estSed,
2857 3296 3053 3366 inquit,
3079 3308 3200 3367 post
3223 3310 3499 3368 peccatum

1942 3385 2158 3455 reliquit
2194 3385 2342 3439 illum
2375 3385 2591 3441 divinus
2627 3386 2885 3456 Spiritus.
2919 3388 3082 3458 Igitur
3100 3406 3223 3445 cum
3257 3391 3348 3444 illo
3376 3408 3502 3461 pec-

1941 3476 2083 3530 cavit
2111 3495 2123 3530 :
2156 3486 2209 3531 et
2232 3493 2341 3547 quo
2368 3485 2546 3547 pacto,
2573 3479 2667 3548 qui
2696 3479 2798 3533 hoe
2822 3479 2973 3546 dicit,
3002 3496 3111 3535 non
3133 3482 3504 3550 periclitatur?

1944 3566 2047 3622 Sed
2076 3579 2359 3638 postquam
2398 3570 2674 3639 peccavit,
2720 3572 2927 3640 accepit
2956 3573 3232 3642 spiritum.
3282 3574 3503 3644 Injustis

1941 3676 2071 3732 ergo
2100 3663 2331 3717 traditur
2355 3680 2368 3715 :
2398 3673 2450 3717 et
2476 3664 2569 3717 ubi
2594 3663 2843 3734 justitia?
2878 3666 2981 3720 Sed
3004 3666 3168 3735 justis
3194 3682 3257 3722 ac
3286 3669 3504 3737 injustis

1942 3755 2336 3822 suppeditatur.
2390 3754 2443 3807 Id
2494 3756 2737 3809 omnium
2792 3756 3216 3824 injustissimum
3257 3769 3360 3813 est.
3413 3759 3504 3813 Sic

1942 3847 2221 3914 quodlibet
2261 3846 2601 3901 mendacium
2623 3888 2638 3911 ,
2668 3847 2815 3901 mille
2849 3848 2972 3902 licet
3002 3849 3288 3919 adjuvetur
3335 3866 3500 3907 exco-

1944 3937 2317 4007 gitationibus,
2351 3936 2776 3993 confutationem
2808 3939 3025 3993 demum
3061 3941 3339 3995 sortietur.

2012 4026 2199 4083 XVIII.
2241 4028 2318 4084 Ne
2349 4030 2717 4099 decipiamini.
2748 4029 2951 4086 Parens
2983 4040 3166 4085 noster
3190 4033 3323 4087 nihil
3346 4033 3505 4104 igno-

1942 4122 2104 4176 ravit.
2141 4120 2594 4191 Quandoquidem
2631 4131 2686 4176 et
2719 4120 2934 4191 publice
2982 4122 3158 4192 posita
3206 4124 3291 4178 lex
3317 4166 3333 4190 ,
3380 4141 3502 4194 qua:

1943 4214 2096 4268 illum
2123 4215 2439 4284 ignorantize
2472 4215 2631 4284 culpa
2659 4215 2730 4269 ob
2760 4214 3012 4285 indignos
3038 4223 3250 4282 onerat,
3283 4227 3501 4286 propter

1942 4307 2190 4361 veritatis
2220 4307 2446 4376 cupidos
2492 4306 2559 4360 ad
2585 4306 2827 4362 eumdem
2872 4307 3118 4374 remittit,
3146 4308 3330 4363 dicens
3360 4327 3373 4363 :
3403 4308 3503 4364 In—

1946 4412 2152 4471 terroga
2200 4411 2403 4471 patrem
2454 4411 2604 4454 tuum
2642 4408 2693 4453 et
2727 4398 2863 4453 dicet
2897 4398 3021 4463 tibi,
3053 4401 3278 4453 seniores
3311 4410 3425 4454 tuos
3452 4412 3502 4456 et

291 4492 482 4560 τέρρυς
516 4510 653 4557 σου,
698 4494 795 4548 καὶ
827 4494 1228 4564 ἁναγγελοῦσι
1246 4495 1266 4525 ⁷
1299 4511 1415 4549 σοι.
1447 4494 1646 4547 Τοῦτον
1674 4494 1840 4566 ἐχρῆν

1943 4494 2326 4547 anmmtiabunt
2362 4493 2456 4545 tibi
2492 4493 2541 4547 δ.
2598 4489 2755 4546 Hune
2820 4491 3105 4562 oportebat
3144 4500 3373 4561 patrem,
3404 4492 3509 4547 hos

291 4584 370 4636 τὸν
401 4587 607 4658 πατέρα
635 4585 882 4658 ζητῆσαι,
910 4587 1131 4651 τούτους
1155 4587 1281 4649 τοὺς
1315 4585 1714 4657 πρεσϐυτέρους
1734 4589 1847 4639 ἐπι-

291 4674 502 4746 ζητῆσαι
521 4679 565 4732 ⁸.
610 4679 749 4731 Ἀλλ’
775 4679 876 4732 οὐκ
908 4679 1193 4750 ἐζήτησας,
1225 4677 1366 4739 τίνος
1395 4677 1540 4730 ἐστὶν
1568 4678 1596 4729 6
1619 4677 1716 4747 τῆς
1746 4676 1843 4746 βα-

293 4770 480 4834 σιλείας
506 4771 723 4843 χρόνος,
753 4772 895 4833 τίνος
921 4772 954 4841 ἡ
979 4770 1089 4839 87
1110 4769 1207 4840 τῆς
1228 4767 1562 4839 προφητείας
1589 4768 1843 4839 καθέδρα,

292 4861 454 4913 καίτοι
491 4862 656 4916 αὐτοῦ
687 4862 876 4915 ἑαυτὸν
910 4860 1200 4932 μηνύοντος
1227 4860 1304 4930 τῷ
1336 4860 1541 4928 λέγειν’
1586 4858 1716 4913 Ἐπί
1736 4859 1844 4928 τῆς

291 4955 564 5023 καθέδρας
590 4954 888 5020 Μωῡσέως
918 4953 1223 5021 ἐκάθησαν
1244 4954 1264 4985 ⁹
1288 4952 1716 5021 οίΓραμματεῖς
1748 4954 1845 5007 καὶ

290 5045 339 5095 οἱ
388 5046 718 5114 Φαρισαῖοι·
777 5045 971 5100 πάντα
1018 5044 1131 5100 οὖν
1190 5044 1306 5098 ὅσα
1362 5045 1621 5115 ,λέγωσιν
1671 5044 1842 5115 ὑμῖν,

345 5186 574 5244 ιΗειιδ.
600 5202 751 5252 ntv,
772 5186 830 5251 2,
856 5184 953 5250 34;
986 5182 1120 5241 Luc.
1153 5200 1266 5252 xu,
1291 5184 1383 5240 45.
1457 5182 1486 5225 ι)
1515 5181 1671 5239 Deut.
1706 5183 1879 5251 xxxii,
1904 5182 1956 5238 7.

1946 4587 2190 4641 seniores
2226 4600 2487 4656 qumrere.
2529 4583 2633 4639 Sed
2667 4598 2773 4637 non
2797 4583 3084 4653 quaasiisti,
3116 4586 3399 4651 cuiusnam
3432 4586 3507 4640 sit

1946 4685 2159 4747 tempus
2190 4678 2362 4747 regni,
2384 4676 2667 4746 cuiusnam
2690 4676 2983 4745 prophetiae
3005 4677 3280 4730 cathedra.
3297 4675 3503 4742 Quam-

1945 4770 2028 4824 vis
2078 4769 2191 4839 ipse
2235 4769 2472 4838 seipsum
2517 4768 2784 4838 signiﬁcet
2812 4768 3042 4822 dicendo
3074 4785 3088 4819 :
3121 4766 3289 4837 Super
3317 4769 3497 4822 cathe-

1948 4862 2099 4914 dram
2133 4860 2330 4930 Moysis
2361 4860 2601 4913 sederunt
2643 4859 2841 4914 Scriba:
2890 4870 2936 4913 et
2988 4859 3250 4914 Pharisazi
3278 4875 3297 4912 :
3328 4862 3505 4914 omnia

1947 4953 2131 5022 igitur,
2176 4967 2492 5020 quacunque
2533 4951 2765 5005 dixerint
2813 4951 2955 5004 vobis
2982 4992 2996 5016 ,
3056 4951 3238 5005 audite
3301 4950 3422 5004 illos
3454 4964 3504 5007 ο.

1953 5042 2084 5098 Illos
2131 5054 2310 5098 autem
2357 5043 2523 5110 dixit,
2574 5043 2721 5097 velut
2767 5058 2895 5127 eos,
2924 5042 3124 5113 quibus
3150 5044 3356 5100 credita
3388 5053 3507 5099 erat

2035 5194 2057 5221 ι
2091 5181 2279 5237 Matth.
2322 5195 2479 5247 χχιιι,
2517 5179 2574 5248 2,
2613 5179 2667 5234 3.

1551 5340 1788 5396 VARIIE
1856 5339 2148 5396 LECTION
2158 5340 2256 5395 ES.

354 5488 397 5516 "
429 5486 567 5554 λέγω
604 5500 719 5539 om.
748 5483 814 5539 0.
865 5480 1173 5554 _"Alnscrui
1197 5482 1237 5554 j)

291 5558 353 5587 ’θ’
370 5559 397 5610 6
419 5546 731 5624 deprompsi
758 5570 825 5610 ex
854 5551 918 5608 Ο.
943 5552 1140 5624 Ibidem
1171 5546 1249 5614 εἷς
1274 5549 1348 5624 ᾣν
1363 5552 1456 5624 καί
1482 5552 1641 5624 αὐτός
1669 5551 1730 5624 (Ζ.

1266 5495 1314 5535 c.
1341 5478 1405 5537 0.
1480 5481 1525 5512 "
1558 5480 1747 5535 ίδεῖνΟ
1799 5497 1847 5533 c.
1883 5481 1920 5535 S
1948 5521 1962 5545 ,
1992 5482 2149 5536 είδειν
2177 5480 2237 5536 C.
2314 5481 2359 5513 ”
2392 5478 2535 5535 ItaO
2581 5495 2630 5534 ε.
2657 5478 2718 5538 Ι).
2746 5480 2833 5533 ἵνα
2877 5478 2939 5534 C.
2983 5476 3096 5532 Cir.
3132 5454 3276 5531 hom.
3325 5492 3420 5540 vtt,
3448 5480 3504 5533 '5.

1274 5549 1348 5622 ᾢν
1363 5552 1453 5604 καὶ
1482 5552 1641 5622 αὑτός
1669 5551 1730 5622 C_.
1810 5551 1975 5620 ἀὕτη
2009 5550 2062 5619 S,
2084 5552 2127 5606 0
2156 5591 2171 5615 ,
2200 5550 2335 5622 αζιτή
2360 5550 2421 5622 (Σ.
2498 5551 2604 5605 'lta
2628 5548 2822 5622 S.Cl’r.
2853 5550 2999 5622 hom.
3030 5564 3111 5622 nt,
3136 5547 3226 5600 28.
3250 5547 3327 5618 τῷ
3357 5546 3504 5622 0,0.

2498 5551 2604 5605 'lta
2628 5548 2683 5604 S.
2708 5550 2822 5605 Cir.
2853 5550 2998 5618 hom.
3030 5564 3111 5607 ιιι.
3136 5547 3226 5600 28.
3250 5547 3327 5618 τῷ
3358 5546 3420 5618 (ξ,
3438 5550 3504 5603 0.

289 5616 571 5699 ξτυγχάγη
602 5616 693 5699 ρ’,
728 5640 810 5699 p_r.
836 5640 981 5699 man.
1012 5697 1019 5699 Α
1058 5622 1080 5654 ⁸
1110 5621 1248 5699 Lege
1291 5619 1482 5699 Eleus.
1545 5620 1668 5699 '_Ita
1693 5620 1737 5674 0
1780 5629 1847 5699 et
1867 5638 1931 5675 ex
1959 5616 2209 5699 conjecta
2229 5620 2270 5675 C
2301 5616 2444 5699 [σιμῇ.
2466 5630 2649 5699 textus
2674 5621 2908 5699 ἀγνοία..
2930 5616 3317 5699 Cfr._hot.n.tt,
3346 5616 3411 5673 48
3449 5628 3507 5673 c-t

288 5696 369 5750 38.
410 5687 575 5765 ’ῗτῆἐ
604 5687 686 5749 Ο.
728 5687 769 5727 ’⁷
793 5692 973 5765 ἐροῦσι
1003 5697 1063 5745 0.
1139 5692 1160 5722 ⁸
1192 5687 1462 5765 Vocabula
1506 5692 1722 5755 τούτους
1771 5692 1894 5754 τοὺς
1946 5687 2343 5764 πρεσϐυτέρους
2369 5687 2687 5762 ἐπιζητῆσαι
2723 5687 2911 5760 recepi
2942 5705 3005 5744 ex
3030 5689 3093 5744 0.
3126 5687 3313 5744 Matth.
3348 5704 3505 5757 um,

291 5766 339 5818 2.
406 5768 424 5797 ⁹
462 5757 750 5820 ἐκάθειταν
780 5757 867 5831 0’,
908 5779 970 5818 ex
1012 5779 1119 5834 quo
1143 5760 1363 5831 adjunxi
1391 5757 1501 5814 οὖν.
