4068 6338
571 312 670 367 123

1411 307 1469 363 S.
1512 303 1902 362 CLEMENTIS
1932 304 1949 356 Ι
1985 303 2151 359 ROM.
2193 302 2385 358 PONT.
2424 300 2651 357 OPERA
2687 300 2911 355 DUBIA.

3675 297 3775 354 12‘

563 424 732 479 clavis
764 422 937 492 regni,
967 422 1069 476 hoc
1106 428 1190 477 est
1216 420 1476 489 cognitio,
1503 434 1624 488 qua:
1654 418 1766 471 sola
1788 424 1959 487 potest
1991 431 2115 485 ape-

2220 415 2461 467 ἀκούετε
2509 411 2722 465 αὐτῶν.
2770 412 2974 466 Αὐτῶν
3016 411 3070 463 δὲ
3095 450 3109 475 ,
3158 406 3326 473 εἶπεν,
3357 410 3432 472 ὡς
3457 410 3556 481 τὴν
3597 410 3778 465 κλεῖδα

566 516 673 569 rire
706 516 830 569 vita:
871 524 1117 583 portam,
1143 527 1238 581 per
1270 527 1433 580 quam
1464 512 1634 565 solam
1670 511 1722 564 in
1754 511 1917 563 vitam
1967 517 2121 563 mter-

564 622 690 660 nam
737 606 901 662 datur
942 604 1172 674 ingredi.
1205 601 1307 658 Sed
1336 603 1412 656 ait
1446 622 1458 655 :
1493 601 1634 655 Sane
1662 602 1867 655 clavem
1901 599 2117 669 quidem

565 694 869 769 possident,
900 707 956 752 at
980 698 1193 755 intrare
1214 695 1520 750 volentibus
1552 709 1661 748 non
1684 694 1943 763 prtebent.

636 950 777 1005 XIX.
815 949 1044 1020 Propter
1073 952 1199 1017 hoc,
1228 952 1474 1021 inquam,
1508 952 1622 1023 ipse
1651 969 1681 1007 e
1716 953 1971 1007 cathedra
2000 968 2121 1007 sur»-

565 1056 717 1109 gens,
745 1043 889 1096 velut
917 1053 1069 1112 pater
1093 1059 1190 1112 pro
1217 1044 1362 1105 liliis.
1390 1059 1510 1113 qua:
1539 1060 1570 1098 a
1599 1045 1797 1099 sarculo
1825 1045 1878 1098 in
1906 1027 2120 1099 occulto

564 1132 741 1203 dignis
771 1143 896 1189 sunt
920 1136 1112 1189 tradita
1143 1137 1461 1205 pmdicans,
1494 1137 1919 1192 misericordiam
1950 1153 2121 1206 usque

565 1225 631 1278 ad
671 1225 817 1293 ipsas
861 1236 1046 1297 gentes
1096 1229 1429 1293 extendens,
1478 1229 1840 1298 misertusque
1878 1229 2118 1282 omnium

565 1318 869 1371 animarum
897 1357 912 1381 ,
954 1319 1232 1387 proprium
1283 1319 1603 1386 sanguinem
1646 1320 1898 1388 neglexit.
1932 1318 2118 1373 Futuri

564 1407 762 1478 quippe
791 1409 977 1464 saeculi
1009 1425 1101 1463 rex
1132 1425 1252 1464 esse
1293 1420 1619 1466 consecutus
1647 1411 1791 1465 circa
1823 1412 1925 1466 hoc
1953 1427 2119 1466 saecu-

563 1500 709 1566 lum,
741 1501 887 1570 quod
937 1502 1054 1572 lege
1090 1504 1295 1572 accepit
1332 1518 1589 1572 regnum,
1634 1511 1918 1559 accuratus
1956 1514 2036 1558 est
2066 1504 2118 1558 in

565 1592 872 1660 promissis.
905 1591 1170 1661 Quodque
1214 1609 1337 1648 eum
1382 1594 1618 1649 maxime
1656 1594 1977 1659 contristat,
2019 1594 2121 1648 hoc

562 1692 674 1746 est,
718 1684 977 1752 quoniam
1020 1686 1090 1738 ab
1135 1685 1201 1740 iis
1238 1701 1331 1755 per
1367 1685 1723 1755 ignorantiam
1757 1696 2119 1757 oppugnatur,

562 1785 778 1843 propter
822 1790 963 1844 quos
1013 1786 1269 1846 tanquam
1317 1778 1455 1832 ﬁlios
1495 1778 1694 1832 bellum
1724 1781 1979 1849 suscepit.
2009 1778 2115 1832 Ve-
2148 1765 2190 1819 Β

562 1879 867 1922 rumtamen
904 1869 1066 1924 etiam
1098 1886 1286 1924 osores
1321 1870 1543 1933 dilexit,
1595 1868 1747 1926 ﬂevit
1788 1872 2116 1939 incredulos,

564 1960 838 2015 benedixit
893 1962 1356 2027 conviciantibus,
1407 1972 1461 2017 et
1510 1964 1686 2017 oravit
1717 1979 1815 2033 pro
1860 1964 2115 2019 inimicis.

561 2053 747 2124 Neque
777 2056 956 2109 solum
999 2056 1103 2109 ista
1137 2064 1193 2107 ut
1221 2065 1371 2124 pater
1412 2053 1559 2118 fecit,
1591 2055 1683 2108 sed
1728 2064 1782 2109 et
1827 2054 2120 2123 discipulos

561 2162 711 2210 suos,
735 2145 959 2201 aﬂectos
988 2155 1047 2200 ut
1073 2162 1197 2216 erga
1233 2145 1449 2212 fratres,
1476 2146 1672 2200 similia
1704 2144 1883 2200 facere
1914 2146 2116 2200 docuit.

564 2237 676 2293 Iloc
705 2251 872 2305 pater.
909 2239 1013 2293 hoc
1045 2239 1342 2309 propheta;
1396 2239 1500 2293 hoc
1546 2238 1743 2294 rationi
1774 2246 1857 2292 est
1891 2253 2121 2293 consen-

563 2339 823 2396 taneum,
852 2331 1001 2384 illum
1050 2332 1165 2386 suis
1195 2332 1644 2400 ﬁliisimperare,
1688 2339 1748 2385 ut
1796 2346 1890 2400 per
1949 2320 2129 2398 patris’

562 2438 689 2490 erga
718 2423 858 2478 ﬁlios
901 2438 1166 2483 amorem.
1200 2438 1403 2491 perque
1434 2422 1657 2477 insitum
1688 2422 1948 2477 honorem
1980 2421 2119 2474 lilio-

565 2531 683 2568 rum
726 2530 851 2586 erga
905 2523 1146 2584 patrem,
1193 2514 1327 2569 oriri
1378 2515 1550 2584 possit
1591 2522 1788 2568 aeterna
1830 2526 1953 2582 pax.
1983 2512 2119 2566 Cum

562 2607 707 2660 enim
751 2607 928 2661 bonus
981 2608 1247 2675 imperat,
1279 2607 1420 2675 apud
1466 2606 1739 2675 subjectos
1771 2620 1957 2660 verum
1990 2620 2122 2675 gau-

562 2698 711 2751 dium
742 2698 814 2752 oh
839 2699 1220 2767 imperatorem
1257 2698 1527 2753 nascitur.

631 2871 752 2926 XX.
799 2869 995 2926 Verum
1037 2873 1102 2927 ad
1146 2872 1381 2942 primum
1426 2872 1669 2927 veritatis
1699 2872 2129 2927 sermonemred-

559 2986 647 3026 eo.
713 2963 771 3018 Si
800 2965 872 3018 illi
898 2964 1130 3027 homini,
1161 2963 1253 3033 qui
1280 2962 1372 3017 Dei
1402 2963 1654 3017 manibus
1677 2963 1972 3032 productus
1998 2964 2119 3030 fuit,

567 3056 703 3109 nolit
732 3054 853 3123 quis
900 3054 1199 3109 concedere
1228 3063 1289 3108 ut
1321 3063 1568 3109 sanctum
1617 3053 1819 3108 Christi
1871 3055 2118 3123 spiritum

567 3146 841 3213 habuerit,
870 3160 982 3215 quo
1012 3154 1192 3215 pacto,
1225 3145 1269 3199 si
1299 3146 1451 3199 alteri
1475 3162 1540 3199 ex
1567 3145 1777 3214 impura
1802 3145 1970 3215 stirpe
1993 3155 2121 3199 nato

564 3239 809 3292 eumdem
840 3238 1174 3293 concesserit
1205 3239 1423 3302 habere,
1457 3254 1565 3293 non
1606 3238 1898 3307 plurimum
1924 3239 2121 3307 impius

564 3338 640 3382 cst
660 3331 683 3380 ’ἰ
702 3327 933 3382 Maxime
961 3344 1088 3383 vero
1117 3330 1239 3399 pius
1271 3328 1454 3394 fuerit,
1487 3330 1533 3384 si
1565 3330 1719 3383 alteri
1748 3328 1963 3398 quidem
1996 3344 2119 3383 eum

566 3418 813 3485 spiritum
843 3434 948 3472 non
976 3419 1244 3484 tribuerit,
1272 3420 1364 3474 sed
1393 3420 1441 3473 ei
1464 3419 1565 3474 soli
1590 3420 1902 3489 assignarit,
1932 3420 2025 3488 qui
2054 3419 2124 3473 ab

567 3509 722 3563 initio
771 3510 953 3565 sa'culi
976 3551 991 3574 ,
1024 3511 1227 3565 formas
1261 3526 1368 3565 una
1394 3526 1518 3565 cum
1548 3510 1857 3565 nominibus
1884 3520 2121 3578 mutans,

565 3602 827 3670 percurrit
856 3603 1133 3668 saeculum,
1163 3604 1333 3658 donec
1356 3611 1548 3657 nactus
1576 3618 1672 3656 sua
1704 3610 1964 3671 tempora,
1993 3616 2120 3671 pro-

570 3703 690 3762 pter
733 3694 949 3749 labores
981 3694 1073 3749 Dei
1104 3694 1481 3751 misericordia
1513 3704 1714 3749 unctus
1738 3736 1753 3759 ,
1797 3694 2038 3763 requiem
2067 3694 2122 3748 in

569 3795 831 3840 aeternum
864 3787 1159 3856 possideat.
1205 3786 1303 3842 llic
1334 3788 1542 3842 honore
1571 3787 1806 3841 donatus
1835 3793 1919 3840 est
1956 3785 2124 3854 impe-

566 3878 719 3932 randi
737 3888 790 3933 et
810 3878 1127 3933 dominandi
1148 3880 1424 3946 omnibus,
1449 3894 1571 3947 qua:
1592 3887 1877 3932 versantur
1900 3877 1954 3930 in
1978 3890 2121 3942 aere,

566 3980 713 4026 terra
744 3982 797 4026 et
824 3973 982 4041 aquis
1011 3991 1024 4026 :
1054 3972 1120 4026 ad
1154 3972 1269 4027 haec
1312 3972 1486 4042 ipsius
1518 3985 1549 4023 a
1593 3984 1702 4039 quo
1742 3969 1904 4022 homo
1948 3966 2123 4021 lactus

565 4071 651 4117 est
694 4063 877 4117 ﬂatum
928 4063 1136 4127 habuit,
1184 4064 1379 4117 animae
1410 4060 1659 4132 infragile
1704 4060 2123 4124 vestimentum,

566 4168 677 4222 quo
701 4154 1027 4208 immortalis
1056 4170 1175 4209 esse
1200 4162 1402 4222 posset.

639 4244 781 4301 XXI.
825 4245 991 4311 Idem,
1026 4246 1119 4315 qui
1162 4247 1311 4300 solus
1342 4260 1503 4299 verus
1552 4247 1817 4315 propheta
1852 4254 1954 4311 est,
2004 4244 2126 4299 uni-

571 4335 770 4404 cuique
794 4338 1012 4392 animali
1044 4347 1165 4407 aptc
1189 4338 1253 4392 ad
1285 4347 1555 4403 naturam,
1588 4337 1729 4391 sicut
1750 4338 1865 4406 ejus
1892 4347 2121 4401 creator,

2219 504 2320 573 τῆς
2361 503 2631 573 βασιλείας
2680 502 3152 574 πεπιστευμένων,
3199 503 3321 572 ἥτις
3347 501 3462 554 ἐστὶ
3496 501 3713 570 γνῶσις,
3742 502 3777 572 ἢ

2225 596 2357 665 μόνη
2383 594 2479 665 τὴν
2518 595 2690 666 πύλην
2733 595 2831 664 τῆς
2869 594 3010 665 ζωῆς
3059 594 3261 658 ἀνοῖξαι
3312 592 3528 646 δύναται
3554 632 3569 657 ,
3614 594 3679 646 δι’
3710 586 3779 663 ἧς

2225 687 2389 757 μόνης
2420 688 2499 750 εἰς
2535 688 2634 758 τὴν
2681 686 2900 740 αἰωνίαν
2942 685 3084 756 ζωὴν
3124 684 3380 737 εἰσελθεῖν
3411 684 3575 737 ἐστιν.
3620 684 3779 736 Ἀλλά

2220 779 2327 843 ναὶ,
2358 779 2540 849 φησὶν,
2573 778 2831 850 κρατοῦσι
2864 778 2960 847 μὲν
2980 778 3023 808 ¹⁰
3051 778 3148 847 τῆν
3178 777 3346 839 κλεῖν,
3374 777 3485 838 τοῖς
3511 775 3566 827 δὲ
3593 773 3778 844 βουλος-

2226 872 2403 941 μένοις
2428 871 2687 924 εἰσελθεῖν
2714 871 2773 923 ού
2806 869 3149 940 παρέχουσιν.

2288 961 2431 1017 XIX.
2471 960 2567 1014 Διά
2595 961 2774 1023 τοῦτο,
2812 961 2972 1030 φημἰ,
3005 958 3163 1022 αὐτὸς
3189 958 3290 1027 τῆς
3329 956 3592 1027 καθέδρας
3624 958 3781 1026 ἐγερ-

2222 1052 2333 1115 θεὶς
2358 1052 2421 1115 ¹¹,
2452 1051 2528 1115 ὡς
2557 1052 2735 1121 πατὴρ
2781 1050 2920 1119 ὑπὲρ
2956 1050 3187 1112 τέκνων,
3218 1048 3287 1101 τά
3316 1049 3408 1101 ἀπ’
3433 1050 3473 1079 ¹¹
3502 1048 3693 1110 αἰῶνος
3722 1048 3781 1099 ἐν

2222 1143 2445 1215 κρυπτῷ
2480 1142 2648 1206 ἀξίοις
2677 1140 3070 1211 παραδιδόμενα
3116 1140 3422 1211 κηρύσσων,
3462 1139 3653 1209 μέχρις
3678 1137 3781 1192 αὐ-

2220 1235 2326 1288 τῶν
2357 1234 2523 1288 ἐθνῶν
2569 1234 2658 1285 τὸν
2708 1233 2852 1285 ἑλεον
2902 1231 3154 1285 ἐκτείνων
3213 1232 3305 1283 καὶ
3346 1229 3521 1300 ψυχὰς
3566 1230 3783 1283 πάντων

2222 1325 2404 1388 ἐλεῶν,
2444 1325 2570 1376 ἰδίου
2599 1324 2826 1395 αἵματος
2867 1322 3077 1393 ἠμέλει.
3117 1322 3413 1383 Μέλλοντος
3449 1320 3556 1391 γὰρ
3589 1320 3785 1382 αἰῶνος

2224 1416 2472 1486 βασιλεὺς
2518 1410 2651 1467 εἶναι
2681 1413 3082 1483 κατηξιωμένος
3131 1413 3268 1484 πρὸς
3303 1413 3393 1465 τὸν
3437 1412 3529 1465 νῦν
3577 1411 3787 1482 ἐμπρό-

2222 1506 2420 1577 θεσμος
2444 1507 2486 1537 ¹⁸
2518 1506 2886 1578 παρειληφότα
2916 1505 3063 1575 νόμῳ
3106 1505 3201 1574 τὴν
3255 1503 3545 1573 βασιλείαν.
3578 1504 3691 1556 Kal.
3722 1502 3788 1555 τὸ

2224 1598 2474 1668 μέγιστον
2503 1599 2638 1669 ὅπερ
2658 1598 2818 1650 αὐτὸν
2847 1597 2962 1649 λίαν
2984 1595 3167 1648 ἐλύπει
3196 1598 3309 1649 ἐστὶ
3334 1596 3507 1660 τοῦτο,
3530 1597 3609 1649 ὅτι
3639 1596 3786 1668 ὑπὲρ

2219 1682 2292 1741 ὧν
2320 1689 2395 1752 ὡς
2417 1689 2617 1741 τέκνων
2644 1689 2743 1759 τὴν
2771 1688 2946 1758 μάχην
2967 1689 3216 1751 ἐποιεῖτο,
3247 1689 3336 1741 ὑπ’
3361 1688 3537 1740 αὐτῶν
3565 1688 3786 1755 ἀγνοίας

2218 1782 2366 1851 αἰτίᾳ
2394 1781 2724 1851 ἐπολεμεῖτο.
2756 1780 2866 1832 Καὶ
2899 1781 3046 1850 ὅμως
3078 1779 3267 1849 ἠγάπα
3298 1780 3390 1833 καὶ
3417 1780 3540 1842 τοὺς
3566 1779 3787 1848 μισοῦν-

2218 1890 2334 1936 τας,
2365 1874 2454 1925 καὶ
2482 1873 2661 1926 ἔκλαιε
2685 1872 2727 1903 ¹⁸
2746 1874 2871 1935 τοὺς
2898 1873 3271 1937 ἀπειθοῦντας,
3296 1874 3389 1926 καὶ
3421 1873 3629 1940 εὐλόγει
3655 1873 3786 1934 τοὺς

2220 1963 2599 2034 λοιδοροῦντας,
2617 1963 2811 2034 ηὔχετο
2828 1963 2965 2034 ὑπὲρ
2986 1962 3077 2033 ἐχθ
3086 1963 3387 2033 ραινόντων.
3411 1964 3520 2014 Καὶ
3539 1963 3597 2014 οὐ
3623 1961 3784 2032 μόνον

2219 2056 2388 2107 ταῦτα
2430 2056 2601 2108 ἐποίει
2638 2055 2713 2117 ὼς
2751 2054 2948 2125 πατὴρ,
2979 2054 3114 2107 ἀλλά
3142 2054 3235 2106 καὶ
3260 2054 3385 2116 τοὺς
3414 2053 3575 2106 αὑτοῦ
3603 2052 3781 2124 μαθη-

2220 2146 2399 2210 τάς¹⁵,
2445 2147 2519 2210 ὼς
2551 2146 2686 2217 πρὸς
2717 2146 2976 2215 ἀδελφοὺς
3008 2145 3255 2216 ἔχοντας,
3301 2145 3370 2198 τὰ
3408 2146 3568 2215 ὃμοια
3610 2147 3786 2198 ποιεῖν

2221 2238 2512 2290 ἐδίδασκεν.
2542 2237 2653 2307 88
2684 2236 2852 2289 Τοῦτο
2883 2238 3082 2308 πατὴρ,
3116 2237 3271 2289 τοῦτο
3297 2238 3595 2308 προφήτης·
3625 2237 3787 2289 τοῦτο

2220 2328 2437 2397 εὔλογον
2465 2329 2524 2381 τὸ
2550 2329 2707 2381 αὐτὸν
2737 2330 2879 2382 ἰδίων
2904 2330 3105 2382 τέκνων
3137 2329 3474 2399 βασιλεῦσαι,
3510 2330 3596 2382 ἵνα
3623 2332 3689 2399 τῇ
3717 2332 3787 2383 ἐκ.

2222 2420 2425 2490 πατρὸς
2452 2420 2587 2492 πρὸς
2617 2420 2782 2473 τέκνα
2819 2424 3015 2491 στοργῇ
3045 2421 3138 2473 καὶ
3165 2420 3270 2473 τῶν
3298 2420 3499 2474 τέκνων
3528 2420 3663 2491 πρὸς
3690 2420 3785 2472 τὸν

2224 2510 2433 2581 πατέρα
2465 2510 2751 2580 ἐνδιαθέτῳ
2798 2514 2929 2582 τιμῇ
2972 2509 3185 2574 αἰώνιος
3205 2510 3248 2541 ¹⁶
3295 2512 3482 2581 εἰρήνη
3530 2510 3785 2579 γενέσθαι

2221 2601 2437 2671 δυνηθῇ.
2469 2600 2573 2653 Τοῦ
2603 2600 2710 2672 γὰρ
2742 2602 2958 2669 εὐλόγου
2987 2600 3383 2671 βασιλεύοντος,
3413 2602 3504 2654 ἐπὶ
3529 2603 3655 2664 τοὺς
3682 2601 3783 2670 βα·-

2225 2692 2599 2763 σιλευομένους
2628 2693 2831 2765 ἀληθὴς
2861 2692 3004 2763 χαρά
3033 2693 3159 2765 περὶ
3184 2693 3277 2745 τοῦ
3305 2692 3673 2763 βασιλεύοντος
3702 2693 3788 2760 γί-

2222 2803 2388 2839 νεται.

2293 2876 2409 2929 XX.
2442 2877 2588 2947 Πλὴν
2616 2877 2705 2929 ἐπὶ
2723 2876 2812 2930 τὸν
2835 2875 3047 2948 πρῶτον
3073 2876 3171 2946 τῆς
3191 2876 3448 2947 ἀληθείας
3467 2877 3721 2935 ἐπάνειμι
3741 2878 3784 2907 ’τ

2224 2969 2399 3036 λόγον.
2442 2967 2565 3020 Ἐάν
2593 2966 2669 3038 τῷ
2698 2967 2803 3020 ὑπὸ
2840 2967 3037 3038 χειρῶν
3082 2966 3216 3020 Θεοῦ
3258 2968 3646 3039 κυοφορηθέντι
3690 2970 3790 3021 ἀν-

2147 3094 2190 3153 C
2225 3058 2425 3131 θρώπῳ
2455 3059 2515 3111 τὸ
2548 3060 2698 3127 ἆγιον
2734 3058 2968 3130 Χριστοῦ
3023 3059 3096 3130 μὴ
3142 3059 3215 3129 δῷ
3254 3076 3336 3122 τις
3379 3058 3519 3128 ἔχειν
3547 3059 3781 3129 πνεῦμα,

2226 3150 2341 3214 πῶς
2370 3151 2538 3221 ἑτέρῳ
2564 3151 2670 3203 τινὶ
2698 3152 2761 3203 ἐκ
2792 3152 3037 3221 μυσαρᾶς
3064 3150 3316 3217 σταγόνος
3342 3152 3684 3221 γεγενημένῳ
3714 3151 3801 3203 δι·-

2221 3242 2344 3305 δοὺς
2370 3241 2512 3311 ἔχειν
2541 3241 2601 3294 οὐ
2626 3240 2695 3294 τὰ
2734 3241 2961 3311 μέγιστα
2990 3240 3208 3307 ἀσεδεῖ;
3240 3240 3321 3293 Τά
3349 3242 3406 3294 δὲ
3438 3242 3664 3311 μέγιστα
3694 3241 3787 3293 εύ-

2224 3332 2372 3386 σεϐεῖ
2394 3333 2456 3396 ³⁸,
2488 3332 2581 3385 ἐὰν
2620 3332 2789 3403 ἑτέρῳ
2840 3333 2936 3402 μὲν
2973 3332 3046 3404 μὴ
3080 3332 3188 3403 δῴη
3210 3333 3251 3364 ³⁸
3279 3331 3449 3402 ἔχειν,
3484 3334 3687 3384 ἐκεῖνον
3724 3331 3785 3384 δὲ

2226 3427 2383 3497 μόνον
2412 3426 2555 3497 ἔχειν
2581 3425 2747 3493 λέγοι,
2781 3425 2840 3488 δς
2868 3426 2961 3478 ἀπ’
2984 3425 3157 3495 ἀρχῆς
3178 3424 3368 3485 αἰῶνος
3391 3423 3500 3494 (6‘2)
3531 3424 3645 3493 ἅμα
3669 3425 3786 3485 τοῖς

2222 3520 2444 3589 ὀνόμασι
2481 3517 2689 3588 μορφὰς
2734 3516 3010 3570 ἀλλάσσων
3036 3517 3127 3569 τὸν
3165 3515 3332 3569 αἰῶνα
3358 3516 3559 3586 τρέχει,
3593 3514 3787 3585 μέχρις

2222 3586 2327 3663 ὅτε-
2358 3586 2500 3663 ἰδίων
2543 3586 2746 3680 χρόνων
2790 3608 3000 3678 τυχὼν,
3051 3606 3138 3660 διά
3177 3608 3303 3670 τοὺς
3338 3607 3610 3677 καμάτους
3646 3606 3785 3659 Θεοῦ

2223 3700 2359 3755 ἐλέει
2405 3699 2673 3771 χρισθεὶς,
2704 3700 2781 3762 εἰς
2812 3700 2898 3752 ἀεὶ
2916 3699 2961 3730 ²⁰
2991 3698 3100 3764 ἕξει
3127 3698 3225 3769 τὴν
3252 3697 3571 3751 ἀνάπαυσιν.
3615 3691 3785 3758 Οὗτος

2223 3793 2408 3862 ἄρχειν
2452 3811 2511 3845 τε
2550 3792 2643 3845 καὶ
2685 3791 2953 3863 κυριεύειν
2982 3792 3195 3844 πάντων
3220 3790 3325 3843 τῶν
3354 3794 3409 3845 ἑν
3438 3790 3558 3860 ἀέρι
3587 3789 3680 3842 καὶ
3710 3792 3782 3859 γῇ

2224 3885 2317 3937 καὶ
2333 3885 2375 3916 ¹¹
2418 3884 2572 3937 ῦδασι
2600 3883 2910 3954 τετίμηται·
2945 3884 3080 3954 πρὸς
3108 3883 3315 3946 τούτοις
3342 3884 3397 3936 δέ
3428 3881 3587 3935 αὐτοῦ
3617 3882 3713 3933 τοῦ
3738 3884 3784 3913 ’⁸

2225 3976 2579 4047 πεποιηκότος
2608 3976 2699 4028 τὸν
2730 3975 3012 4046 ἄνθρωπον
3058 3976 3155 4046 τὴν
3202 3976 3366 4046 πνοὴν
3405 3974 3576 4044 ἑσχεν,
3606 3973 3784 4043 ψυχῆς

2224 4068 2493 4139 ἄρρηκτον
2524 4066 2833 4139 περιϐολὴν,
2865 4068 3012 4131 ὅπως
3038 4066 3302 4132 ἀθάνατος
3328 4062 3465 4119 εἶναι
3490 4066 3709 4137 δυνηθῇ.

2295 4240 2435 4296 XXI.
2478 4234 2643 4303 Οὗτος
2676 4240 2837 4304 αὐτὸς
2877 4240 3032 4311 μόνος
3067 4240 3270 4312 ἀληθὴς
3297 4238 3540 4311 ὑπάρξας
3572 4240 3789 4309 προφή-

2226 4352 2324 4403 της
2352 4332 2459 4404 (65)
2498 4332 2709 4402 ἑκάστῳ
2738 4330 2858 4401 ζὼῳ
2885 4334 3002 4385 κατ’
3032 4330 3182 4395 ἀξίαν
3208 4332 3304 4403 τῆς
3333 4331 3571 4401 φύσεως,
3602 4328 3789 4395 καθὼς

569 4428 790 4497 propria
827 4430 1088 4499 imposuit
1128 4432 1368 4487 nomina.
1414 4431 1568 4496 Quod
1615 4433 1759 4485 enim
1797 4429 2119 4494 nominavit,

2226 4426 2255 4477 ὁ
2297 4422 2605 4495 πεποιηκὼς
2646 4422 2805 4475 αὑτὸν
2825 4423 2890 4488 ’³,
2921 4422 3133 4486 οἰκείως
3175 4421 3382 4476 τέθεικε
3418 4422 3485 4477 τὰ
3524 4421 3784 4492 ὀνόματα.

1820 4542 2056 4599 VARIIE
2124 4536 2521 4595 LECTIONES.

636 4635 685 4711 '_'
717 4633 792 4711 lla
828 4636 871 4691 0
916 4654 964 4711 c.
998 4656 1168 4710 marg.
1202 4640 1284 4705 Ci,
1318 4642 1371 4696 in
1395 4641 1504 4709 cuj.
1547 4650 1694 4711 textu
1718 4638 2045 4711 κρατοῦμεν.
2065 4634 2193 4711 Αῼίτ.
2209 4634 2355 4711 _Lu£..
2390 4628 2970 4711 ιε’,ὕεξΜιιιιίιηιξξιιι2
2993 4627 3544 4711 l§.§rednel:,_1§eitr.
3579 4626 3620 4711 l,

575 4705 615 4781 ξξ
645 4704 975 4781 Explanavit
1003 4696 1148 4781 hunc
1190 4696 1368 4781 locum
1396 4721 1447 4765 et
1462 4696 1514 4764 ἰι
1547 4696 2247 4781 Schlien'ianno'vindicavit
2286 4702 2522 4781 -Baurius
2556 4700 2748 4781 danai:
2793 4700 2986 4781 χῆροι.
3009 4699 3254 4781 _Tubiqg.
3288 4699 3446 4763 1844,
3492 4713 3545 4767 p.

575 4776 626 4849 "_
654 4768 758 4828 ἀπό
789 4778 859 4849 *0.
887 4846 898 4849 Α
940 4780 981 4810 ⁸³
1010 4779 1335 4847 Legendum,
1379 4780 1422 4833 si
1458 4781 1586 4849 quid
1614 4781 1787 4849 video,
1818 4777 2229 4849 ἐμπροθέσμωὲ
2256 4774 2340 4849 ‘At
2367 4771 2516 4849 deest
2543 4771 2763 4849 aliquid.
2793 4770 2849 4823 Ὀ
2888 4770 2980 4849 νῦν
3005 4768 3393 4849 ἐμπροθέσμως
3436 4768 3786 4849 παρειληφως

570 4845 718 4914 νόμῳ
748 4838 1150 4971 τὴνέασιλείᾶν
1183 4864 1266 4904 est
1308 4838 1575 4904 diabolus.
1604 4847 1688 4903 Cl'.
1724 4838 1871 4902 hom'.
1904 4838 1992 4911 xv,
2023 4846 2074 4900 7.
2096 4838 2167 4885 '—
2189 4844 2359 4897 Etiam
2408 4838 2672 4904 Neander,
2714 4849 2773 4893 ut
2804 4847 2989 4908 postea
3024 4838 3291 4909 cognovi,
3318 4840 3460 4892 hunc
3492 4838 3668 4917 locum
3699 4838 3785 4891 sic

571 4916 828 4971 explicat.
905 4931 1039 4971 nost.
1070 4918 1290 4971 Sust.n.
1325 4920 1447 4971 Ml.
1477 4919 1603 4971 Post
1634 4917 1907 4971 Βασιλείαν
1958 4916 2227 4971 excidisse
2267 4919 2423 4971 nutat
2474 4911 2573 4971 τὴν
2615 4910 2791 4971 μάχην
2820 4912 3071 4971 ἐποιεῖτο,
3128 4910 3272 4971 quod
3321 4909 3461 4963 idem
3514 4923 3566 4959 In
3618 4922 3781 4959 versu

571 4916 828 4983 explicat,

905 4931 1039 4973 nost.
1070 4918 1214 4989 διιεῖ.
1238 4935 1290 4988 p.
1325 4920 1447 4973 Ml.
1477 4919 1603 4974 Post
1633 4917 1907 4989 βασιλείαν
1958 4907 2423 4989 excidisse_put_at
2474 4907 3071 4989 τὴνημάχῃνίὲποιεζτο,
3099 4907 3272 4989 "quod
3321 4909 3461 4989 idem
3514 4907 3580 4989 in_
3609 4922 3781 4989 .versu

574 4975 871 5069 insequeiiti
895 4975 1180 5069 legitur-E-
1220 4975 1592 5069 ὲίξπρρθέξω
1619 4975 1691 5069 οι,
1729 4989 1805 5069 ,3⁵
1838 4988 2043 5069 Emi“
2072 4986 2134 5069 β·
2215 4975 2409 5069 "391‘.
2424 4975 2915 5069 μαξὲἐοῖδζξξξβητξιῖξ
2971 4978 3047 5069 0.;
3088 4975 3159 5069 ,Ἰ
3188 4976 3580 5069 ἏίωίἐέὲμθίΪ
3606 4975 3784 5069 ἒῗῖἰέῗ

575 5044 734 5145 goat".
767 5044 985 5145 ,ὶέφόρξ
1007 5077 1094 5145 μοι
1126 5059 1183 5112 S.
1218 5044 1303 5145 “5'
1327 5044 1531 5145 έύσεβῇ
1553 5059 1594 5113 C
1624 5067 1698 5145 ἐι
1728 5057 1810 5145 S',
1841 5059 1965 5145 licet
1993 5065 2232 5145 nostram
2259 5052 2543 5145 lectipngm
2572 5044 2983 5145 commendent.”
3004 5050 3050 5145 ἒξ
3082 5046 3157 5117 δῷ
3174 5044 3251 5145 .9.
3296 5044 3786 5145 Qeinmc-ltflfpzﬁ;

574 5124 629 5198 β,
655 5124 698 5177 0
728 5164 743 5188 ,
774 5124 1024 5198 ἀπὰρχῆξ
1053 5129 1113 5182 C.

1218 5129 1263 5160 ὀ
1294 5128 1463 5183 εἰσαεί
1492 5117 1553 5183 C.
1624 5131 1668 5160 ἰ
1704 5117 1808 5182 καί
1828 5144 1878 5184 c.
1909 5127 1953 5182 Ο
1982 5168 1998 5192 ,
2026 5127 2178 5181 deest
2219 5126 2271 5179 in
2300 5121 2419 5192 cod.
2455 5119 2613 5192 Hom_
2646 5117 3073 5192 Parisatesteﬁ.

3174 5119 3231 5187 "7
3255 5117 3348 5170 τοῦ
3378 5116 3598 5187 adjunxi

575 5186 1343 5270 luem'deinéeps’palmariam
1366 5200 1592 5269 largitus
1616 5209 1698 5255 est
1731 5200 1852 5255 lect.
1889 5186 2162 5270 άῤῥηκτον
2203 5210 2256 5266 p.
2303 5190 2540 5262 ἀρῤητον
2570 5188 2727 5261 Vulg.
2805 5187 2939 5243 "Ita
2968 5188 3029 5255 C,
3061 5187 3105 5242 Ο
3135 5227 3149 5251 ,
3180 5186 3308 5241 αὑτό
3340 5186 3621 5259 legendum
3653 5202 3778 5240 ccu—

573 5274 656 5318 set
686 5261 742 5317 S.

1840 5373 2199 5431 VARIORUM
2233 5375 2461 5434 ΝΟΤᾸΞ.

640 5468 751 5539 (ΓΞ)
791 5472 894 5535 "Oc
918 5470 1017 5523 ἀπ’
1050 5468 1240 5539 ἀρχῆς
1271 5467 1516 5533 αἰῶνος,
1565 5476 1667 5522 etc.
1710 5466 1831 5520 Haec
1853 5467 2127 5539 _conferas

574 5538 732 5591 vrlim
760 5556 883 5594 cum
917 5536 1238 5610 Epiphanio,
1270 5539 1459 5594 lueresi
1488 5538 1577 5601 50,
1607 5553 1726 5606 quae
1748 5545 1830 5591 est
1853 5536 2128 5591 Ebionita-

576 5623 697 5661 rum
721 5624 838 5677 cap.
872 5611 924 5663 5.
953 5611 1087 5666 Cor.

648 5677 760 5743 (65)
789 5675 984 5744 Μόνος
1004 5681 1232 5748 ἀληθὴς
1260 5678 1525 5745 ὑπάρξας
1552 5677 1867 5748 προφήτης.
1898 5675 2124 5730 Inferius

584 5760 695 5813 vui,
751 5749 834 5801 10.
891 5749 943 5804 Id
979 5746 1192 5820 quoque
1251 5752 1592 5805 observatum
1643 5751 1695 5801 in
1750 5746 2033 5801 Ebionzeiss
2072 5756 2125 5801 et

2236 5469 2525 5539 Sampsmis
2557 5486 2649 5525 seu
2687 5468 2935 5524 Elcesaeis
2973 5468 3040 5522 ah
3070 5466 3407 5539 Epiphanio,
3436 5466 3577 5539 quod
3614 5464 3777 5539 Chri-

2232 5535 2383 5593 stuui
2417 5541 2469 5592 in
2509 5540 2716 5594 Adamo
2756 5548 3032 5608 ponerent.
3070 5535 3363 5608 Videueum
3390 5538 3497 5589 vol.
3524 5535 3564 5595 l,
3591 5552 3643 5605 p.
3687 5536 3779 5596 55.

2232 5610 2354 5671 127,
2390 5610 2509 5672 162,
2550 5611 2673 5679 Mil,
2700 5606 2823 5665 462.
2858 5608 3164 5664 Periculose
3198 5606 3504 5663 Mcthodius
3538 5607 3775 5665 Couririi

2228 5690 2363 5735 orat.
2392 5681 2441 5735 5.
2477 5679 2547 5734 lo.
