4068 6338
307 330 407 384 125

1393 294 1858 385 CLEMENTINA.
1892 358 1961 368 -
1995 324 2277 381 HOMILIA
2312 325 2415 382 III.‘

3445 329 3549 385 126

306 436 375 497 Εἴ
394 461 445 496 τι
475 442 588 514 γὰρ
615 444 997 515 ἐπωνόμασεν,
1026 445 1184 499 τοῦτο
1208 442 1274 517 ἦν
1308 448 1401 499 καὶ
1431 450 1493 499 ἐκ
1520 446 1614 500 τοῦ
1655 464 1872 517 πεποιη-

1972 434 2088 497 Ἰιοο
2111 454 2165 498 et
2190 454 2308 498 erat
2337 458 2531 497 nomen
2555 447 2631 498 rei
2654 454 2846 499 creata:
2867 459 2931 500 ex
2954 454 3216 500 creatore.
3244 443 3424 515 Itaque
3439 462 3549 515 quo

307 535 457 597 κότος
486 536 657 605 δνομα
685 536 763 606 τῷ
790 537 1157 608 γεγενημένῳ.
1188 537 1301 607 89
1327 538 1417 590 Διὸ
1448 538 1563 601 πῶς
1592 538 1669 591 ἔτι
1715 537 1880 608 φυτοῦ

308 627 491 696 χρείαν
526 623 639 696 εἶχε
676 629 1032 699 προσλαϐεῖν,
1075 631 1161 682 ἶνα
1187 629 1239 681 τί
1276 630 1403 681 ποτέ
1426 630 1471 661 ’⁸
1496 632 1640 683 ἐστιν
1669 630 1752 700 ἴδῃ
1783 648 1882 683 κα-

304 719 387 770 λὸν
420 718 454 788 ἢ
486 719 680 783 κακὸν,
718 722 765 773 εί
794 721 1094 773 ἐνετέλλετο
1126 722 1199 792 μὴ
1238 725 1462 790 φαγεῖνς
1518 722 1674 775 Ἀλλὰ
1711 721 1881 775 ταῦτα

303 809 650 863 πιστεύουσιν
677 812 728 863 οἱ
765 811 999 883 ἄκριτοι,
1030 813 1079 864 οί
1108 812 1296 879 ἄλογον
1326 812 1513 883 θηρίον
1543 812 1678 865 Θεοῦ
1717 812 1811 865 τοῦ
1833 814 1878 844 ³³

304 901 579 963 κτίσαντος
606 903 805 964 αὐτούς
832 920 890 955 τε
916 904 1011 956 καὶ
1031 902 1099 955 τὰ
1124 902 1298 955 πάντα
1323 903 1812 975 ὲνεργητικώτερον
1834 904 1878 934 ⁸⁸

302 993 621 1064 γεγενῆσθαι
652 994 945 1065 οἰηθέντες.

363 1083 531 1139 XXII.
572 1086 720 1156 Πλὴν
760 1086 932 1156 τούτῳ
970 1087 1013 1117 ’⁷
1055 1086 1282 1154 σύζυγος
1328 1085 1644 1156 συνεκτίσθη
1692 1084 1876 1155 θήλεια

302 1178 472 1248 φύσις,
514 1178 650 1231 πολὺ
672 1177 971 1230 ἀποδέουσα
996 1178 1180 1241 αὑτοῦ,
1226 1179 1300 1241 ώς
1319 1178 1473 1230 οὐσία
1506 1176 1788 1247 μετουσίας
1808 1178 1872 1240 ’⁸,

299 1272 370 1333 ὡς
397 1269 551 1339 ἡλίου
596 1270 813 1341 σελήνη,
857 1271 933 1333 ώς
975 1272 1149 1339 φωτὸς
1193 1270 1253 1322 τὸ
1296 1269 1425 1341 πῦρ.
1457 1270 1601 1339 Αὕτη
1648 1268 1739 1321 τοῦ
1780 1268 1873 1321 νῦν

300 1362 499 1432 κόσμου
532 1363 609 1425 ὡς
629 1363 817 1434 θήλεια
851 1362 1036 1434 ὁμοίου
1077 1364 1336 1433 ἄρχουσα,
1377 1361 1565 1433 πρώτη
1611 1360 1874 1432 προφῆτις

297 1450 429 1506 εἶναι
483 1453 871 1516 πεπίστευται,
922 1453 1061 1525 μετὰ
1102 1454 1317 1507 πάντων
1361 1453 1469 1505 τῶν
1502 1454 1558 1505 ἐν
1599 1454 1873 1522 γεννητοῖς

297 1546 567 1614 γυναικῶν
596 1547 934 1618 προφητείαν
965 1546 1421 1617 ἐπαγγελλομένη.
1462 1546 1519 1597 Ὁ
1560 1544 1617 1597 δὲ
1667 1544 1869 1615 ἔτερος,

297 1642 369 1703 ὡς
401 1640 521 1701 υίὸς
550 1638 839 1710 ἀνθρώπου
884 1640 1055 1710 ἄρσην
1084 1638 1180 1701 ὢν,
1212 1638 1303 1691 καὶ
1334 1636 1401 1689 τὰ
1437 1636 1757 1705 διαφέροντα
1797 1634 1870 1697 ώς

295 1734 473 1803 ἄρσενι
502 1732 583 1803 τῷ
611 1732 853 1803 μέλλοντι
874 1732 1029 1785 αίῶνι
1064 1728 1391 1802 προφητεύει
1424 1730 1489 1787 ³⁸.

356 1912 551 1966 XXIII.
580 1912 687 1966 Δύο
717 1907 817 1968 οὗν
838 1913 968 1983 ἡμῖν
1001 1911 1214 1981 γενικαὶ⁵
1250 1909 1491 1965 ἔστωσαν
1518 1910 1865 1980 προφητεῖαι·

290 2007 321 2075 ἡ
352 2006 451 2075 μὲν
499 2006 763 2076 ἀρσενική
790 2003 866 2035 ³ο·
900 2004 995 2057 καὶ
1039 2001 1329 2072 διωρίσθω,
1361 2002 1443 2054 ὅτι
1478 2002 1511 2071 ἡ
1546 2001 1641 2070 μὲν
1681 1999 1868 2071 πρώτη

238 2142 241 2143 ν
290 2098 459 2168 ἄρσην
481 2092 622 2149 οὖσα
650 2095 876 2167 δευτέρα
894 2094 985 2147 τοῦ
1012 2092 1197 2146 λοιποῦ
1224 2093 1478 2145 τέτακται
1499 2090 1635 2144 κατὰ
1662 2091 1752 2143 τὸν
1774 2090 1872 2160 τῆς

288 2188 516 2259 προόδου
545 2187 726 2255 λόγον,
759 2188 793 2257 ἡ
826 2186 883 2239 δὲ
913 2185 1136 2256 δευτέρα
1163 2184 1325 2254 θῆλυς
1352 2178 1486 2236 οῦσα
1516 2181 1705 2253 πρώτη
1737 2180 1868 2251 ώρί-

290 2280 385 2350 σθη
430 2278 693 2350 ἔρχεσθαι
744 2279 803 2331 ὲν
856 2280 922 2349 τῇ
964 2276 1071 2329 τῶν
1115 2275 1383 2343 συζυγιῶν
1431 2273 1762 2345 προελεύσει.
1807 2273 1871 2325 'II

290 2373 385 2441 μὲν
412 2368 510 2424 οὖν
550 2372 611 2423 ὲν
638 2372 913 2440 γεννητοῖς
941 2367 1211 2434 γυναικῶν
1255 2363 1408 2429 οὖσα,
1432 2367 1507 2429 ώς
1549 2366 1735 2436 θήλεια
1776 2363 1869 2416 τοῦ

287 2462 378 2515 νῦν
423 2462 636 2533 κόσμου
663 2461 706 2492 ³³
736 2459 1172 2529 ἐπαγγελλομένη
1204 2459 1269 2522 ³⁸,
1301 2456 1560 2529 ἀρσενικὴ
1599 2451 1737 2509 εἶναι
1783 2472 1872 2507 πι-

290 2553 576 2607 στεύεσθαι
612 2552 775 2605 θέλει.
806 2551 898 2603 Διὸ
918 2550 1221 2604 κλέπτουσα
1248 2548 1317 2602 τά
1345 2547 1439 2601 τοῦ
1468 2549 1692 2619 ἄρσενος
1715 2546 1873 2618 σπέρ-

292 2662 452 2714 ματα,
494 2646 590 2697 καὶ
618 2646 731 2707 τοῖς
775 2642 927 2705 ίδίοις
952 2642 1051 2713 τῆς
1081 2641 1280 2713 σαρκὸς
1318 2639 1621 2710 σπέρμασιν
1656 2638 1873 2691 ἐπισκέ-

287 2752 462 2789 τξτουσα
498 2736 566 2797 ³³,
601 2735 676 2798 ὠς
703 2735 802 2788 ὅλα
829 2736 937 2789 ἴδια
958 2734 1275 2804 συνεκφέρει
1301 2732 1372 2785 τὰ
1402 2733 1732 2802 γεννήματα,
1762 2730 1873 2800 90

286 2828 426 2880 τοῦτ’
471 2828 591 2880 ἔστι
624 2826 697 2879 τὰ
735 2828 990 2898 χρήματα
1013 2826 1080 2889 ³⁸,
1113 2826 1324 2879 καὶτὸν
1356 2825 1599 2896 παρόντα
1635 2826 1872 2894 ἐπίγειον

288 2919 516 2972 πλοῦτον
566 2919 645 2981 ὡς
695 2921 894 2989 προῖκα
943 2917 1131 2985 δώσειν
1172 2917 1595 2985 ἐπαγγέλλεται,
1641 2918 1718 2988 τῷ
1772 2934 1869 2970 τα-

289 3015 374 3083 χεῖ
394 3013 455 3067 τὸ
482 3011 653 3086 βραδὺ
683 3011 749 3077 ³⁵,
777 3010 841 3066 τὸ
860 3010 1039 3084 ’βραχὺ
1077 3010 1155 3084 τῷ
1200 3008 1405 3083 μείζονι
1431 3009 1730 3079 ὑπαλλάξαι
1780 3009 1869 3064 θέ-

291 3107 472 3161 λουσα.

353 3221 546 3275 XXIV.
588 3222 821 3284 Πολλοὺς
846 3221 1024 3291 μέντοι
1056 3220 1210 3284 θεοὺς
1242 3220 1419 3289 λέγειν
1447 3221 1540 3274 καὶ
1568 3220 1786 3273 ἀκούειν
1807 3220 1869 3273 οὐ

294 3315 448 3385 μόνον
483 3314 763 3385 τολμῶσα,
802 3312 937 3367 ἀλλὰ
964 3314 1056 3366 καὶ
1081 3313 1215 3384 αὑτὴ
1242 3313 1492 3381 γενέσθαι
1523 3312 1873 3377 πιστεύουσα,

291 3408 379 3459 καὶ
430 3406 607 3458 ἑλπίδι
657 3406 751 3459 τοῦ
806 3404 1075 3474 γενέσθαι,
1123 3405 1152 3458 ὃ
1205 3405 1278 3475 μὴ
1335 3404 1446 3475 ἔχει
1498 3403 1679 3473 φύσιν,
1722 3405 1817 3457 καὶ
1847 3405 1875 3457 ὃ

287 3498 395 3568 ἔχει
423 3497 933 3569 προσαπολλύουσα,
966 3497 1059 3550 καὶ
1086 3498 1159 3559 do;
1188 3497 1373 3568 θήλεια
1414 3497 1699 3569 έμμηνίοις
1726 3497 1771 3529 ⁸⁸
1797 3514 1874 3565 για

287 3592 486 3661 ⁸δεομένη
521 3590 795 3661 προφάσει
818 3588 1013 3642 θυσιῶν
1034 3589 1383 3659 αἱμάσσεται,
1416 3590 1508 3642 καὶ
1551 3588 1724 3651 οὓτως
1748 3590 1875 3653 τοὺς

286 3683 558 3751 ψαύοντας
591 3683 763 3753 αὐτῆς
798 3682 1035 3752 μολύνει.
1086 3682 1253 3735 Ἐπάν
1286 3682 1343 3735 δὲ
1384 3680 1718 3735 συλλαϐοῦσα
1748 3683 1874 3746 τοὺς

286 3772 660 3844 προσκαίρους
691 3773 846 3843 τίκτῃ
876 3773 919 3803 ³⁷
953 3772 1213 3843 βασιλεῖς,
1240 3774 1367 3836 τοὺς
1398 3767 1536 3843 αἷμα
1564 3772 1699 3826 πολὺ
1724 3772 1873 3843 χέον-

287 3882 381 3927 τας
407 3866 617 3936 ἐγείρει
649 3864 934 3934 πολέμους.
970 3865 1107 3927 Τοὺς
1136 3865 1193 3917 δὲ
1227 3866 1354 3935 παρ’
1410 3864 1575 3934 αὐτῆς
1606 3864 1795 3935 μαθεῖν
1827 3865 1871 3898 ³⁸

287 3956 543 4026 ἀλήθειαν
581 3955 939 4027 ὀρεγομένους
986 3955 1063 4025 τῷ
1112 3954 1180 4008 τὰ
1226 3956 1401 4009 πάντα
1439 3955 1618 4023 λέγειν
1655 3956 1870 4009 ἐναντία

288 4052 377 4102 καὶ
427 4048 636 4111 πολλὰς
669 4048 763 4100 καὶ
807 4047 1091 4117 διαφόρους
1129 4046 1737 4117 παρέχεινρπουργίας,
1772 4047 1864 4113 ζη-

288 4143 511 4205 τοῦντας
557 4140 648 4193 ἀεὶ
676 4139 720 4171 ³⁸
748 4140 842 4191 καὶ
872 4138 1034 4208 μηδὲν
1066 4137 1414 4208 εὑρίσκοντας
1463 4138 1654 4208 μέχρις
1703 4135 1868 4191 αὐτοῦ

294 4234 519 4287 θανάτου
550 4230 890 4303 καθίστησιν.
938 4232 1053 4283 Ἀπ’
1085 4230 1259 4302 ἀρχῆς
1294 4233 1403 4301 γὰρ
1440 4230 1744 4301 ἀνθρώποις
1773 4248 1867 4282 τυ-

296 4326 440 4393 φλοῖς
498 4324 729 4378 θανάτου
787 4325 959 4375 κεῖται
1020 4323 1288 4392 πρόφασις
1311 4339 1324 4352 ·
1390 4323 1566 4375 πλάνα
1616 4323 1725 4395 γὰρ
1776 4324 1869 4376 καὶ

1982 535 2142 588 modo
2183 536 2360 590 adhuc
2396 551 2618 590 necesse
2656 537 2847 591 habuit
2873 538 3125 593 arborem
3159 538 3447 609 attingere,
3490 551 3550 595 ut

1980 627 2145 680 sciret
2171 628 2433 697 quidnam
2458 630 2529 682 sit
2561 629 2763 681 bonum
2794 629 2877 683 vel
2902 631 3129 697 malum,
3158 631 3205 685 si
3230 632 3548 685 mandatum

1979 721 2186 789 accepit
2215 736 2324 775 non
2361 721 2595 775 edendi?
2630 719 2828 775 Verum
2876 721 2991 774 haec
3030 725 3257 776 credunt
3285 722 3379 792 qui
3403 723 3547 792 judi-

1978 812 2064 865 cio
2094 820 2302 875 carent,
2336 812 2431 881 qui
2455 812 2792 867 arbitrantur
2813 812 3031 865 brutum
3051 813 3254 866 animal
3274 814 3549 883 potentius

1978 902 2147 958 fuisse
2174 903 2305 969 Deo,
2336 904 2577 974 ipsorum
2606 904 2959 973 omniumque
2986 904 3288 961 conditore.

2046 1084 2209 1139 XXII.
2242 1083 2509 1140 Caeterum
2534 1099 2656 1138 cum
2690 1098 2754 1137 eo
2793 1082 2990 1151 conjux
3031 1092 3210 1135 creata
3239 1090 3322 1136 est
3355 1090 3548 1136 natura

1976 1174 2229 1242 feminea,
2260 1176 2489 1230 multum
2536 1192 2601 1230 eo
2653 1176 2917 1241 deterior;
2968 1174 3177 1229 distans
3208 1174 3276 1227 ab
3304 1190 3389 1237 eo,
3426 1184 3547 1227 tan-

1973 1284 2136 1338 quam
2170 1269 2471 1324 substantia
2500 1269 2569 1321 ab
2596 1267 2882 1332 accidenti,
2908 1275 3168 1337 tanquam
3194 1283 3224 1320 a
3254 1266 3367 1321 sole
3396 1268 3547 1333 Iuna,
3582 1289 3589 1297 ι

1975 1368 2230 1430 tanquam
2262 1377 2293 1415 a
2324 1362 2442 1416 lucc
2465 1362 2622 1431 ignis.
2658 1360 2748 1413 Illa
2783 1361 2912 1415 huic
2942 1361 3145 1414 mundo
3174 1360 3319 1413 velut
3350 1358 3548 1413 femina

1973 1453 2136 1506 simili
2170 1454 2463 1522 imperans,
2502 1454 2672 1523 prima
2717 1453 3055 1522 prophetissa
3091 1468 3214 1507 esse
3244 1452 3463 1516 meruit,
3496 1461 3551 1506 et

1972 1559 2095 1598 cum
2133 1546 2387 1599 omnibus
2411 1545 2504 1614 qui
2541 1545 2682 1598 inter
2731 1555 2889 1598 natos
2933 1544 3220 1597 mulierum
3268 1554 3396 1597 sunt
3422 1560 3549 1612 pro-

1971 1637 2207 1707 phetiam
2239 1638 2543 1692 annuntiat.
2571 1636 2717 1690 Alter
2742 1651 2892 1701 vero,
2926 1636 3080 1705 quasi
3116 1637 3257 1689 filius
3290 1635 3547 1696 hominis,

1904 1770 1947 1825 Β
1975 1744 2090 1783 mas
2123 1739 2226 1792 est,
2264 1740 2317 1785 et
2365 1730 2551 1785 futuro
2600 1731 2799 1785 sseculo
2846 1730 2991 1785 velut
3045 1730 3288 1783 masculo
3332 1731 3548 1799 egregia

1972 1823 2277 1890 prOphetat.

2039 1910 2226 1967 XXIII.
2262 1914 2390 1968 Dum
2426 1914 2587 1983 igitur
2651 1916 2809 1970 nobis
2843 1915 2952 1969 sint
2998 1915 3275 1986 generales
3314 1914 3548 1983 prophe—

1970 2003 2055 2058 tiae
2102 2024 2114 2058 :
2156 2006 2324 2060 altera
2356 2008 2574 2077 quidem
2626 2010 2909 2067 mascula:
2948 2018 3005 2061 ut
3050 2016 3256 2062 certum
3293 2007 3363 2061 sit
3394 2007 3539 2076 quod

1968 2096 2139 2165 prima
2171 2100 2412 2153 mascula
2452 2109 2554 2164 est,
2586 2108 2639 2153 et
2675 2109 2733 2154 ut
2775 2100 3008 2153 secunda
3043 2100 3297 2168 deinceps
3333 2100 3545 2151 ratione

1969 2205 2294 2261 progressus
2329 2193 2645 2257 collocatur,
2696 2193 2929 2246 secunda
2960 2207 3110 2257 vero,
3160 2205 3280 2260 quae
3324 2199 3417 2244 est
3459 2189 3539 2243 fe-

1971 2282 2138 2347 mina,
2172 2284 2343 2352 prima
2386 2285 2438 2336 in
2477 2284 2921 2353 conjugationum
2957 2283 3186 2337 adventu
3236 2282 3422 2335 venire
3454 2281 3549 2334 de-

1971 2374 2119 2427 ﬁnita
2157 2385 2258 2429 est.
2293 2374 2369 2429 Ea
2402 2392 2549 2445 ergo,
2591 2392 2714 2430 cum
2758 2376 2896 2429 inter
2942 2386 3098 2429 natos
3135 2374 3420 2427 mulierum
3454 2373 3546 2437 sit,

1971 2474 2033 2519 ut
2087 2465 2286 2520 femina
2325 2468 2571 2536 praesenti
2603 2468 2805 2520 mundo
2861 2466 3264 2529 annuntiatrix,
3310 2466 3548 2519 mascula

1970 2572 2091 2611 esse
2121 2558 2264 2612 credi
2302 2558 2434 2612 vult.
2487 2556 2667 2623 Quare
2708 2558 2917 2612 semina
2958 2558 3188 2611 masculi
3242 2556 3545 2626 suppilaus,

1971 2649 2195 2719 suisque
2217 2652 2397 2705 carnis
2434 2651 2733 2705 seminibus
2764 2652 3025 2720 obtegens
3058 2660 3315 2719 tanquam
3363 2651 3545 2704 omnia

1971 2758 2071 2797 sua
2108 2744 2484 2808 eomproducit
2531 2745 2796 2813 germina,
2828 2744 2931 2798 hoc
2974 2754 3056 2798 est
3082 2760 3213 2814 opes
3244 2762 3257 2797 :
3291 2753 3343 2798 et
3374 2752 3547 2797 terre-

1971 2846 2111 2889 stres
2149 2836 2247 2891 has
2283 2835 2500 2889 divitias
2533 2836 2689 2908 quasi
2730 2835 2909 2892 dotem
2943 2837 3191 2891 daturam
3226 2850 3284 2890 se
3330 2834 3551 2904 pollice-

1971 2935 2083 2993 tur,
2110 2936 2163 2980 et
2198 2928 2413 2985 tandum
2432 2946 2556 2985 cum
2586 2930 2779 2994 veloci,
2802 2945 3026 3000 parvum
3055 2945 3178 2983 cum
3212 2943 3408 2998 magno
3434 2928 3544 2981 vult

1970 3029 2331 3075 commutare.

2048 3218 2239 3273 XXIV.
2272 3218 2339 3274 Et
2362 3234 2492 3276 vero
2521 3220 2723 3275 multos
2759 3219 2891 3275 deos
2934 3234 3040 3272 non
3084 3218 3257 3273 solum
3290 3218 3469 3272 dicere
3497 3226 3552 3271 ei.

1976 3313 2166 3367 audire
2201 3313 2479 3376 sustinuit,
2513 3313 2607 3367 sed
2639 3321 2694 3366 et
2729 3313 2844 3381 ipsa
2881 3312 3041 3365 talem
3076 3326 3135 3365 se
3160 3309 3396 3364 futuram
3433 3325 3551 3364 ere-

1976 3405 2148 3461 didit:
2186 3417 2348 3477 atque
2378 3420 2473 3475 spe
2505 3404 2789 3465 evadendi.
2820 3403 2969 3474 quod
3016 3411 3207 3457 natura
3248 3418 3355 3457 non
3400 3411 3551 3471 pote-

1976 3508 2082 3562 rat,
2115 3500 2278 3555 etiam
2310 3498 2453 3568 quod
2480 3498 2713 3551 habebat
2746 3497 3007 3567 perdidit;
3058 3505 3114 3551 et
3158 3496 3313 3566 quasi
3346 3494 3547 3549 femina

1975 3592 2030 3646 in
2094 3591 2394 3646 menstruis
2440 3590 2834 3646 sacriﬁciorum
2882 3589 3171 3643 occasione
3208 3596 3546 3649 cruentatur,

1973 3685 2160 3755 sicque
2184 3691 2466 3754 tangentes
2494 3698 2613 3737 eam
2645 3683 2914 3752 inquinat.
2957 3680 3093 3735 Cum
3136 3690 3314 3734 autem
3350 3694 3550 3733 conce-

1972 3778 2071 3847 pit,
2099 3793 2162 3831 ac
2191 3776 2517 3845 temporales
2563 3790 2718 3844 reges
2753 3774 2959 3845 genuit,
2994 3773 3133 3826 bella
3171 3774 3400 3827 suscitat
3428 3787 3550 3840 qua:
3634 3788 3639 3791 ·

1972 3872 2200 3925 multum
2226 3869 2507 3939 sanguinis
2536 3866 2787 3921 fundunt.
2824 3865 2994 3921 Porro
3021 3865 3247 3934 cupidos
3277 3864 3549 3917 discendm

1970 3963 2041 4018 ab
2095 3978 2158 4017 ea
2207 3960 2473 4023 veritatis,
2528 3959 2674 4029 quod
2728 3957 3003 4013 contraria
3052 3957 3236 4010 omnia
3294 3955 3446 4018 dicit,
3495 3966 3549 4010 et

1971 4038 2139 4110 multa
2186 4064 2239 4109 et
2271 4053 2418 4109 varia
2449 4053 2651 4123 praebet
2677 4048 3010 4113 ministeria,
3054 4062 3297 4117 quaerere
3334 4062 3548 4114 semper

1970 4148 2215 4217 nihilque
2243 4146 2486 4201 invenire
2512 4159 2686 4214 usque
2728 4144 2795 4198 ad
2822 4151 3052 4196 mortem
3094 4138 3242 4193 facit.
3279 4137 3361 4191 Ab
3391 4134 3545 4191 initio

1970 4241 2114 4294 enim
2158 4239 2317 4294 caecis
2350 4237 2665 4292 hominibus
2716 4235 2891 4305 posita
2926 4240 3010 4289 est
3055 4231 3248 4286 mortis
3294 4230 3544 4294 occasio;

1971 4333 2104 4387 falsa
2153 4332 2419 4402 siquidem
2453 4340 2506 4385 et
2534 4329 2697 4385 dubia
2730 4337 2787 4383 et
2823 4327 3043 4397 obliqua
3069 4322 3332 4395 praedicit,
3361 4322 3549 4392 sicque

295 4417 567 4486 ἀμφίϐολα
603 4416 695 4469 καὶ
728 4414 856 4480 λοξὰ
898 4416 1310 4487 προφητεύουσα
1361 4417 1485 4477 τοὺς
1521 4418 1868 4481 πιστεύοντας

1970 4426 2250 4482 credentes
2271 4425 2490 4495 decipit.

300 4510 500 4579 ἀπατᾷ.

365 4621 527 4677 XXV.
585 4622 672 4675 Διὸ
708 4622 752 4653 ⁸ο
786 4622 862 4693 τῷ
913 4622 1234 4693 πρωτοτὸκῳ
1276 4624 1445 4693 αὐτῆς
1507 4626 1864 4697 ἀμφοτερίζον

2042 4623 2208 4681 XXV.
2238 4623 2505 4690 Quocirca
2545 4620 2908 4692 primogenito
2946 4632 3046 4673 suo
3094 4618 3181 4671 lex
3225 4614 3541 4683 ambiguum

302 4714 557 4785 ἐπέθηκεν
586 4717 614 4767 ὁ
651 4714 809 4784 νόμος
845 4714 1013 4784 ὄνομα
1047 4715 1111 4776 ⁸⁸,
1146 4714 1417 4767 καλέσασα
1459 4716 1626 4768 Κάῐν·
1676 4717 1703 4768 ὃ
1748 4717 1866 4788 διχῇ

1971 4717 2226 4787 imposuit
2258 4730 2477 4780 nomen,
2513 4723 2567 4768 et
2603 4713 2833 4767 Cainum
2865 4710 3095 4765 vocavit.
3151 4706 3305 4773 Quod
3345 4720 3542 4759 nomen

304 4806 407 4874 Erat
438 4806 536 4876 τῆς
570 4806 861 4877 ἑρμηνείας
905 4807 1003 4878 τὴν
1050 4807 1291 4877 ὲκδοχήν.
1343 4807 1732 4878 Ἐρμηνεύεται
1762 4810 1869 4893 γὰρ

1971 4811 2171 4881 duplici
2208 4807 2671 4879 interpretationis
2717 4821 2880 4861 sensu
2929 4802 3211 4872 accipitur.
3245 4798 3544 4869 Exponitur

1551 4981 1787 5038 VARIAS
1858 4984 2259 5041 LECTIONES.

368 5099 411 5173 ’f
447 5099 563 5150 ποτ’
606 5097 672 5173 0.
707 5097 1241 5173 Legtionemxaxbv,
1269 5100 1329 5173 si
1349 5100 1653 5173 ἐνετέλλετο
1681 5103 1756 5173 μὴ
1787 5106 1979 5171 φαγεῖν
2014 5127 2025 5159 ;
2056 5103 2175 5157 erui
2212 5118 2275 5156 ex
2306 5103 2492 5158 notula
2523 5100 2809 5168 marginali
2839 5100 2963 5154 eod.
2995 5097 3040 5173 0
3077 5139 3104 5173 λ
3140 5098 3193 5154 in
3211 5098 3332 5173 cui.
3352 5105 3539 5173 -textu

302 5168 523 5255 legitur,
544 5168 621 5255 uti
651 5183 738 5255 ap;
862 5186 875 5221 :
907 5170 1103 5253 uxév';
1137 5168 1468 5255 ἐνετέλλετοέ
1498 5166 1758 5255 ultimum
1785 5166 2153 5255 interrogandi
2190 5174 2407 5255 signum
2440 5174 2493 5225 in
2522 5166 3044 5255 punctum-Imutavit
3208 5166 3379 5255 "n12?
3408 5182 3542 5235 [πῖθ’

302 5235 529 5310 termisit
558 5236 613 5291 S.
689 5235 739 5268 ’⁸
773 5239 1255 5310 ,ἐνεργετικώτερον
1280 5238 1343 5292 0.
1422 5240 1465 5270 "
1506 5239 1660 5306 Quod
1694 5240 1731 5295 S
1796 5235 2042 5309 adnotat,
2080 5243 2121 5297 C
2184 5235 2424 5299 edidisse
2454 5235 2634 5305 τοῦτο,
2680 5241 2918 5305 intellige
2968 5242 3034 5294 de
3083 5239 3164 5294 CI.
3243 5239 3289 5270 "
3329 5235 3538 5310 Sensus

302 5257 529 5291 tennis“
558 5257 613 5291 δ.
696 5257 739 5268 ’ν
777 5257 1157 5310 ενεργετικωτε
1227 5257 1343 5293 νυ.
1423 5257 1460 5270 "
1506 5257 1660 5306 νηοί]
1694 5257 1731 5295 δ
1796 5257 2042 5309 aun0tat,
2080 5257 2121 5297 υ
2184 5257 2424 5299 edidisse
2454 5260 2634 5305 τουτο,
2680 5257 2918 5305 Intelligo
2968 5257 3034 5294 ue
3083 5257 3164 5294 ω.
3244 5257 3289 5270 ’-
3330 5257 3536 5290 δεηδιιδ

300 5308 567 5383 ﬂagitat.
598 5316 659 5383 ιξῑ
686 5308 936 5383 ,ΥοΙυίεθ
973 5310 1099 5383 ξώξ
1125 5257 1311 5383 οέἓίας
1357 5312 1634 5383 μετουσία.
1713 5311 1757 5342 ’⁸
1799 5310 1871 5365 Ita
1905 5312 1949 5367 0
1980 5357 1993 5379 ,
2024 5324 2079 5368 ut
2108 5313 2217 5383 jam
2248 5322 2390 5367 recte
2414 5314 2665 5366 viderunt
2690 5310 2731 5362 ll
2786 5310 3133 5383 etNeander,
3174 5306 3536 5383 πρωτεύει

302 5376 344 5453 ff
380 5378 740 5453 ἀρρῖνικήβ-
805 5378 895 5453 __"
921 5380 1007 5453 ﬁt};
1043 5379 1138 5453 νῦν
1167 5374 1461 5453 κόσμῳλι).
1566 5384 1625 5453 ,³⁸³
1661 5374 2126 5453 ἐπαγγελλομένοῦ
2151 5383 2214 5439 Ο.
2251 5383 2779 5453 διιιήηίίθίάρρενική
2949 5381 2997 5453 _’_’
3036 5374 3440 5453 ὲπισκέπτουσα
3463 5374 3528 5429 0.

302 5446 345 5477 ⁸⁸
386 5431 598 5519 ῥήματα
729 5431 732 5432 ν
766 5449 849 5519 ﬂ”
884 5450 945 5519 τὸ
979 5431 1341 5519 βραδύὲ
1363 5431 1512 5503 deest
1564 5450 1616 5505 in
2938 5450 2977 5502 C
3040 5431 3324 5519 voluerat:
3349 5446 3426 5515 τῷ
3446 5463 3541 5519 τα-

299 5514 467 5594 χεῖτδ
500 5518 796 5594 βραδύ,τῷ
829 5514 1032 5588 μείζονι
1059 5520 1118 5594 τὸ
1143 5514 1515 5594 ἦττον-ὑπαλλ.
1541 5538 1601 5594 κ,
1632 5540 1686 5594 τ.Δ
1705 5521 1752 5573 λ.
1803 5592 1808 5594 _
1837 5522 1880 5553 ³⁸
1906 5523 1963 5575 ἐν
1998 5514 2210 5594 μηνίοις
2253 5524 2313 5577 C.
2395 5524 2436 5554 ⁸⁷
2454 5522 2529 5576 Ita
2554 5522 2597 5576 0
2644 5539 2696 5594 c.
2734 5521 2771 5573 S
2799 5563 2815 5594 ,
2858 5521 3027 5573 τίκτει
3207 5518 3250 5547 ³⁸
3282 5517 3356 5570 Ita
3386 5514 3439 5594 et
3468 5514 3514 5594 ρ

301 5590 352 5640 in
390 5586 554 5650 textu,
589 5588 735 5657 μαθῇ
770 5586 840 5641 in
864 5605 1036 5659 marg.
1062 5586 1198 5643 Cum
1229 5588 1412 5643 eodem
1446 5590 1604 5644 omisi
1627 5591 1689 5645 Ci
1751 5592 1819 5645 τά
1858 5586 2241 5647 ειιιιεέναντία.
2278 5594 2579 5647 Articulum
2616 5593 2905 5651 delendum
2939 5589 3190 5656 essejam
3241 5588 3449 5641 notavit
3470 5586 3531 5639 S.

303 5657 347 5688 ⁹⁹
378 5660 480 5710 αἰεί
517 5658 577 5711 C.
694 5660 743 5689 ⁸⁰
765 5660 844 5709 Δι’
872 5660 900 5711 ὃ
934 5658 994 5712 C.
1083 5659 1123 5689 “
1160 5658 1285 5712 Dedi
1318 5658 1583 5712 ἐπέθηκεν
1612 5664 1638 5712 ὁ
1670 5661 1828 5712 vdua:
1855 5663 2032 5712 ὄνομα
2088 5666 2289 5712 hmines
2341 5665 2549 5712 ratione
2599 5663 2885 5712 inductus.
2945 5658 3210 5712 ἐπέοικεν
3240 5658 3409 5712 ὄνομα
3439 5657 3504 5712 C.

378 5676 479 5710 αιει
517 5676 577 5711 ιι.
694 5676 742 5689 "'
765 5676 824 5709 Δι
872 5677 900 5711 ο
934 5676 994 5711 ιλ.

307 5657 347 5778 ζ’
378 5660 480 5779 αέεί
517 5658 577 5711 C.
608 5733 618 5743 .
694 5660 743 5741 ‘I"
765 5660 903 5782 At‘g
934 5657 1008 5712 Cf
1083 5659 1123 5689 “
1160 5658 1285 5714 Dedi
1318 5658 1583 5729 ἐπέθηκεν
1612 5664 1638 5714 ὁ
1670 5661 1828 5735 νόμος
1855 5663 2032 5735 ὄνομα
2088 5666 2289 5734 Iogiccs
2341 5665 2549 5720 ratione
2598 5663 2885 5726 inductus,
2945 5658 3210 5731 ἐπέθηκεν
3240 5658 3409 5732 ἥνομα
3439 5657 3504 5713 C.

335 5745 397 5780 πε.
434 5746 559 5782 ηκεν
598 5747 625 5781 ο
662 5747 824 5782 νομοί
911 5768 923 5781 .
3014 5763 3016 5766 ν

335 5745 559 5787 πευηκεν
598 5747 625 5781 ο
662 5747 824 5791 νομος
863 5745 923 5782 υ.
3014 5763 3016 5766 μ
