4068 6338
264 310 365 362 ὶὲυ

1395 310 1853 368 CLEMENTINA.
1898 342 1960 353 —
1997 310 2282 397 HOMlLlA
2314 313 2402 369 111.

3419 320 3520 377 I30

261 425 434 496 χείαις
466 430 681 500 ἡδοναῖς
718 429 811 483 τοῦ
853 428 1111 500 λογισμοῦ
1161 429 1257 501 τήν
1310 428 1460 499 ἰσχὺν
1497 429 1837 491 ὑποσυλῶσα,

1943 444 2049 499 que
2096 429 2461 500 voluptatibus
2506 430 2616 485 vim
2663 430 2858 486 mentis
2890 429 3198 502 deprredata
3240 431 3423 502 plures
3464 434 3518 488 in

259 522 382 585 sub;
416 521 670 585 πλείονας
697 523 777 585 εἰς
811 521 1052 593 μοιχείαν
1079 522 1223 589 ἄγει,
1256 522 1348 574 καὶ
1378 520 1550 584 οὕτως
1592 520 1684 573 τοῦ
1719 521 1844 591 μέλ-

261 616 441 678 λοντος
474 615 640 668 καλοῦ
667 615 940 686 στερίσκει
991 613 1244 684 νυμφίου.
1281 614 1483 685 Νύμφη
1516 614 1625 685 γάρ
1671 617 1784 666 ἐστι
1814 616 1843 668 ό

262 711 364 772 πᾶς
397 709 445 741 ⁵¹
477 708 784 780 ἄνθρωπος,
818 707 1017 761 ὁπόταν
1061 705 1156 760 τοῦ
1211 706 1444 778 ἀληθοῦς
1487 707 1533 738 ⁸³
1567 708 1841 777 προφήτου

260 802 435 872 λευκῷ
451 802 597 872 λόγῳ
615 800 874 871 ἀληθείας
894 800 1244 872 σπειρόμενος
1264 800 1563 872 φωτίζηται
1578 800 1668 852 τὸν
1695 799 1837 853 νοῦν.

323 892 568 947 XXVIII.
600 894 690 947 Διὸ
710 892 757 924 ⁸⁸
784 894 902 957 ἑνὸς
939 893 1099 964 μόνου
1146 891 1240 945 τοῦ
1284 893 1384 963 τῆς
1426 891 1679 963 ἀληθείας
1710 910 1842 963 προ-

261 988 427 1058 φήτου
459 985 679 1039 ἀκούειν
710 986 811 1049 δεῖ,
846 985 1020 1038 εἰδότα
1059 986 1137 1037 ὅτι
1172 986 1200 1038 ό
1228 986 1355 1053 παρ’
1391 983 1577 1055 ἐτέρου
1616 986 1841 1056 σπαρείς

259 1078 430 1146 λόγος,
463 1079 708 1149 μοιχείας
737 1078 987 1149 ἔγκλημα
1012 1074 1190 1132 λαϐὼν
1219 1078 1285 1141 ⁸⁸,
1305 1078 1381 1141 ὡς
1413 1078 1516 1130 ὑπὸ
1545 1077 1772 1146 νυμφίου
1796 1078 1840 1109 ³⁸

256 1173 353 1242 τῆς
390 1172 672 1242 βασιλείας
719 1169 885 1225 αὑτοῦ
914 1170 1251 1224 ἐκϐάλλεται.
1290 1170 1414 1232 Τοῖς
1450 1169 1507 1222 δὲ
1537 1169 1599 1221 τὸ
1631 1171 1838 1240 μυστή-

259 1281 365 1336 ριον
395 1264 598 1318 εἰδόσιν
630 1264 735 1316 om
760 1264 996 1334 ψυχικῆς
1034 1263 1277 1333 μοιχείας
1310 1262 1403 1315 καὶ
1442 1261 1666 1324 Θάνατος
1696 1261 1841 1329 γίνε-

253 1374 361 1410 ται.
405 1356 640 1410 Ὁπόταν
668 1357 710 1388 ’τ
744 1358 777 1427 ἡ
815 1356 960 1426 ψυχὴ
994 1356 1082 1424 ὑφ’
1111 1354 1311 1426 ἑτέρων
1358 1356 1563 1426 σπαρῇ,
1605 1354 1720 1407 τότε
1764 1354 1839 1419 ὡς

255 1449 601 1520 πορνεύσασα
628 1449 661 1520 ἢ
693 1447 1089 1519 μοιχευσαμένη
1111 1448 1215 1500 ὑπὸ
1230 1446 1323 1499 τοῦ
1341 1446 1645 1518 πνεύματος
1671 1447 1837 1516 ἐγκα-

252 1540 590 1601 ταλείπεται,
620 1540 727 1610 93
770 1541 863 1594 καὶ
906 1537 1077 1603 οὕτως
1122 1540 1183 1593 τὸ
1232 1540 1473 1611 ἔμψυχον
1521 1540 1699 1611 σῶμα,
1742 1541 1836 1595 τοῦ

254 1632 516 1697 ζωοποιοῦ
575 1636 883 1702 πνεύματος
944 1632 1321 1703 χωρισθέντος,
1370 1636 1449 1697 εἰς
1487 1634 1533 1666 ⁸⁸
1572 1636 1674 1706 γῆν
1708 1637 1838 1690 ἀνα-

250 1726 456 1787 λύεται,
485 1726 581 1779 καὶ
626 1725 718 1777 τοῦ
766 1726 1157 1797 ἁμαρτήματος
1190 1726 1222 1795 ἡ
1270 1728 1388 1779 κατ’
1420 1726 1575 1793 ἀξίαν
1619 1728 1837 1792 κόλασις
1871 1762 1911 1816 Β

249 1821 305 1871 ὲν
341 1819 422 1889 τῷ
466 1820 571 1889 τῆς
608 1817 839 1890 κρίσεως
874 1818 1051 1889 καιρῷ
1092 1818 1399 1872 ἀποδίδοται
1430 1824 1497 1892 τῇ
1524 1822 1667 1894 ψυχῇ
1705 1823 1838 1893 μετά

248 1912 343 1980 τὴν
370 1910 472 1964 τοῦ
518 1911 771 1981 σώματος
801 1911 1077 1965 ἀνάλυσιν’
1132 1912 1320 1985 ὥσπερ
1347 1914 1432 1966 ἐπ’
1468 1914 1765 1985 ἀνθρώπων
1805 1917 1837 1986 ή

251 2006 336 2056 ἐπὶ
358 2004 585 2075 μοιχεία
604 2003 919 2075 φωραθεῖσα
943 2003 1157 2076 πρῶτον
1180 2006 1288 2058 τῶν
1307 2007 1468 2060 οἴκων
1498 2007 1835 2071 ἐκϐάλλεται,

250 2090 343 2149 εἷθ’
375 2096 609 2167 ὕστερον
643 2096 735 2148 ἐπὶ
763 2096 1028 2169 καταδίκῃ
1058 2097 1321 2168 κρίνεται.

316 2188 514 2242 XXIX.
557 2188 665 2241 Τοῦ
700 2189 910 2261 Πέτρου
940 2190 1127 2243 τοῦτον
1160 2190 1445 2261 μέλλοντος
1463 2193 1594 2263 ἡμῖν
1618 2192 1838 2257 τελείως

249 2282 528 2350 ἐκφαίνειν
564 2281 656 2335 τὸν
680 2283 939 2353 μυστικὸν
960 2283 1114 2353 λόγον
1136 2283 1203 2349 ⁸⁸,
1223 2285 1491 2354 Ζακχαῖος
1517 2280 1620 2355 ἧκε
1642 2284 1833 2353 λέγων·

252 2376 389 2444 Ἤδη
425 2374 644 2439 λοιπὸν,
681 2369 726 2428 ὦ
756 2375 949 2446 Πέτρε,
979 2376 1181 2447 ίκαιρὸς
1209 2376 1346 2448 πρὸς
1372 2376 1434 2429 τὸ
1459 2377 1696 2430 ἐκϐάντα
1724 2378 1837 2430 δια-

249 2467 505 2539 λεχθῆναί
536 2484 622 2521 σε.
658 2467 834 2530 Πολὺς
861 2466 971 2538 γάρ
992 2467 1086 2519 ἐπὶ
1119 2467 1218 2538 τῆς
1241 2468 1410 2539 αὐλῆς
1436 2470 1838 2541 συναθροισθεὶς

252 2561 511 2631 ἀναμένει
556 2578 617 2613 σε
662 2560 837 2631 ὄχλος,
884 2555 945 2614 οῦ
985 2562 1041 2613 ὲν
1086 2560 1237 2631 μέσῳ
1268 2561 1346 2625 ὡς
1370 2563 1711 2635 πολέμαρχος
1746 2565 1836 2617 ὑπ’

252 2653 414 2707 αὐτοῦ
444 2652 919 2725 δορυφορούμενος
951 2653 1151 2724 ἕστηκε
1196 2653 1401 2724 Σίμων.
1448 2655 1506 2710 '0
1550 2657 1608 2709 δὲ
1634 2657 1838 2729 Πέτρος

251 2747 509 2809 ἀκούσας,
540 2748 709 2816 εὐχῆς
731 2746 891 2817 χάριν
934 2746 1236 2818 ὑποχωρεῖν
1259 2747 1306 2779 ⁸ο
1346 2765 1436 2819 μοι
1472 2749 1733 2814 κελεύσας
1762 2751 1839 2815 ὡς

255 2841 417 2909 μήπω
443 2838 696 2908 εἰληφότι
726 2838 787 2891 τὸ
815 2838 951 2909 πρὸς
973 2840 1245 2910 σωτηρίαν
1272 2839 1574 2912 βάπτισμα,
1600 2844 1711 2906 τοῖς
1733 2843 1834 2915 ήδη

252 2931 473 2993 τελείοις
503 2930 631 3001 εφη·
682 2930 1027 3001 Ἐγερθέντες
1054 2931 1359 3003 εὑξώμεθα,
1397 2933 1485 2986 ἴνα
1510 2936 1538 2989 ὁ
1565 2934 1696 2999 Θεὸς
1724 2938 1837 2999 τοῖς

254 3022 627 3085 ἀνεκλείπτοις
649 3022 815 3075 αὑτοῦ
837 3023 1138 3094 οίκτιρμοῖς
1158 3026 1469 3098 συνεργήσῃ
1490 3043 1578 3097 μοι
1596 3026 1834 3098 όρμῶντι

258 3112 385 3184 πρὸς
417 3111 696 3183 σωτηρίαν
713 3129 821 3165 των
847 3113 937 3166 ὑπ’
960 3113 1124 3167 αὐτοῦ
1158 3114 1481 3169 κτισθέντων
1509 3115 1606 3169 ἀνθ
1617 3116 1830 3187 ρώπων.

257 3205 360 3257 Καὶ
385 3204 547 3257 τοῦτ’
578 3204 619 3235 ⁶¹
645 3203 815 3257 εἰπὼν
843 3204 1158 3275 εὐξάμενος,
1182 3205 1328 3278 ἐξῄει
1352 3208 1432 3271 είς
1459 3207 1549 3260 τὸν
1573 3206 1832 3281 ὕπαιθρον

258 3296 351 3364 τῆς
382 3295 558 3366 αὐλῆς
618 3296 784 3349 τόπον
839 3296 1012 3367 μέγαν
1058 3298 1225 3363 ὄντα,
1260 3298 1388 3352 ἔνθα
1418 3300 1834 3371 συνεληλυθότες

258 3382 389 3456 ἦσαν
413 3389 604 3441 πολλοὶ
628 3388 722 3441 τοῦ
748 3388 1079 3442 ἐποπτεῦσαι
1108 3389 1288 3462 χάριν,
1318 3391 1414 3461 τῆς
1444 3392 1767 3465 διακρίσεως
1790 3395 1833 3425 ⁸³

259 3479 416 3531 αὑτοῦ
442 3481 540 3533 ἐπὶ
583 3480 645 3533 τὸ
690 3480 943 3535 σπεύδειν
994 3482 1089 3535 τοῦ
1134 3483 1353 3557 ἀκούειν
1388 3486 1834 3559 σπουδαιοτέρους

258 3573 637 3642 πεποιηκυίας.

325 3666 488 3721 XXX.
525 3667 666 3729 Στάς
690 3660 806 3731 οῦν,
854 3667 949 3720 καὶ
992 3667 1113 3722 ἰδὼν
1152 3668 1290 3740 μετά
1324 3669 1505 3743 πάσης
1535 3672 1581 3703 ⁸³
1604 3673 1833 3745 ἡσυχίας

259 3758 344 3811 τὸν
372 3760 556 3816 πάντα
582 3762 711 3816 λαὸν
740 3762 823 3825 είς
845 3761 1007 3814 αὑτὸν
1034 3759 1368 3827 ἀτενίζοντα,
1401 3764 1621 3833 Σίμωνα
1652 3766 1710 3818 δὲ
1739 3766 1831 3819 τὸν

262 3852 441 3919 Μάγον
474 3854 557 3917 εἰς
589 3853 753 3923 μέσον
784 3851 992 3905 ἑστῶτα
1013 3892 1027 3914 ,
1074 3851 1167 3905 τοῦ
1196 3851 1374 3921 λέγειν
1402 3853 1602 3924 ἤρξατο
1637 3854 1825 3919 οὕτως·

262 3942 456 4015 εἰρήνη
486 3947 572 4015 εἴη
604 3946 767 3997 πᾶσιν
793 3945 921 4014 ὑμῖν
956 3946 1067 4007 τοῖς
1099 3944 1328 4015 ἑτοίμως
1353 3944 1400 3977 ⁸⁸
1436 3944 1617 4015 ἔχουσι
1653 3946 1831 4014 δεξιὰς

258 4030 444 4087 διδόναι
609 4036 676 4105 τῇ
706 4033 801 4086 τοῦ
842 4033 977 4087 Θεοῦ
1015 4033 1259 4105 ἀληθείᾳ,
1289 4035 1356 4106 ήν
1388 4034 1552 4089 αὑτοῦ
1586 4037 1831 4109 μεγάλην

260 4142 314 4177 τε
343 4128 435 4179 καὶ
460 4126 792 4196 ἀσύγκριτον
813 4126 870 4178 ὲν
898 4125 977 4197 τῷ
998 4125 1092 4179 νῦν
1122 4125 1315 4197 κόσμῳ
1345 4127 1694 4200 ὑπάρχουσαν
1730 4129 1831 4185 δω-

262 4218 381 4287 ρεὰν
400 4220 431 4270 ὁ
456 4217 784 4280 ἀποστείλας
801 4218 967 4288 ἡμᾶς,
990 4218 1084 4271 τοῦ
1110 4219 1167 4271 ὲν
1190 4219 1429 4291 ὑπεροχῇ
1461 4223 1830 4294 συμφέροντος

261 4310 486 4380 alendi);
511 4309 776 4381 ὑπάρχων
802 4310 1102 4381 προφήτης,
1131 4307 1333 4381 ταύτην
1370 4314 1501 4383 ἡμῖν
1531 4314 1830 4368 ἐνετείλατο

262 4401 521 4471 προφάσει
591 4400 960 4471 προσηγορίας
1012 4400 1120 4472 πρὸ
1168 4401 1278 4454 τῶν
1338 4404 1437 4475 τῆς
1486 4404 1827 4469 διδασκαλίας

260 4494 424 4561 λόγων
462 4493 593 4563 ὑμῖν
648 4492 1093 4560 ἐπιφθέγγεσθαι,
1139 4493 1247 4557 ἵνα,
1275 4493 1369 4547 ὲάν
1475 4513 1559 4559 τις
1594 4498 1653 4550 ὲν
1695 4497 1824 4569 ὑμῖν
1859 4476 1900 4531 θ

262 4587 471 4656 εἰρήνης
504 4585 715 4649 τέκνον,
738 4586 825 4639 διὰ
844 4586 942 4656 τῆς
979 4586 1326 4651 διδασκαλίας
1352 4590 1386 4660 ἡ
1397 4589 1512 4661 μῶν
1542 4590 1823 4664 καταλάϐῃ

263 4673 412 4725 αὑτὸν
456 4676 491 4745 ή
530 4675 751 4745 εἰρήνη,
797 4674 937 4727 εἰδὲ
982 4676 1184 4748 ταύτην
1228 4677 1411 4731 λαϐεῖν
1440 4679 1593 4750 ὑμῶν
1614 4698 1697 4745 τις
1748 4683 1823 4754 μή

262 4765 414 4827 eam,
445 4767 566 4819 τότε
592 4769 751 4837 ἡμεῖς
772 4768 1223 4839 ἀποτιναξάμενοι
1263 4772 1341 4834 είς
1383 4774 1689 4845 μαρτυρίαν
1713 4775 1822 4828 τῶν

263 4857 427 4909 «rem
456 4858 612 4928 ἡμῶν
633 4857 723 4910 τὸν
752 4858 818 4912 ὲκ
846 4858 955 4913 τῶν
995 4861 1128 4914 ὁδῶν
1166 4864 1460 4935 κονιορτὸν,
1497 4866 1556 4919 ὃν
1585 4866 1672 4920 διὰ
1700 4868 1827 4931 τοὺς

265 4947 531 5016 καμάτους
562 4948 922 5017 βαστάξαντες
950 4951 994 4985 ⁸⁸
1015 4952 1322 5024 ἠνέγκαμεν
1352 4955 1487 5025 πρὸς
1508 4956 1651 5026 ὑμᾶς
1678 4958 1828 5023 ὅπως

267 5039 485 5109 σωθῆτε,
520 5041 600 5104 είς
627 5041 828 5111 ἐτέρων
866 5042 1114 5114 ἀπίωμεν
1142 5044 1316 5109 οἰκίας
1334 5047 1425 5099 καὶ
1455 5046 1654 5111 πόλεις.

332 5187 356 5215 ε
381 5174 569 5231 Matth.
599 5193 657 5245 x,
690 5176 968 5244 12;Marc.
994 5194 1067 5243 vt,
1103 5178 1192 5249 ll;
1218 5179 1353 5236 Luc.
1378 5198 1433 5248 κ,
1467 5182 1522 5237 5.

1944 521 2279 575 adulterium
2322 522 2491 587 ducit,
2536 522 2725 591 sicque
2773 523 2950 592 privat
2994 524 3254 593 praeclaro
3292 539 3519 595 sponso,

1942 628 2102 683 quem
2164 614 2399 668 habituri
2444 623 2619 668 erant.
2671 612 2807 667 Nam
2856 615 3081 683 quilibet
3118 616 3284 671 homo
3321 632 3518 686 sponsa

1942 714 2046 768 est,
2090 705 2307 775 quando
2328 706 2438 760 veri
2459 706 2734 775 prophetze
2763 706 2993 760 candido
3008 707 3248 763 veritatis
3270 722 3522 765 sermone

1942 812 2271 867 conspersus
2305 808 2484 853 mente
2519 799 2880 853 illuminatur.

2009 887 2248 945 XXVI“.
2290 890 2631 960 Quapropter
2690 908 2857 945 unum
2893 892 3068 946 solum
3096 894 3335 950 veritatis
3388 910 3512 965 pro-

1940 982 2156 1050 phetam
2191 984 2501 1037 auscultare
2555 992 2790 1053 oportet,
2826 985 3219 1055 sciendumque
3251 996 3335 1040 est
3374 987 3516 1056 quod

1941 1072 2010 1126 ab
2035 1073 2142 1127 alio
2169 1076 2471 1130 seminatus
2500 1092 2703 1141 sermo,
2741 1076 2989 1131 adulterii
3022 1088 3240 1149 sumpto
3269 1080 3516 1143 crimine,

1940 1172 2197 1233 tanquam
2227 1181 2256 1219 a
2290 1182 2490 1236 sponso
2521 1184 2550 1222 e
2588 1184 2756 1239 regno
2787 1170 2906 1239 ejus
2934 1169 3173 1237 ejicitur.
3220 1170 3290 1226 lis
3336 1182 3517 1226 autent
3560 1170 3563 1173 λ

1943 1256 2036 1326 qui
2070 1258 2385 1327 mysterium
2417 1269 2814 1328 cognoverunt,
2851 1278 2945 1330 per
2968 1262 3164 1318 anima:
3193 1264 3515 1319 adulterium

1940 1356 1993 1403 et
2022 1366 2166 1405 mors
2192 1352 2475 1421 contingit.
2506 1351 2723 1407 Scilicet
2742 1371 2864 1408 cum
2890 1355 3071 1409 anima
3103 1357 3171 1410 ab
3192 1357 3311 1411 aliis
3334 1373 3517 1412 semen

1940 1444 2229 1511 acceperit,
2267 1453 2395 1499 tunc
2428 1446 2575 1499 velut
2606 1446 2867 1501 fornicata
2900 1459 2993 1502 aut
3028 1449 3353 1504 adulterium
3386 1467 3517 1520 ope-

1940 1544 2055 1590 rata
2094 1536 2362 1591 deseritur
2400 1553 2429 1591 a
2464 1539 2655 1607 spiritu
2701 1558 2715 1593 :
2752 1549 2913 1609 atque
2959 1542 3030 1595 ita
3076 1557 3274 1612 corpus
3308 1544 3518 1601 anima-

1940 1637 2077 1695 tum,
2115 1630 2295 1684 ablato
2320 1631 2656 1686 vivilicatore
2688 1633 2905 1702 spiritu,
2940 1634 2992 1686 in
3028 1642 3225 1688 terram
3261 1635 3517 1690 dissolvi-

1941 1731 2050 1785 tur,
2090 1731 2143 1776 et
2174 1723 2375 1791 peccati
2420 1724 2687 1794 condigna
2740 1725 3003 1793 supplicia
3042 1736 3286 1795 tempore
3324 1726 3516 1797 judicii

1941 1814 2316 1869 retribuuntur
2362 1816 2557 1869 anima:
2592 1826 2719 1885 post
2768 1818 3161 1886 separationent
3198 1834 3229 1873 a
3268 1835 3513 1889 corpore.

1940 1908 2407 1975 Quemadmodum
2456 1910 2596 1963 inter
2655 1909 2937 1976 homines,
2975 1926 3095 1980 qua:
3148 1910 3200 1964 in
3251 1912 3517 1965 adulterio

1938 2002 2271 2071 deprehensa
2309 2011 2413 2067 est,
2443 2002 2678 2071 primttm
2710 2001 2914 2057 aedibus
2956 2000 3191 2072 ejicitur,
3221 2019 3285 2058 ac
3321 2004 3517 2058 deinde

1938 2094 2388 2149 condemnatione
2411 2094 2724 2149 mulctatur.

2012 2185 2202 2247 XXIX.
2262 2191 2511 2262 Cumque
2569 2192 2761 2249 Petrus
2803 2195 2948 2250 hunc
2985 2193 3161 2265 ipsum
3218 2197 3510 2269 mysticum

1938 2299 2241 2338 sermonem
2270 2284 2509 2353 perfecte
2547 2285 2707 2339 nobis
2757 2286 3135 2344 declaraturus
3162 2298 3340 2356 esset,
3379 2288 3516 2345 Zac—

1938 2378 2123 2431 chacus
2145 2378 2292 2431 venit
2318 2378 2561 2447 dixitque
2593 2397 2606 2431 :
2637 2376 2755 2432 Jam
2784 2394 2951 2445 nunc,
2976 2378 3155 2445 Petre,
3187 2392 3402 2451 tempus
3432 2393 3516 2437 est

1939 2479 1997 2523 ut
2033 2484 2197 2525 exeas
2216 2468 2285 2523 ad
2314 2470 2712 2525 disserendum.
2746 2470 2911 2526 Multa
2934 2472 3080 2527 enim
3107 2474 3261 2527 turba
3288 2475 3339 2528 in
3370 2476 3513 2530 atrio

1937 2569 2265 2630 congregata
2318 2561 2562 2629 aperitur
2610 2570 2683 2624 te,
2720 2561 2776 2615 in
2822 2562 2980 2631 cujus
3027 2564 3207 2619 medio
3252 2575 3510 2636 tanquam

1939 2649 2064 2704 belli
2100 2649 2210 2704 dux
2237 2650 2306 2703 ab
2340 2651 2529 2705 eadem
2576 2660 2851 2720 protectus
2903 2667 2968 2707 ac
2993 2653 3229 2725 stipatus
3268 2656 3513 2711 constitit

1939 2739 2147 2794 Simon.
2174 2738 2294 2806 Quo
2320 2740 2529 2807 audito,
2554 2739 2749 2796 Petrus
2778 2743 3043 2798 orationis
3073 2745 3244 2814 gratia
3261 2747 3515 2802 secedere

1937 2848 2026 2888 me
2059 2833 2245 2903 jussit,
2288 2842 2348 2886 ut
2399 2835 2492 2903 qui
2527 2832 2768 2888 nondum
2810 2835 3141 2904 accepissem
3187 2838 3380 2894 salutis
3411 2838 3511 2894 ba-

1936 2927 2158 2996 ptisma,
2192 2935 2244 2980 et
2277 2925 2344 2979 ad
2378 2925 2490 2995 jam
2542 2926 2813 2996 baptismo
2845 2927 3114 2996 perfectos
3149 2929 3287 2983 dixit
3318 2948 3331 2984 t
3370 2930 3508 2987 Sur-

1938 3027 2125 3089 gentes
2154 3032 2397 3080 oremus,
2438 3026 2496 3071 ut
2527 3015 2672 3073 Deus
2704 3033 2805 3087 pro
2831 3020 2948 3074 suis
2975 3021 3254 3092 perpetuis
3284 3024 3511 3081 misera~

1859 3098 1903 3157 C
1939 3107 2178 3162 tionibus
2225 3108 2520 3177 opituletur
2570 3110 2727 3176 mihi,
2770 3111 2863 3181 qui
2911 3112 3113 3180 prodeo
3156 3115 3229 3170 ob
3275 3117 3506 3174 salutem

1936 3198 2218 3252 hominum
2247 3214 2385 3269 quos
2410 3201 2634 3256 creavit.
2667 3200 2847 3273 thue
2876 3204 2989 3259 haec
3018 3206 3234 3275 locutus
3256 3220 3359 3275 est,
3386 3226 3513 3266 ora--

1934 3292 2085 3348 tione
2138 3292 2316 3359 facta,
2370 3295 2501 3349 exiit
2557 3296 2611 3349 in
2672 3297 2795 3351 atrii
2855 3298 3033 3354 locum
3097 3274 3400 3360 su'bdialem
3457 3315 3512 3362 et

1934 3400 2212 3455 magnum,
2260 3402 2369 3457 quo
2413 3388 2570 3442 multi
2608 3400 2978 3445 convenerant
3006 3394 3286 3462 spectandi
3316 3412 3505 3461 causa;

1933 3492 2057 3532 nam
2089 3479 2209 3548 ejus
2237 3480 2541 3549 disputatio
2569 3480 2814 3549 fecerat,
2858 3495 2917 3540 ut
2955 3486 3328 3557 diligentiores
3359 3491 3511 3547 festi-

1933 3578 2128 3624 narent
2156 3570 2222 3625 ad
2249 3571 2604 3626 audiendum.

2001 3680 2172 3738 XXX.
2205 3682 2367 3740 Stans
2398 3701 2548 3757 ergo,
2592 3704 2931 3760 cernensque
2975 3690 3290 3747 universum
3336 3709 3508 3764 p0pu-

1932 3775 2043 3829 lum
2081 3776 2338 3830 universo
2380 3794 2503 3833 cum
2551 3781 2767 3835 silentio
2805 3783 2996 3837 oculos
3036 3782 3088 3838 in
3121 3784 3296 3853 ipsum
3325 3787 3493 3855 conji-

1928 3882 2072 3934 cere,
2105 3884 2169 3923 ac
2201 3867 2478 3925 Simonem
2516 3871 2731 3943 Magum
2769 3875 2822 3928 in
2850 3875 3030 3929 medio
3058 3886 3235 3942 stare,
3274 3878 3419 3932 hunc
3449 3880 3500 3931 in

1930 3959 2152 4014 modum
2188 3960 2340 4030 loqui
2384 3963 2549 4032 cmpit
2584 3980 2597 4015 :
2634 3963 2746 4019 Pax
2786 3966 2857 4020 sit
2886 3967 3147 4022 omnibus
3190 3967 3367 4031 vobis,
3406 3970 3499 4038 qui

1929 4051 2102 4119 parati
2131 4052 2264 4107 estis
2293 4053 2545 4109 dexteras
2576 4055 2710 4111 dare
2742 4057 2964 4112 veritati
3005 4057 3123 4125 Dei,
3165 4074 3352 4129 quam,
3385 4076 3503 4115 nta-

1930 4160 2099 4215 gnum
2128 4161 2323 4215 nempe
2352 4162 2417 4201 ac
2447 4146 2876 4219 incomparabile
2906 4149 3026 4220 ejus
3050 4167 3247 4207 munus
3296 4151 3349 4206 in
3400 4153 3504 4208 hoc

1929 4239 2155 4305 mundo,
2184 4248 2245 4292 ut
2268 4238 2615 4298 salutationis
2654 4257 2820 4299 causa
2860 4243 3015 4299 vobis
3057 4253 3182 4298 ante
3220 4259 3502 4301 sermones

1926 4329 2187 4382 doctrina:
2212 4330 2599 4397 acclamemus,
2630 4334 2886 4403 praecepit
2909 4334 3067 4390 nobis
3097 4335 3190 4405 qui
3223 4334 3372 4390 misit
3396 4352 3499 4391 nos

1930 4436 2091 4476 verus
2136 4422 2448 4479 excellentis
2500 4424 2628 4479 boni
2686 4425 2985 4495 prepheta;
3043 4442 3154 4497 quo
3203 4427 3248 4483 si
3299 4428 3499 4499 aliquis

1930 4514 2071 4568 inter
2097 4530 2196 4570 vos
2230 4517 2301 4570 sit
2353 4516 2499 4571 iilius
2544 4517 2713 4587 pacis,
2762 4533 2861 4588 per
2907 4518 3210 4576 doctrinam
3255 4530 3496 4576 nostratn

1933 4622 2034 4676 pax
2069 4623 2195 4662 eum
2227 4608 2642 4679 complectatur;
2669 4609 2715 4664 si
2754 4609 2878 4680 quis
2900 4620 3080 4666 autem
3112 4621 3349 4667 vestrum
3375 4628 3497 4667 eam

1928 4698 2172 4768 accipere
2197 4699 2352 4766 nolit,
2402 4709 2533 4757 tunc
2578 4716 2712 4766 nos,
2745 4716 2979 4759 excusso
3029 4704 3083 4758 in
3127 4705 3499 4759 testimonium

1932 4791 2149 4860 pulvere
2176 4792 2372 4863 pedum
2400 4801 2737 4859 nostrorum,
2786 4808 2949 4863 quem
2980 4794 3264 4851 collectum
3310 4812 3375 4851 ex
3410 4796 3499 4850 iti-

1927 4896 2121 4935 nerum
2150 4882 2428 4937 laboribus
2460 4882 2655 4938 salutis
2694 4892 2892 4938 vestrm
2920 4900 3051 4955 ergo
3085 4886 3399 4951 attulimus,
3428 4888 3495 4941 ad

1926 4972 2157 5026 aliorum
2187 4972 2381 5027 domos
2416 4986 2481 5028 ac
2511 4972 2758 5030 civitates
2796 4975 3058 5033 abeamus
3084 4989 3135 5033 ι.

1516 5313 1753 5371 νΑιιιΑι
1818 5318 2224 5375 LECTIONES.

326 5467 477 5553 ξ’.οΛ
506 5468 1059 5553 hacnvetltit‘,_qu‘asi
1093 5470 1224 5553 legi
1252 5472 1680 5553 “volueritnna;
1739 5477 1787 5529 ο.
1964 5477 2305 5553 Τυηι-όπόἒ
2330 5474 2403 5537 ’ἄν
2456 5481 2609 5553 Yulg.

331 5537 414 5627 λιιι
436 5538 479 5595 0
502 5556 578 5621 _c.
607 5540 651 5593 D
680 5581 697 5603 ,
730 5537 930 5627 λαϐεῖν
948 5538 1024 5627 C._
1044 5626 1061 5627 ἡ
1091 5537 1225 5627 ξ⁶βι
1248 5538 1466 5627 Οηεεεξὶ
1481 5537 1691 5627 videtur
1714 5548 1978 5627 μοιχείειςΞ

2716 5483 2761 5517 ⁵³
2796 5484 2996 5547 ἀληθοῦ
3035 5488 3097 5539 0.
3170 5485 3218 5518 “
3250 5488 3329 5541 Δι’
3359 5487 3387 5541 ὃ
3421 5488 3487 5547 C.

2088 5550 2314 5625 "ﬁndi
2342 5554 2409 5607 ἀν
2444 5551 2507 5606 C.
2561 5550 2581 5553 ⁷
2604 5554 2651 5586 ⁸⁸
2672 5554 2738 5607 τὰ
2759 5557 2840 5619 εἰς
2862 5550 2927 5610 Ο.
2954 5556 3202 5625 Legerim
3228 5558 3347 5613 τότε
3387 5563 3488 5624 εἰς.

266 5610 303 5641 ιε
330 5609 388 5663 Ci
438 5611 625 5664 τοῦτον
654 5619 783 5663 ante
805 5609 960 5679 λόγον
999 5610 1160 5692 omisi
1203 5626 1253 5665 c.
1286 5610 1351 5666 ο.
1422 5613 1591 5667 "om
1628 5609 1839 5685 ωρῆσαί
1871 5609 2092 5674 egoein
2122 5620 2199 5683 ὼς
2233 5622 2401 5701 μήπω
2514 5642 2528 5675 ι
2560 5640 2657 5693 pro
2686 5625 2763 5689 ὡς
2800 5609 3201 5695 pmori?
3233 5609 3485 5686 εειῦττὶῖζ

266 5679 366 5731 "D
420 5697 606 5736 vocem
631 5680 906 5746 διάκρισις
942 5689 1075 5734 vertt
1130 5681 1247 5735 vult
1288 5698 1382 5746 per
1433 5632 1795 5738 rxceléntiam
1870 5689 1951 5742 vel
1996 5692 2355 5746 eminentiam.
2399 5639 2509 5746 cf.”
2539 5692 2555 5745 l
2608 5695 2738 5746 Cor.
2798 5709 2874 5746 tv.
2916 5692 2970 5746 7.
3082 5696 3129 5729 ⁸³
3183 5699 3385 5746 πολλῆς
3420 5702 3485 5746 t1-

263 5679 366 5763 ξ’ἰ)
418 5697 606 5763 vocem
631 5680 906 5763 διάκρισις
923 5681 1075 5763 nverti
1130 5681 1247 5735 vult
1288 5698 1382 5750 per
1418 5679 1795 5763 .rxcelle'niitiin
1860 5689 1951 5763 vel
1982 5679 2375 5763 eminentiam,
2399 5708 2429 5746 c

2608 5695 2738 5747 Cor.
2798 5692 2874 5759 iv,
2916 5692 2970 5749 ’1.
3082 5696 3129 5729 ⁸³
3183 5699 3385 5766 πολλῆς
3420 5702 3485 5758 υ.

265 5750 302 5779 ⁶’³
327 5752 551 5814 ἑτοίμοις
575 5751 711 5806 edit.
738 5750 800 5803 Cl
853 5759 903 5803 et
923 5750 961 5802 S
1005 5762 1193 5806 contra
1226 5754 1596 5809 auctoritatem
1625 5757 1778 5809 codd.
1857 5758 1901 5788 ⁸⁸
1931 5759 2180 5831 κάμπους
2212 5750 2576 5831 βαστάσαντες
2601 5768 2666 5816 0.
