4068 6338
527 313 624 366 I51

1395 307 1451 362 S.
1526 306 1915 363 CLEMENTIS
1951 312 1970 360 ι
2003 304 2168 361 IIOM.
2205 305 2403 361 PONT.
2441 304 2669 359 OPERA
2702 304 2927 361 DUBIA.

3657 308 3761 363 I32

595 423 787 479 XXXI.
814 422 890 479 Ac
920 438 1044 477 vere
1085 424 1319 479 dicimus
1366 424 1575 497 vobis:
1610 406 1947 478 tolerabilius
1991 422 2095 476 erit

2262 420 2449 473 XXXI.
2502 422 2610 473 Καὶ
2670 421 2881 491 ἀληθῶς
2937 421 3063 490 ὑμῖν
3111 420 3355 491 λέγομεν·
3412 421 3767 495 ἀνεκτότερον

528 514 580 568 in
638 514 726 569 die
772 514 986 584 judicii,
1049 531 1270 569 manere
1329 515 1381 568 in
1439 522 1581 568 terra
1630 513 1993 567 Sodomorum
2044 523 2099 568 et

525 605 890 672 Gomorrhze,
954 623 1120 676 quam
1164 608 1215 659 in
1262 606 1382 661 loco
1428 606 1855 672 incredulitatis;
1921 606 2096 675 primo

526 697 767 766 quidem,
800 699 928 767 quia
957 699 1100 767 quod
1136 698 1333 752 rationi
1361 699 1648 764 convenit,
1697 712 1764 751 ex
1804 697 1961 751 vobis
1989 712 2098 750 non

528 789 908 854 intellexistis;
938 790 1196 855 secundo,
1240 790 1496 859 quoniam
1542 804 1666 843 cum
1708 788 1774 842 de
1814 786 1975 840 nobis
2003 802 2101 839 au-

524 880 785 945 diissetis,
823 895 932 933 non
962 880 1184 934 venistis
1228 881 1296 933 ad
1346 895 1479 945 nos;
1524 880 1706 942 tertio,
1754 883 1885 948 quia
1936 879 2098 932 etiam

524 986 651 1025 cum
712 970 1094 1035 venissemus,
1166 971 1325 1023 nobis
1373 986 1479 1023 non
1540 969 1864 1024 credidistis.
1920 968 2101 1034 Quare

528 1062 899 1132 gratiﬁcantes
946 1062 1099 1115 vobis
1141 1063 1307 1127 ultro,
1358 1077 1601 1124 oramus,
1650 1071 1707 1115 ut
1752 1077 1857 1131 pax
1912 1068 2101 1115 nostra

530 1152 710 1205 veniat
740 1167 903 1220 super
929 1168 1059 1206 vos.
1105 1150 1161 1205 Si
1192 1167 1318 1220 ergo
1346 1166 1463 1205 eam
1497 1151 1695 1205 habere
1719 1151 1903 1214 vultis,
1939 1166 2102 1220 opor-

531 1250 606 1295 tet
652 1258 746 1296 vos
800 1244 971 1297 alacri
1017 1243 1200 1295 animo
1249 1241 1546 1310 suscipere,
1593 1251 1654 1295 ut
1704 1242 1961 1311 injuriam
1992 1256 2101 1295 non

532 1333 744 1388 faciatis
773 1344 825 1387 et
858 1335 1011 1389 vobis
1060 1334 1256 1387 factam
1301 1333 1491 1387 feratis
1535 1333 1746 1387 fortiter
1777 1351 1789 1385 :
1818 1333 1961 1402 quod
2003 1332 2103 1386 ho-

534 1426 699 1481 minis
726 1435 921 1480 natura
963 1441 1069 1479 non
1122 1426 1435 1491 sustinebit,
1478 1425 1580 1479 nisi
1627 1426 1777 1495 prius
1815 1426 2103 1480 eminentis

531 1519 660 1571 boni
696 1518 967 1587 acceperit
996 1517 1246 1571 notitiam
1270 1558 1285 1582 ,
1321 1516 1371 1570 id
1416 1525 1595 1570 autem
1627 1525 1740 1583 est,
1773 1530 2103 1586 cognoscere

526 1610 730 1678 justam
765 1609 883 1678 ejus
929 1609 1020 1678 qui
1056 1618 1252 1663 cuncta
1304 1617 1594 1676 exsuperat
1640 1616 1891 1662 naturam
1916 1648 1931 1672 ,
1957 1607 2102 1677 quod

533 1701 709 1768 punit,
745 1710 803 1753 ut
833 1699 1033 1767 injuria
1071 1698 1291 1752 aﬂectos
1333 1697 1649 1765 ulciscatur,
1694 1704 1749 1751 et
1788 1697 1909 1766 pios
1932 1697 2100 1751 bene-

535 1790 670 1844 liciis
698 1792 750 1843 in
784 1790 1174 1859 sempiternum
1201 1787 1382 1842 allicit.

600 1880 817 1937 XXXII.
849 1878 959 1935 Vos
999 1880 1182 1950 igitur,
1232 1888 1292 1933 ut
1334 1888 1518 1947 gratos
1566 1876 1657 1931 Dei
1698 1892 1884 1933 servos
1928 1877 2099 1943 decet,

532 1986 599 2024 ex
630 1970 783 2024 vobis
814 1969 959 2039 quod
991 1970 1188 2024 rationi
1222 1980 1646 2024 consentaneum
1675 1977 1759 2023 est
1789 1969 2096 2040 intelligen-

538 2068 637 2124 tes,
687 2060 853 2112 vitam
916 2059 966 2113 ei
1037 2060 1339 2128 placentem
1395 2059 1823 2127 amplectimini,
1883 2069 1944 2113 ut
2001 2059 2101 2125 sic,

536 2160 787 2205 amantes
816 2167 938 2204 cum
969 2159 1022 2204 et
1046 2150 1115 2204 ab
1141 2166 1206 2204 eo
1236 2151 1422 2215 amati,
1459 2150 1602 2219 quod
1631 2150 1834 2203 bonum
1870 2158 1953 2205 est
1976 2165 2105 2219 pos-

536 2243 758 2296 sidcatis
813 2251 1089 2311 perpetuo.
1144 2240 1277 2295 Illud
1327 2242 1471 2296 enim
1522 2242 1638 2310 ipse
1693 2240 1844 2295 solus
1871 2240 2105 2294 maxime

535 2342 717 2402 potest
745 2344 1022 2403 praestare,
1042 2333 1134 2403 qui
1166 2348 1272 2387 non
1303 2334 1621 2388 exsistentia
1641 2333 1706 2386 ad
1727 2332 2104 2387 exsistentiam

536 2422 799 2488 adduxit,
848 2423 1044 2477 coelum
1103 2424 1563 2489 crcavit,terram
1611 2423 1901 2493 compegit,
1955 2438 2105 2477 mare

536 2513 829 2577 conclusit,
854 2528 975 2582 qua:
1006 2514 1058 2566 in
1085 2512 1274 2569 inferis
1303 2521 1430 2569 sunt
1451 2512 1777 2580 recondidit,
1801 2522 2105 2583 cunctaque

536 2604 764 2672 replevit
792 2618 935 2658 aere.

606 2693 840 2749 XXXIII.
869 2694 967 2748 Hic
1003 2695 1154 2750 solus
1199 2710 1363 2749 unam
1406 2710 1471 2750 ac
1504 2696 1734 2765 primam
1775 2695 2105 2765 simplicem-

537 2803 643 2857 que
686 2788 1044 2843 substantiam
1090 2788 1513 2857 quadruplicitcr
1559 2797 1612 2841 et
1656 2788 1928 2842 contrarie
1967 2802 2102 2842 con-

535 2879 698 2932 vertit
730 2899 742 2931 :
776 2894 840 2933 ac
879 2879 1071 2933 deinde
1113 2878 1472 2931 commiscens
1512 2877 1657 2932 mille
1690 2878 1814 2932 inde
1851 2878 2106 2947 produxit

536 2970 719 3035 mista,
748 2972 879 3038 'quo
929 2969 1232 3023 contrarias
1273 2967 1324 3020 in
1366 2977 1591 3021 naturas
1630 2978 1849 3022 mutatae
1895 2984 1957 3022 ac
1982 2983 2103 3037 per-

539 3060 713 3113 mislte
756 3074 845 3113 res
883 3060 1003 3114 vita:
1044 3060 1373 3127 voluptatem
1418 3072 1514 3126 per
1553 3058 1947 3127 oppositionem
1976 3074 2099 3128 pro-

538 3156 813 3202 curarent.
851 3146 972 3216 Ipse
1012 3146 1177 3201 etiam
1225 3146 1373 3200 solus
1407 3145 1635 3215 p0pulos
1680 3146 1995 3215 angelorum
2046 3154 2100 3200 et

538 3239 825 3309 spirituum
848 3248 985 3316 putu
1016 3237 1310 3292 voluntatis
1340 3236 1615 3304 condidit,
1636 3237 1811 3306 iisque
1855 3238 2099 3307 implevit

537 3329 707 3382 caelos
738 3346 753 3382 :
785 3329 925 3382 sicut
956 3336 1009 3380 et
1044 3327 1189 3395 quod
1231 3326 1478 3381 videmus
1524 3327 1923 3381 ﬁrmamentum
1971 3345 2102 3384 con-

538 3416 815 3471 decoravit
842 3416 1032 3481 stellis,
1053 3416 1253 3484 quibus
1273 3416 1493 3491 semitas
1510 3416 1751 3470 detinivit
1772 3433 2102 3488 cursumque

538 3507 814 3562 ordinavit
846 3516 1114 3571 :terram,
1153 3515 1372 3576 propter
1418 3505 1632 3576 frugum
1686 3507 2099 3578 incrementum,

539 3597 842 3667 compegit:
873 3611 1020 3649 mare
1063 3605 1243 3651 autem
1274 3596 1576 3661 conclusit,
1628 3596 2010 3653 habitationem
2046 3600 2101 3654 in

539 3690 702 3745 siccis
750 3688 888 3742 locis
938 3688 1321 3742 secernendo:
1356 3703 1479 3757 quae
1529 3689 1668 3758 apud
1722 3688 1928 3746 inferos
1975 3700 2102 3748 sunt

539 3780 878 3843 recondidit,
918 3780 1222 3833 animarum
1271 3780 1453 3833 locum
1497 3796 1845 3850 nuncupans;
1906 3794 2101 3838 cuncta

537 3890 666 3928 vero
698 3872 922 3942 replevit
950 3887 1096 3938 aere,
1124 3881 1184 3925 ut
1205 3872 1387 3925 omnia
1410 3871 1666 3926 animalia
1689 3875 2100 3943 respirationem

540 3966 662 4021 vita:
686 3963 1049 4019 necessariam
1082 3963 1344 4017 baberent
1373 3956 1618 4017 liberam.

608 4073 847 4129 XXXIV.
877 4072 921 4129 0
968 4088 1221 4141 magnam
1272 4072 1367 4126 Dei
1396 4086 1459 4125 ac
1504 4073 1821 4140 prudentem
1857 4091 2098 4141 manum,

540 4168 593 4221 in
631 4167 886 4221 omnibus
918 4164 1101 4220 omnia
1134 4161 1454 4218 facientem!
1489 4162 1706 4220 Intinita
1733 4165 1931 4235 quippe
1962 4169 2103 4223 vola-

541 4258 715 4311 tilium
741 4256 1030 4311 multitudo
1063 4270 1158 4325 per
1199 4269 1324 4308 eum
1371 4254 1600 4321 exstitit,
1651 4255 1892 4326 adeoque
1928 4260 2099 4325 varia,

542 4357 789 4416 respectu
816 4348 1037 4401 alterius
1062 4346 1286 4399 omnino
1316 4345 1551 4409 diversa,
1578 4347 1700 4409 dico
1728 4357 1908 4403 autem
1945 4350 2093 4405 colo-

2198 514 2347 565 ἔσται
2372 516 2442 583 γῇ
2466 513 2509 544 ⁸⁵
2530 512 2773 584 Σοδόμων
2792 514 2884 565 καὶ
2913 514 3193 586 Γομόρρας
3221 517 3279 567 ὲν
3304 513 3483 585 ἡμέρᾳ
3509 516 3766 586 κρίσεως,

2198 605 2231 676 ἢ
2266 605 2342 675 τῷ
2368 606 2467 675 τῆς
2496 603 2775 667 ἀπειθείας
2806 605 2953 676 τόπῳ
2997 607 3333 660 ἐνδιατελεῖν·
3384 610 3596 679 πρῶτον
3643 610 3767 679 μὲν,

2198 696 2278 748 ὅτι
2301 695 2360 748 τὸ
2387 694 2602 762 εῡλογον
2623 696 2713 765 ἀφ’
2744 696 2947 749 ἑαυτῶν
2963 696 3069 768 (66)
3082 699 3179 751 οὑκ
3199 699 3472 769 ἐνοήσατε·
3493 700 3767 773 δεύτερον,

2199 785 2300 850 ὅτι,
2332 785 2657 851 ἀκούσαντες
2680 786 2747 840 τὰ
2771 787 2889 840 καθ’
2916 790 3061 859 ἡμᾶς
3097 790 3196 841 οὑκ
3234 788 3421 860 ἤλθετε
3441 791 3575 861 πρὸς
3595 793 3765 862 ἡμᾶς’

2198 877 2397 949 τρίτον,
2422 879 2501 931 ὅτι
2528 879 2620 933 καὶ
2635 878 2875 931 ἐλθοῦσιν
2898 880 3025 950 ἡμῖν
3063 880 3415 951 ἠπειθήσατε.
3450 880 3539 934 Διὸ
3567 883 3610 914 ⁸⁷
3648 900 3770 952 φει-

2199 969 2409 1039 δόμενοι
2457 970 2608 1040 ὑμῶν
2644 973 2843 1041 προῖκα
2869 971 3136 1041 εὐχόμεθα
3169 972 3213 1003 ⁸⁸
3236 973 3332 1043 τὴν
3360 974 3582 1045 εἰρήνην
3611 976 3770 1045 ἡμῶν

2201 1061 2369 1113 ἐλθεῖν
2423 1061 2507 1130 ἐφ’
2548 1062 2707 1132 ὑμᾶς.
2749 1063 2811 1114 Ei
2869 1059 2959 1116 οῦν
3009 1063 3208 1134 ταύτην
3253 1064 3395 1134 ἔχειν
3438 1063 3645 1129 θέλετε,
3689 1065 3771 1118 δεῖ

2201 1153 2342 1222 ὑμᾶς
2370 1152 2660 1223 προθύμως
2687 1153 2747 1206 τὸ
2785 1155 2857 1225 μὴ
2888 1153 3089 1207 ἀδικεῖν
3137 1154 3523 1220 ἀναδέξασθαι,
3569 1158 3662 1210 καὶ
3706 1156 3771 1210 τὸ

2200 1244 2495 1296 ἀδικεῖσθαι
2550 1246 2809 1312 γενναίως
2852 1245 3053 1316 φέρειν,
3106 1246 3239 1317 ὅπερ
3279 1246 3562 1318 ἀνθρώπου
3609 1249 3771 1316 φύσις

2200 1337 2298 1389 οὑκ
2342 1336 2407 1389 ἂν
2428 1337 2688 1408 ὑποσταίη
2720 1337 2782 1400 ⁸⁷,
2806 1337 2898 1390 ὲάν
2932 1338 3005 1408 μὴ
3037 1338 3294 1409 πρότερον
3320 1339 3411 1391 τοῦ
3445 1340 3502 1391 ὲν
3523 1341 3766 1411 ὑπεροχῇ

2203 1427 2566 1497 συμφέροντος
2583 1428 2679 1497 τὴν
2708 1426 2904 1495 γνῶσιν
2934 1427 3091 1498 λάϐῃ,
3122 1428 3256 1499 ὅπερ
3296 1429 3441 1481 ἐστὶν
3468 1430 3530 1482 τὸ
3568 1429 3771 1483 είδέναι

2200 1518 2292 1570 τοῦ
2329 1518 2503 1571 πάντα
2535 1519 2891 1589 ὑπερέχοντος
2921 1520 3019 1590 τὴν
3064 1519 3276 1572 δικαίαν
3313 1520 3491 1589 φύσιν,
3532 1522 3614 1574 ὅτι
3652 1522 3771 1575 ἀδι-

2201 1608 2492 1679 κουμένους
2515 1609 2741 1662 ἐκδικῶν
2780 1609 2825 1641 ⁷ο
2852 1612 3098 1681 τιμωρεῖ,
3141 1609 3232 1662 καὶ
3264 1611 3389 1673 τοὺς
3413 1611 3771 1674 εὑσεδοῦντας

2202 1698 2281 1762 εἰς
2308 1699 2392 1752 ἀεὶ
2425 1700 2717 1773 εὐεργετεῖ.

2270 1872 2378 1943 95
2406 1871 2621 1925 XXXII.
2669 1871 2857 1942 Ὑμεῖς
2881 1866 2973 1925 οὑν
3002 1872 3077 1936 ὡς
3104 1871 3241 1926 Θεοῦ
3284 1873 3459 1928 δοῦλοι
3488 1873 3770 1946 εὐγνώμο-

2202 1982 2311 2029 νες,
2355 1966 2446 2034 ἀφ’
2471 1963 2675 2017 ἑαυτῶν
2708 1964 2768 2016 τὸ
2795 1962 3011 2032 εὔλογον
3039 1964 3300 2030 νοοῦντες,
3338 1966 3436 2036 τὴν
3466 1966 3613 2037 αὑτῷ
3640 1967 3772 2038 ἀρέ-

2205 2071 2437 2107 σκουσαν
2480 2055 2803 2120 ἀναδέξασθε
2835 2056 3128 2121 πολιτείαν,
3159 2057 3244 2109 ἵνα
3265 2056 3435 2121 οὕτως
3477 2058 3638 2111 αὑτὸν
3681 2076 3773 2127 φι-

2203 2146 2418 2209 λοῦντες
2444 2147 2535 2198 καὶ
2568 2146 2875 2217 φιλούμενοι
2903 2148 2992 2199 ὑπ’
3023 2147 3186 2201 αὑτοῦ
3207 2149 3285 2211 είς
3304 2148 3466 2201 ἀεὶτὸ
3494 2151 3773 2221 συμφέρον

2202 2236 2374 2306 ἔχοιτε
2405 2238 2470 2289 ⁷⁸.
2503 2238 2660 2306 Αὑτῷ
2688 2237 2796 2309 γὰρ
2818 2238 2962 2308 μόνῳ
2988 2239 3048 2290 τὸ
3075 2242 3373 2309 παρασχεῖν
3401 2239 3772 2294 δυνατώτατὸν

2203 2329 2368 2391 ἐστιν,
2428 2328 2505 2398 τῷ
2546 2328 2614 2381 τὰ
2664 2330 2737 2399 μὴ
2787 2329 2915 2383 ὄντα
2951 2331 3030 2392 είς
3061 2330 3122 2382 τὸ
3165 2326 3300 2383 εἶναι
3354 2333 3768 2403 συστησαμένῳ,

2203 2419 2428 2491 οὐρανὸν
2472 2418 2947 2490 δημιουργήσαντι,
2992 2421 3094 2490 γῆν
3135 2419 3449 2487 πιλώσαντι,
3497 2422 3772 2477 θάλασσαν

2205 2509 2595 2581 περιορίσαντι,
2622 2508 2690 2561 τὰ
2714 2510 2771 2561 ὲν
2811 2509 2912 2582 ᾅδῃ
2955 2508 3307 2581 ταμιεύσαντι
3347 2512 3442 2566 καὶ
3479 2511 3548 2565 τὰ
3588 2514 3773 2569 πάντα

2203 2602 2360 2672 ἀέρος
2392 2602 2437 2633 ⁷⁷
2472 2599 2835 2671 πληρώσαντι.

2272 2689 2505 2744 XXXIII.
2538 2685 2705 2753 Οὑτος
2737 2690 2893 2761 μόνος
2933 2692 3032 2764 τὴν
3068 2692 3193 2764 μίαν
3224 2695 3567 2768 καὶ-πρώτην
3588 2697 3637 2729 ⁷⁸
3672 2715 3773 2769 μο-

2203 2782 2378 2851 νοειδῆ
2404 2780 2590 2834 οὐσίαν
2624 2782 2898 2852 τετραχῶς
2931 2785 3023 2836 καὶ
3059 2784 3312 2848 ἐναντίως
3348 2786 3589 2857 ἔτρεψεν·
3649 2785 3775 2842 εἶτα

2206 2872 2364 2943 μίξας
2387 2872 2609 2944 κράσεις
2640 2873 2700 2939 ἐξ
2726 2874 2902 2927 αὐτῶν
2932 2875 3203 2947 ἐποίησεν,
3234 2878 3319 2931 ἵνα
3348 2880 3428 2941 είς
3455 2881 3703 2945 ἐναντίας
3720 2882 3776 2914 ⁷⁵

2204 2964 2391 3033 φύσεις
2426 2964 2790 3035 τετραμμέναι
2826 2966 2921 3019 καὶ
2962 2967 3289 3038 μεμιγμέναι
3322 2969 3414 3021 τοῦ
3448 2969 3544 3041 ζῇν
3574 2971 3776 3044 ἡδονὴν

2202 3055 2267 3109 ὲκ
2308 3055 2409 3126 τῆς
2455 3055 2837 3124 ἀντισυζυγίας
2885 3058 3242 3128 ἐργάσωνται.
3308 3060 3486 3132 Ὀμῶς
3531 3063 3576 3094 ⁷⁸
3604 3065 3775 3129 αὑτὸς

2204 3147 2361 3220 μόνος
2385 3147 2446 3216 δή
2455 3164 2585 3216 μους
2604 3147 2847 3216 ἀγγέλων
2868 3149 2960 3201 καί¹
2984 3150 3304 3220 πνευμάτων
3326 3151 3518 3225 βουλῆς
3535 3154 3774 3225 νεύματι

2199 3239 2633 3310 δημιουργήσας,
2686 3239 2886 3310 ἔπλησε
2937 3241 3063 3304 τοὺς
3116 3243 3399 3313 οὐρανούςο
3440 3245 3515 3308 ὡς
3560 3248 3651 3300 καὶ
3705 3249 3775 3302 τὸ

2201 3330 2520 3401 φαινόμενον
2571 3331 2854 3402 στερέωμα
2899 3332 3121 3404 ἄστροις
3160 3334 3500 3406 ἐκόσμησεν,
3546 3333 3626 3400 οἷς
3673 3343 3777 3395 καὶ

2200 3424 2416 3496 τρίϐους
2446 3423 2610 3495 ὥρισε
2639 3424 2731 3477 καί¹
2766 3421 2961 3495 δρόμον
2990 3424 3203 3490 ἔταξενσ
3239 3426 3339 3497 γῆν
3374 3427 3636 3482 ὲπίλωσεν
3684 3432 3775 3495 είς

2200 3518 2428 3589 καρπῶν
2459 3516 2719 3588 αὑξησινε
2741 3516 3012 3570 θάλασσαν
3043 3517 3099 3570 δὲ
3144 3518 3487 3590 περιώρισεν,
3535 3523 3591 3575 ἐν
3630 3523 3772 3577 ἀνύ-

2200 3608 2345 3680 δροις
2383 3610 2591 3679 οἴκησιν
2620 3608 2908 3679 ἀφορίσας·
2949 3609 3017 3661 τὰ
3046 3610 3102 3660 ὲν
3143 3608 3244 3682 ᾄδῃ
3285 3612 3548 3681 ταμιεύει,
3576 3614 3772 3685 ψυχῶν

2201 3702 2374 3773 χῶρον
2414 3701 2712 3772 ὀνομάσαςο
2757 3700 2825 3752 τὰ
2864 3700 2921 3752 δὲ
2964 3700 3138 3752 πάντα
3178 3701 3407 3772 ἔπλησεν
3452 3704 3629 3776 ἀέρος,
3677 3707 3775 3762 ἵνα.

2203 3794 2377 3847 πάντα
2402 3792 2470 3846 τὰ
2509 3792 2619 3857 ζῶα
2655 3792 2789 3863 πρὸς
2814 3790 2876 3844 τὸ
2909 3790 3009 3862 ζῇν
3036 3792 3203 3857 ἀδεῶς
3234 3794 3517 3849 ἀναπνέειν
3563 3797 3674 3868 ἔχοι
3693 3799 3768 3854 ⁷⁸.

2270 4050 2507 4107 XXXIV.
2565 4052 2629 4103 ’Ὠ
2669 4050 2766 4120 τῆς
2818 4049 3056 4121 μεγάλης
3103 4048 3237 4102 Θεοῦ
3280 4050 3540 4122 φρονίμου
3560 4052 3765 4125 χειρὸς,

2200 4147 2297 4217 τῆς
2324 4148 2382 4198 ὲν
2411 4146 2543 4197 πᾶσι
2573 4142 2749 4195 πάντα
2776 4141 2887 4212 96
2919 4140 3207 4213 ποιούσηςι
3250 4141 3438 4213 μυρίος
3475 4141 3581 4214 γὰρ
3607 4144 3771 4213 ὄχλος

2201 4237 2419 4307 πτηνῶν
2456 4236 2546 4287 ὑπ’
2584 4233 2747 4286 αὑτοῦ
2794 4231 3113 4303 γεγένηται,
3164 4234 3257 4285 καὶ
3295 4228 3448 4296 οὗτος
3496 4234 3765 4300 ποικίλος,

2202 4330 2339 4401 πρὸς
2364 4327 2455 4381 τὸν
2486 4327 2670 4396 ἕτερον
2699 4322 2841 4378 κατά
2871 4325 2914 4355 ⁷⁷
2956 4323 3133 4376 πάντα
3174 4323 3590 4395 ἐξηλλαγμένος,
3618 4326 3770 4395 λέγω

542 4455 651 4503 res,
710 4449 904 4503 rostra,
963 4453 1205 4507 ungues,
1266 4446 1578 4507 aspectum,
1634 4452 1863 4505 sensus,
1909 4456 2090 4508 voces,

2201 4423 2253 4477 δὲ
2281 4421 2350 4473 τά
2377 4436 2435 4471 τε
2464 4416 2744 4489 χρώματα,
2797 4415 3005 4487 ῥάμφη,
3038 4416 3250 4484 ὄνυχας,
3299 4416 3601 4486 βλέμματα,
3623 4418 3773 4485 γνώ-

540 4540 845 4597 (εαξιοιτιιψιε
885 4530 1089 4582 omnia.
1142 4528 1286 4592 Quot
1329 4536 1508 4582 autem
1556 4527 1721 4582 etiam
1765 4538 1891 4583 sunt
1929 4532 2093 4585 variae

2201 4529 2325 4585 μας,
2356 4510 2640 4581 φθέγματα
2671 4508 2763 4560 καὶ
2796 4506 2865 4560 τὰ
2905 4506 3065 4560 λοιπὰ
3105 4507 3299 4560 πάντα.
3352 4508 3520 4560 Πόσαι
3565 4509 3623 4561 δὲ
3667 4512 3771 4564 καὶ

541 4622 847 4692 plantarum
879 4619 1106 4688 species,
1155 4619 1449 4683 coloribus,
1498 4617 1870 4687 qualitatibus,
1907 4620 2093 4675 odori-

2201 4604 2380 4675 φυτῶν
2420 4602 2663 4671 διάφοροι
2716 4599 2876 4663 ἰδέαι,
2930 4597 3183 4668 χρώμασι
3228 4599 3321 4651 καὶ
3370 4598 3613 4669 ποιότησι
3665 4603 3769 4655 καὶ

541 4689 643 4767 bus
671 4710 971 4763 innumeris
1001 4707 1294 4762 distinctae!
1331 4708 1473 4773 Quot
1498 4722 1628 4761 vero
1666 4716 1822 4763 terra:
1860 4717 1914 4763 et
1940 4725 2096 4780 aqua:

2201 4697 2383 4767 ὀδμαῖς
2413 4692 2660 4763 ἀπείροις
2691 4690 2737 4721 ⁷⁸
2766 4690 3147 4761 διωρισμέναιί
3184 4690 3330 4742 Πόσα
3351 4689 3407 4743 δὲ
3435 4690 3533 4761 τῆς
3562 4690 3764 4762 χέρσου

539 4801 815 4860 animalia,
869 4813 1097 4868 quorum
1136 4799 1473 4867 impossibile
1517 4806 1601 4854 est
1640 4812 1923 4853 recensere
1959 4800 2096 4870 ﬁgu-

2201 4788 2310 4852 ζῶα
2342 4786 2435 4840 καὶ
2463 4784 2570 4838 τῶν
2611 4785 2668 4835 ὲν
2698 4782 2883 4834 ῦδασιν
2906 4783 2973 4843 ⁷⁸,
3013 4776 3087 4835 ὧν
3125 4782 3383 4835 ἀδύνατον
3411 4783 3584 4835 εἰπεῖν
3626 4785 3767 4855 σχη-

539 4907 649 4957 ras,
676 4889 901 4954 formas,
925 4888 1083 4954 situs,
1115 4887 1345 4952 colores,
1370 4885 1585 4941 vivendi
1611 4885 1870 4950 rationes,
1898 4900 2094 4943 sensus

2201 4898 2361 4952 ματα,
2394 4876 2635 4950 μορφὰς,
2670 4874 2877 4938 θέσεις,
2921 4872 3185 4944 χρώματα
3223 4874 3290 4939 ⁸ο,
3314 4873 3479 4944 βίους,
3515 4874 3765 4945 γνώμας,

1796 5063 2028 5122 VARle
2098 5059 2497 5119 LECTIONES.

609 5207 653 5239 ⁸⁸
681 5208 745 5275 τῇ
782 5207 843 5257 Ο.
879 5273 897 5275 η
920 5203 961 5235 ⁸⁷
993 5203 1112 5275 διξὸ
1289 5201 1333 5275 ⁸⁷⁵
1355 5199 1429 5275 l_t_a
1462 5196 1663 5275 O__et_S
1723 5213 1773 5275 c_.
1804 5199 2021 5275 Epitzc.
2188 5193 2571 5275 ἐὺχῲμεθριὲ.
2616 5274 2619 5275 ν
2684 5193 2728 5224 ⁸⁷
2768 5191 3034 5275 ὑποσταίη
3088 5190 3132 5245 Ο
3184 5189 3307 5275 c.'S
3335 5232 3350 5257 ,
3406 5192 3664 5275 ὑποστείῃ
3695 5195 3759 5255 C.

538 5280 584 5310 "°
613 5260 838 5330 ἐκδίκῶν
865 5273 909 5328 Ο
960 5290 1008 5327 c.
1044 5272 1085 5324 Ι)
1116 5314 1131 5335 ,
1152 5272 1345 5324 ὲδικεῖν
1366 5270 1427 5339 (3.
1519 5270 1565 5300 “
1589 5267 1714 5336 Leg.
1742 5260 1912 5339 ,ιξχηὲτεΔ
1934 5267 1989 5321 8,
2067 5260 2367 5339 εἶξάέρίες
2402 5267 2471 5339 -ιη
2500 5264 2754 5318 Fortasse
2775 5262 3117 5339 sumendum
3145 5260 3374 5339 πρῴτως
3530 5263 3576 5294 ,η
3603 5260 3762 5339 g9.”-

535 5350 668 5410 τίοις
702 5352 762 5399 υ.
835 5345 881 5376 ⁷⁸
904 5344 979 5397 Ita
1023 5343 1079 5397 S.
1114 5331 1261 5411 ὅμως
1293 5341 1351 5404 (1,
1392 5338 1453 5411 ί).
1493 5340 1576 5411 77'”
1601 5331 1710 5411 éﬁj
1731 5331 1853 5411 (sic)
1881 5336 1989 5411 O._
2020 5339 2063 5369 '”
2085 5337 2145 5411 gl
2196 5331 2339 5411 {terra
2369 5337 2488 5411 sine
2514 5350 2677 5391 causa
2703 5351 2766 5389 ac
2795 5333 2955 5387 tacite
2982 5331 3210 5387 mutavit
3229 5332 3285 5385 in
3315 5332 3472 5402 μετά,
3501 5335 3647 5403 quod
3672 5352 3764 5392 re.

536 5406 689 5488 petiit
712 5416 770 5471 S.
854 5416 901 5448 ⁷⁸
927 5406 1225 5484 ἁπείρωὈ.
1302 5413 1346 5445 ⁷⁸
1388 5406 1752 5464 ὅπωστάἐν
1780 5407 2018 5461 ὓδασι.[).
2096 5408 2142 5439 ⁸ο
2176 5406 2373 5478 χρῶμα
2395 5407 2455 5461 C.

1814 5565 2175 5635 VARIOﬁUM
2209 5563 2443 5621 Nora.

610 5715 721 5785 (66)
746 5712 1117 5841 Πρῶτεέὃρὲν
1144 5709 1586 5837 ὅτιτὲεῠλογον
1604 5705 1703 5778 ἀφ’
1725 5705 1968 5775 ἑαυτῶν,
1988 5713 2092 5762 etc.
2125 5702 2363 5775 Respicit
2401 5702 2468 5760 ad
2508 5701 2981 5760 decantatissimos
3020 5697 3236 5755 Ilcsiodi
3260 5714 3464 5754 versas.
3527 5697 3749 5765 Operam

610 5789 813 5841 dierum
846 5803 893 5841 v.
1056 5791 1109 5840 et
1138 5797 1251 5841 sed.
1324 5797 1414 5837 01.

536 5797 586 5843 et
610 5789 813 5841 dierum
846 5803 893 5841 v.
923 5789 1020 5841 291
1056 5791 1109 5840 et
1138 5797 1251 5852 seq.
1278 5789 1414 5837 (ἑοῖ.
