4068 6338
281 357 374 412 155

1360 352 1820 410 CLEMENTINA.
1856 384 1925 395 —
1959 351 2244 409 llOMlLlA
2280 352 2366 409 lll.

3404 355 3504 410 I35

280 472 479 541 φύσεις,
505 472 691 542 δχλον·
733 472 811 525 ἔτι
847 489 903 525 τε
936 471 1105 545 ὀρέων
1153 472 1328 544 πλήθη
1354 463 1452 524 ’καὶ
1499 470 1631 542 ὕψη,
1679 470 1840 524 λίθων

1948 487 2008 525 ac
2040 468 2347 533 instinctus,
2373 479 2624 534 naturas,
2667 468 3067 524 multitudinem
3106 511 3116 522 .
3152 479 3333 525 utnec
3361 485 3515 523 mon-

279 565 558 636 διαφορὰς,
619 568 822 636 μυχοὺς
867 565 910 596 ⁸⁸
962 564 1248 636 φοὸεροὺς,
1298 563 1508 634 πηγὰς,
1545 563 1841 632 ποταμοὺς.

281 658 480 728 λίμνας,
511 657 807 722 Θαλάσσας,
833 657 1074 728 λιμένας,
1104 657 1320 728 νήσους,
1344 655 1492 720 ὔλας,
1522 653 1843 724 οἰκουμένην

279 768 324 802 τε
352 752 534 803 πᾶσαν
563 750 660 804 καὶ
685 751 971 820 ἀοικήτους
999 749 1214 812 τόπους.

337 949 556 1004 XXXV.
592 951 740 1004 Πόσα
765 951 822 1004 δὲ
853 953 945 1004 καὶ
972 949 1105 1005 ἄλλα
1134 951 1382 1019 ἄγνωστα
1410 951 1683 1021 τυγχάνει,
1719 968 1838 1004 στο-

274 1043 471 1114 χασμὸν
499 1041 802 1116 ἀνθρώπων
821 1043 1218 1113 ὲκπεφευγόταί
1245 1043 1364 1096 Τῶν
1383 1043 1438 1096 δὲ
1458 1044 1516 1096 έν
1544 1043 1842 1114 καταλήψει

273 1135 428 1187 όντων
454 1134 540 1197 τίς
571 1134 873 1206 ἀνθρώπων
908 1135 1002 1190 ἕνα
1035 1137 1157 1207 ὅρον
1201 1131 1378 1189 οἶδενί
1417 1137 1574 1205 Λέγω
1608 1137 1684 1201 δὲ,
1725 1137 1843 1200 πῶς

271 1226 489 1298 οὐρανὸς
509 1227 756 1291 εἱλεῖται,
776 1227 892 1290 πῶς
913 1228 1084 1299 ἄστρα
1113 1227 1354 1300 φέρεται,
1379 1229 1472 1281 καὶ
1493 1230 1641 1292 τίνας
1662 1229 1842 1299 έχουσι

268 1319 357 1380 τὰς
388 1318 610 1390 μορφὰς
641 1319 736 1371 καὶ
778 1317 872 1371 τοῦ
917 1319 1016 1390 ζῇν
1059 1319 1157 1390 τὴν
1197 1319 1474 1385 σύστασιν,
1523 1320 1666 1384 τίνες
1705 1338 1762 1373 τε
1791 1323 1840 1374 οί

269 1409 465 1462 τούτων
511 1407 772 1480 ἀερώδεις
816 1410 1009 1482 τρίϐοι.
1060 1410 1230 1464 Πόθεν
1273 1429 1332 1465 τε
1381 1413 1474 1465 καὶ
1521 1413 1589 1465 τά
1628 1413 1841 1483 ἀνέμων

270 1502 550 1572 πνεύματα
580 1501 947 1573 περιωθεῖται,
989 1504 1081 1556 καὶ
1107 1503 1396 1576 διαφόρους
1421 1505 1532 1574 ἔχει
1567 1504 1667 1569 τὰς
1691 1506 1842 1576 ἐνερ-

267 1594 431 1661 γείας.
491 1593 620 1656 Πῶς
647 1593 693 1626 ⁸³
719 1593 1019 1658 ἀνελλιπῶς
1075 1594 1329 1667 βρύουσιν
1366 1597 1422 1649 αἱ
1479 1596 1680 1668 πηγαὶ,
1749 1597 1841 1650 καὶ

266 1687 473 1738 ἀὲνναοι
496 1685 541 1716 ³³
573 1687 809 1761 ποταμοὶ
846 1687 1115 1757 γινόμενοι
1145 1689 1224 1751 είς
1257 1688 1530 1750 θάλασσαν
1559 1689 1838 1741 καταντῶ-

1949 561 2084 615 tium
2123 559 2480 630 frequentiam
2525 570 2579 615 et
2615 560 2950 627 altitudines,
2995 561 3234 630 lapidum
3283 559 3516 614 diversi-

1945 662 2103 714 tates,
2155 665 2309 707 antra
2369 653 2650 716 terribilia,
2699 651 2914 717 fontes,
2967 651 3201 718 fluvios,
3261 652 3514 722 paludes,

1943 744 2138 810 maria,
2161 754 2371 814 portus,
2396 745 2624 811 insulas,
2664 744 2848 810 silvas,
2875 744 3298 814 universumque
3325 743 3514 798 orbem

1943 837 2315 902 habitabilem,
2350 853 2458 891 una
2481 853 2605 891 cum
2637 837 2769 892 locis
2794 835 3264 891 iuhabitabilibus.

2011 969 2230 1025 XXXV.
2264 969 2479 1038 Quanta
2510 985 2641 1024 vero
2669 979 2723 1024 et
2749 969 2854 1023 alia
2885 969 3226 1039 ignorantur,
3260 968 3512 1022 humani-

1942 1075 2049 1130 que
2096 1062 2263 1115 animi
2341 1061 2512 1115 aciem
2570 1060 2818 1130 fugiunt!
2894 1058 3098 1112 Eorum
3153 1067 3332 1112 autem
3391 1074 3515 1126 qua:

1942 1161 2368 1220 cngnoscuntur,
2395 1150 2519 1220 quis
2559 1150 2842 1203 hominum
2875 1149 2958 1203 vel
2995 1164 3160 1202 unam
3211 1147 3359 1202 novit
3385 1148 3517 1202 defi-

1943 1243 2234 1297 nitionem!
2297 1241 2416 1308 Quo
2465 1242 2646 1309 modo,
2695 1241 2939 1311 inquam,
2991 1241 3191 1295 coelum
3237 1242 3513 1304 volvitur;

1941 1349 2050 1402 quo
2083 1333 2244 1388 modo
2270 1341 2416 1387 astra
2442 1333 2758 1394 decurrunt,
2807 1339 2862 1386 et
2891 1346 3028 1400 quas
3064 1331 3268 1385 habent
3311 1332 3518 1387 formas

1941 1426 2192 1494 undeque
2242 1425 2450 1490 vivunt,
2500 1440 2564 1479 ac
2592 1441 2840 1494 quaenam
2871 1439 3057 1478 eorum
3099 1424 3261 1479 aeriae
3288 1425 3514 1478 semitae.

1940 1513 2070 1569 Item
2107 1517 2248 1570 unde
2275 1526 2560 1571 ventorum
2587 1508 2763 1571 flatus'
2792 1517 3186 1582 obtruduntur,
3227 1517 3519 1585 variasque

1941 1606 2142 1660 habent
2165 1607 2328 1662 vires.
2362 1607 2482 1674 Quo
2513 1608 2674 1663 modo
2700 1609 3068 1662 indesinenter
3099 1606 3277 1662 fontes
3304 1617 3518 1663 scatent

1940 1709 1994 1752 et
2021 1697 2169 1762 ﬂuvii
2199 1701 2446 1769 perpetui
2475 1701 2540 1754 ad
2574 1716 2725 1754 mare
2752 1700 3123 1766 descendunt;
3161 1709 3214 1754 et
3247 1716 3347 1754 nec
3375 1700 3518 1754 unde

269 1794 362 1840 σιν,
390 1778 488 1830 καὶ
523 1775 649 1830 οὕτε
676 1777 795 1830 ὅθεν
843 1777 1088 1850 ἔρχονται
1127 1779 1403 1833 κενοῦνται
1433 1781 1498 1843 ⁸⁸,
1538 1779 1660 1833 οὔτε
1705 1781 1837 1834 ὅπου

1948 1793 2166 1844 veniunt
2212 1793 2459 1847 vacuitas
2510 1792 2590 1858 fit,
2647 1808 2747 1847 nec
2796 1808 2905 1862 quo
2957 1793 3160 1847 abeunt
3214 1790 3515 1861 plenitudo.

265 1870 595 1939 ἀπέρχονται
641 1869 958 1941 πληροῦσιν.
1014 1871 1191 1942 Μέχρι
1243 1870 1347 1924 ποῦ
1394 1871 1488 1924 τοῦ
1534 1872 1840 1943 ἀπεράντου

263 1964 532 2034 ταρτάρου
562 1964 626 2015 τὸ
655 1963 879 2034 ἄπειρον
903 1962 1088 2033 βάθος·
1113 1963 1205 2016 ἐπὶ
1229 1964 1333 2016 τίνι
1355 1963 1462 2034 ἄρα
1496 1965 1844 2034 ὲπαιωρείται

264 2057 289 2107 ό
314 2057 495 2108 πάντα
521 2055 794 2127 περιέχων
820 2055 1090 2130 οὐρανός-δ
1119 2055 1232 2119 πῶς
1282 2055 1388 2126 97
1427 2057 1561 2128 νέφη
1592 2053 1652 2120 ἐξ
1685 2056 1844 2128 ἀέρος

268 2145 435 2217 βρύει,
461 2149 559 2200 καὶ
585 2148 665 2210 είς
688 2147 824 2219 ἀέρα
854 2147 1290 2219 συμπίνεται’τίς
1312 2147 1470 2217 φύσις
1503 2147 1737 2219 βροντῶν
1751 2149 1844 2202 καὶ

265 2240 583 2312 ἀστραπῶν,
627 2240 840 2310 χιόνων,
881 2240 1142 2312 χαλάζης,
1173 2240 1424 2311 ὁμίχλης,
1474 2238 1841 2312 κρυστάλλων,

265 2334 612 2403 καταιγίδων,
637 2333 887 2405 ὄμϐρων,
919 2332 1094 2403 νεφῶν
1132 2333 1543 2404 αἰωρουμένων
1587 2333 1680 2387 καὶ
1727 2332 1844 2396 πῶς

268 2427 424 2494 (φυτὰ,
469 2425 588 2491 ζῶα
617 2425 873 2478 πλάσσει·
902 2425 996 2479 καὶ
1021 2425 1192 2480 ταῦτα
1219 2419 1500 2496 διαφοραῖς
1544 2424 1844 2497 ἀναριθμή-

268 2536 374 2582 τοις
399 2520 554 2590 πάσῃ
587 2518 846 2590 ἀκριϐείᾳ
882 2517 1117 2589 συνεχῶς
1146 2517 1548 2588 ἀποτελούμενα
1577 2518 1626 2549 ⁸⁸

329 2739 577 2814 XXXVI.
616 2740 806 2811 Ὅμως
829 2739 924 2794 ὲάν
950 2756 1035 2804 τις
1088 2740 1149 2794 τὸ
1186 2741 1294 2793 πᾶν
1323 2739 1568 2812 ἀκριϐῶς
1600 2739 1845 2812 λογισμῷ

278 2833 450 2904 Mter;
472 2833 541 2896 ⁸⁸,
592 2833 811 2904 εὑρήσει
839 2833 906 2886 δι’
927 2833 1208 2904 ἄνθρωπον
1227 2834 1316 2886 τὸν
1327 2832 1458 2886 Θεὸν
1488 2833 1840 2904 πεποιηκότα.

277 2929 334 2978 Οἱ
359 2927 466 2997 γὰρ
500 2925 702 2997 ὄμϐροι
733 2925 960 2997 καρπῶν
988 2926 1148 2979 ἕνεκα
1173 2926 1430 2994 γίνονται,
1453 2926 1541 2980 ἵνα
1561 2925 1844 2996 ἄνθρωπος

282 3019 548 3090 μεταλάϐῃ
582 3020 651 3083 ⁸⁷,
681 3020 776 3072 καὶ
797 3018 911 3084 ζῶα
941 3023 1144 3090 τραφῇ,
1174 3021 1320 3082 ὅπως
1349 3017 1618 3090 ἀνθρώπῳ
1649 3035 1842 3090 χρησι-

1947 1881 2245 1953 Quousque
2272 1884 2516 1953 pervenit
2548 1883 2798 1938 immensi
2844 1884 3034 1938 tartari
3087 1882 3356 1937 infinitum
3391 1897 3521 1952 pro-

1948 1973 2197 2029 fundum.
2260 1972 2434 2045 Super
2485 1990 2596 2045 quo
2645 1976 2996 2045 suspenditur
3072 1975 3314 2039 coelum,
3370 1975 3518 2045 quod

1944 2067 2127 2120 omnia
2153 2067 2414 2122 continet.
2437 2067 2553 2133 Qua
2579 2069 2794 2122 ratione
2817 2068 2988 2121 nubes
3009 2082 3076 2122 ex
3099 2082 3222 2121 aere
3245 2065 3516 2126 difﬂuunt.

1944 2167 1999 2212 ct
2027 2158 2081 2211 in
2124 2174 2307 2212 aerem
2343 2159 2700 2213 imbibuutur.
2734 2158 2865 2225 Quae
2887 2168 3080 2213 natura
3125 2158 3424 2212 tonitruum
3465 2163 3520 2210 et

1948 2248 2249 2320 fulgurum,
2303 2250 2535 2316 nivium,
2584 2251 2888 2321 grandinis,
2943 2250 3182 2317 nebulae,
3232 2247 3422 2320 glaciei
3465 2255 3519 2302 et

1944 2339 2362 2409 crystallorum,
2415 2342 2803 2416 procellarum,
2858 2341 3128 2408 imbrium.
3181 2340 3520 2410 nubiumque

1945 2445 2361 2500 suspensarum.
2420 2431 2487 2486 Et
2541 2449 2650 2502 quo
2689 2444 2847 2503 pacto
2888 2434 3087 2503 plantae
3134 2429 3440 2487 formentur
3465 2440 3520 2487 et

1944 2520 2224 2586 animalia,
2278 2531 2443 2592 atque
2478 2524 2595 2578 haec
2619 2523 2922 2577 innumeris
2958 2511 3368 2578 diversitatibus
3394 2537 3516 2577 om-

1945 2610 2108 2682 nique
2135 2613 2416 2684 diligentia
2443 2615 2702 2670 continue
2731 2613 3000 2671 confecta.

2013 2747 2255 2803 XXXVI.
2282 2747 2467 2818 Itaque
2493 2749 2587 2818 qui
2612 2735 2926 2804 universum
2973 2757 3228 2805 accurate
3269 2748 3523 2804 conside--

1945 2842 2166 2907 raverit,
2200 2841 2460 2907 inveniet,
2489 2841 2730 2897 hominis
2760 2856 2930 2896 causa
2971 2842 3022 2896 id
3051 2841 3250 2897 factum
3277 2841 3446 2896 fuisse
3487 2856 3518 2894 a

1946 2935 2078 2990 Deo.
2107 2933 2243 2988 Nam
2274 2934 2476 2988 imbres
2503 2942 2721 3003 propter
2748 2931 2932 3002 fruges
2961 2933 3119 2995 fiunt,
3151 2941 3212 2986 ut
3235 2933 3400 2986 homo
3430 2946 3523 2985 su-

1947 3035 2060 3082 mat
2087 3035 2141 3081 et
2169 3025 2355 3080 bestiae
2407 3025 2744 3090 nutriantur,
2790 3039 2901 3092 quo
2932 3023 3139 3078 homini
3186 3022 3519 3087 inserviant;

285 3111 430 3182 μεύηο
463 3111 559 3163 καί
580 3110 732 3180 ἥλιος
774 3110 954 3180 φαίνει
985 3111 1077 3164 καὶ
1110 3111 1156 3142 ⁸⁸
1183 3111 1271 3164 τὸν
1303 3111 1438 3182 ἀέρα
1469 3113 1549 3175 είς
1575 3112 1846 3183 τέσσαρας

1948 3119 2028 3173 sol
2054 3112 2288 3186 apparet
2307 3131 2370 3169 ac
2393 3115 2555 3182 lucet,
2584 3123 2638 3169 et
2659 3129 2838 3169 aerem
2871 3114 2924 3169 in
2959 3123 3193 3183 quatuor
3221 3113 3348 3169 anni
3385 3122 3523 3168 tem-

280 3202 474 3274 τροπάς
503 3203 720 3274 τρέπει,
757 3203 845 3256 ἵνα
874 3203 1103 3266 ἕκαστος
1131 3203 1322 3275 καιρὸς
1348 3202 1415 3256 τὰ
1439 3202 1546 3256 ῐδια
1577 3202 1844 3275 ἀνθρώπῳ

282 3298 546 3368 παρασχῇ·
605 3295 700 3347 καὶ
739 3295 912 3365 πηγαὶ
951 3293 1202 3365 βρύουσιν
1241 3294 1307 3358 ⁸⁸,
1342 3295 1427 3348 ἵνα
1456 3295 1605 3366 πόμα
1637 3295 1846 3368 ἀνθρώ-

281 3403 394 3451 ποις
411 3386 560 3458 δοθῇ.
611 3385 750 3438 Ἀλλ’
805 3385 886 3438 ἔτι
943 3385 1048 3457 μὴν
1086 3385 1228 3440 κατά
1257 3387 1319 3441 τὸ
1372 3387 1594 3442 δυνατὸν
1643 3387 1727 3452 τίς
1755 3389 1848 3441 ἐπὶ

283 3479 372 3548 τῆς
424 3480 658 3542 κτίσεως
701 3478 982 3550 κυριεύει;
1018 3479 1152 3549 Οὐχὶ
1198 3477 1517 3550 ἄνθρωπος,
1574 3481 1630 3545 ὃς
1661 3481 1847 3550 σοφίαν

283 3573 510 3645 εἴληφεν,
562 3573 668 3644 γῆν
722 3574 1009 3642 γεωργεῖν,
1075 3570 1348 3623 θάλασσαν
1384 3571 1577 3635 πλεῖν,
1635 3572 1845 3643 νηκτά,

282 3667 468 3736 πτηνὰ,
510 3664 681 3734 Θηρία
714 3663 988 3734 ἀγρεύειν,
1024 3664 1237 3734 ἄστρων
1270 3662 1466 3734 δρόμον
1490 3661 1846 3732 λογιστεύειν,

281 3757 374 3827 γῆν
397 3755 766 3827 μεταλλεύειν,
797 3755 1070 3809 Θάλασσαν
1105 3755 1310 3826 σήθειν,
1376 3755 1560 3818 πόλεις
1593 3755 1846 3828 ἐγείρειν,

286 3848 508 3917 βασιλεῖς
545 3848 595 3881 ³⁸
623 3846 848 3918 ὁρίζειν,
902 3847 1097 3918 νόμους
1132 3847 1372 3910 τάσσειν,
1428 3846 1687 3912 δικάζειν,
1719 3847 1850 3901 Θεὸν

285 3941 501 4011 ἀόρατον
532 3943 697 4003 νοεῖν,
733 3939 978 4008 ἀγγέλων
1008 3939 1243 4010 ὀνόματα
1267 3938 1574 4010 γνωρίζειν,
1595 3938 1850 4010 δαίμονας

282 4032 619 4094 ἀπελαύνειν,
670 4031 862 4094 νόσους
907 4031 1248 4102 φαρμακίαις
1298 4030 1589 4102 πειρᾶσθαι
1631 4029 1846 4097 παύειν,

280 4125 413 4176 κατά
439 4125 484 4177 δ’
521 4124 743 4177 ἰοϐόλων
807 4123 1051 4195 ἑρπετῶν
1084 4121 1340 4188 ἐπαοιδὰς
1372 4123 1669 4196 εὑρίσκειν,
1701 4125 1849 4177 ἀντι-

284 4219 503 4281 παθείας
525 4219 766 4270 ἐπινοεῖν
789 4233 806 4282 ;

324 4441 612 4515 ΧΧΧἺἹΙ.
648 4441 716 4493 Εἰ
740 4438 796 4492 δὲ
821 4437 1178 4509 εὐγνωμονεῖς
1207 4437 1275 4501 ’³,
1294 4434 1851 4508 ἅνθρωπε,νενοηκὼς
1883 4477 1926 4532 D

1950 3218 2188 3280 pestates
2219 3209 2400 3273 vertit,
2428 3216 2486 3262 ut
2507 3222 2848 3277 unaquaque
2875 3216 3167 3276 tempestas
3197 3221 3318 3276 qua
3360 3206 3524 3261 habet

1950 3302 2156 3358 homini
2188 3302 2481 3370 largiatur;
2516 3299 2693 3355 fontes
2717 3300 3025 3354 scaturiunt
3045 3343 3059 3365 ,
3108 3308 3168 3353 ut
3195 3308 3356 3370 potus
3384 3313 3524 3369 pra:-

1948 3395 2142 3450 beatur
2163 3392 2496 3448 hominibus.
2528 3392 2609 3446 Ad
2643 3392 2778 3454 haec,
2803 3392 3080 3460 quisnam,
3107 3399 3370 3462 quantum
3400 3392 3517 3447 fieri

1949 3494 2143 3554 potest,
2175 3483 2490 3538 dominatur
2516 3482 2569 3536 in
2594 3484 2944 3538 creaturam?
2986 3482 3177 3538 Nonne
3202 3484 3406 3538 homo?
3427 3500 3521 3554 qui

1951 3577 2275 3632 industriam
2307 3575 2514 3644 accepit
2536 3573 2746 3629 colendi
2774 3581 2997 3641 terram,
3027 3573 3314 3642 navigandi
3348 3589 3518 3639 mare,

1949 3664 2197 3734 capiendi
2224 3663 2423 3734 pisces,
2459 3678 2608 3730 aves,
2651 3662 2826 3731 feras;
2879 3663 3214 3733 expendendi
3245 3671 3521 3718 astrorum

1949 3771 2197 3823 cursum,
2227 3754 2503 3810 scrutandi
2531 3763 2752 3822 terram,
2779 3755 3016 3809 findendi
3046 3770 3215 3818 mare,
3243 3749 3520 3810 "condendi

1950 3850 2134 3914 urbes,
2163 3847 2484 3918 designandi
2513 3862 2689 3918 reges,
2735 3847 2941 3902 ferendi
2998 3848 3164 3919 leges,
3215 3848 3520 3918 judicandi,

1950 3941 2121 3994 Deum
2146 3940 2472 3996 invisibilem
2514 3939 2919 4008 cognoscendi,
2947 3939 3150 3993 sciendi
3177 3940 3394 3993 nomina
3420 3955 3522 3993 an-

1951 4033 2217 4102 gelorum,
2279 4031 2582 4100 expellendi
2635 4031 2932 4097 daemones,
2987 4030 3224 4085 tentandi
3273 4031 3524 4085 remediis

1951 4122 2169 4176 morbos
2201 4123 2411 4188 sedare,
2444 4120 2753 4176 inveniendi
2803 4121 3202 4176 incantationes
3233 4123 3518 4177 adversum

1950 4223 2246 4270 venenatos
2276 4225 2576 4284 serpentes,
2605 4214 3068 4270 animadvertendi
3120 4229 3301 4268 rerum
3329 4227 3521 4269 mutuo

1952 4322 2011 4362 se
2031 4293 2362 4377 abigentium
2388 4307 2822 4379 repugnantiam.

2026 4414 2292 4495 XXXVII.
2325 4440 2479 4506 Quod
2524 4441 2570 4496 si
2618 4449 2832 4510 gratum
2875 4449 2927 4495 te
2955 4447 3204 4508 praestas,
3235 4438 3422 4504 homo,
3469 4449 3524 4493 et

285 4534 369 4592 τὸν
394 4538 450 4589 ὲν
481 4536 650 4588 πᾶσιν
685 4531 1117 4604 εὐεργετήσαντά
1147 4547 1206 4584 σε
1255 4529 1406 4592 Θεὸν,
1444 4530 1538 4582 καὶ
1577 4529 1846 4592 ἀθάνατος

1955 4529 2209 4600 intelligis
2233 4530 2327 4583 tibi
2355 4530 2411 4584 in
2457 4530 2716 4584 omnibus
2766 4529 3068 4584 beneficum
3106 4527 3296 4596 Deum,
3357 4529 3521 4584 etiam

284 4629 346 4681 ἂν
362 4626 446 4701 ᾗς,
464 4627 574 4680 τῶν
591 4626 680 4678 διὰ
699 4625 759 4678 σὲ
787 4623 1110 4678 κτισθέντων
1130 4623 1196 4676 δι’
1225 4621 1640 4693 εὐγνωμοσύνην
1663 4622 1774 4692 98
1791 4621 1853 4674 τὸ

287 4721 552 4792 διαμένειν
619 4719 868 4790 ἐχόντων.
920 4718 1030 4770 Καὶ
1084 4716 1178 4770 νῦν
1221 4715 1278 4770 δὲ
1335 4714 1587 4784 γενέσθαι
1625 4713 1852 4768 δύνασαι

286 4811 573 4884 ἄφθαρτος,
608 4812 702 4864 ὲάν
727 4807 962 4879 ἐπιγνῷς
991 4807 1049 4861 ὸν
1081 4808 1288 4871 ἔλαθες,
1315 4807 1410 4859 ὲάν
1452 4807 1743 4878 ἅγαπήσης
1790 4807 1850 4861 ὃν

286 4908 570 4970 κατέλιπες
601 4906 668 4968 ’³,
700 4904 794 4957 ἐὰν
821 4901 967 4973 αύτῷ
992 4901 1136 4973 μόνῳ
1162 4899 1461 4973 προσεύχῃ,
1487 4900 1566 4972 τῷ
1619 4900 1664 4932 ’³
1693 4899 1851 4970 σῶμά

286 5013 378 5051 σου
408 4999 501 5051 καὶ
528 4996 709 5067 ψυχὴν
739 4993 964 5049 κολάσαι
1007 4993 1100 5046 καὶ
1151 4992 1317 5045 σῶσαι
1363 4990 1724 5062 δυναμένῳ⁹⁸.
1756 4990 1848 5044 Διὸ

287 5088 389 5160 πρὸ
417 5089 630 5143 πάντων
647 5085 850 5148 ὲννοοῦ,
879 5085 961 5138 ὃτι
992 5083 1166 5147 οὐδεὶς
1195 5082 1342 5153 αύτῷ
1375 5083 1653 5154 συνάρχει,
1673 5081 1847 5145 οὐδεὶς

286 5181 381 5248 τῆς
410 5180 574 5233 αὑτοῦ
620 5179 869 5232 κοινωνεῖ
910 5175 1223 5247 ὀνομασίας,
1274 5175 1431 5228 τοῦτο
1477 5174 1505 5228 ὸ
1534 5175 1598 5245 δὴ
1630 5173 1847 5242 λέγεται

287 5270 431 5334 Θεός.
482 5271 656 5334 Μόνος
719 5270 829 5340 γάρ
893 5266 1054 5331 αὐτὸς
1109 5268 1201 5320 καὶ
1257 5265 1468 5335 λέγεται
1531 5265 1628 5320 καὶ
1673 5265 1843 5318 ἐστιν.

1963 4624 2291 4679 immortalis
2341 4623 2558 4688 evades,
2590 4637 2786 4692 resque
2840 4629 2932 4676 tua
2979 4636 3145 4676 causa
3198 4621 3428 4676 conditae
3453 4622 3523 4674 ob

1959 4712 2344 4784 gratitudinem
2378 4725 2729 4780 perseverare
2779 4710 3077 4764 habebunt.
3108 4706 3175 4762 Et
3203 4724 3332 4764 vero
3377 4725 3524 4763 nunc

1959 4803 2310 4871 incorruptus
2335 4801 2448 4854 fieri
2467 4809 2642 4870 potes,
2675 4799 2723 4853 si
2755 4814 2914 4868 quem
2940 4797 3198 4869 ignorasti
3233 4813 3520 4868 agnoscas,

1957 4897 2004 4952 si
2032 4911 2192 4966 quem
2230 4893 2494 4963 reliquisti
2522 4891 2736 4961 diligas,
2770 4889 2816 4945 si
2867 4889 2917 4944 ei
2959 4891 3053 4943 uni
3100 4889 3394 4958 supplices,
3428 4891 3522 4959 qui

1956 5002 2155 5057 corpus
2177 4994 2330 5040 tuum
2359 4993 2412 5039 et
2436 4983 2674 5037 animam
2701 4980 2967 5050 supplicio
2991 4980 3203 5036 allicere
3231 4989 3282 5034 et
3307 4995 3524 5035 servare

1953 5087 2148 5149 potest.
2181 5076 2360 5143 Quare
2381 5083 2508 5130 ante
2537 5073 2721 5128 omnia
2748 5073 2949 5144 cogita,
2979 5061 3249 5128 neminem
3283 5088 3405 5128 cum
3431 5073 3524 5125 illo

1955 5171 2243 5240 imperare,
2283 5168 2558 5222 neminem
2589 5181 2712 5220 cum
2739 5179 2806 5220 eo
2827 5180 3172 5220 communem
3204 5164 3403 5218 habere
3425 5178 3521 5231 ap-

1954 5261 2323 5334 pellationem,
2356 5259 2411 5315 id
2467 5272 2661 5328 nempe
2689 5256 2855 5328 quod,
2891 5265 3118 5312 vocatur
3162 5255 3322 5310 Deus.
3359 5252 3520 5308 Solus

1541 5401 1628 5457 VA
1637 5399 1776 5456 RIE
1839 5393 2246 5455 LECTIONES.

359 5545 399 5576 ³¹
440 5541 738 5616 μύχουςῗϐ.
754 5542 934 5616 πηνάς
962 5555 1015 5609 p.
1047 5539 1228 5616 πηγάς
1255 5537 1318 5594 0.
1362 5607 1402 5616 η
1425 5537 1764 5616 ⁸¹Ᾱπόθενκίλ
1867 5535 2127 5616 "gs-Evam.
2154 5532 2215 5616 (ξε
2319 5530 2656 5616 “aegon-cat
2869 5530 2916 5616 ξς
2934 5528 3007 5616 [ιιι
3040 5543 3209 5616 marg.
3249 5527 3356 5616 Ci:
3403 5541 3514 5603 cu].

291 5599 459 5697 textus
490 5599 1006 5684 άπαέελουμένῃξιὶῑ
1045 5599 1149 5663 ος·
1185 5599 1230 5640 οὶ
1258 5607 1441 5692 συνίδῃ
1475 5611 1516 5661 Ο
1569 5624 1617 5663 e.
1669 5605 1707 5661 S
1735 5648 1749 5669 ,
1783 5605 2007 5730 ,συνείδέ
2033 5605 2093 5659 C.
2170 5603 2215 5636 "'
2237 5601 2515 5674 μεταλάὅῃ
2553 5616 2661 5687 orn.
2703 5599 2765 5655 Ο.
2870 5600 2917 5632 ⁸⁸
2943 5601 3028 5652 ἵνα
3052 5616 3101 5650 τ.
3122 5599 3258 5670 ἀέρα
3293 5601 3374 5698 ei;
3391 5620 3443 5656 τ.
3465 5599 3514 5657 τ.

289 5699 474 5748 sps-zu,
508 5687 598 5738 καὶ
629 5685 737 5746 ἵνα,
778 5698 832 5734 κ.
869 5698 920 5734 τ.
955 5681 1002 5733 λ.
1022 5679 1083 5734 C.
1159 5679 1202 5710 θ’
1225 5678 1474 5748 βρυουσιν
1497 5677 1550 5743 S,
1580 5675 1623 5732 Ο
1652 5717 1667 5742 ,
1700 5676 1932 5748 βρυωσιν
2015 5716 2028 5729 .
2105 5675 2150 5748 ’_°
2164 5673 2304 5748 Lege
2327 5671 2693 5748 βασιλείαςίιι.
2768 5669 3189 5748 ῗεύγνωμόνεις
3218 5677 3278 5722 υ.
3347 5670 3518 5748 ’,κατ-

297 5694 474 5753 ῑρεπῃ,
508 5694 598 5738 καὶ
629 5694 737 5746 ἵνα⁹
778 5698 832 5734 κ.
869 5698 920 5734 τ.
957 5694 1083 5734 ΑΛ).
1159 5694 1202 5710 °‘
1225 5694 1474 5749 Ρρυουσιν
1497 5694 1550 5743 δ,
1580 5694 1623 5732 υ
1652 5717 1667 5742 ,
1700 5694 1932 5747 ρρυωσιν
1967 5694 2028 5730 ι...
2107 5694 2150 5706 "
2164 5694 2304 5746 Lege
2327 5694 2693 5752 pacrytataght.
2770 5694 3189 5743 πευγνῳμυνεις
3218 5694 3278 5722 υ.
3323 5694 3366 5700 ⁷*
3395 5694 3505 5723 κατ·

297 5754 494 5815 ἔλειπες
546 5756 607 5810 C.
685 5751 814 5805 ³³τὸ
858 5750 920 5804 ε).
995 5749 1041 5781 ’ὀ
1057 5749 1332 5819 δυναμένῳ
1366 5750 1456 5801 καὶ
1503 5748 1670 5802 σῶσαι
1705 5751 1766 5801 υ.
1817 5747 1948 5805 Dein
1986 5743 2140 5802 ἂνκιῦ
2172 5759 2227 5816 p.
2275 5745 2456 5797 ὲννοου
2494 5741 2559 5797 Cl
2586 5781 2602 5809 ,
2634 5755 2741 5802 non
2765 5739 2807 5796 C
2841 5781 2856 5811 ,
2891 5753 2946 5793 ut
2975 5739 3113 5794 talso
3143 5744 3424 5798 annotavit
3451 5744 3505 5797 ὃ.
