4068 6338
262 257 355 312 137
1383 239 1840 297 CLEMENTINA.
1865 269 1933 281 -
1952 237 2233 296 IIOHlLlA
2269 236 2360 302 lll,

3392 233 3493 286 {SR

257 369 404 422 λεται
437 363 498 418 τὸ
527 363 678 426 τέλος
723 359 1028 433 άκριϐῶσαι
1059 356 1222 419 θέλει,
1258 355 1292 427 ἦ
1325 355 1418 407 ἐπὶ
1461 353 1541 424 τῷ
1568 353 1641 422 μὴ
1691 352 1832 406 κατὰ

1942 353 2074 416 vult,
2118 359 2212 406 aut
2241 349 2496 405 convenit
2527 361 2646 403 eam
2673 345 2744 402 ob
2766 361 2880 403 rem
2918 347 3227 418 pmnltenti,
3253 364 3374 418 qua“:
3398 365 3508 402 non

258 459 481 532 γνώμην
515 455 779 511 ἀποϐάντι
815 450 1253 526 μεταμελομένου
1283 449 1325 500 ⁸.
1382 447 1491 501 Kal
1539 443 1600 499 τὸ
1634 442 1838 516 γεγρά-

262 555 406 623 φθαι·
458 550 572 606 Καὶ
631 546 953 618 ὡσρρὰνθη
998 547 1214 612 Κύριος
1264 541 1465 612 ὀσμὴν
1513 538 1670 609 100
1695 540 1837 590 εὐω-

259 650 402 712 δίας,
465 643 680 706 ἐνδεοῦς
711 644 891 705 ἐστιν,
926 640 1020 694 καὶ
1073 637 1136 692 τὸ
1197 634 1291 690 ἐπὶ
1335 631 1528 704 κνίσσῃ
1561 633 1580 664 ⁷
1617 629 1836 702 σαρκῶν

261 739 510 810 ἡσθῆναι,
544 737 647 790 οὐκ
677 734 904 804 ἀγαθοῦ.
955 731 1028 786 Τὸ
1059 731 1114 786 δὲ
1150 727 1456 800 πειράζειν,
1507 724 1582 788 ὡς
1631 721 1835 794 γέγρα-

263 847 416 884 πται·
464 828 580 882 Καὶ
605 828 889 896 ἐπείρασε
917 828 1132 894 Κύριος
1180 822 1287 876 τὸν
1356 818 1632 888 Ἀϐραὰμ,
1662 814 1835 871 κακοῦ

259 924 347 976 καὶ
379 923 445 976 τὸ
476 920 633 984 τέλος
663 920 761 991 τῆς
786 919 1062 990 ὑπομονῆς
1099 916 1437 986 ἀγνοοῦντος.

321 1014 437 1070 XL.
493 1013 679 1085 Ὀμῶς
709 1013 730 1045 ⁸
762 1014 791 1066 6
847 1013 1028 1084 Σίμων
1084 1010 1254 1064 πολλὰ
1299 1007 1408 1062 ἀπὸ
1436 1008 1546 1060 τῶν
1604 1004 1837 1077 Γραφῶν

261 1110 429 1164 ιδόκει
463 1108 734 1162 δεικνύειν
760 1107 853 1160 τὸν
879 1105 1012 1159 Θεὸν
1049 1103 1212 1158 παντὶ
1243 1102 1406 1156 πάθει
1455 1099 1832 1171 ὑποκείμενον.

260 1205 366 1257 Καὶ
405 1205 437 1256 6
466 1203 677 1274 Πέτρος
704 1199 842 1273 πρὸς
884 1199 905 1231 ⁸
937 1197 1106 1251 ταῦτα
1159 1195 1285 1267 ἔφη·
1335 1195 1398 1248 Εἰ
1435 1193 1600 1266 μηδὲν
1649 1192 1840 1262 ἀγαπᾷ

257 1297 286 1349 6
310 1296 485 1360 κακὸς
517 1295 616 1350 καὶ
649 1293 792 1348 πάνυ
840 1291 1108 1364 μοχθηρὸς
1133 1289 1220 1359 ἐφ’
1249 1281 1330 1351 οἷς
1373 1284 1677 1358 ἁμαρτάνει
1720 1285 1840 1337 ἑαυο

259 1387 344 1441 τὸν
375 1387 650 1457 ἐλέγχειν,
681 1383 975 1456 ἀπόκριναί
1010 1399 1120 1454 μοι.
1151 1382 1260 1435 Καὶ
1290 1383 1319 1434 6
1352 1380 1534 1451 Σίμων
1563 1378 1687 1450 ἔφη·
1723 1378 1837 1431 Οὐκ

258 1481 470 1551 ἀγαπᾷ.
525 1479 639 1534 Καὶ
689 1481 719 1532 6
750 1478 957 1549 Πέτρος
1007 1475 1130 1545 ἔφη·
1163 1473 1290 1538 Πῶς
1330 1474 1372 1506 ⁸ο
1401 1467 1496 1525 οὖν
1547 1471 1714 1536 κακὸς
1745 1471 1839 1524 καὶ

265 1571 535 1644 μοχθηρὸς
563 1571 704 1625 εἶναι
727 1568 948 1624 δύναται
972 1569 1001 1621 6
1024 1567 1173 1632 Θεὸς,
1220 1565 1380 1635 εἴπερ
1423 1564 1588 1617 αὐτοῦ
1618 1563 1838 1635 λήμμα-

1939 446 2238 501 secundum
2258 443 2580 499 sententiam
2607 440 2854 510 contigit.
2879 439 3033 506 Quod
3056 441 3220 494 etiam
3245 440 3506 510 scriptum

1938 547 2039 602 est,
2063 547 2113 592 et
2143 536 2394 590 odoratus
2455 543 2532 588 est
2577 531 2836 587 Dominus
2873 533 3082 587 odorem
3141 533 3424 586 suavitatis
3456 545 3510 598 ι,

1938 627 2232 698 indigentis
2267 635 2369 689 est,
2428 633 2482 680 et
2517 623 2707 678 nidore
2762 623 3012 678 carnium
3063 623 3344 688 delectari,
3399 637 3509 677 non

1937 727 2022 774 est
2049 715 2462 773 boni.Tentare
2518 724 2723 781 autem,
2778 715 2923 771 sicut
2984 715 3247 785 scriptum
3291 723 3406 770 est:
3440 713 3510 768 Et

1939 811 2154 866 tentavit
2182 810 2433 864 Dominus
2495 809 2852 863 Abrahamum
2881 807 2932 872 ι),
2977 807 3105 861 mali
3158 815 3260 872 est,
3302 820 3365 862 ac
3391 806 3512 877 ejus

1939 904 2031 974 qui
2063 904 2273 973 ignoret
2301 901 2505 956 exitum
2533 900 2827 971 patientiae.

2009 1003 2125 1058 XL.
2158 1002 2361 1073 Sicque
2397 1001 2586 1057 Simon
2611 1001 2798 1056 multis
2826 1017 2890 1055 ex
2938 998 3222 1070 Scriptura
3249 1001 3384 1055 locis
3414 1015 3510 1056 as-

1941 1095 2172 1165 sumptis
2203 1094 2485 1148 videbatur
2499 1093 2731 1163 probare
2754 1134 2769 1158 ,
2795 1091 2965 1147 Deum
2990 1092 3138 1146 omni
3173 1091 3510 1162 perpessioni

1939 1201 2060 1241 esse
2094 1187 2413 1240 obnoxium.
2471 1185 2536 1239 Et
2588 1184 2785 1240 Petrus
2815 1185 2881 1240 ad
2937 1186 3054 1240 haec
3080 1184 3220 1239 dixit
3250 1203 3262 1238 :
3303 1184 3384 1237 An
3412 1183 3511 1254 qui

1941 1276 2118 1330 malus
2156 1291 2220 1330 ac
2250 1275 2410 1346 plane
2464 1276 2748 1345 improbus
2805 1284 2909 1342 est,
2941 1275 3254 1330 nullatenus
3299 1274 3512 1328 velitse

1941 1365 2055 1435 ipse
2113 1381 2339 1437 arguere
2388 1367 2439 1420 in
2497 1367 2564 1421 iis
2612 1383 2734 1437 qua:
2776 1376 2983 1437 peccat,
3018 1367 3289 1437 responde
3335 1365 3515 1420 mihi?

1940 1454 2240 1526 Respondit
2271 1455 2499 1510 Simon:
2543 1455 2766 1512 Minime
2809 1457 2956 1511 velit.
3014 1455 3236 1526 Excepit
3269 1455 3510 1510 Petrus:

1941 1563 2051 1618 quo
2091 1548 2253 1603 modo
2303 1549 2466 1618 igitur
2498 1549 2676 1604 malus
2725 1564 2788 1604 ac
2846 1549 3130 1619 improbus
3177 1563 3301 1603 esse
3333 1555 3515 1617 potest

260 1639 313 1719 τι
334 1639 383 1697 ’ίι
529 1667 652 1719 κατ’
683 1663 846 1718 αὐτοῦ
890 1661 1034 1716 κακὰ
1062 1659 1289 1733 δημοσίᾳ
1316 1659 1592 1731 γραφέντα
1641 1674 1839 1728 προσε-

1943 1639 2110 1706 Deus,
2155 1656 2279 1696 cum
2340 1642 2512 1712 ipsius
2564 1642 2846 1696 voluntate
2897 1640 3188 1710 opprobria
3238 1640 3294 1694 in
3358 1641 3511 1694 illum

261 1757 386 1829 τέθη
415 1775 430 1822 ;
458 1758 572 1810 Καὶ
594 1759 623 1810 6
655 1756 857 1827 Σίμων·
906 1753 1206 1826 Ἐνδέχεται
1237 1753 1309 1824 μὴ
1343 1753 1385 1783 ³⁸
1413 1750 1554 1805 κατὰ
1577 1750 1837 1822 προαίρε-

259 1869 341 1904 σιν
399 1850 574 1904 αὐτοῦ
629 1849 717 1918 ὑφ’
766 1847 962 1918 ἐτέρας
1020 1845 1301 1916 δυνάμεως
1360 1844 1452 1898 τὸν
1507 1845 1626 1898 κατ’
1677 1843 1840 1897 αὐτοῦ

258 1944 541 2015 γραφῆναι
600 1941 840 2011 ἔλεγχον.
875 1939 984 1994 Καὶ
1034 1939 1062 1992 6
1094 1938 1301 2009 Πέτρος
1333 1937 1456 2009 ἔφη·
1499 1935 1722 2008 Πρῶτον
1747 1932 1840 1989 οὖν

257 2037 413 2090 τοῦτο
451 2035 802 2108 ζητήσωμεν.
840 2033 904 2086 El
967 2031 1065 2102 μὲν
1114 2030 1220 2084 ὑπὸ
1260 2029 1360 2100 τῆς
1416 2028 1612 2082 ἑαυτοῦ
1649 2027 1842 2098 βουλῆς

260 2128 452 2181 ἑαυτὸν
486 2127 736 2199 ἤλεγξεν,
761 2125 837 2189 ὡς
868 2123 1078 2195 φθάσας
1129 2121 1599 2193 συνωμολόγησας,
1638 2121 1840 2192 μοχθη-

261 2221 353 2291 ρὸς
384 2219 492 2272 οὐκ
524 2219 696 2281 ἐστιν,
748 2219 799 2270 εί
828 2217 885 2270 δὲ
919 2217 1009 2286 ὑφ’
1032 2214 1224 2287 ἐτέρας
1257 2213 1560 2284 δυνάμεως,
1585 2211 1842 2284 ζητητέον

258 2312 352 2364 καὶ
388 2311 558 2364 παντὶ
593 2309 768 2363 σθένει
823 2307 1158 2375 ἐξεταστέον,
1216 2307 1288 2377 μή
1335 2323 1419 2369 τις
1465 2303 1628 2358 αὑτὸν
1683 2302 1840 2374 μόνον

261 2406 463 2475 ἀγαθὸν
506 2404 640 2457 ὄντα
673 2403 765 2456 ἐπὶ
807 2405 938 2455 πᾶσι
967 2403 1080 2464 τοῖς
1116 2401 1304 2462 κακοῖς
1353 2397 1621 2450 ὑπέϐαλεν
1669 2397 1733 2449 ’³.

331 2561 471 2616 XLI.
513 2562 626 2615 Καὶ
678 2562 706 2613 6
742 2561 946 2632 Σίμων·
990 2557 1263 2631 Πρόδηλος
1320 2549 1372 2609 εἷ
1424 2553 1680 2625 φεύγων,
1731 2552 1842 2608 ἀπὸ

262 2656 368 2708 τῶν
399 2653 640 2726 Γραφῶν
671 2653 762 2706 τὸν
820 2651 958 2706 κατὰ
989 2649 1122 2704 Θεοῦ
1158 2667 1251 2702 σου
1309 2647 1538 2702 ἀκοῦσαι
1598 2647 1837 2717 ἔλεγχον.

267 2748 373 2801 Kal.
429 2749 460 2800 6
504 2747 732 2818 Πέτρος·
786 2743 956 2806 Αὐτός
1012 2759 1103 2813 μοι
1150 2739 1310 2812 φαίνῃ
1353 2739 1510 2792 τοῦτο
1545 2737 1734 2792 ποιῶν.
1783 2737 1840 2789 Ὀ

269 2843 374 2914 γάρ
414 2841 572 2904 τάξιν
617 2839 897 2911 ζητήσεως
951 2835 1163 2906 φεύγων
1211 2834 1455 2898 ἐξέτασιν
1519 2831 1692 2905 ἀληθῆ
1747 2847 1841 2899 γε-

267 2936 454 2991 νέσθαι
483 2935 547 2989 οὐ
576 2932 841 3004 βούλεται.
867 2928 1027 2983 Ὅθεν
1051 2928 1201 2996 101
1228 2924 1334 2994 ἐγὼ
1359 2927 1426 2996 τῇ
1450 2923 1598 2989 τάξει
1633 2921 1842 2996 χρώμε-

1943 1731 2252 1804 conscripta
2293 1734 2508 1804 publice
2537 1734 2782 1804 apposita
2834 1735 2965 1788 sint.
2996 1733 3074 1788 Ac
3104 1731 3292 1788 Simon
3324 1752 3338 1787 :
3365 1731 3512 1787 Fieri

1939 1835 2117 1897 potest
2160 1836 2220 1880 ut
2253 1827 2400 1880 illius
2438 1826 2789 1896 reprehensio
2843 1834 3036 1881 contra
3072 1827 3245 1896 ipsius
3296 1835 3512 1882 senten-

1942 1919 2072 1973 tiam
2101 1919 2170 1973 ab
2199 1919 2304 1973 alia
2340 1919 2540 1974 virtute
2567 1919 2638 1973 sit
2677 1919 2902 1988 scripta.
2941 1918 3087 1974 Dixit
3115 1917 3311 1974 Petrus
3345 1938 3358 1974 :
3392 1919 3514 1972 Pri-

1943 2027 2090 2066 mum
2115 2026 2244 2081 ergo
2274 2012 2376 2066 hoc
2421 2026 2757 2081 qumramus.
2800 2009 2856 2066 Si
2895 2026 2998 2069 suo
3029 2011 3248 2081 quidem
3277 2011 3514 2066 consilio

1942 2117 2000 2157 se
2038 2101 2419 2171 reprehendit,
2457 2110 2514 2156 ut
2561 2111 2617 2156 tu
2681 2103 2833 2171 prius
2893 2102 3039 2157 ultro
3082 2101 3370 2156 confessus
3427 2116 3508 2164 es.

1942 2195 2226 2265 improbus
2262 2209 2371 2248 non
2405 2203 2525 2259 est;
2557 2195 2643 2250 sin
2690 2209 2818 2248 vero
2841 2194 2945 2248 alia
2978 2194 3196 2259 virtute,
3231 2194 3513 2262 inquiren-

1942 2285 2069 2339 dum
2103 2293 2186 2339 est
2242 2300 2306 2339 ac
2338 2285 2594 2340 omnibus
2636 2284 2850 2339 viribus
2884 2285 3332 2351 examinandum,
3379 2299 3511 2338 num

1943 2376 2066 2446 quis
2095 2391 2242 2440 eum,
2273 2375 2367 2445 qui
2403 2376 2554 2432 solus
2581 2377 2759 2432 bonus
2809 2375 3034 2441 existat,
3074 2377 3331 2430 omnibus
3351 2376 3514 2430 malis

1943 2468 2252 2536 subjecerit.

2012 2558 2148 2614 XLI.
2177 2558 2244 2615 Et
2272 2559 2462 2615 Simon
2489 2579 2503 2615 :
2546 2559 2892 2615 Manifestum
2933 2569 3017 2615 est
3046 2570 3098 2614 te
3133 2560 3516 2630 reprehensio-

1944 2667 2065 2708 nem
2104 2652 2197 2707 Dei
2242 2653 2320 2708 tui
2350 2668 2417 2706 ex
2450 2651 2750 2720 Scripturis
2775 2653 2918 2706 nolle
2945 2653 3160 2706 audire.
3187 2653 3266 2707 Ac
3294 2653 3510 2707 Petrus:

1943 2737 2025 2796 'I‘u
2057 2741 2173 2812 ipse
2203 2741 2256 2797 id
2287 2741 2469 2798 facere
2523 2743 2655 2796 milii
2680 2742 2905 2798 videris.
2933 2743 3038 2809 Qui
3083 2740 3230 2797 enim
3264 2743 3512 2798 ordinem

1942 2834 2264 2904 quastionis
2313 2834 2478 2903 fugit.
2535 2851 2762 2889 examen
2805 2851 2995 2890 verum
3052 2834 3168 2890 ﬁeri
3210 2849 3322 2889 non
3371 2835 3510 2888 vult.

1949 2924 2100 2982 Unde
2122 2941 2244 2996 ego,
2269 2926 2362 2996 qui
2394 2926 2587 2980 ordine
2617 2935 2769 2991 utor,
2800 2936 2854 2981 et
2890 2927 3016 2980 volo
3054 2925 3291 2995 primum
3323 2925 3514 2980 censi--

272 3051 374 3096 νος,
408 3031 505 3084 καὶ
537 3026 859 3098 βουλόμενος
900 3021 1114 3092 πρῶτον
1168 3016 1258 3070 τὸν
1292 3015 1610 3088 συγγραφέα
1643 3014 1839 3086 νοηθῆ-

1945 3018 2123 3073 derari
2150 3017 2495 3088 scriptorem,
2543 3017 2828 3072 manifeste
2874 3019 3036 3088 cupio
3066 3026 3214 3073 recta
3241 3018 3333 3072 νεα
3361 3018 3514 3072 ince-

273 3144 376 3186 ναι,
411 3120 680 3194 πρόδηλός
734 3118 850 3188 εἰμι
882 3114 981 3185 τὴν
1013 3111 1224 3165 εὐθεῖαν
1256 3109 1457 3162 ὁδεύειν
1491 3108 1678 3162 θέλων.
1732 3107 1843 3161 Kal.

273 3219 302 3271 6
329 3217 531 3287 Σίμων·
605 3208 968 3281 Ὀμολὸγησον
1025 3203 1260 3275 πρῶτον,
1318 3200 1431 3270 εἴγε
1473 3199 1542 3254 τὰ
1570 3199 1712 3254 κατὰ
1743 3198 1838 3254 τοῦ

274 3303 603 3381 δημιουργοῦ
651 3299 1009 3374 γεγραμμένα
1051 3295 1222 3367 ἀληθῆ
1281 3297 1418 3358 ἐστι,
1477 3293 1572 3347 καὶ
1597 3293 1698 3346 οὐκ
1725 3292 1842 3346 ἐστι

276 3403 376 3456 τῶν
401 3401 540 3456 ὅλων
577 3395 866 3466 ἀνώτερος,
899 3389 1040 3443 κατὰ
1071 3388 1170 3452 τὰς
1190 3386 1411 3458 Γραφὰς
1443 3385 1589 3457 πάσῃ
1623 3384 1843 3439 ὑποκεί-

276 3512 430 3567 μείος
460 3488 752 3564 μοχθηρίᾳ,
809 3484 904 3539 καὶ
937 3482 1159 3553 ὕστερον
1220 3480 1524 3551 ζητήσομεν
1565 3477 1656 3531 τὸν
1712 3495 1841 3547 συγ-

276 3587 579 3659 γράψαντα.
611 3581 721 3634 Kal.
746 3580 774 3631 6
797 3577 1021 3646 Πέτρος·
1079 3575 1194 3626 Ἵνα
1229 3573 1302 3644 μὴ
1333 3572 1488 3638 δόξω,
1537 3569 1840 3639 ἀντιλέγειν

281 3699 365 3735 σου
394 3682 463 3752 τῇ
519 3673 715 3744 ἀταξίᾳ
749 3671 823 3742 μὴ
877 3667 1045 3721 θέλων
1085 3665 1149 3728 ⁸⁵,
1190 3664 1390 3735 ζητεῖν,
1451 3661 1836 3732 ἀποκρίνομαι.

292 3772 421 3842 Ἐγὼ
447 3788 594 3843 φημι
639 3768 721 3820 ὃτι
777 3764 826 3816 εί
868 3760 940 3815 τὰ
989 3759 1128 3813 κατὰ
1159 3756 1252 3810 τοῦ
1293 3755 1427 3809 Θεοῦ
1483 3755 1841 3826 γεγραμμένα

281 3865 441 3936 ἀληθῆ
474 3862 585 3933 εἴη,
639 3856 793 3911 οὔπω
840 3853 934 3906 τὸν
979 3851 1109 3904 Θεὸν
1140 3849 1375 3902 δείκνυσι
1416 3847 1702 3919 μοχθηρόν.
1731 3848 1840 3900 Καὶ

279 3958 306 4010 ὁ
329 3957 503 4030 Σίμων
533 3953 659 4024 ἔφη·
694 3948 819 4011 Πῶς
846 3945 1000 3999 τοῦτο
1027 3945 1283 4015 συστῆσαι
1309 3940 1562 4007 δύνασαι;

343 4046 498 4104 XLII.
539 4045 652 4100 Kal.
679 4045 707 4096 6
739 4041 968 4111 Πέτρος·
1001 4039 1124 4090 ’Ότι
1161 4039 1281 4098 ταῖς
1328 4033 1488 4087 αὐτὸν
1534 4033 1721 4097 κακῶς
1756 4033 1843 4085 λε-

1945 3107 2097 3164 dere.
2128 3107 2267 3163 Tum
2305 3107 2496 3163 Simon
2523 3128 2536 3162 :
2567 3107 2751 3163 Primo
2779 3108 2971 3175 fatere,
2999 3126 3068 3164 an
3101 3125 3229 3164 vera
3259 3109 3371 3166 sint
3392 3125 3514 3178 qua:

1946 3203 2141 3273 scripta
2171 3213 2300 3258 sunt
2331 3203 2383 3257 in
2422 3202 2612 3257 mundi
2651 3203 2904 3273 opificem
2929 3221 3032 3259 nec
3056 3205 3129 3258 sit
3151 3205 3398 3259 omnium
3419 3221 3516 3259 su-

1941 3309 2184 3365 premus.
2217 3310 2340 3350 cum
2384 3295 2539 3366 juxta
2571 3295 2884 3365 Scripturas
2913 3297 3064 3350 omni
3094 3297 3352 3367 nequitia:
3378 3298 3512 3353 sub-

1940 3388 2139 3458 jaeeat,
2193 3396 2247 3442 et
2299 3396 2490 3457 postea
2536 3389 2857 3457 scriptorem
2913 3402 3247 3459 quaeramus.
3315 3389 3514 3445 Petrus

1946 3489 2175 3535 autem:
2220 3478 2299 3534 Ne
2356 3480 2541 3535 videar
2594 3480 2892 3549 inquirere,
2943 3481 3138 3535 nolens
3201 3481 3514 3537 confusioni

1945 3579 2052 3626 tua:
2073 3570 2468 3637 contradicere,
2491 3571 2814 3640 reSpondeo.
2846 3571 2955 3639 Ego
2983 3571 3072 3626 aio
3097 3573 3264 3642 quod,
3297 3574 3512 3627 etiamsi

1946 3678 2068 3733 quae
2090 3663 2354 3718 adversus
2390 3661 2560 3716 Deum
2593 3662 2797 3732 scripta
2834 3671 2981 3725 sunt,
3014 3672 3198 3717 essent
3224 3679 3374 3728 vera,
3404 3680 3512 3718 non

1945 3765 2127 3810 tamen
2188 3755 2352 3808 etiam
2425 3754 2504 3808 sic
2572 3753 2741 3808 Deum
2810 3753 3160 3810 ostenderent
3223 3770 3344 3810 esse
3412 3755 3516 3809 im-

1946 3847 2198 3917 probum.
2262 3845 2327 3899 Et
2376 3846 2564 3899 Simon
2608 3845 2791 3900 dixit:
2835 3844 2955 3910 Quo
2999 3847 3163 3900 modo
3221 3855 3378 3916 potes
3409 3847 3516 3902 hoc

1944 3939 2224 3994 astruere?

2018 4032 2177 4086 XLII.
2229 4033 2299 4086 At
2348 4031 2595 4087 Petrus:
2649 4030 2919 4096 Quoniam
2979 4031 3248 4086 contraria
3308 4029 3512 4100 scripta

279 4142 491 4210 τούσαις
521 4136 726 4206 φωναῖς
748 4132 792 4162 ⁸³
809 4129 878 4182 τὰ
906 4125 1117 4180 ἐναντία
1135 4124 1462 4196 γέγραπται,
1491 4116 1551 4176 οὗ
1577 4123 1618 4153 ¹⁶
1637 4122 1839 4176 εἵνεκεν

1947 4135 2076 4181 sunt
2106 4127 2172 4180 iis
2195 4123 2420 4181 vocibus
2453 4140 2576 4194 quae
2599 4124 2708 4178 Deo
2743 4124 3117 4194 obloquuntur
3146 4141 3159 4176 :
3186 4132 3514 4193 quapropter

278 4233 376 4286 οὐδ
428 4226 689 4299 ὁπότερον
740 4220 1095 4294 βεϐαιωθῆναι
1123 4217 1361 4271 δύναται.
1399 4217 1508 4271 Kal.
1555 4218 1582 4268 ὁ
1625 4215 1838 4286 Σίμων·

281 4327 396 4388 Πῶς
439 4317 676 4388 οὗν,τῶν
705 4313 937 4387 Γραφῶν
972 4312 1082 4366 τῶν
1127 4309 1224 4382 μὲν
1262 4309 1422 4363 αὐτὸν
1463 4309 1629 4362 κακὸν
1658 4308 1842 4377 λεγου-

282 4418 380 4470 σῶν
406 4417 473 4479 π,
504 4411 616 4465 τῶν
654 4409 712 4464 δὲ
742 4406 968 4476 ἀγαθὸν,
1012 4404 1073 4458 τὸ
1100 4403 1294 4474 ἀληθὲς
1327 4401 1471 4456 ἐστιν
1516 4398 1838 4469 ὲπιγνῶναις

271 4509 366 4562 Καὶ
385 4509 414 4560 6
443 4505 676 4576 Πέτρος·
710 4500 872 4553 Ὅσαι
903 4495 1011 4549 τῶν
1041 4493 1270 4567 Γραφῶν
1299 4491 1470 4561 φωναὶ
1492 4488 1840 4561 συμφωνοῦσι

280 4602 340 4671 τῇ
363 4599 452 4652 ὑπ’
483 4593 651 4650 αὐτοῦ
679 4588 942 4662 γενομένῃ
973 4587 1167 4651 κτίσει,
1203 4583 1417 4654 ἀληθεῖς
1455 4584 1608 4635 εἰσιν·
1634 4583 1755 4634 ὅσαι
1783 4580 1839 4632 δὲ

282 4689 511 4744 ἐναντίαι
531 4729 549 4753 ,
593 4683 804 4755 ψευδεῖς
858 4678 1227 4748 τυγχάνουσιν.
1276 4675 1385 4729 Ka‘t
1424 4676 1452 4727 6
1487 4674 1668 4744 Σίμων
1714 4671 1835 4742 E291;-

284 4779 398 4843 Πῶς
425 4777 652 4832 δύνασαι
681 4771 1090 4842 ὲναντιουμένας
1117 4770 1335 4830 ἑαυταῖς
1373 4764 1538 4830 δεῖξαι
1569 4764 1667 4828 τὰς
1695 4764 1838 4835 Γρα-

283 4875 410 4942 φάςς
453 4870 566 4926 Καὶ
601 4870 631 4922 6
665 4867 869 4938 Πέτρος
900 4863 1022 4934 ἔφη·
1074 4861 1177 4914 τὸν
1221 4859 1389 4928 Ἀδὰμ
1427 4857 1621 4927 τυφλὸν
1665 4856 1840 4923 λέγεις

284 4962 620 5035 γεγενῆσθαι,
655 4961 789 5031 ὅπερ
815 4959 916 5011 οὐκ
938 4950 1025 5053 ῆνέ
1057 4955 1132 5008 Οὐ
1165 4953 1271 5025 γὰρ
1300 4951 1364 5006 ἂν
1392 4949 1574 5021 τυφλῷ
1603 4948 1842 5003 ἐντελλό-

348 5157 370 5186 ι
401 5143 536 5199 Gen.
557 5152 681 5204 vm,
709 5136 800 5191 9.1.
879 5131 1063 5189 bGen.
1101 5145 1230 5189 un,
1269 5130 1318 5184 Ι.

1943 4226 2198 4274 neutrum
2231 4225 2412 4288 potest
2447 4227 2656 4272 certum
2689 4233 2754 4273 ac
2780 4217 2997 4272 firmum
3031 4216 3204 4272 reddi.
3249 4215 3385 4269 Tum
3419 4215 3514 4270 Si-

1943 4329 2110 4370 mon:
2138 4313 2256 4381 Qua
2298 4327 2428 4384 ergo
2482 4313 2694 4367 ratione
2742 4327 2932 4367 verum
2983 4324 3311 4381 cognoscere
3357 4309 3510 4374 licet,

1943 4420 2068 4463 cum
2095 4422 2162 4462 ex
2205 4403 2504 4476 Scripturis
2538 4404 2658 4458 alia:
2686 4403 2856 4456 Deum
2891 4404 3094 4456 malum
3127 4401 3346 4466 dicant,
3390 4401 3513 4456 alia:

1945 4499 2197 4555 bonum?
2255 4497 2319 4552 Et
2370 4497 2566 4552 Petrus
2620 4514 2634 4550 :
2687 4494 3036 4564 Quaecunque
3100 4493 3509 4565 Scripturarum

1944 4594 2107 4648 verba
2133 4607 2261 4648 cum
2298 4591 2576 4646 creatione
2608 4589 2677 4642 ab
2707 4587 2827 4659 ipso
2855 4586 2994 4642 facta
3010 4588 3510 4650 concordant,vera

1947 4694 2096 4750 sunt,
2126 4697 2464 4755 quaecunque
2488 4696 2621 4736 vero
2651 4697 2774 4738 cum
2803 4696 2864 4735 ea
2898 4689 3162 4750 pugnant,
3201 4679 3358 4754 falsa.
3402 4675 3510 4732 Ex-

1945 4778 2089 4848 cepit
2117 4775 2306 4831 Simon
2335 4792 2347 4826 :
2375 4772 2478 4841 Qui
2519 4773 2809 4827 ostendere
2853 4779 3008 4840 potes
3059 4765 3162 4825 sibi
3200 4771 3509 4826 contrarias

1946 4886 2067 4926 esse
2106 4869 2453 4940 Scripturas?
2481 4867 2776 4938 Respondit
2802 4863 3034 4920 Petrus:
3063 4863 3331 4919 Adamum
3372 4864 3509 4920 dicis

1945 4973 2147 5017 caecum
2204 4961 2494 5015 formatum
2553 4958 2753 5021 fuisse;
2812 4955 2956 5026 quod
3015 4965 3194 5010 tamen
3241 4955 3332 5010 ille
3399 4969 3505 5010 non

1532 5234 1767 5290 VABIIE
1836 5229 2239 5289 LECTIONES.

346 5385 852 5464 ’μεταμελομένοεν
883 5380 1268 5464 eodem:
1291 5376 1356 5430 ειι
1589 5373 1645 5464 ,ο
1674 5415 1688 5435 ν
1722 5371 2155 5464 Prses.in
2171 5370 2228 5464 ,ξι
2249 5352 3500 5464 #53.E‘f?33.£f§3°3-§"¥°21:.‘33‘3ﬁ333fi‘332;

279 5445 465 5518 ηυξ.
503 5445 775 5514 Idem-est
798 5445 1143 5507 Ottoboniahi
1183 5445 1408 5518 κνίσσει,
1435 5445 1475 5500 C
1516 5445 1690 5518 κνίσῃ.

281 5531 647 5605 ικὲαμΰάγωγ·
735 5525 777 5605 .'
818 5523 954 5605 πρὶς

279 5592 426 5666 112k:
512 5602 556 5632 “
598 5599 677 5652 Ita
729 5593 776 5666 Ο
819 5592 985 5666 (εξ-ρ)

1768 5447 1789 5476 ⁸
1814 5426 1886 5497 Ita
1918 5442 1957 5497 S
1983 5426 2310 5512 6pm.;C,Q'.
2329 5426 2460 5512 Post
2481 5426 2707 5512 γραφῶν
2726 5426 2870 5512 Epit.
2897 5449 2944 5486 c.
2970 5426 3037 5485 38
3059 5426 3504 5512 adjungitxaxtbg

1645 5495 1748 5546 5r”
1767 5495 2242 5568 Stilinolatum‘est
2269 5505 2458 5576 ἑαυτόν
2480 5495 2533 5559 ἱὶὶ
2557 5495 2645 5576 Ο’,
2679 5495 2874 5576 ad_cuj.
2911 5516 3061 5576 or_am
3088 5495 3156 5552 al.
3191 5495 3336 5576 man.
3372 5495 3506 5576 ίσως

1132 5568 1663 5660 ματι-ξάξθελήματι
1702 5585 1849 5660 Epit.
1874 5581 2012 5638 Tum
2043 5579 2311 5660 προετέθη
2351 5575 2494 5660 Epit.
2517 5575 2608 5660 ﬂ“
2634 5568 2710 5645 μή
2745 5571 2807 5660 S,
2831 5568 2897 5660 es
2941 5571 3230 5660 Ερξιοιιξεὲ
3251 5568 3504 5660 deestpilu

327 5589 426 5656 ⁴’.’
512 5602 556 5632 ⁸⁸
598 5599 677 5652 Ita
729 5593 775 5649 0
819 5589 942 5648 οἶῦ
971 5589 1082 5654 ,λεί
1132 5605 1258 5660 ματι
1287 5589 1328 5642 C
1358 5628 1373 5651 ,
1405 5589 1663 5657 θελήματι
1702 5589 1846 5656 Epit.
1874 5589 2012 5638 Tum
2043 5589 2311 5653 προετέθη
2351 5589 2494 5646 Ep“.
2567 5589 2608 5605 "
2635 5589 2710 5645 μη
2745 5589 2807 5637 δ,
2831 5589 2895 5626 ex
2941 5589 3206 5650 Apuanis;
3251 5589 3402 5622 necs;
3448 5589 3494 5619 ιιι

277 5619 429 5740 ἒυδο.
517 5658 1054 5740 ¹³ὐπέλα6εν⁶Ερὶι.-
1089 5608 1240 5740 ﬁLilla
1268 5657 1306 5712 S
1355 5673 1401 5712 c.
1436 5673 1552 5712 var.
1583 5658 1706 5712 lect.
1749 5655 2015 5727 Epitome:
2061 5651 2233 5708 θέλειν
2266 5651 2326 5715 0,
2374 5648 2434 5700 υ.
2517 5645 2559 5678 "
2578 5645 2818 5718 γραφαῖς
2854 5641 2918 5694 0.
2995 5639 3155 5692 ¹⁶του
3198 5637 3237 5692 S
3311 5652 3359 5692 σε.
3411 5634 3494 5698 Cl,

549 5743 588 5774 "
610 5734 882 5802 λεγουσῶν
912 5730 1095 5794 κακῶς
1130 5733 1191 5784 Ο.

633 5832 908 5891 ΡΑτιιοῐ..
958 5825 1077 5887 Gn.
1134 5824 1210 5887 Π.

283 5746 435 5797 m‘e.

3247 5799 3286 5856 ὴ
