4068 6338
554 336 657 392 145

1366 333 1424 388 S.
1464 330 1844 387 CLEMENTIS
1880 330 2091 386 IROM.
2130 328 2331 386 PONT.
2366 331 2594 389 OPERA
2623 334 2847 393 DUBIA.

3667 341 3770 397 HI

554 450 752 520 templo
792 448 968 517 posita
1016 446 1101 502 lex
1142 447 1431 518 reperitur,
1460 456 1658 519 etpost
1686 449 1823 504 alios
1858 450 2085 505 similitei

2208 463 2297 510 νος
2325 448 2661 520 εὑρίσκεται,
2695 452 2789 504 καὶ
2827 449 2942 522 μεθ’
2987 451 3140 521 105
3172 451 3334 523 ἕτερά
3369 468 3469 511 που
3505 456 3770 508 πεντακὸ-

551 542 873 613 quingentos
916 554 1091 594 annos
1130 540 1431 595 remansit:
1456 540 1643 609 sicque
1692 541 1794 596 sub
1820 539 2085 595 Nabucho

2208 555 2295 591 σια
2326 539 2419 610 ἐτη
2454 540 2694 611 φέρεται,
2730 542 2824 594 καὶ
2855 542 2946 594 ἐπὶ
2976 542 3069 593 τοῦ
3101 541 3564 614 Ναϐουχοδονόσορ
3594 541 3770 607 οὕτως

550 636 822 690 donosore
863 632 1027 702 periit
1071 631 1336 686 incendio.
1388 630 1455 685 Et
1496 640 1674 686 tamen
1724 640 1846 701 post
1885 630 2085 702 Moyse:

2205 628 2539 699 ἐμπρησθεὶς
2571 631 2618 662 ⁸³
2645 631 2960 685 ἀπόλλυται.
3008 633 3116 686 Καὶ
3155 633 3303 703 ὅμως
3350 634 3486 703 μετὰ
3526 635 3769 705 Μωῦσῆν

550 728 765 802 scripta,
789 734 845 781 et
887 741 1029 796 saepe
1067 726 1342 796 deperdita
1389 726 1553 781 etiam
1589 724 1790 797 Moysis
1820 728 2108 797 pmscien-

551 819 676 872 tiam
710 817 954 889 professa
986 826 1090 880 est,
1120 817 1247 888 quia
1300 816 1389 872 ille
1421 816 1541 887 ejus
1582 818 1933 872 abolitionem
1961 833 2103 888 prae-

545 916 734 971 videns
765 931 871 970 non
900 930 1018 970 com
1031 916 1215 985 posuit
1241 930 1360 970 eam
1394 934 1407 971 :
1436 915 1529 986 qui
1562 926 1742 971 autem
1782 931 2104 986 composue-

544 1015 673 1061 runt
697 1006 842 1078 quod
870 1006 1215 1061 abolitionem
1243 1021 1348 1062 non
1376 1007 1751 1076 prazviderent,
1776 1004 2101 1077 inignoran-

551 1100 625 1154 tia
694 1107 821 1153 sunt
849 1097 1206 1167 deprehensi,
1238 1098 1465 1167 ideoque
1489 1097 1762 1167 propheta:
1786 1112 1893 1151 non
1923 1103 2098 1151 erant.

612 1208 843 1266 XLVII].
884 1208 1022 1265 Tum
1071 1201 1257 1264 Simon
1292 1228 1305 1263 :
1355 1208 1824 1280 Quandoquidem,
1860 1224 1981 1278 qua:
2032 1209 2100 1264 ad

540 1304 710 1359 Deum
734 1303 1022 1374 pertinent,
1046 1312 1107 1357 ut
1128 1302 1332 1369 dixisti,
1357 1302 1698 1373 intelligenda
1721 1310 1848 1357 sunt
1870 1316 1936 1355 ex
1958 1317 2103 1356 com-

540 1396 823 1466 paratione
862 1396 928 1450 ad
960 1396 1308 1461 creationem,
1338 1411 1448 1466 quo
1492 1395 1654 1449 modo
1692 1393 1901 1463 reliqua
1941 1392 2095 1461 legis,

2203 720 2433 789 γραφεὶς
2460 721 2554 773 καὶ
2578 720 2836 785 πολλάκις
2867 722 3158 787 ἀπολωλὼς
3185 724 3284 794 τὴν
3307 722 3400 776 τοῦ
3431 726 3769 789 Μωῦσέως⁶⁵

2203 810 2508 881 πρόγνωσιν
2538 814 2632 866 καὶ⁵
2662 808 2813 877 οὗτος
2834 814 3198 886 ὡμολόγησεν,
3226 816 3307 868 ότι
3339 816 3432 870 τὸν
3462 816 3768 887 ἀφανισμὸν

2202 902 2367 956 αὐτοῦ
2405 904 2668 975 προειδὼς
2699 906 2799 958 οὐκ
2840 906 3096 977 ἔγραψεν·
3144 908 3195 959 οἱ
3244 907 3301 960 δὲ
3346 908 3652 979 γράψαντες
3688 910 3769 981 τῷ

2200 994 2291 1047 τὸν
2356 995 2659 1068 ἀφανισμὸν
2724 997 2798 1069 μὴ
2866 998 3267 1069 προεγνωκέναι
3338 1000 3425 1053 ἐπ’
3492 1001 3767 1070 ἀγνωσίας

2201 1084 2565 1155 ἐλεγχθέντες,
2600 1091 2875 1161 προφῆται
2902 1090 3003 1143 οὐκ
3027 1085 3189 1161 ἦσαν.

2267 1194 2498 1252 XLVIII.
2539 1200 2648 1253 Kal
2677 1200 2705 1252 ό
2740 1202 2942 1271 Σίμων·
2990 1201 3205 1273 Ἐπειδὴ
3238 1201 3306 1255 τὰ
3344 1202 3472 1275 περὶ
3503 1202 3658 1268 Θεοῦ,
3690 1204 3768 1269 ὡς

2198 1287 2351 1361 ἔφης,
2386 1292 2451 1344 ὲκ
2495 1292 2595 1362 τῆς
2625 1294 2762 1362 πρὸς
2791 1294 2889 1365 τὴν
2929 1293 3106 1348 κτίσιν
3150 1294 3464 1366 παραϐολῆς
3495 1295 3608 1348 ἐστι
3639 1297 3767 1367 νοῆ-

2198 1400 2315 1448 σαι,
2362 1384 2481 1447 πῶς
2522 1384 2591 1437 τὰ
2634 1384 2795 1438 λοιπὰ
2838 1386 2898 1439 ἐν
2943 1385 3021 1457 τῷ
3069 1386 3248 1457 νόμῳ,
3298 1387 3364 1439 ὲκ
3414 1387 3767 1458 παραδόσεως

537 1504 659 1559 quae
680 1502 746 1542 ex
795 1487 993 1559 Moysis
1026 1487 1316 1546 traditione
1360 1494 1416 1540 et
1458 1501 1585 1541 vera
1624 1494 1771 1552 sunt,
1802 1484 1896 1539 sed
1943 1484 2085 1540 falsis

2194 1472 2471 1539 Μωῠσέως
2502 1474 2549 1507 ⁸⁸
2602 1476 2731 1531 ὄντα
2776 1477 2869 1531 καὶ
2918 1478 3088 1550 ἀληθῆ
3132 1479 3463 1549 τυγχάνοντα
3512 1480 3604 1532 καὶ
3650 1484 3768 1545 τοῖς

535 1583 818 1655 permista,
844 1580 1090 1653 dignosci
1121 1582 1383 1650 possunt?
1405 1580 1485 1634 Ad
1513 1579 1628 1635 haec
1658 1579 1850 1634 Petrus
1876 1596 1889 1632 :
1912 1578 2096 1645 Quod-

534 1675 682 1739 ilam,
716 1673 913 1743 inquit,
954 1672 1248 1742 capitulum
1301 1672 1354 1726 in
1396 1670 1595 1740 scripta
1636 1671 1751 1741 lege
1792 1670 2091 1728 secundum

2192 1564 2411 1634 ψευδέσι
2452 1568 2759 1639 μεμιγμένα
2805 1570 3100 1639 ἐπιγνῶναι
3137 1571 3252 1623 ἐστι
3296 1570 3545 1636 δυνατόν;
3594 1571 3705 1625 Καὶ
3734 1573 3767 1624 ό

2193 1656 2398 1729 Πέτρος
2429 1658 2531 1729 ἔφη
2554 1675 2568 1689 ·
2605 1660 2882 1732 Περικοπή
2900 1678 2983 1724 τις
3014 1661 3073 1715 ὲν
3097 1660 3175 1732 τῷ
3197 1661 3458 1732 γραφέντι
3483 1661 3631 1732 νόμῳ
3666 1679 3767 1732 με-

535 1764 627 1819 Dei
670 1763 1062 1835 providentiam
1115 1762 1408 1818 salubriter
1452 1752 1935 1817 commemoratum
1985 1769 2085 1826 est,

2191 1748 2259 1802 τὰ
2288 1750 2386 1821 τὴν
2408 1750 2453 1782 ⁸⁵
2484 1751 2578 1805 τοῦ
2608 1752 2742 1805 Θεοῦ
2789 1753 3042 1825 πρόνοιαν
3091 1754 3402 1817 ἀπταίστως
3450 1756 3767 1826 ἐπεμνημο-

534 1865 594 1912 ut
637 1857 783 1912 clare
826 1864 1127 1925 appareret,
1161 1868 1410 1924 quaenam
1461 1868 1492 1907 e
1521 1852 1738 1923 scriptis
1787 1867 1912 1907 vera
1961 1852 2089 1918 sint,

531 1963 779 2019 quamam
810 1947 965 2002 falsa.
990 1945 1054 2001 Et
1075 1945 1262 2018 Simon
1291 1963 1305 1999 :
1334 1943 1616 2011 Quodnam
1655 1943 1783 1999 illud
1813 1943 1903 2009 sit,
1935 1943 2091 1999 nobis

531 2041 732 2097 indica.

599 2151 786 2206 XLIX.
825 2150 1123 2221 Respondit
1158 2148 1349 2205 Petrus
1389 2168 1402 2203 :
1444 2147 1563 2203 Jam
1617 2149 1757 2205 dico.
1816 2146 2086 2217 Scriptum

527 2253 609 2297 cst
636 2243 689 2297 in
721 2244 897 2313 primo
924 2241 1060 2312 legis
1085 2239 1379 2305 volumine,
1412 2239 1554 2293 circa
1603 2237 1763 2292 ﬁnem
1793 2254 1808 2291 :
1846 2236 1965 2291 Non
1994 2238 2086 2291 de-

527 2335 919 2404 ﬁcietprinceps
946 2332 1011 2385 de
1038 2330 1204 2397 Iuda,
1224 2345 1382 2399 neque
1407 2329 1515 2382 dua:
1543 2328 1606 2381 de
1636 2329 1915 2397 femoribus
1937 2328 2085 2397 ejus;

525 2421 686 2475 donec
711 2421 882 2475 veniat
897 2420 1045 2487 cujus
1065 2427 1144 2471 est
1167 2427 1252 2471 :et
1268 2418 1375 2486 ipse
1421 2419 1737 2487 exspectatio
1790 2420 2017 2487 gentium
2036 2432 2083 2472 ει.

527 2512 582 2565 Si
621 2514 745 2581 quis
771 2526 901 2581 ergo
930 2526 1077 2576 eum,
1104 2509 1196 2579 qui
1218 2507 1364 2561 venit
1390 2516 1514 2577 post
1535 2506 1800 2564 defectum
1826 2509 2085 2578 principis

522 2621 587 2660 ac
615 2605 771 2661 ducis
799 2604 865 2659 de
905 2601 1063 2669 Juda,
1094 2602 1295 2672 quique
1325 2617 1354 2654 a
1402 2601 1652 2671 gentibus
1693 2604 2085 2671 exspectandus

525 2704 661 2760 erat,
685 2701 862 2763 potest
887 2706 1233 2763 cognoscere,
1262 2691 1350 2745 ille
1379 2692 1774 2760 percapitulum
1802 2700 1853 2746 et
1880 2708 1974 2762 per
1996 2710 2080 2759 ea,

525 2801 645 2855 qua:
670 2791 983 2849 evenerunt,
1015 2785 1275 2853 agnoscet
1306 2797 1491 2836 verum
1530 2797 1652 2837 esse
1686 2783 1836 2837 illum
1868 2785 1960 2854 qui
1993 2801 2075 2839 ve-

524 2878 623 2943 nit,
654 2876 813 2946 cujus
835 2874 1097 2931 doctrinae
1140 2874 1491 2944 acquiescens
1535 2874 1688 2941 sciet,
1734 2892 1979 2945 quaenam
2026 2879 2079 2932 in

528 2966 825 3037 Scripturis
856 2980 983 3020 vera
1016 2964 1124 3018 sint
1164 2973 1217 3018 et
1255 2978 1503 3033 quaenam
1534 2961 1690 3019 falsa.
1722 2966 1800 3019 Ac
1847 2966 2031 3021 Simon
2064 2990 2076 3023 :

520 3058 785 3129 Intelligo,
814 3056 959 3126 quod
989 3053 1175 3110 Jesum
1220 3063 1458 3109 vestrum
1500 3056 1636 3111 dicis
1668 3058 1824 3126 quasi
1860 3072 1891 3111 a
1930 3056 2078 3111 Scri-

2190 1840 2372 1913 νεύθη,
2403 1840 2529 1895 ὥστ’
2560 1843 2625 1896 ἂν
2660 1844 2846 1914 σαφῶς
2874 1846 3042 1910 δεῖξαι
3072 1846 3179 1900 τῶν
3208 1847 3602 1919 γεγραμμένων
3632 1851 3767 1906 ποῖά

2188 1932 2336 1985 ἐστιν
2365 1932 2558 2004 ἀληθῆ,
2593 1938 2721 1987 ποῖα
2755 1937 2811 1989 δὲ
2830 1936 3018 2009 ψευδῆ.
3053 1938 3161 1991 Καὶ
3191 1938 3218 1989 ό
3240 1938 3452 2009 Σίμων’
3484 1940 3581 2003 Τίς
3611 1941 3763 1995 ἐστιν

2188 2021 2345 2095 αῦτη,
2383 2026 2617 2096 μήνυσον
2652 2028 2804 2098 ἡμῖν.

2259 2135 2445 2193 XLIX.
2484 2140 2593 2192 Καὶ
2634 2141 2663 2192 ό
2710 2141 2911 2213 Πέτρος
2950 2140 3089 2212 ἔφη·
3133 2144 3341 2198 Αὐτίκα
3383 2144 3512 2216 ἐρῶ.
3548 2145 3761 2217 Γέγρα-

2187 2246 2317 2281 πται
2347 2230 2404 2281 ὲν
2433 2229 2512 2301 τῷ
2544 2230 2743 2303 πρώτῳ
2773 2232 2866 2286 τοῦ
2900 2234 3063 2305 νόμου
3098 2235 3284 2307 βιϐλίῳ
3308 2236 3443 2309 πρὸς
3459 2237 3502 2269 ⁸⁷
3529 2241 3639 2302 τοῖς
3665 2256 3762 2291 τε·

2185 2317 2467 2384 λευταίοις
2492 2324 2608 2377 Οὐκ
2625 2324 2887 2393 ἐκλείψει
2898 2325 3095 2395 ἄρχων
3112 2328 3179 2393 ἐξ
3205 2328 3414 2395 Ἰούδα,
3437 2331 3764 2401 οὐδὲὴγού-

2179 2429 2362 2480 μενος
2388 2414 2455 2466 ἐκ
2482 2413 2809 2484 τῶνμτιρῶν
2827 2419 3152 2486 αὐτοῦ,ἒως
3172 2420 3246 2474 ἂν
3273 2423 3419 2490 ἔλθῃ
3451 2422 3522 2476 οὗ
3555 2424 3747 2478 ἐστιν’

2184 2503 2282 2556 καὶ
2314 2504 2493 2570 αὐτὸς
2513 2507 2840 2573 προσδοκία
2864 2510 3071 2564 ἐθνῶν.
3106 2512 3228 2565 Ἐάν
3253 2531 3338 2577 τις
3358 2511 3450 2568 οῦν
3470 2514 3582 2579 τὸν,
3615 2522 3760 2587 μετά

2182 2594 2272 2647 τὸν
2313 2594 2360 2629 ⁸⁸
2406 2595 2465 2659 ἐξ
2508 2596 2677 2652 Ἰούδα
2730 2600 2968 2670 ἐκλεῖψαι
3010 2603 3243 2674 ἄρχοντα
3289 2606 3379 2659 καὶ
3429 2605 3755 2677 ἡγούμενον,

2182 2686 2473 2757 ἐληλυθότα
2539 2691 2631 2743 καὶ
2675 2691 2776 2744 ὑπὸ
2839 2692 3005 2746 ἐθνῶν
3053 2695 3445 2766 προσδοκᾶσθαι
3492 2698 3760 2768 μέλλοντα.

2182 2779 2368 2850 νοῆσαι
2400 2781 2617 2852 δυνηθῇ,
2648 2779 2800 2847 οὗτος
2843 2785 2940 2857 τὴν
2973 2788 3275 2859 περικοπὴν
3298 2790 3343 2820 ⁸⁹
3378 2790 3442 2842 ὲκ
3473 2789 3581 2843 τῶν
3612 2790 3760 2845 ἁπο-

2179 2871 2532 2925 τελεσθέντων
2584 2875 2758 2946 ἀληθῆ
2781 2876 2870 2929 τὸν
2896 2877 3187 2947 ἐληλυθότα
3221 2880 3377 2952 106
3416 2882 3709 2951 ἐπιγνῶναι
3731 2900 3752 2915 ⁶

2179 2957 2241 3016 οῦ
2287 2966 2353 3035 τῇ
2403 2964 2715 3038 διδασκαλίᾳ
2767 2968 3079 3039 πειθόμενος
3130 2972 3394 3040 γνώσεται
3456 2973 3577 3027 τίνα
3630 2975 3757 3031 ἐστὶ

2177 3053 2285 3107 τῶν
2313 3056 2544 3127 Γραφῶν
2573 3058 2640 3110 τὰ
2672 3058 2863 3130 ἀληθῆ,
2893 3061 3013 3115 τίνα
3044 3062 3100 3115 δὲ
3129 3063 3198 3116 τὰ
3233 3064 3421 3136 ψευδῆ.
3461 3066 3569 3119 Καὶ
3599 3068 3628 3120 ό
3661 3068 3754 3120 Σί-

519 3158 678 3216 ptura
708 3148 1089 3217 prophetatum
1118 3163 1131 3199 :
1165 3141 1219 3199 id
1245 3160 1374 3216 ergo
1406 3145 1480 3199 ita
1506 3145 1704 3200 habere
1727 3147 2075 3202 concedatur.

2184 3162 2297 3215 μων
2322 3163 2336 3176 ο
2371 3147 2598 3220 Συνίημι
2635 3150 2715 3202 ὅτι
2753 3151 2842 3204 τὸν
2886 3152 2932 3183 ⁸ο
2993 3152 3194 3224 Ἰησοῦν
3238 3148 3388 3227 ὑμῶν
3433 3158 3628 3226 λέγεις,
3672 3162 3755 3226 ὡς

518 3240 616 3294 Dic
649 3240 832 3310 itaque
876 3253 987 3309 quo
1018 3236 1179 3293 modo
1205 3252 1302 3292 vos
1330 3238 1573 3293 docuerit
1598 3238 1908 3294 discernere
1933 3238 2080 3294 Scri-

510 3340 727 3402 .pturas.

588 3505 649 3562 L.
690 3505 754 3561 Et
784 3505 976 3563 Petrus
1006 3524 1019 3559 :
1052 3504 1206 3571 Quod
1236 3521 1364 3561 vera
1394 3522 1518 3561 cum
1559 3506 1716 3563 falsis
1756 3509 1917 3565 mista
1962 3509 2077 3567 fue-

516 3598 645 3665 rint,
676 3596 897 3651 memini
929 3599 995 3651 ab
1022 3612 1106 3662 eo,
1127 3609 1251 3651 cum
1286 3595 1610 3653 Sadducaeos
1634 3610 1930 3667 accusaret,
1957 3602 2073 3658 dic-

516 3700 631 3745 tum
663 3690 736 3745 ita
765 3709 778 3744 :
810 3688 934 3743 Ideo
964 3690 1174 3753 erratis,
1199 3690 1478 3745 nescientes
1500 3708 1619 3746 vera
1649 3691 2071 3763 Scripturarum,

515 3791 725 3852 propter
771 3779 910 3850 quod
951 3780 1207 3850 ignoratis
1247 3781 1492 3834 virtutem
1538 3781 1632 3835 Dei
1671 3784 1721 3838 ι).
1782 3782 1837 3838 Si
1894 3769 2078 3840 autem,

515 3874 734 3945 objecit,
774 3888 869 3928 eos
894 3888 1023 3927 vera
1055 3871 1459 3942 Scripturarum
1503 3875 1733 3942 nescire,
1778 3876 1911 3933 falsa
1936 3894 2074 3948 quo-

512 3978 618 4034 que
667 3962 1071 4033 Scripturarum
1117 3977 1239 4018 esse
1285 3973 1522 4034 apparet.
1560 3962 1665 4020 Sed
1706 3976 1759 4021 et
1800 3968 2068 4027 dicendo:

512 4054 691 4109 Estote
739 4055 888 4125 probi
920 4055 1207 4125 trapezitw,
1257 4055 1530 4121 ostendit,
1574 4057 1626 4127 in
1677 4056 1971 4130 Scripturis
2019 4074 2072 4120 et

2178 3237 2339 3291 αὐτὸν
2397 3238 2501 3292 ὑπὸ
2572 3241 2670 3311 τῆς
2718 3241 2938 3313 Γραφῆς
2999 3248 3468 3316 προιιιδητευθέντα⁹
3519 3251 3756 3306 δεδόσθω

2175 3329 2458 3400 τοιγαροῦν
2491 3330 2662 3395 οὕτως
2694 3332 2855 3403 ἔχειν.
2890 3335 3028 3403 Λέγε
3064 3336 3259 3401 τοίνυν,
3301 3339 3418 3404 πῶς
3462 3342 3606 3412 ὑμᾶς
3630 3343 3755 3399 δια-

2176 3420 2377 3491 κρίνειν
2405 3422 2503 3487 τὰς
2527 3423 2748 3496 Γραφάς
2779 3426 3042 3495 ὲδίδαξεν;

2244 3511 2306 3567 L.
2349 3514 2457 3568 Καὶ
2501 3517 2529 3568 ὁ
2579 3516 2809 3589 Πέτροςσ
2849 3521 2970 3574 Ὅτι
3010 3522 3268 3593 μέμικται
3300 3524 3368 3579 τὰ
3413 3526 3583 3600 ἀληθῆ
3627 3532 3752 3594 τοῖς

2172 3605 2440 3676 ψευδέσιν,
2471 3610 2753 3682 μέμνημαί
2783 3631 2883 3667 που
2918 3615 3077 3668 αὐτὸν
3109 3615 3427 3689 αἰτιώμενον
3458 3621 3583 3684 τοὺς
3608 3620 3752 3677 Σαδ-

2172 3698 2450 3765 δουκαίους
2478 3703 2648 3756 εἰπεῖν
2672 3721 2685 3735 ο
2720 3706 2822 3759 Διὰ
2848 3706 3020 3760 τοῦτο
3047 3708 3377 3774 πλανᾶσθε,
3401 3711 3487 3781 μὴ
3517 3712 3750 3781 ειδότες

2172 3793 2243 3847 τὰ
2272 3793 2466 3863 ἀληθῆ
2500 3796 2615 3848 τῶν
2630 3796 2900 3865 Γραφῶν,
2930 3797 2999 3852 οὗ
3030 3799 3313 3853 "almam
3332 3802 3595 3872 ἀγνοεῖτε
3623 3803 3750 3867 τὴν

2170 3882 2423 3953 δύναμιν
2451 3886 2555 3939 τοῦ
2591 3888 2755 3941 Θεοῦ.
2789 3890 2851 3941 Εἰ
2891 3890 2948 3942 δὲ
2993 3891 3059 3944 τὰ
3086 3892 3256 3966 ἀληθῆ
3285 3894 3391 3949 τῶν
3418 3896 3649 3967 Γραφῶν
3671 3900 3745 3952 ἀ-

2170 3980 2341 4045 γνοεῖν
2369 3979 2562 4043 αὐτοὺς
2590 3979 3038 4052 ὑπέϐαλεν,δῆλον
3056 3983 3133 4047 ὡς
3162 3985 3327 4039 ὄντων
3353 3988 3579 4058 ψευδῶν.
3616 3989 3746 4044 Ἀλ-

2169 4069 2236 4123 λά
2266 4070 2360 4124 καὶ
2386 4072 2442 4124 ὲν
2474 4070 2552 4142 τῷ
2598 4072 2759 4143 φῆναι
2782 4089 2796 4103 °
2836 4073 3089 4129 Γίνεσθε
3138 4078 3463 4145 τραπεζῖται
3494 4080 3540 4112 ⁸⁸
3579 4082 3746 4136 δόκι-
3778 4066 3785 4079 ’

510 4147 713 4217 probos
758 4146 1024 4203 contineri
1066 4161 1343 4200 sermones
1360 4155 1414 4201 et
1444 4147 1792 4206 adulterinos.
1826 4152 2071 4225 Cumque

2184 4179 2283 4225 τοι,
2331 4163 2407 4225 ὡς
2437 4162 2673 4233 δοκίμων
2712 4163 2807 4217 καὶ
2860 4164 3127 4237 κιϐδήλων
3173 4168 3345 4238 λόγων
3387 4170 3574 4226 ὄντων.
3621 4174 3744 4229 Καὶ

511 4240 587 4293 ait
622 4261 633 4295 :
668 4238 844 4305 Quare
872 4257 974 4294 non
1005 4238 1296 4310 intelligitis
1319 4241 1455 4309 quod
1485 4241 1540 4295 in
1554 4240 1841 4314 Scripturis
1871 4249 2068 4303 rationi

2184 4251 2243 4323 τῷ
2275 4252 2321 4283 ⁸⁸
2369 4254 2539 4307 εἰπεῖν
2561 4270 2576 4284 ο
2634 4256 2737 4309 Διὰ
2768 4256 2825 4309 τι
2868 4258 2939 4311 οὐ
2969 4258 3159 4313 νοεῖτε
3204 4260 3270 4315 τό
3314 4262 3570 4333 εὔλογον
3612 4266 3746 4321 τῶν·

510 4346 794 4384 consonum
819 4333 934 4386 est?
983 4331 1278 4386 ﬁrmiorem
1326 4331 1501 4386 reddit
1543 4334 1783 4390 animum
1832 4338 2066 4397 hominis

2184 4342 2411 4413 Γραφῶγ
2448 4344 2588 4416 (77);
2644 4346 2983 4421 βεϐαιότερον
3017 4350 3112 4405 τοῦ
3161 4331 3495 4425 αὐθαιρέτως
3526 4355 3709 4425 εὖγνω
3738 4396 3743 4401 -

508 4421 860 4508 (ιυίῥεεῐιάὶιιε
886 4423 1341 4493 intelligere-vult.

567 4510 664 4567 ιι.
707 4511 861 4579 Quod
909 4524 1087 4579 autem
1153 4514 1552 4585 Seripturarum
1603 4521 1936 4591 propositum
1995 4527 2062 4582 ad

575 4699 603 4725 ι
637 4684 771 4742 Gen.
804 4702 949 4755 χιιι,
979 4688 1065 4743 10.
1144 4690 1171 4729 b
1201 4689 1387 4746 Matth.
1422 4711 1553 4759 xm,
1581 4694 1672 4750 ‘29.

2170 4432 2455 4504 μονοῦντος
2480 4436 2658 4509 τίθησι
2690 4438 2779 4492 τὸν
2811 4439 2934 4494 νοῦν
2967 4440 3032 4495 ⁸⁸.

2241 4523 2322 4581 LI.
2363 4527 2435 4580 Τὸ
2477 4529 2532 4582 δὲ
2582 4531 2673 4583 καὶ¹
2722 4530 2829 4584 τῶν
2878 4534 3105 4605 Γραφῶν
3139 4537 3496 4607 προκείμενον
3546 4539 3593 4572 ⁸⁸
3635 4541 3741 4597 ἐπὶ

1784 4857 2016 4913 νΑΒιιλΕ
2060 4861 2461 4919 LECTIONES.

577 4993 622 5026 ”
645 4989 953 5074 ὲμπρησθέν
975 4988 1077 5074 Ο.Λ
1104 4988 1412 5074 “Ma-lucem;
1427 4992 1488 5045 Ο.
1512 4990 1587 5047 Ita
1611 5001 1947 5074 constanter.
1960 4994 2095 5050 Tum
2123 4996 2522 5074 oﬁcwemavult
2679 4997 3047 5074 "M953é_qq_0
3076 5041 3090 5063 ,
3109 5002 3200 5072 qui
3229 5002 3423 5060 deinde
3437 5004 3736 5074 τυνχάνον-

504 5080 614 5119 ται.

723 5058 876 5144 ξστῆν
901 5076 1010 5144 om.
1036 5058 1080 5115 0
1097 5099 1124 5144 ι,
1156 5060 1250 5144 qui
1275 5071 1387 5115 tum
1412 5076 1517 5144 ser.
1542 5062 1765 5144 προνοίᾳ
1780 5064 2077 5144 ἀπταίστῳ,
2143 5068 2188 5106 ἰτ
2205 5058 2312 5144 πρό
2330 5069 2420 5144 Ο.Δ
2458 5068 2607 5144 δξτόν
2632 5083 2740 5123 om.
2778 5068 2840 5123 C.
2926 5058 3165 5128 uLocu's
3192 5058 3436 5130 mancus.
3468 5058 3729 5144 Su'ppleri

506 5142 681 5212 potest
714 5133 818 5187 hoc
832 5119 1005 5212 ’πηοᾶο
1042 5119 1377 5212 :_AU,\?ﬂG’€'Ct§t
1408 5119 1664 5212 οὖτος-διὰ
1679 5119 1779 5205 την
1812 5119 2141 5212 περικοπὴν,
2158 5155 2211 5191 κ.
2230 5119 2356 5212 ’ἔξλέ
2380 5119 2965 5212 εηιμὸάειῆἲήεᾞουω
3458 5119 3735 5199 ἐῖΓῆἓῖἧέ

506 5202 641 5257 nihil
680 5211 964 5271 corruptus
990 5209 1095 5261 est,
1135 5208 1295 5267 atque
1332 5202 1433 5255 hac
1470 5202 1681 5257 ratione
1706 5202 2023 5261 sanandus:
2055 5202 2264 5277 νοῆσαι·
2318 5208 2518 5311 δυνηθῇ

508 5273 548 5305 ³(
574 5274 662 5311 σφόν
687 5270 1024 5311 nrmmrmiait
1070 5269 1107 5311 ἓ
1204 5271 1246 5302 ⁸⁸
1263 5270 1355 5311 ττιῦ
1391 5270 1428 5311 .Q
1476 5288 1505 5311 ρ
1560 5272 1618 5311 ΠΙ
1676 5273 1793 5311 cina
1823 5275 1955 5311 nmhl
2034 5279 2353 5311 σηπίη-οἶσθ)θά

508 5273 548 5305 ⁵(
574 5274 662 5327 τόν
686 5269 1126 5344 ργωιεὶπιίςίιβ.
1204 5270 1355 5323 ⁸¹τοῦ
1391 5270 1445 5325 8.
1476 5288 1522 5326 e.
1560 5272 1638 5326 Cl.
1676 5273 1793 5327 sine
1823 5275 1976 5330 codd.
2032 5269 2372 5333 auctoritate.

2570 5203 2720 5283 οὗτος
2761 5212 2829 5281 τῇ
2856 5215 3125 5283 περικοπῇ
3156 5214 3218 5265 ὲκ
3240 5203 3368 5278 τῶν,
3404 5203 3458 5268 κ.
3490 5232 3540 5267 τ.
3572 5213 3619 5267 λ.
3654 5214 3719 5270 D.

2526 5277 2640 5333 'Ita
2672 5277 2717 5335 Ο
2772 5277 2828 5335 εἶ
2874 5277 2955 5347 8⁷,
3003 5277 3361 5353 τραπεζεῖται
3408 5285 3488 5341 CI.
3578 5284 3727 5356 ⁸³τῷ

503 5352 559 5412 S.
594 5351 638 5409 Ο
666 5394 680 5417 ,
705 5353 766 5406 τό
793 5351 854 5407 C.
951 5352 997 5383 “
1027 5346 1080 5404 ἵν
1106 5351 1181 5419 (id
1210 5359 1293 5406 est
1323 5350 1524 5423 ἱησοῦν)
1550 5355 1609 5404 υ.
1687 5352 1732 5385 ³⁸
1750 5354 2120 5425 προκειμένων
2146 5355 2207 5410 C.

1786 5503 2144 5561 VARIORUM
2179 5506 2408 5564 NOTAE.

544 5623 687 5701 _(77)
719 5624 829 5703 Διρ
845 5625 902 5677 τί
940 5626 1010 5681 οὐ
1057 5620 1241 5677 νοεῖτε
1292 5619 1354 5674 τὸ
1403 5620 1651 5687 εὔλογον
1706 5616 1827 5673 τῶν
1866 5618 2133 5686 Γραφῶν.
2165 5620 2336 5676 Verba
2366 5622 2646 5692 cujusdam
2691 5628 3007 5699 apocryphi.
3047 5627 3205 5684 Forte
3237 5628 3513 5703 Evangelii
3548 5631 3718 5693 Εὐίο-

508 5695 758 5751 sitarum.
789 5694 923 5750 Cor.
