4068 6338
332 312 433 373 με

1450 316 1913 375 CLEMENTINA.
1947 351 2019 364 --
2049 320 2332 380 HOMiI-JA
2365 323 2454 380 III.

3450 328 3546 383 Hii

328 437 671 507 γραμματεῖς
724 435 817 489 καὶ
858 434 1206 500 διδασκάλους
1244 434 1506 507 πέμπειν,
1546 436 1623 501 ὡς
1663 436 1757 493 τοῦ
1805 437 1885 494 δν-

1993 442 2199 497 scribas
2223 450 2277 497 et
2298 441 2547 497 doctores
2604 441 2829 499 remittit
2883 483 2900 510 ,
2938 443 3147 501 clarum
3168 455 3253 499 est
3280 444 3551 502 remittere

327 547 432 594 τως
462 530 510 561 ⁸⁸
542 528 704 600 νόμου
745 527 953 592 εἰδότας
989 528 1059 581 τὰ
1099 526 1291 599 ἀληθῆ,
1336 526 1495 600 δῆλόν
1525 528 1690 582 ἑστιν.
1724 530 1796 583 Τὸ
1837 530 1895 585 δὲ

327 624 418 677 καὶ
448 623 623 675 εἰπεῖν
648 619 811 675 αὐτόν
836 637 850 651 ·
886 622 1005 675 οὐκ
1047 620 1237 689 ἦλθον
1286 621 1616 676 καταλῦσαι
1657 620 1764 676 τὸν
1796 623 1896 677 νό-

323 731 459 784 μον,
506 712 602 767 καὶ
632 711 914 782 φαίνεσθαι
952 711 1114 765 αὐτὸν
1160 711 1509 778 καταλύοντα,
1544 713 1893 784 σημαίνοντος

326 801 412 876 ἦν,
444 804 548 868 ὅτι,
574 803 611 858 ἃ
640 803 950 868 κατέλυσεν,
981 802 1081 855 οὒκ
1127 798 1195 875 ἦν
1232 802 1326 856 τοῦ
1378 802 1562 875 νόμου.
1598 803 1671 857 Τὸ
1702 804 1759 858 δὲ
1799 806 1893 859 καὶ

327 899 496 950 εἰπεῖν
518 912 535 927 ο
573 896 636 949 '0
667 895 924 964 οὐρανὸς
948 894 1047 949 καὶ
1074 896 1113 964 τι
1145 894 1221 965 γῆ
1242 896 1732 964 παρελεύσονται,
1756 896 1894 952 ἰῶτα

325 987 390 1043 δὲ
423 985 465 1019 ⁸⁷
496 986 569 1042 ἐν
590 986 629 1054 ἦ
653 988 765 1059 μία
790 987 993 1055 κεραία
1016 987 1086 1041 οὺ
1105 985 1191 1056 μὴ
1219 986 1484 1059 παρέλθῃ
1512 987 1627 1043 ἀπὸ
1662 988 1767 1044 τοῦ
1793 989 1891 1044 νό-

321 1096 464 1151 μου’
499 1079 570 1134 τὰ
596 1080 702 1153 πρὸ
734 1078 960 1152 οὐρανοῦ
986 1080 1079 1133 καὶ
1108 1081 1209 1152 γῆς
1241 1080 1623 1154 παρερχόμενα
1653 1081 1890 1154 ὲσήμανε

328 1174 399 1244 μὴ
433 1172 565 1227 ὅντα
597 1172 692 1225 τοῦ
724 1172 893 1236 ὅντως
922 1170 1104 1244 νόμου.

392 1265 549 1334 107
581 1262 690 1318 LII.
742 1262 895 1317 Ἐπεὶ
932 1255 1025 1317 οὖν
1055 1262 1281 1335 οὐρανοῦ
1332 1263 1427 1319 καὶ
1470 1263 1572 1334 γῆς
1603 1262 1683 1317 ἔτι
1734 1281 1888 1318 συνε-

326 1354 543 1409 στώτων
574 1354 849 1427 παρῆλθον
884 1354 1080 1421 θυσίαι,
1115 1355 1397 1426 βασιλεῖαι,
1440 1357 1495 1409 αἱ
1529 1358 1586 1411 ὲν
1618 1360 1890 1429 γεννητοῖς

320 1445 589 1516 γυναικῶν
609 1448 953 1519 προφητεῖαι,
987 1448 1081 1502 καὶ
1098 1448 1200 1503 ὅσα
1227 1448 1272 1480 ⁸⁸
1292 1447 1533 1513 τοιαῦτα,
1555 1449 1630 1512 ὡς
1646 1449 1744 1502 οὐκ
1762 1448 1889 1503 ὄντα

318 1538 447 1592 Θεοῦ
469 1538 887 1610 προστάγματα,
910 1538 1059 1593 ἔνθεν
1089 1539 1219 1608 γοῦν
1242 1540 1390 1609 λέγει
1414 1557 1427 1570 ·
1464 1540 1639 1597 Πᾶσα
1655 1543 1885 1610 φυτεία,

323 1628 396 1697 ἦν
431 1632 545 1687 οὐκ
572 1630 904 1700 ἐφύτευσεν
935 1633 967 1686 ό
1018 1632 1216 1701 Πατὴρ
1258 1634 1289 1687 d
1322 1631 1616 1700 οὐράνιος,
1662 1632 1888 1701 ἐκριζω-

321 1722 581 1787 θήσεται.
615 1722 714 1776 Διὰ
743 1722 900 1776 τοῦτο
926 1722 1087 1785 αὐτὸς
1118 1724 1322 1796 ἀληθὴς
1353 1724 1427 1778 ὣν
1460 1726 1744 1798 προφήτης
1775 1725 1887 1778 ἔλε-

318 1832 408 1884 γεν
430 1832 446 1847 υ
492 1815 640 1885 Ἐγώ
664 1816 778 1885 ειμι
810 1816 848 1884 ἠ
881 1816 1041 1883 πύλη
1064 1814 1174 1884 τῆς
1209 1815 1355 1884 ζωῆς
1376 1834 1389 1846 ’
1423 1820 1456 1871 ό
1483 1815 1558 1870 δι’
1586 1816 1731 1886 ἐμοῦ
1764 1818 1889 1871 εἱσ-

314 1911 637 1979 ερχόμενος
671 1907 1001 1975 εἰσέρχεται
1049 1908 1135 1972 είς
1173 1905 1286 1976 τὴν
1315 1906 1466 1974 ζωήν
1487 1924 1500 1937 ο
1556 1908 1631 1971 ὡς
1661 1908 1761 1961 οὐκ
1798 1907 1888 1961 οῦ-

319 2018 417 2073 σης
446 2001 644 2071 ἑτέρας
674 2000 773 2070 τῆς
806 1998 995 2063 σώζειν
1022 1999 1323 2071 δυναμένης
1350 1999 1713 2064 διδασκαλίας.
1737 2001 1826 2054 Διὸ
1844 2002 1889 2034 ⁵⁸

316 2095 406 2148 καὶ
438 2094 569 2147 ὲδόα
596 2092 768 2161 λέγων
791 2109 805 2123 ·
837 2091 1014 2147 Δεῦτε
1044 2092 1192 2161 πρὸς
1212 2092 1290 2163 μὲ
1319 2092 1537 2159 πάντες
1567 2096 1621 2147 οἱ
1647 2092 1890 2148 κοπιῶν-

316 2204 429 2252 τες,
462 2184 762 2248 τουτέστιν,
804 2184 855 2237 oi
904 2183 1004 2255 τὴν
1054 2183 1307 2255 ἀλήθειαν
1357 2184 1642 2256 ζητοῦντες
1682 2186 1776 2238 καὶ
1814 2186 1887 2258 μὴ

317 2278 658 2350 εὑρίσκοντες
705 2277 895 2348 αὐτήν.
944 2276 1054 2330 Καὶ
1106 2276 1293 2331 πάλιν
1352 2276 1428 2331 Τὰ
1480 2276 1593 2347 ἐμὰ
1630 2279 1890 2347 πρόϐατα

320 2370 511 2424 ἀκούει
544 2368 590 2400 ⁸⁸
640 2367 752 2436 τῆς
798 2366 947 2438 ἐμῆς
984 2367 1207 2438 φωνῆς.
1246 2368 1356 2425 Καὶ
1393 2368 1575 2423 ἄλλοτε
1600 2386 1613 2399 ·
1654 2369 1889 2438 Ζητεῖτε

327 2460 423 2514 καὶ
447 2462 770 2530 εὑρίσκετε,
816 2460 893 2525 ὼς
927 2460 1002 2532 μὴ
1036 2460 1314 2533 προδήλως
1351 2460 1608 2534 κειμένης
1628 2462 1728 2535 τῆς
1755 2461 1887 2534 ἁλη-

327 2551 483 2616 θείας.

383 2645 512 2701 LIIl.
566 2644 730 2699 Ἀλλὰ
749 2645 843 2699 καὶ
870 2644 931 2712 ἐξ
958 2644 1201 2719 οὐρανῶν
1232 2645 1276 2678 ⁸⁸
1310 2645 1517 2719 μάρτυς
1545 2646 1695 2718 φωνὴ
1727 2645 1887 2716 ἡκού-

318 2738 414 2809 σθη
438 2737 709 2807 λέγουσα·
758 2738 943 2805 Οὗτός
980 2738 1149 2793 ἐστιν
1190 2740 1224 2793 d
1270 2739 1400 2805 Υἱός
1429 2755 1549 2808 μου
1581 2738 1625 2768 ⁸³
1668 2741 1701 2792 ό
1740 2739 1884 2807 ἁγα-

314 2828 529 2897 πητὸς,
577 2831 666 2897 είς
705 2828 778 2884 ὃν
826 2829 1156 2896 εὐδόκησα,
1201 2830 1413 2883 τούτου
1463 2829 1726 2884 ἀκούετε.
1774 2830 1885 2883 Καὶ

305 2920 444 2992 ’πρὸς
488 2920 700 2984 τούτοις
749 2920 1026 2974 ὲπιπλεῖον
1086 2921 1282 2984 αὐτοὺς
1330 2920 1376 2952 ⁸⁸
1441 2920 1884 2993 πεπλανημένους

315 3011 520 3081 ἐλέγξαι.
553 3012 723 3066 θέλων
754 3014 879 3076 τοὺς
922 3014 1225 3085 προφήτας,
1258 3012 1400 3084 παρ’
1431 3005 1504 3066 ὧν
1524 3012 1587 3083 δὴ
1640 3011 1886 3084 μεμαθη-

1996 542 2252 603 tanquam
2280 534 2348 589 ad
2377 548 2472 613 eos
2499 532 2594 604 qui
2636 550 2780 591 vera:
2806 535 2939 606 legis
2958 534 3554 610 veracognoscebantO.

1994 625 2148 693 Quod
2179 627 2342 682 etiam
2406 626 2522 698 ipse
2573 626 2693 684 ait:
2731 625 2855 681 Non
2899 627 3014 683 veni
3060 627 3254 682 solvere
3295 626 3456 697 legem
3493 625 3547 689 δ,

1991 728 2045 772 et
2071 726 2248 772 tamen
2278 718 2612 788 conspicitur
2639 720 2867 787 solvere,
2896 718 2949 773 id
2976 718 3330 790 signiﬁcantis
3358 726 3463 783 est,
3486 733 3553 773 ea

1991 823 2112 879 quae
2144 808 2304 864 solvit
2348 825 2457 864 non
2496 810 2820 880 pertinuisse
2862 808 2931 864 ad
2977 808 3172 880 legem.
3224 808 3330 864 Sed
3372 818 3427 865 et
3465 807 3551 864 di-

1990 901 2206 957 cendo:
2237 899 2435 956 Caelum
2460 910 2509 955 et
2535 909 2675 955 terra
2726 900 3047 969 transibunt,
3097 900 3186 955 sed
3236 902 3347 955 iota
3388 916 3553 955 unum

1991 1004 2083 1048 aut
2111 1009 2246 1049 unus
2287 1010 2420 1064 apex
2455 1010 2558 1048 non
2591 992 2880 1065 prateribit
2919 1010 2953 1047 a
2989 992 3097 1064 lege
3126 1003 3187 1059 c;
3242 991 3554 1049 manifestae

1990 1084 2085 1152 vit,
2110 1099 2248 1139 verte
2274 1084 2407 1156 legis
2433 1100 2540 1139 non
2568 1100 2689 1142 esse
2713 1085 2806 1142 illa
2834 1101 2956 1156 qua:
2978 1093 3106 1142 ante
3135 1085 3333 1140 etenim
3364 1093 3420 1140 et
3445 1094 3554 1140 ter-

1991 1191 2107 1231 ram
2135 1176 2483 1231 transierunt.

2061 1261 2169 1318 LII.
2209 1264 2437 1329 Quando
2471 1264 2633 1335 igitur
2656 1264 2796 1321 casio
2821 1276 2875 1322 et
2901 1273 3044 1320 terra
3075 1264 3253 1320 adhuc
3283 1264 3553 1320 stantibus

1989 1355 2321 1411 transierunt
2352 1355 2643 1422 sacrificia,
2670 1372 2858 1427 regna,
2883 1358 3199 1428 prophetiae,
3246 1371 3368 1428 quae
3413 1356 3553 1411 inter

1989 1455 2146 1503 natos
2174 1448 2485 1514 mulierum,
2518 1458 2570 1504 et
2595 1463 2717 1519 qua;
2744 1449 2829 1506 his
2863 1449 3081 1515 similia,
3111 1450 3267 1521 quasi
3296 1465 3419 1521 qua:
3439 1464 3552 1504 non

1988 1548 2171 1597 essent
2210 1538 2306 1595 Dei
2334 1540 2621 1607 mandata;
2655 1541 2780 1597 inde
2813 1557 2941 1614 ergo
2969 1542 3044 1597 ait
3075 1560 3089 1596 :
3124 1541 3306 1598 Omnis
3336 1542 3552 1611 planta-

1989 1634 2081 1700 tio,
2126 1649 2284 1704 quam
2334 1650 2436 1686 non
2467 1633 2721 1702 plantavit
2773 1634 2938 1689 Pater
2986 1634 3228 1702 cazlestis,
3255 1632 3553 1689 eradicabi-

1990 1738 2075 1781 tur
2106 1725 2155 1781 ά.
2216 1726 2442 1797 Propter
2492 1727 2594 1781 hoc
2631 1727 2765 1797 ipse,
2832 1742 2991 1782 verus
3044 1728 3331 1798 prapheta,
3369 1725 3551 1783 dixit:

1991 1819 2102 1889 Ego
2140 1835 2255 1873 sum
2281 1829 2437 1889 porta
2485 1820 2649 1873 vim:
2688 1820 2778 1889 qui
2806 1835 2896 1888 per
2924 1835 3004 1872 me
3044 1820 3249 1885 introit,
3282 1818 3466 1873 introit
3497 1817 3553 1871 in

1989 1910 2151 1962 vitam
2181 1920 2227 1975 ο,
2275 1908 2403 1978 quia
2449 1922 2556 1962 non
2617 1916 2702 1962 est
2744 1908 2853 1961 alia
2896 1907 3167 1975 doctrina,
3222 1923 3344 1978 qua:
3384 1908 3554 1977 possit

1989 2001 2199 2057 salvum
2225 2000 2423 2056 facere.
2469 1999 2736 2066 Quocirca
2775 2000 3067 2065 clamabat,
3103 2000 3330 2057 dicens:
3376 1999 3552 2063 Venite

1989 2091 2057 2144 ad
2082 2108 2182 2157 me,
2209 2108 2384 2145 omnes
2412 2092 2501 2161 qui
2558 2091 2811 2146 laboratis
2862 2092 2906 2158 τ,
2931 2095 3035 2149 hoc
3082 2101 3186 2160 est,
3218 2093 3311 2163 qui
3354 2091 3552 2162 quaeri-

1989 2182 2058 2237 tis
2086 2183 2389 2249 veritatem,
2436 2196 2537 2238 nec
2580 2182 2835 2239 invenitis
2876 2200 3017 2239 eam.
3050 2184 3116 2240 Et
3152 2185 3344 2240 iterum
3377 2203 3390 2238 :
3419 2183 3549 2240 Oves

1989 2291 2114 2330 mete
2163 2291 2336 2330 vocem
2384 2293 2550 2332 meam
2590 2277 2814 2331 audiunt
2859 2279 2905 2333 ⁸.
2936 2275 3005 2333 Et
3050 2277 3185 2333 alias
3240 2296 3255 2332 :
3316 2276 3551 2342 Quwrite

1986 2377 2036 2421 et
2100 2368 2369 2423 invenietis
2399 2369 2464 2435 h;
2514 2369 2661 2438 quod
2714 2369 2914 2429 veritas
2971 2370 3116 2426 clare
3165 2384 3276 2425 non
3327 2369 3399 2425 sit
3446 2380 3547 2438 po-

1987 2460 2111 2519 sita.

2055 2640 2187 2698 LIII.
2230 2641 2338 2699 Sed
2387 2651 2440 2699 et
2484 2642 2551 2699 de
2599 2641 2749 2698 ccelis
2786 2641 2941 2697 testis
2969 2657 3073 2697 vox
3103 2640 3288 2696 audita
3333 2650 3435 2708 est,
3465 2640 3549 2695 di.

1984 2749 2153 2792 cens:
2188 2735 2291 2791 llic
2328 2747 2404 2791 est
2448 2734 2622 2790 Filius
2676 2752 2818 2791 meus
2864 2734 3107 2801 dilectus,
3166 2735 3219 2787 in
3270 2749 3370 2804 quo
3417 2733 3548 2787 milii

1984 2826 2317 2896 complacui:
2368 2828 2541 2898 ipsum
2570 2828 2748 2883 audite
2797 2829 2841 2881 ί.
2906 2826 2974 2881 Et
3021 2827 3199 2882 adhuc
3238 2825 3412 2896 magis
3452 2824 3549 2882 de-

1983 2929 2289 2976 monstrare
2314 2921 2502 2977 volens
2553 2923 2704 2992 ipsos
2751 2920 3041 2991 prophetas
3081 2933 3314 2981 errasse,
3362 2933 3391 2973 a
3423 2918 3547 2988 qui-

1983 3014 2085 3070 bus
2106 3030 2162 3069 se
2175 3015 2430 3070 didicisse
2457 3014 2815 3079 aﬂirmahant,
2839 3028 2934 3068 eos
2952 3020 3199 3068 mortuos
3222 3025 3344 3066 esse
3370 3010 3424 3065 in
3452 3010 3548 3065 de-

314 3105 460 3157 κέναι
488 3104 791 3171 ἐϐεϐαίουν,
820 3105 1217 3177 ἐπιθυμοῦντας
1249 3105 1504 3176 ἀληθείας
1550 3106 1644 3158 καὶ
1679 3105 1753 3175 μὴ
1785 3123 1880 3177 με·

1985 3107 2181 3163 siderio
2198 3116 2251 3163 et
2266 3122 2373 3162 non
2390 3107 2442 3161 in
2465 3106 2772 3178 cognitione
2786 3105 3028 3161 veritatis
3049 3102 3439 3174 pronuntiavit,
3462 3102 3549 3159 his

317 3197 622 3269 μαθηκότας
647 3197 1071 3268 τελευτήσαντας
1094 3196 1405 3270 ἀπεφήνατο
1431 3194 1623 3249 εἰπών·
1654 3197 1882 3251 Πολλοὶ

314 3289 605 3360 προφῆται
634 3289 732 3343 καὶ
754 3289 1034 3355 βασιλεῖς
1063 3289 1447 3359 ἐπεθύμησαν
1478 3288 1624 3343 ἰδεῖν
1649 3289 1689 3343 ἅ
1715 3289 1883 3358 ὑμεῖς

310 3381 585 3445 βλέπετε,
612 3381 709 3435 καὶ
737 3381 995 3436 ἀκοῦσαι
1019 3380 1057 3433 ἄ
1080 3380 1250 3450 ὑμεῖς
1275 3381 1551 3446 ἀκούετε,
1581 3380 1679 3436 καὶ
1722 3380 1884 3451 ἀμὴν

312 3472 455 3541 λέγω
481 3472 648 3543 ὑμῖν,
683 3472 819 3527 οὔτε
848 3471 1008 3527 εἶδον
1036 3472 1101 3536 ⁵⁵,
1135 3472 1270 3527 οὔτε
1298 3472 1588 3542 ἥκουσαν.
1626 3474 1747 3526 Ἔτι
1778 3473 1882 3544 μὴν

312 3564 511 3634 ἔλεγεν·
572 3563 718 3634 Ἐγώ
737 3568 854 3635 ειμι
879 3564 1011 3634 περὶ
1045 3564 1117 3620 οὗ
1150 3564 1413 3635 Μωϋσῆς
1438 3564 1884 3634 προεφήτευσεν

310 3656 515 3712 εἰπών’
564 3656 884 3727 Προφήτην
926 3656 1111 3727 ἐγερεῖ
1148 3656 1192 3688 ⁸⁸
1244 3656 1385 3727 ὑμῖν
1420 3659 1633 3726 Κύριος
1667 3659 1701 3712 ό
1726 3659 1885 3729 108

314 3748 445 3816 Θεὸς
473 3747 670 3819 ἡμῶν,
686 3748 754 3803 ἐκ
777 3748 893 3803 τῶν
918 3748 1193 3818 ἀδελφῶν
1210 3750 1395 3820 ὑμῶν,
1418 3749 1619 3819 ὥσπερ
1634 3751 1730 3804 καὶ
1757 3751 1880 3821 ἐμὲ,

312 3840 485 3895 αὐτοῦ
514 3840 763 3894 ἀκούετε
783 3840 931 3894 κατὰ
948 3839 1157 3894 πάντα·
1191 3840 1258 3907 ὃς
1282 3840 1359 3895 ἂν
1387 3841 1455 3895 δὲ
1480 3841 1524 3873 ⁵⁸
1545 3842 1631 3912 μὴ
1650 3843 1882 3916 ἀκούσῃ

310 3932 408 3986 τοῦ
444 3930 757 4002 προφήτου
784 3932 1036 3996 ἐκείνου,
1067 3932 1462 3988 ἀποθανεῖται.

370 4043 506 4100 LIV.
552 4045 716 4099 Ὅθεν
742 4044 999 4099 ἀδύνατόν
1024 4046 1171 4098 ἐστιν
1198 4046 1325 4100 ἄνευ
1374 4046 1473 4117 τῆς
1505 4046 1695 4102 τούτου
1739 4048 1883 4101 διδα-

312 4136 531 4198 σκαλίας
546 4136 775 4210 ἀληθείᾳ
790 4136 1034 4209 σωζούσῃ
1054 4138 1360 4209 ἐπιστῆναι,
1379 4138 1481 4191 κᾶν
1506 4140 1597 4193 τὸν
1616 4140 1787 4195 αίῶνά
1799 4159 1882 4205 τις

312 4232 463 4303 ζητῇ,
483 4231 618 4286 ἔνθα
632 4231 695 4283 τὸ
714 4230 1039 4302 ζητούμενον
1059 4231 1160 4284 οὐκ
1181 4230 1325 4286 ἐστιν
1342 4248 1357 4261 ο
1391 4227 1457 4303 ἦν
1472 4232 1529 4285 δὲ
1547 4234 1643 4286 καὶ
1665 4233 1808 4287 ἐστιν
1823 4236 1879 4287 ὲν

310 4322 382 4392 τῷ
395 4322 573 4395 Ἰησοῦ
587 4322 743 4393 ἡμῶν
761 4323 920 4393 λόγῳ.
946 4322 1093 4394 Πλὴν
1135 4322 1342 4394 τάληθῆ
1356 4324 1397 4355 ⁸⁷
1423 4324 1517 4378 τοῦ
1536 4325 1699 4397 νόμου
1728 4326 1881 4391 εἰδὼς

313 4413 681 4477 Maenala;
728 4414 1174 4484 πυνθανομένοις,
1215 4415 1334 4468 καθ’
1367 4415 1427 4469 ὃν
1452 4416 1609 4485 λόγον
1641 4418 1879 4490 Μωῦσῆς

314 4506 445 4559 ἕτετά
472 4504 846 4577 συνεχώρησεν
873 4509 1088 4576 γαμεῖν,
1124 4506 1229 4577 ἔφη
1252 4524 1265 4537 ·
1300 4507 1560 4575 Μωῡσῆς
1586 4509 1735 4562 κατὰ
1764 4510 1876 4577 τὴν

316 4597 790 4667 σκληροκαρδίαν
826 4597 990 4669 ὑμῶν
1032 4598 1360 4668 ἐπέτρεψεν
1395 4599 1555 4669 ὑμῖν.
1592 4601 1717 4656 Ἀπ’
1768 4604 1872 4670 ἁρ-

318 4689 425 4757 χῆς
443 4691 554 4759 γὰρ
580 4690 764 4758 οὕτως
786 4692 896 4745 οὐκ
921 4689 1173 4760 ἐγένετο.
1210 4692 1271 4745 '0
1292 4692 1401 4761 γὰρ
1429 4693 1639 4759 κτίσας
1659 4693 1758 4747 ἀπ’
1780 4694 1875 4762 ἀρ-

321 4780 426 4847 χῆς
449 4781 557 4838 τὸν
582 4782 911 4851 ἄνθρωπον,
937 4782 1121 4855 ἄρσεν
1151 4782 1250 4839 καὶ
1276 4784 1431 4855 θῆλυ
1462 4784 1748 4855 ἐποίησεν
1776 4788 1875 4842 αὺ-

320 4875 434 4929 τόν.

387 5020 410 5047 ι
432 5007 613 5064 Matth.
650 5026 806 5074 χχιιι,
837 5010 891 5067 2.

389 5077 416 5116 δ
442 5080 631 5135 Matth.
666 5097 720 5146 ν,
748 5081 835 5136 1⁸⁷.

389 5148 622 5221 ξμαιιιι.
659 5167 810 5204 xxuv.
852 5152 955 5221 35;
987 5168 1041 5220 ν,
1077 5153 1158 5211 18.

387 5215 411 5253 ⁴
434 5218 618 5275 Matth.
651 5237 743 5284 xv,
782 5222 869 5277 15.

390 5299 412 5327 ε
436 5287 589 5346 Joan.
618 5308 675 5357 ι,
715 5292 769 5347 9.

395 5357 412 5396 τ
440 5357 622 5415 Matth.
643 5378 722 5428 ιι,
754 5361 847 5419 28.

1983 3200 2161 3256 verbis
2196 3218 2212 3253 ι
2251 3198 2408 3252 Multi
2455 3199 2717 3268 prophetis
2757 3207 2807 3252 et
2865 3213 3005 3267 reges
3056 3196 3329 3266 cupierunt
3374 3196 3546 3250 videre

1981 3310 2098 3364 qua
2135 3308 2221 3346 vos
2246 3291 2430 3345 videtis
2461 3302 2510 3345 et
2537 3291 2722 3344 audire
2749 3305 2865 3360 qua:
2900 3305 2987 3344 vos
3027 3288 3224 3343 auditis
3254 3303 3273 3341 .'
3314 3295 3364 3341 et
3393 3303 3542 3342 amen

1981 3385 2099 3438 dico
2129 3384 2292 3447 vobis,
2323 3400 2483 3453 neque
2511 3384 2752 3437 viderunt
2800 3397 2960 3451 neque
3010 3380 3291 3435 audierunt
3324 3377 3370 3433 ἱ.
3400 3378 3546 3434 Dixit

1981 3487 2237 3547 praeterea
2267 3494 2280 3529 :
2318 3474 2430 3545 Ego
2461 3492 2577 3528 sum
2614 3476 2678 3527 de
2714 3490 2813 3545 quo
2858 3473 3062 3543 Moyses
3088 3474 3436 3543 prophetavit,
3458 3473 3543 3525 di-

1984 3586 2100 3623 cens
2144 3583 2163 3622 :
2208 3567 2528 3635 Prophetam
2575 3564 2845 3619 suscitabit
2899 3565 3039 3618 vobis
3092 3563 3349 3618 Dominus
3403 3563 3541 3617 Deus

1985 3671 2156 3714 noster
2180 3676 2244 3713 ea:
2271 3658 2527 3728 fratribus
2570 3658 2783 3722 vestris,
2814 3657 2953 3710 sicut
2986 3672 3097 3720 me;
3124 3657 3295 3725 ipsum
3333 3657 3391 3708 iu
3429 3670 3541 3708 om-

1982 3753 2134 3807 nibus
2176 3751 2377 3805 audite.
2420 3750 2526 3814 Qui
2585 3759 2760 3803 autem
2812 3764 2913 3802 non
2963 3748 3195 3803 audierit
3235 3747 3541 3817 prophetam

1981 3842 2154 3907 illum,
2186 3842 2439 3897 morietur
2464 3840 2510 3895 κ.

2051 4043 2183 4100 LIV.
2222 4042 2401 4111 Quare
2444 4041 2776 4113 imposibile
2806 4050 2906 4109 est,
2940 4057 3058 4097 sine
3090 4042 3261 4112 ipsius
3293 4042 3540 4098 doctrina

1980 4137 2270 4194 salutiferae
2320 4137 2569 4191 insistere
2620 4135 3128 4205 veritati,quamvis
3170 4135 3223 4189 in
3276 4144 3539 4190 aeternum

1979 4231 2104 4301 quis
2135 4238 2363 4301 quaerat,
2396 4228 2484 4283 ubi
2510 4228 2655 4296 quod
2688 4228 2947 4297 quieritur
2980 4243 3088 4282 non
3114 4229 3382 4294 consistit,
3406 4243 3538 4283 con-

1985 4321 2125 4376 stitit
2168 4330 2348 4376 autem
2399 4330 2451 4376 et
2492 4320 2743 4376 consistit
2776 4321 2829 4374 in
2880 4318 3008 4382 Iesu
3042 4320 3212 4374 nostri
3264 4336 3534 4375 sermone.

1982 4417 2165 4484 Itaque
2196 4430 2319 4469 cum
2364 4414 2526 4470 sciret
2568 4429 2693 4468 vera
2740 4413 2894 4484 legis,
2944 4412 3253 4468 Sadducteis
3302 4412 3536 4468 interro-

1979 4506 2251 4577 gantibus,
2297 4522 2404 4575 qua
2446 4505 2659 4561 ratione
2701 4503 2913 4577 Moyses
2961 4504 3362 4559 matrimonium
3409 4519 3532 4559 cum

1975 4605 2175 4664 septem
2210 4595 2531 4650 contrahere
2571 4594 2944 4665 permisisset,
2980 4593 3299 4665 respondit:
3330 4592 3533 4663 Moyses

1976 4689 2043 4742 ad
2065 4688 2318 4741 duritiam
2347 4696 2573 4741 vestram
2614 4688 2851 4758 permisit
2894 4686 3056 4741 vobis.
3098 4686 3177 4740 Ab
3216 4686 3368 4741 initio
3399 4671 3557 4739 enim~

1972 4781 2195 4851 nonfuit
2217 4780 2311 4835 sic.
2337 4778 2441 4845 Qui
2465 4780 2602 4833 enim
2627 4779 2689 4833 ab
2713 4780 2867 4834 initio
2889 4781 3080 4837 creavit
3108 4780 3537 4847 hominem,mass

1973 4873 2149 4928 culum
2174 4881 2223 4927 et
2253 4872 2501 4943 feminam
2522 4872 2645 4942 fecit
2667 4888 2785 4933 cum
2813 4869 2857 4928 ι’.

2048 5010 2079 5049 ι
2106 5005 2260 5061 Joan.
2294 5023 2347 5071 ι,
2369 5006 2458 5059 27ι

2046 5076 2070 5115 δ
2095 5076 2283 5129 Matth.
2307 5091 2406 5142 vn,
2441 5076 2492 5130 7.

2048 5150 2061 5186 i
2106 5146 2294 5201 Matth.
2327 5161 2463 5213 xvu,
2493 5146 2546 5200 5.

2043 5218 2071 5265 ir
2095 5216 2284 5271 Matth.
2325 5230 2448 5272 xm.
2474 5216 2577 5282 I7;
2603 5214 2735 5270 Luc.
2766 5231 2822 5280 ι,
2852 5215 2941 5272 24.

2044 5288 2077 5327 κ
2101 5285 2259 5341 Joan.
2287 5302 2342 5354 v,
2367 5287 2466 5351 46;
2492 5286 2611 5342 Act.
2651 5301 2733 5352 ιιι,
2766 5285 2857 5341 22.

2043 5356 2060 5395 1
2090 5357 2281 5413 Matth.
2312 5356 2581 5423 “11,25;
2604 5372 2716 5422 xut,
2747 5356 2801 5423 8,
2825 5357 2879 5415 4.

1596 5519 1678 5575 VA
1688 5518 1829 5574 BHE
1872 5515 2272 5574 LECTIONES.

414 5720 630 5792 οὐρανοῦ
654 5725 715 5777 0.

326 5779 367 5841 θ
388 5826 405 5856 .-
427 5779 486 5845 in'
503 5793 656 5863 cujus
682 5810 875 5864 marg:
892 5779 1143 5849 monetur
1167 5779 1194 5846 ἶ
1213 5794 1339 5849 νόθα
1365 5794 1501 5849 κατὰ
1526 5779 1707 5869 νομου.

390 5647 435 5738 "_
448 5650 590 5738 ξντος
602 5652 694 5738 βλ
757 5651 875 5738 ⁸⁷
907 5650 1040 5738 add.
1229 5653 1319 5738 ﬂ"
1337 5654 1437 5738 ὅσα
1463 5653 1660 5738 escidit
1680 5656 1858 5738 apag!
1910 5668 1963 5738 et
1984 5659 2041 5715 S.
2077 5660 2162 5738 ⁵⁸⁸
2185 5660 2254 5738 δι’
2277 5661 2306 5713 ὃ
2326 5660 2394 5738 9.
2422 5661 2556 5738 πρὸς
2586 5659 2654 5738 μέ
2682 5676 2789 5738 om:
2832 5658 2917 5738 ΟΖ.
2972 5653 3435 5738 ⁶⁰Ιά2ιούοχσιί8ξ⁸φ
3459 5653 3523 5738 9:

827 5661 876 5754 Ξξ
907 5661 1030 5707 add.
1067 5667 1115 5706 c.
1145 5661 1209 5738 ρ.
1250 5661 1319 5741 ’³⁸
1337 5661 1437 5708 ὅσα
1463 5661 1660 5738 excidit
1680 5671 1767 5727 ap.
1795 5661 1858 5711 Cl
1910 5668 1963 5715 et
1984 5661 2041 5715 S.
2119 5661 2162 5691 ⁸⁸
2185 5661 2254 5716 δι’
2277 5661 2306 5713 ὃ
2334 5661 2394 5715 C.
2422 5661 2556 5764 πρὸς

894 5738 994 5793 μου
1018 5724 1047 5775 ὁ
1070 5722 1197 5787 Υἱος
1226 5723 1292 5797 μ.
1382 5724 1578 5797 “seu;
1604 5727 1666 5779 0.
1741 5726 1879 5784 “Ita
1911 5731 1952 5783 Ο
1996 5747 2043 5786 c.
2076 5729 2114 5784 S
2143 5770 2156 5797 ,
2190 5731 2296 5786 ἴδον
2320 5729 2379 5786 C.
2482 5731 2555 5783 ’ὲ

2482 5731 2503 5763 ⁸
2531 5722 2713 5802 ἐγείρη
2750 5732 2807 5785 0.
2875 5728 3023 5782 “xui
3055 5730 3114 5782 Ο.
3194 5722 3333 5781 ⁸⁷τᾶ
3356 5722 3543 5795 ἀληθῆ,
