4068 6338
496 306 594 364 M7

1358 296 1416 352 Β.
1452 289 1842 353 CLEMENTIS
1872 288 1897 345 ι
1924 284 2094 344 ΕΟΜ.
2132 279 2332 342 ΡΟΝΤ.
2365 275 2592 336 ΟΡΕΒΔ
2620 274 2848 332 DUBIA.

3613 245 3728 319 iis-

567 419 677 478 LV.
719 419 792 480 lis
830 431 959 473 vero
1012 414 1107 487 qui
1177 410 1529 477 arbitrantur,
1595 403 2050 478 quemadmodum

2220 393 2330 452 LV.
2371 394 2496 457 Τοῖς
2539 391 2596 446 δὲ
2627 389 2955 461 νομίζουσιν,
2986 383 3062 447 ὡς
3088 382 3146 437 αι
3187 378 3398 452 Γραφαὶ
3434 375 3716 431 διδάσκου-

497 517 693 570 doceut
741 509 1056 580 Scriptum,
1095 505 1264 561 Deum
1315 505 1522 576 iurare,
1574 500 1748 556 dicit:
1784 495 1865 553 Sit
1884 511 2053 550 sermo

496 617 685 671 vester,
711 611 810 667 est,
837 610 952 667 est;
985 609 1036 655 et
1071 615 1207 664 non,
1239 613 1374 662 non;
1411 593 1552 666 quod
1582 593 1721 647 enim
1763 590 1845 646 liis
1885 587 2054 642 abun-

498 697 714 754 dantius
746 704 845 759 est,
872 710 903 746 a
939 691 1079 746 malo
1099 700 1174 745 est
1198 700 1247 744 ι.
1305 687 1372 742 Ει
1404 686 1470 742 iis
1501 684 1592 756 qui
1645 683 1857 748 dicunt,
1884 679 2056 733 Abra-

499 789 742 852 hamum,
774 785 1020 840 Isaacum
1070 791 1125 836 et
1169 780 1430 836 Iacobum
1479 791 1600 832 esse
1640 783 1910 840 mortuos,
1938 771 2051 826 ait:

501 875 624 934 Non
651 884 728 930 est
759 875 898 930 Deus
929 881 1276 936 mortuorum,
1301 867 1390 923 sed
1418 866 1695 922 viventium
1721 863 1772 920 δ.
1830 863 1902 918 Iis
1959 875 2058 916 au-

498 978 606 1025 tem
634 969 726 1039 qui
766 965 932 1021 Deum
974 969 1166 1034 putant
1200 975 1322 1016 esse
1365 966 1706 1022 tentatorem,
1739 955 1879 1011 sicut
1906 952 2058 1007 aiunt

499 1059 813 1130 Scriptura},
870 1055 1000 1113 dicit
1031 1062 1352 1111 teutatorem
1385 1063 1506 1108 esse
1546 1047 1840 1112 diabolum,
1875 1045 1968 1116 qui
2003 1051 2059 1099 et

499 1149 726 1206 tentavit
752 1163 899 1205 eum'
946 1145 1019 1201 Iis
1050 1159 1177 1200 vero
1217 1142 1312 1213 qui
1359 1140 1527 1196 Deum
1557 1138 1904 1208 suSpicantur
1945 1150 2058 1190 non

496 1241 774 1313 praescire,
827 1238 947 1294 iniit
993 1256 1006 1296 :
1047 1235 1157 1291 Scit
1215 1235 1352 1290 enim
1383 1231 1548 1286 Pater
1595 1239 1761 1285 vester
1810 1229 2056 1296 cwlestis,

499 1335 623 1402 quia
643 1333 723 1386 Itis
743 1331 980 1386 omnibus
1003 1328 1268 1400 indigetis,
1307 1337 1583 1396 antequam
1604 1325 1794 1394 petatis
1846 1338 1963 1376 eum
2006 1333 2055 1376 ο.

499 1424 568 1480 Et
593 1425 659 1481 iis
686 1423 779 1494 qui
816 1423 971 1494 juxta
1003 1420 1313 1490 Scripturas
1337 1418 1567 1476 credunt
1598 1415 1770 1472 Deum
1801 1430 1911 1470 non
1939 1429 2058 1470 om-

500 1519 590 1572 nia
626 1530 847 1572 cernere
876 1533 891 1568 :
931 1513 1115 1578 Orate,
1141 1511 1339 1581 inquit,
1367 1511 1424 1564 in
1453 1507 1780 1575 abscondito,
1817 1517 1868 1562 et
1897 1507 2059 1562 Pater

498 1617 684 1673 vester,
716 1606 806 1676 qui
837 1603 975 1658 videt
1004 1600 1331 1665 abscondita,
1359 1597 1535 1652 reddet
1561 1597 1704 1652 uobis
1741 1593 1791 1648 (ι.

2155 505 2258 552 σιν,
2289 489 2369 542 ὃτι
2395 489 2423 542 ὀ
2447 484 2580 550 Θεὸς
2607 481 2817 555 ὀμνύει,
2838 479 2942 551 ἔφη
2955 495 2975 525 θ
2991 479 3186 532 Ἔστω
3199 471 3366 543 ὑμῶν
3383 469 3445 523 τὸ
3460 468 3582 534 ναί,
3594 468 3718 533 ναί,

2153 579 2252 634 καὶ
2277 578 2324 612 ⁸⁸
2348 577 2413 634 τὸ
2446 576 2540 642 οῦ,
2574 575 2646 631 οὔ
2669 591 2683 606 ·
2718 571 2783 628 τὸ
2814 571 2926 643 γὰρ
2947 565 3240 638 περισσὸν
3261 563 3486 618 τούτων
3512 561 3580 616 ἐκ
3611 560 3721 616 τοῦ

2154 671 2417 741 πονηροῦ
2447 669 2636 725 ἐστιν.
2657 667 2769 722 Καὶ
2810 667 2922 728 τοῖς
2947 662 3192 732 λέγουσιν
3229 659 3310 712 ὅτι
3354 654 3600 728 Ἀϐραὰμ
3625 654 3723 709 καὶ

2166 764 2351 819 Ἰσαὰκ
2383 764 2475 818 καὶ
2507 762 2552 796 ⁸⁸
2592 758 2784 816 ἰακὼσ
2813 758 3082 813 ἀπέθανον
3100 753 3170 817 ⁷⁸,
3197 751 3301 822 ἔφη
3324 765 3341 782 ·
3405 750 3525 802 Οὐκ
3549 748 3725 800 ἐστιν

2157 858 2302 926 Θεὸς
2329 855 2574 926 νεκρῶν,
2617 853 2779 910 ἀλλὰ
2820 850 3064 912 ζώντων.
3100 848 3224 909 Τοῖς
3251 844 3308 898 δὲ
3339 841 3602 913 οἰομένοις
3641 840 3723 894 ὅτι

2153 952 2182 1004 ὁ
2210 949 2342 1014 Θεδς
2368 948 2634 1020 πειράζει,
2663 946 2738 1010 ώς
2768 945 2824 998 αἱ
2856 941 3067 1015 Γραφαὶ
3097 938 3366 1006 λέγουσιν,
3396 933 3527 1004 ἔφη·
3563 933 3592 986 ὁ
3628 948 3726 986 πο-

2154 1041 2315 1112 νηρός
2330 1041 2492 1094 ἐστιν
2527 1042 2556 1094 ὁ
2586 1035 2879 1110 πειράζων,
2913 1037 2941 1088 ὁ
2967 1034 3061 1088 καὶ
3101 1030 3261 1086 αὐτὸν
3290 1027 3584 1098 πειράσαςο
3612 1027 3728 1087 τοῖς

2153 1133 2282 1188 es“
2328 1131 2815 1205 ὑπολαμϐάνουσιν,
2861 1129 2941 1181 ὅτι
2984 1128 3013 1180 ὁ
3054 1125 3186 1188 Θεὸς
3234 1123 3294 1176 οὐ
3343 1117 3726 1193 προγινώσκει,

2156 1224 2260 1296 ἔφη
2281 1241 2297 1257 σ
2336 1224 2469 1280 Οἵδε
2498 1223 2610 1294 γὰρ
2659 1225 2693 1279 ὁ
2740 1219 2941 1289 Πατὴρ
2976 1217 3144 1288 ὑμῶν
3169 1216 3216 1248 τ’
3258 1217 3291 1268 ὀ
3335 1211 3612 1280 οὐράνιος
3639 1209 3728 1262 ὅτι

2154 1315 2392 1386 χρῄζετε
2422 1317 2645 1370 τούτων
2669 1313 2966 1377 ἁπάντων,
3003 1310 3146 1379 πρὶν
3185 1307 3372 1364 αὐτὸν
3417 1298 3726 1371 ἁξιιὶισετε.

2156 1409 2282 1473 Τοῖς
2322 1407 2380 1464 δὲ
2419 1406 2785 1474 πιστεύουσιν,
2827 1405 2902 1468 ὡς
2933 1404 2990 1459 αἱ
3023 1402 3180 1472 109
3207 1400 3421 1474 Γραφαὶ
3458 1397 3730 1467 λέγουσιν,

2154 1499 2236 1554 ὃτι
2267 1499 2342 1572 μὴ
2373 1499 2550 1553 πάντα
2581 1498 2786 1570 βλέπει,
2819 1496 2923 1567 ἔφη
2949 1497 3024 1528 ’³ο
3069 1494 3172 1548 Ἐν
3215 1491 3294 1558 τῷ
3345 1488 3585 1560 κρυπτῷ
3628 1488 3730 1542 εὖ·

2155 1584 2357 1660 χεσθε,
2388 1587 2506 1646 εἶπε
2533 1592 2599 1657 ⁷⁵,
2634 1591 2732 1644 καὶ
2777 1593 2810 1646 ὀ
2844 1587 3047 1657 Πατὴρ
3081 1586 3268 1657 ὑμῶν,
3303 1587 3336 1640 ὁ
3371 1581 3623 1650 βλέπων
3660 1579 3734 1634 τὰ

2155 1684 2405 1754 κρυπτὰ,
2447 1681 2744 1740 ἀποδώσει
2767 1681 2926 1753 ὑμῖν.

569 1779 704 1837 LVI.
753 1777 1204 1835 Existimantibus
1253 1789 1414 1845 porro
1467 1773 1638 1830 Deum
1667 1788 1779 1829 nou
1810 1789 1932 1829 esse
1958 1773 2057 1828 ho-

2229 1775 2362 1831 LVI.
2402 1776 2526 1839 Τοῖς
2559 1775 2615 1828 δὲ
2647 1775 2910 1846 οἰομένοις
2940 1772 3101 1826 αὑτὸν
3133 1769 3208 1843 μὴ
3240 1768 3440 1839 ἀγαθὸν
3468 1763 3627 1829 εἶναι,
3657 1764 3734 1828 ὡς

501 1891 634 1931 num
657 1913 674 1940 ,
707 1882 768 1928 ut
792 1871 946 1928 aiunt
969 1867 1263 1938 Scriptura:
1280 1907 1296 1934 ,
1320 1867 1394 1921 ita
1419 1866 1632 1920 locutus
1659 1875 1741 1920 est
1765 1883 1779 1920 :
1805 1863 1846 1918 Α
1876 1879 1979 1935 quo
2000 1880 2064 1919 es

505 1967 654 2020 vobis
676 1963 819 2034 ﬁlius
840 1971 975 2032 petet
999 1975 1208 2030 panem,
1226 1957 1460 2030 nunquid
1489 1957 1714 2027 lapidem
1736 1957 1961 2026 porriget
1983 1955 2031 2009 ei
2041 1954 2068 2008 7

507 2041 611 2111 Aut
636 2064 684 2109 et
725 2055 919 2124 piscem
954 2060 1108 2120 petet,
1153 2048 1386 2119 nunquid
1410 2058 1693 2116 serpentem
1717 2048 1767 2101 ei
1798 2045 2068 2116 porriget?

509 2145 570 2202 Si
607 2161 728 2217 ergo
756 2160 879 2210 vos,
918 2157 1036 2196 cum
1075 2141 1190 2196 sitis
1213 2139 1343 2194 mali
1362 2179 1377 2206 ,
1423 2139 1586 2194 nostis
1617 2139 1751 2192 bona
1773 2138 1912 2192 dona
1939 2137 2067 2191 dare

505 2239 634 2310 ﬁliis
656 2237 864 2304 vestris,
898 2240 1094 2305 quanto
1132 2233 1296 2302 magis
1326 2229 1486 2286 Pater
1515 2230 1733 2286 c¢lestis
1762 2228 1906 2283 dabit
1936 2227 2069 2282 bona

505 2328 794 2401 petentibus
813 2343 868 2382 se
887 2335 937 2380 et
966 2325 1278 2395 facientibus
1327 2324 1643 2379 uoluntatem
1685 2339 1834 2380 suam
1863 2325 1926 2378 ei
1975 2321 2072 2377 As-

508 2417 816 2473 sereutibus
851 2423 1032 2469 autem
1053 2453 1069 2480 ,
1099 2427 1222 2467 eum
1250 2414 1305 2467 in
1339 2413 1539 2483 templo
1576 2427 1722 2478 esse,
1745 2412 1920 2467 dixit:
1953 2409 2071 2464 No-

511 2509 602 2562 lite
640 2508 828 2578 jurare
869 2523 958 2575 per
1000 2507 1218 2573 caelum,
1251 2506 1376 2576 quia
1405 2506 1621 2560 thronus
1653 2503 1750 2558 Dei
1779 2511 1883 2570 est,
1913 2518 2072 2572 neque

507 2619 600 2672 per
621 2612 835 2667 terram,
859 2605 985 2674 quia
1011 2601 1294 2658 scabellum
1315 2609 1393 2655 est
1414 2599 1604 2669 pedum
1631 2598 1742 2666 eius
1770 2596 1813 2652 ί.
1853 2593 1922 2649 Ει
1942 2612 2074 2666 prae-

509 2697 889 2764 sumentihus,
925 2694 1094 2751 Deum
1140 2692 1425 2750 sacriﬁciis
1467 2690 1757 2758 delectari,
1783 2688 1860 2743 ait
1891 2706 1906 2741 ε
1939 2688 2073 2741 Deus

509 2788 934 2842 misericordiam
990 2787 1102 2840 vult
1129 2828 1147 2854 ,
1182 2795 1232 2839 et
1263 2800 1366 2838 non
1401 2782 1667 2853 sacri/icio
1693 2823 1708 2849 ,
1758 2783 2076 2852 agnitionem

511 2893 684 2945 suam,
703 2890 872 2936 etnon
899 2881 1206 2936 holocausta
1245 2879 1289 2932 ³.

586 3051 744 3109 LVII.
770 3054 855 3108 Ad
896 3069 991 3112 eos
1036 3064 1220 3111 autem
1242 3097 1258 3122 ,
1310 3054 1402 3126 qui
1435 3055 1734 3110 secundum
1766 3051 2075 3123 Scripturas

516 3145 689 3201 Deum
729 3162 853 3203 esse
890 3147 1094 3202 malum
1123 3149 1371 3213 credunt,
1402 3147 1516 3202 ait:
1549 3145 1630 3202 Ne
1656 3163 1737 3202 me
1759 3147 1952 3202 dicatis
1982 3145 2072 3199 bo-

513 3251 661 3303 num,
700 3253 834 3290 unus
862 3242 1052 3292 etenim
1097 3238 1259 3292 bonus
1288 3248 1364 3292 est
1394 3238 1445 3292 δ.
1503 3237 1571 3292 Et
1629 3253 1861 3294 rursus:
1895 3236 2073 3290 Estote

516 3325 640 3380 boni
675 3335 724 3381 et
765 3328 1124 3382 misericordes
1143 3370 1159 3396 ,
1187 3329 1322 3382 sicut
1355 3326 1552 3396 Pater,
1595 3329 1684 3398 qui
1713 3330 1769 3382 in
1793 3328 1934 3382 ctelis
1961 3340 2070 3393 est,

518 3419 609 3488 qui
637 3418 798 3472 solem
823 3420 955 3472 oriri
997 3420 1127 3488 facit
1167 3435 1322 3489 super
1351 3421 1508 3474 bonos
1548 3431 1600 3475 et
1644 3421 1810 3476 malos
1830 3463 1845 3488 ,
1875 3431 1926 3476 et
1950 3422 2074 3492 plu-

515 3509 657 3564 uiam
682 3509 908 3564 demittit
924 3527 1078 3580 super
1089 3512 1264 3582 justas
1285 3521 1333 3565 et
1364 3512 1590 3581 injustas
1624 3525 1670 3567 ι.
1717 3513 1797 3567 Ad
1819 3529 2074 3579 eosvero,

518 3601 614 3670 qui
646 3600 700 3654 in
727 3614 847 3656 eam
878 3599 1124 3656 fraudem
1159 3601 1361 3656 inducti
1398 3610 1546 3671 sunt,
1591 3613 1650 3658 ut
1679 3619 1802 3659 cum
1833 3603 2078 3674 Scriptu-

520 3693 600 3748 ris
635 3701 896 3761 censeant
940 3695 1143 3750 multos
1178 3709 1299 3750 esse
1328 3695 1491 3763 deos,
1521 3695 1604 3751 sic
1625 3696 1869 3766 loquitur
1893 3715 1906 3750 :
1933 3697 2076 3750 Audi

522 3782 715 3849 Israel,
740 3783 996 3840 Dominus
1021 3784 1161 3840 Deus
1185 3797 1304 3842 tuus
1335 3785 1476 3840 Deus
1497 3803 1633 3841 unus
1659 3798 1734 3841 est
1765 3786 1812 3842 i.

591 3874 771 3931 LVIII.
798 3875 981 3947 Itaque
1005 3875 1216 3943 Simon,
1243 3878 1546 3948 intelligens
1569 3879 1711 3948 quod
1733 3878 1927 3935 Petrus
1953 3895 2079 3936 eum

525 3979 739 4041 cogeret
774 3969 1069 4042 Scripturis
1094 3973 1172 4028 uti
1202 3971 1659 4044 quemadmodum
1688 3973 1873 4029 docuit
1899 3973 2078 4040 Iesus,

524 4062 933 4131 inquisitionem
959 4064 1134 4119 noluit
1153 4066 1358 4121 versari
1381 4066 1524 4122 circa
1535 4080 1842 4121 sermonem
1865 4067 1930 4122 de
1947 4065 2079 4133 Deo,

526 4153 650 4210 licet
678 4153 871 4210 Petrus
896 4166 1095 4227 rogatu
1126 4156 1300 4227 ipsius
1341 4157 1630 4212 consilium
1663 4166 1964 4225 mutasset,
1993 4159 2081 4213 in-

527 4242 984 4316 quisitionemque
1000 4247 1362 4302 concessisset
1394 4260 1487 4316 per
1517 4247 1994 4318 interrogationem
2019 4263 2084 4304 ac

526 4335 938 4404 responsionem
991 4339 1130 4394 ﬁeri.
1185 4339 1457 4395 Caeterum
1507 4337 1802 4410 disputatio
1850 4355 1945 4410 per
1974 4349 2082 4398 tres

2163 1868 2219 1922 al
2238 1867 2453 1940 Γραφαὶ
2479 1867 2744 1936 λέγουσιν,
2767 1865 2871 1936 ἔφη
2887 1883 2898 1896 ·
2941 1865 3078 1918 Τίνα
3093 1861 3259 1933 ὑμῶν
3277 1861 3322 1894 ⁷⁸
3351 1856 3582 1924 αἰτήσει
3603 1854 3735 1921 υίὸς

2162 1959 2362 2029 ἄρτον,
2385 1958 2472 2030 μὴ
2505 1960 2678 2014 λίθον
2707 1954 2982 2011 ἐπιδώσει
3011 1955 3209 2020 aucti);
3237 1952 3276 2021 ἢ
3305 1950 3404 2007 καὶ
3442 1949 3615 2019 ἰχθὺν
3643 1949 3734 2000 al-

2163 2053 2354 2122 τήσει,
2404 2053 2490 2124 μὴ
2544 2051 2683 2122 ὄφιν
2735 2048 3013 2104 ἐπιδώσει
3045 2046 3245 2114 αὺτῷς
3293 2047 3346 2100 εἰ
3396 2044 3508 2098 οὗν
3539 2041 3734 2112 ὑμεῖς,

2165 2145 2415 2216 πονηροὶ
2438 2145 2627 2212 ὄντες,
2660 2143 2862 2198 οἴδατε
2889 2140 3116 2211 δόματα
3147 2137 3336 2208 ἀγαθὰ
3367 2135 3593 2190 διδόναι
3613 2131 3737 2199 τοῖς

2164 2239 2398 2304 τέκνοις
2451 2235 2638 2307 ὑμῶν,
2697 2234 2864 2297 πόσῳ
2907 2229 3144 2302 μᾶλλον
3193 2231 3226 2283 ὁ
3275 2225 3476 2294 Πατὴρ
3507 2223 3674 2295 ὑμῶν
3704 2225 3738 2277 ὁ

2167 2327 2444 2398 οίιοάνιος
2477 2324 2650 2379 δώσει
2671 2323 2862 2394 ἀγαθὰ
2891 2322 3011 2390 τοῖς
3037 2319 3405 2390 αἰτουμένοις
3423 2316 3607 2370 αὐτὸν
3639 2313 3739 2368 καὶ

2167 2419 2291 2486 τοῖς
2321 2416 2560 2471 ποιοῦσι
2606 2415 2671 2470 τὸ
2717 2415 2945 2484 θέλημα
3000 2411 3224 2479 αὐτοῦ;
3271 2411 3395 2472 Τοῖς
3427 2409 3480 2463 δὲ
3512 2407 3672 2462 αὐτὸν
3691 2407 3740 2439 ’⁸

2168 2505 2662 2578 διαὸεὸαιουμένοις
2691 2508 2750 2561 ὲν
2778 2505 2891 2578 ναῷ
2917 2507 3089 2571 εἶναι,
3145 2504 3276 2576 ἔφη·
3335 2501 3432 2570 Μὴ
3481 2500 3742 2567 όμόσητε

2169 2602 2276 2656 τὸν
2295 2599 2570 2668 οὐρανὸν,
2595 2599 2683 2652 ὅτι
2703 2597 2913 2666 θρόνος
2939 2597 3069 2651 ἐστὶ
3093 2595 3197 2651 τοῦ
3221 2593 3362 2649 Θεοῦ
3378 2594 3444 2658 ⁷⁷,
3459 2590 3610 2661 μήτε
3627 2589 3741 2658 τὴν

2171 2690 2314 2760 γῆν,
2350 2689 2437 2743 ὅτι
2460 2686 2789 2742 ὑποπόδιον
2820 2685 2939 2740 τῶν
2960 2683 3161 2739 ποδῶν
3187 2683 3375 2738 αὐτοῦ
3393 2682 3582 2735 ἐστιν.
3616 2679 3742 2742 Τοῖς

2170 2781 2229 2836 δὲ
2262 2777 2622 2850 προλαϐοῦσιν
2645 2817 2661 2843 ,
2693 2777 2775 2831 ὅτι
2822 2776 3020 2830 Θυσιῶν
3063 2777 3314 2848 ὀρέγεται
3346 2777 3373 2829 ὁ
3402 2773 3533 2836 Θεὸς
3555 2811 3570 2838 ,
3602 2771 3738 2843 ἔφη·

2184 2878 2248 2931 '0
2303 2875 2446 2942 Θεὸς
2488 2875 2659 2938 ἕλεος
2699 2872 2858 2928 θέλει
2891 2872 2989 2927 καὶ
3021 2873 3092 2926 οὐ
3124 2871 3340 2938 θυσίας
3369 2909 3383 2938 ,
3417 2869 3743 2938 ἐπίγνωσιν

2174 2964 2360 3022 αὐτοῦ
2386 2964 2483 3019 καὶ
2503 2966 2614 3032 οὐχ
2644 2962 3120 3033 ὁλοκαυτώματα.

2249 3056 2406 3112 LVII.
2428 3059 2553 3120 Τοῖς
2571 3055 2627 3108 δὲ
2649 3055 2988 3126 πειθομένοις
3016 3054 3181 3108 κακὸν
3209 3052 3369 3108 αὐτὸν
3401 3047 3652 3117 εἷναι,ώς
3685 3049 3742 3104 αἱ

2175 3150 2389 3223 Γραφαὶ
2422 3148 2670 3216 λέγουσιν
2690 3186 2704 3212 ,
2740 3145 2872 3218 ἔφη-ο
2907 3145 3002 3213 Μή
3029 3164 3106 3216 με
3136 3144 3341 3216 λέγετε
3359 3144 3406 3176 ⁷⁸
3438 3143 3687 3212 ἀγαθόν·
3712 3142 3745 3194 ὁ

2168 3241 2278 3312 τὰρ
2309 3238 2525 3310 ἀγαθὸς
2557 3239 2645 3304 εἷς
2676 3239 2864 3293 ἐστιν.
2893 3239 3004 3292 Καὶ
3037 3237 3196 3292 πᾶλιν
3217 3238 3286 3271 τ’·
3318 3235 3571 3290 Γίνεσθε
3601 3233 3747 3302 ἀγα-

2172 3333 2264 3389 θοὶ
2297 3333 2394 3388 καὶ
2424 3333 2824 3402 οἰκτίρμονες,
2865 3331 2945 3397 ὡς
2973 3331 3006 3384 ό
3037 3328 3240 3398 Πατὴρ
3270 3331 3302 3382 ὁ
3329 3328 3398 3381 ἐν
3427 3326 3550 3393 τοῖς
3567 3327 3746 3394 οὐρα-

2171 3428 2333 3496 νοῖς,
2368 3425 2436 3492 ὃς
2467 3426 2784 3482 ἀνατέλλει
2842 3425 2947 3478 τὸν
2995 3424 3172 3492 ἣλιον
3218 3421 3309 3474 ἐπ’
3361 3417 3601 3489 ἀγαθοῖς
3647 3416 3748 3470 καὶ

2173 3517 2480 3587 πονηροῖς,
2513 3517 2611 3571 καὶ
2641 3517 2808 3586 φέρει
2827 3516 2876 3549 ⁸⁸
2907 3515 3012 3569 τὸν
3038 3513 3216 3569 ὑετὸν
3237 3511 3335 3564 ἐπὶ
3366 3509 3614 3574 δικαίοις
3648 3507 3749 3562 καὶ

2173 3611 2417 3677 ἀδίκοις.
2433 3611 2558 3673 Τοῖς
2575 3610 2631 3662 δὲ
2660 3612 2843 3680 ὴπατη
2853 3607 3035 3679 μένοις
3055 3605 3280 3668 πολλοὺς
3301 3603 3455 3666 θεοὺς
3477 3588 3747 3664 ὑπονοεῖν,

2174 3701 2250 3762 ὡς
2276 3703 2332 3756 αἱ
2351 3701 2563 3773 Γραφαὶ
2592 3701 2837 3770 λέγουσιν
2861 3739 2874 3765 ,
2902 3699 3029 3770 ἔφη·
3068 3700 3303 3762 Ἀκουε,
3339 3693 3610 3764 Ἰσραὴλ,
3628 3695 3750 3748 Κύ-

2177 3807 2305 3861 ριος
2337 3793 2371 3846 ὀ
2405 3791 2548 3857 Θεός
2579 3806 2695 3845 σου
2716 3791 2763 3823 ⁸⁸
2793 3791 3007 3856 Κύριος
3036 3787 3121 3854 εἷς
3147 3787 3334 3841 ἐστιν.

2252 3884 2410 3954 llo
2463 3882 2638 3937 LVIII.
2679 3884 2865 3954 Ὅμως
2892 3883 3142 3952 ὁΣίμων,
3178 3879 3400 3933 συνιδὼν
3431 3879 3512 3932 ὅτι
3545 3878 3751 3949 Πέτρος

2179 3977 2340 4030 αὑτὸν
2360 3975 2580 4044 συνάγει
2606 3978 2727 4038 ταῖς
2759 3975 3002 4046 Γραφαῖς
3034 3971 3266 4044 χρῆσθαι
3293 3972 3369 4034 ὡς
3411 3968 3616 4042 Ἰησοῦς
3643 3968 3752 4022 εδι-

2178 4067 2358 4135 δαξεν,
2393 4068 2472 4131 εἰς
2502 4067 2602 4136 τὴν
2620 4066 2667 4122 ει
2701 4066 2825 4137 περὶ
2854 4064 2988 4118 Θεοῦ
3031 4063 3186 4131 λόγον
3215 4062 3460 4126 ἐξέτασιν
3495 4058 3750 4130 γενέσθαι

2179 4159 2279 4212 οὐκ
2313 4157 2601 4227 ἠθέλησεν,
2635 4155 2808 4210 καίτοι
2855 4173 2920 4225 γε
2970 4153 3330 4226 μεταθεμένου
3367 4152 3461 4206 τοῦ
3503 4153 3708 4224 Πέτρου
3731 4190 3749 4218 ,

2180 4250 2257 4312 ὡς
2283 4249 2443 4310 αὐτὸς
2473 4247 2654 4318 Σίμων
2674 4245 2922 4316 ἠξίωσεν,
2951 4247 3086 4320 πρὸς
3119 4243 3311 4299 πεῦσιν
3341 4245 3434 4300 καὶ
3461 4245 3752 4316 ἀπόκρισιν

2182 4341 2433 4412 γενέσθαι
2452 4343 2551 4414 τὴν
2570 4341 2834 4406 ἐξέτασιν.
2859 4340 3003 4411 Πλὴν
3019 4342 3052 4410 ὴ
3074 4338 3298 4411 ζήτησις
3316 4338 3483 4412 τριῶν
3508 4337 3750 4410 ἐπεκρά-

527 4425 644 4481 dies
697 4426 932 4484 duravit.
986 4430 1193 4496 Quarto
1241 4444 1422 4486 autem
1467 4430 1838 4499 illucescente,
1888 4431 2068 4486 Simon

2180 4447 2343 4503 τησεν
2363 4430 2583 4504 ἡμερῶν
2603 4431 2736 4504 (78).
2776 4431 3227 4500 Ἐπιφωσκούσης
3264 4429 3320 4482 δὲ
3351 4429 3450 4502 τῆς
3487 4428 3753 4500 τετάρτης

529 4526 687 4574 nocte
705 4534 894 4576 versus
922 4521 1125 4594 Tyrum
1151 4523 1446 4580 Pluenicize
1471 4523 1733 4597 profugit.
1763 4523 1874 4582 Nec
1895 4528 2082 4584 multis

599 4643 625 4672 ⁸
660 4631 850 4702 Matth.
878 4653 932 4702 ν,
963 4637 1052 4692 57.

607 4702 636 4741 δ
661 4701 850 4772 Matth.
882 4701 1016 4772 xuii,
1047 4708 1136 4764 52.

609 4783 633 4844 ξ
663 4771 855 4844 Matth.
888 4793 962 4842 vr,
994 4771 1048 4844 8,
1084 4777 1170 4832 32.

601 4839 631 4879 ⁴
668 4841 854 4912 Matth.
884 4839 968 4912 νι,
998 4839 1053 4904 6.

606 4923 632 4951 ο
669 4911 857 4970 Matth.
885 4911 982 4985 vn,
1014 4918 1176 4982 9-H;
1206 4917 1338 4974 Luc.
1368 4919 1649 4984 1|,II-I3.

2187 4524 2366 4596 νύχιος
2397 4523 2473 4587 ὡς
2497 4523 2591 4582 ἐπὶ
2619 4523 2791 4596 Τύρον
2822 4524 2921 4597 τῆς
2943 4521 3190 4594 Φοινίκης
3207 4519 3539 4593 ἐξώρμησεν.
3561 4520 3670 4575 Ka't
3687 4519 3752 4573 οὗ

2266 4646 2284 4686 ί
2327 4643 2517 4698 Matth.
2548 4659 2600 4705 ν,
2634 4642 2723 4706 54,
2747 4642 2834 4700 55.

2266 4719 2291 4759 ε
2327 4713 2516 4773 Matth.
2545 4729 2621 4780 ix,
2653 4713 2753 4776 I3;
2780 4727 2878 4779 xu,
2907 4711 2960 4765 7.

2260 4783 2286 4824 ιι
2327 4785 2515 4839 Matth.
2551 4783 2786 4847 x1x,i7;
2813 4781 2945 4837 Luc.
2974 4797 3130 4848 xvm,
3155 4781 3221 4836 I9

2267 4859 2284 4896 ί
2329 4856 2462 4909 Luc.
2495 4871 2571 4920 VI,
2601 4853 2697 4916 36;
2726 4852 2914 4909 Matth.
2945 4868 3000 4917 ν,
3027 4851 3117 4908 45.

2263 4924 2278 4976 i
2312 4925 2479 4982 Marc.
2506 4941 2604 4993 xu,
2629 4923 2718 4979 29.

1819 5037 2053 5096 VARIE
2090 5037 2493 5098 LECTIONES.

673 5124 1002 5214 xa’iiinserui
1043 5144 1093 5214 (ξ.
1124 5126 1207 5214 Ο..
1238 5130 1308 5214 ’ξ’
1322 5130 1564 5214 xulem.
1612 5129 1675 5186 0.
1723 5132 1814 5214 hic
1855 5143 1909 5188 et
1945 5131 2347 5214 post_‘Ia‘i_ub6._‘
2369 5135 2439 5214 _"_°
2473 5134 2550 5189 Ita
2581 5133 2722 5214 conj.
2751 5133 2792 5188 C
2821 5175 2836 5199 ,
2861 5130 3128 5214 ἀπέρανεν
3160 5131 3250 5214 id.
3291 5130 3562 5214 _i_n.tc§tu,
3590 5139 3650 5185 ut

539 5193 676 5250 VIIII.
703 5196 1126 5282 oux'éorw—ib;
1153 5200 1210 5252 αἱ
1238 5201 1447 5272 Γραφαὶ
1479 5200 1723 5270 λέγουσιν
1744 5244 1758 5268 ,
1791 5203 1892 5275 ἔφη
1931 5193 2044 5260 des.
2087 5206 2140 5259 in
2169 5206 2230 5259 0.
2307 5205 2423 5258 ⁷¹δέ
2455 5193 2914 5275 praetermiserunt
2962 5201 3023 5258 Cl
3077 5211 3130 5257 et
3160 5201 3216 5257 S.
3291 5202 3337 5233 "
3367 5199 3519 5270 ὑμῶν
3547 5193 3654 5254 om.
3681 5198 3749 5256 Ο.

539 5263 678 5319 Tum
710 5263 976 5330 αξιωσητε
1009 5268 1072 5324 C.
1145 5269 1315 5330 τ’ἔφη
1346 5286 1455 5327 om.
1492 5269 1552 5325 C.
1629 5270 1764 5328 "Ita
1805 5272 1844 5328 S
1884 5317 1899 5330 .
1931 5273 2097 5329 εἰπών
2131 5274 2193 5330 C.
2228 5276 2291 5330 0.
2365 5275 2576 5330 ⁷⁵ὑμῶν
2614 5274 2815 5330 excidit
2851 5289 2937 5330 an.
2989 5272 3052 5327 CI
3095 5281 3147 5328 et
3172 5272 3228 5327 S.
3327 5271 3373 5302 ⁷⁸
3415 5271 3749 5330 Renetuntur

1057 5309 1096 5346 .A
1145 5271 1315 5346 πέφῃ
1346 5286 1455 5346 oni.
1492 5271 1552 5325 C.
1615 5271 1764 5346 _"lta
1805 5271 2097 5346 Si,slmbv
2131 5274 2193 5340 C,
2228 5276 2291 5332 0.
2332 5271 2576 5346 7"bpibv
2604 5274 2816 5346 excidit
2851 5289 2965 5346 ap.‘
2989 5272 3052 5346 (ει
3095 5281 3147 5328 et
3170 5272 3228 5346 S.
3277 5341 3288 5346 _
3327 5271 3373 5302 "‘
3399 5271 3752 5346 _Iiepetu_ntur

542 5333 678 5389 Vbb.
703 5335 758 5388 δὲ
789 5333 949 5391 αὐτόν
982 5339 1034 5392 in
1057 5339 1122 5394 Ο.
1196 5333 1406 5393 ⁷⁸⁷⁷6εοῦ
1437 5344 1580 5393 ἐστιν
1605 5341 1739 5397 Cor.

539 5345 758 5436 zumpt
787 5345 949 5436 αὐτόν
982 5345 1034 5392 in
1057 5345 1122 5394 0.
1196 5345 1241 5372 ⁷⁷
1273 5345 1406 5393 Θεοῦ
1437 5345 1580 5393 ὲστιν
1605 5345 1739 5397 Cor.
1843 5345 1889 5376 ⁷⁸
1918 5345 2041 5414 λέγε
2085 5347 2142 5400 Ο.

603 5422 613 5436 ι
642 5422 756 5436 Ιιι.λιι
924 5407 970 5436 οι
987 5409 1059 5436 In-
1097 5409 1132 5436 Ω
1207 5410 1297 5436 -ι..
1328 5411 1367 5436 l‘
1416 5409 1460 5436 n

603 5405 756 5475 ὑμῶν
787 5406 844 5461 C.
924 5407 1065 5465 "Ita
1097 5409 1180 5476 S.,
1206 5410 1297 5464 τόν
1327 5411 1389 5478 (3,
1416 5409 1476 5467 0.

2255 5348 2300 5379 "
2315 5340 2573 5413 Crediier,
2604 5343 2767 5400 Beitr.
2799 5342 2840 5412 Ι,
2871 5340 2975 5399 309
2999 5340 3056 5397 S.
3166 5341 3353 5412 ὀφέρε
3387 5342 3446 5408 Ο,
3471 5341 3747 5396 mendose.

1823 5523 2181 5581 V'ARIORUM
2216 5527 2444 5583 ΝΟΤᾸΕ.

588 5611 728 5698 ..(Ἱὲ)
766 5611 887 5698 "HA
921 5613 1170 5698 ζήτῃσις
1191 5614 1396 5698 ἠτριῶν
1451 5613 1858 5684 ἐπεγράτησεν
1919 5617 2159 5686 muri»:

547 5681 650 5735 τῶν
682 5681 971 5754 διαλεχθεὶς
990 5681 1158 5756 αὐτῷ.
1189 5681 1322 5741 (ἶοτ.

2199 5620 2420 5676 Constit.
2457 5622 2679 5691 apostol.
2710 5621 2801 5678 lib.
2843 5636 2920 5690 νι,
2946 5634 3063 5689 cap.
3090 5618 3122 5673 8
3148 5635 3160 5672 :
3194 5619 3302 5674 Καὶ
3329 5619 3506 5691 τρίτον
3533 5621 3620 5675 ἐπ’
3646 5621 3742 5678 αὖ·
