4068 6338
249 402 348 457 “9

1367 394 1825 455 CLEMENTINA.
1860 428 1929 437 -—
1961 396 2244 455 HOMILIA
2276 393 2364 451 Ill.

3395 400 3493 457 ια)

254 514 390 590 μετὰ
418 514 617 578 πολλὰς
632 514 844 588 ἡμέρας
862 509 1025 586 ἦλθόν
1043 531 1189 580 τινες
1208 514 1317 569 τῶν
1347 515 1610 587 προόδων,
1632 513 1824 584 Πέτρῳ

1937 522 2050 582 post
2090 514 2283 570 diebus
2313 520 2578 568 venerunt
2612 512 2835 582 quidam
2884 528 3075 570 eorum
3099 554 3116 580 ,
3162 514 3261 584 qui
3304 519 3497 586 praeire

250 609 525 677 λέγοντες-
559 609 742 678 Σίμων
788 608 1000 679 μεγάλα
1037 608 1314 679 θαυμάσια
1347 608 1404 660 ἐν
1446 606 1606 679 Τύρῳ
1654 605 1824 660 ποιῶν

252 702 475 765 πολλοὺς
500 701 608 753 τῶν
640 702 757 753 ἐκεῖ
782 700 1156 773 κατεπλήξατο
1178 740 1193 765 ,
1227 700 1320 753 καί
1350 717 1409 754 σε
1452 700 1671 763 πολλαῖς
1706 699 1823 754 δια-

251 793 431 855 ϐολαῖς
467 793 741 864 μισεῖσθαι
772 791 1044 862 ἐποίησεν.

315 883 455 939 LIX.
510 884 695 938 Ταῦτα
726 884 963 947 ἀκούσας
991 883 1020 935 6
1051 882 1284 953 Πέτρος,
1310 885 1376 953 τῇ
1417 881 1644 953 ἐπιούσῃ
1671 879 1826 933 νυκτὶ

251 977 354 1031 τῶν
404 976 693 1049 ἀκροατῶν
729 976 820 1029 τὸν
851 975 1003 1046 ὁχλον
1047 974 1317 1028 συνελθεῖν
1365 973 1616 1045 ἐποίησεν
1632 988 1646 1002 ’
1677 971 1827 1043 ὁμῶς

255 1069 599 1125 συνελθοῦσιν
644 1070 782 1141 ἔφη·
830 1068 1135 1141 Ὀρμῶντός
1164 1086 1266 1140 μου
1296 1068 1341 1101 ⁸⁸
1372 1069 1453 1132 είς
1486 1066 1556 1120 τὰ
1588 1065 1714 1136 ἔθνη
1760 1063 1829 1118 τὰ

255 1162 480 1227 πολλοὺς
510 1163 670 1227 θεοὺς
696 1162 921 1231 λέγοντα
949 1202 963 1225 ,
996 1160 1229 1233 κηρῦξαι
1264 1161 1358 1215 καὶ
1402 1160 1609 1226 διδάξαι
1638 1161 1719 1214 ὁτι
1750 1151 1831 1223 εἷς

254 1257 397 1309 ἐστιν
422 1258 452 1309 ὁ
476 1254 634 1319 Θεὸς,
669 1254 730 1317 ὃς
776 1252 1000 1325 οὐρανὸν
1041 1252 1220 1305 ἔκτισε
1260 1253 1355 1305 καλ⁸
1384 1252 1487 1323 γῆν
1537 1251 1631 1305 καὶ
1661 1251 1729 1303 τὰ
1773 1250 1831 1302 έν

252 1351 434 1412 αὐτοῖς
474 1348 656 1401 πάντα
690 1386 705 1410 ,
763 1349 909 1410 ὅπως
956 1348 1337 1418 ἀγαπήσαντες
1388 1345 1549 1400 αὑτὸν
1597 1344 1830 1415 σωθῆναι

250 1437 571 1510 δυνηθῶσιν,
603 1436 948 1508 προλαϐοῦσα
978 1438 1010 1507 ή
1046 1436 1215 1491 κακία
1254 1434 1333 1507 τῷ
1354 1434 1400 1467 ⁸⁸
1426 1436 1525 1507 τῆς
1575 1434 1832 1503 συζυγίας

252 1532 395 1602 νόμῳ
445 1529 847 1602 προαπέστειλε
896 1530 1115 1601 Σίμωνα
1136 1570 1151 1593 ,
1182 1529 1271 1584 ἴνα
1312 1529 1361 1583 οἱ
1399 1528 1668 1600 ἄνθρωποι
1694 1566 1709 1589 ,
1737 1526 1832 1579 ἐὰν

251 1626 375 1688 τοὺς
402 1624 636 1689 πολλοὺς
680 1622 833 1686 θεοὺς
864 1622 1041 1691 λέγειν
1088 1622 1426 1685 παύσωνται,
1475 1620 1832 1689 καταγνόντες

251 1718 357 1771 τῶν
398 1716 495 1771 ἐπὶ
541 1715 649 1785 γῆς
697 1714 1003 1786 λεγομένων
1026 1754 1043 1780 ,
1078 1715 1136 1767 ὲν
1182 1712 1397 1785 οὐρανῷ
1428 1711 1652 1775 πολλοὺς
1678 1710 1834 1772 θεοὺς

252 1804 383 1861 εἶναι
418 1804 721 1877 νομίσωσιν
740 1803 788 1836 ⁸⁸
809 1821 823 1833 ο
859 1804 946 1857 ἵνα
978 1803 1245 1874 μηδέποτε
1279 1802 1340 1855 τὸ
1384 1803 1483 1873 τῆς
1537 1799 1833 1872 μοναρχίας

1925 606 2193 673 solebant,
2224 615 2279 661 et
2299 606 2560 661 dixerunt
2588 604 2749 659 Petro
2775 623 2789 658 :
2822 603 3011 660 Simon
3036 622 3265 678 magnas
3289 612 3496 679 prasti-

1926 696 2043 765 gias
2073 696 2203 769 Tyri
2230 698 2442 753 edendo
2473 697 2678 755 multos
2710 697 3014 752 incolarum
3046 698 3303 769 perculit,
3336 711 3495 773 teque

1925 790 2114 843 multis
2136 790 2426 844 calumniis
2454 791 2705 845 odiosum
2734 789 2985 844 reddidit.

1997 880 2136 936 LIX.
2175 881 2307 947 Quae
2355 894 2642 952 postquam
2691 882 2898 937 audivit
2940 880 3155 948 Petrus,
3178 884 3495 956 insequenti

1926 983 2087 1030 nocte
2141 974 2452 1029 auditorum
2509 974 2723 1029 turbam
2774 972 2901 1029 fecit
2948 975 3282 1043 convenire,
3331 985 3499 1048 atque

1928 1070 2275 1141 congregatis
2302 1068 2443 1124 dixit
2476 1086 2491 1124 :
2524 1068 2661 1123 Cum
2709 1084 2811 1140 ego
2836 1083 3189 1139 properarem
3220 1068 3287 1125 ad
3310 1078 3498 1139 gentes

1928 1178 2050 1232 qua:
2084 1162 2285 1218 multos
2310 1162 3197 1233 deosasserunt,prredicaturuset
3214 1160 3496 1227 doctum,

1931 1270 2098 1310 unum
2114 1270 2236 1310 esse
2247 1253 2416 1309 Deum
2434 1263 2735 1310 creatorem
2749 1253 2873 1308 εωιί
2894 1260 2948 1305 et
2973 1260 3131 1309 terra:
3144 1252 3501 1323 omniumque

1931 1364 2053 1420 qua:
2084 1349 2136 1403 in
2169 1348 2237 1403 iis
2267 1348 2638 1417 continentur,
2668 1363 2779 1419 quo
2806 1347 3004 1403 dilecto
3025 1356 3248 1419 possent
3269 1348 3497 1407 salutem

1932 1436 2216 1507 consequi,
2242 1436 2579 1507 prtevcniens
2610 1436 2815 1492 malitia
2845 1452 2913 1493 ex
2956 1437 3503 1510 conjugationislege

1932 1529 2196 1600 praemisit
2242 1528 2519 1585 Simonem
2553 1570 2569 1598 ,
2623 1538 2685 1584 ut
2723 1530 2974 1586 homines
3002 1570 3017 1596 ,
3050 1530 3095 1587 si
3128 1530 3267 1587 forte
3297 1531 3502 1588 multos

1932 1622 2087 1689 deos,
2111 1622 2384 1678 damnatis
2413 1623 2480 1679 iis
2511 1621 2604 1693 qui
2631 1622 2686 1677 in
2718 1631 2863 1678 terra
2888 1622 3165 1691 dicuntur,
3191 1624 3504 1680 desinerent

1933 1711 2205 1768 alIirmare
2230 1755 2246 1781 ,
2272 1713 2386 1784 jam
2424 1715 2628 1770 multos
2655 1716 2709 1769 in
2765 1714 2905 1770 coelo
2953 1718 3187 1773 existere
3213 1726 3499 1787 putarent;

1934 1820 2067 1875 quo,
2102 1806 2230 1860 dum
2262 1807 2596 1863 monarcbite
2623 1822 2719 1865 seu
2764 1808 2990 1865 unitatis
3018 1807 3112 1863 Dei
3140 1810 3342 1865 bonum
3374 1810 3503 1866 nul-

251 1900 585 1970 τιμήσαντες
618 1896 782 1950 καλὸν
816 1896 895 1959 είς
916 1894 978 1948 τὸ
1005 1894 1265 1959 παντελὲς
1292 1893 1427 1965 μετὰ
1456 1894 1674 1948 κόλασιν
1702 1892 1835 1946 aruo-

1937 1898 2149 1955 latcnus
2186 1898 2239 1953 in
2270 1900 2443 1969 pretio
2476 1900 2697 1967 habent,
2724 1900 2778 1955 in
2806 1909 3126 1971 perpetuum
3149 1911 3271 1972 post
3298 1902 3505 1974 suppli-

250 1990 466 2044 λωνται.
500 1989 612 2042 Καὶ
638 1988 699 2040 τὸ
726 1986 1042 2052 δεινότατον,
1078 1985 1200 2038 ἐπεὶ
1217 1984 1419 2057 ἀληθὴς
1438 1984 1591 2053 λόγος
1616 1985 1833 2055 ἀπαρά-

251 2084 446 2154 ϐλητον
484 2082 641 2151 ἰσχὺν
673 2079 817 2150 ἔχει,
845 2075 1243 2149 προλαμϐάνων
1277 2078 1396 2139 ταῖς
1417 2074 1689 2137 διαϐολαῖς
1717 2074 1836 2127 πεί-

255 2177 330 2230 θει
364 2174 572 2236 αὐτοὺς
601 2172 761 2237 αὐτὸ,
802 2171 956 2240 ιιι
996 2168 1130 2241 μηδὲ
1154 2169 1254 2240 τὴν
1275 2168 1447 2239 ἀρχὴν
1479 2166 1834 2233 ἀναδέξασθαί

255 2285 353 2339 μου
364 2268 433 2298 ⁸⁸·
446 2267 521 2337 μή
540 2282 658 2328 πως
672 2266 700 2318 ὁ
714 2262 1009 2317 διαϐάλλων
1024 2262 1183 2325 αὐτὸς
1193 2261 1270 2333 τῷ
1291 2261 1402 2314 ὁντι
1420 2261 1661 2326 διάϐολος
1681 2261 1834 2331 ἐλεγ-

254 2361 357 2430 χθῇ
385 2398 401 2422 ,
445 2360 538 2412 καὶ
586 2359 617 2410 6
667 2355 872 2428 ἀληθὴς
903 2354 1056 2424 λόγος
1104 2353 1438 2425 ἀναδειχθεὶς
1484 2353 1835 2425 πιστευθῆναι

256 2451 477 2522 δυνηθῇ.
508 2450 631 2521 Χρὴ
672 2444 765 2502 οὖν
814 2465 881 2519 με
913 2448 1121 2519 ταχέως
1167 2448 1328 2501 αὑτὸν
1377 2448 1833 2515 ὲπικαταλαϐεῖν,

260 2545 348 2599 ἵνα
373 2544 447 2615 μὴ
475 2546 506 2615 ή
538 2542 762 2616 διαϐολὴ
786 2540 1147 2614 ὲγχρονίσασα
1173 2539 1454 2605 παντελῶς
1476 2541 1690 2597 πάντων
1714 2544 1835 2597 ἑπι-

259 2636 504 2708 κρατήσῃ
524 2636 591 2689 ⁸⁷.

322 2725 437 2779 LX.
490 2726 646 2780 Ἐπεὶ
673 2718 766 2780 οὖν
796 2724 878 2778 δεῖ
908 2742 1025 2778 τινα
1061 2725 1240 2796 ὁρίσαι
1272 2726 1386 2779 ἀντ’
1418 2726 1553 2798 ἐμοῦ
1586 2726 1679 2781 τὸν
1701 2726 1836 2798 ἐμὸν

261 2816 673 2887 ἀναπληροῦντα
706 2816 874 2870 τόπον
898 2855 913 2880 ,
950 2817 1049 2888 μιᾷ
1088 2817 1402 2890 προαιρέσει
1434 2816 1712 2889 δεηθῶμεν
1742 2816 1835 2872 τοῦ

265 2910 387 2963 Θεοῦ
411 2910 460 2943 ⁸⁸
504 2911 555 2963 oi
603 2910 805 2973 πάντες
829 2948 845 2973 ,
875 2910 1023 2971 ὅπως
1066 2907 1173 2961 τῶν
1206 2908 1375 2962 ὄντων
1415 2910 1474 2962 ὲν
1518 2912 1648 2982 ἡμῖν
1680 2909 1769 2964 τὸν
1790 2911 1835 2942 ⁶⁹

268 3002 542 3073 κρείττονα
574 3001 736 3065 αὐτὸς
774 3000 1037 3072 πρόδηλον
1066 3002 1267 3073 ποιήσῃ
1290 3040 1304 3067 ,
1337 3002 1427 3056 ἵνα
1457 3001 1549 3055 ἐπὶ
1574 3003 1673 3075 τῆς
1700 3003 1835 3075 Χρι-

275 3094 385 3146 οτοῦ
418 3092 686 3165 καθέδρας
716 3092 998 3157 καθεσθεὶς
1029 3094 1128 3164 τὴν
1162 3093 1325 3147 αὑτοῦ
1372 3093 1705 3165 Ἐκκλησίαν
1743 3095 1835 3149 εύ-

1936 1989 2020 2044 cia
2056 1989 2345 2045 intereant.
2377 1989 2645 2061 Quodque
2692 1991 2989 2062 pessimum
3021 2002 3105 2048 est
3128 2033 3144 2059 ,
3171 1993 3299 2064 quia
3342 2010 3505 2051 verus

1936 2095 2117 2135 sermo
2167 2080 2655 2151 incomparabilem
2708 2081 2872 2137 habet
2901 2082 3009 2137 vim
3031 2123 3047 2151 ,
3074 2084 3382 2154 anticipans
3413 2082 3505 2141 Si-

1936 2187 2066 2226 mon
2118 2173 2407 2230 calumniis
2453 2176 2741 2245 persuadet
2785 2177 3100 2234 bominibus
3154 2195 3221 2235 ne
3263 2193 3351 2234 me
3392 2179 3507 2234 ullo

1936 2264 2102 2319 modo
2133 2264 2423 2335 recipiant,
2457 2282 2525 2321 ne
2554 2266 2724 2335 forte,
2760 2269 2856 2339 qui
2890 2270 3284 2335 calumniatur,
3315 2286 3505 2327 revera

1936 2368 2057 2409 esse
2089 2354 2458 2410 calumniator
2488 2356 2959 2427 deprehendatur,
2994 2369 3049 2416 et
3088 2375 3158 2415 ne
3189 2375 3350 2416 verus
3390 2375 3507 2416 ser-

1937 2460 2027 2501 mo
2052 2486 2068 2514 ,
2105 2462 2230 2502 cum
2283 2447 2448 2503 fuerit
2493 2448 2797 2518 patefactus
2820 2491 2836 2517 ,
2864 2454 3013 2508 credi
3057 2453 3248 2524 possit.
3282 2450 3521 2523 Oportet

1933 2552 2064 2609 ergo
2089 2553 2176 2593 me
2203 2538 2312 2594 cito
2349 2540 2625 2595 hominem
2662 2540 2908 2613 assequi,
2926 2553 2985 2599 ut
3010 2560 3077 2600 ne
3090 2543 3367 2601 calumnia
3390 2543 3509 2605 diu:

1938 2630 2048 2687 tius
2084 2631 2373 2687 immorata
2412 2649 2603 2692 omnes
2627 2637 2844 2707 penitus
2876 2637 3114 2693 invadat.

2008 2719 2122 2777 LX.
2176 2722 2447 2790 Quoniam
2484 2726 2649 2794 igitur
2696 2742 2924 2784 necesse
2949 2738 3037 2785 est
3063 2727 3268 2798 aliquis
3301 2728 3509 2784 consti-

1936 2823 2121 2869 tuatur
2153 2815 2247 2885 qui
2272 2832 2453 2872 meum
2483 2817 2734 2888 suppleat
2765 2819 2969 2886 locum,
3002 2834 3113 2875 uno
3130 2819 3316 2874 animo
3335 2817 3506 2875 Deum

1938 2909 2120 2967 cuncti
2153 2923 2407 2975 oremus,
2443 2918 2503 2965 ut
2539 2924 2728 2965 eorum
2764 2910 2859 2980 qui
2894 2911 3034 2966 inter
3076 2924 3177 2967 nos
3208 2919 3337 2965 sunt
3369 2926 3510 2980 pra:-

1939 3002 2340 3057 stantissimum
2390 3000 2739 3069 manilestet,
2788 3017 2899 3077 quo
2942 3001 3139 3061 sedens
3193 3004 3249 3062 in
3303 3002 3510 3062 Christi

1939 3091 2197 3148 cathedra
2252 3092 2426 3162 ipsius
2476 3091 2777 3151 Ecclesiam
2827 3096 2914 3166 pie
2964 3096 3324 3152 administret.
3374 3095 3513 3164 Quis

275 3185 435 3250 σεϐῶς
475 3186 757 3257 οίκονομῇ.
808 3185 904 3249 Τίς
949 3187 1057 3258 ἄρα
1105 3186 1453 3257 ὁρισθήσεται
1496 3184 1676 3250 ;Θεοῦ
1728 3186 1835 3259 γὰρ

1942 3196 2124 3240 autem
2155 3184 2564 3256 designabitur?
2596 3186 2690 3243 Dei
2738 3188 2937 3259 quippe
2969 3188 3351 3258 pronuntiatur
3380 3203 3511 3243 con—-

280 3276 425 3348 βουλῇ
450 3278 496 3309 ’⁸
519 3277 901 3331 ἀναδείκνυται
929 3277 1199 3349 μακάριος
1234 3278 1262 3330 6
1295 3276 1579 3350 ἄνθρωπος
1601 3279 1832 3346 ἐκεῖνος,

282 3370 333 3423 ὃν
376 3372 710 3442 καταστήσει
750 3372 780 3424 ὁ
826 3370 1013 3442 κύριος
1045 3368 1209 3425 αὐτοῦ
1258 3369 1352 3425 ἐπὶ
1402 3370 1501 3442 τῆς
1550 3370 1843 3444 θεραπείας

278 3463 373 3516 τῶν
422 3463 721 3518 συνδούλων
769 3461 933 3516 αὑτοῦ
958 3500 972 3526 ,
1001 3461 1095 3515 τοῦ
1136 3462 1335 3516 διδόναι
1380 3463 1560 3527 αὐτοῖς
1590 3463 1687 3528 τὰς
1715 3482 1841 3536 τρο-

282 3552 371 3620 φὰς
408 3555 465 3607 ὲν
509 3552 689 3623 καιρῷ
724 3552 901 3606 αὐτῶν
926 3592 942 3617 ,
983 3554 1055 3625 μὴ
1113 3552 1457 3623 ἐννοούμενον
1486 3555 1579 3609 καὶ
1619 3555 1843 3624 λέγοντα

280 3642 329 3695 ὲν
374 3646 437 3713 τῇ
485 3642 687 3715 καρδίᾳ
740 3640 1234 3713 αὑτοῦοιΧρονίζει
1282 3644 1311 3697 6
1356 3642 1543 3715 κύριός
1594 3661 1695 3717 μου
1758 3644 1844 3698 έλ-

279 3732 403 3786 θεῖν·
439 3736 534 3789 καὶ
583 3731 820 3806 ἄρξηται
852 3734 1075 3787 τύπτειν
1117 3733 1243 3797 τοὺς
1296 3735 1611 3800 συνδούλους
1653 3737 1839 3804 αὑτοῦ,

278 3823 453 3877 ἐσθίων
477 3826 576 3877 καὶ
602 3824 773 3876 πίνων
802 3824 942 3894 μετά
966 3840 1026 3877 τε
1057 3823 1100 3856 ⁸³
1127 3823 1340 3895 πόρνων
1379 3826 1473 3878 καὶ
1508 3826 1839 3897 μεθυόντωνο

278 3916 361 3968 καὶ
398 3916 516 3987 ἥξει
543 3916 573 3968 6
606 3914 794 3987 κύριος
824 3916 869 3947 ⁸³
901 3913 994 3967 τοῦ
1022 3914 1207 3969 δούλου
1228 3916 1437 3970 ἐκείνου
1471 3918 1527 3971 ὲν
1560 3917 1679 3989 ὥρα
1780 3935 1841 3972 ου

277 4010 539 4080 προσδοκᾷ
563 4048 579 4073 ,
615 4008 711 4062 καὶ
738 4009 797 4062 ἐν
826 4007 1010 4080 ἡμέρᾳ
1101 4008 1165 4062 οὐ
1195 4007 1489 4078 γινώσκει,
1525 4011 1619 4063 καὶ
1642 4010 1845 4081 διχοτο-

278 4104 427 4172 μήσει
458 4101 646 4166 αὐτὸν,
678 4102 771 4155 καὶ
798 4099 862 4155 τὸ
883 4100 1145 4155 ἀπιστοῦν
1171 4099 1339 4155 αὐτοῦ
1374 4100 1539 4173 μέρος
1572 4101 1711 4173 μετὰ
1736 4102 1843 4155 τῶν

278 4194 577 4267 ὑποκριτῶν
612 4194 786 4265 θήσει.
802 4215 822 4249 ρ

335 4284 469 4340 LXI.
496 4286 565 4340 Εί
593 4286 651 4339 δέ
680 4303 765 4349 τις
784 4284 893 4339 τῶν
915 4282 1294 4352 παρεστώτων,
1315 4284 1532 4338 διοικεῖν
1550 4284 1843 4356 δυνάμενος

270 4378 360 4447 τὴν
385 4377 780 4449 ἀγνωμοσύνην
807 4377 915 4431 τῶν
940 4376 1267 4448 ἀνθρώπων,
1303 4378 1710 4440 ὑποστέλλεται,
1744 4378 1843 4450 τῆς

274 4470 426 4523 αὑτοῦ
449 4469 811 4533 ἀναπαύσεως
830 4469 1129 4538 φροντίζων
1153 4469 1341 4541 μόνης,
1364 4469 1458 4522 καὶ
1484 4468 1648 4532 αὐτὸς
1675 4485 1844 4539 προσ-

1942 3277 2068 3333 silio
2102 3277 2297 3334 beatus
2330 3279 2421 3334 ille
2457 3280 2642 3345 homo,
2673 3295 2836 3349 quem
2867 3280 3159 3336 constituet
3184 3280 3305 3350 ejus
3333 3278 3512 3334 domi-

1941 3387 2047 3427 nus
2079 3388 2244 3442 super
2272 3372 2603 3427 famulitium
2637 3387 3025 3429 conservorum
3061 3387 3285 3427 suorum
3307 3412 3323 3439 ,
3346 3370 3513 3426 utdet

1940 3464 2051 3521 illis
2085 3465 2269 3520 cibum
2297 3464 2354 3520 in
2386 3474 2629 3536 tempore
2649 3503 2663 3529 ,
2694 3464 2789 3535 qui
2823 3480 2930 3519 non
2961 3464 3163 3535 cogitat
3194 3478 3259 3519 ac
3288 3462 3421 3518 dicit
3452 3462 3509 3517 in

1941 3553 2106 3609 corde
2120 3569 2292 3610 suozc
2314 3554 2518 3609 Moram
2557 3553 2690 3609 facit
2719 3554 2973 3609 dominus
3005 3569 3161 3610 meus
3192 3553 3378 3609 venire
3412 3571 3428 3608 :
3462 3551 3511 3608 si

1941 3646 2089 3703 enim
2121 3646 2203 3702 sic
2234 3648 2465 3717 cmperit
2498 3656 2783 3718 percutere
2805 3662 3136 3712 conservos,
3172 3647 3510 3703 manducans

1942 3749 1996 3795 et
2013 3738 2208 3795 bibens
2242 3755 2367 3795 cum
2403 3741 2785 3797 meretricibus
2817 3756 2882 3796 ac
2908 3740 3169 3807 ehriosis,
3206 3738 3386 3794 veniet
3412 3740 3511 3794 do—

1943 3830 2127 3887 minus
2156 3832 2299 3886 servi
2320 3831 2469 3886 illius
2497 3832 2551 3885 in
2579 3833 2714 3886 hora
2761 3848 2869 3902 qua
2900 3848 3009 3885 non
3044 3840 3226 3900 sperat
3251 3838 3307 3885 et
3339 3831 3391 3884 in
3421 3831 3511 3887 die

1944 3937 2055 3992 quo
2098 3923 2270 3978 nescit
2305 3962 2321 3989 ,
2357 3930 2413 3977 et
2443 3921 2649 3977 dividet
2681 3938 2805 3977 cum
2833 3964 2847 3988 ,
2880 3931 3198 3992 partemque
3237 3920 3358 3991 ejus
3387 3919 3512 3977 inli-

1941 4013 2115 4070 delem
2148 4023 2311 4085 ponet
2340 4029 2466 4069 cum
2502 4013 2798 4085 bypocritis
2833 4026 2881 4069 ο.
2920 4030 2938 4063 ι

2015 4282 2152 4339 LXI.
2186 4282 2341 4350 Quod
2371 4281 2418 4337 si
2462 4281 2587 4353 quis
2614 4281 2909 4337 astantium
2934 4320 2949 4343 ,
2978 4296 3100 4338 cum
3134 4280 3305 4351 possit
3335 4280 3510 4335 homi-

1943 4392 2074 4432 num
2109 4375 2509 4445 improbitatem
2544 4389 2756 4444 regere,
2794 4382 2971 4428 tamen
3000 4374 3283 4437 detrectat,
3314 4372 3383 4428 de
3409 4388 3512 4429 sua

1946 4467 2124 4521 solum
2151 4465 2333 4535 quiete
2361 4465 2633 4521 sollicitus
2656 4505 2673 4531 ,
2706 4472 2762 4519 et
2792 4464 2909 4535 ipse
2955 4474 3237 4535 exspectet
3270 4463 3463 4521 audire
3492 4482 3508 4520 :

272 4559 474 4614 δοκάτω
485 4560 621 4614 ἀκού
628 4578 734 4615 σαν
754 4561 940 4615 Δοῦλε
951 4558 1175 4627 πονηρὲ
1186 4559 1283 4612 καὶ
1299 4559 1534 4627 όκνηρὲ,
1550 4559 1669 4613 ἔδει
1690 4575 1761 4613 σε
1776 4558 1835 4613 td

1948 4555 2101 4612 Serve
2148 4556 2285 4611 male
2313 4566 2363 4611 at
2401 4558 2584 4627 piger,
2635 4558 2865 4629 oportuit
2913 4566 2959 4611 te
3001 4558 3206 4611 tradere
3233 4558 3512 4627 pecuniam

278 4652 428 4722 112
449 4653 736 4721 ἀργύριόν
748 4670 865 4722 μου
879 4650 1199 4720 προϐαλεῖν
1208 4650 1307 4703 ἐπὶ
1326 4650 1444 4704 τῶν
1462 4649 1837 4720 τραπεζὶτῶν,

272 4744 367 4800 καὶ
396 4744 511 4814 ἐγὼ
532 4744 611 4798 ἂν
629 4742 822 4799 ἐλθὼν
840 4742 1071 4812 ἔπραξα
1089 4742 1154 4797 τὸ
1174 4743 1319 4813 ἐμόν
1332 4760 1345 4770 ·
1366 4741 1644 4797 ἐκϐάλετε
1663 4742 1709 4773 ’³
1735 4742 1840 4796 τὸν

274 4836 509 4904 ἀχρεῖον
519 4836 843 4903 δοῦλονεὶς
860 4836 925 4890 τὸ
942 4838 1161 4903 σκότος
1172 4836 1236 4890 τὸ
1256 4834 1564 4904 ἐξώτερον.
1580 4834 1687 4890 Καὶ
1699 4835 1841 4890 εύλό-

277 4945 404 4995 γως.
444 4928 546 4982 Σοῦ
576 4928 686 5000 γὰρ
706 4968 721 4993 ,
748 4929 932 5001 φησὶν,
965 4928 1240 5001 ἄνθρωπε,
1268 4929 1393 4991 τοὺς
1425 4927 1611 4997 λόγους
1638 4944 1737 4998 μου
1763 4926 1839 4991 ῶς

282 5018 532 5091 ἀργύριον
566 5021 659 5073 ἐπὶ
691 5020 1029 5091 τραπεζιτῶν
1073 5019 1311 5090 βαλείνθδ
1340 5020 1433 5073 καὶ
1470 5019 1545 5082 ὡς
1581 5020 1839 5091 χρήματα

280 5109 581 5183 δοκιμάσαι.
636 5112 711 5165 Τὸ
761 5108 856 5165 οὖν
899 5112 1097 5184 πλῆθος
1127 5112 1234 5166 τῶν
1267 5111 1469 5165 πιστῶν
1512 5112 1593 5165 δεῖ
1623 5112 1701 5165 ὲνί
1732 5129 1837 5166 τινι

283 5204 591 5267 πείθεσθαι,
625 5206 715 5258 ἵνα
752 5204 923 5268 οὕτως
971 5206 1028 5259 ἐν
1061 5205 1280 5276 ὁμονοίᾳ
1320 5204 1574 5260 διατελεῖν
1614 5204 1835 5275 δυνηθῇ.

283 5294 353 5348 Τῦ
379 5295 482 5368 γὰρ
526 5299 607 5361 είς
644 5297 819 5369 ἀρχὴν
866 5298 991 5367 μιᾶς
1028 5297 1193 5367 λῆγον
1222 5296 1500 5362 ἐξουσίας,
1547 5297 1842 5369 μοναρχίας

1944 4664 2114 4703 meam
2148 4647 2520 4703 nummulariis
2541 4687 2558 4714 ,
2584 4657 2634 4702 et
2672 4664 2764 4719 ego
2814 4650 3018 4702 veniens
3050 4649 3334 4718 exegissem
3371 4647 3510 4718 quod

1946 4757 2117 4796 meum
2145 4750 2241 4795 est.
2276 4740 2470 4810 Ejicite
2498 4740 2740 4795 inutilem
2785 4758 2988 4796 servum
3016 4741 3069 4794 in
3101 4742 3333 4796 tenebras
3361 4752 3509 4796 exte-

1948 4834 2111 4889 riores
2141 4833 2191 4887 ιι.
2257 4831 2321 4887 Ει
2372 4833 2588 4889 merito.
2650 4831 2829 4887 Tuum
2863 4834 3006 4887 cnim
3031 4873 3046 4900 ,
3078 4832 3288 4904 inquit,
3324 4840 3440 4899 est,
3476 4848 3511 4887 ο

1946 4924 2132 4991 homo,
2168 4924 2400 4995 probare
2425 4923 2587 4980 verba
2616 4939 2766 4991 mea,
2804 4934 3060 4996 tanquam
3082 4924 3225 4995 apud
3256 4939 3513 4981 nummu-

1946 5015 2115 5071 larios
2143 5022 2424 5087 argentum
2458 5024 2514 5072 et
2545 5017 2832 5088 pecuniam
2873 5016 3124 5087 pendere.
3159 5014 3346 5087 Itaque
3374 5016 3510 5071 lide-

1945 5107 2079 5163 lium
2115 5108 2403 5165 multitudo
2437 5109 2528 5164 uni
2564 5109 2724 5164 debet
2756 5109 3000 5177 credere,
3038 5118 3097 5164 ut
3128 5109 3200 5163 ita
3226 5108 3399 5179 possit
3431 5108 3511 5162 viv

1945 5216 2072 5257 vere
2104 5202 2465 5259 concorditer.
2515 5201 2671 5269 Quod
2718 5202 2862 5257 enim
2913 5202 2966 5256 in
3028 5202 3192 5257 unius
3226 5200 3509 5272 potestatis

1948 5292 2237 5364 imperium
2270 5294 2491 5362 desinit,
2532 5294 2866 5350 monarchiae
2905 5292 3403 5365 repraesentatione,
3434 5290 3511 5348 fa-

351 5445 377 5474 ι
413 5432 602 5491 latth.
632 5449 783 5500 uiv,
813 5433 914 5499 48;
939 5432 1071 5489 Luc.
1094 5449 1195 5502 xu,
1217 5434 1307 5489 42.
1396 5435 1422 5476 δ
1462 5434 1651 5490 Matth.
1681 5448 1818 5499 xxv,
1842 5428 1940 5498 26;
1969 5432 2103 5490 Luc.
2139 5451 2255 5502 xix,
2284 5435 2375 5491 22.

1565 5588 1802 5645 VABUE
1850 5588 2253 5646 LECTIONES.

357 5752 608 5837 "effiat!

294 5760 611 5879 {gf-‘32
632 5760 1051 5893 δϐἓιῶδέῖῗέῶεέϊ
1082 5760 1568 5873 ’Ξίδρμέῗζὲῗςοξῒίυ
1586 5760 1645 5873 8.

705 5752 914 5827 μῶντός
951 5765 1050 5819 μου
1082 5763 1132 5817 p.
1158 5748 1433 5821 ὁρμῶντος
1469 5767 1568 5820 μου
1598 5751 1659 5805 0.
1735 5749 1782 5782 “
1798 5750 1944 5824 αὐτῷ
1970 5751 2029 5806 C.
2108 5747 2155 5778 ⁸⁸
2170 5748 2480 5821 νομίσουσιν
2508 5746 2568 5801 C.
2644 5746 2688 5778 ⁸⁸
2710 5747 2848 5814 Lege
2874 5745 2939 5817 μέ
2964 5742 3022 5824 8.
3098 5740 3506 5825 ⁸⁷ἑπικρατήσςι

705 5868 712 5879 .
771 5820 1051 5887 δεηθῶμεν
1094 5817 1155 5873 C.
1260 5820 1409 5872 ⁸⁹τόν
1432 5836 1540 5873 om.
1586 5820 1645 5873 C.
1761 5822 1967 5877 "ltaO
2020 5836 2049 5875 c
2102 5817 2141 5869 Ι)
2172 5858 2186 5881 ,
2221 5818 2471 5887 βουλή.0.
2583 5821 2621 5849 ·¹
2665 5817 2723 5869 τέ
2756 5822 3219 5886 ρῑῖειργηιιεοΐιιῐιι
3250 5811 3311 5868 Cl
3356 5821 3409 5867 et
3444 5809 3499 5864 ὃ.

2583 5821 2621 5849 -ι
2665 5817 2723 5869 τέ
2756 5809 3219 5886 ρὶτοίργηιὶεογιιῐιι
3250 5809 3311 5868 Cl
3356 5809 3415 5867 et
3444 5809 3499 5864 ὃ.

296 5891 343 5920 ³⁸
380 5894 583 5950 ἐκείνου
617 5898 824 5953 excidit
853 5889 939 5961 ap.
971 5892 1032 5947 Cl
1078 5898 1132 5947 et
1160 5889 1214 5947 S.
1294 5891 1339 5921 ’³
1356 5890 1615 5960 ὲμϐάλετε
1639 5893 1698 5946 ο.
1756 5894 1799 5923 ⁸⁸
1818 5893 1998 5965 βαλεῖν
2028 5889 2249 5959 adjunxi
2273 5906 2320 5946 c.
2355 5889 2417 5949 Ο.
