4068 6338
567 360 663 417 151

1413 360 1469 415 s.
1514 346 1903 415 CLEMENTIS
1939 360 1959 414 1
1990 357 2157 415 non.
2192 357 2392 416 rem.
2428 358 2655 415 orum
2687 358 2912 413 ouum.

3699 332 3800 408 iss

550 480 643 532 .cit
684 481 741 530 ut
773 473 1004 544 subjecti
1036 488 1133 544 per
1155 474 1360 530 bonum
1385 472 1633 539 ordinem
1668 473 1921 529 fruantur
1952 489 2124 545 pace:

2229 476 2416 542 εικόνι,
2444 474 2569 536 τοὺς
2602 473 2922 534 ὐπείκοντας
2950 468 3098 543 αἰτίᾳ
3131 467 3385 534 εὐταξίας
3416 466 3638 540 εἰρήνης
3668 466 3801 522 ἀπο-

566 568 660 638 qui
697 580 825 623 vero
859 578 1052 620 omnes
1086 564 1278 619 volunt
1330 565 1619 635 imperare,
1655 582 1756 622 nec
1790 568 1882 622 uni
1916 567 2015 623 soli
2037 582 2129 623 cev

564 661 693 713 dere
723 697 739 725 ,
782 656 854 712 ob
904 656 1233 713 divisionem
1290 656 1512 729 penitus
1568 659 1861 714 concidant
1909 673 2130 714 necesse

562 760 669 805 est.

640 848 797 906 LXII.
832 847 937 907 Sed
967 858 1021 904 et
1045 858 1097 907 te
1125 849 1487 920 persuadeant
1515 865 1637 917 quae
1668 860 1793 907 ante
1819 850 2006 907 oculos
2032 866 2128 921 po-

566 942 673 998 sita
715 942 1095 997 obversantur.
1146 940 1366 997 Scilicet
1416 957 1562 996 nunc
1593 985 1609 1008 ,
1663 957 1787 996 cum
1829 941 1987 997 multi
2033 956 2130 1011 per

563 1049 782 1089 omnem
822 1044 1019 1089 terram
1051 1034 1162 1089 sint
1204 1049 1387 1105 reges,
1439 1034 1661 1090 assidue
1688 1035 1827 1088 bella
1851 1035 2125 1089 oriuntur.

567 1125 959 1197 Unusquisque
984 1126 1127 1182 enim
1152 1126 1498 1181 occasionem
1532 1127 1599 1181 ad
1635 1126 1836 1182 bellum
1867 1126 2035 1182 sumit
2062 1141 2130 1180 ex

564 1216 789 1272 alterius
814 1217 1066 1287 imperio.
1094 1215 1152 1272 Si
1175 1226 1360 1272 autem
1391 1233 1535 1274 unus
1570 1228 1714 1273 esset
1742 1217 1930 1271 mundi
1957 1216 2130 1287 impc-

564 1317 745 1375 rator,
783 1308 875 1365 ille
919 1308 1202 1364 desinente
1244 1309 1476 1364 bellandi
1506 1325 1667 1365 causa
1699 1319 1957 1364 mter-nam
1987 1310 2128 1365 obti-

564 1406 717 1453 neret
746 1412 953 1467 pacem.
989 1396 1231 1468 Denique
1253 1399 1320 1453 iis
1342 1399 1437 1470 qui
1468 1399 1632 1454 vitam
1660 1407 1970 1469 perpetuam
1997 1415 2129 1455 con-

563 1499 893 1557 sequentur,
951 1504 1122 1542 unum
1182 1488 1326 1544 Deus
1356 1489 1412 1543 in
1456 1489 1548 1543 illo
1592 1489 1796 1543 saeculo
1846 1489 2127 1544 constituit

562 1579 805 1635 universi
842 1594 1021 1651 regem
1049 1620 1064 1645 ,
1090 1589 1149 1634 ut
1172 1594 1267 1650 per
1294 1579 1669 1636 monarchiam
1712 1595 1819 1649 pax
1848 1580 2127 1636 exoriatur

563 1672 793 1727 stabilis.
830 1671 1035 1728 Debent
1071 1673 1258 1743 itaque
1287 1672 1471 1728 cuncti
1523 1688 1691 1727 unum
1738 1684 1997 1743 tanquam
2025 1674 2127 1728 vim

563 1765 757 1819 ducem
788 1764 979 1834 sequi,
1009 1765 1198 1835 sicque
1251 1763 1347 1819 Dei
1396 1764 1689 1835 imaginem
1734 1766 2003 1820 honorare
2035 1783 2048 1818 :
2079 1765 2126 1819 is

2233 565 2415 621 λαύειν
2467 565 2706 637 τίθησιν·
2765 564 2827 617 τὸ
2889 563 2946 617 δὲ
2973 563 3018 595 ’⁸
3054 562 3259 624 πάντας
3299 558 3691 631 φιλαρχούντας
3723 560 3801 613 ἑνὶ

2236 655 2380 728 μόνῳ
2398 655 2613 721 ὑπεῖξαι
2645 657 2718 728 μὴ
2752 655 2956 720 θέλειν,
2987 655 3080 707 καὶ
3114 653 3264 724 αἰτίᾳ
3283 653 3329 684 ⁸⁸
3355 652 3669 724 διαιρέσεως
3688 652 3799 723 (79)

2233 748 2450 811 πάντως
2482 749 2577 803 καὶ
2608 750 2923 819 περιπεσεῖν
2944 747 2987 779 ’⁷
3022 746 3252 816 ἔχουσιν.
3655 794 3663 803 ,

2303 840 2604 896 ωιιιαΑλγ
2620 841 2701 893 ἔτι
2716 841 2820 911 μὴν
2840 838 3065 892 πειθέτω
3077 837 3146 891 τὰ
3156 839 3283 910 παρ’
3295 836 3589 907 ὀφθαλμοῖς
3599 835 3805 908 τιθέμεη

2232 949 2298 985 να
2317 933 2384 998 ⁸⁸,
2405 932 2523 997 πῶς
2539 932 2632 986 νῦν
2654 932 2860 989 πολλῶν
2880 930 3017 984 κατὰ
3038 932 3213 983 πᾶσαν
3237 930 3336 1000 τὴν
3355 929 3457 999 γῆν
3469 929 3634 981 ὄντων
3649 928 3803 999 βασι-

2231 1021 2364 1075 λέων
2386 1023 2619 1093 συνεχῶς
2639 1022 2858 1093 πόλεμοι
2872 1021 3127 1091 γίνονται.
3150 1020 3301 1089 Ἔχει
3315 1018 3423 1090 γὰρ
3436 1018 3662 1079 ἕκαστος
3683 1016 3810 1087 πρό-

2230 1131 2394 1184 φασιν
2413 1116 2490 1178 είς
2509 1114 2741 1185 πόλεμον
2764 1113 2861 1184 τὴν
2883 1112 3063 1183 ἑτέρου
3085 1112 3277 1183 ἀρχήν.
3313 1110 3437 1163 Ἐἀν
3457 1108 3514 1162 δὲ
3536 1102 3617 1171 εἷς
3712 1106 3806 1159 τοῦ

2230 1207 2430 1270 παντὸς
2462 1206 2680 1277 ἡγεμὼν
2699 1246 2714 1270 ,
2748 1201 2807 1261 οὗ
2840 1206 3042 1259 εἵνεκεν
3078 1204 3301 1274 πολεμεῖ
3331 1203 3431 1256 οὐκ
3464 1201 3604 1272 ἔχων
3634 1199 3805 1254 ἀΐδιον

2227 1299 2326 1371 τὴν
2358 1298 2579 1370 εἰρήνην
2610 1298 2740 1369 ἔχει.
2772 1298 2950 1367 Πέρας
2983 1295 3111 1366 γοῦν
3142 1298 3170 1349 6
3193 1295 3325 1358 Θεὸς
3358 1296 3472 1357 τοῖς
3514 1290 3808 1356 καταξιου-

2232 1389 2410 1461 μένοις
2440 1389 2653 1443 αἰωνίου
2680 1390 2824 1460 ζωῆς
2846 1389 2940 1442 ἕνα
2968 1391 3023 1443 ὲν
3044 1387 3122 1458 τῷ
3140 1387 3260 1440 τότε
3290 1384 3445 1439 αίῶνι
3472 1382 3697 1455 βασιλέα
3712 1380 3810 1434 τοῦ

2233 1482 2438 1545 παντὸς
2468 1481 2786 1552 καθίστησιν
2812 1520 2826 1543 ,
2879 1482 2966 1534 ἵνα
3021 1480 3170 1549 αἰτίᾳ
3223 1476 3516 1549 μοναρχίας
3563 1476 3812 1537 ἄπτωτος

2233 1572 2423 1643 εἰρήνη
2468 1574 2689 1644 γένηται
2712 1572 2776 1624 ⁸⁸.
2819 1572 2938 1643 Χρὴ
2973 1567 3063 1624 οὖν
3096 1569 3174 1623 ἑνί
3206 1587 3310 1622 τινι
3359 1570 3433 1633 ὡς
3460 1566 3638 1639 ὁδηγῷ
3681 1566 3813 1627 τοὺς

2230 1662 2442 1725 πάντας
2462 1661 2709 1727 ἕπεσθαι,
2731 1662 2805 1724 ὼς
2835 1661 3017 1713 εἰκόνα
3038 1657 3172 1712 Θεοῦ
3206 1657 3604 1729 προτιμῶντας,
3629 1653 3722 1706 τὸν
3751 1653 3813 1708 δὲ

2233 1751 2426 1822 ὁδηγὸν
2459 1746 2596 1804 εἶναι
2628 1751 2728 1821 τῆς
2760 1750 2841 1812 είς
2868 1750 2966 1820 τὴν
3000 1748 3159 1816 ἁγίαν
3188 1745 3338 1800 πόλιν
3367 1743 3638 1814 εἰσιούσης
3668 1740 3816 1795 εἰσό-

562 1865 741 1911 autem
795 1855 989 1911 ductor
1032 1856 1173 1912 scire
1218 1856 1379 1913 debet
1422 1857 1599 1924 viam,
1644 1872 1755 1928 qua
1803 1858 2041 1912 intratur
2072 1857 2124 1911 in

2229 1843 2321 1898 δου
2354 1845 2547 1916 ὲπιστή
2557 1859 2710 1915 μονα.

562 1956 808 2004 sanctam
842 1947 1135 2003 civitatem.

633 2040 816 2096 LXIII.
846 2040 1021 2108 Quem
1060 2056 1189 2098 vero
1233 2042 1405 2098 alium
1454 2056 1522 2097 ex
1572 2042 1877 2098 astantibus
1908 2042 2125 2114 eligam,

562 2148 725 2201 quam
756 2132 1077 2189 Zacehmum
1098 2175 1113 2199 ,
1172 2135 1317 2205 apud
1358 2150 1520 2205 quem
1564 2143 1619 2189 et
1649 2134 1913 2191 Dominus
1946 2144 2131 2190 noster

562 2223 839 2293 ingressus
862 2224 1062 2280 mansit
1089 2266 1105 2292 ,
1131 2225 1387 2294 judicans
1416 2227 1639 2298 dignum
1671 2242 1793 2283 esse
1826 2228 1921 2298 qui
1952 2228 2130 2282 salva-

562 2316 747 2370 retur?
793 2315 913 2382 Quo
944 2316 1092 2372 dicto
1139 2334 1361 2373 manum
1397 2319 1649 2389 praesenti
1689 2318 1949 2374 Zacchazo
2005 2318 2129 2389 inji-

561 2408 734 2472 eiens,
788 2409 1015 2479 cogebat
1063 2425 1189 2472 eum
1244 2411 1299 2465 in
1349 2425 1449 2467 sua
1506 2411 1761 2466 cathedra
1814 2413 2021 2467 sedere.
2059 2410 2129 2465 At

562 2496 856 2556 Zacchzeus
885 2500 1137 2556 accidens
1164 2500 1230 2556 ad
1261 2501 1425 2571 pedes
1451 2500 1571 2571 ejus
1594 2501 1821 2573 rogabat
1874 2501 1952 2555 uti
1980 2500 2128 2571 prin-

560 2594 745 2663 cipatu
796 2595 978 2665 ipsum
1029 2597 1284 2651 liberaret
1317 2614 1332 2651 :
1369 2596 1644 2666 simulque
1676 2596 2034 2666 pollicebatur
2063 2610 2129 2650 ac

559 2684 772 2740 dicebat
807 2704 820 2739 :
852 2684 1205 2758 Quaecunque
1255 2687 1349 2758 qui
1383 2697 1579 2757 praeest
1610 2687 1791 2741 facere
1820 2688 2010 2757 debet,
2046 2687 2129 2741 fa-

563 2778 727 2845 ciam,
766 2787 976 2833 tantum
1007 2779 1145 2834 mihi
1186 2779 1329 2835 dona
1372 2795 1482 2835 non
1519 2780 1716 2835 habere
1759 2780 1864 2835 hoc
1886 2795 2123 2835 nomen:

558 2884 751 2925 vereor
778 2871 920 2927 enim
972 2871 1311 2942 principatus
1356 2888 1554 2928 nomen
1594 2874 1836 2942 induere,
1866 2875 2124 2945 quoniam

558 2963 756 3019 acerba
792 2964 995 3019 invidia
1028 2973 1082 3020 et
1104 2965 1350 3035 periculo
1370 2966 1627 3023 abundat.

628 3119 815 3176 LXIV.
846 3120 992 3177 Dixit
1011 3121 1231 3179 Petrus:
1263 3121 1320 3179 Si
1344 3125 1448 3181 hoc
1477 3127 1703 3195 vereris,
1731 3128 1842 3185 noli
1872 3129 2123 3199 princeps

555 3215 763 3279 vocari,
791 3214 887 3270 sed
911 3215 1245 3272 constitutus
1271 3217 1388 3288 (seu
1421 3218 1752 3294 praefectus),
1779 3237 1898 3277 eam
1925 3224 2125 3294 quippe

558 3306 978 3377 appellationem
1016 3306 1280 3365 Dominus
1308 3312 1581 3366 concessit
1638 3327 1736 3382 per
1782 3313 1897 3370 hac
1920 3314 2121 3370 verba:

556 3396 753 3451 Beatus
787 3398 878 3454 ille
898 3399 1071 3465 homo,
1099 3417 1249 3471 quem
1271 3403 1384 3471 ejus
1408 3403 1650 3458 dominus
1673 3407 1951 3460 constituet
1971 3423 2125 3476 super

557 3490 883 3559 famulitium
906 3509 1267 3548 conservorum
1315 3512 1530 3550 suorum
1555 3510 1605 3551 ιι.
1645 3494 1801 3562 Quod
1828 3499 1873 3553 si
1899 3500 2124 3554 omnino

556 3582 763 3654 refugis
785 3584 1006 3655 agnosci
1055 3600 1155 3656 pro
1175 3600 1239 3642 eo
1260 3589 1353 3657 qui
1387 3588 1586 3644 habeat
1607 3590 1943 3660 gubernandi
1972 3602 2124 3662 pote-

555 3684 770 3742 statem,
795 3676 1048 3747 ignorare
1076 3678 1303 3748 videris,
1327 3680 1629 3751 professam
1659 3685 2001 3751 prtesidentis
2026 3700 2120 3755 po-

554 3776 803 3824 testatem
838 3770 1066 3824 multum
1096 3771 1277 3828 valere
1330 3774 1398 3829 ad
1442 3774 1871 3846 persuadendam
1901 3777 2120 3835 ﬂecten-

552 3860 788 3932 damque
839 3863 1067 3933 plebem.
1117 3863 1181 3918 Ei
1233 3867 1433 3938 quippe
1486 3879 1745 3941 tanquam
1798 3881 2120 3942 potestatem

552 3955 749 4026 adepto
770 3955 1002 4012 credunt
1026 3958 1266 4030 singuli,
1324 3963 1719 4020 conscientiam
1770 3981 1868 4036 pro
1926 3983 2121 4038 magna

556 4049 882 4105 necessitate
930 4050 1209 4108 habentes.
1259 4052 1398 4119 Quid
1428 4072 1579 4123 vero,
1637 4074 1818 4113 nonne
1869 4068 1923 4114 et
1975 4071 2119 4116 certo

552 4140 685 4209 scis,
708 4150 760 4196 te
782 4157 892 4197 non
939 4151 997 4196 ut
1020 4142 1295 4214 principes
1330 4148 1569 4216 gentium
1604 4150 1873 4219 imperare
1901 4152 2117 4219 debere,

551 4232 645 4286 sed
677 4242 734 4287 ut
772 4248 989 4288 servum
1018 4235 1329 4293 ministrare
1377 4238 1693 4297 hominibus
1719 4284 1735 4309 ,
1802 4252 1860 4299 ut
1907 4255 2117 4314 patrem

553 4325 691 4379 tueri
712 4326 907 4395 injuria
933 4325 1176 4395 allectos,
1202 4338 1265 4384 ut
1285 4330 1556 4387 medicum
1586 4333 1822 4400 visitare,
1850 4344 1910 4390 ut
1936 4349 2119 4407 pasto-

550 4430 665 4470 rem
695 4418 992 4487 custodire,
1026 4436 1136 4475 uno
1163 4422 1350 4489 verbo,
1380 4433 1609 4481 cunctas
1652 4442 1751 4496 pro
1797 4414 2115 4486 eorumdem

2302 2042 2632 2101 LXIII.TIva
2671 2042 2726 2096 δὲ
2767 2041 2922 2096 ἄλλον
2953 2043 3249 2114 αἱρήσομαι
3287 2040 3393 2094 τῶν
3423 2039 3735 2112 παρόντων,
3772 2039 3810 2110 ἦ

2231 2138 2517 2208 Ζακχαῖον,
2540 2134 2676 2206 πρὸς
2707 2133 2862 2204 113
2892 2133 2949 2185 ὃν
2980 2134 3073 2186 καὶ
3108 2135 3136 2186 6
3168 2132 3371 2203 Κύριος
3404 2129 3559 2202 ἡμῶν
3595 2130 3662 2162 ¹⁰⁰
3690 2133 3815 2183 εἰσ-

2238 2229 2329 2284 ιὼν
2367 2228 2742 2291 ἀνεπαύσατο,
2776 2226 2869 2281 τοῦ
2914 2225 3179 2292 σώζεσθαι
3224 2224 3417 2296 κρίνας
3448 2222 3595 2289 ἄξιον
3628 2219 3815 2290 sint;

2230 2322 2340 2376 Kal.
2371 2321 2526 2375 τοῦτο
2560 2318 2728 2373 εἰπὼν
2753 2359 2768 2383 ,
2840 2318 3151 2388 παρεστῶτι
3201 2317 3279 2388 τῷ
3322 2317 3575 2386 Ζακχαίῳ
3607 2315 3815 2369 ἐπιϐα-

2229 2412 2335 2467 λὼν
2393 2414 2491 2486 τὴν
2538 2415 2693 2485 χεῖρα
2722 2451 2736 2477 ,
2807 2410 3052 2476 ἐϐιάζετο
3119 2411 3209 2464 ἐπὶ
3262 2410 3360 2481 τὴν
3417 2408 3581 2462 αὑτοῦ
3644 2408 3821 2462 καθε-

2231 2507 2422 2579 σθῆναι
2486 2505 2771 2576 καθέδραν.
2818 2506 2875 2558 '0
2925 2503 2981 2557 δὲ
3030 2505 3296 2573 Ζακχαῖος
3339 2500 3661 2572 προσπεσὼν
3692 2502 3845 2570 τοῖς,

2230 2596 2386 2651 ποσὶν
2406 2594 2569 2650 αὐτοῦ
2600 2594 2797 2658 ἐδέετο,
2828 2594 2975 2657 ὅπως
3006 2591 3312 2663 τοῦκάρχειν
3346 2591 3505 2644 αὑτὸν
3534 2587 3815 2660 ἀπολύσῃ,

2233 2687 2369 2758 μετὰ
2391 2686 2485 2741 τοῦ
2510 2684 2881 2755 ὑπισχνεῖσθαι
2910 2684 3004 2737 καὶ
3031 2683 3229 2751 λέγειν,
3254 2683 3333 2736 ὅτι
3353 2681 3526 2735 ὁπόσα
3549 2680 3677 2734 ποτὲ
3695 2682 3814 2751 χρὴ

2226 2782 2317 2834 τὸν
2362 2782 2596 2853 ἄρχοντα
2644 2782 2815 2832 ποιεῖν
2837 2819 2851 2843 ,
2900 2779 3109 2849 ποιήσω
3129 2816 3144 2842 ,
3184 2777 3341 2847 μόνον
3390 2793 3476 2846 μοι
3527 2775 3589 2827 τὸ
3631 2774 3818 2845 ὄνομα

2226 2869 2385 2923 τοῦτο
2442 2870 2515 2941 μὴ
2576 2868 2717 2939 ἔχειν
2774 2868 3021 2939 χάρισαι·
3077 2866 3407 2937 εὐλαϐοῦμαι
3451 2865 3559 2936 γὰρ
3600 2865 3661 2917 τὸ
3703 2864 3817 2936 τῆς

2226 2962 2400 3033 ἀρχῆς
2452 2958 2775 3012 ἐνδύσασθαι
2832 2959 3029 3030 ὄνομα·
3076 2956 3271 3029 πικροῦ
3301 2955 3411 3027 γὰρ
3460 2955 3655 3025 φθόνου
3706 2956 3818 3010 καὶ

2226 3052 2468 3106 κινδύνου
2498 3052 2676 3122 γέμει.

2297 3143 2481 3199 LXIV.
2519 3146 2628 3198 Καὶ
2655 3146 2682 3198 6
2705 3143 2911 3216 Πέτρος
2931 3142 3056 3217 ἔφη·
3090 3142 3154 3195 Ei
3187 3139 3345 3194 τοῦτο
3366 3136 3588 3209 εὐλαϐῇ,
3614 3136 3815 3209 ἄρχων

2231 3238 2328 3311 μὲν
2357 3237 2430 3308 μὴ
2473 3235 2661 3302 καλοῦ,
2695 3234 2832 3289 ἀλλά
2854 3237 2882 3289 6
2918 3232 3216 3299 καθεστὼς,
3264 3231 3424 3285 τοῦτο
3454 3229 3548 3285 τοῦ
3589 3228 3818 3301 Κυρίου

2225 3329 2515 3392 δεδωκότος
2545 3327 2818 3399 λέγεσθαι,
2849 3326 2927 3398 τῷ
2958 3328 3152 3380 εἰπεῖν’
3182 3323 3483 3392 Μακάριος
3515 3325 3548 3376 ὁ
3579 3320 3820 3390 ἄνθρω-

2226 3435 2339 3487 πος
2362 3419 2590 3486 ἐκεῖνος
2611 3460 2626 3486 ,
2661 3418 2733 3472 ὃν
2758 3415 3125 3484 καταστήσει
3167 3419 3199 3473 ό
3228 3417 3430 3484 κύριος
3462 3413 3647 3468 αὐτοῦ
3699 3413 3819 3468 ἐπὶ

2225 3513 2336 3582 τῆς
2366 3512 2679 3579 θεραπείας
2708 3510 2825 3565 τῶν
2856 3508 3213 3565 συνδούλων
3242 3507 3448 3563 αὑτοῦ.
3474 3508 3538 3560 Et
3570 3506 3628 3560 δὲ
3663 3523 3819 3562 παν-

2225 3605 2392 3669 τελῶς
2422 3606 2483 3657 ού
2518 3604 2689 3667 θέλεις
2716 3602 3020 3674 γνωσθῆναι
3074 3602 3155 3654 ὅτι
3187 3599 3435 3665 ἐξουσίαν
3480 3598 3821 3669 διοικήσεως

2225 3696 2389 3767 ἔχεις,
2424 3696 2637 3765 ἀγνοεῖν
2690 3712 2777 3767 μοι
2816 3694 3015 3761 ἔοικας,
3061 3694 3143 3747 ὅτι
3198 3696 3230 3765 ἡ
3264 3691 3667 3763 ὁμολογουμένη
3704 3691 3819 3746 τοῦ

2225 3788 2698 3861 προκαθεζομὲνου
2730 3788 2947 3855 ἐξουσία
2980 3786 3112 3841 πολύ
3141 3804 3192 3841 τι
3223 3785 3441 3839 δύναται
3466 3784 3598 3854 πρὸς
3620 3782 3820 3838 δυσω-

2224 3882 2353 3935 πίαν
2385 3881 2478 3934 τοῦ
2511 3881 2767 3953 πλήθους.
2833 3881 2921 3945 Ὠς
2955 3881 2971 3911 ¹
3004 3880 3112 3952 γὰρ
3135 3879 3377 3949 εἰληφότι
3416 3878 3512 3949 τὴν
3543 3876 3819 3939 ἐξουσίαν

2221 3975 2451 4039 ἕκαστος
2483 3973 2761 4036 πείθεται,
2801 3973 2878 4036 ὡς
2912 3971 3151 4043 μεγάλην
3181 3970 3425 4041 ἀνάγκην
3471 3969 3571 4039 τὴν
3614 3967 3819 4020 συνεξ-

2220 4067 2374 4139 δησιν
2414 4066 2569 4136 ἔχων.
2607 4066 2671 4118 Τί
2702 4065 2759 4119 δὲ
2791 4065 2913 4134 οὐχὶ
2959 4065 3053 4116 καὶ
3085 4062 3343 4132 ἀσφαλῶς
3370 4060 3677 4130 γινώσκεις,
3715 4058 3825 4113 ὅτι

2220 4160 2317 4231 οὐχ
2348 4160 2423 4223 ὡς
2441 4161 2490 4212 οἱ
2528 4160 2782 4230 ἄρχοντες
2825 4156 2932 4209 τῶν
2965 4156 3131 4211 ἐθνῶν
3160 4156 3347 4229 ἄρχειν
3378 4155 3538 4225 ἔχεις,
3572 4152 3686 4206 ἀλλ’
3721 4153 3823 4219 ὡς

2219 4251 2401 4315 δοῦλος
2425 4252 2606 4316 αὐτοῖς
2641 4249 2947 4322 ὑπηρετῶν,
2991 4250 3065 4313 ὡς
3112 4250 3293 4321 πατὴρ
3342 4245 3715 4317 ἀδικουμένοις
3758 4248 3815 4314 ³,

2220 4345 2296 4407 ὡς
2332 4345 2510 4418 ἰατρὸς
2558 4344 3054 4414 ἐπισκεπτόμενος,
3106 4343 3182 4406 ὡς
3233 4342 3432 4414 ποιμὴν
3478 4338 3819 4409 φυλάσσων,

2224 4436 2455 4491 συνελὼν
2476 4437 2585 4509 ὲρῶ
2605 4478 2619 4503 ,
2654 4436 2754 4500 τὰς
2790 4436 2968 4499 πάσας
3004 4436 3143 4507 ὑπὲρ
3173 4436 3273 4507 τῆς
3312 4433 3489 4489 αὐτῶν
3519 4432 3829 4505 σωτηρίας

551 4511 727 4565 salute
772 4512 1051 4582 suscipere
1104 4516 1307 4572 curas?
1353 4516 1437 4571 An
1494 4528 1653 4588 putas
1700 4519 1955 4589 ignorare
2009 4538 2114 4589 me,

2227 4529 2505 4601 φροντίδας
2544 4529 2715 4602 ἔχωνς
2767 4531 2887 4583 Ὅτι
2925 4530 3025 4582 οίει
3066 4530 3276 4598 ἀγνοεῖν
3314 4545 3402 4599 με,
3436 4527 3579 4589 οἴους
3610 4527 3831 4597 καμά-

550 4604 739 4673 quales
760 4613 811 4659 te
838 4605 1158 4675 compellam
1185 4608 1400 4664 labores
1431 4626 1670 4679 sumere,
1697 4611 1825 4666 dum
1851 4622 1902 4667 tc
1932 4615 2055 4669 volo
2082 4631 2112 4669 a

2227 4640 2346 4686 τους
2375 4621 2726 4687 ἀναδέξασθαί
2759 4640 2816 4676 σε
2852 4620 3123 4693 βιάζομαι,
3159 4621 3262 4674 ὑπὸ
3292 4620 3461 4691 ὄχλων
3510 4619 3828 4689 κρίνεσθαί

549 4697 704 4768 plebe
732 4697 989 4768 judicari,
1044 4699 1133 4753 cui
1167 4700 1385 4769 placere
1436 4717 1598 4757 nemo
1633 4703 1745 4759 ullo
1794 4705 1975 4761 studio
2016 4722 2114 4777 po-

550 4798 686 4858 test;
719 4805 843 4845 cum
867 4790 1103 4846 maxime
1122 4791 1240 4847 ﬁeri
1278 4803 1461 4863 queat,
1494 4804 1574 4862 ut,
1600 4796 1693 4865 qui
1742 4795 1880 4853 bene
1920 4813 2115 4869 opera-

550 4891 659 4951 tur,
691 4882 801 4939 Deo
829 4894 1017 4954 gratus
1036 4884 1254 4941 existat.
1290 4884 1559 4952 Quocirca
1587 4903 1686 4945 oro
1718 4898 1789 4957 te,
1828 4898 1888 4945 ut
1915 4892 2114 4947 alacri-

618 5011 647 5040 α
680 4998 871 5055 Matth.
905 5017 1056 5070 xxrv,
1089 5004 1183 5073 44;
1214 5001 1349 5058 Luc.
1384 5019 1482 5074 xu,
1509 5003 1604 5061 44.

2226 4714 2386 4788 114
2410 4732 2469 4768 σε
2502 4714 2687 4780 ἀξιῶν,
2723 4711 2801 4778 οἷς
2819 4716 3009 4786 ἀρέσαι
3037 4714 3156 4768 τινὰ
3178 4715 3486 4785 ἀμηχανον;
3509 4710 3626 4781 Θεῷ
3649 4710 3712 4762 δὲ
3740 4708 3826 4767 εὖ

2222 4808 2527 4879 πράττοντα
2558 4809 2578 4839 ³
2610 4806 3101 4862 δυνατώτατον.Διὸ
3119 4806 3307 4877 δέομαι
3328 4804 3619 4877 προθύμως
3660 4803 3829 4858 ἀνα·-

2219 4897 2491 4967 δέξασθαι,
2515 4899 2601 4955 διὰ
2634 4900 2764 4954 Θεὸν
2782 4900 2823 4966 ⁸,
2854 4899 2941 4953 διὰ
2956 4898 3215 4973 Χριστὸν,
3251 4898 3390 4969 ὑπὲρ
3420 4897 3517 4967 τῆς
3542 4894 3831 4964 ἀδελφῶν

1846 5100 2076 5158 νΑιὶΙᾹΞ
2112 5102 2517 5163 LECTIONES.

613 5212 664 5244 "
681 5210 992 5293 Legend‘um
1012 5215 1091 5293 τῷ
1122 5215 1179 5270 δέ
1213 5217 1283 5293 S.
1345 5218 1580 5293 θξαὶτίαν
1607 5235 1723 5293 var.
1767 5221 1892 5276 lect.
1955 5236 2042 5292 ap.
2087 5221 2339 5293 Turrian.
2385 5221 2493 5276 Pro
2521 5225 2672 5293 epist.
2701 5223 2887 5293 pontii.
2916 5240 2968 5290 ν,
3028 5222 3080 5278 9.
3157 5224 3201 5255 ⁸⁷
3231 5223 3414 5293 πεσεῖν
3438 5219 3500 5276 C.
3578 5220 3623 5293 ῗθ
3640 5223 3832 5289 γινό-

551 5281 786 5385 ιξιῆι.

719 5282 786 5365 ξ]-
838 5353 851 5365 .
885 5284 929 5315 ⁹⁹
963 5282 1186 5365 γένηται
1252 5288 1449 5365 D._lta
1496 5282 1780 5365 legendum
1834 5307 1956 5365 esse
1990 5282 2149 5365 notat
2198 5292 2235 5347 S
2264 5336 2299 5365 ,Α
2318 5282 2626 5365 quanquam
2679 5282 2732 5348 et
2786 5282 2902 5363 ipse
2944 5282 3402 5365 repetitlectXCi
3469 5308 3529 5359 γε

631 5353 787 5435 ῄμῶν
814 5353 1177 5436 ιὶοεειιῳζο.
1241 5359 1273 5440 ,ί
1290 5358 1370 5429 τῷ
1397 5353 1840 5442 conj.'D.-—Seq.
1872 5362 1971 5485 τίὲν
2016 5364 2139 5418 add.
2179 5379 2228 5419 c.
2268 5353 2333 5419 Ο.

631 5442 680 5477 ›ν
706 5439 846 5485 con].
880 5424 958 5481 CL
993 5425 1106 5485 E20
1147 5429 1494 5485 scribendum
1549 5442 1847 5485 nutavertm
1887 5446 1922 5485 α
1956 5433 2235 5485 ικούιιενος
2268 5433 2325 5485 S.

2412 5290 2626 5362 inquam
2679 5290 2732 5348 et
2786 5290 2902 5363 ipse
2944 5294 3138 5375 repetit
3187 5290 3402 5377 IectJCi
3469 5290 3827 5414 γεγένηται.

2412 5363 2827 5435 Ρᾷιακηδὸμενος
2863 5380 3004 5435 ςοηι-
3037 5363 3081 5415 D
3108 5404 3123 5429 ν
3148 5364 3442 5435 ἀνιωμενρς
3475 5378 3557 5435 νε,
3583 5362 3833 5435 ᾁδικαξν

549 5423 846 5505 υἱῶνλοοηὶ.
880 5424 958 5481 CL
993 5423 1106 5497 Ego
1147 5423 1516 5485 scribendum'
1548 5423 1847 5500 putaverint
1887 5423 2235 5505 ἀδικούμενος
2268 5433 2325 5488 S.
2403 5433 2569 5488 ’Θεὸν
2592 5423 2750 5489 ’δὲἐὗ
2785 5423 3090 5505 πράττοντα
3111 5423 3335 5486 ’πείθειν
3366 5423 3434 5488 (ἒξ
3503 5430 3628 5486 ⁸6ιά
3649 5432 3833 5488 Θεὸν

548 5508 658 5549 οιιι.
683 5495 743 5549 0.

1852 5593 2211 5650 νΑῐὶΙΟῐίυὶί
2246 5594 2472 5652 NOTAE.

616 5704 875 5785 (79)"Kat
903 5711 1059 5778 αιτιᾳ
1080 5708 1435 5779 διαιρέσεως.
1470 5708 1641 5768 IIabet
1687 5707 1992 5767 Turrianus
2055 5711 2150 5768 lib.
2190 5728 2238 5780 v,
2298 5713 2403 5770 Pro
2442 5712 2688 5785 epistolis
2716 5711 3031 5783 pontiﬁcum
3071 5726 3191 5783 cap.
3242 5712 3310 5780 9,
3352 5714 3558 5782 αἰτίαν,
3592 5711 3845 5779 mium

548 5773 856 5847 ιιοιιοζῼοτ.
