4068 6338
323 337 427 395 155

1445 344 1970 409 CLEMENTINL—
1994 351 2272 409 HOMILIA
2301 351 2388 409 III.

3437 361 3543 419 158

324 455 597 527 σωτηρίας
619 495 635 522 ,
690 454 829 529 ὑπὲρ
859 455 1035 511 αὐτῶν
1066 458 1086 488 ⁵
1119 458 1427 529 οίκονομίας
1459 461 1552 515 καὶ
1596 464 1695 533 σῆς
1742 464 1875 533 ὠφε-

1988 476 2070 520 tcr
2099 467 2469 537 episcopatum
2506 468 2795 538 suscipias,
2829 479 3045 541 propter
3072 472 3353 530 Christum
3373 516 3389 545 ,
3442 494 3542 548 pro

323 546 488 610 λείας.

386 722 554 778 LXV.
590 726 700 779 Καὶ
728 725 789 778 τὸ
819 725 1002 797 ἕτερον
1033 726 1089 781 δὲ
1108 726 1340 797 λόγισαι,
1370 728 1473 795 ὅτι,
1497 728 1684 802 ὥσπερ
1709 731 1887 801 κάμα-

319 832 407 869 τον
440 817 538 869 καί
586 816 829 870 κίνδυνον
872 818 983 889 ἔχει
1030 819 1091 872 τὸ
1127 820 1226 889 τὴν
1282 821 1519 891 Χριστοῦ
1566 824 1885 895 Ἐκκλησίαν

320 910 643 979 οἰκονομεῖν,
685 911 922 982 τοσούτῳ
956 910 1155 983 μείζων
1195 914 1224 965 ό
1259 914 1464 984 μισθός·
1516 915 1629 968 ἀλλ’
1665 915 1743 969 ἔτι
1778 918 1885 988 μὴν

321 1003 408 1053 καὶ
437 1004 470 1073 ἡ
505 1001 727 1066 κόλασις
752 1003 949 1074 μείζων
974 1003 1052 1073 τῷ
1072 995 1358 1075 ’δυναμένῳ
1392 1008 1485 1059 καὶ
1514 1008 1880 1079 ἀπειθήσαντι.

320 1092 582 1165 Βούλομαι
611 1089 725 1157 οὖν,
747 1094 1211 1167 πολυμαθέστερον
1230 1096 1383 1160 εἰδώς
1398 1115 1456 1150 σε
1474 1098 1582 1153 τῶν
1606 1099 1886 1169 παρεστώ-

316 1201 440 1246 των,
481 1184 743 1248 δανείζειν
776 1186 795 1217 ⁸
830 1186 997 1249 καλὰς
1028 1185 1267 1258 γνώμας,
1296 1187 1362 1252 ἀς
1388 1190 1540 1261 παρά
1566 1190 1659 1243 τοῦ
1680 1192 1881 1262 Κυρίου

318 1276 695 1330 τεπίστευσαν
752 1279 893 1341 Ἵνα,
924 1279 1028 1345 Εὖ,
1063 1279 1246 1334 δοῦλε
1312 1280 1492 1351 ἀγαθὲ
1538 1281 1635 1335 καὶ
1685 1280 1881 1347 πιστὲ,

318 1367 575 1444 ἀκούσῃς,
611 1370 705 1422 καὶ
742 1371 816 1441 μὴ
849 1372 868 1402 ⁷
903 1370 1091 1443 ὥσπερ
1122 1374 1151 1426 ὁ
1182 1372 1243 1425 τὸ
1270 1371 1327 1425 ἓν
1346 1373 1665 1445 ἀποκρύψας
1690 1373 1884 1427 τάλαν-

316 1476 422 1522 τον,
458 1460 711 1532 ἔγκλημα
758 1462 935 1517 λαϐὼν
982 1464 1200 1517 κολάσει
1232 1465 1531 1530 ὑπεύθυνος
1584 1466 1878 1539 ἀναφανῇς.

317 1552 375 1603 Εἰ
401 1552 459 1604 δὲ
496 1553 573 1623 μὴ
610 1552 787 1623 βούλει
822 1554 1021 1622 ἀγαθὸς
1046 1555 1217 1625 φύλαξ
1241 1558 1570 1630 καταστῆναι
1591 1558 1613 1590 ⁸
1638 1559 1732 1630 τῆς
1770 1561 1885 1613 Ἐκ-

316 1642 557 1714 κλησίας,
588 1644 773 1716 ἕτερον
792 1647 910 1699 ἀντὶ
944 1646 1036 1699 σοῦ
1063 1649 1319 1721 μήνυσον,
1356 1648 1448 1703 σοῦ
1482 1649 1882 1721 πολυμαθέστε-

316 1752 402 1807 ρον
431 1737 524 1789 καί
558 1737 895 1809 πιστότερον.
934 1739 1068 1793 Ἀλλ’
1091 1741 1111 1772 ³
1132 1741 1194 1795 ού
1218 1739 1426 1805 δώσεις⁹
1455 1743 1519 1795 σὺ
1549 1742 1657 1813 γάρ
1690 1742 1878 1813 καὶτῷ

1988 556 2216 613 fratrum
2241 560 2434 627 salute,
2460 575 2559 630 pro
2588 562 2899 617 corumdem
2930 566 3340 636 gubernatione,
3366 578 3420 625 et
3450 580 3543 629 tua

1986 650 2237 708 utilitate.

2058 742 2223 799 LXV.
2250 744 2409 799 Aliud
2437 745 2600 801 etiam
2631 756 2843 817 reputa,
2874 750 3039 819 quod,
3086 752 3227 808 sicut
3259 754 3445 811 labore
3487 766 3545 814 et

1986 835 2232 905 periculo
2261 852 2370 892 non
2406 848 2572 904 caret,
2629 840 2933 909 gubernare
2978 840 3275 901 Ecclesiam
3313 848 3540 914 Christi,

1984 941 2051 982 eo
2078 928 2255 998 major
2302 939 2386 983 est
2418 946 2646 996 merces,
2696 932 2788 987 scd
2820 942 2873 986 et
2921 934 3098 1004 major
3143 951 3301 1005 plena
3342 939 3391 994 ei
3448 942 3542 1011 qui

1986 1028 2186 1089 potest,
2215 1030 2434 1075 recusat
2476 1031 2677 1077 tamen.
2713 1023 2887 1094 Cupio
2931 1024 3115 1095 igitur,
3141 1028 3235 1098 qui
3281 1039 3333 1084 te
3371 1033 3539 1087 sciam

1984 1111 2280 1165 astantium
2303 1114 2756 1181 eruditissimum,
2788 1115 2986 1171 frenori
3008 1118 3103 1174 des
3137 1120 3395 1189 pulchras
3413 1138 3540 1178 sen-

1985 1204 2202 1271 tentias,
2241 1221 2362 1275 quae
2411 1206 2506 1261 tibi
2557 1222 2587 1261 a
2619 1207 2848 1265 Domino
2878 1211 3089 1266 tradita:
3116 1222 3281 1281 sunt;
3331 1224 3392 1269 ut
3438 1232 3541 1270 au-

1983 1294 2137 1351 dias:
2164 1295 2308 1367 Euge
2332 1314 2471 1352 serve
2499 1299 2625 1353 bone
2650 1310 2698 1354 et
2729 1301 2899 1371 fidelis
2928 1314 2977 1369 ι,
3027 1312 3081 1359 et
3129 1320 3258 1373 non,
3282 1309 3542 1375 quemad-

1984 1388 2207 1442 modum
2230 1388 2324 1459 qui
2346 1406 2515 1444 unum
2551 1393 2809 1447 talentum
2842 1395 3146 1461 abscondit,
3188 1398 3539 1468 opprobrium

1982 1478 2145 1545 feras,
2169 1492 2224 1536 et
2244 1482 2513 1539 obnoxius
2536 1485 2798 1554 supplicio
2820 1487 3131 1544 declareris.
3162 1488 3255 1545 Sin
3280 1506 3409 1545 vero
3431 1506 3538 1546 non

1980 1572 2066 1627 vis
2097 1572 2276 1629 bonus
2299 1573 2553 1630 Ecclesiae
2575 1578 2830 1632 constitui
2878 1589 3063 1635 custos
3085 1622 3100 1647 ,
3137 1582 3304 1636 alium
3360 1598 3459 1652 pro
3489 1593 3541 1638 te

1980 1664 2180 1731 indica,
2209 1666 2301 1735 qui
2327 1675 2376 1722 te
2398 1666 2470 1721 sit
2495 1667 2706 1723 doctior
2736 1684 2801 1725 ac
2821 1670 3051 1726 fidelior.
3092 1671 3198 1727 Sed
3222 1689 3331 1729 non
3359 1675 3537 1743 dabis,

1982 1765 2036 1812 tu
2065 1758 2211 1812 enim
2234 1766 2288 1813 et
2311 1774 2436 1813 cum
2460 1758 2690 1815 Domino
2721 1770 2969 1818 versatus
2990 1779 3051 1819 es
3073 1780 3137 1820 ac
3162 1766 3345 1821 vidisti
3372 1767 3539 1821 mira-

311 1827 498 1898 Κυρίῳ
547 1830 731 1899 συνῆς,
767 1831 860 1884 καὶ
907 1831 1003 1895 τάς
1035 1832 1369 1904 θαυμασίους
1408 1835 1633 1906 πράξεις
1668 1836 1875 1908 ἱστόρη-

1980 1850 2108 1905 bilia
2133 1865 2318 1921 opera,
2349 1861 2401 1907 et
2421 1850 2674 1907 Ecclesia:
2710 1854 3234 1913 administrationem
3276 1859 3536 1915 didicisti.

312 1936 426 1983 σας,
457 1923 552 1973 καί
581 1921 839 1993 διοίκησιν
879 1924 1197 1997 Ἑκκλησίας
1230 1926 1566 1999 μεμάθηκας.

375 2012 566 2067 LXVI.
601 2016 711 2068 Καὶ
747 2015 839 2070 σού
862 2017 960 2087 μὲν
984 2017 1144 2089 ἔργον
1166 2020 1283 2075 ἐστὶ
1314 2020 1552 2074 κελεύειν
1580 2019 1616 2075 ἀ
1648 2020 1748 2087 δεῖ,
1770 2020 1879 2077 τῶν

309 2106 552 2174 ἀδελφῶν
578 2109 641 2172 ¹⁰,
679 2108 926 2164 ὑπείκειν
962 2111 1055 2164 καὶ
1104 2112 1177 2183 μὴ
1226 2112 1489 2166 ἀπειθεῖν.
1537 2111 1881 2179 Ὑπείξαντες

313 2200 408 2271 μὲν
439 2196 533 2254 οὖν
570 2201 925 2272 σωθήσονται,
972 2202 1365 2275 ἀπειθήσαντες
1401 2205 1457 2257 δὲ
1492 2204 1596 2259 ὑπὸ
1625 2206 1718 2261 τοῦ
1750 2208 1881 2278 Χρι-

315 2289 438 2343 στοῦ
469 2293 509 2323 ¹¹
535 2293 979 2363 κολασθήσονται,
1001 2295 1083 2348 ότι
1105 2297 1132 2348 ὁ
1152 2296 1613 2369 προκαθεζόμενος
1642 2297 1877 2370 Χριστοῦ

316 2382 473 2437 τόπον
503 2385 879 2439 πεπίστευται.
904 2386 992 2438 Διὸ
1022 2388 1137 2457 ἢτοι
1161 2388 1344 2459 τιμὴῆ
1380 2388 1533 2460 ὕϐρις
1549 2389 1641 2443 τοῦ
1675 2408 1879 2463 προκα-

322 2475 593 2545 θεςομένου
620 2478 702 2539 είς
717 2477 949 2550 Χριστὸν
970 2478 1219 2550 φέρεται,
1245 2480 1399 2553 115
1426 2482 1531 2534 ἀπὸ
1556 2482 1611 2535 δὲ
1642 2482 1876 2554 Χριστοῦ

318 2570 396 2631 είς
426 2568 551 2621 Θεὸν
583 2571 627 2600 ¹¹
662 2571 1011 2641 ἀναφέρεται.
1061 2572 1229 2625 Τοῦτο
1262 2572 1318 2625 δὲ
1362 2575 1591 2646 εἴρηκα,
1646 2576 1732 2628 ἵνα
1784 2577 1876 2630 καὶ

314 2662 458 2713 αὐτοὶ
481 2663 531 2713 οί
558 2663 778 2732 ἀδελφοὶ
815 2664 917 2733 τῆς
943 2665 1078 2736 πρὸς
1105 2665 1165 2718 σὲ
1199 2666 1479 2731 ἀπειθείας
1510 2668 1601 2721 τὸν
1639 2667 1876 2723 κίνδυνον

312 2753 482 2807 αὐτῶν
521 2756 566 2787 ³³
618 2755 692 2826 μὴ
744 2755 1045 2823 ἀγνοῶσιν,
1103 2758 1184 2812 ὅτι
1216 2757 1276 2821 ὃς
1326 2758 1391 2811 ἄν
1437 2776 1517 2813 σοι
1564 2758 1875 2817 κελεύσαντι

308 2848 598 2921 ἀπειθήσῃ,
649 2846 869 2919 Χριστῷ
901 2848 1114 2903 ἀπειθεῖ
1143 2850 1206 2915 ⁸⁵,
1238 2849 1458 2921 Χριστῷ
1484 2849 1539 2903 δὲ
1576 2850 1875 2923 ἀπειθήσας

312 2935 435 2992 Θεὸν
456 2940 804 3011 παροργίζει.

377 3031 587 3086 LXVII.
618 3032 739 3104 Χρὴ
765 3026 859 3088 οὖν
889 3032 988 3104 τὴν
1026 3032 1371 3105 Ἐκκλησίαν,
1390 3034 1465 3099 ὡς
1483 3034 1633 3088 πόλιν
1666 3036 1723 3091 ὲν
1750 3033 1873 3106 ὄψει

313 3124 762 3196 οἰκοδομουμένην
793 3126 856 3190 ³⁸,
893 3126 1134 3195 φιλόθεον
1154 3126 1297 3197 ἔχειν
1316 3127 1469 3195 τάξιν
1499 3128 1593 3182 καὶ
1612 3127 1873 3200 διοίκησιν

315 3217 489 3287 καλήν.
529 3216 643 3289 Πρὸ
672 3218 887 3272 πάντων
919 3220 947 3272 ὀ
984 3219 1278 3284 ἐπίσκοπος
1309 3220 1385 3283 ὡς
1417 3218 1597 3290 ἄρχων
1645 3220 1772 3292 περ)⁵
1796 3212 1871 3275 ὧν

314 3309 448 3376 λέγει
496 3309 794 3363 ἀκουέσθω-
842 3312 891 3363 oi
925 3310 1282 3382 πρεσϐύτεροι
1315 3310 1385 3364 τά
1420 3311 1750 3382 κελευόμενα
1790 3312 1874 3381 γί-

315 3401 486 3453 νεσθαι
519 3402 563 3431 ¹⁶
600 3402 1061 3466 σπουδαζέτωσαν·
1093 3403 1141 3456 οἱ
1174 3403 1408 3459 διάκονοι
1451 3403 1872 3475 ὲκπεριερχόμε-

316 3510 386 3545 νοι
414 3493 522 3546 τῶν
557 3492 797 3560 ἀδελφῶν
828 3494 896 3548 τὰ
922 3492 1147 3564 σώματα
1181 3496 1274 3550 καὶ
1303 3495 1401 3558 τὰς
1428 3494 1609 3564 ψυχὰς
1653 3497 1875 3549 ἐπισκε-

317 3585 645 3651 πτέσθωσαν,
681 3588 774 3639 καὶ
786 3585 863 3656 τῷ
890 3587 1171 3657 ὲπισκόπῳ
1189 3587 1671 3643 ἀντιϐαλλέτωσαν·
1688 3590 1736 3643 οι
1764 3588 1873 3641 λοι-

317 3678 397 3730 ποῖ
427 3678 631 3740 πάντες
658 3676 876 3746 ἀδελφοὶ
907 3678 968 3730 τὸ
994 3678 1294 3731 ἀδικεῖσθαι
1328 3679 1785 3749 ἀναδεχέσθωσαν·
1822 3682 1871 3739 εί

314 3768 361 3821 δὲ
391 3769 671 3841 κρίνεσθαι
714 3770 924 3822 θέλουσι
967 3771 1096 3841 περὶ
1126 3764 1200 3824 ὧν
1246 3770 1587 3839 ἀδικοῦνται,
1641 3772 1735 3824 ἐπὶ
1761 3772 1871 3826 τῶν

314 3863 690 3933 πρεσϐυτέρων
716 3863 1251 3933 συμϐιϐαζέσθωσανο
1287 3864 1378 3919 τὸν
1409 3864 1464 3917 δὲ
1499 3864 1872 3936 συμϐιϐασμὸν

311 3955 357 4006 οἱ
394 3954 753 4025 πρεσϐύτεροι
774 3955 851 4026 τῷ
877 3956 1157 4025 ὲπισκόπῳ
1191 3957 1765 4027 προσαναφερέτωσαν.

375 4069 602 4125 LXVIII.
636 4070 792 4123 Νέων
816 4070 871 4123 δὲ
908 4072 980 4142 μὴ
1012 4071 1167 4142 μόνον
1189 4072 1657 4139 κατεπειγέτωσαν
1680 4072 1719 4103 "
1746 4070 1870 4138 τοὺς

310 4163 530 4233 γάμους,
555 4162 689 4217 ἀλλά
716 4164 807 4218 καὶ
838 4162 945 4216 τῶν
966 4161 1403 4234 προϐεϐηκότων,
1439 4164 1510 4234 μή
1534 4180 1648 4226 πως
1676 4162 1870 4226 ζέουοα

308 4256 337 4324 ἡ
372 4252 551 4325 δρεξις
585 4254 852 4327 προφάσει
886 4256 1137 4327 πορνείας
1170 4255 1202 4326 ἢ
1239 4255 1481 4326 μοιχείας
1496 4256 1679 4327 λοιμὸν
1705 4273 1870 4327 προσ-

310 4346 502 4419 ενέγχῃ
539 4346 583 4378 ⁸⁸
609 4349 675 4418 τῇ
723 4346 1033 4419 Ἐκκλησία.
1091 4348 1259 4418 ’Υπὲρ
1299 4348 1476 4400 πᾶσαν
1540 4347 1649 4419 γάρ
1693 4349 1871 4418 ἀμαρ-

308 4438 421 4491 τίαν
452 4440 487 4511 ὴ
518 4439 618 4509 τῆς
653 4439 895 4510 μοιχείας
941 4438 1160 4496 ἀσέϐεια
1189 4437 1307 4509 Θεῷ
1352 4439 1662 4509 ὲστύγηται,
1696 4441 1775 4493 ὅτι
1806 4440 1866 4493 οὐ

2048 2010 2234 2067 LXVI.
2270 2010 2399 2067 Tua:
2434 2013 2598 2083 igitur
2626 2024 2808 2085 partes
2842 2026 2991 2082 sunt,
3042 2017 3234 2087 jubere
3283 2034 3369 2085 ea,
3416 2035 3539 2089 qua

1979 2112 2222 2174 oportet;
2257 2114 2441 2175 partes
2472 2106 2725 2176 fratrum,
2755 2108 3021 2179 subjicere
3048 2126 3107 2165 se
3127 2120 3182 2166 et
3221 2126 3329 2165 non
3361 2112 3535 2167 refra-

1978 2197 2114 2267 gari.
2150 2197 2512 2267 Subjicicntes
2542 2216 2669 2272 ergo
2716 2217 2775 2257 se
2804 2203 2937 2257 salvi
2985 2204 3149 2259 fient:
3204 2205 3536 2276 refragantes

1977 2304 2106 2343 vero
2131 2305 2160 2344 a
2188 2288 2407 2347 Christo
2440 2293 2773 2361 punientur;
2806 2294 3064 2363 quoniam
3111 2296 3205 2367 qui
3260 2298 3534 2367 praesidet,

1976 2379 2183 2436 Christi
2210 2382 2389 2439 locum
2420 2385 2646 2454 accepit.
2682 2384 2862 2451 Quare
2896 2388 3238 2455 praesidentis
3290 2389 3404 2445 sive
3430 2392 3537 2446 ho-

1977 2488 2078 2527 nor
2124 2474 2239 2528 sive
2287 2476 2614 2530 contumelia
2664 2476 2731 2531 ad
2780 2477 3060 2533 Christum
3108 2480 3365 2545 refertur,
3417 2494 3473 2538 et
3504 2500 3535 2538 a

1976 2563 2197 2627 Christo
2231 2566 2297 2622 ad
2325 2565 2514 2621 Deum.
2572 2566 2628 2621 Id
2665 2578 2845 2623 autem
2900 2572 3224 2639 prolocutus
3281 2590 3425 2642 sum,
3476 2584 3537 2631 ut

1976 2659 2081 2729 ipsi
2102 2675 2320 2731 quoque
2337 2659 2533 2716 fratres
2555 2676 2663 2715 non
2692 2661 2961 2731 ignorent,
2984 2673 3187 2731 quanto
3209 2664 3262 2718 in
3293 2666 3537 2734 periculo

1974 2763 2259 2808 versentur
2283 2753 2375 2823 qui
2401 2752 2499 2809 tibi
2529 2769 2637 2807 non
2663 2753 3133 2822 obtemperabunt.
3159 2752 3295 2808 Nam
3320 2756 3413 2825 qui
3438 2756 3536 2811 tibi

1969 2845 2183 2915 jubenti
2214 2862 2323 2899 non
2348 2845 2763 2915 obtemperabit,
2794 2845 3017 2900 Christo
3049 2862 3155 2901 non
3203 2847 3436 2914 obediet,
3483 2858 3538 2904 ct

1973 2938 2101 2993 dum
2132 2954 2241 2994 non
2268 2937 2450 2993 obedit
2471 2938 2712 3003 Christo,
2740 2936 2911 2992 Deum
2935 2938 3002 2993 ad
3034 2938 3172 2993 iram
3213 2939 3423 2995 incitat.

2042 3030 2251 3087 LXVII.
2280 3030 2500 3100 Oportet
2523 3044 2653 3101 ergo
2686 3040 2744 3085 ut
2764 3028 3028 3097 Ecclesia,
3058 3032 3205 3085 velut
3253 3032 3448 3088 civitas
3476 3034 3531 3088 in

1974 3124 2191 3180 excelso
2210 3123 2501 3191 aedificata,
2524 3122 2635 3178 Deo
2655 3122 2877 3193 dignum
2910 3123 3107 3177 habeat
3127 3124 3372 3178 ordinem
3395 3139 3533 3194 prae-

1974 3216 2289 3287 claramque
2333 3215 2885 3272 administrationem.
2930 3215 3068 3269 Ante
3117 3216 3298 3270 omnia
3318 3217 3532 3286 episco-

1972 3325 2097 3381 pus,
2127 3310 2271 3365 velut
2310 3318 2513 3374 rector,
2544 3308 2599 3361 in
2628 3308 2697 3362 iis
2733 3323 2855 3379 qua:
2906 3306 3039 3362 dicit
3068 3308 3351 3375 audiatur;
3404 3324 3533 3378 pre—

1972 3401 2174 3473 sbyteri
2205 3410 2398 3459 curent
2421 3400 2537 3455 fieri
2567 3415 2690 3470 quae
2712 3400 3005 3467 jubcutur;
3055 3399 3269 3453 diaconi
3297 3400 3535 3455 circum-

1974 3493 2313 3549 ambulantes
2341 3492 2688 3548 considerent
2708 3490 2939 3546 fratrum
2966 3506 3192 3561 corpora
3212 3501 3265 3546 et
3296 3493 3530 3561 animas,

1974 3594 2135 3652 atque
2162 3586 2415 3656 episcopo
2436 3584 2788 3650 denuntient;
2836 3583 3031 3653 reliqui
3087 3598 3277 3639 omnes
3327 3584 3523 3639 fratres

1973 3675 2110 3730 allici
2134 3678 2334 3747 injuria
2371 3678 2673 3745 suscipiant
2695 3676 2925 3730 libenter
2948 3693 2962 3742 ;
2989 3677 3135 3745 quod
3162 3678 3207 3731 si
3252 3677 3317 3731 de
3352 3678 3439 3742 iis,
3475 3678 3530 3731 in

1972 3772 2171 3840 quibus
2221 3771 2419 3840 injuria
2451 3769 2779 3833 afﬁciuntur,
2808 3767 3035 3836 cupiunt
3074 3766 3331 3837 judicari,
3386 3768 3528 3837 apud

1970 3864 2313 3934 presbyteros
2338 3863 2716 3927 concilientur,
2745 3868 2797 3913 et
2841 3860 3139 3931 presbyteri
3195 3861 3530 3916 conciliatio-

1972 3970 2095 4010 nem
2114 3956 2180 4010 ad
2219 3955 2535 4026 episcopum
2565 3952 2823 4008 referant.

2043 4073 2273 4130 LXVIII.
2297 4072 2416 4129 Non
2448 4075 2611 4130 modo
2640 4082 2821 4128 autem
2872 4072 3101 4143 juvenes
3130 4070 3196 4125 ad
3247 4068 3527 4125 matrimo-

1970 4168 2122 4224 nium
2160 4168 2506 4237 compellant,
2530 4166 2620 4221 sed
2655 4175 2710 4221 et
2740 4175 2869 4220 natu
2895 4172 3198 4235 provectos,
3220 4178 3287 4217 ne
3315 4162 3529 4219 fervens

1971 4260 2241 4330 cupiditas
2271 4274 2366 4329 per
2396 4259 2813 4313 fornicationem
2838 4258 2922 4312 vel
2953 4256 3279 4311 adulterium
3320 4266 3525 4325 pestem

1970 4354 2025 4408 in
2058 4352 2373 4407 .Ecclesiam
2427 4351 2643 4407 inferat.
2676 4350 2850 4420 Super
2880 4366 3042 4405 omne
3071 4348 3216 4403 enim
3246 4354 3526 4417 peccatum

1971 4445 2223 4514 impietas
2247 4443 2499 4499 adulterii
2550 4444 2676 4498 odio
2714 4460 2743 4497 a
2799 4442 2910 4497 Deo
2960 4443 3212 4498 habetur:
3243 4441 3371 4511 quia
3418 4457 3528 4497 non

314 4528 464 4598 μόνον
491 4528 655 4583 αὐτὸν
681 4530 773 4584 τὸν
805 4532 1195 4602 ἀμαρτήσαντα
1221 4532 1453 4603 ἀναιρεῖ,
1474 4531 1608 4585 ἀλλά
1638 4533 1867 4597 καὶτοὺς

1975 4538 2147 4593 solum
2197 4538 2453 4592 interficit
2495 4537 2672 4605 ipsum
2736 4546 3072 4604 peccatorem
3106 4534 3197 4588 sed
3230 4543 3284 4588 et
3332 4547 3529 4587 conve-

312 4622 764 4693 συνεστιωμένους
814 4624 907 4676 καὶ
952 4624 1473 4695 συναμιλλωμένουςο
1527 4624 1697 4697 λύσσῃ
1757 4624 1863 4699 γὰρ

310 4711 497 4779 ἔοικεν,
532 4716 613 4771 ὅτι
642 4716 743 4786 τῆς
772 4716 903 4778 ἰδίας
937 4716 1131 4787 μανίας
1163 4717 1495 4788 μεταδιδόναι
1538 4717 1694 4786 φύσιν
1732 4717 1865 4788 ἔχει.

314 4807 665 4879 Σωφροσύνης
688 4802 781 4861 οὖν
813 4808 969 4879 χάριν
990 4808 1362 4863 σπευδέτωσαν
1378 4812 1504 4873 τοὺς
1522 4811 1730 4883 γάμους
1749 4815 1869 4866 ὲπι-

314 4900 475 4954 τελεῖν
494 4902 569 4974 μὴ
600 4900 757 4973 μόνον
778 4901 828 4955 οῑ
846 4901 1222 4973 πρεσϐύτεροι,
1244 4902 1377 4956 ἀλλά
1393 4904 1486 4957 καὶ
1508 4906 1666 4977 116
1678 4907 1726 4958 οί
1742 4906 1870 4959 πάν-

314 4993 468 5064 τεςοή
491 4992 602 5065 γὰρ
629 4992 725 5047 τοῦ
746 4994 1141 5066 μοιχησαμένου
1171 4996 1415 5068 ἁμαρτία
1456 4997 1549 5050 ἐπὶ
1578 4997 1702 5061 τοὺς
1732 4997 1869 5051 πάν-

315 5097 407 5147 τας
423 5085 593 5139 ἐλθεῖν
615 5087 875 5162 βιάζεται.
910 5087 984 5141 Τὸ
1000 5089 1042 5126 ¹⁹
1063 5082 1157 5141 οὖν
1169 5087 1417 5145 σπεύδειν
1435 5095 1727 5163 σωφρονεῖν
1741 5094 1866 5157 τοὺς

380 5258 409 5289 ι
442 5244 629 5303 Matth.
665 5262 797 5315 xxv,
823 5245 913 5303 21.

1968 4639 2181 4686 scentes
2231 4644 2294 4685 ac
2348 4644 2691 4699 congressos.
2731 4627 2920 4681 Rabiei
2958 4627 3155 4695 quippe
3175 4633 3261 4680 est
3311 4625 3525 4691 similis,

1968 4721 2408 4793 quandoquidem
2439 4736 2469 4774 a
2500 4729 2697 4775 natura
2733 4719 2916 4784 habet,
2945 4727 3007 4771 ut
3037 4733 3192 4773 suam
3218 4716 3527 4771 communi-

1968 4825 2051 4870 cet
2073 4816 2361 4870 insaniam.
2391 4811 2534 4883 Ergo
2560 4821 2779 4882 propter
2804 4810 3104 4866 castitatem
3132 4807 3390 4863 festinent
3414 4823 3518 4861 nu-

1966 4908 2109 4975 ptias
2139 4907 2429 4961 conciliare
2452 4922 2558 4960 non
2590 4906 2751 4960 modo
2772 4904 3097 4975 presbyteri,
3131 4918 3316 4957 verum
3360 4901 3522 4954 etiam

1968 5013 2186 5066 omnes;
2213 5014 2340 5053 nam
2366 4997 2568 5053 mazchi
2593 4997 2847 5053 delictum
2871 4998 2936 5052 ad
2967 5013 3158 5051 omnes
3210 4991 3522 5050 necessario

1969 5092 2137 5147 venit.
2184 5091 2365 5148 Prima
2396 5108 2524 5164 ergo
2555 5090 2928 5147 misericordia
2962 5098 3065 5157 est,
3094 5088 3290 5145 fratres
3325 5086 3392 5141 ad
3422 5099 3523 5155 pu-

1584 5365 1818 5425 νΑιιιΑε
1857 5366 2260 5425 LECTIONES.

1242 5477 1265 5511 ⁸
1294 5476 1494 5541 δανίζει
1561 5479 1622 5533 0.

383 5473 405 5505 '
454 5473 593 5546 ὗπὲρ
625 5475 727 5545 τῆς
793 5474 972 5531 αὐτῶν
1031 5475 1094 5531 C.
1242 5477 1265 5511 ⁸
1294 5478 1359 5533 δα

383 5543 434 5599 ιιι
457 5544 880 5601 κατασταθῆναι.
1026 5546 1198 5600 ’ἀλλά
1228 5550 1286 5601 0.
1336 5559 1361 5585 ⁸

324 5543 434 5645 nuit
457 5543 880 5669 κατασταθὶἒναι.
1026 5546 1198 5630 ’ἀλλά
1228 5550 1286 5603 0.
1336 5559 1361 5585 ⁸
1425 5548 1617 5631 ,ίοτοὺσς
1643 5549 1768 5634 ἀδελ

382 5612 451 5669 Ita
488 5613 532 5667 D
572 5630 744 5669 annro
784 5625 909 5669 ante
929 5614 974 5669 0
1010 5634 1024 5669 :
1055 5618 1202 5669 αὐτω
1233 5617 1275 5669 C
1304 5659 1319 5669 .
1349 5635 1441 5669 am
1471 5634 1609 5669 com.
1645 5620 1768 5669 αὐτο

1765 5481 1877 5565 ’μή
1941 5497 2049 5537 non
2123 5482 2370 5537 omittere
2433 5480 2660 5538 debebat
2735 5479 2803 5561 S-
2856 5494 2929 5535 ε..
2974 5475 3057 5531 Cl.

1765 5568 1903 5605 ιφους
1935 5555 1996 5605 0.
2145 5553 2410 5605 ¹¹Κυοίου
2444 5551 2505 5605 C.
2655 5552 2805 5604 ¹¹του
2845 5551 2947 5605 Xo.
2983 5548 3057 5605 εἰς

1773 5568 1903 5619 φους
1935 5568 1996 5607 υ.

3214 5474 3235 5506 ⁸
3294 5471 3336 5525 D
3415 5471 3519 5529 leni

2145 5553 2410 5623 ¹¹Κυρίου
2444 5551 2505 5606 C.
2655 5550 2805 5604 ¹¹τοῦ
2845 5551 2947 5623 Χρ.
2983 5548 3063 5623 εἰς
3101 5545 3224 5623 τὸν..
3258 5543 3388 5623 Θεόν

322 5612 461 5691 "Ita
488 5613 532 5667 D
572 5612 974 5691 approbanteQ
1010 5634 1024 5683 ;
1055 5617 1202 5691 αὐτῷ
1233 5617 1275 5691 C
1296 5659 1319 5691 2
1349 5618 1441 5689 qui
1471 5612 1609 5689 conj.
1645 5612 1820 5691 αὐτόν.
1884 5612 2038 5677 “Ita
2082 5622 2119 5677 S
2146 5663 2161 5687 ,
2203 5612 2396 5691 ἀπειθῇ
2430 5623 2488 5688 C,
2529 5625 2585 5676 Ο.
2668 5612 3225 5691 ηοξκοδομῃμένηνβ
3256 5657 3271 5681 ,
3323 5613 3507 5685 ᾠκοδο

322 5685 1124 5788 εηὲἔῖἒέ.ἓυ-.¹ἒητίνέᾶθέἳτ⁰δ

384 5756 731 5829 προσενέγκω
762 5756 825 5812 C.
906 5758 945 5792 “
962 5757 1057 5813 τοῦ
1087 5758 1147 5814 C.

1232 5688 1419 5748 "Post
1446 5688 1913 5761 κατεπειγέτωσαν
1946 5704 2261 5765 repetuntur
2291 5696 2343 5751 in

2475 5687 2600 5749 τω).
2630 5694 2719 5749 τὸν
2739 5693 2796 5747 δὲ
2826 5687 3196 5759 συμϐιϐασμόν
3227 5694 3509 5758 θιιιιιιιυιδι
