4068 6338
477 328 584 387 155

1320 322 1378 379 S.
1419 323 1801 381 CLEMENTIS
1838 326 1859 381 ι
1898 326 2060 383 ROM.
2105 326 2303 383 PONT.
2343 326 2569 383 OPERA
2606 327 2826 387 DUBIA.

474 445 722 505 dicitiam
740 440 1041 513 impellere,
1065 438 1328 511 quoniam
1358 439 1554 495 anima:
1577 450 1664 536 est
1702 440 1932 509 medela,
1987 448 2040 496 at

2144 439 2421 509 ἀδελφοὺς,
2443 440 2599 495 τοῦτο
2631 440 2818 514 πρώτη
2853 441 3211 518 ἐλεημοσύνηο
3236 443 3411 517 ψυχῆς
3440 446 3558 521 ’γάρ
3588 448 3702 506 ἐστι

475 542 635 600 cibus
667 536 913 607 corporis
938 544 1021 591 est
1042 534 1330 591 recreatio.

548 718 738 779 LXIX.
763 719 1032 774 Cmterum
1058 716 1105 771 si
1134 714 1331 770 fratres
1356 724 1570 770 vestros
1615 714 1873 786 diligatis,
1906 714 2038 771 nihil

475 834 666 878 eorum
690 813 973 877 auferetis,
1017 812 1127 865 imo
1150 818 1326 865 vestra
1364 811 1866 866 comniunioabitis:
1914 825 2040 865 esu-

475 915 680 969 rientes
713 907 989 972 nutrietis,
1020 904 1332 961 sitientibus
1362 904 1669 974 praebebitis
1700 913 1910 975 potum,
1956 904 2040 958 in-

474 1006 654 1061 ductis
678 1003 875 1064 nudos,
900 998 1194 1054 visitabitis
1207 1006 1549 1068 aegrotantes,
1569 1011 1787 1053 carcere
1815 995 2040 1051 inclusis

475 1094 812 1152 succurretis
837 1108 934 1162 pro
964 1090 1193 1155 viribus,
1227 1089 1545 1160 peregrinos
1590 1089 1642 1143 in
1666 1097 1848 1144 vestra
1898 1097 2039 1142 tecta

475 1187 786 1258 suscipiatis
819 1186 1099 1251 lubenter,
1148 1184 1420 1239 neminem
1453 1183 1580 1238 odio
1614 1184 2037 1255 prosequemini.

474 1281 597 1346 Quo
629 1280 794 1335 modo
823 1287 1003 1333 autem
1038 1279 1125 1348 pie
1146 1277 1328 1332 vivere
1357 1285 1628 1347 oporteat,
1672 1292 1770 1332 vos
1800 1284 2039 1331 attentos

475 1383 657 1427 vester
704 1372 921 1427 docebit
960 1371 1195 1425 animus.
1238 1369 1438 1424 Verum
1483 1378 1608 1424 ante
1656 1368 1861 1436 omnia,
1906 1368 1953 1424 si
1987 1377 2041 1424 et

475 1467 628 1521 vobis
654 1464 835 1519 dicere
860 1478 1080 1518 necesse
1111 1462 1203 1525 sit,
1231 1462 1542 1532 frequenter
1565 1462 1851 1518 convenite
1871 1503 1887 1529 ,
1929 1462 2038 1517 uti-

474 1574 603 1613 nam
636 1557 866 1628 singulis
899 1556 1071 1619 horis,
1127 1555 1372 1625 alioquin
1402 1564 1703 1611 conventus
1738 1554 1899 1610 statis
1925 1553 2041 1609 die-

2142 533 2427 607 θεραπεία’
2484 536 2518 604 ή
2579 534 2686 606 γάρ
2726 534 2897 606 τροφὴ
2958 534 3351 608 τοῦσώματος
3406 538 3704 608 ἀνάπαυσίς

2137 625 2304 679 ἐστιν.

2140 749 2182 759 ._
2215 716 2401 773 LXIX.
2448 719 2625 790 Ὀμῶς
2649 719 2741 773 saw
2760 720 3078 791 ἀγαπήσητε
3104 722 3229 785 τοὺς
3256 722 3512 792 ἀδελφοὺς
3530 724 3701 797 ὑμῶν,

2141 812 2293 865 οὐδὲν
2311 812 2487 865 αὐτῶν
2510 812 2896 885 ἀφαιρήσεσθε,
2917 806 2989 867 ὧν
3014 814 3070 866 δὲ
3097 814 3245 885 ἔχετε
3276 817 3606 887 μεταδώσετε
3635 818 3699 852 ’⁸ο

2144 905 2443 969 πεινῶντας
2474 906 2583 977 γὰρ
2616 905 2860 978 θρέψετε,
2913 906 3104 977 διψῶσι
3154 896 3313 962 ποτὸν
3346 910 3603 983 παρέξετε
3635 913 3702 979 ⁸⁸,

2142 999 2385 1069 γυμνοὺς
2419 998 2686 1063 ὲνδύσετε,
2738 999 3025 1064 νοσοῦντας
3070 1001 3445 1073 ὲπισκέψεσθε,
3501 1007 3613 1068 τοῖς
3649 1006 3706 1059 ὲν

2142 1092 2384 1163 εἱρκταῖς
2411 1092 2485 1156 ὼς
2505 1093 2725 1146 δυνατὸν
2754 1092 3066 1165 βοηθήσετε,
3086 1092 3265 1158 ξένους
3294 1097 3373 1159 είς
3404 1095 3472 1149 τά
3498 1097 3706 1153 ἑαυτῶν

2144 1183 2481 1254 σκηνώματα
2510 1184 2805 1255 προθύμως
2827 1183 3168 1252 ἀποδέξεσθε,
3200 1188 3399 1257 μηδένα
3428 1193 3704 1261 μισήσετε.

2154 1273 2241 1338 Ὠς
2270 1275 2325 1328 δὲ
2353 1276 2432 1329 δεῖ
2446 1276 2705 1339 εὐσεϐεῖν,
2727 1277 3198 1349 εὐγνωμονοῦντας
3230 1280 3372 1351 ὑμᾶς
3391 1283 3418 1335 ὁ
3449 1283 3707 1355 ὑμέτερος

2142 1366 2342 1434 διδάξει
2374 1369 2519 1433 νοῦς.
2549 1370 2662 1443 Πρὸ
2694 1370 2752 1424 δὲ
2775 1372 3011 1437 πάντων,
3046 1374 3093 1424 εἰ
3122 1373 3214 1426 καὶ
3245 1374 3326 1427 δεῖ
3352 1375 3478 1445 ὑμῖν
3504 1374 3706 1445 λέγειν,

2145 1450 2528 1533 συνεχέστερον
2563 1463 2905 1536 συνέρχεσθε,
2935 1464 3044 1518 εἴθε
3076 1466 3122 1497 ²¹
3149 1466 3270 1520 καθ’
3292 1467 3459 1541 ῶραν,
3493 1468 3612 1522 ἐπεί
3642 1487 3707 1539 γε

2141 1552 2199 1607 ἐν
2231 1556 2349 1619 ταῖς
2377 1556 2788 1628 νενομισμέναις
2818 1558 2917 1629 τῆς
2952 1557 2999 1590 ⁸³
3037 1558 3250 1613 συνόδου
3284 1560 3534 1632 ήμέραις.
3584 1562 3709 1615 Ἐὰν

3601 335 3769 392 156-

472 1652 597 1709 hus.
621 1651 754 1705 Nam
790 1651 833 1706 si
869 1652 972 1706 hoc
1006 1649 1268 1711 feceritis,
1302 1648 1449 1703 intra
1471 1662 1658 1703 muros
1693 1646 1827 1703 estis
1859 1646 2036 1719 asyli;

2142 1646 2249 1719 γὰρ
2275 1648 2432 1702 τοῦτο
2487 1649 2676 1720 ποιῆτε
2733 1648 2799 1713 ³⁸,
2834 1650 2984 1713 ἐντὸς
3040 1650 3234 1720 τειχῶν
3281 1651 3504 1715 ἀσυλίας
3562 1652 3706 1706 ἐστέ·

474 1744 796 1815 perditionis
826 1745 1026 1813 quippe
1058 1742 1271 1796 initium
1306 1751 1388 1796 est
1412 1741 1515 1797 ista
1541 1741 1798 1796 desertio.
1827 1738 1907 1795 Ne
1934 1739 2037 1810 igi-

2142 1739 2282 1813 ἀρχὴ
2314 1741 2424 1812 γὰρ
2457 1740 2731 1804 ἀπωλείας
2763 1740 3048 1806 άποταξία.
3090 1743 3241 1811 Μήτε
3296 1738 3388 1796 οῦν
3444 1744 3711 1815 προφάσει

476 1807 565 1891 tur
587 1836 731 1905 quis,
767 1807 1027 1905 prmte-xtu
1057 1834 1200 1904 quod
1217 1833 1400 1887 animo
1431 1847 1561 1902 erga
1589 1831 1810 1887 fratrem
1836 1807 2037 1902 pusillo

2142 1807 2508 1905 μικροψυχίας
2546 1834 2646 1905 τῆς
2680 1833 2725 1865 ³⁸
2756 1832 2893 1904 πρὸς
2924 1831 3148 1902 ἀδελφὸν
3169 1807 3178 1811 ﬁ
3202 1807 3576 1888 ἀπολειπέσθω
3627 1853 3711 1899 τις

476 1944 541 1983 ac
572 1930 762 1999 iniquo
788 1929 877 1995 sit,
924 1927 1153 1983 desistat
1182 1926 1492 1981 convenire.
1536 1922 1591 1978 Si
1646 1924 1793 1979 enim
1840 1923 2039 1993 aliquis

2142 1925 2231 1981 τοῦ
2288 1926 2643 1999 συνεδρεύειν.
2700 1924 2824 1980 Ἐὰν
2856 1926 2967 1999 γάρ
2998 1943 3081 1989 τις
3135 1926 3285 1998 ὑμῶν
3317 1927 3367 1959 ⁸⁸
3409 1928 3709 1999 ἀπολειφθῇ

475 2029 713 2075 vestrum
740 2037 769 2075 a
806 2019 1221 2090 congregatione
1250 2017 1538 2083 destiterit,
1577 2032 1699 2072 cum
1726 2016 1795 2072 iis
1818 2025 2037 2089 reputa-

2142 2019 2231 2075 τοῦ
2262 2020 2736 2091 συνάγεσθαι,τῶν
2761 2019 3158 2093 σκορπιζόντων
3190 2021 3287 2093 τὴν
3318 2021 3552 2093 Χριστοῦ
3588 2022 3711 2075 Ἐκ-

475 2114 623 2168 bitur
647 2114 741 2182 qui
781 2113 981 2168 Christi
1033 2111 1302 2181 dissipant
1351 2110 1675 2177 Ecclesiam,
1727 2118 1782 2165 et
1832 2119 1891 2165 ut
1919 2109 2038 2181 ejus

2142 2112 2366 2185 κλησίαν
2397 2113 2796 2185 λογισθήσεται,
2819 2114 2911 2167 καὶ
2927 2112 3002 2176 ὡς
3030 2112 3137 2166 τῶν
3159 2112 3299 2166 κατά
3329 2113 3436 2167 τῶν
3461 2113 3555 2167 τοῦ
3580 2116 3682 2185 Χρι

472 2207 865 2275 discipulorum
892 2206 1238 2260 inimicorum
1266 2203 1520 2275 princeps
1568 2203 1825 2273 punietur
1875 2210 2038 2273 atque

2142 2205 2266 2260 στοῦ
2301 2205 2557 2278 μαθητῶν
2615 2204 2863 2277 ὑπάρξας
2921 2204 3311 2278 κολασθήσεται
3355 2206 3448 2259 καὶ
3480 2207 3524 2238 ³⁷
3574 2206 3711 2277 μετά

473 2316 600 2355 cum
653 2299 919 2354 adulteris
975 2299 1261 2369 ejicietur;
1318 2313 1445 2352 nam
1484 2306 1745 2367 tanquam
1802 2296 2035 2364 adulter,

2142 2299 2345 2371 μοιχῶν
2368 2298 2805 2371 ἀποϐληθήσεται
2834 2300 2899 2331 ’⁸ο
2925 2299 3001 2362 ὼς
3034 2298 3143 2370 γάρ
3180 2299 3365 2370 μοιχὸς
3392 2299 3496 2351 ὑπὸ
3537 2299 3630 2351 τοῦ
3653 2300 3711 2352 ὲν

472 2411 570 2466 per
593 2393 843 2465 spiritum
878 2393 931 2447 in
961 2393 1077 2461 ipso
1105 2389 1480 2455 cxsistentem,
1506 2398 1769 2458 praetextu
1799 2389 2037 2459 quodam

2142 2391 2284 2464 αὐτῷ
2314 2392 2620 2463 πνεύματος
2660 2391 2926 2463 προφάσει
2954 2392 3106 2462 117
3131 2392 3272 2455 τινὸς
3304 2391 3712 2463 ὲαυτὸνάφώρι-

472 2496 713 2557 sumpto,
747 2485 987 2555 seipsum
1018 2483 1314 2553 separavit,
1366 2490 1420 2535 et
1448 2481 1594 2536 malo
1631 2480 1811 2535 locum
1845 2488 2035 2535 c0ntra

2142 2501 2251 2550 σεν,
2294 2486 2386 2538 καὶ
2418 2484 2497 2555 τῷ
2535 2484 2755 2557 πονηρῷ
2786 2486 2906 2537 κατ’
2930 2484 3091 2537 αὐτοῦ
3126 2483 3305 2557 χώραν
3359 2484 3524 2538 ἔδωκε
3577 2484 3713 2557 πρός

473 2594 533 2634 se
578 2577 746 2643 dedit,
798 2584 858 2630 ut
887 2589 1043 2631 ovem
1090 2582 1324 2644 raperet,
1384 2571 1643 2627 nimirum
1666 2580 1819 2627 extra
1850 2572 2036 2628 caulas

2142 2575 2296 2630 δατον
2328 2576 2568 2649 ἁρπάσαι
2598 2576 2663 2641 ⁸³,
2697 2576 2773 2640 ὡς
2798 2575 3047 2648 μανδρῶν
3075 2575 3179 2643 ἔξω
3203 2575 3444 2649 εὑρεθέν.

473 2669 772 2724 inventam.

542 2760 704 2816 LXX.
747 2759 916 2816 Porro
946 2758 1259 2830 episcopum
1294 2763 1533 2811 vestrum
1559 2756 1761 2824 audite,
1790 2770 2037 2811 omnem-

2206 2753 2367 2810 LXX.
2408 2755 2552 2828 Πλὴν
2579 2754 2673 2810 τοῦ
2702 2756 2999 2811 ἐπισκόπου
3031 2756 3182 2827 ὑμῶν
3220 2754 3466 2821 ἀκούετε,
3498 2757 3593 2810 καὶ
3620 2773 3707 2810 τι-

469 2870 577 2925 que
609 2854 657 2908 ei
687 2855 946 2907 honorem
979 2852 1216 2907 tribuere
1241 2866 1308 2905 ne
1358 2849 1582 2905 cessetis
1609 2867 1623 2903 :
1668 2850 1859 2903 scitote
1890 2848 2036 2919 quod

2142 2845 2246 2917 μὴν
2272 2847 2449 2901 πᾶσαν
2478 2846 2628 2919 αὐτῷ
2656 2847 3018 2920 ἀπονέμοντες
3062 2849 3134 2920 μὴ
3164 2848 3399 2919 κάμητε,
3442 2848 3639 2912 εἰδότες
3662 2848 3709 2884 ⁸³

471 2960 567 3014 per
598 2944 749 2998 illum
775 2942 1107 2999 adducimini
1144 2940 1209 2995 ad
1239 2939 1516 2994 Christum
1539 2979 1555 3005 ,
1580 2946 1633 2993 et
1662 2954 1693 2993 a
1723 2938 1940 2994 Christo
1969 2938 2037 2992 ad

2142 2939 2217 2993 ὅτι
2246 2941 2517 3010 προφάσει
2542 2944 2609 3013 τῇ
2643 2941 2779 3014 πρὸς
2804 2942 2963 2996 αὐτὸν
2990 2944 3069 3006 είς
3097 2942 3328 3013 Χριστὸν
3362 2942 3575 3013 φέρετε,
3600 2942 3711 2998 ἀπ)

473 3036 664 3091 Deum.
697 3036 999 3089 Adducenti
1031 3048 1160 3102 ergo
1196 3030 1565 3100 multipliciter
1596 3030 1895 3085 retribuite.
1930 3029 2037 3084 Ho—

2142 3030 2193 3085 δὲ
2217 3031 2452 3103 Χριστοῦ
2492 3034 2572 3096 είς
2600 3033 2732 3088 Θεὸν
2763 3033 3060 3105 ἀναφέρετε
3077 3033 3150 3065 ³¹ο
3182 3034 3273 3086 καὶ
3311 3032 3389 3103 τῷ
3416 3032 3711 3104 προσενὲγο

472 3138 664 3182 norate
687 3128 891 3182 Christi
935 3127 1217 3180 thronum.
1261 3122 1711 3194 Quandoquidem
1755 3132 1809 3178 et
1836 3123 2035 3195 Moysis

2142 3145 2293 3184 καντι
2333 3125 2715 3189 πολυπλασίως
2736 3124 3115 3182 ἀνταποδίδοτε
3137 3125 3198 3179 ³².
3233 3125 3431 3195 Θρόνον
3454 3120 3546 3179 οὖν
3576 3124 3712 3195 Χρι-

469 3222 787 3278 cathedram
814 3221 1080 3274 honorare
1103 3218 1241 3288 jussi
1266 3218 1419 3286 estis,
1443 3219 1693 3288 quamvis
1722 3219 1775 3273 in
1804 3234 1869 3274 ea
1897 3234 2036 3289 pra:-

2142 3218 2265 3275 στοῦ
2296 3218 2553 3289 τιμήσετε
2574 3216 2648 3247 ⁸⁸⁸
2682 3216 2762 3270 ὅτι
2792 3215 2886 3268 καὶ
2922 3214 3197 3277 Μωῡσέως
3239 3213 3500 3284 καθέδραν
3544 3213 3710 3285 τιμᾷν

469 3312 713 3369 sidentes
737 3320 1051 3379 peccatores
1084 3308 1407 3363 habeantur.
1456 3308 1631 3379 Atque
1676 3309 1791 3365 hmc
1818 3310 2035 3380 quidem

2142 3309 2513 3379 ὲκελεύσθητε,
2540 3307 2643 3362 κᾶν
2667 3309 2715 3360 οἱ
2742 3304 3195 3379 προκαθεζόμενοι
3219 3306 3535 3381 ἀμαρτωλοὶ
3560 3306 3713 3376 νομί-

471 3403 629 3457 vobis
672 3400 997 3457 sufficienter
1044 3399 1155 3455 sint
1198 3400 1362 3455 dicta.
1410 3399 1668 3456 Zacchmo
1709 3410 1887 3456 autem
1930 3418 2037 3472 qua

2142 3398 2424 3466 ξωνται⁸δ.
2463 3398 2574 3451 Καὶ⁵
2615 3398 2788 3451 ταῦτα
2830 3399 2926 3470 μὲν
2970 3398 3098 3467 ὑμῖν
3139 3398 3423 3468 αὐτάρκως
3465 3398 3705 3466 εἴρηται·

470 3494 684 3548 ratione
706 3492 977 3563 inculpate
992 3492 1158 3559 vivat,
1177 3492 1507 3562 superﬂuum
1532 3502 1661 3563 puto
1683 3492 1891 3559 dicere;
1912 3509 2037 3550 cum

2142 3492 2378 3564 αὐτῷδὲ,
2436 3491 2554 3554 πῶς
2596 3492 2897 3563 ἀμέμπτως
2958 3490 3124 3561 βιοῦν,
3174 3490 3423 3562 περιττὸν
3468 3488 3713 3561 ἡγοῦμαι

467 3586 634 3643 etiam
661 3586 807 3641 illius
836 3584 929 3655 qui
962 3599 1048 3639 me
1072 3584 1259 3639 docuit
1286 3586 1491 3653 probus
1520 3585 1590 3640 sit
1625 3585 1944 3657 discipulus.

2142 3586 2343 3654 λέγειν,
2374 3584 2537 3638 ὁπότε
2584 3580 2679 3637 τοῦ
2722 3584 2867 3655 κάμὲ
2899 3583 3205 3652 διδάξαντος
3233 3584 3455 3654 δόκιμος
3490 3584 3710 3654 ὑπάρχῃ

2143 3677 2411 3749 μαθητής.

545 3783 734 3840 LXXI.
798 3783 1039 3853 Verum,
1092 3782 1329 3852 fratres,
1384 3784 1645 3839 nonnulla
1689 3792 1749 3841 ut
1805 3785 2039 3843 audiatis

470 3888 788 3949 exspectare
829 3895 936 3932 non
988 3887 1221 3948 oportet,
1250 3878 1343 3933 sed
1395 3892 1462 3933 ex
1508 3878 1672 3958 vobis.
1717 3878 1851 3949 ipsis
1894 3880 2038 3949 quod

474 3987 687 4041 aequum
719 3980 801 4025 est
848 3971 1167 4041 intelligere.
1206 3969 1500 4025 Zacchaaus
1548 3971 1735 4037 solus,
1779 3986 1839 4025 se
1868 3981 2039 4026 totum

474 4080 585 4134 quo
616 4062 771 4117 vobis
808 4071 961 4117 vacet
990 4063 1242 4128 tradens,
1275 4078 1398 4117 eum
1445 4072 1687 4117 ventrem
1719 4061 1936 4127 habeat,
1966 4062 2042 4117 si-

474 4157 639 4224 bique
669 4170 775 4209 non
807 4154 1121 4223 provideat,
1154 4168 1263 4222 quo
1306 4160 1469 4207 modo
1500 4161 1678 4222 potest
1720 4153 1902 4206 cibum
1943 4167 2040 4207 ne-

475 4251 774 4305 cessarium
804 4248 1160 4318 comparare?
1198 4246 1389 4302 Nonne
1415 4262 1544 4299 vero
1588 4246 1796 4316 justum
1832 4255 1950 4307 est,
1984 4254 2043 4301 ut

477 4355 669 4396 omnes
699 4358 795 4397 vos
826 4344 1001 4397 victus
1047 4339 1166 4409 ejus
1211 4353 1399 4393 curam
1448 4338 1684 4407 geratis,
1731 4352 1905 4407 neque
1931 4354 2043 4392 .ex-

2210 3789 2396 3846 LXXI.
2414 3790 2581 3861 Πλὴν,
2599 3789 2955 3861 ἀδελφοὶ,ἔνια
2964 3788 3023 3843 οὐ
3040 3788 3144 3860 χρὴ
3163 3787 3448 3859 ἀναμένειν
3466 3786 3708 3851 ἀκούειν,

2139 3883 2273 3938 ἀλλὰ
2295 3885 2386 3938 καὶ
2400 3885 2491 3953 ἀφ’
2509 3884 2713 3937 ἑαυτῶν
2723 3884 2782 3936 τὸ
2798 3883 3013 3953 εὔλογον
3032 3886 3189 3937 νοεῖν.
3209 3884 3470 3953 Ζακχαῖος
3493 3882 3652 3953 μόνος
3664 3882 3709 3915 ³⁸

2142 3974 2267 4044 ὑμῖν
2293 3974 2413 4038 ὅλος
2444 3974 2633 4027 ἑαυτὸν
2660 3972 2905 4042 ἀσχολεῖν
2930 3969 3309 4035 ἀποδεδωκὼς,
3339 3969 3544 4023 κοιλίαν
3571 3968 3715 4040 ἔχων

2140 4067 2235 4118 καὶ
2262 4066 2439 4137 ἐαυτῷ
2470 4067 2545 4137 μὴ
2580 4065 2868 4136 εὐσχολῶν,
2905 4062 3019 4128 πῶς
3045 4062 3265 4120 δύναται
3290 4061 3386 4133 τὴν
3408 4061 3710 4129 ἀναγκαίαν

2141 4158 2383 4230 πορίζειν
2416 4159 2654 4229 τροφήν;
2679 4157 2799 4227 οὐχὶ
2838 4157 2895 4210 δὲ
2940 4156 3154 4224 εὐλογόν
3194 4157 3307 4207 ὲστι
3336 4154 3539 4216 πάντας
3566 4155 3710 4224 ὑμᾶς

2140 4249 2233 4302 τοῦ
2272 4249 2369 4321 ζῇν
2398 4248 2563 4302 αὐτοῦ
2595 4248 2848 4320 πρόνοιαν
2877 4249 2921 4280 ⁸⁸
2952 4250 3124 4301 ποιεῖν
3144 4287 3158 4311 ,
3198 4247 3298 4301 οὐκ
3346 4245 3710 4316 ἀναμένοντας

2142 4339 2304 4393 αὑτὸν
2342 4340 2485 4409 ὑμᾶς
2522 4340 2720 4403 αιτεῖν,
2758 4337 2915 4392 τοῦτο
2944 4337 3052 4409 γάρ
3084 4335 3495 4409 προσαιτοῦντός
3538 4337 3711 4389 εστιν-ν

477 4434 731 4502 spectetis
758 4444 816 4488 ut
864 4442 1011 4504 petat
1058 4448 1088 4486 a
1128 4431 1323 4487 vobis?
1380 4430 1485 4484 hoc
1536 4429 1735 4483 etenim
1786 4429 2040 4486 mendico

2147 4430 2343 4501 μᾶλλον
2361 4431 2418 4485 δὲ
2435 4431 2746 4502 τεθνήξεται
2768 4430 2929 4502 λιμῷ,
2942 4430 2977 4502 ἦ
2992 4430 3150 4483 τοῦτο
3168 4433 3338 4484 ποιεῖν
3364 4429 3625 4499 ὑποσταίη
3640 4428 3713 4487 ³⁷.

478 4494 751 4586 convenit,
778 4494 955 4589 potius
978 4532 1157 4574 autem
1182 4520 1376 4590 peribit
1404 4518 1566 4585 fame,
1591 4534 1757 4589 quam
1785 4518 1834 4573 id
1860 4518 2039 4574 facere

2147 4494 2312 4592 ‘118
2344 4522 2467 4587 Πῶς
2487 4523 2554 4595 δὴ
2583 4494 2684 4576 ,καὶ
2714 4494 3141 4595 ὑμεῖςόὐιδίκην
3180 4521 3423 4591 ὑφέξετε,
3460 4519 3533 4592 μὴ
3569 4494 3710 4587 λογιο

477 4610 764 4667 sustineat.
795 4609 860 4663 Et
888 4627 995 4680 qua
1026 4610 1235 4665 ratione
1257 4625 1354 4665 vos
1376 4625 1566 4680 poenas
1599 4624 1706 4663 non
1734 4608 1957 4673 dabitis,
1991 4609 2039 4664 si

2147 4614 2368 4683 σάμενοι
2396 4614 2477 4667 ὅτι
2507 4612 2653 4679 ἄξιός
2678 4615 2824 4669 ἐστιν
2852 4618 2881 4669 ὀ
2904 4615 3139 4687 ἐργάτης
3166 4613 3258 4666 τοῦ
3289 4611 3479 4685 μισθοῦ
3505 4611 3704 4677 αὐτοῦς

478 4718 587 4759 non
617 4704 1017 4774 reputaveritis,
1049 4703 1272 4775 dignum
1297 4718 1419 4759 esse
1448 4704 1759 4774 operarium
1789 4703 2039 4758 mercede

2145 4706 2239 4759 καὶ
2260 4706 2336 4778 μὴ
2353 4706 2555 4774 λεγέτω
2572 4724 2673 4771 τις·
2690 4705 2882 4760 οὐκοῦν
2900 4708 2929 4761 ὁ
2946 4706 3152 4777 δωρεὰν
3173 4703 3535 4778 παρασχεθεὶς
3553 4702 3710 4772 λόγος

1744 4856 1973 4913 VARIA‘I
2015 4856 2424 4916 LECTIONES.

548 4981 596 5013 ”
616 4981 965 5055 μεταδώσητε
1016 4983 1077 5055 (3.
1132 4980 1271 5055 Tum
1329 4980 1475 5055 idem
1534 4978 1855 5055 epam-ca.“
1893 4976 1950 5055 “_
1986 4978 2254 5050 παρέχετε
2313 4983 2463 5055 (lege
2534 4983 2802 5055 παρέξητε
2837 4980 3350 5055 D)C,qni‘deinde
3378 4980 3497 5055 exh.
3552 4982 3705 5055 ἐνδύ-

483 5048 707 5107 σετε’-
746 5048 1197 5124 ἐπισκέψησθε-
1224 5050 1528 5122 βοηθήσητε
1563 5048 1987 5114 ὲ-ίάποδέξασθε
2033 5048 2101 5092 —l
2132 5048 2431 5126 'ptaﬁa-‘q'cs'.
2541 5056 2587 5085 ²¹
2615 5048 2972 5158 ’συνδέγὶεσθὴ
3032 5048 3180 5106 ε’ῑσθε
3225 5066 3279 5121 p.
3360 5050 3705 5122 συνέρχεσθε,

483 5124 657 5158 ..νιιρη
754 5124 1001 5158 ειη-ητρη
1097 5122 1300 5158 “han
1350 5137 1378 5158 ρ
1431 5120 1468 5158 ς
1543 5121 1813 5158 manu
1911 5119 2047 5158 των.
2082 5123 2359 5158 smmi...“
2410 5123 2694 5158 μιμηαιηρη
2788 5129 2809 5156 π
2856 5124 2988 5158 non
3030 5139 3059 5158 ι.
3114 5119 3152 5158 ς
3224 5123 3289 5158 ...α
3333 5120 3375 5158 n
3475 5122 3522 5153 ac

480 5126 590 5178 εἴθε
617 5124 675 5178 0.
754 5124 935 5185 ²³ταῖς
1097 5119 1235 5176 “Ita
1259 5119 1318 5193 Ο⁷
1350 5119 1468 5193 c._S
1496 5160 1511 5186 ,
1543 5124 1744 5193 ποιεῖτε
1771 5121 1833 5175 C.
1884 5119 2050 5193 ΔΤιιιῐι
2082 5119 2307 5192 ἀσυχίας
2408 5123 2633 5187 ἀσυλίας
2654 5126 2710 5178 0.
2788 5119 2835 5158 ⁵⁸
2856 5124 2988 5178 ιιιο
3030 5139 3076 5178 c.
3114 5119 3169 5177 S.
3333 5120 3393 5176 C.
3475 5119 3711 5193 πῦμων,

483 5198 524 5269 0
564 5212 664 5269 _pr.
692 5210 838 5249 man.
916 5194 959 5269 ’ἶ
1130 5193 1235 5269 -καὶ
1250 5192 1324 5255 ὡς
1364 5190 1471 5269 τῶν
1509 5191 1649 5245 κατά
1673 5191 1915 5269 τῶνλτοῦ-
1948 5190 2468 5269 Χριστοῦμαθητῶν
2485 5194 2728 5269 ὑπάρξας
2759 5190 3533 5269 κολασθήσετῌαιέιειὲεδξειυβημι
3558 5190 3624 5247 ex

485 5212 524 5249 υ
579 5212 664 5264 pr.
692 5212 838 5249 man.
918 5212 953 5225 ·ι
988 5212 1113 5247 vnn.
1143 5212 1324 5255 καιως
1364 5212 1471 5243 των
1509 5212 1649 5245 κατα
1673 5212 1781 5246 των
1816 5212 1908 5245 του
1948 5212 2182 5269 Apta-too
2216 5212 2468 5267 μαυητων
2485 5212 2728 5318 exaggae
2759 5212 3165 5265 κολασθήσεται,
3188 5212 3533 5248 accesserunt
3558 5212 3624 5247 ex
3641 5212 3695 5250 υ.

485 5266 835 5337 Subsequens
859 5264 1163 5337 xaikaddidi
1193 5279 1259 5337 ea;
1283 5262 1617 5337 conjectura.
1664 5262 1738 5337 _"
1758 5263 2052 5337 βληθήσετε
2084 5267 2125 5317 0
2154 5304 2168 5327 ,
2194 5267 2284 5329 qui
2311 5274 2426 5319 tum
2462 5284 2586 5337 μοιχ
2619 5284 2663 5319 ν.
2740 5268 2785 5297 ²⁹
2803 5264 3036 5337 ἁρπάσει
3070 5263 3296 5337 SrTum
3328 5262 3616 5334 εὑρεθέντα
3631 5263 3695 5319 C.

481 5338 526 5406 ἕο
548 5330 713 5399 mea;
742 5340 803 5406 Ο.
881 5337 921 5367 ³³
941 5334 980 5388 C
1034 5334 1137 5403 legi
1167 5334 1282 5406 vult
1317 5330 1545 5406 φέρεσθε
1580 5342 1632 5386 et
1647 5330 2006 5406 Αάναέρέρεάθε,
2055 5345 2219 5404 atque
2248 5337 2387 5391 hanc
2417 5330 2742 5406 scripturam
2771 5338 2824 5391 in
2842 5330 3305 5392 'versioncLatina
3337 5330 3561 5406 secutus
3598 5343 3701 5389 est.

483 5405 732 5478 Rectius,
763 5405 804 5458 Ι)
862 5402 1390 5478 ριόροδιίἰι-ςρέρεται
1412 5411 1467 5457 et
1490 5402 1948 5478 dt-Jagcépa-raitsc.
1978 5410 2020 5478 νὴ
2052 5402 2229 5478 τιμή),
2257 5407 2355 5461 cfr.
2385 5402 2549 5476 supra
2578 5423 2621 5463 c.
2658 5406 2748 5475 66,
2788 5407 2878 5461 ubi
2926 5408 3064 5478 idem
3098 5406 3291 5478 legitur
3331 5404 3520 5478 iisdem
3569 5415 3709 5475 pene

483 5478 677 5549 verbis.
716 5473 1121 5549 Praetereatzum
1147 5475 1209 5549 Cl
1242 5473 1907 5549 lscribendnm‘zpogodtcet
1939 5473 2036 5549 τῆς
2064 5473 2383 5549 (εοίτιμῆς)
2419 5473 2553 5549 πρὸς
2597 5473 2773 5549 αὐτόν.
2813 5473 3399 5549 γοηειιάυιηἹιρψιοε
3435 5473 3700 5549 scientes,

483 5546 627 5613 quod
659 5548 760 5601 sub
787 5547 963 5617 specie
994 5544 1217 5599 honoris
1248 5544 1302 5597 in.
1335 5544 1509 5613 ipsum
1534 5543 1892 5613 (episcopum)
1924 5543 2103 5602 collati
2129 5543 2297 5602 fertur
2319 5543 2523 5620 '(honor
2551 5544 2661 5618 ille)
2686 5550 2738 5605 in
2765 5548 3043 5604 Christum
3066 5556 3118 5602 et
3138 5563 3169 5600 ι.
3195 5543 3412 5601 Christo
3435 5545 3501 5599 ad
3530 5545 3701 5599 Deum

485 5616 718 5670 refertur
748 5618 806 5672 S.
873 5615 1331 5671 δ’ἀνταποδίδοται
1362 5618 1421 5667 0.
1502 5613 1546 5646 ³³
1566 5616 1829 5679 τιμήσατε
1855 5615 1917 5672 C.
1951 5619 2086 5673 Tum
2111 5619 2369 5679 Μωῦσέος
2393 5626 2449 5673 U.
2531 5619 2661 5673 “Ita
2682 5619 2726 5674 Ο
2774 5636 2819 5674 c.
2848 5618 3114 5672 Turriano
3136 5618 3171 5670 l.
3209 5632 3283 5679 c.,
3312 5613 3701 5679 νομίζονταιο.

517 5632 718 5670 ιξιρνῐυι*
748 5632 806 5672 δ.
873 5632 915 5651 δ’
931 5632 1331 5671 ανταποοιοοται
1362 5632 1421 5667 υ.
1502 5632 1546 5646 ’⁸
1566 5632 1829 5680 τιμήσατε
1855 5632 1917 5672 (Α.
1952 5632 2086 5673 'l'um
2112 5632 2369 5680 Μωυσεος
2393 5632 2449 5673 U.
2531 5632 2661 5673 "Ila
2682 5632 2726 5674 U
2774 5636 2819 5674 C.
2848 5632 3114 5672 't‘urrtano
3140 5632 3171 5670 Ι.
3209 5632 3283 5680 0.,
3312 5632 3621 5680 νομιςονται
3639 5632 3703 5668 ιλ.

490 5632 718 5670 remrtur
748 5632 806 5672 δ.
873 5632 1331 5671 δάνταποοιοοται
1362 5632 1421 5667 υ.
1502 5632 1546 5646 ν·
1566 5632 1829 5685 τιμήσατε
1855 5632 1917 5672 ιλ.
1952 5632 2086 5673 ἰἰΠῐι
2112 5632 2369 5682 Μωυσεος
2393 5632 2449 5673 υ.
2531 5632 2661 5673 “Ita
2682 5632 2726 5674 U
2774 5636 2819 5674 c.
2848 5632 3114 5672 't'urriano
3140 5632 3171 5670 ι.
3209 5632 3283 5680 c.,
3312 5632 3703 5688 veptgowatu.

490 5686 533 5716 ³⁵
554 5686 803 5811 [for-(tame
844 5690 1129 5760 legendum
1184 5686 1362 5757 μόνοις
1412 5682 1466 5739 S.
1516 5683 1652 5739 Tum
1678 5685 1811 5752 ὅλως
1841 5685 1903 5743 0.
1984 5688 2429 5763 ³⁶αὐτοπρόνοιαν
2462 5706 2511 5760 p.
2540 5690 2704 5744 αὑτοῦ
2726 5690 2975 5762 πρόνοιαν
3004 5694 3059 5741 U.
3140 5686 3281 5742 31'lta
3302 5686 3347 5743 Ο
3391 5702 3439 5742 c.
3470 5684 3510 5740 S
3539 5686 3704 5754 ,ὑπο-

490 5774 616 5811 utan
691 5803 701 5811 .

489 5774 617 5829 στεῃ
642 5774 701 5811 ιλ.
