4068 6338
592 322 695 382 159

1440 322 1498 379 S.
1537 323 1923 380 CLEMENTIS
1960 325 1981 380 l
2014 324 2180 382 ROM.
2216 326 2416 383 PONT.
2453 323 2681 383 OPERA
2713 326 2946 389 DUBLA.

3725 330 3831 389 160

590 454 796 495 naumm
821 438 1010 507 filiam,
1027 452 1149 509 qua:
1170 436 1547 495 lubentissime
1568 454 1667 496 nos
1696 441 1967 512 suscepit;
1993 451 2154 513 atque

2257 440 2481 514 θυγατρὶ¹
2490 440 2590 512 τῆς
2600 440 2983 506 Χαναανίτιδος
2995 440 3041 477 ⁸⁸
3057 439 3155 495 Ἰού
3162 456 3311 513 στης⁶
3322 440 3443 523 ἥτις
3456 441 3830 514 ἀσμενέστατα

594 533 767 589 multo
797 548 925 604 erga
957 547 1045 588 me
1080 532 1291 588 honore
1331 540 1387 588 et
1415 530 1706 590 dilectione
1733 549 1862 607 erga
1903 535 2156 607 Aquilam

589 638 647 684 et
694 625 939 683 Nicetam
974 635 1323 692 concertans,
1378 635 1438 683 ut
1484 626 1774 683 familiaris
1811 628 2054 699 gaudens
2094 645 2159 687 ac

591 720 903 787 conﬁdens,
957 735 1156 790 magna
1191 735 1293 776 nos
1345 719 1690 775 humanitate
1734 730 2023 791 prosecuta
2053 730 2156 790 est,

592 826 804 882 nosque
834 810 902 866 ad
932 824 1133 879 corpus
1173 809 1478 865 curandum
1505 809 1734 865 comiter
1777 810 2043 866 incitavit.
2070 810 2160 867 In-

589 903 761 959 tuitus
795 919 946 972 ergo,
973 902 1119 972 quod
1170 901 1480 957 hortaretur
1525 911 1586 958 ut
1617 901 1924 959 faceremus
1968 904 2158 961 breves

592 995 860 1061 inducias,
880 992 1059 1062 Recte,
1090 994 1335 1065 inquam,
1374 995 1515 1065 agis,
1552 996 1681 1051 dum
1723 996 2007 1053 charitatis
2050 996 2157 1052 im-

587 1089 736 1158 plere
761 1088 948 1142 munia
980 1086 1230 1143 festinas.
1268 1089 1338 1143 At
1379 1087 1484 1158 ipsi
1517 1088 1760 1159 praeferri
1788 1088 1951 1145 debet
1996 1090 2159 1146 timor

588 1194 716 1248 erga
746 1177 915 1233 Deum
940 1187 1187 1234 nostrum
1211 1196 1225 1246 ;
1252 1195 1506 1235 veremur
1526 1180 1695 1246 enim,
1717 1182 1811 1251 qui
1844 1198 1942 1252 pro
1973 1182 2157 1237 multis

589 1271 879 1325 animabus
908 1270 1316 1338 contendimus,
1357 1273 1751 1343 recreationem
1782 1284 2024 1332 nostram
2054 1291 2156 1330 an-

587 1374 846 1433 teponere
884 1380 1074 1418 earum
1108 1365 1294 1421 saluti.

659 1454 725 1511 ll.
763 1455 1032 1511 Audimus
1059 1456 1205 1510 enim
1250 1456 1398 1527 quod
1431 1455 1622 1514 Simon
1653 1457 1864 1531 Magus,
1894 1461 1947 1515 in
1971 1461 2157 1531 dispu-

588 1546 795 1602 tatione
830 1561 996 1618 quam
1046 1563 1171 1604 cum
1224 1547 1448 1605 domino
1482 1559 1671 1606 nostro
1707 1550 1868 1607 Petro
1898 1551 2159 1609 Caesarea

588 1641 781 1696 habuit
807 1649 1097 1711 superatus
1126 1682 1141 1707 ,
1182 1640 1477 1713 statimque
1504 1642 1825 1715 aufugiens,
1865 1645 1957 1699 hic
1985 1645 2158 1700 multa

587 1742 863 1804 perpetrat
890 1735 1051 1788 mala.
1076 1736 1233 1805 Apud
1258 1752 1453 1793 omnes
1491 1737 1640 1794 enim
1696 1735 1803 1793 sibi
1825 1738 2014 1795 obvios
2059 1737 2158 1793 Pe-

587 1839 733 1883 trum
772 1827 909 1882 falso
944 1828 1311 1893 calumnians,
1349 1829 1647 1885 multorum
1694 1830 1895 1901 abripit
1920 1831 2152 1886 animas.

586 1916 723 1972 Nam
764 1935 887 1974 cum
930 1920 1045 1989 ipse
1083 1920 1155 1974 sit
1191 1935 1419 1991 magus,
1452 1936 1577 1977 eum
1614 1937 1835 1992 magum
1880 1923 2152 1993 appellat:

587 2019 643 2065 et
678 2026 804 2066 cum
832 2012 904 2067 sit
927 2012 1229 2081 impostor,
1262 2014 1618 2084 impostorem
1648 2030 1774 2070 eum
1813 2015 2152 2085 proclamat;

589 2117 824 2173 cumque
855 2103 911 2157 in
942 2103 1312 2174 disputatione
1345 2120 1444 2175 per
1484 2106 1671 2161 omnia
1716 2106 1892 2164 victus
1930 2107 2159 2164 cesserit

587 2209 653 2250 ac
688 2190 929 2267 fugerit,
988 2197 1190 2255 vicisse
1239 2213 1298 2252 se
1357 2196 1683 2267 proﬁtetur;
1738 2200 2157 2270 frequenterque

588 2288 832 2357 praecipit
854 2286 1074 2343 Petrum
1120 2303 1228 2345 non
1255 2304 1375 2345 esse
1416 2291 1770 2359 audiendum,
1803 2293 1963 2362 quasi
2006 2292 2158 2348 vide-

589 2378 719 2434 licet
740 2378 1031 2447 sollicitus,
1059 2395 1127 2436 ne
1151 2396 1180 2435 a
1219 2382 1458 2451 pessimo
1483 2383 1783 2442 illudantur
1812 2400 1992 2457 mago.

661 2560 753 2621 lll.
794 2557 919 2616 Haec
945 2561 1221 2633 accipiens
1258 2563 1516 2619 dominus
1564 2571 1753 2618 noster
1790 2562 1985 2619 Petrus
2015 2579 2155 2635 pra:-

589 2651 740 2707 misit
765 2667 866 2707 nos
904 2651 1119 2707 futuros
1148 2653 1442 2708 verborum
1474 2653 1619 2709 illius
1655 2653 2025 2723 exploratores
2051 2673 2064 2709 :
2098 2662 2159 2709 ut

588 2745 635 2799 si
669 2745 744 2799 ita
774 2745 989 2811 habeat,
1020 2745 1137 2816 ipse
1162 2746 1528 2801 scribentibus
1558 2746 1716 2802 nobis
1752 2747 2063 2815 edoceatur,
2103 2756 2158 2803 et

591 2838 887 2893 adveniens
936 2848 1129 2908 arguat
1152 2839 1410 2894 eumdem
1452 2839 1703 2894 cominus
1756 2838 1824 2895 de
1868 2838 2157 2895 calumniis

589 2944 718 2999 erga
751 2944 828 2984 se.
878 2928 1108 2994 Quando
1148 2928 1314 2999 igitur
1359 2945 1460 2999 pro
1510 2930 1809 2986 multorum
1864 2930 2157 3008 animabus

589 3019 893 3091 periculum
922 3019 1079 3074 nobis
1104 3020 1344 3089 adjacet,
1379 3021 1533 3087 ideo,
1576 3022 1825 3092 corporis
1857 3023 2030 3078 nostri
2073 3038 2158 3079 re-

590 3110 825 3167 fectionc
863 3112 930 3166 ad
968 3112 1130 3167 breve
1166 3119 1378 3183 tempus
1429 3114 1694 3185 neglecta,
1743 3130 1774 3169 a
1824 3124 1876 3171 te
1904 3130 2025 3185 quae
2067 3116 2156 3173 hic

590 3200 741 3269 degis
766 3208 915 3255 certo
945 3201 1087 3257 scire
1110 3202 1387 3271 volumus,
1413 3218 1480 3257 an
1506 3220 1633 3260 vera
1675 3205 1787 3260 siut
1835 3222 1957 3278 qua:
2000 3208 2157 3263 audi-

590 3292 773 3349 vimus
802 3312 814 3347 :
845 3293 1073 3367 jamque
1103 3295 1265 3351 nobis
1297 3297 1512 3369 singula
1541 3298 1801 3356 edissere.

664 3494 752 3551 Ν.
795 3496 1054 3555 Berenice
1079 3514 1208 3556 vero
1237 3508 1426 3571 rogata
1465 3504 1625 3562 :Ilaac
1650 3501 1896 3573 quidem,
1959 3503 2157 3575 inquit,

593 3603 659 3644 eo
695 3589 857 3645 modo
887 3606 946 3645 se
988 3591 1207 3661 habent,
1257 3610 1368 3664 quo
1410 3593 1741 3651 audivistis:
1788 3606 1981 3652 caetera
2026 3612 2158 3655 vero

594 3682 840 3752 ejusdem
894 3683 1158 3751 Simonis,
1223 3702 1345 3757 qua:
1395 3687 1536 3744 forte
1579 3689 1863 3760 ignoratis,
1918 3689 2096 3745 audite
2141 3710 2155 3745 :

594 3778 971 3848 phantasmata
1004 3779 1151 3834 enim
1178 3787 1233 3835 et
1257 3788 1470 3849 spectra
1495 3795 1560 3837 ac
1585 3781 1878 3837 simulacra
1900 3780 1955 3838 in
1983 3781 2160 3839 medio

596 3870 715 3927 foro
750 3872 992 3943 quotidie
1019 3873 1312 3929 ostendens
1353 3882 1523 3929 totam
1566 3872 1928 3946 obstupefacit
1970 3875 2162 3932 civim-

594 3970 702 4018 tem
737 3982 750 4018 :
790 3974 843 4020 et
881 3965 1206 4034 procedente
1233 3980 1299 4021 co
1328 3974 1519 4023 statua:
1546 3975 1853 4036 moventur,
1883 3983 1948 4023 ac
1977 3968 2162 4025 multae

595 4058 803 4113 umbrae
846 4066 1107 4128 praeeunt,
1148 4074 1286 4130 quas
1320 4059 1470 4130 ipsas
1505 4060 1639 4116 dicit
1674 4076 1796 4117 esse
1825 4060 2037 4118 animas
2058 4048 2157 4119 de-

597 4148 926 4206 functorum.
959 4150 1157 4208 Multos
1193 4162 1398 4220 autem,
1428 4153 1523 4224 qui
1552 4169 1678 4209 eum
1708 4154 2158 4225 prtestigiatorem

596 4242 910 4298 nitebantur
964 4244 1270 4311 ostendere,
1314 4262 1439 4300 cum
1484 4245 1591 4301 sibi
1628 4246 1991 4314 conciliasset,
2044 4255 2158 4303 tum

596 4342 802 4402 postea,
834 4345 1097 4406 praetextu
1138 4338 1398 4404 convivii,
1446 4348 1682 4395 mactato
1732 4339 1868 4397 bove
1916 4342 2160 4413 ipsisque

2259 533 2405 605 ἡμᾶς
2426 534 2745 601 ἀπεδέξατο,
2768 535 2862 589 καὶ
2877 533 3043 608 πολλῇ
3075 534 3171 605 μὲν
3192 537 3260 605 τῇ
3286 533 3421 606 πρὸς
3444 533 3511 605 μὲ
3531 537 3665 606 τιμῇ
3687 535 3832 604 ἀγω-

2257 625 2448 691 νιῶσα,
2469 630 2669 698 στοργῇ
2684 627 2815 698 δὲτῇ
2830 626 2967 699 πρὸς
2983 626 3211 680 ’Δκύλαν
3225 626 3318 679 καὶ
3330 626 3595 697 Νικήτην,
3619 626 3709 680 διὰ
3736 645 3833 698 χα-

2262 716 2361 790 ράν
2387 717 2463 781 ὡς
2505 718 2740 790 συνήθης
2766 717 3263 791 παρρησιαζομένη
3292 716 3718 788 ἐφιλοφρονεῖτο,
3740 719 3837 774 καὶ

2258 809 2397 882 πρὸς
2416 808 2518 880 τὴν
2562 809 2665 863 τοῦ
2705 808 2958 881 σώματος
2977 810 3272 882 θεραπείαν
3290 811 3439 881 ἡμᾶς
3457 809 3721 875 δεκτικῶς
3738 828 3837 863 κα-

2255 902 2536 974 τήπειγεν.
2580 900 2811 959 Συνιδὼν
2839 899 2930 956 οὖν
2955 903 3037 956 ὅτι
3080 901 3336 977 βραχεῖαν
3365 904 3497 974 ἡμῖν
3543 902 3837 974 ὑπέρθεσιν

2258 993 2526 1048 ποιεῖσθαι
2547 993 2869 1066 ἐπέτρεπεν,
2882 993 3056 1065 ὀρθῶς
3081 992 3357 1064 μὲν,ἔφην,
3372 995 3566 1058 ποιεῖς,
3580 991 3839 1046 ἐπισπεύ-

2257 1086 2423 1145 δουσα
2450 1084 2521 1138 τὰ
2557 1086 2658 1157 τῆς
2695 1084 2915 1157 ἀγάπης
2945 1084 3341 1157 ἀποπληρῶσαι
3359 1083 3405 1115 ⁸⁸
3439 1084 3600 1160 μέρη.
3633 1084 3834 1154 Προτι-

2262 1177 2460 1249 μητέος
2485 1177 2542 1231 δὲ
2571 1177 2775 1248 ταύτης
2797 1178 2826 1230 ό
2860 1176 3000 1249 πρὸς
3025 1177 3116 1231 τὸν
3147 1176 3278 1231 Θεὸν
3304 1176 3462 1248 ήμῶν
3489 1175 3673 1245 φόϐοςσ
3698 1176 3837 1231 δέδι-

2261 1287 2359 1341 μεν
2373 1271 2417 1301 ⁸⁸
2437 1269 2546 1342 γὰρ
2569 1271 2709 1341 ὑπὲρ
2737 1269 2957 1323 πολλῶν
2973 1268 3159 1340 ψυχῶν
3184 1269 3272 1323 τὸν
3299 1268 3493 1337 ἀγῶνα·
3506 1268 3720 1339 ἔχοντες
3734 1268 3837 1339 τῆς

2258 1360 2480 1414 ἐκείνων
2500 1360 2772 1432 σωτηρίας
2802 1361 3071 1432 προτιμᾷν
3090 1360 3186 1432 τὴν
3213 1363 3245 1432 ή
3256 1360 3485 1433 μετέραν
3504 1361 3833 1417 ἀνάπαυσιν.

2329 1452 2390 1506 ll.
2433 1451 2817 1524 Πυνθανόμεθα
2847 1454 2893 1484 ⁸³
2924 1453 3031 1525 γὰρ
3075 1454 3155 1506 ὃτι
3187 1453 3369 1527 Σίμων
3412 1455 3440 1507 ό
3471 1452 3662 1522 Μάγος
3683 1492 3699 1517 ,
3741 1453 3836 1506 ἐπὶ

2256 1544 2356 1616 τῆς
2382 1547 2439 1599 ὲν
2472 1544 2780 1618 Καισαρείᾳ
2809 1545 2945 1617 πρὸς
2969 1545 3058 1599 τδν
3093 1544 3279 1617 κύριον
3306 1545 3463 1617 ἡμῶν
3500 1543 3707 1615 Πέτρον
3738 1544 3838 1618 ζη-

2255 1638 2466 1708 τήσεως
2484 1637 2761 1709 ἡττηθεὶς,
2784 1636 3131 1708 παραχρῆμα·
3146 1636 3388 1709 ἀποδρὰς
3410 1638 3640 1693 ἐνταῦθα
3663 1638 3837 1693 πολλὰ

2260 1729 2405 1782 κακά
2451 1729 2932 1802 διαπράσσεται³⁸.
2983 1730 3124 1783 Πᾶσι
3177 1727 3285 1802 γὰρ
3330 1733 3444 1793 τοῖς
3495 1731 3837 1794 ὑπεναντίοις

2259 1820 2412 1893 παρὰ
2466 1821 2566 1894 τὴν
2611 1821 2869 1894 ἀλήθειαν
2917 1821 3172 1894 λοιδορῶν
3205 1822 3295 1876 τὸν
3334 1822 3539 1894 Πέτρον
3586 1822 3685 1887 τὰς
3724 1824 3837 1876 τῶν

2258 1914 2467 1970 πολλῶν
2521 1912 2854 1985 συναρπάζει
2903 1914 3096 1984 ψυχάς.
3150 1913 3338 1985 Μάγος
3369 1930 3427 1966 τε
3453 1914 3507 1946 ⁸⁵
3537 1912 3644 1985 γὰρ
3670 1914 3839 1978 αὑτὸς

2257 2007 2352 2072 ὢν,
2370 2007 2541 2079 μάγον
2565 2008 2769 2063 ἐκεῖνον
2813 2007 3107 2073 ἀποκαλεῖ,
3147 2008 3242 2061 καὶ
3274 2006 3475 2071 πλάνος
3526 2007 3689 2072 αὑτὸς
3728 2006 3833 2075 ὢν,

2257 2101 2458 2157 πλάνον
2489 2102 2695 2157 ἐκεῖνον
2735 2102 3133 2175 ἀποκηρύσσει,
3165 2104 3259 2156 καὶ
3304 2104 3361 2156 έν
3388 2106 3507 2166 ταῖς
3545 2101 3839 2175 ζητήσεσιν

2258 2194 2351 2247 ἐπὶ
2402 2192 2619 2248 πάντων
2672 2194 2734 2248 τὸ
2793 2187 2953 2265 ἦττον
3014 2194 3454 2265 ἀπενεγκάμενος
3506 2194 3609 2253 καὶ,
3644 2192 3838 2262 φυγὼν

2257 2285 2421 2351 αὑτὸς
2454 2285 2651 2356 φάσκει
2678 2287 3019 2357 νενικηκέναι
3039 2286 3108 2352 ⁸⁸,
3137 2287 3232 2341 καὶ
3252 2284 3347 2339 τοῦ
3378 2285 3587 2357 Πέτρου
3618 2284 3691 2356 μὴ
3721 2284 3838 2339 δεῖν

2258 2375 2475 2431 ἀκούειν
2508 2376 2835 2449 πυκνότερον
2862 2376 3182 2442 ἐντέλλεται,
3206 2376 3282 2441 ὡς
3317 2376 3481 2447 δῆθεν
3514 2374 3836 2451 κηδόμενος,

2259 2467 2346 2521 ῑνα
2377 2467 2452 2540 μὴ
2482 2468 2587 2522 ὑπὸ
2616 2466 2790 2522 δεινοῦ
2824 2467 3301 2540 καταγοητευθῶσι
3334 2468 3526 2539 μάγου.

2326 2558 2415 2616 ΙΙΙ.
2457 2559 2643 2614 Ταῦτα
2663 2556 2755 2613 οὖν
2782 2559 2967 2631 μαθὼν
2993 2562 3022 2615 ὀ
3048 2559 3234 2631 κύριος
3253 2562 3286 2630 ή
3297 2559 3409 2630 μῶν
3448 2558 3663 2629 Πέτρος,
3692 2574 3836 2629 προ-

2257 2651 2575 2707 απέστειλεν
2595 2654 2743 2723 ἡμᾶς
2761 2653 2916 2723 121
2942 2650 3229 2719 ἐξεταστάς
3244 2650 3351 2704 τῶν
3368 2649 3661 2720 λεχθέντων
3682 2647 3839 2721 αὑτῷ

2256 2744 2569 2815 ἐσομένους·
2599 2744 2684 2796 ἵνα
2708 2746 2756 2797 εί
2789 2743 2963 2807 οὕτως
2983 2743 3115 2814 ἔχοι,
3138 2742 3462 2815 γραψάντων
3484 2740 3641 2813 ἡμῶν
3670 2740 3839 2806 αὐτὸς

2260 2836 2419 2908 μάθοι
2434 2836 2501 2902 δ’,
2524 2836 2616 2890 καὶ
2637 2834 2873 2890 ἐπελθὼν
2893 2834 3141 2907 ἐξελέγξῃ
3166 2835 3323 2888 αὑτὸν
3350 2836 3555 2887 ἐκεῖνον
3576 2833 3839 2909 ἄντικρυς

2257 2929 2341 2998 ἐφ’
2364 2920 2436 2982 ὧν
2465 2928 2624 2982 αὑτὸν
2648 2927 2940 2982 διέϐαλλεν.
2974 2929 3126 2981 Ἐπεὶ⁵
3140 2923 3232 2980 οὖν
3257 2927 3395 2995 ὑπὲρ
3415 2924 3623 2979 πολλῶν
3644 2924 3840 3000 ψυχῶν

2256 3023 2286 3075 ὁ
2313 3020 2553 3083 κίνδυνος
2585 3022 2717 3092 ἡμῖν
2770 3019 3084 3093 πρόκειται,
3116 3018 3306 3072 τούτου
3342 3018 3523 3072 ἕνεκεν
3543 3058 3559 3083 ,
3590 3018 3688 3089 τῆς
3735 3017 3840 3072 τοῦ

2262 3112 2511 3185 σώματος
2530 3112 2688 3185 ήμῶν
2710 3111 3071 3174 ἀναπαύσεως
3092 3110 3227 3183 πρὸς
3251 3110 3421 3181 βραχὺ
3441 3107 3841 3181 ἀμελήσαντες,

2260 3204 2411 3276 παρά
2438 3202 2532 3258 σοῦ
2557 3202 2658 3275 τῆς
2689 3201 2921 3257 ἐνταῦθα
2951 3201 3308 3273 διαιτωμένης
3338 3199 3638 3271 βουλόμεθα
3667 3198 3843 3269 ἀψευδ-

2257 3297 2361 3361 δῶς
2390 3296 2598 3369 μαθεῖν,
2622 3299 2670 3350 εί
2698 3295 2840 3367 ᾶπερ
2877 3294 3187 3366 ἠκούσαμεν
3220 3292 3392 3364 ἀληθῆ
3421 3290 3693 3362 τυγχάνει·
3738 3292 3859 3352 καὶ,

2257 3388 2434 3458 λέγοις
2465 3388 2531 3444 ἂν
2565 3388 2666 3462 ήδη
2694 3391 2825 3461 ἡμῖν
2851 3387 3074 3443 ἕκαστα.

2328 3504 2418 3561 IV.
2471 3506 2537 3559 Ἦ
2568 3504 2799 3579 Βερνίκη
2830 3503 2888 3559 δὲ
2920 3502 3211 3568 ἀξιωθεῖσα
3230 3501 3296 3533 ⁸⁸⁸
3314 3499 3498 3556 Ταῦτα
3517 3500 3615 3573 μὲν
3636 3496 3839 3563 οὑτως,

2259 3600 2386 3673 ἔφη,
2419 3599 2533 3671 ἔχει
2575 3599 2651 3665 ὡς
2682 3599 2974 3670 ἠκούσατε,
3004 3598 3073 3653 τὰ
3113 3598 3169 3651 δὲ
3200 3597 3336 3653 ἀλλα
3383 3593 3454 3648 τὰ
3497 3594 3629 3648 κατ’⁵
3669 3592 3843 3647 αὑτὸν

2258 3693 2350 3748 τὸν
2382 3693 2619 3766 Σίμωνα,
2652 3691 2795 3765 ἀπερ
2838 3694 2967 3757 ῐσως
2996 3691 3259 3761 ἀγνοεῖτε,
3303 3689 3589 3745 ἀκούσωσι-ι’
3630 3684 3844 3758 φαντάδ-

2262 3784 2446 3857 σματά
2471 3801 2531 3838 τε
2559 3783 2668 3856 γὰρ
2697 3785 2794 3837 καὶ
2824 3784 3117 3855 ἰνδάλματα
3145 3784 3204 3837 ὲν
3236 3783 3375 3857 μέσῃ
3403 3784 3470 3854 τῇ
3509 3782 3685 3853 ἀγορᾷ
3719 3779 3844 3849 φαί-

2262 3877 2446 3932 νεσθαι
2494 3877 2665 3930 ποιῶν
2708 3876 2775 3930 δι’
2823 3876 3035 3948 ἡμέρας
3081 3878 3262 3930 πᾶσαν
3288 3875 3575 3947 ἐκπλήττει
3606 3873 3705 3944 τὴν
3737 3871 3846 3925 πό-

2262 3970 2345 4025 λιν
2379 3968 2512 4042 (81),
2546 3969 2640 4023 καὶ
2678 3969 2957 4041 προϊόντος
2993 3967 3158 4022 αὑτοῦ
3198 3967 3512 4039 ἀνδριάντες
3539 3964 3841 4032 κινοῦνται,

2262 4063 2355 4118 καὶ
2388 4062 2538 4117 σκιαὶ
2566 4060 2759 4115 πολλαὶ
2790 4060 3173 4132 προηγοῦνται,
3198 4060 3374 4132 ἇσπερ
3398 4058 3556 4122 αὐτὸς
3586 4056 3632 4090 ⁸⁸
3654 4056 3843 4127 ψυχὰς

2260 4154 2368 4211 τῶν
2394 4155 2729 4227 τεθνηκότων
2767 4149 2905 4208 εἶναι
2934 4153 3080 4223 λέγει
3115 4153 3245 4225 (82).
3300 4152 3533 4216 Πολλοὺς
3569 4150 3627 4204 δὲ
3656 4149 3844 4220 γόητα.

2224 4290 2235 4299 .
2262 4247 2423 4303 αὑτὸν
2451 4246 2693 4318 ἐλέγχειν
2725 4246 3097 4319 πειρωμένους
3126 4240 3408 4312 διαλλάξας
3438 4242 3576 4318 πρὸς
3616 4240 3841 4309 ἑαυτὸν,

2261 4338 2432 4393 ἔπειθ’
2465 4339 2691 4412 ὕστερον
2714 4339 2759 4371 ⁶⁰
2793 4338 3061 4410 προφάσει
3096 4337 3345 4408 εὑωχίας,
3379 4336 3504 4408 βοῦν
3537 4333 3704 4397 θύσας
3736 4332 3845 4387 καὶ

598 4423 858 4483 inescam
906 4429 1055 4499 dato,
1108 4430 1275 4488 variis
1326 4432 1594 4503 implicuit
1626 4434 1852 4504 morbis,
1898 4434 2157 4492 daemoni-

2265 4432 2519 4495 ἑστιάσας
2566 4431 2781 4498 αὑτοὺς,
2822 4430 3093 4503 διαφόροις
3140 4430 3313 4495 νόσοις
3369 4426 3688 4502 περιέϐαλεν
3734 4424 3845 4479 καὶ

1856 4652 2092 4710 ἾΑΒΙᾹΞ
2130 4651 2532 4709 LECTIONES.

670 4818 717 4851 ⁵ο
750 4814 1098 4878 Χανανίτιδος
1123 4811 1185 4867 C.
1250 4812 1682 4884 §‘_&m)tnpo§v
1715 4814 1808 4884 (Σ.Δ
1852 4810 2002 4884 "lla
2028 4811 2067 4867 S
2100 4806 2490 4884 suifragaan
2519 4850 2534 4874 ,
2567 4809 2621 4884 in
2655 4805 2764 4884 cui.
2808 4820 2979 4884 marg;
3010 4821 3132 4884 sec.
3157 4804 3696 4884 manunotayittcmg
3727 4804 3838 4859 δεῖ.

598 4891 639 4944 A
686 4889 754 4942 ud
785 4887 825 4942 Ο
869 4885 1135 4957 δέδειμεν.
1214 4883 1262 4917 ⁸³
1304 4881 1449 4940 ItaO
1500 4880 1645 4939 οἶδ.
1683 4880 2075 4954 πυνθανώμεθα
2105 4881 2167 4937 C.

600 4907 753 5013 uilius
779 4958 918 5013 enim
944 4954 1247 5011 contrariis.
1290 4952 1336 4986 "
1357 4972 1415 5008 τε
1449 4953 1652 5009 inserui
1695 4969 1745 5009 c.
1768 4953 1833 5008 Ο.
1872 4952 2017 5009 Idem
2049 4968 2157 5009 om.

2270 4875 2317 4915 δ’
2348 4879 2495 4936 κακά
2524 4878 2595 4932 τὰ
2611 4875 3004 4950 πράσσετᾳιᾯ.
3042 4876 3280 4950 subinde
3306 4876 3346 4931 C
3386 4875 3618 4950 :_Malim_
3640 4877 3845 4950 in_om-

692 4976 753 5013 us
779 4958 918 5013 enim
944 4945 1247 5011 contrariis.
1290 4952 1336 4986 "
1357 4972 1415 5008 τε
1449 4953 1652 5009 inserui
1695 4969 1745 5009 c.
1768 4953 1833 5008 Ο.
1872 4945 2017 5009 ldém
2049 4968 2157 5009 om.
2194 4951 2331 5007 νων.
2363 4950 2625 5005 ἀποκαλεῖ
2639 4945 2669 5013 ,⁷
2698 4947 2791 5002 καὶ
2821 4947 3018 5009 πλάνος
3063 4946 3222 5010 αὐτὸς
3251 4945 3325 4999 ὣν
3375 4945 3571 5000 πλάνον
3602 4946 3839 4999 ἐκεῖνον.

600 5030 647 5063 ⁸⁸
703 5026 968 5084 νενικέναι
1022 5024 1087 5081 Ο.

601 5102 768 5172 ἔχειν.

599 5163 731 5227 ιίὺω
754 5178 809 5227 et
833 5166 1221 5241 Nicephorum.
1295 5167 1340 5199 °°
1370 5163 1899 5238 ὲαυτὸνέὑθύστερον
1923 5163 1985 5220 C.

1193 5027 1236 5058 ιτ
1267 5024 1413 5098 μάθῃ
1437 5024 1503 5098 c_.
1532 5021 2007 5098 Τωῃλὲκεὶνρνοο
2131 5021 2186 5098 ΪΪ

2208 5022 2426 5090 ἀξιωθιῖ
2463 5020 2527 5076 Ο.
2563 5018 2719 5090 idem
2746 5032 2856 5072 om.
2892 5016 3490 5090 conject.»t37i.€x2t,_in
3522 5015 3658 5090 cuj._
3675 5023 3840 5090 textu

875 5098 923 5130 ⁸³
953 5097 1111 5161 αὑτός
1140 5096 1179 5152 S
1222 5084 1288 5153 ei
1313 5084 1435 5151 cod.
1472 5094 1602 5166 Reg.
1639 5094 1743 5166 804
1766 5104 1820 5151 et
1842 5093 1985 5166 Epit.
2027 5108 2077 5150 c.
2118 5093 2210 5158 45,
2257 5084 2435 5157 αὐτάς
2456 5090 2519 5161 C,
2548 5088 2614 5145 Ο.
2648 5087 2808 5147 Deest
2859 5102 2963 5142 vox
2997 5084 3149 5158 apud
3177 5084 3530 5145 Anastasium
3555 5084 3841 5154 ,Cedre-

1892 5278 2256 5338 VARIORUM
2294 5275 2527 5334 NOTAE.

673 5432 785 5558 gl)
825 5429 1137 5502 Excerpunt
1154 5429 1272 5484 haec
1292 5427 1615 5485 Anastasius
1636 5425 1864 5507 Sinaita,
1889 5423 2167 5506 Qedrenus

733 5504 1039 5558 icenhorus.
1068 5500 1311 5558 Quorum
1340 5500 1489 5555 locus
1515 5505 1768 5558 apposuit
1788 5505 1842 5551 et
1862 5497 2167 5558 discrepan-

603 5516 658 5563 ct
683 5497 1039 5573 Nicephorus.
1068 5500 1321 5573 Quorum
1340 5500 1495 5573 locos
1515 5497 1768 5573 apposuit
1788 5505 1842 5551 et
1862 5497 2169 5573 discrepan—

607 5578 737 5630 tiam
789 5564 1053 5629 orationis
1093 5564 1352 5627 venotavit
1411 5564 1851 5625 Schli—e'mannus.
1888 5564 2053 5622 Clem.
2110 5580 2165 5636 p.

606 5647 731 5709 3M,
753 5644 810 5699 S.
843 5644 1103 5701 BLassst.

683 5706 804 5786 (8‘2),
832 5716 1062 5786 ’Λα-περ
1089 5714 1275 5779 αὐτὰς
1303 5712 1507 5786 ψυχὰς
1538 5709 1656 5786 τῶν
1686 5708 2042 5786 τεθνηκός-ων
2089 5706 2167 5760 εῖ-

609 5778 705 5843 ναὶ
738 5778 917 5854 λέγει.
942 5778 1271 5842 Mentoratus
1298 5778 1487 5851 codex,
1510 5781 1710 5849 αὑτός,
1733 5788 1791 5837 ut
1819 5781 1874 5837 in
1913 5778 2166 5850 Epitome.

2274 5417 2525 5483 Videndi,
2556 5414 3239 5493 Anastasius,‘Cedrenus,
3276 5414 3614 5493 Nicephorus
3649 5431 3673 5493 :_
3695 5414 3833 5493 pri-

2269 5506 2392 5545 mus
2422 5496 2616 5558 quzest.
2644 5487 2734 5555 20,
2763 5504 2816 5558 p.
2842 5487 2978 5558 242;
3010 5487 3285 5558 secundus
3319 5483 3836 5558 Contpendit_§isto-

2271 5561 2367 5614 rici
2392 5554 2454 5629 ρξ
2486 5558 2607 5624 175,
2640 5554 2835 5629 tertius
2872 5557 3015 5629 Hist.
3040 5554 3188 5629 leccl.
3231 5557 3328 5629 lib.
3362 5554 3588 5629 tt,'cap.
3614 5554 3704 5629 27.
3746 5555 3843 5629 Ac

2271 5624 2409 5685 forte
2431 5628 2485 5683 in
2513 5629 2634 5683 loco
2666 5627 2895 5685 Cedreni
2933 5627 3134 5682 rectius
3173 5628 3480 5684 scribetur:
3506 5624 3601 5679 καὶ
3637 5624 3837 5679 ἑστιά-

2272 5717 2368 5763 σας
2398 5698 2610 5763 αὑτοὺς,
2636 5698 2906 5772 διαφόροις
2927 5698 3021 5753 καὶ
3040 5696 3307 5762 δυσιάτοις
3337 5698 3512 5762 νόσοις
3526 5696 3618 5750 καὶ
3637 5693 3842 5765 δαίμος

2273 5788 2355 5823 σιν
2385 5768 2638 5823 ὑπέϐαλε.
2659 5771 2793 5823 Cor.
3251 5818 3260 5823 -

2273 5788 2355 5825 σιν
2385 5771 2638 5824 ὑπέϐαλε.
2659 5771 2793 5826 Cor.
3251 5818 3261 5831 ,
