4004 6332
185 357 277 413 ιοι

1298 340 1751 401 CLEMENTINA.
1782 370 1851 381 —
1879 335 2158 395 HOMILIA
2188 333 2276 389 IV.

3301 327 3405 383 162

180 474 433 544 δαίμοσιν
467 468 762 525 ὑπέϐαλενο
792 465 889 521 καὶ
921 464 1006 519 ἵνα
1047 461 1121 534 μὴ
1154 459 1322 515 πολλὰ
1336 460 1497 529 λέγω,
1530 455 1757 519 πολλοὺς

1872 454 2070 521 busque
2107 446 2339 517 subjecit
2377 464 2391 501 :
2443 459 2506 500 ac
2548 459 2617 498 ne
2654 442 2807 514 plura
2847 444 3158 514 proloquar,
3209 442 3412 500 multos

182 561 439 624 κακώσας
476 559 597 623 θεὸς
628 552 766 611 εἶναι
798 552 1143 627 ὑποληφθεὶς,
1174 549 1310 622 πρὸς
1342 548 1422 620 τῷ
1448 548 1490 579 ⁸³
1521 546 1750 617 φοϐερὸν

181 650 310 710 εἶναι
343 653 446 706 καὶ
480 649 893 723 προτετίμηται.

246 745 311 799 ν.
357 742 530 798 Ὅθεν
581 742 681 795 οὐκ
728 742 911 810 οἴομαι
962 735 1283 809 δυνήσεσθαί
1329 750 1452 788 τινα
1496 730 1752 786 τοσοῦτον

180 837 421 907 ἀναφθὲν
447 835 562 907 πῦρ
592 833 799 887 σϐέσαι.
835 831 968 886 Οὐδὲ
997 829 1105 901 γὰρ
1127 828 1386 893 ὲνδοιάζει
1414 844 1500 890 τις
1531 826 1660 897 περὶ⁸
1679 818 1753 879 ὧν

182 934 385 993 ἐκεῖνος
421 927 836 997 ἐπαγγέλλεται,
870 922 1004 978 ἀλλά
1033 922 1189 976 τούτο
1208 921 1381 983 οὕτως
1412 919 1568 990 122
1610 917 1754 990 ἔχειν

179 1022 586 1078 διαϐεϐαιοῦται
618 1021 864 1083 ἕκαστος.
898 1017 989 1071 Διὸ
1010 1018 1104 1072 τοῦ
1148 1017 1223 1089 μὴ
1251 1015 1578 1071 κινδυνεύειν
1610 1015 1755 1086 ὑμᾶς

181 1118 334 1188 χάριν
366 1113 678 1187 παρακαλῶ
709 1114 869 1185 μηδὲν
900 1112 1212 1183 ἐγχειρῆσαι
1237 1109 1372 1181 πρὸς
1412 1108 1594 1173 αὑτὸν,
1627 1108 1755 1178 πρὶν

182 1210 242 1263 ἀν
270 1210 487 1281 Πέτρος
518 1207 669 1281 ἔλθῃ,
701 1206 760 1270 ὃς
803 1205 962 1276 μόνος
998 1205 1282 1276 δυνήσεται
1315 1202 1450 1273 πρὸς
1482 1200 1526 1231 ⁸²
1558 1198 1755 1253 τοσαύ-

182 1321 271 1375 την
320 1301 669 1363 δυναστείαν,
704 1298 799 1353 τοῦ
845 1298 1047 1371 Κυρίου
1091 1297 1245 1369 ἡμῶν
1308 1294 1479 1366 Ἰησοῦ
1522 1292 1756 1365 Χριστοῦ

183 1396 555 1466 δοκιμώτατος
616 1393 874 1464 ὑπάρχων
937 1391 1218 1463 μαθητὴς,
1274 1390 1755 1459 ἀνταγωνίσασθαι.

185 1488 449 1540 Τοσοῦτον
474 1486 585 1558 γὰρ
603 1484 911 1556 πεφόϐημαι
928 1485 1018 1538 τὸν
1046 1483 1231 1555 ἀνδρα,
1254 1484 1347 1548 ῶς,
1372 1485 1419 1537 εί
1444 1484 1517 1554 μὴ
1546 1483 1640 1536 καὶ
1664 1484 1759 1537 ἄλ-

189 1579 301 1632 λοτε
336 1580 482 1650 πρὸς
502 1579 595 1631 τὸν
629 1577 815 1648 κύριόν
845 1594 945 1647 μου
976 1577 1179 1648 Πέτρον
1201 1578 1496 1649 διαλεχθεὶς
1514 1578 1575 1631 τὸ
1600 1573 1760 1650 ἦττον

191 1671 563 1742 ἀπηνέγκατο,
614 1668 1002 1723 συνεϐούλευσα
1022 1668 1087 1723 ἀν
1114 1670 1241 1741 ὑμῖν
1264 1672 1355 1723 καὶ
1374 1669 1533 1723 αὐτὸν
1555 1671 1761 1725 πείθειν

190 1764 275 1816 τὸν
288 1763 523 1833 Πέτρον,
542 1760 619 1833 μὴ
638 1760 927 1832 πειρᾶσθαι
957 1760 1401 1827 ἀντεξετάζεσθαι
1429 1761 1507 1833 τῷ
1535 1763 1758 1834 Σίμωνι.

253 1923 341 1978 Vl.
383 1920 563 1990 Κάγὼ
589 1920 744 1993 ἔφην⁹
782 1920 838 1974 '0
866 1919 1050 1992 κύριος
1079 1920 1233 1991 ήμῶν
1264 1920 1467 1991 Πέτρος
1499 1921 1547 1973 εί
1581 1920 1762 1991 ἠγνόει

193 2017 267 2069 ὅτι
313 2014 480 2077 αὐτὸς
531 2012 692 2083 μόνος
732 2012 1012 2082 κατισχύει
1054 2013 1154 2083 τῆς
1191 2013 1398 2066 ἐκείνου
1429 2012 1761 2075 δυναστείας,

192 2109 284 2161 οὒκ
313 2108 381 2161 ἂν
411 2107 563 2178 ημᾶς
593 2104 931 2175 προπέμπων
958 2105 1281 2168 ἐνετέλλετο,
1307 2104 1667 2167 λανθανόντως
1696 2103 1766 2157 τά

194 2200 327 2254 κατά
359 2200 588 2271 Σίμωνα
620 2196 1071 2268 διαμανθάνοντας
1100 2197 1247 2269 αὐτῷ
1293 2197 1541 2268 γράφειν.
1580 2198 1767 2268 Ὅμως

194 2293 325 2363 ἐπεὶ.
346 2292 557 2363 ἑσπέρα
604 2290 942 2361 κατειλήφει,
988 2289 1130 2343 ἁλῶν
1166 2289 1554 2360 μεταλαϐόντες
1587 2288 1767 2342 ὑπνώ-

196 2360 394 2456 σαμεν.
448 2360 654 2436 Ἕωθεν
700 2381 756 2435 δέ
800 2360 883 2444 τις
930 2384 997 2453 τῇ
1050 2381 1282 2454 Βερνίκῃ
1327 2380 1559 2451 συνήθης
1600 2379 1769 2435 ἐλθὼν

198 2476 331 2547 ἔφη,
361 2476 454 2528 τδν
482 2474 689 2545 Σίμωνα
714 2474 795 2536 είς
818 2473 916 2543 τὴν
947 2472 1149 2527 Σιδῶνα
1186 2471 1631 2537 ἐκπεπλευκέναι,
1662 2472 1769 2525 τῶν

198 2570 262 2623 δὲ
306 2568 474 2624 αὑτοῦ
527 2565 780 2639 μαθητῶν
835 2565 1280 2619 καταλελοιπέναι
1353 2564 1771 2627 Ἀππίωναςτὸν

202 2660 586 2731 Πλειστονίκην
616 2659 683 2724 ⁸⁸,
730 2658 898 2729 ἄνδρα
960 2657 1343 2729 Ἀλεξανδρέα,
1391 2656 1771 2730 γραμματικὸν

198 2754 299 2824 τὴν
343 2753 680 2824 ἐπιστήμην,
730 2752 790 2805 ὃν
838 2750 973 2823 πρὸς
1004 2752 1210 2821 πατρός
1252 2768 1337 2822 μοι
1372 2751 1522 2821 φίλον
1568 2752 1697 2803 ὄντα
1729 2748 1774 2781 ⁸⁸

201 2846 468 2914 ἐπέγνων,
524 2844 622 2897 καὶ
683 2842 1039 2897 Ἀννουϐιῶνα
1101 2843 1191 2896 τὸν
1243 2843 1592 2913 Διοσπολίτην
1656 2840 1775 2894 τινά

202 2934 550 3009 ἀστρολόγον,
572 2938 668 2990 καὶ
702 2936 1058 3008 Ἀθηνόδωρον
1083 2936 1174 2988 τὸν
1212 2935 1486 3007 Ἀθηναῖον
1516 2934 1594 3006 τῷ
1636 2934 1777 2987 Ἐπι-

204 3030 401 3100 κούρου
454 3030 501 3060 ⁸⁸
541 3029 905 3100 ἀρεσκόμενον
950 3027 1110 3098 λόγῳ.
1165 3025 1355 3098 Ἡμεῖς
1397 3025 1474 3089 δὲ,
1522 3026 1590 3078 τὰ
1635 3025 1777 3078 κατά

203 3125 288 3176 τὸν
317 3124 543 3194 Σίμωνα
580 3121 858 3193 μαθόντες,
908 3120 1075 3174 ἕωθεν
1119 3120 1295 3173 πάντα
1338 3119 1644 3191 γράψαντες
1684 3119 1777 3171 καὶ

1854 543 2138 613 allligendo
2172 542 2306 596 deus
2333 554 2455 595 esse
2481 539 2738 600 creditur,
2772 547 2842 603 et,
2873 547 3226 608 prazterquam
3266 535 3411 607 quod

1854 634 2208 690 formidabilis
2233 640 2335 698 est,
2368 630 2529 685 etiam
2562 630 2769 685 honore
2796 628 3041 684 adicitur.

1925 725 1991 780 γ.
2032 724 2296 792 Quocirca
2327 737 2437 778 non
2472 731 2602 793 puto
2631 737 2661 776 a
2692 734 2966 791 quoquam
3002 720 3178 791 ignem
3203 730 3411 776 tantum

1854 835 2144 877 accensum
2187 832 2349 889 posse
2385 813 2675 886 exstingui.
2710 812 2880 867 Nemo
2910 815 3054 866 enim
3093 814 3147 866 in
3188 813 3414 869 dubium

1854 920 2010 968 vocat
2055 925 2176 982 quae,
2225 910 2313 964 ille
2352 907 2670 979 pollicetur,
2720 905 2815 960 sed
2850 903 3049 975 singuli
3096 907 3418 960 conﬁrmant

1854 1019 1968 1059 rem
1993 1004 2064 1058 ita
2093 1019 2151 1059 se
2179 1001 2396 1057 habere.
2420 999 2599 1067 Quare
2633 1014 2696 1053 ea
2733 996 2927 1067 gratia.
2966 1004 3025 1050 ut
3055 1011 3155 1050 vos
3182 996 3235 1050 in
3268 997 3415 1066 peri-

1857 1097 2037 1153 culum
2068 1111 2176 1151 non
2213 1093 2463 1160 veniatis,
2507 1095 2697 1147 hortor
2736 1106 2804 1145 ne
2847 1089 3145 1161 quidquam
3198 1090 3416 1145 tentetis

1857 1188 2116 1243 adversus
2151 1202 2296 1252 eum,
2330 1196 2453 1240 ante
2481 1199 2643 1254 quam
2675 1182 2865 1237 Petrus
2910 1180 3136 1248 venerit,
3163 1180 3254 1254 qui
3293 1196 3419 1235 cum

1858 1281 1929 1335 sit
1961 1279 2174 1343 Domini
2206 1278 2377 1334 nostri
2415 1276 2543 1331 Jesu
2573 1275 2775 1330 Christi
2804 1273 3218 1345 probatissimus
3257 1273 3423 1328 disci-

1858 1374 2040 1443 pulus,
2071 1372 2268 1443 poterit
2297 1371 2444 1426 solus
2476 1379 2663 1424 contra
2696 1378 2897 1421 tantam
2927 1366 3220 1436 potentiam
3255 1365 3420 1421 dimi-

1860 1480 2005 1520 care.
2070 1462 2302 1518 Tantum
2360 1462 2559 1532 quippe
2602 1468 2786 1515 metuo
2813 1460 2957 1515 hunc
2996 1460 3295 1525 hominem,
3342 1468 3420 1525 ut,

1860 1558 1963 1613 nisi
1996 1558 2129 1613 alias
2158 1573 2280 1612 cum
2305 1556 2527 1611 domino
2549 1570 2671 1609 meo
2697 1554 2856 1607 Petro
2881 1553 3188 1622 disceptaus
3213 1553 3423 1607 disces-

1862 1650 2023 1706 sisset
2071 1649 2317 1713 inferior,
2363 1648 2649 1703 consilium
2707 1647 2977 1701 dedissem
3026 1646 3202 1713 vobis,
3247 1646 3421 1716 ipsum

1862 1758 2077 1813 quoque
2103 1742 2320 1797 Petrum
2360 1741 2755 1812 persuaderctis
2798 1755 2865 1794 ue
2897 1755 3019 1793 cum
3054 1738 3275 1793 Simone
3314 1739 3426 1794 dis-

1795 1855 1839 1911 B
1865 1844 2055 1904 putare
2078 1834 2357 1889 niteretur.

1936 1925 2023 1979 Vl.
2062 1925 2125 1980 Et
2153 1941 2252 1996 ego
2280 1925 2533 1995 respondi
2570 1944 2583 1979 :
2625 1925 2681 1979 Si
2718 1925 2971 1980 dominus
3014 1934 3197 1979 noster
3236 1923 3427 1979 Petrus

1868 2018 2149 2087 ignoraret
2184 2017 2327 2087 quod
2365 2017 2479 2087 ipse
2510 2017 2657 2073 solus
2690 2017 2951 2071 adversus
2988 2016 3106 2086 ejus
3133 2016 3424 2086 p0tentiam

1862 2110 2135 2179 praevalet,
2164 2124 2270 2161 non
2311 2109 2495 2178 utique
2543 2107 2918 2178 praemittendo
2957 2124 3055 2163 nos
3093 2108 3425 2170 mandasset,

1865 2210 1928 2256 ut
1971 2202 2109 2256 clam
2157 2199 2395 2255 Simonis
2429 2210 2579 2271 gesta
2625 2201 2895 2256 discentes
2935 2201 2984 2255 ei
3042 2200 3425 2255 scriberemus.

1865 2292 2038 2348 Porro
2066 2307 2189 2347 cum
2216 2307 2323 2346 nox
2348 2293 2604 2359 venisset,
2643 2302 2860 2362 sumpto
2898 2294 3020 2348 cibo
3048 2292 3427 2347 dormivimus.

1867 2386 2024 2441 Mane
2076 2400 2205 2440 vero
2263 2384 2461 2454 aliquis
2511 2384 2795 2441 Berenices
2854 2384 3137 2440 familiaris
3206 2386 3430 2440 veniens

1870 2480 2027 2543 dixit,
2061 2477 2337 2533 Simonem
2371 2479 2425 2531 in
2464 2477 2720 2533 Sidonem
2751 2479 3053 2548 navigasse,
3090 2494 3153 2531 ex
3184 2478 3298 2532 suis
3333 2494 3431 2531 au-

1873 2580 1981 2627 tem
2022 2570 2307 2641 discipulis
2361 2570 2645 2641 reliquisse
2696 2570 2995 2638 Appionem
3044 2569 3428 2636 Plistonicem,

1870 2665 2048 2719 virum
2070 2663 2515 2728 Alexandrinum,
2544 2671 2657 2717 arte
2690 2663 3121 2733 grammaticum,
3146 2672 3432 2730 paternum

1875 2772 2054 2811 meum
2103 2756 2339 2810 amicum
2393 2755 2526 2809 mihi
2574 2754 2881 2823 cognitum,
2941 2763 2993 2806 ct
3050 2753 3430 2807 Annubioucm

1876 2848 2161 2918 quemdam
2190 2846 2565 2916 Diospolitam,
2601 2846 2952 2916 astrologum,
2994 2855 3155 2915 atque
3192 2846 3433 2901 Atheno-

1877 2939 2069 2994 dorum
2092 2939 2475 2994 Atheniensem
2509 2937 2785 3007 Epicureae
2813 2948 2974 2992 sectae
3003 2938 3296 2992 addictum.
3324 2937 3433 2995 Nos

1877 3042 2056 3087 autem
2081 3032 2257 3087 edocti
2289 3047 2376 3087 res
2408 3030 2650 3086 Simonis
2682 3047 2840 3085 mane
2879 3039 3073 3085 cuncta
3124 3047 3249 3086 cum
3293 3034 3434 3087 scri-

1877 3124 2177 3195 psissemus
2200 3132 2255 3179 et
2281 3123 2348 3178 ad
2370 3122 2589 3177 Petrum
2622 3124 2985 3189 misissemus,
3014 3124 3081 3179 ad
3106 3124 3435 3180 ambulatio—

208 3216 395 3287 Πέτρῳ
427 3215 853 3285 διαπέμψαντες,
896 3215 976 3277 εἰς
1005 3212 1301 3285 περίπατον
1330 3211 1771 3283 άπετραπόμεθα.

1881 3232 2000 3271 nem
2041 3216 2409 3271 convertimus
2437 3216 2684 3286 gradum.

276 3308 389 3365 VII.
429 3308 547 3361 Καὶ
614 3307 854 3360 Ἀππίων
884 3307 1228 3378 ἀπηντὴσατο
1265 3306 1310 3337 ⁸⁵
1340 3307 1489 3377 ἡμῖν,
1528 3304 1588 3357 ού
1621 3305 1778 3375 μόνον

212 3402 348 3472 μετὰ
378 3402 493 3453 τῶν
533 3399 940 3471 προειρημένων
984 3398 1139 3469 123
1172 3398 1400 3469 ἑταίρων
1441 3398 1486 3428 ⁸⁷
1527 3397 1634 3449 τῶν
1665 3396 1777 3460 δύο,

206 3494 340 3549 ἀλλά
365 3495 461 3547 καὶ
493 3492 611 3565 μεθ’
643 3491 840 3563 ἐτέρων
873 3491 1077 3562 ἀνδρῶν
1107 3491 1182 3553 ὡς
1210 3490 1516 3561 τριάκοντα,
1550 3489 1641 3541 καὶ
1668 3488 1780 3557 ἅμα

207 3588 282 3659 τῷ
331 3589 464 3642 ἰδεῖν
510 3603 580 3657 με
618 3584 1062 3657 προσαγορεύσας
1100 3582 1195 3635 καὶ
1238 3581 1611 3652 καταφιλήσας
1654 3580 1777 3650 ἔφη’

209 3682 372 3746 Οὗτός
402 3685 525 3735 ἐστι
566 3679 813 3750 Κλήμης,
855 3676 982 3747 περί⁵
1010 3668 1070 3729 οὗ
1108 3675 1236 3745 ὑμῖν
1273 3674 1371 3744 τῆς
1409 3690 1467 3724 τε
1512 3671 1785 3741 εὐγενείας

208 3776 427 3846 καὶτῆς
461 3768 981 3841 ὲλευθεροπρεπείας
1015 3768 1059 3800 ⁸⁸
1091 3767 1255 3820 πολὺν
1289 3765 1582 3836 ἐποιούμην
1608 3765 1782 3834 λόγον,

210 3867 292 3920 ὅτι
323 3867 464 3937 ἀνὴρ
493 3864 631 3935 πρὸς
666 3862 854 3930 γένους
882 3858 1130 3929 Τιϐερίου
1151 3858 1422 3929 Καίσαρος
1451 3856 1526 3909 ὢν
1557 3856 1650 3910 καὶ
1682 3857 1786 3909 πά-

216 3977 309 4030 σης
351 3956 673 4027 Ἑλληνικῆς
705 3953 948 4016 παιδείας
979 3953 1023 3984 ⁸⁸
1051 3950 1548 4023 ὲξησκημένος,ὺπὸ
1578 3949 1784 4022 βαρϐά-

218 4069 305 4122 ρου
335 4051 502 4113 τινὸς,
534 4048 633 4120 τὴν
666 4044 1031 4118 προσηγορίαν
1063 4045 1291 4116 Πέτρου,
1330 4044 1399 4097 τὰ
1428 4042 1536 4095 τῶν
1567 4044 1613 4074 ⁷⁵
1656 4044 1785 4095 Ἰου-

218 4148 369 4203 δαίων
394 4149 571 4200 ποιεῖν
604 4144 696 4197 καὶ
721 4141 900 4211 λέγειν
931 4139 1226 4211 ὴπάτηται.
1266 4138 1422 4191 Ὅθεν
1463 4137 1597 4204 ἀξιῶ
1630 4156 1788 4191 συνα-

219 4237 546 4309 γωνίσασθαί
589 4253 679 4307 μοι
717 4233 858 4306 πρὸς
886 4232 985 4305 τὴν
1028 4231 1308 4306 διόρθωσιν
1342 4230 1526 4283 αὑτοῦ·
1570 4231 1663 4284 καὶ
1699 4231 1787 4298 ἐφ’

217 4331 361 4403 ὑμῶν
392 4329 563 4385 αὑτοῦ
599 4327 956 4397 πυνθάνομαι.
1001 4324 1221 4393 Λεγέτω
1268 4339 1379 4394 μοι,
1420 4322 1604 4393 ἐπειδὴ
1654 4321 1788 4394 πρὸς

216 4424 275 4476 τὸ
304 4422 550 4477 εὐσεϐεῖν
594 4419 783 4474 ἑαυτὸν
824 4415 1219 4471 ἀποδεδωκέναι
1256 4414 1484 4485 νομίζει,
1517 4413 1634 4477 πῶς
1670 4414 1789 4483 ούχὶ

218 4516 282 4567 τά
324 4517 557 4586 μέγιστα
613 4512 815 4575 ἀσεϐεῖ,
869 4507 1178 4564 καταλιπὼν
1217 4508 1263 4538 '”
1315 4506 1412 4578 μὲν
1454 4505 1524 4558 τά
1563 4505 1783 4576 πάτρια,

216 4606 509 4669 ἀποκλίνας
538 4606 595 4658 δὲ
619 4607 697 4667 εἰς
723 4603 816 4673 ἑθη
850 4601 1115 4673 βάρϐαρα.

289 4699 419 4754 Vill.
461 4697 634 4766 Κάγὼ
670 4698 715 4728 ⁷³
756 4693 1157 4767 ἀπεκρινάμην·
1201 4692 1311 4763 Τὴν
1367 4690 1465 4761 μὲν
1512 4690 1646 4761 πρὸς
1684 4690 1783 4759 ἐμέ

220 4811 311 4847 σου
340 4792 552 4861 ἀγαθὴν
580 4790 891 4861 προαίρεσιν
921 4786 1269 4856 ἀποδέχομαι,
1302 4784 1400 4856 τὴν
1426 4783 1483 4836 δὲ
1513 4784 1784 4852 ἀγνωσίαν

216 4886 563 4955 ἀποσείομαι.
603 4883 668 4934 Ἠ
700 4882 799 4955 μὲν
825 4882 871 4913 ⁷³
897 4880 1004 4952 γάρ
1030 4879 1343 4951 προαίρεσις
1373 4876 1572 4947 ἀγαθὴ,
1602 4877 1702 4939 ὅτι,
1727 4876 1785 4928 ὲν

218 4977 297 5043 οἷς
326 4980 499 5040 δοκεῖς
535 4976 585 5006 ⁷⁸
628 4974 831 5037 καλοῖς,
875 4975 932 5026 ὲν
974 4970 1181 5034 τούτοις
1224 4963 1363 5022 εἷναί
1405 4985 1472 5039 με
1518 4967 1706 5029 θέλεις·
1752 4968 1784 5037 ἠ

220 5070 275 5123 δὲ
320 5068 520 5137 γνῶσις
564 5068 664 5120 οὐκ
706 5066 878 5137 ὀρθῶς
920 5064 1114 5135 ἔχουσα
1161 5060 1338 5130 φιλίας
1381 5060 1649 5131 προφάσει
1675 5060 1787 5111 ἐνε-

225 5162 430 5234 δρεύειν
479 5160 821 5231 ἀγωνίζεται.
868 5159 976 5212 Καὶ
1005 5160 1035 5211 ό
1065 5155 1308 5209 Ἀππίων
1340 5154 1463 5225 ἔφη·
1520 5154 1787 5223 Ἀγνωσία

1950 3307 2059 3362 VII.
2100 3308 2164 3362 Et
2203 3308 2443 3363 occurrit
2479 3310 2635 3363 nobis
2666 3309 2899 3379 Appion,
2944 3324 3052 3363 non
3097 3308 3271 3364 solum
3312 3324 3438 3364 cum

1878 3401 2150 3473 prtedictis
2177 3400 2391 3455 duobus
2435 3401 2618 3467 sociis,
2649 3400 2743 3455 sed
2781 3412 2835 3455 et
2863 3417 2983 3455 cum
3021 3402 3143 3456 aliis
3176 3402 3308 3458 viris
3334 3403 3440 3457 tri-

1881 3497 2028 3567 ginta
2054 3497 2287 3552 circiter.
2328 3497 2407 3552 Ac
2437 3496 2598 3551 simul
2624 3506 2785 3565 atque
2817 3513 2900 3551 me
2930 3496 3083 3563 vidit,
3116 3496 3357 3551 salutans
3385 3504 3443 3551 et

1881 3589 2157 3644 osculatus
2179 3589 2254 3643 ait
2285 3606 2298 3642 :
2333 3586 2430 3640 liic
2464 3594 2546 3642 est
2573 3586 2843 3653 Clemens,
2875 3586 2940 3641 de
2963 3602 3071 3657 quo
3113 3588 3342 3641 multum
3374 3587 3439 3642 ad

1881 3698 1981 3737 vos
2003 3697 2309 3737 sermonem
2341 3680 2527 3746 habui,
2556 3680 2621 3734 dc
2645 3680 2790 3734 illius
2814 3680 3091 3735 nobilitate
3113 3697 3175 3735 ac
3198 3681 3442 3736 moribus

1882 3775 2225 3839 liberalibus;
2263 3773 2405 3843 quod
2440 3773 2522 3826 vir
2546 3788 2613 3827 ex
2649 3788 2843 3842 genere
2879 3771 3081 3827 Tiberii
3105 3772 3359 3837 Caesaris,
3389 3782 3444 3827 et

1884 3865 1939 3920 in
1994 3865 2145 3920 omni
2189 3865 2373 3920 Graeca
2422 3863 2706 3933 disciplina
2749 3865 3097 3930 exercitatus,
3135 3882 3167 3919 a
3208 3866 3440 3920 barbaro

1883 3957 2149 4027 quodam,
2204 3955 2298 4026 qui
2344 3962 2571 4009 vocatur
2618 3954 2845 4022 Petrus,
2899 3954 3088 4011 fraude
3128 3956 3441 4026 compulsus

1882 4058 2025 4104 esset
2056 4048 2122 4101 ad
2160 4046 2488 4117 peragendos
2526 4062 2589 4101 ac
2618 4046 2985 4115 praedicandos
3016 4045 3322 4103 Judazorum
3367 4049 3443 4102 ri-

1886 4147 1993 4193 tus.
2020 4138 2199 4204 Quare
2235 4152 2387 4208 rogo,
2429 4148 2487 4191 ut
2528 4152 2615 4192 me
2658 4138 2710 4192 in
2749 4138 2840 4193 illo
2872 4140 3192 4209 corrigendo
3222 4141 3443 4210 adjuve-

1883 4232 1984 4296 tis;
2037 4240 2091 4285 et
2145 4244 2329 4285 coram
2387 4230 2543 4285 vobis
2580 4246 2702 4285 eum
2757 4231 3049 4301 interrogo.
3098 4230 3444 4303 Respondeat

1884 4323 2040 4383 mihi.
2069 4321 2507 4393 quandoquidem
2540 4323 2854 4387 arbitratur,
2885 4323 3031 4391 quod
3063 4338 3142 4390 se,
3174 4332 3230 4377 ut
3270 4324 3441 4393 pieta-

1884 4423 1991 4470 tem
2024 4415 2246 4479 coleret,
2277 4413 2562 4480 dediderit,
2590 4429 2700 4485 quo
2740 4415 2900 4469 modo
2932 4428 3040 4469 non
3080 4415 3316 4469 maxime
3340 4415 3444 4469 im-

1885 4509 2008 4578 pius
2038 4507 2129 4572 sit,
2168 4507 2266 4578 qui
2299 4507 2504 4577 patrios
2532 4507 2900 4578 dereliquerit,
2937 4507 3289 4564 declinaverit
3316 4524 3444 4565 vero

1814 4614 1859 4669 ι)
1888 4602 1955 4656 ad
1977 4600 2239 4656 barbaros
2269 4615 2467 4655 mores.

1961 4691 2092 4746 Vlll.
2135 4691 2199 4747 Et
2240 4706 2342 4762 ego
2385 4691 2636 4761 respondi
2692 4710 2704 4745 :
2757 4690 2927 4746 Tuam
2983 4695 3199 4764 quidem
3253 4694 3307 4749 in
3360 4710 3447 4749 me

1888 4786 2201 4857 praeclaram
2246 4785 2577 4840 voluntatem
2621 4785 2797 4840 habeo
2838 4796 3149 4856 acceptam;
3190 4797 3245 4841 at
3288 4787 3445 4857 igno-

1888 4880 2153 4935 rationem
2185 4879 2432 4934 amolior.
2465 4877 2701 4945 Scilicet,
2728 4880 2986 4949 prmclara
3010 4879 3225 4950 quidem
3252 4881 3446 4935 volun-

1890 4974 1975 5027 tas
2004 4981 2108 5039 est,
2147 4972 2293 5042 quod
2332 4971 2385 5026 in
2432 4972 2522 5033 iis,
2561 4987 2684 5042 qua:
2728 4972 2824 5025 tibi
2869 4972 3011 5026 bona
3048 4972 3317 5037 videntur,
3361 4989 3448 5027 me

1893 5066 2097 5122 versari
2127 5066 2282 5135 cupis
2328 5082 2343 5118 :
2394 5080 2581 5121 verum
2632 5065 2871 5136 cognitio
2912 5079 3022 5119 non
3066 5073 3210 5120 recte
3239 5065 3446 5120 habens

1893 5168 2153 5229 praetextu
2181 5158 2429 5214 amicitia:
2459 5158 2703 5214 insidiari
2746 5158 2953 5214 nititur.
2999 5157 3145 5213 Dixit
3176 5158 3384 5229 Appion
3427 5176 3441 5213 :

1472 5290 1709 5347 VARUE
1746 5292 2151 5348 LECTIONES.

295 5389 564 5446 “ltaO
641 5407 691 5445 c.
765 5389 972 5452 Ι),τό
1034 5388 1097 5442 C.

1245 5388 1287 5418 θ’
1349 5385 1483 5442 Post
1542 5388 1678 5458 πρὸς
1720 5388 2021 5458 ,εει-αὑτόν
2103 5387 2156 5440 iu
2215 5386 2259 5440 0
2336 5395 2685 5455 expunctum.

2832 5385 2877 5416 ⁸³
2928 5381 3298 5437 Πλειστονίκον
3373 5378 3437 5436 0.

226 5465 270 5495 “
328 5462 454 5515 ὄντα
510 5460 556 5515 0
628 5472 680 5516 et
738 5476 803 5514 ex
849 5461 1077 5527 conject.
1112 5458 1224 5527 ιλ,
1292 5458 1345 5511 in
1389 5459 1497 5524 cuj.
1527 5452 1672 5512 tefvtu
1703 5457 1780 5510 ὗν.
1840 5456 2039 5511 Davisii
2076 5458 2316 5511 notulam
2357 5452 2423 5527 eo
2465 5465 2793 5525 spectantem
2846 5456 2883 5527 S
2956 5452 3442 5527 nondintellexisse

227 5534 453 5588 videtur.
482 5530 622 5586 Tum
644 5526 992 5599 Διοσπολίτην
1010 5527 1079 5599 5,
1096 5526 1139 5582 0
1168 5568 1183 5592 ,
1206 5528 1517 5599 Διοπολίτην
1535 5528 1595 5581 (2.

227 5606 424 5657 τάσατο
453 5601 518 5658 0.
597 5603 641 5636 ⁸⁷
676 5600 875 5671 ἐτέρων
903 5598 966 5653 0.
1000 5598 1292 5671 ldem_xa0j
1322 5598 1538 5671 ἐτέρων.

1672 5527 1808 5579 “Ita
1834 5542 1900 5580 ex
1922 5528 2148 5595 conject.
2180 5526 2219 5581 C
2252 5569 2266 5591 ,
2292 5528 2381 5596 qui
2415 5526 2467 5579 in
2497 5522 2647 5580 textu
2666 5525 2966 5596 Ἐπικούρω
2988 5533 3044 5577 ιιι
3065 5522 3128 5577 0.
3207 5522 3443 5596 f‘dnrqv-

1643 5599 1685 5632 ⁸⁸
1720 5597 1791 5649 Ita
1826 5592 2061 5665 intellige
2084 5592 2363 5651 lectionem
2396 5597 2739 5650 Ottoboniani
2763 5592 3441 5665 ὲλευθερωπρεπείαςοιιιιι

230 5675 347 5728 cod.
387 5672 518 5741 Reg.
558 5671 686 5747 _8_04,
723 5662 1229 5747 ἐξίειιθεροτροτὶείας
1344 5737 1370 5747 __
1393 5662 1666 5747 “Repone
1681 5670 1858 5747 πασαν
1882 5662 2195 5747 ξῌλληνεκὴν
2218 5667 2482 5747 παιδείαν,
2516 5668 2593 5720 uti
2638 5682 2849 5747 semper
2897 5662 3192 5747 llo'quurutu't~
3227 5733 3239 5745 .
3261 5662 3440 5747 Μετιιυί

234 5737 540 5812 scriptores.
560 5742 694 5796 Vide
724 5737 941 5812 Epitac.
968 5737 1055 5812 Mi.
1086 5738 1147 5792 D.
1176 5810 1187 5812 _
1225 5739 1270 5812 7_°
1302 5737 1410 5812 τῶν
1443 5737 1642 5812 inserui
1672 5754 1722 5812 c._
1747 5739 1811 5792 0.

234 5814 351 5868 cod.
380 5812 512 5885 Reg.
541 5812 669 5867 804.
744 5814 788 5847 ⁷³

1887 5740 1930 5771 τί
1966 5732 2037 5789 lui
2071 5737 2114 5790 0
2153 5732 2208 5796 ἒ.
2230 5739 2291 5792 Ul
2347 5748 2397 5793 et
2437 5736 2473 5791 S
2501 5732 2874 5805 ,καταλειπών
2902 5733 3023 5805 (sic)
3044 5735 3109 5789 C.
3149 5733 3281 5788 Dein
3314 5732 3443 5802 ἔθνη

841 5811 979 5878 Ἐγώ
1009 5810 1069 5863 C.
1147 5810 1191 5843 ⁷³
1230 5810 1374 5879 ἡμᾶς
1408 5824 1460 5877 p.
1497 5810 1528 5877 ὴ
1557 5809 1651 5876 μέν
1687 5810 1750 5861 υ.
1827 5812 1871 5845 ⁷⁸
1890 5808 2063 5862 δοκεῖν
2090 5808 2148 5867 Ο.
