4004 6332
533 353 635 410 {63

1329 349 1422 416 ,S.
1461 349 1847 406 CLEMENTIS
1884 350 2102 407 lﬂOM.
2141 351 2340 409 PONT.
2378 353 2606 412 OPERA
2636 357 2858 415 DUBIA.

3669 365 3776 425 1οι

528 466 670 524 Num
705 465 981 539 ignoratio
1023 463 1121 520 tibi
1159 463 1394 532 videtur,
1423 465 1627 534 patrios
1658 464 1797 520 ritus
1838 465 2104 521 servando

2207 485 2287 521 σοι
2341 467 2387 500 ⁷⁵
2434 463 2572 522 εἶναι
2615 469 2779 534 δοκεῖ,
2829 471 2898 524 τά
2939 470 3142 544 πάτρια
3188 473 3284 546 ἔθη
3325 475 3659 545 φυλάττοντα
3710 481 3783 534 τὰ

529 563 732 620 sentire
757 575 882 616 cum
923 557 1162 614 Graecis?
1199 555 1266 611 Et
1305 571 1406 626 ego
1438 555 1695 626 respondi
1727 574 1741 610 :
1783 554 1888 622 Qui
1931 557 2096 612 vitam

526 655 614 727 pie
638 669 798 725 agere
822 652 1032 716 statuit,
1074 666 1181 704 non
1226 649 1452 704 omnino
1490 649 1652 704 debet
1681 664 1900 704 servare
1928 650 2100 720 patria

531 748 800 813 instituta,
828 746 922 801 sed
959 758 1179 800 servare
1217 741 1460 811 quidem,
1500 741 1546 796 si
1584 742 1671 813 pia
1698 742 1828 806 sint,
1866 743 2102 812 abjicere

527 856 678 908 vero,
725 839 769 895 si
799 838 910 894 sint
945 836 1133 906 impia.
1174 832 1288 888 Usu
1328 833 1473 888 enim
1504 834 1689 888 venire
1710 834 1870 899 solet,
1900 845 1959 889 ut
1996 835 2102 889 ali-

527 933 672 1006 quis,
721 939 874 1002 patre
923 929 1090 999 impio
1134 935 1336 993 natus,
1383 925 1515 980 Velit
1567 926 1749 981 vivere
1783 925 1890 996 pie,
1933 927 2102 997 patris

528 1041 709 1081 mores
736 1022 891 1094 sequi
930 1021 1142 1075 nolens.
1190 1018 1415 1088 Excepit
1457 1017 1665 1088 Appion
1695 1034 1710 1072 :
1745 1015 1886 1084 Quid
1927 1019 2100 1089 ergo?

526 1125 732 1187 patrem
786 1124 938 1170 tuum
984 1113 1065 1167 ais
1107 1111 1264 1166 mala;
1304 1111 1432 1166 vitae
1469 1109 1782 1165 exstitisse?
1823 1108 2098 1180 Respondi

526 1225 626 1280 ego
659 1228 672 1264 :
713 1209 826 1263 Non
868 1207 1088 1278 quidem
1118 1215 1237 1260 erat
1283 1204 1441 1259 malze
1479 1205 1621 1270 vitaa,
1653 1204 1745 1258 scd
1793 1203 1948 1258 malae
1982 1203 2102 1274 opi-

527 1302 725 1356 nionis.
754 1299 822 1354 Et
855 1299 1067 1370 Appion
1110 1316 1123 1352 :
1157 1297 1291 1364 Quae
1329 1297 1477 1352 illius
1515 1295 1681 1352 fuerit
1706 1297 1846 1350 mala
1879 1307 2098 1353 senten-

527 1393 623 1462 tia,
656 1395 818 1465 cupio
840 1395 1049 1449 audire.
1080 1392 1139 1447 Et
1174 1407 1274 1464 ego
1313 1391 1425 1448 dixi
1464 1409 1476 1444 :
1510 1391 1663 1458 Quod
1702 1390 1853 1447 falsis
1883 1407 1947 1446 ac
1976 1406 2101 1460 pra-

525 1489 609 1545 vis
632 1488 942 1544 Graecorum
980 1487 1177 1542 fabulis
1222 1485 1411 1541 habuit
1450 1485 1628 1539 fidem.
1667 1485 1842 1555 Atque
1887 1483 2098 1553 Appion

526 1583 839 1638 sciscitatus
868 1590 948 1636 est
985 1600 998 1634 :
1033 1583 1294 1646 Quaenam
1341 1585 1468 1634 sunt
1497 1579 1578 1633 hze
1608 1576 1920 1632 Grzecorum
1950 1575 2100 1631 falsa:

525 1691 592 1731 ac
634 1690 814 1746 pravae
855 1673 1088 1729 fabulae?
1141 1672 1417 1743 Respondi
1464 1689 1477 1727 :
1528 1669 1650 1725 Non
1689 1682 1838 1725 recta
1882 1669 1949 1724 de
1994 1669 2098 1724 diis

524 1767 795 1837 opinatio;
829 1783 1016 1837 quam,
1040 1767 1084 1821 si
1107 1779 1264 1835 aequo
1300 1764 1486 1820 animo
1528 1763 1659 1830 fers,
1696 1779 1820 1820 cum
1850 1761 2096 1818 discendi

524 1860 736 1931 cupidis
762 1861 970 1916 audies.

593 2038 683 2095 lx.
725 2040 905 2107 Quare
935 2049 1060 2096 ante
1096 2038 1530 2095 dissertationem
1554 2036 1666 2107 jam
1697 2035 2018 2091 secedamus
2044 2035 2098 2089 in

523 2133 843 2204 quietiorem
882 2132 1118 2203 aliquem
1145 2132 1354 2198 locum,
1378 2130 1469 2209 ιψί
1501 2129 1783 2185 vobiscum
1811 2129 2096 2183 disseram.

523 2223 679 2293 Quod
704 2233 885 2279 autem
911 2224 1072 2280 velim
1099 2238 1346 2279 seorsum
1382 2221 1621 2292 colloqui
1644 2237 1807 2276 causa
1846 2221 1961 2275 haec
1995 2229 2097 2286 est,

523 2318 648 2388 quia
686 2333 794 2370 non
834 2317 1100 2372 accedunt
1138 2318 1348 2371 sincere
1389 2313 1655 2384 plerique,
1707 2327 1888 2382 neque
1935 2312 2096 2366 etiam

523 2423 715 2464 omnes
741 2409 1077 2478 philosophi,
1109 2408 1177 2462 ad
1203 2405 1559 2477 judicandum
1589 2405 1656 2459 de
1682 2405 1868 2459 rebus.
1901 2403 2098 2458 Multos

523 2499 799 2571 siquidem
845 2500 1121 2565 novimus,
1162 2514 1352 2552 eorum
1397 2512 1616 2567 quoque
1663 2497 1758 2567 qui
1803 2497 1870 2551 de
1923 2511 1982 2551 se
2028 2495 2098 2550 ob

521 2593 885 2665 philosophia:
915 2590 1312 2662 professionem
1343 2590 1630 2660 magniﬁce
1653 2589 1926 2652 sentiunt,
1949 2589 2096 2642 inani

522 2682 697 2753 gloria
742 2684 890 2750 duci,
927 2693 1020 2738 aut
1048 2683 1183 2739 lucri
1216 2683 1509 2752 cupiditate
1531 2696 1637 2736 non
1667 2683 2099 2743 autem,virtutis

522 2795 712 2835 amore
740 2777 891 2833 indui
921 2777 1085 2848 pallio
1119 2795 1132 2831 :
1166 2777 1287 2847 qui,
1326 2776 1372 2830 si
1409 2789 1518 2830 non
1545 2773 1854 2828 invenerint
1884 2773 1936 2826 id
1974 2789 2101 2841 pro-

520 2881 642 2941 pter
661 2870 806 2941 quod
840 2869 1317 2940 philosophantur,
1342 2874 1559 2920 vertunt
1584 2880 1642 2922 se
1669 2866 1737 2921 ad
1777 2865 2095 2922 cachinnos.

521 2963 604 3020 0b
635 2964 770 3020 istos
803 2978 934 3033 ergo
971 2971 1156 3033 aptum
1198 2961 1436 3030 aliquem
1474 2962 1653 3014 locum
1701 2960 1990 3032 eligamus,
2041 2961 2095 3015 in

522 3072 632 3128 quo
659 3057 756 3113 soli
788 3057 981 3111 simus.

2211 559 2475 632 Ἑλλήνων
2531 564 2776 632 φρονεῐν;
2827 563 2996 632 Κάγὼ
3028 565 3428 639 ἀπεκρινάμην·
3475 568 3578 624 Τὸν
3625 572 3780 626 εὐσε-

2199 651 2313 706 ϐεῖν
2348 652 2394 685 "
2422 654 2852 725 προαιρούμενον
2891 655 2952 708 ού
2997 656 3214 722 πάντως
3252 658 3545 727 φυλάσσειν
3589 662 3673 715 δεῖ
3711 662 3782 718 τά

2201 745 2422 818 πάτρια,
2470 746 2605 799 ἀλλά
2649 746 2942 816 φυλάσσειν
3001 749 3097 819 μὲν
3146 745 3312 822 έάνῇ
3361 751 3578 824 εὐσεϐῆ,
3640 755 3780 807 ἀπο-

2201 836 2435 891 σείεσθαι
2470 837 2629 910 124
2674 838 2731 891 δὲ
2785 838 2879 892 ἐὰν
2926 839 3095 912 ἀσεϐῆ
3147 843 3408 915 τυγχάνῃ.
3478 843 3782 918 Ἐνδέχεται

2199 929 2306 1000 γάρ
2334 946 2455 983 τινα
2485 930 2689 1002 πατρὸς
2719 930 2949 994 ἀσεϐοῦς
2978 932 3126 996 ὄντα,
3160 933 3402 987 εὐσεϐεῖν
3432 935 3775 1008 βουλόμενον,

2197 1019 2276 1090 τῷ
2312 1021 2385 1092 μὴ
2422 1021 2516 1074 τοῦ
2560 1020 2766 1094 πατρὸς
2796 1023 3109 1078 ἀκολουθεῖν
3144 1025 3460 1098 σεϐάσματα
3495 1031 3561 1082 ⁷⁷.
3607 1033 3720 1085 Kal.
3751 1035 3780 1087 ὁ

2202 1111 2302 1184 μὲν
2343 1113 2584 1168 Ἀππίων
2615 1115 2962 1186 ἀπεκρίνατο·
3005 1116 3070 1169 Τί
3107 1113 3232 1184 οὗν;
3287 1119 3378 1173 τὸν
3421 1121 3510 1174 σὺν
3562 1123 3777 1195 πατέρα

2198 1206 2333 1279 ἔφης
2357 1209 2526 1262 κακοῦ
2561 1208 2674 1280 βίου
2705 1209 3018 1279 γεγονέναις
3052 1211 3223 1280 Κάγὼ
3247 1211 3404 1283 ἔφην’
3443 1215 3633 1267 Κακοῦ
3676 1217 3779 1286 μὲν

2197 1301 2295 1354 οὐκ
2322 1295 2388 1372 ἦν
2422 1301 2555 1372 βίου,
2589 1303 2764 1372 κακῆς
2799 1302 2856 1354 δὲ
2889 1300 3224 1372 ὑπολήψεως.
3272 1305 3382 1357 Καὶ
3429 1307 3456 1358 ὁ
3504 1306 3773 1360 Ἀππίων·

2198 1395 2293 1458 Τίς
2319 1390 2385 1467 ἦν
2415 1396 2448 1466 ἡ
2495 1396 2638 1467 κακὴ
2671 1393 2837 1448 αὐτοῦ
2883 1395 3105 1450 ὑπόνοια
3147 1395 3378 1450 ἀκοῦσαι
3414 1396 3569 1452 θέλω.
3603 1400 3780 1467 Κάγὼ

2197 1487 2350 1559 ἔφην·
2386 1489 2505 1542 Ὅτι
2529 1490 2642 1551 τοῖς
2671 1488 2718 1521 ⁷⁸
2748 1488 2856 1541 τῶν
2907 1487 3168 1560 Ἐλλήνων
3196 1489 3413 1557 ψευδέσι
3460 1492 3552 1543 καὶ
3581 1491 3629 1523 ⁷⁸
3672 1509 3776 1544 κα-

2197 1580 2314 1643 κοῖς
2343 1579 2592 1634 ἐπίστευε
2630 1579 2836 1652 μύθοις.
2871 1581 2980 1634 Καὶ
3009 1582 3038 1632 ὁ
3095 1580 3338 1634 Ἀππίων
3384 1581 3635 1636 ἐπύθετο*
3679 1582 3780 1634 Τί-

2197 1689 2286 1736 νες
2333 1673 2470 1725 είσὶν
2522 1667 2668 1727 οὗτοι
2712 1672 2822 1727 τῶν
2882 1672 3148 1746 Ἑλλήνων
3177 1674 3226 1726 οἱ
3266 1673 3478 1743 ψευδεῖς
3507 1693 3567 1728 τε
3602 1675 3649 1707 ⁸ο
3679 1675 3778 1728 καὶ

2198 1765 2357 1818 κακοὶ
2409 1763 2593 1835 μῦθοι;
2634 1764 2804 1833 Κάγὼ
2846 1763 3000 1836 ἔφην·
3051 1765 3116 1818 Ἦ
3163 1766 3292 1837 περὶ
3332 1765 3468 1818 θεῶν
3498 1766 3599 1821 οὐκ
3637 1766 3774 1838 ὁρθὴ

2134 1826 2173 1881 Β
2199 1826 2434 1930 δόκησις,
2464 1859 2531 1929 ἢν
2563 1826 2658 1912 έάν
2682 1826 3058 1930 μακροθυμῇς,
3087 1826 3296 1932 ἀκούσῃ
3319 1859 3456 1930 μετὰ
3485 1859 3592 1912 τῶν
3625 1826 3777 1931 φίλο-ἰ

2203 1950 2409 2022 μαθῶν.

2267 2040 2358 2095 IX.
2399 2039 2489 2095 Διὸ
2535 2040 2641 2112 πρὸ
2666 2039 2774 2094 τῶν
2809 2039 3070 2109 διαλόγων
3099 2041 3179 2104 εἷς
3207 2058 3328 2094 τινα
3357 2039 3699 2114 ἡπχιῦτερον
3727 2043 3773 2074 ⁸¹

2199 2132 2643 2206 ύποχωρήσωμεν
2664 2133 2762 2205 ἤδη
2790 2133 2972 2187 τόπον·
3017 2132 3246 2186 ἐνταῦθα
3272 2134 3401 2204 ὑμῖν
3427 2134 3676 2206 διαλεχθή
3687 2153 3777 2188 σο-

2202 2243 2318 2297 μαι.
2351 2226 2457 2280 Τοῦ
2485 2226 2542 2279 δὲ
2581 2224 2951 2294 ίδιολογεῖσθαί
2994 2242 3060 2297 με
3109 2224 3391 2296 βούλεσθαι
3434 2227 3580 2279 αἰτία
3616 2227 3778 2296 γέγο-

2198 2335 2287 2373 νεν
2329 2317 2467 2390 αῦτη
2508 2319 2573 2384 ⁸³,
2614 2319 2801 2390 ἐπειδὴ
2843 2319 2942 2389 ούχ
2989 2319 3038 2371 οἱ
3085 2318 3266 2372 πολλοὶ
3312 2319 3432 2372 οὐδὲ
3479 2321 3528 2372 οἱ
3560 2320 3778 2390 φιλοσο-

2199 2411 2423 2480 φοῦντες
2446 2413 2599 2465 αὐτοὶ
2627 2411 2863 2474 ἅπαντες
2891 2411 3129 2482 γνησίως
3156 2411 3541 2482 προσέρχονται
3570 2416 3636 2484 τῇ
3665 2413 3776 2467 τῶν

2196 2505 2363 2558 ὄντων
2395 2503 2590 2575 κρίσει.
2629 2503 2816 2574 Ἰσμεν
2847 2501 2954 2574 γὰρ
2984 2501 3210 2566 πολλοὺς
3239 2503 3331 2555 καὶ
3356 2502 3465 2559 τῶν
3496 2504 3590 2559 ἐπὶ
3622 2504 3777 2577 gric-

2201 2599 2359 2670 σοφίᾳ
2388 2593 2923 2668 μεγαλοφρονούντων
2955 2592 3002 2625 ⁸⁸
3034 2592 3458 2662 κενοδοξοῦντας,
3493 2595 3526 2668 ἧ
3560 2615 3779 2670 χρημα-

2198 2690 2390 2762 τισμοῦ
2423 2690 2581 2761 χάριν
2613 2685 3106 2759 περιϐεϐλημένους
3141 2687 3233 2739 τὸν
3277 2687 3513 2760 τρίϐωνα
3554 2691 3648 2743 καὶ
3672 2693 3778 2746 οὐκ

2199 2783 2370 2854 αὐτῆς
2415 2782 2615 2854 ἀρετῆς
2668 2779 2871 2843 ἕνεκεν,
2919 2778 3096 2849 οἷπερ,
3143 2776 3236 2832 ἐὰν
3287 2781 3360 2852 μὴ
3403 2779 3602 2853 εὕρωσι
3634 2782 3702 2836 δι’
3744 2784 3779 2837 ὃ

2199 2873 2592 2945 φιλοσοφοῦσιν,
2648 2871 2740 2924 ἐπὶ
2773 2871 2833 2924 τὸ
2875 2869 3155 2941 χλευάζειν
3199 2871 3510 2944 τρέπονται.
3562 2874 3661 2927 Διά
3707 2876 3775 2949 δὴ

2197 2968 2322 3030 τοὺς
2347 2966 2616 3030 τοιούτους
2636 2963 2937 3037 ἐπιτήδειόν
2959 2980 3079 3017 τινα
3107 2964 3243 3037 πρὸς
3276 2964 3333 3018 τὸ
3364 2965 3581 3031 ίδιάζειν
3608 2966 3777 3022 τόπον

2198 3059 2590 3131 ὲπιλεξώμεθα.

591 3147 661 3204 Χ.
701 3147 838 3201 Tum
870 3147 1089 3216 quidam
1140 3162 1206 3201 ex
1243 3145 1371 3212 illis,
1419 3147 1504 3201 vir
1540 3147 1714 3211 dives,
1761 3145 1854 3215 qui
1904 3161 2094 3216 agrum

2267 3152 2336 3209 Χ.
2377 3151 2485 3206 Καί
2512 3169 2596 3216 τις
2621 3151 2677 3206 ὲν
2706 3151 2888 3216 αὐτοῖς
2917 3149 3169 3214 πλούσιος
3197 3151 3354 3224 ἀνὴρ,
3391 3151 3483 3204 καὶ
3513 3151 3600 3206 διὰ
3631 3169 3774 3206 πειν-

525 3239 835 3308 possidebat
864 3237 1152 3293 frondibus
1180 3235 1584 3310 elegantissime
1613 3246 1887 3303 ornatum,
1915 3239 2050 3291 dixit
2074 3255 2089 3292 ε

523 3330 974 3400 Quandoquidem
1039 3331 1392 3386 vehementer
1440 3331 1622 3385 adurit
1665 3339 1850 3394 aéstus,
1900 3329 2093 3398 paulu-

522 3425 633 3479 lum
662 3439 692 3478 a
731 3423 947 3478 civitate
988 3423 1054 3477 ad
1091 3423 1279 3478 hortos
1315 3439 1467 3478 meos
1504 3423 1844 3478 secedamus.
1876 3421 1941 3474 Et
1971 3437 2094 3490 pro-

522 3518 694 3591 gressi
717 3517 1103 3581 consederunt,
1147 3515 1239 3569 ubi
1279 3530 1414 3585 pura
1447 3524 1602 3568 erant
1635 3513 1932 3584 gelidorum
1973 3512 2095 3566 lati-

523 3629 645 3668 cum
671 3611 892 3676 ﬂuenta,
917 3618 969 3664 et
992 3610 1250 3664 arborum
1283 3608 1634 3679 omnigenum
1661 3616 1872 3677 tegmen
1902 3605 2089 3659 viride.

523 3704 598 3759 lbi
623 3719 723 3774 ego
762 3703 957 3757 lubens
993 3701 1130 3768 sedi,
1171 3709 1226 3755 et
1270 3699 1462 3771 reliqui
1503 3699 1648 3754 circa
1701 3713 1820 3764 me;
1879 3699 1972 3768 qui
2017 3697 2092 3752 si-

523 3796 718 3863 lentes,
759 3810 858 3865 pro
892 3809 1024 3849 voce
1061 3809 1168 3864 qua
1210 3808 1298 3848 me
1355 3791 1595 3862 rogaturi
1623 3798 1800 3855 erant,
1833 3805 1928 3859 per
1954 3788 2092 3843 ﬁxos

526 3891 581 3945 in
623 3904 711 3944 me
767 3888 958 3944 oculos
994 3887 1140 3942 clare
1177 3887 1500 3941 videbantur
1535 3899 1696 3954 quam
1734 3882 2088 3953 promiseram

525 3981 1042 4038 demonstrationem
1071 3994 1318 4050 poscere.
1354 3977 1538 4048 Itaque
1566 3978 1646 4032 sic
1669 3975 1817 4046 loqui
1847 3973 1986 4044 οωρί
2025 3989 2040 4027 :

591 4182 687 4239 XI.
719 4181 884 4238 Multa
907 4190 1012 4245 est,
1041 4179 1142 4233 viri
1166 4177 1362 4241 Grmei,
1395 4175 1696 4230 differentia
1719 4174 1859 4230 inter
1886 4174 2089 4228 verita-

525 4288 634 4331 tem
690 4287 852 4344 atque
902 4270 1372 4328 consuetudinem.
1417 4263 1631 4320 Veritas
1681 4266 1825 4321 enim
1878 4265 2088 4320 sincere

524 4367 751 4436 quaesita
784 4365 1058 4420 invenitur
1091 4379 1104 4415 :
1142 4357 1478 4416 consuetudo
1516 4367 1720 4422 autem,
1750 4370 2088 4426 quaecunque

2197 3246 2285 3310 τδς
2305 3245 2478 3317 χῶρόν
2506 3256 2625 3297 τινα
2662 3243 2818 3314 125
2850 3242 2976 3315 περὶ
3020 3242 3210 3295 ἑαυτὸν
3249 3244 3580 3314 κεκτημένος
3617 3258 3775 3315 παμ-

2201 3339 2381 3410 μήνων
2425 3335 2634 3407 φύλλων
2677 3336 2744 3399 ⁸⁸,
2775 3335 2900 3406 ἔφη’
2945 3334 3160 3405 Ἐπειδὴ
3191 3335 3395 3407 σφόδρα
3433 3334 3618 3406 καῦμα
3649 3336 3777 3389 ὲπιο

2200 3429 2404 3498 φλέγει,
2442 3427 2612 3500 βραχὺ
2638 3427 2736 3499 τῆς
2771 3423 2818 3458 ”
2859 3426 3063 3488 πόλεως
3095 3427 3172 3488 είς
3200 3426 3368 3496 ὲμοὺς
3393 3427 3602 3500 κήπους
3633 3427 3774 3480 ὑπο-

2198 3521 2552 3593 χωρήσωμεν.
2596 3520 2706 3573 Καὶ
2746 3517 2810 3591 δὴ
2860 3519 3138 3591 προϊόντες
3178 3517 3515 3582 ἐκαθέζοντο,
3546 3519 3672 3572 ἔνθα
3700 3516 3775 3592 ἦν

2199 3611 2412 3686 καθαρὰ
2437 3612 2660 3684 ψυχρῶν
2690 3609 2946 3683 ναμάτων
2983 3609 3225 3682 ῥεύματα
3253 3609 3347 3663 καὶ
3377 3610 3604 3682 δένδρων
3632 3628 3777 3665 παν-

2191 3703 2349 3756 τοίων
2376 3701 2570 3775 χλοερά
2602 3702 2802 3775 σκέπη.
2835 3703 3002 3756 Ἔνθα
3027 3701 3136 3770 ὲγὼ
3161 3700 3409 3774 ἀσμένως
3430 3701 3774 3774 ἐκαθεζόμην

2190 3797 2285 3849 atat
2316 3796 2365 3848 οἱ
2399 3795 2575 3849 λοιποὶ
2618 3794 2746 3867 περὶ
2779 3795 2900 3866 ἐμὲ,
2948 3796 3043 3847 καὶ
3089 3792 3468 3866 ἡσυχάζοντες,
3515 3795 3633 3848 ἀντὶ⁵
3665 3796 3776 3866 τῆς

2195 3887 2493 3960 μελλούσης
2535 3885 2718 3955 ἀξιοῦν
2755 3903 2822 3958 με
2870 3885 3071 3958 φωνῆς,
3110 3886 3198 3939 διὰ
3249 3886 3342 3939 τοῦ
3379 3885 3643 3951 άτενίζειν
3686 3887 3775 3950 εἰς

2191 3982 2292 4053 ἐμὲ
2310 3981 2456 4052 δῆλοι
2475 3975 2613 4052 ἦσαν
2640 3978 2739 4050 τῆς
2759 3980 3103 4050 ὑποσχέσεως
3127 3979 3172 4011 ⁸⁸
3186 3979 3284 4050 τὴν
3314 3978 3582 4043 ἀπόδειξιν
3602 3979 3776 4033 ἀπαι-

2191 4075 2427 4137 τοῦντες.
2458 4072 2568 4126 Καὶ
2599 4070 2662 4144 δὴ
2687 4065 2860 4135 οὕτως
2881 4070 3058 4140 λέγειν
3087 4069 3360 4142 ἠρξάμην·

2256 4172 2346 4224 XI.
2385 4167 2558 4238 Πολλή
2592 4184 2695 4230 τις,
2727 4159 2771 4218 ὦ
2793 4165 2981 4237 ἄνδρες
3011 4165 3289 4237 Ἕλληνες,
3309 4165 3341 4236 ἡ
3365 4165 3596 4238 διαφορά
3631 4185 3773 4238 σιντ..

2189 4262 2340 4333 χάνει
2362 4259 2468 4333 (85)
2496 4259 2749 4332 ἀληθείας
2774 4275 2833 4311 τε
2864 4257 2958 4310 καὶ
2980 4256 3280 4329 συνηθείας.
3309 4258 3372 4312 Ἦ
3396 4258 3493 4331 μὲν
3512 4258 3776 4334 γὰράλή-

2193 4353 2310 4407 θεία
2358 4352 2594 4424 γνησίως
2640 4350 2940 4422 ζητουμένη
3003 4349 3337 4421 εὑρίσκεται,
3385 4351 3446 4404 τὺ
3498 4353 3556 4405 δὲ
3617 4352 3765 4419 ἔθος,

525 4467 858 4521 assumatur,
887 4472 983 4510 seu
1025 4470 1172 4518 vera,
1205 4469 1297 4507 seu
1332 4451 1498 4518 falsa,
1545 4459 1748 4504 temere
1797 4466 1828 4503 a
1878 4465 1936 4503 se
1972 4449 2087 4517 ipsa

2199 4447 2375 4499 ὁποῖον
2407 4445 2472 4499 ἂν
2506 4443 2852 4516 παραληφθῇ,
2888 4443 2996 4496 εἴτε
3016 4442 3211 4514 ἀληθὲς
3231 4445 3340 4497 εἴτε
3371 4443 3580 4514 ψευδὲς,
3603 4443 3772 4516 ἀκρί-

525 4551 907 4615 confirmatur;
933 4561 1107 4617 neque
1127 4561 1250 4601 cum
1280 4557 1405 4598 vera
1438 4551 1544 4607 est,
1573 4541 1786 4595 laetatur
1808 4539 1856 4594 is
1885 4539 1978 4609 qui
2004 4554 2094 4593 as-

2119 4493 2170 4550 D

2195 4555 2304 4599 τως
2331 4539 2419 4608 ὑφ’
2454 4536 2646 4591 ἑαυτοῦ
2684 4534 3033 4609 κρατύνεται,
3067 4536 3162 4590 καὶ
3201 4535 3323 4590 οὔτε
3356 4536 3615 4607 ἀληθεῖδ’
3650 4536 3769 4590 δπι

1775 4671 2011 4728 VARUE
2052 4671 2348 4729 LECTION
2355 4673 2461 4730 ES.

595 4800 644 4833 ’⁵
675 4797 952 4867 ἀγνωσίας
977 4795 1097 4867 sine
1121 4811 1201 4867 σοι
1229 4792 1294 4848 Ο.
1369 4800 1416 4831 ἰο
1440 4788 1808 4867 άσε-ϐεῖνομίη
1837 4786 2414 4867 ιςιῑιιλσως-εύσεϐεῖν
2439 4789 2510 4867 al.
2540 4803 2698 4867 _r_nan.
2729 4787 2782 4867 in
2806 4805 2977 4857 marg.

3055 4796 3100 4827 '-"I
3133 4786 3207 4841 Ita
3238 4786 3429 4854 scripsi
3461 4801 3510 4839 c.
3545 4781 3590 4838 Ο
3638 4800 3770 4840 ver-

523 4855 820 4938 borum'ph
840 4866 918 4936 τῷ
933 4855 1379 4938 ordineinverso,
1399 4864 1471 4938 μὴ
1487 4863 1658 4938 θέλειν
1684 4859 1764 4938 τῷ
1787 4858 2108 4938 cognatae;
2134 4859 2444 4938 ἀκολουθεῖν
2469 4858 2677 4938 (δί-Τυῐῐ]
2709 4859 2807 4938 μέν
2837 4855 3005 4938 βρεὶρ
3027 4873 3150 4938 om._
3257 4925 3293 4938 ﬂ
3309 4857 3354 4892 ’⁸
3383 4855 3664 4938 τοῖςμίθεδι
3707 4857 3766 4911 in

523 4937 588 4995 Ο.
664 4925 820 4991 τοδίαί
843 4925 1039 4992 οιίι.0.
1114 4935 1158 4967 ⁸⁰
1173 4951 1232 4986 τε
1259 4925 1527 4987 inserui-0.
1564 4930 1630 5002 Ο.
1680 4925 1822 5002 ξιῚιθ
1858 4927 1901 4981 Ο
2108 4969 2126 5002 _,
2157 4929 2589 5002 ἡσυχότερονβη
2627 4929 2675 4959 ⁸¹
2706 4925 2850 4999 αὕτη
2871 4928 2926 4996 S,
3030 4927 3226 5002 ,hat'rcﬁ
3253 4925 3342 5002 C._
3389 4925 3592 5002 ⁶³μέγα
3631 4942 3770 4997 φρο-

525 5007 835 5063 νούντωνυ.
899 5007 947 5040 ⁸⁸
966 5004 1326 5075 παμμιούσων
1352 5002 1565 5075 φύλλων
1586 5001 1648 5055 C.
1680 4999 1837 5052 Prior
1868 5013 1972 5051 vox
1993 4996 2740 5075 dubio‘proculestbarbaraﬁ,
2774 4996 2876 5075 uec
2903 4996 3237 5075 satis-liquet
3255 4996 3381 5064 quid
3404 4996 3767 5075 sitreponen-

524 5083 674 5134 dum.
695 5078 855 5132 Forte
884 5065 1218 5147 παμμίκτων
1245 5065 1478 5147 φύλλων,
1506 5087 1628 5125 nam
1645 5080 1828 5140 postea
1863 5068 2133 5121 παντοίων
2153 5065 2382 5147 δένδρων
2409 5068 2674 5147 meminit.
2703 5065 3238 5147 D.(}redider_inmlegi
3266 5065 3767 5147 possengppﬁvwv

451 5208 460 5219 ,
525 5149 756 5221 φύλλων,
783 5157 841 5201 ut
873 5134 1495 5221 signiﬁcenturarbores
1549 5134 1862 5221 per'pmnes
1906 5153 2121 5221 menses
2158 5134 2302 5195 foliis
2332 5139 2706 5221 abundantes:
2738 5137 3346 5221 etiammed‘iaagstate.
3378 5134 3764 5221 Clzfszetcrea

525 5203 1144 5288 coniectaveritualiquis
1177 5203 1671 5288 παμμυρίωνξξρά
1696 5211 1932 5288 ιιξξιχξςῐιε
1958 5208 2167 5288 placet,
2203 5211 2347 5278 quod
2377 5209 2662 5288 proposuit
2683 5207 2987 5288 Lobeckius
3039 5205 3301 5288 Aglaoph.
3349 5221 3403 5274 p.
3460 5203 3579 5288 10?,
3608 5221 3764 5288 παμ-

524 5274 773 5344 πλούσιον
799 5287 1007 5358 φύλλων
1038 5274 1114 5358 ξε,
1131 5274 1469 5358 παμμούσων
1496 5281 1706 5358 φύλλων
1729 5280 1795 5358 ρ.
1825 5274 2124 5358 Cotelerius
2150 5274 2336 5358 vocem
2364 5274 2724 5358 παμμιούσων
2753 5278 2807 5358 it}
2827 5278 2989 5358 .calce
3011 5277 3263 5358 editionis
3301 5274 3670 5358 suaaomlutavit
3703 5274 3760 5358 in

525 5347 887 5436 παμμούσων.
1037 5347 1112 5436 ita
1319 5352 1399 5431 8.,
1427 5347 1598 5421 βραχὺ
1623 5353 1688 5436 τῇ
1723 5348 1763 5402 C
1796 5391 1810 5412 ,
1843 5347 2394 5436 quicorijecitnﬂfaxd
2425 5347 2497 5402 τι.

2596 5349 2643 5387 ⁸ο
2675 5346 2983 5411 ὑποθέσεως
3018 5345 3076 5403 S.
3149 5350 3194 5384 ⁸⁷
3213 5343 3289 5399 lia
3309 5344 3455 5416 conj.
3477 5343 3535 5408 (ἒ,
3565 5344 3617 5398 in
3642 5344 3760 5414 cui.

527 5418 676 5486 tex'tu
699 5428 914 5500 ἀληθές.
942 5425 1006 5481 Ει
1034 5425 1099 5480 υ.
1130 5421 1342 5492 ἀληθές,
1372 5418 1610 5492 inruat-3.
1641 5418 1711 5473 al.
1746 5436 1890 5473 man.
1923 5418 2050 5480 ἴσως
2077 5418 2285 5487 ἀληθεῖ.

1824 5530 2175 5599 νΑῐιιοιιυΜ
2214 5531 2444 5587 NOTAE.

601 5639 710 5708 (85)
765 5635 1016 5708 Διαφορᾲ
1072 5631 1394 5708 τιίγχάιίει.“
1435 5627 1629 5690 Totan
1664 5624 2078 5708 .caput‘coﬂen‘i

531 5694 706 5762 modo,
739 5694 964 5760 habetur
1001 5706 1053 5757 in
1107 5694 1313 5767 Erloqis
1363 5697 1678 5754 Damasceni
1735 5696 1906 5767 capite
1949 5694 2078 5764 Περὶ

531 5777 811 5849 συνηθείας
869 5777 1123 5846 πονηρᾶς,
1166 5766 1293 5840 cte.,
1339 5771 1439 5826 nisi
1484 5767 1626 5837 quod
1660 5766 1923 5821 omittitur
1971 5779 2075 5818 vos

2187 5623 2343 5751 ἓύχῃ,
2378 5635 2428 5681 et
2456 5623 2715 5696 πατρῴαν
2739 5622 3014 5688 scribitur,
3039 5621 3165 5676 item
3186 5620 3387 5678 rectius
3415 5618 3753 5692 ἀληθεύοντι.

2231 5712 2322 5750 or.

2231 5712 2322 5750 οἳ.
