  <div class='ocr_page' id='page_1' title='image "/cluster/home/n/w/nwhite01/storage/ocr_20150623/2/hvd.32044073501249/089.png"; bbox 0 0 4068 6338; ppageno 0'>
   <div class='ocr_carea' id='block_1_1' title="bbox 595 271 696 327">
    <p class='ocr_par' dir='ltr' id='par_1_1' title="bbox 595 271 696 327">
     <span class='ocr_line' id='line_1_1' title="bbox 595 271 696 327; baseline 0.02 -2"><span class='ocrx_word' id='word_1_1' title='bbox 595 271 696 327; x_wconf 79' lang='lat' dir='ltr'><strong>I67</strong></span> 
     </span>
    </p>
   </div>
   <div class='ocr_carea' id='block_1_2' title="bbox 1439 283 2933 365">
    <p class='ocr_par' dir='ltr' id='par_1_2' title="bbox 1439 283 2933 365">
     <span class='ocr_line' id='line_1_2' title="bbox 1439 283 2933 365; baseline 0.018 -27"><span class='ocrx_word' id='word_1_2' title='bbox 1439 283 1496 340; x_wconf 90' lang='lat' dir='ltr'><strong>S.</strong></span> <span class='ocrx_word' id='word_1_3' title='bbox 1531 284 1922 348; x_wconf 82' lang='lat' dir='ltr'><strong>CLEMENTIS</strong></span> <span class='ocrx_word' id='word_1_4' title='bbox 1962 293 1981 347; x_wconf 86' lang='grc' dir='ltr'><strong>Ι</strong></span> <span class='ocrx_word' id='word_1_5' title='bbox 2010 293 2173 350; x_wconf 87' lang='lat' dir='ltr'><strong>ROM.</strong></span> <span class='ocrx_word' id='word_1_6' title='bbox 2216 296 2413 354; x_wconf 86' lang='lat' dir='ltr'><strong>PONT.</strong></span> <span class='ocrx_word' id='word_1_7' title='bbox 2443 300 2668 358; x_wconf 80' lang='lat' dir='ltr'><strong>OPERA</strong></span> <span class='ocrx_word' id='word_1_8' title='bbox 2707 307 2933 365; x_wconf 69' lang='lat' dir='ltr'><strong>DUIIIA.</strong></span> 
     </span>
    </p>
   </div>
   <div class='ocr_carea' id='block_1_3' title="bbox 3730 325 3827 381">
    <p class='ocr_par' dir='ltr' id='par_1_3' title="bbox 3730 325 3827 381">
     <span class='ocr_line' id='line_1_3' title="bbox 3730 325 3827 381; baseline 0.041 -4"><span class='ocrx_word' id='word_1_9' title='bbox 3730 325 3827 381; x_wconf 78' lang='grc'><strong>168</strong></span> 
     </span>
    </p>
   </div>
   <div class='ocr_carea' id='block_1_4' title="bbox 591 391 2139 501">
    <p class='ocr_par' dir='ltr' id='par_1_4' title="bbox 591 391 2139 478">
     <span class='ocr_line' id='line_1_4' title="bbox 591 391 2139 478; baseline 0.014 -34"><span class='ocrx_word' id='word_1_10' title='bbox 591 392 678 460; x_wconf 82' lang='lat' dir='ltr'><strong>pia</strong></span> <span class='ocrx_word' id='word_1_11' title='bbox 704 391 794 458; x_wconf 99' lang='lat' dir='ltr'><strong>sit,</strong></span> <span class='ocrx_word' id='word_1_12' title='bbox 822 391 945 449; x_wconf 64' lang='lat' dir='ltr'><strong>vitae</strong></span> <span class='ocrx_word' id='word_1_13' title='bbox 966 409 1074 450; x_wconf 91' lang='lat' dir='ltr'><strong>non</strong></span> <span class='ocrx_word' id='word_1_14' title='bbox 1106 404 1252 452; x_wconf 88' lang='lat' dir='ltr'><strong>esset</strong></span> <span class='ocrx_word' id='word_1_15' title='bbox 1277 396 1504 455; x_wconf 90' lang='lat' dir='ltr'><strong>inutilis.</strong></span> <span class='ocrx_word' id='word_1_16' title='bbox 1530 401 1741 473; x_wconf 81' lang='lat' dir='ltr'><strong>Singuli</strong></span> <span class='ocrx_word' id='word_1_17' title='bbox 1767 422 2001 478; x_wconf 82' lang='lat' dir='ltr'><strong>namque</strong></span> <span class='ocrx_word' id='word_1_18' title='bbox 2025 410 2139 464; x_wconf 86' lang='lat' dir='ltr'><strong>dun</strong></span> 
     </span>
    </p>
   </div>
   <div class='ocr_carea' id='block_1_5' title="bbox 2242 391 3830 501">
    <p class='ocr_par' dir='ltr' id='par_1_5' title="bbox 2261 415 3830 501">
     <span class='ocr_line' id='line_1_5' title="bbox 2261 415 3830 501; baseline 0.015 -36"><span class='ocrx_word' id='word_1_19' title='bbox 2261 415 2423 488; x_wconf 81' lang='grc' dir='ltr'>σεϐής</span> <span class='ocrx_word' id='word_1_20' title='bbox 2454 436 2516 486; x_wconf 91' lang='grc' dir='ltr'><strong>γε</strong></span> <span class='ocrx_word' id='word_1_21' title='bbox 2538 417 2635 484; x_wconf 81' lang='grc' dir='ltr'><strong>ὢν,</strong></span> <span class='ocrx_word' id='word_1_22' title='bbox 2657 422 2756 478; x_wconf 80' lang='grc' dir='ltr'><strong>οὐκ</strong></span> <span class='ocrx_word' id='word_1_23' title='bbox 2782 425 3096 497; x_wconf 81' lang='grc' dir='ltr'>ἀσύμφορος</span> <span class='ocrx_word' id='word_1_24' title='bbox 3129 425 3195 479; x_wconf 80' lang='grc' dir='ltr'>ἂν</span> <span class='ocrx_word' id='word_1_25' title='bbox 3227 428 3309 498; x_wconf 81' lang='grc' dir='ltr'><strong>εἴη</strong></span> <span class='ocrx_word' id='word_1_26' title='bbox 3330 428 3404 499; x_wconf 83' lang='grc' dir='ltr'>τῷ</span> <span class='ocrx_word' id='word_1_27' title='bbox 3429 428 3547 501; x_wconf 80' lang='grc' dir='ltr'>βίῳ.</span> <span class='ocrx_word' id='word_1_28' title='bbox 3566 430 3830 499; x_wconf 83' lang='grc' dir='ltr'><strong>Ἕκαστος</strong></span> 
     </span>
    </p>
   </div>
   <div class='ocr_carea' id='block_1_6' title="bbox 591 485 2162 570">
    <p class='ocr_par' dir='ltr' id='par_1_6' title="bbox 591 485 2162 570">
     <span class='ocr_line' id='line_1_6' title="bbox 591 485 2162 570; baseline 0.013 -34"><span class='ocrx_word' id='word_1_29' title='bbox 591 493 910 554; x_wconf 79' lang='lat' dir='ltr'><strong>exspectant</strong></span> <span class='ocrx_word' id='word_1_30' title='bbox 937 485 1183 542; x_wconf 91' lang='lat' dir='ltr'><strong>futurum</strong></span> <span class='ocrx_word' id='word_1_31' title='bbox 1207 503 1336 561; x_wconf 90' lang='lat' dir='ltr'><strong>erga</strong></span> <span class='ocrx_word' id='word_1_32' title='bbox 1361 505 1421 545; x_wconf 90' lang='lat' dir='ltr'><strong>se</strong></span> <span class='ocrx_word' id='word_1_33' title='bbox 1451 490 1544 545; x_wconf 86' lang='lat' dir='ltr'><strong>Dei</strong></span> <span class='ocrx_word' id='word_1_34' title='bbox 1569 504 1765 549; x_wconf 92' lang='lat' dir='ltr'><strong>cuncta</strong></span> <span class='ocrx_word' id='word_1_35' title='bbox 1790 496 2053 555; x_wconf 77' lang='lat' dir='ltr'><strong>intuentis</strong></span> <span class='ocrx_word' id='word_1_36' title='bbox 2077 501 2162 570; x_wconf 82' lang='lat' dir='ltr'><strong>ju-</strong></span> 
     </span>
    </p>
   </div>
   <div class='ocr_carea' id='block_1_7' title="bbox 591 574 2161 659">
    <p class='ocr_par' dir='ltr' id='par_1_7' title="bbox 591 574 2161 659">
     <span class='ocr_line' id='line_1_7' title="bbox 591 574 2161 659; baseline 0.012 -32"><span class='ocrx_word' id='word_1_37' title='bbox 591 574 817 639; x_wconf 88' lang='lat' dir='ltr'><strong>dicium,</strong></span> <span class='ocrx_word' id='word_1_38' title='bbox 856 576 923 630; x_wconf 85' lang='lat' dir='ltr'><strong>ad</strong></span> <span class='ocrx_word' id='word_1_39' title='bbox 946 584 1243 648; x_wconf 78' lang='lat' dir='ltr'><strong>temperate</strong></span> <span class='ocrx_word' id='word_1_40' title='bbox 1268 578 1554 635; x_wconf 87' lang='lat' dir='ltr'><strong>vivendum</strong></span> <span class='ocrx_word' id='word_1_41' title='bbox 1597 584 1859 653; x_wconf 72' lang='lat' dir='ltr'><strong>majorem</strong></span> <span class='ocrx_word' id='word_1_42' title='bbox 1900 588 2161 659; x_wconf 86' lang='lat' dir='ltr'><strong>impetum</strong></span> 
     </span>
    </p>
   </div>
   <div class='ocr_carea' id='block_1_8' title="bbox 592 666 2160 752">
    <p class='ocr_par' dir='ltr' id='par_1_8' title="bbox 592 666 2160 752">
     <span class='ocr_line' id='line_1_8' title="bbox 592 666 2160 752; baseline 0.01 -32"><span class='ocrx_word' id='word_1_43' title='bbox 592 668 833 736; x_wconf 87' lang='lat' dir='ltr'><strong>capiunt.</strong></span> <span class='ocrx_word' id='word_1_44' title='bbox 855 666 1011 734; x_wconf 87' lang='lat' dir='ltr'><strong>Quod</strong></span> <span class='ocrx_word' id='word_1_45' title='bbox 1033 670 1078 724; x_wconf 91' lang='lat' dir='ltr'><strong>si</strong></span> <span class='ocrx_word' id='word_1_46' title='bbox 1101 670 1237 724; x_wconf 88' lang='lat' dir='ltr'><strong>adeo</strong></span> <span class='ocrx_word' id='word_1_47' title='bbox 1257 686 1385 725; x_wconf 85' lang='lat' dir='ltr'><strong>vera</strong></span> <span class='ocrx_word' id='word_1_48' title='bbox 1412 671 1483 727; x_wconf 87' lang='lat' dir='ltr'><strong>sit</strong></span> <span class='ocrx_word' id='word_1_49' title='bbox 1507 673 1776 738; x_wconf 87' lang='lat' dir='ltr'><strong>doctrina,</strong></span> <span class='ocrx_word' id='word_1_50' title='bbox 1806 686 2010 735; x_wconf 65' lang='lat' dir='ltr'><strong>aeterno</strong></span> <span class='ocrx_word' id='word_1_51' title='bbox 2030 697 2160 752; x_wconf 86' lang='lat' dir='ltr'><strong>snp-</strong></span> 
     </span>
    </p>
   </div>
   <div class='ocr_carea' id='block_1_9' title="bbox 591 759 2160 840">
    <p class='ocr_par' dir='ltr' id='par_1_9' title="bbox 591 759 2160 840">
     <span class='ocr_line' id='line_1_9' title="bbox 591 759 2160 840; baseline 0.011 -29"><span class='ocrx_word' id='word_1_52' title='bbox 591 759 752 827; x_wconf 91' lang='lat' dir='ltr'><strong>plicio</strong></span> <span class='ocrx_word' id='word_1_53' title='bbox 776 760 969 815; x_wconf 90' lang='lat' dir='ltr'><strong>liberat</strong></span> <span class='ocrx_word' id='word_1_54' title='bbox 996 776 1120 815; x_wconf 91' lang='lat' dir='ltr'><strong>eum</strong></span> <span class='ocrx_word' id='word_1_55' title='bbox 1151 763 1247 831; x_wconf 89' lang='lat' dir='ltr'><strong>qui</strong></span> <span class='ocrx_word' id='word_1_56' title='bbox 1290 762 1453 817; x_wconf 91' lang='lat' dir='ltr'><strong>vitam</strong></span> <span class='ocrx_word' id='word_1_57' title='bbox 1505 766 1840 823; x_wconf 88' lang='lat' dir='ltr'><strong>moderatam</strong></span> <span class='ocrx_word' id='word_1_58' title='bbox 1887 773 2160 840; x_wconf 78' lang='lat' dir='ltr'><strong>traduxit,</strong></span> 
     </span>
    </p>
   </div>
   <div class='ocr_carea' id='block_1_10' title="bbox 592 850 2159 927">
    <p class='ocr_par' dir='ltr' id='par_1_10' title="bbox 592 850 2159 927">
     <span class='ocr_line' id='line_1_10' title="bbox 592 850 2159 927; baseline 0.01 -23"><span class='ocrx_word' id='word_1_59' title='bbox 592 850 865 921; x_wconf 87' lang='lat' dir='ltr'><strong>simulque</strong></span> <span class='ocrx_word' id='word_1_60' title='bbox 896 866 996 921; x_wconf 92' lang='lat' dir='ltr'><strong>pro</strong></span> <span class='ocrx_word' id='word_1_61' title='bbox 1021 852 1285 908; x_wconf 81' lang='lat' dir='ltr'><strong>beneficio</strong></span> <span class='ocrx_word' id='word_1_62' title='bbox 1330 853 1561 927; x_wconf 80' lang='lat' dir='ltr'><strong>largitur</strong></span> <span class='ocrx_word' id='word_1_63' title='bbox 1589 857 1772 916; x_wconf 84' lang='lat' dir='ltr'><strong>futura</strong></span> <span class='ocrx_word' id='word_1_64' title='bbox 1809 877 1840 917; x_wconf 91' lang='lat' dir='ltr'><strong>a</strong></span> <span class='ocrx_word' id='word_1_65' title='bbox 1879 862 1987 919; x_wconf 91' lang='lat' dir='ltr'><strong>Deo</strong></span> <span class='ocrx_word' id='word_1_66' title='bbox 2019 865 2159 920; x_wconf 90' lang='lat' dir='ltr'><strong>bona</strong></span> 
     </span>
    </p>
   </div>
   <div class='ocr_carea' id='block_1_11' title="bbox 590 942 1226 1001">
    <p class='ocr_par' dir='ltr' id='par_1_11' title="bbox 590 942 1226 1001">
     <span class='ocr_line' id='line_1_11' title="bbox 590 942 1226 1001; baseline 0.006 -4"><span class='ocrx_word' id='word_1_67' title='bbox 590 950 793 997; x_wconf 83' lang='lat' dir='ltr'><strong>aeterna</strong></span> <span class='ocrx_word' id='word_1_68' title='bbox 825 950 880 997; x_wconf 91' lang='lat' dir='ltr'><strong>et</strong></span> <span class='ocrx_word' id='word_1_69' title='bbox 907 942 1226 1001; x_wconf 81' lang='lat' dir='ltr'><strong>ineffabilia.</strong></span> 
     </span>
    </p>
   </div>
   <div class='ocr_carea' id='block_1_12' title="bbox 660 1032 2158 1121">
    <p class='ocr_par' dir='ltr' id='par_1_12' title="bbox 660 1032 2158 1121">
     <span class='ocr_line' id='line_1_12' title="bbox 660 1032 2158 1121; baseline 0.013 -33"><span class='ocrx_word' id='word_1_70' title='bbox 660 1032 776 1089; x_wconf 83' lang='lat' dir='ltr'><strong>XV.</strong></span> <span class='ocrx_word' id='word_1_71' title='bbox 811 1033 914 1090; x_wconf 90' lang='lat' dir='ltr'><strong>Sed</strong></span> <span class='ocrx_word' id='word_1_72' title='bbox 939 1037 1005 1091; x_wconf 87' lang='lat' dir='ltr'><strong>ad</strong></span> <span class='ocrx_word' id='word_1_73' title='bbox 1030 1038 1257 1107; x_wconf 88' lang='lat' dir='ltr'><strong>primam</strong></span> <span class='ocrx_word' id='word_1_74' title='bbox 1290 1051 1533 1097; x_wconf 85' lang='lat' dir='ltr'><strong>revertor</strong></span> <span class='ocrx_word' id='word_1_75' title='bbox 1558 1041 1867 1102; x_wconf 72' lang='lat' dir='ltr'><strong>Graecorum</strong></span> <span class='ocrx_word' id='word_1_76' title='bbox 1894 1064 1959 1105; x_wconf 88' lang='lat' dir='ltr'><strong>ac</strong></span> <span class='ocrx_word' id='word_1_77' title='bbox 1980 1051 2158 1121; x_wconf 87' lang='lat' dir='ltr'><strong>genti-</strong></span> 
     </span>
    </p>
   </div>
   <div class='ocr_carea' id='block_1_13' title="bbox 588 1125 2158 1205">
    <p class='ocr_par' dir='ltr' id='par_1_13' title="bbox 588 1125 2158 1205">
     <span class='ocr_line' id='line_1_13' title="bbox 588 1125 2158 1205; baseline 0.011 -27"><span class='ocrx_word' id='word_1_78' title='bbox 588 1125 719 1180; x_wconf 89' lang='lat' dir='ltr'><strong>lium</strong></span> <span class='ocrx_word' id='word_1_79' title='bbox 751 1126 1085 1196; x_wconf 90' lang='lat' dir='ltr'><strong>opinionem,</strong></span> <span class='ocrx_word' id='word_1_80' title='bbox 1111 1144 1233 1197; x_wconf 64' lang='lat' dir='ltr'><strong>quae</strong></span> <span class='ocrx_word' id='word_1_81' title='bbox 1261 1129 1393 1185; x_wconf 91' lang='lat' dir='ltr'><strong>deos</strong></span> <span class='ocrx_word' id='word_1_82' title='bbox 1417 1131 1694 1187; x_wconf 82' lang='lat' dir='ltr'><strong>fabulatur</strong></span> <span class='ocrx_word' id='word_1_83' title='bbox 1717 1136 1939 1205; x_wconf 88' lang='lat' dir='ltr'><strong>multos,</strong></span> <span class='ocrx_word' id='word_1_84' title='bbox 1958 1148 2013 1193; x_wconf 92' lang='lat' dir='ltr'><strong>et</strong></span> <span class='ocrx_word' id='word_1_85' title='bbox 2035 1156 2158 1195; x_wconf 91' lang='lat' dir='ltr'><strong>om-</strong></span> 
     </span>
    </p>
   </div>
   <div class='ocr_carea' id='block_1_14' title="bbox 588 1216 2157 1289">
    <p class='ocr_par' dir='ltr' id='par_1_14' title="bbox 588 1216 2157 1289">
     <span class='ocr_line' id='line_1_14' title="bbox 588 1216 2157 1289; baseline 0.011 -20"><span class='ocrx_word' id='word_1_86' title='bbox 588 1216 750 1271; x_wconf 89' lang='lat' dir='ltr'><strong>nibus</strong></span> <span class='ocrx_word' id='word_1_87' title='bbox 784 1217 1053 1273; x_wconf 77' lang='lat' dir='ltr'><strong>obnoxios</strong></span> <span class='ocrx_word' id='word_1_88' title='bbox 1077 1221 1600 1289; x_wconf 85' lang='lat' dir='ltr'><strong>perturbationibus.</strong></span> <span class='ocrx_word' id='word_1_89' title='bbox 1634 1224 1712 1280; x_wconf 87' lang='lat' dir='ltr'><strong>Ac</strong></span> <span class='ocrx_word' id='word_1_90' title='bbox 1743 1242 1811 1281; x_wconf 89' lang='lat' dir='ltr'><strong>ne</strong></span> <span class='ocrx_word' id='word_1_91' title='bbox 1835 1227 1889 1282; x_wconf 92' lang='lat' dir='ltr'><strong>in</strong></span> <span class='ocrx_word' id='word_1_92' title='bbox 1925 1244 2013 1285; x_wconf 90' lang='lat' dir='ltr'><strong>res</strong></span> <span class='ocrx_word' id='word_1_93' title='bbox 2037 1246 2157 1286; x_wconf 91' lang='lat' dir='ltr'><strong>cer-</strong></span> 
     </span>
    </p>
   </div>
   <div class='ocr_carea' id='block_1_15' title="bbox 587 1310 2157 1392">
    <p class='ocr_par' dir='ltr' id='par_1_15' title="bbox 587 1310 2157 1392">
     <span class='ocr_line' id='line_1_15' title="bbox 587 1310 2157 1392; baseline 0.01 -29"><span class='ocrx_word' id='word_1_94' title='bbox 587 1318 671 1365; x_wconf 88' lang='lat' dir='ltr'><strong>tas</strong></span> <span class='ocrx_word' id='word_1_95' title='bbox 707 1310 936 1365; x_wconf 90' lang='lat' dir='ltr'><strong>multum</strong></span> <span class='ocrx_word' id='word_1_96' title='bbox 976 1312 1249 1367; x_wconf 89' lang='lat' dir='ltr'><strong>insumam</strong></span> <span class='ocrx_word' id='word_1_97' title='bbox 1297 1316 1595 1386; x_wconf 88' lang='lat' dir='ltr'><strong>temporis,</strong></span> <span class='ocrx_word' id='word_1_98' title='bbox 1628 1317 1758 1372; x_wconf 90' lang='lat' dir='ltr'><strong>dum</strong></span> <span class='ocrx_word' id='word_1_99' title='bbox 1803 1320 2157 1392; x_wconf 87' lang='lat' dir='ltr'><strong>uniuscujus-</strong></span> 
     </span>
    </p>
   </div>
   <div class='ocr_carea' id='block_1_16' title="bbox 584 1402 2153 1481">
    <p class='ocr_par' dir='ltr' id='par_1_16' title="bbox 584 1402 2153 1481">
     <span class='ocr_line' id='line_1_16' title="bbox 584 1402 2153 1481; baseline 0.009 -26"><span class='ocrx_word' id='word_1_100' title='bbox 584 1418 692 1472; x_wconf 88' lang='lat' dir='ltr'><strong>que</strong></span> <span class='ocrx_word' id='word_1_101' title='bbox 728 1418 919 1458; x_wconf 88' lang='lat' dir='ltr'><strong>corum</strong></span> <span class='ocrx_word' id='word_1_102' title='bbox 959 1402 1053 1473; x_wconf 91' lang='lat' dir='ltr'><strong>qui</strong></span> <span class='ocrx_word' id='word_1_103' title='bbox 1096 1404 1238 1474; x_wconf 90' lang='lat' dir='ltr'><strong>apud</strong></span> <span class='ocrx_word' id='word_1_104' title='bbox 1289 1420 1388 1462; x_wconf 88' lang='lat' dir='ltr'><strong>vos</strong></span> <span class='ocrx_word' id='word_1_105' title='bbox 1436 1406 1512 1461; x_wconf 90' lang='lat' dir='ltr'><strong>dii</strong></span> <span class='ocrx_word' id='word_1_106' title='bbox 1556 1408 1909 1464; x_wconf 89' lang='lat' dir='ltr'><strong>nominantur</strong></span> <span class='ocrx_word' id='word_1_107' title='bbox 1955 1412 2153 1481; x_wconf 87' lang='lat' dir='ltr'><strong>impios</strong></span> 
     </span>
    </p>
   </div>
   <div class='ocr_carea' id='block_1_17' title="bbox 584 1496 2155 1565">
    <p class='ocr_par' dir='ltr' id='par_1_17' title="bbox 584 1496 2155 1565">
     <span class='ocr_line' id='line_1_17' title="bbox 584 1496 2155 1565; baseline 0.006 -18"><span class='ocrx_word' id='word_1_108' title='bbox 584 1502 739 1548; x_wconf 90' lang='lat' dir='ltr'><strong>actus</strong></span> <span class='ocrx_word' id='word_1_109' title='bbox 792 1508 1078 1560; x_wconf 84' lang='lat' dir='ltr'><strong>recenseo,</strong></span> <span class='ocrx_word' id='word_1_110' title='bbox 1110 1503 1338 1550; x_wconf 89' lang='lat' dir='ltr'><strong>cunctos</strong></span> <span class='ocrx_word' id='word_1_111' title='bbox 1393 1496 1609 1565; x_wconf 87' lang='lat' dir='ltr'><strong>quidem</strong></span> <span class='ocrx_word' id='word_1_112' title='bbox 1646 1512 1755 1551; x_wconf 89' lang='lat' dir='ltr'><strong>non</strong></span> <span class='ocrx_word' id='word_1_113' title='bbox 1807 1498 1985 1553; x_wconf 88' lang='lat' dir='ltr'><strong>dicam</strong></span> <span class='ocrx_word' id='word_1_114' title='bbox 2039 1502 2155 1557; x_wconf 89' lang='lat' dir='ltr'><strong>illo-</strong></span> 
     </span>
    </p>
   </div>
   <div class='ocr_carea' id='block_1_18' title="bbox 584 1584 2147 1661">
    <p class='ocr_par' dir='ltr' id='par_1_18' title="bbox 584 1584 2147 1661">
     <span class='ocr_line' id='line_1_18' title="bbox 584 1584 2147 1661; baseline 0.006 -20"><span class='ocrx_word' id='word_1_115' title='bbox 584 1602 706 1641; x_wconf 90' lang='lat' dir='ltr'><strong>rum</strong></span> <span class='ocrx_word' id='word_1_116' title='bbox 731 1601 977 1651; x_wconf 89' lang='lat' dir='ltr'><strong>amores,</strong></span> <span class='ocrx_word' id='word_1_117' title='bbox 1015 1585 1166 1642; x_wconf 83' lang='lat' dir='ltr'><strong>Jovis</strong></span> <span class='ocrx_word' id='word_1_118' title='bbox 1185 1626 1200 1651; x_wconf 89' lang='lat'><strong>,</strong></span> <span class='ocrx_word' id='word_1_119' title='bbox 1236 1584 1500 1657; x_wconf 89' lang='lat' dir='ltr'><strong>Neptuni,</strong></span> <span class='ocrx_word' id='word_1_120' title='bbox 1528 1588 1808 1655; x_wconf 90' lang='lat' dir='ltr'><strong>Plutonis,</strong></span> <span class='ocrx_word' id='word_1_121' title='bbox 1835 1591 2106 1661; x_wconf 88' lang='lat' dir='ltr'><strong>Apollinis</strong></span> <span class='ocrx_word' id='word_1_122' title='bbox 2131 1634 2147 1652; x_wconf 91' lang='lat'><strong>.</strong></span> 
     </span>
    </p>
   </div>
   <div class='ocr_carea' id='block_1_19' title="bbox 584 1678 2147 1756">
    <p class='ocr_par' dir='ltr' id='par_1_19' title="bbox 584 1678 2147 1756">
     <span class='ocr_line' id='line_1_19' title="bbox 584 1678 2147 1756; baseline 0.005 -23"><span class='ocrx_word' id='word_1_123' title='bbox 584 1679 803 1745; x_wconf 88' lang='lat' dir='ltr'><strong>Bacchi,</strong></span> <span class='ocrx_word' id='word_1_124' title='bbox 836 1678 1115 1745; x_wconf 86' lang='lat' dir='ltr'><strong>Herculis,</strong></span> <span class='ocrx_word' id='word_1_125' title='bbox 1155 1694 1220 1733; x_wconf 87' lang='lat' dir='ltr'><strong>ac</strong></span> <span class='ocrx_word' id='word_1_126' title='bbox 1261 1680 1625 1751; x_wconf 82' lang='lat' dir='ltr'><strong>singulorum,</strong></span> <span class='ocrx_word' id='word_1_127' title='bbox 1660 1698 1800 1751; x_wconf 92' lang='lat' dir='ltr'><strong>quos</strong></span> <span class='ocrx_word' id='word_1_128' title='bbox 1830 1699 2005 1754; x_wconf 90' lang='lat' dir='ltr'><strong>neque</strong></span> <span class='ocrx_word' id='word_1_129' title='bbox 2046 1687 2147 1756; x_wconf 89' lang='lat' dir='ltr'><strong>ipsi</strong></span> 
     </span>
    </p>
   </div>
   <div class='ocr_carea' id='block_1_20' title="bbox 585 1773 2148 1849">
    <p class='ocr_par' dir='ltr' id='par_1_20' title="bbox 585 1773 2148 1849">
     <span class='ocr_line' id='line_1_20' title="bbox 585 1773 2148 1849; baseline 0.007 -23"><span class='ocrx_word' id='word_1_130' title='bbox 585 1773 868 1843; x_wconf 87' lang='lat' dir='ltr'><strong>ignoratis,</strong></span> <span class='ocrx_word' id='word_1_131' title='bbox 890 1782 1075 1843; x_wconf 88' lang='lat' dir='ltr'><strong>utpote</strong></span> <span class='ocrx_word' id='word_1_132' title='bbox 1097 1773 1152 1828; x_wconf 91' lang='lat' dir='ltr'><strong>in</strong></span> <span class='ocrx_word' id='word_1_133' title='bbox 1177 1773 1488 1830; x_wconf 62' lang='lat' dir='ltr'><strong>Graecorum</strong></span> <span class='ocrx_word' id='word_1_134' title='bbox 1520 1776 1714 1831; x_wconf 87' lang='lat' dir='ltr'><strong>litteris</strong></span> <span class='ocrx_word' id='word_1_135' title='bbox 1732 1776 1986 1844; x_wconf 86' lang='lat' dir='ltr'><strong>instituti,</strong></span> <span class='ocrx_word' id='word_1_136' title='bbox 2010 1795 2148 1849; x_wconf 92' lang='lat' dir='ltr'><strong>quas</strong></span> 
     </span>
    </p>
   </div>
   <div class='ocr_carea' id='block_1_21' title="bbox 580 1863 2148 1935">
    <p class='ocr_par' dir='ltr' id='par_1_21' title="bbox 580 1863 2148 1935">
     <span class='ocr_line' id='line_1_21' title="bbox 580 1863 2148 1935; baseline 0.008 -18"><span class='ocrx_word' id='word_1_137' title='bbox 580 1864 722 1918; x_wconf 88' lang='lat' dir='ltr'><strong>vitas</strong></span> <span class='ocrx_word' id='word_1_138' title='bbox 750 1863 924 1919; x_wconf 89' lang='lat' dir='ltr'><strong>edocti</strong></span> <span class='ocrx_word' id='word_1_139' title='bbox 958 1864 1112 1929; x_wconf 84' lang='lat' dir='ltr'><strong>estis,</strong></span> <span class='ocrx_word' id='word_1_140' title='bbox 1143 1872 1205 1919; x_wconf 92' lang='lat' dir='ltr'><strong>ut</strong></span> <span class='ocrx_word' id='word_1_141' title='bbox 1228 1872 1488 1935; x_wconf 90' lang='lat' dir='ltr'><strong>tanquam</strong></span> <span class='ocrx_word' id='word_1_142' title='bbox 1536 1865 1764 1922; x_wconf 89' lang='lat' dir='ltr'><strong>deorum</strong></span> <span class='ocrx_word' id='word_1_143' title='bbox 1804 1870 2148 1931; x_wconf 82' lang='lat' dir='ltr'><strong>aemulatores</strong></span> 
     </span>
    </p>
   </div>
   <div class='ocr_carea' id='block_1_22' title="bbox 582 1954 1113 2026">
    <p class='ocr_par' dir='ltr' id='par_1_22' title="bbox 582 1954 1113 2026">
     <span class='ocr_line' id='line_1_22' title="bbox 582 1954 1113 2026; baseline 0.002 -16"><span class='ocrx_word' id='word_1_144' title='bbox 582 1954 783 2010; x_wconf 84' lang='lat' dir='ltr'><strong>similia</strong></span> <span class='ocrx_word' id='word_1_145' title='bbox 812 1955 1113 2026; x_wconf 91' lang='lat' dir='ltr'><strong>peragatis.</strong></span> 
     </span>
    </p>
   </div>
   <div class='ocr_carea' id='block_1_23' title="bbox 646 2132 2145 2207">
    <p class='ocr_par' dir='ltr' id='par_1_23' title="bbox 646 2132 2145 2207">
     <span class='ocr_line' id='line_1_23' title="bbox 646 2132 2145 2207; baseline 0.006 -20"><span class='ocrx_word' id='word_1_146' title='bbox 646 2133 788 2188; x_wconf 80' lang='lat' dir='ltr'><strong>XVI.</strong></span> <span class='ocrx_word' id='word_1_147' title='bbox 812 2132 917 2189; x_wconf 89' lang='lat' dir='ltr'><strong>Sed</strong></span> <span class='ocrx_word' id='word_1_148' title='bbox 950 2133 1017 2188; x_wconf 85' lang='lat' dir='ltr'><strong>ab</strong></span> <span class='ocrx_word' id='word_1_149' title='bbox 1044 2134 1162 2203; x_wconf 90' lang='lat' dir='ltr'><strong>ipso</strong></span> <span class='ocrx_word' id='word_1_150' title='bbox 1188 2135 1426 2191; x_wconf 74' lang='lat' dir='ltr'><strong>maximo</strong></span> <span class='ocrx_word' id='word_1_151' title='bbox 1454 2151 1579 2207; x_wconf 83' lang='lat' dir='ltr'><strong>rege</strong></span> <span class='ocrx_word' id='word_1_152' title='bbox 1603 2135 1736 2193; x_wconf 84' lang='lat' dir='ltr'><strong>Jove</strong></span> <span class='ocrx_word' id='word_1_153' title='bbox 1761 2138 1977 2207; x_wconf 89' lang='lat' dir='ltr'><strong>ordiar;</strong></span> <span class='ocrx_word' id='word_1_154' title='bbox 1998 2141 2145 2198; x_wconf 89' lang='lat' dir='ltr'><strong>illius</strong></span> 
     </span>
    </p>
   </div>
   <div class='ocr_carea' id='block_1_24' title="bbox 576 2222 2144 2293">
    <p class='ocr_par' dir='ltr' id='par_1_24' title="bbox 576 2222 2144 2293">
     <span class='ocr_line' id='line_1_24' title="bbox 576 2222 2144 2293; baseline 0.004 -16"><span class='ocrx_word' id='word_1_155' title='bbox 576 2225 793 2293; x_wconf 84' lang='lat' dir='ltr'><strong>quidem</strong></span> <span class='ocrx_word' id='word_1_156' title='bbox 823 2233 979 2293; x_wconf 89' lang='lat' dir='ltr'><strong>pater</strong></span> <span class='ocrx_word' id='word_1_157' title='bbox 1003 2222 1303 2290; x_wconf 86' lang='lat' dir='ltr'><strong>Saturnus,</strong></span> <span class='ocrx_word' id='word_1_158' title='bbox 1335 2225 1519 2279; x_wconf 90' lang='lat' dir='ltr'><strong>liberis</strong></span> <span class='ocrx_word' id='word_1_159' title='bbox 1554 2227 1692 2290; x_wconf 91' lang='lat' dir='ltr'><strong>suis,</strong></span> <span class='ocrx_word' id='word_1_160' title='bbox 1728 2237 1784 2281; x_wconf 88' lang='lat' dir='ltr'><strong>ut</strong></span> <span class='ocrx_word' id='word_1_161' title='bbox 1820 2228 2005 2283; x_wconf 86' lang='lat' dir='ltr'><strong>soletis</strong></span> <span class='ocrx_word' id='word_1_162' title='bbox 2053 2246 2144 2284; x_wconf 87' lang='lat' dir='ltr'><strong>re-</strong></span> 
     </span>
    </p>
   </div>
   <div class='ocr_carea' id='block_1_25' title="bbox 575 2312 2142 2390">
    <p class='ocr_par' dir='ltr' id='par_1_25' title="bbox 575 2312 2142 2390">
     <span class='ocr_line' id='line_1_25' title="bbox 575 2312 2142 2390; baseline 0.004 -20"><span class='ocrx_word' id='word_1_163' title='bbox 575 2312 739 2381; x_wconf 83' lang='lat' dir='ltr'><strong>ferre,</strong></span> <span class='ocrx_word' id='word_1_164' title='bbox 763 2316 1056 2382; x_wconf 80' lang='lat' dir='ltr'><strong>devoratis,</strong></span> <span class='ocrx_word' id='word_1_165' title='bbox 1097 2325 1151 2370; x_wconf 88' lang='lat' dir='ltr'><strong>et</strong></span> <span class='ocrx_word' id='word_1_166' title='bbox 1172 2316 1522 2371; x_wconf 87' lang='lat' dir='ltr'><strong>adamantina</strong></span> <span class='ocrx_word' id='word_1_167' title='bbox 1551 2316 1688 2373; x_wconf 90' lang='lat' dir='ltr'><strong>falce</strong></span> <span class='ocrx_word' id='word_1_168' title='bbox 1712 2318 1976 2375; x_wconf 88' lang='lat' dir='ltr'><strong>demessis</strong></span> <span class='ocrx_word' id='word_1_169' title='bbox 2002 2323 2142 2390; x_wconf 89' lang='lat' dir='ltr'><strong>patri</strong></span> 
     </span>
    </p>
   </div>
   <div class='ocr_carea' id='block_1_26' title="bbox 572 2407 2140 2480">
    <p class='ocr_par' dir='ltr' id='par_1_26' title="bbox 572 2407 2140 2480">
     <span class='ocr_line' id='line_1_26' title="bbox 572 2407 2140 2480; baseline 0.004 -17"><span class='ocrx_word' id='word_1_170' title='bbox 572 2407 723 2463; x_wconf 80' lang='lat' dir='ltr'><strong>leo</strong></span> <span class='ocrx_word' id='word_1_171' title='bbox 750 2408 1107 2478; x_wconf 79' lang='lat' dir='ltr'><strong>genitalibus,</strong></span> <span class='ocrx_word' id='word_1_172' title='bbox 1150 2407 1366 2478; x_wconf 82' lang='lat' dir='ltr'><strong>pietatis</strong></span> <span class='ocrx_word' id='word_1_173' title='bbox 1397 2424 1523 2478; x_wconf 87' lang='lat' dir='ltr'><strong>erga</strong></span> <span class='ocrx_word' id='word_1_174' title='bbox 1565 2418 1819 2480; x_wconf 89' lang='lat' dir='ltr'><strong>parentes</strong></span> <span class='ocrx_word' id='word_1_175' title='bbox 1853 2420 1907 2466; x_wconf 88' lang='lat' dir='ltr'><strong>et</strong></span> <span class='ocrx_word' id='word_1_176' title='bbox 1936 2416 2140 2471; x_wconf 89' lang='lat' dir='ltr'><strong>amoris</strong></span> 
     </span>
    </p>
   </div>
   <div class='ocr_carea' id='block_1_27' title="bbox 573 2497 2141 2570">
    <p class='ocr_par' dir='ltr' id='par_1_27' title="bbox 573 2497 2141 2570">
     <span class='ocr_line' id='line_1_27' title="bbox 573 2497 2141 2570; baseline 0.004 -17"><span class='ocrx_word' id='word_1_177' title='bbox 573 2500 626 2553; x_wconf 90' lang='lat' dir='ltr'><strong>in</strong></span> <span class='ocrx_word' id='word_1_178' title='bbox 657 2497 856 2554; x_wconf 91' lang='lat' dir='ltr'><strong>liberos</strong></span> <span class='ocrx_word' id='word_1_179' title='bbox 877 2498 947 2555; x_wconf 93' lang='lat' dir='ltr'><strong>iis</strong></span> <span class='ocrx_word' id='word_1_180' title='bbox 976 2499 1068 2569; x_wconf 93' lang='lat' dir='ltr'><strong>qui</strong></span> <span class='ocrx_word' id='word_1_181' title='bbox 1089 2499 1311 2553; x_wconf 91' lang='lat' dir='ltr'><strong>deorum</strong></span> <span class='ocrx_word' id='word_1_182' title='bbox 1338 2500 1594 2570; x_wconf 84' lang='lat' dir='ltr'><strong>mysteria</strong></span> <span class='ocrx_word' id='word_1_183' title='bbox 1613 2502 1936 2557; x_wconf 72' lang='lat' dir='ltr'><strong>:emulautur</strong></span> <span class='ocrx_word' id='word_1_184' title='bbox 1956 2514 2141 2560; x_wconf 81' lang='lat' dir='ltr'><strong>osten-</strong></span> 
     </span>
    </p>
   </div>
   <div class='ocr_carea' id='block_1_28' title="bbox 570 2591 2142 2665">
    <p class='ocr_par' dir='ltr' id='par_1_28' title="bbox 570 2591 2142 2665">
     <span class='ocr_line' id='line_1_28' title="bbox 570 2591 2142 2665; baseline 0.005 -19"><span class='ocrx_word' id='word_1_185' title='bbox 570 2592 650 2646; x_wconf 90' lang='lat' dir='ltr'><strong>dit</strong></span> <span class='ocrx_word' id='word_1_186' title='bbox 671 2592 999 2661; x_wconf 78' lang='lat' dir='ltr'><strong>exemplnm.</strong></span> <span class='ocrx_word' id='word_1_187' title='bbox 1030 2591 1147 2663; x_wconf 90' lang='lat' dir='ltr'><strong>Ipse</strong></span> <span class='ocrx_word' id='word_1_188' title='bbox 1178 2608 1305 2647; x_wconf 88' lang='lat' dir='ltr'><strong>vero</strong></span> <span class='ocrx_word' id='word_1_189' title='bbox 1349 2592 1559 2663; x_wconf 84' lang='lat' dir='ltr'><strong>Jupiter</strong></span> <span class='ocrx_word' id='word_1_190' title='bbox 1588 2603 1797 2665; x_wconf 90' lang='lat' dir='ltr'><strong>patrem</strong></span> <span class='ocrx_word' id='word_1_191' title='bbox 1829 2612 1987 2653; x_wconf 86' lang='lat' dir='ltr'><strong>suum</strong></span> <span class='ocrx_word' id='word_1_192' title='bbox 2024 2602 2142 2654; x_wconf 82' lang='lat' dir='ltr'><strong>vin-</strong></span> 
     </span>
    </p>
   </div>
   <div class='ocr_carea' id='block_1_29' title="bbox 570 2683 2138 2759">
    <p class='ocr_par' dir='ltr' id='par_1_29' title="bbox 570 2683 2138 2759">
     <span class='ocr_line' id='line_1_29' title="bbox 570 2683 2138 2759; baseline 0.004 -20"><span class='ocrx_word' id='word_1_193' title='bbox 570 2693 718 2739; x_wconf 91' lang='lat' dir='ltr'><strong>ctum</strong></span> <span class='ocrx_word' id='word_1_194' title='bbox 749 2684 805 2739; x_wconf 91' lang='lat' dir='ltr'><strong>in</strong></span> <span class='ocrx_word' id='word_1_195' title='bbox 833 2683 1063 2740; x_wconf 87' lang='lat' dir='ltr'><strong>Tartaro</strong></span> <span class='ocrx_word' id='word_1_196' title='bbox 1090 2686 1378 2752; x_wconf 89' lang='lat' dir='ltr'><strong>conclusit,</strong></span> <span class='ocrx_word' id='word_1_197' title='bbox 1409 2696 1462 2741; x_wconf 92' lang='lat' dir='ltr'><strong>et</strong></span> <span class='ocrx_word' id='word_1_198' title='bbox 1484 2687 1623 2743; x_wconf 90' lang='lat' dir='ltr'><strong>alios</strong></span> <span class='ocrx_word' id='word_1_199' title='bbox 1665 2688 1797 2744; x_wconf 90' lang='lat' dir='ltr'><strong>deos</strong></span> <span class='ocrx_word' id='word_1_200' title='bbox 1830 2690 2003 2759; x_wconf 83' lang='lat' dir='ltr'><strong>punit.</strong></span> <span class='ocrx_word' id='word_1_201' title='bbox 2032 2692 2138 2747; x_wconf 85' lang='lat' dir='ltr'><strong>Pro</strong></span> 
     </span>
    </p>
   </div>
   <div class='ocr_carea' id='block_1_30' title="bbox 571 2775 2135 2847">
    <p class='ocr_par' dir='ltr' id='par_1_30' title="bbox 571 2775 2135 2847">
     <span class='ocr_line' id='line_1_30' title="bbox 571 2775 2135 2847; baseline 0.005 -19"><span class='ocrx_word' id='word_1_202' title='bbox 571 2775 638 2831; x_wconf 91' lang='lat' dir='ltr'><strong>iis</strong></span> <span class='ocrx_word' id='word_1_203' title='bbox 670 2784 877 2842; x_wconf 90' lang='lat' dir='ltr'><strong>autem,</strong></span> <span class='ocrx_word' id='word_1_204' title='bbox 911 2777 1007 2847; x_wconf 91' lang='lat' dir='ltr'><strong>qui</strong></span> <span class='ocrx_word' id='word_1_205' title='bbox 1032 2775 1320 2831; x_wconf 80' lang='lat' dir='ltr'><strong>nefandam</strong></span> <span class='ocrx_word' id='word_1_206' title='bbox 1352 2787 1569 2846; x_wconf 89' lang='lat' dir='ltr'><strong>patrare</strong></span> <span class='ocrx_word' id='word_1_207' title='bbox 1608 2779 1800 2833; x_wconf 90' lang='lat' dir='ltr'><strong>volunt</strong></span> <span class='ocrx_word' id='word_1_208' title='bbox 1828 2780 2135 2836; x_wconf 79' lang='lat' dir='ltr'><strong>obscenita-</strong></span> 
     </span>
    </p>
   </div>
   <div class='ocr_carea' id='block_1_31' title="bbox 569 2866 2135 2939">
    <p class='ocr_par' dir='ltr' id='par_1_31' title="bbox 569 2866 2135 2939">
     <span class='ocr_line' id='line_1_31' title="bbox 569 2866 2135 2939; baseline 0.004 -18"><span class='ocrx_word' id='word_1_209' title='bbox 569 2876 701 2931; x_wconf 89' lang='lat' dir='ltr'><strong>tem,</strong></span> <span class='ocrx_word' id='word_1_210' title='bbox 730 2866 893 2922; x_wconf 87' lang='lat' dir='ltr'><strong>Metin</strong></span> <span class='ocrx_word' id='word_1_211' title='bbox 937 2884 1059 2922; x_wconf 91' lang='lat' dir='ltr'><strong>cum</strong></span> <span class='ocrx_word' id='word_1_212' title='bbox 1102 2868 1385 2937; x_wconf 81' lang='lat' dir='ltr'><strong>genuisset</strong></span> <span class='ocrx_word' id='word_1_213' title='bbox 1418 2869 1692 2937; x_wconf 90' lang='lat' dir='ltr'><strong>absorpsit</strong></span> <span class='ocrx_word' id='word_1_214' title='bbox 1721 2886 1733 2921; x_wconf 94' lang='lat'>:</span> <span class='ocrx_word' id='word_1_215' title='bbox 1784 2885 1948 2939; x_wconf 91' lang='lat' dir='ltr'><strong>porro</strong></span> <span class='ocrx_word' id='word_1_216' title='bbox 1981 2872 2135 2928; x_wconf 83' lang='lat' dir='ltr'><strong>Metis</strong></span> 
     </span>
    </p>
   </div>
   <div class='ocr_carea' id='block_1_32' title="bbox 567 2958 2130 3032">
    <p class='ocr_par' dir='ltr' id='par_1_32' title="bbox 567 2958 2130 3032">
     <span class='ocr_line' id='line_1_32' title="bbox 567 2958 2130 3032; baseline 0.003 -19"><span class='ocrx_word' id='word_1_217' title='bbox 567 2970 682 3013; x_wconf 89' lang='lat' dir='ltr'><strong>erat</strong></span> <span class='ocrx_word' id='word_1_218' title='bbox 709 2974 892 3015; x_wconf 90' lang='lat' dir='ltr'><strong>semen</strong></span> <span class='ocrx_word' id='word_1_219' title='bbox 924 2978 937 3013; x_wconf 91' lang='lat'>:</span> <span class='ocrx_word' id='word_1_220' title='bbox 969 2958 1228 3013; x_wconf 77' lang='lat' dir='ltr'><strong>infantem</strong></span> <span class='ocrx_word' id='word_1_221' title='bbox 1260 2961 1407 3014; x_wconf 92' lang='lat' dir='ltr'><strong>enim</strong></span> <span class='ocrx_word' id='word_1_222' title='bbox 1454 2960 1738 3015; x_wconf 88' lang='lat' dir='ltr'><strong>absorberi</strong></span> <span class='ocrx_word' id='word_1_223' title='bbox 1772 2962 2130 3032; x_wconf 85' lang='lat' dir='ltr'><strong>impossibile.</strong></span> 
     </span>
    </p>
   </div>
   <div class='ocr_carea' id='block_1_33' title="bbox 564 3050 2133 3123">
    <p class='ocr_par' dir='ltr' id='par_1_33' title="bbox 564 3050 2133 3123">
     <span class='ocr_line' id='line_1_33' title="bbox 564 3050 2133 3123; baseline 0.004 -19"><span class='ocrx_word' id='word_1_224' title='bbox 564 3050 624 3105; x_wconf 90' lang='lat' dir='ltr'><strong>In</strong></span> <span class='ocrx_word' id='word_1_225' title='bbox 663 3050 1033 3107; x_wconf 75' lang='lat' dir='ltr'><strong>defensionem</strong></span> <span class='ocrx_word' id='word_1_226' title='bbox 1078 3066 1210 3106; x_wconf 88' lang='lat' dir='ltr'><strong>vero</strong></span> <span class='ocrx_word' id='word_1_227' title='bbox 1252 3067 1442 3106; x_wconf 90' lang='lat' dir='ltr'><strong>eorum</strong></span> <span class='ocrx_word' id='word_1_228' title='bbox 1482 3052 1577 3121; x_wconf 92' lang='lat' dir='ltr'><strong>qui</strong></span> <span class='ocrx_word' id='word_1_229' title='bbox 1614 3067 1908 3123; x_wconf 88' lang='lat' dir='ltr'><strong>puerorum</strong></span> <span class='ocrx_word' id='word_1_230' title='bbox 1955 3055 2133 3110; x_wconf 86' lang='lat' dir='ltr'><strong>indul-</strong></span> 
     </span>
    </p>
   </div>
   <div class='ocr_carea' id='block_1_34' title="bbox 2264 508 3829 589">
    <p class='ocr_par' dir='ltr' id='par_1_34' title="bbox 2264 508 3829 589">
     <span class='ocr_line' id='line_1_34' title="bbox 2264 508 3829 589; baseline 0.01 -26"><span class='ocrx_word' id='word_1_231' title='bbox 2264 508 2371 579; x_wconf 82' lang='grc' dir='ltr'><strong>γάρ</strong></span> <span class='ocrx_word' id='word_1_232' title='bbox 2402 515 2695 588; x_wconf 75' lang='grc' dir='ltr'><strong>προσδοκίᾳ</strong></span> <span class='ocrx_word' id='word_1_233' title='bbox 2726 516 2819 569; x_wconf 81' lang='grc' dir='ltr'><strong>τοῦ</strong></span> <span class='ocrx_word' id='word_1_234' title='bbox 2874 517 3226 589; x_wconf 80' lang='grc' dir='ltr'><strong>κριθήσεσθαι</strong></span> <span class='ocrx_word' id='word_1_235' title='bbox 3278 519 3381 572; x_wconf 82' lang='grc' dir='ltr'><strong>ὑπὸ</strong></span> <span class='ocrx_word' id='word_1_236' title='bbox 3425 520 3517 573; x_wconf 83' lang='grc' dir='ltr'>τοῦ</span> <span class='ocrx_word' id='word_1_237' title='bbox 3559 527 3829 579; x_wconf 83' lang='grc' dir='ltr'>παντεπό-</span> 
     </span>
    </p>
   </div>
   <div class='ocr_carea' id='block_1_35' title="bbox 2264 603 3827 690">
    <p class='ocr_par' dir='ltr' id='par_1_35' title="bbox 2264 603 3827 690">
     <span class='ocr_line' id='line_1_35' title="bbox 2264 603 3827 690; baseline 0.012 -37"><span class='ocrx_word' id='word_1_238' title='bbox 2264 618 2397 653; x_wconf 82' lang='grc' dir='ltr'>πτου</span> <span class='ocrx_word' id='word_1_239' title='bbox 2431 603 2565 658; x_wconf 87' lang='grc' dir='ltr'><strong>Θεοῦ</strong></span> <span class='ocrx_word' id='word_1_240' title='bbox 2590 608 2726 679; x_wconf 76' lang='grc' dir='ltr'>πρὸς</span> <span class='ocrx_word' id='word_1_241' title='bbox 2744 608 2803 661; x_wconf 84' lang='grc' dir='ltr'>τὸ</span> <span class='ocrx_word' id='word_1_242' title='bbox 2831 612 3125 681; x_wconf 85' lang='grc' dir='ltr'>σωφρονεῖν</span> <span class='ocrx_word' id='word_1_243' title='bbox 3157 610 3354 681; x_wconf 80' lang='grc' dir='ltr'>μᾶλλον</span> <span class='ocrx_word' id='word_1_244' title='bbox 3375 614 3471 684; x_wconf 83' lang='grc' dir='ltr'><strong>τὴν</strong></span> <span class='ocrx_word' id='word_1_245' title='bbox 3490 615 3665 688; x_wconf 79' lang='grc' dir='ltr'>ὁρμὴν</span> <span class='ocrx_word' id='word_1_246' title='bbox 3688 616 3827 690; x_wconf 86' lang='grc' dir='ltr'>λαμ-</span> 
     </span>
    </p>
   </div>
   <div class='ocr_carea' id='block_1_36' title="bbox 2263 692 3829 783">
    <p class='ocr_par' dir='ltr' id='par_1_36' title="bbox 2263 692 3829 783">
     <span class='ocr_line' id='line_1_36' title="bbox 2263 692 3829 783; baseline 0.015 -38"><span class='ocrx_word' id='word_1_247' title='bbox 2263 692 2435 750; x_wconf 77' lang='grc' dir='ltr'>ϐάνει.</span> <span class='ocrx_word' id='word_1_248' title='bbox 2466 700 2527 752; x_wconf 84' lang='grc' dir='ltr'><strong>Εἰ</strong></span> <span class='ocrx_word' id='word_1_249' title='bbox 2557 700 2613 753; x_wconf 81' lang='grc' dir='ltr'>δὲ</span> <span class='ocrx_word' id='word_1_250' title='bbox 2656 703 2748 755; x_wconf 73' lang='grc' dir='ltr'><strong>καὶ</strong></span> <span class='ocrx_word' id='word_1_251' title='bbox 2782 703 2986 776; x_wconf 79' lang='grc' dir='ltr'>ἀληθὴς</span> <span class='ocrx_word' id='word_1_252' title='bbox 3016 707 3099 777; x_wconf 76' lang='grc' dir='ltr'>εἴη</span> <span class='ocrx_word' id='word_1_253' title='bbox 3132 706 3160 757; x_wconf 87' lang='grc' dir='ltr'>ὁ</span> <span class='ocrx_word' id='word_1_254' title='bbox 3201 706 3381 775; x_wconf 84' lang='grc' dir='ltr'>λόγος,</span> <span class='ocrx_word' id='word_1_255' title='bbox 3412 709 3685 781; x_wconf 75' lang='grc' dir='ltr'><strong>ἀπήλλαξε</strong></span> <span class='ocrx_word' id='word_1_256' title='bbox 3732 714 3829 783; x_wconf 78' lang='grc' dir='ltr'><strong>μὲν</strong></span> 
     </span>
    </p>
   </div>
   <div class='ocr_carea' id='block_1_37' title="bbox 2261 788 3814 876">
    <p class='ocr_par' dir='ltr' id='par_1_37' title="bbox 2261 788 3814 876">
     <span class='ocr_line' id='line_1_37' title="bbox 2261 788 3814 876; baseline 0.012 -36"><span class='ocrx_word' id='word_1_257' title='bbox 2261 788 2351 842; x_wconf 80' lang='grc' dir='ltr'><strong>τὸν</strong></span> <span class='ocrx_word' id='word_1_258' title='bbox 2364 792 2653 862; x_wconf 83' lang='grc' dir='ltr'><strong>σωφρόνως</strong></span> <span class='ocrx_word' id='word_1_259' title='bbox 2682 794 2981 863; x_wconf 77' lang='grc' dir='ltr'>βεϐιωκότα</span> <span class='ocrx_word' id='word_1_260' title='bbox 3003 800 3100 869; x_wconf 81' lang='grc' dir='ltr'>τῆς</span> <span class='ocrx_word' id='word_1_261' title='bbox 3115 800 3334 853; x_wconf 79' lang='grc' dir='ltr'>αἰωνίου</span> <span class='ocrx_word' id='word_1_262' title='bbox 3352 802 3643 867; x_wconf 84' lang='grc' dir='ltr'>κολάσεως,</span> <span class='ocrx_word' id='word_1_263' title='bbox 3673 822 3814 876; x_wconf 84' lang='grc' dir='ltr'>προσ</span> 
     </span>
    </p>
   </div>
   <div class='ocr_carea' id='block_1_38' title="bbox 2261 884 3831 959">
    <p class='ocr_par' dir='ltr' id='par_1_38' title="bbox 2261 884 3831 959">
     <span class='ocr_line' id='line_1_38' title="bbox 2261 884 3831 959; baseline 0.012 -26"><span class='ocrx_word' id='word_1_264' title='bbox 2261 884 2585 956; x_wconf 84' lang='grc' dir='ltr'>ευεργέτηκε</span> <span class='ocrx_word' id='word_1_265' title='bbox 2640 887 2709 919; x_wconf 81' lang='grc'><strong>²⁰⁰</strong></span> <span class='ocrx_word' id='word_1_266' title='bbox 2740 888 2796 941; x_wconf 84' lang='grc' dir='ltr'>δὲ</span> <span class='ocrx_word' id='word_1_267' title='bbox 2829 892 2940 953; x_wconf 87' lang='grc' dir='ltr'>τοῖς</span> <span class='ocrx_word' id='word_1_268' title='bbox 2982 891 3086 944; x_wconf 83' lang='grc' dir='ltr'>ὑπὸ</span> <span class='ocrx_word' id='word_1_269' title='bbox 3118 892 3211 945; x_wconf 80' lang='grc' dir='ltr'>τοῦ</span> <span class='ocrx_word' id='word_1_270' title='bbox 3240 893 3374 946; x_wconf 77' lang='grc' dir='ltr'>Θεοῦ</span> <span class='ocrx_word' id='word_1_271' title='bbox 3423 896 3612 959; x_wconf 81' lang='grc' dir='ltr'><strong>ἀϊδίοις</strong></span> <span class='ocrx_word' id='word_1_272' title='bbox 3643 914 3704 950; x_wconf 87' lang='grc' dir='ltr'><strong>τε</strong></span> <span class='ocrx_word' id='word_1_273' title='bbox 3738 899 3831 953; x_wconf 75' lang='grc' dir='ltr'><strong>καὶ</strong></span> 
     </span>
    </p>
   </div>
   <div class='ocr_carea' id='block_1_39' title="bbox 2259 972 3215 1052">
    <p class='ocr_par' dir='ltr' id='par_1_39' title="bbox 2259 972 3215 1052">
     <span class='ocr_line' id='line_1_39' title="bbox 2259 972 3215 1052; baseline 0.015 -27"><span class='ocrx_word' id='word_1_274' title='bbox 2259 972 2589 1048; x_wconf 78' lang='grc' dir='ltr'>ἀπορρήτοις</span> <span class='ocrx_word' id='word_1_275' title='bbox 2609 982 2947 1052; x_wconf 88' lang='grc' dir='ltr'>γιγνομένοις</span> <span class='ocrx_word' id='word_1_276' title='bbox 2975 984 3215 1052; x_wconf 82' lang='grc' dir='ltr'><strong>ἀγαθοῖς.</strong></span> 
     </span>
    </p>
   </div>
   <div class='ocr_carea' id='block_1_40' title="bbox 2324 1065 3832 1153">
    <p class='ocr_par' dir='ltr' id='par_1_40' title="bbox 2324 1065 3832 1153">
     <span class='ocr_line' id='line_1_40' title="bbox 2324 1065 3832 1153; baseline 0.01 -34"><span class='ocrx_word' id='word_1_277' title='bbox 2324 1065 2442 1122; x_wconf 78' lang='lat' dir='ltr'><strong>XV.</strong></span> <span class='ocrx_word' id='word_1_278' title='bbox 2475 1069 2619 1141; x_wconf 82' lang='grc' dir='ltr'>Πλὴν</span> <span class='ocrx_word' id='word_1_279' title='bbox 2654 1072 2907 1145; x_wconf 78' lang='grc' dir='ltr'>ἐπάνειμι</span> <span class='ocrx_word' id='word_1_280' title='bbox 2929 1077 3020 1129; x_wconf 74' lang='grc' dir='ltr'><strong>ἐπὶ</strong></span> <span class='ocrx_word' id='word_1_281' title='bbox 3045 1077 3143 1148; x_wconf 76' lang='grc' dir='ltr'><strong>τὴν</strong></span> <span class='ocrx_word' id='word_1_282' title='bbox 3171 1077 3480 1151; x_wconf 80' lang='grc' dir='ltr'>πρωτίστην</span> <span class='ocrx_word' id='word_1_283' title='bbox 3503 1079 3611 1133; x_wconf 81' lang='grc' dir='ltr'><strong>τῶν</strong></span> <span class='ocrx_word' id='word_1_284' title='bbox 3644 1080 3832 1153; x_wconf 78' lang='grc' dir='ltr'>Ἐλλή-</span> 
     </span>
    </p>
   </div>
   <div class='ocr_carea' id='block_1_41' title="bbox 2258 1161 3831 1237">
    <p class='ocr_par' dir='ltr' id='par_1_41' title="bbox 2258 1161 3831 1237">
     <span class='ocr_line' id='line_1_41' title="bbox 2258 1161 3831 1237; baseline 0.013 -28"><span class='ocrx_word' id='word_1_285' title='bbox 2258 1174 2363 1211; x_wconf 89' lang='grc' dir='ltr'><strong>νων</strong></span> <span class='ocrx_word' id='word_1_286' title='bbox 2395 1161 2569 1229; x_wconf 78' lang='grc' dir='ltr'>δόξαν,</span> <span class='ocrx_word' id='word_1_287' title='bbox 2604 1166 2703 1236; x_wconf 80' lang='grc' dir='ltr'>τὴν</span> <span class='ocrx_word' id='word_1_288' title='bbox 2737 1167 2964 1232; x_wconf 78' lang='grc' dir='ltr'>πολλοὺς</span> <span class='ocrx_word' id='word_1_289' title='bbox 2994 1173 3086 1224; x_wconf 78' lang='grc' dir='ltr'><strong>καὶ</strong></span> <span class='ocrx_word' id='word_1_290' title='bbox 3118 1173 3480 1235; x_wconf 85' lang='grc' dir='ltr'>παντοπαθεῖς</span> <span class='ocrx_word' id='word_1_291' title='bbox 3507 1174 3662 1237; x_wconf 78' lang='grc' dir='ltr'>θεοὺς</span> <span class='ocrx_word' id='word_1_292' title='bbox 3690 1171 3831 1230; x_wconf 78' lang='grc' dir='ltr'>εἶναι</span> 
     </span>
    </p>
   </div>
   <div class='ocr_carea' id='block_1_42' title="bbox 2259 1251 3830 1336">
    <p class='ocr_par' dir='ltr' id='par_1_42' title="bbox 2259 1251 3830 1336">
     <span class='ocr_line' id='line_1_42' title="bbox 2259 1251 3830 1336; baseline 0.01 -32"><span class='ocrx_word' id='word_1_293' title='bbox 2259 1251 2656 1323; x_wconf 86' lang='grc' dir='ltr'>μυθολογοῦσαν</span> <span class='ocrx_word' id='word_1_294' title='bbox 2678 1260 2715 1312; x_wconf 85' lang='grc'><strong>¹.</strong></span> <span class='ocrx_word' id='word_1_295' title='bbox 2751 1263 2858 1315; x_wconf 74' lang='grc' dir='ltr'><strong>Καὶ</strong></span> <span class='ocrx_word' id='word_1_296' title='bbox 2879 1262 2963 1315; x_wconf 82' lang='grc' dir='ltr'><strong>ἵνα</strong></span> <span class='ocrx_word' id='word_1_297' title='bbox 2997 1266 3070 1335; x_wconf 75' lang='grc' dir='ltr'><strong>μὴ</strong></span> <span class='ocrx_word' id='word_1_298' title='bbox 3101 1266 3179 1327; x_wconf 87' lang='grc' dir='ltr'>εἰς</span> <span class='ocrx_word' id='word_1_299' title='bbox 3194 1266 3262 1318; x_wconf 86' lang='grc' dir='ltr'>τὰ</span> <span class='ocrx_word' id='word_1_300' title='bbox 3282 1265 3466 1336; x_wconf 78' lang='grc' dir='ltr'>οαφῆ²</span> <span class='ocrx_word' id='word_1_301' title='bbox 3499 1268 3664 1321; x_wconf 74' lang='grc' dir='ltr'>πολὺν</span> <span class='ocrx_word' id='word_1_302' title='bbox 3695 1268 3830 1320; x_wconf 85' lang='grc' dir='ltr'>ἀνα-</span> 
     </span>
    </p>
   </div>
   <div class='ocr_carea' id='block_1_43' title="bbox 2254 1344 3833 1428">
    <p class='ocr_par' dir='ltr' id='par_1_43' title="bbox 2254 1344 3833 1428">
     <span class='ocr_line' id='line_1_43' title="bbox 2254 1344 3833 1428; baseline 0.01 -30"><span class='ocrx_word' id='word_1_303' title='bbox 2254 1344 2423 1401; x_wconf 87' lang='grc' dir='ltr'>λίσκω</span> <span class='ocrx_word' id='word_1_304' title='bbox 2455 1351 2661 1422; x_wconf 84' lang='grc' dir='ltr'>χρόνον,</span> <span class='ocrx_word' id='word_1_305' title='bbox 2698 1354 2926 1409; x_wconf 80' lang='grc' dir='ltr'>ἑκάστου</span> <span class='ocrx_word' id='word_1_306' title='bbox 2960 1357 3068 1409; x_wconf 86' lang='grc' dir='ltr'><strong>τῶν</strong></span> <span class='ocrx_word' id='word_1_307' title='bbox 3094 1357 3397 1428; x_wconf 87' lang='grc' dir='ltr'>λεγομένων</span> <span class='ocrx_word' id='word_1_308' title='bbox 3428 1359 3562 1412; x_wconf 82' lang='grc' dir='ltr'>θεῶν</span> <span class='ocrx_word' id='word_1_309' title='bbox 3586 1361 3683 1423; x_wconf 87' lang='grc' dir='ltr'><strong>τάς</strong></span> <span class='ocrx_word' id='word_1_310' title='bbox 3703 1362 3833 1413; x_wconf 78' lang='grc' dir='ltr'>ἀσε-</span> 
     </span>
    </p>
   </div>
   <div class='ocr_carea' id='block_1_44' title="bbox 2254 1437 3830 1522">
    <p class='ocr_par' dir='ltr' id='par_1_44' title="bbox 2254 1437 3830 1522">
     <span class='ocr_line' id='line_1_44' title="bbox 2254 1437 3830 1522; baseline 0.01 -32"><span class='ocrx_word' id='word_1_311' title='bbox 2254 1437 2369 1504; x_wconf 71' lang='grc' dir='ltr'>ϐεῖς</span> <span class='ocrx_word' id='word_1_312' title='bbox 2401 1442 2627 1514; x_wconf 83' lang='grc' dir='ltr'>πράξεις</span> <span class='ocrx_word' id='word_1_313' title='bbox 2659 1447 3061 1520; x_wconf 81' lang='grc' dir='ltr'>εἰσηγούμενος,</span> <span class='ocrx_word' id='word_1_314' title='bbox 3097 1451 3302 1514; x_wconf 79' lang='grc' dir='ltr'>πάντας</span> <span class='ocrx_word' id='word_1_315' title='bbox 3358 1452 3454 1522; x_wconf 80' lang='grc' dir='ltr'><strong>μὲν</strong></span> <span class='ocrx_word' id='word_1_316' title='bbox 3487 1454 3587 1506; x_wconf 82' lang='grc' dir='ltr'><strong>οὐκ</strong></span> <span class='ocrx_word' id='word_1_317' title='bbox 3640 1453 3704 1506; x_wconf 85' lang='grc' dir='ltr'><strong>ἂν</strong></span> <span class='ocrx_word' id='word_1_318' title='bbox 3750 1455 3830 1507; x_wconf 81' lang='grc' dir='ltr'><strong>εἷ-</strong></span> 
     </span>
    </p>
   </div>
   <div class='ocr_carea' id='block_1_45' title="bbox 2255 1535 3830 1612">
    <p class='ocr_par' dir='ltr' id='par_1_45' title="bbox 2255 1535 3830 1612">
     <span class='ocr_line' id='line_1_45' title="bbox 2255 1535 3830 1612; baseline 0.008 -29"><span class='ocrx_word' id='word_1_319' title='bbox 2255 1548 2410 1602; x_wconf 86' lang='grc' dir='ltr'>ποιμι</span> <span class='ocrx_word' id='word_1_320' title='bbox 2439 1535 2616 1589; x_wconf 78' lang='grc' dir='ltr'>αὐτῶν</span> <span class='ocrx_word' id='word_1_321' title='bbox 2649 1539 2776 1602; x_wconf 76' lang='grc' dir='ltr'>τοὺς</span> <span class='ocrx_word' id='word_1_322' title='bbox 2816 1539 3041 1612; x_wconf 77' lang='grc' dir='ltr'>ἔρωτας,</span> <span class='ocrx_word' id='word_1_323' title='bbox 3075 1542 3167 1596; x_wconf 80' lang='grc' dir='ltr'><strong>τοῦ</strong></span> <span class='ocrx_word' id='word_1_324' title='bbox 3201 1544 3319 1607; x_wconf 81' lang='grc' dir='ltr'>Διός</span> <span class='ocrx_word' id='word_1_325' title='bbox 3349 1561 3406 1597; x_wconf 88' lang='grc' dir='ltr'><strong>τε</strong></span> <span class='ocrx_word' id='word_1_326' title='bbox 3439 1545 3529 1596; x_wconf 77' lang='grc' dir='ltr'><strong>καὶ</strong></span> <span class='ocrx_word' id='word_1_327' title='bbox 3555 1544 3830 1597; x_wconf 79' lang='grc' dir='ltr'>Ποσειδῶ-</span> 
     </span>
    </p>
   </div>
   <div class='ocr_carea' id='block_1_46' title="bbox 2252 1626 3831 1698">
    <p class='ocr_par' dir='ltr' id='par_1_46' title="bbox 2252 1626 3831 1698">
     <span class='ocr_line' id='line_1_46' title="bbox 2252 1626 3831 1698; baseline 0.008 -22"><span class='ocrx_word' id='word_1_328' title='bbox 2252 1641 2359 1688; x_wconf 84' lang='grc' dir='ltr'>νος,</span> <span class='ocrx_word' id='word_1_329' title='bbox 2396 1626 2707 1694; x_wconf 77' lang='grc' dir='ltr'>Πλούτωνος</span> <span class='ocrx_word' id='word_1_330' title='bbox 2736 1648 2795 1684; x_wconf 87' lang='grc' dir='ltr'><strong>τε</strong></span> <span class='ocrx_word' id='word_1_331' title='bbox 2845 1635 2939 1687; x_wconf 76' lang='grc' dir='ltr'>καὶ</span> <span class='ocrx_word' id='word_1_332' title='bbox 2983 1632 3329 1698; x_wconf 77' lang='grc' dir='ltr'>Ἀπόλλωνος,</span> <span class='ocrx_word' id='word_1_333' title='bbox 3365 1635 3612 1689; x_wconf 88' lang='grc' dir='ltr'>Διονύσου</span> <span class='ocrx_word' id='word_1_334' title='bbox 3643 1653 3703 1687; x_wconf 88' lang='grc' dir='ltr'><strong>τε</strong></span> <span class='ocrx_word' id='word_1_335' title='bbox 3731 1638 3831 1689; x_wconf 80' lang='grc' dir='ltr'><strong>καὶ</strong></span> 
     </span>
    </p>
   </div>
   <div class='ocr_carea' id='block_1_47' title="bbox 2180 1717 3830 1810">
    <p class='ocr_par' dir='ltr' id='par_1_47' title="bbox 2180 1717 3830 1810">
     <span class='ocr_line' id='line_1_47' title="bbox 2180 1717 3830 1810; baseline 0.006 -39"><span class='ocrx_word' id='word_1_336' title='bbox 2180 1750 2224 1810; x_wconf 71' lang='grc' dir='ltr'><strong>Β</strong></span> <span class='ocrx_word' id='word_1_337' title='bbox 2256 1717 2416 1788; x_wconf 76' lang='lat'><strong>128</strong></span> <span class='ocrx_word' id='word_1_338' title='bbox 2454 1720 2818 1793; x_wconf 86' lang='grc' dir='ltr'>Ἡρακλέους³</span> <span class='ocrx_word' id='word_1_339' title='bbox 2849 1726 2942 1778; x_wconf 75' lang='grc' dir='ltr'>καὶ</span> <span class='ocrx_word' id='word_1_340' title='bbox 2982 1724 3090 1779; x_wconf 82' lang='grc' dir='ltr'><strong>τῶν</strong></span> <span class='ocrx_word' id='word_1_341' title='bbox 3125 1727 3242 1780; x_wconf 87' lang='grc' dir='ltr'>καθ’</span> <span class='ocrx_word' id='word_1_342' title='bbox 3293 1727 3387 1779; x_wconf 71' lang='grc' dir='ltr'><strong>ἕνα</strong></span> <span class='ocrx_word' id='word_1_343' title='bbox 3414 1728 3660 1791; x_wconf 75' lang='grc' dir='ltr'>ἕκαστον,</span> <span class='ocrx_word' id='word_1_344' title='bbox 3700 1723 3777 1781; x_wconf 80' lang='grc' dir='ltr'>ὧν</span> <span class='ocrx_word' id='word_1_345' title='bbox 3806 1729 3830 1761; x_wconf 66' lang='grc'>⁸</span> 
     </span>
    </p>
   </div>
   <div class='ocr_carea' id='block_1_48' title="bbox 2253 1810 3828 1891">
    <p class='ocr_par' dir='ltr' id='par_1_48' title="bbox 2253 1810 3828 1891">
     <span class='ocr_line' id='line_1_48' title="bbox 2253 1810 3828 1891; baseline 0.008 -30"><span class='ocrx_word' id='word_1_346' title='bbox 2253 1810 2373 1862; x_wconf 80' lang='grc' dir='ltr'>οὐδὲ</span> <span class='ocrx_word' id='word_1_347' title='bbox 2394 1814 2545 1867; x_wconf 73' lang='grc' dir='ltr'>αὐτοὶ</span> <span class='ocrx_word' id='word_1_348' title='bbox 2572 1817 2835 1884; x_wconf 83' lang='grc' dir='ltr'>ἀγνοεῖτε,</span> <span class='ocrx_word' id='word_1_349' title='bbox 2858 1819 2920 1871; x_wconf 83' lang='grc' dir='ltr'>ὲκ</span> <span class='ocrx_word' id='word_1_350' title='bbox 2946 1819 3190 1882; x_wconf 81' lang='grc' dir='ltr'>παιδείας</span> <span class='ocrx_word' id='word_1_351' title='bbox 3224 1819 3536 1891; x_wconf 80' lang='grc' dir='ltr'>Ἑλληνικῆς</span> <span class='ocrx_word' id='word_1_352' title='bbox 3566 1820 3828 1891; x_wconf 80' lang='grc' dir='ltr'>ὁρμώμε-</span> 
     </span>
    </p>
   </div>
   <div class='ocr_carea' id='block_1_49' title="bbox 2252 1904 3825 1983">
    <p class='ocr_par' dir='ltr' id='par_1_49' title="bbox 2252 1904 3825 1983">
     <span class='ocr_line' id='line_1_49' title="bbox 2252 1904 3825 1983; baseline 0.006 -28"><span class='ocrx_word' id='word_1_353' title='bbox 2252 1920 2351 1969; x_wconf 87' lang='grc' dir='ltr'>νοι,</span> <span class='ocrx_word' id='word_1_354' title='bbox 2386 1904 2479 1969; x_wconf 73' lang='grc' dir='ltr'><strong>οὓς</strong></span> <span class='ocrx_word' id='word_1_355' title='bbox 2510 1909 2860 1981; x_wconf 80' lang='grc' dir='ltr'>ὲπαιδεύθητε</span> <span class='ocrx_word' id='word_1_356' title='bbox 2882 1911 3047 1982; x_wconf 85' lang='grc' dir='ltr'>βίους,</span> <span class='ocrx_word' id='word_1_357' title='bbox 3072 1913 3155 1966; x_wconf 83' lang='grc' dir='ltr'><strong>ἵνα</strong></span> <span class='ocrx_word' id='word_1_358' title='bbox 3183 1913 3259 1976; x_wconf 84' lang='grc' dir='ltr'>ὡς</span> <span class='ocrx_word' id='word_1_359' title='bbox 3293 1912 3530 1983; x_wconf 71' lang='grc' dir='ltr'>ζηλωταὶ</span> <span class='ocrx_word' id='word_1_360' title='bbox 3558 1913 3665 1965; x_wconf 84' lang='grc' dir='ltr'>τῶν</span> <span class='ocrx_word' id='word_1_361' title='bbox 3682 1910 3825 1966; x_wconf 81' lang='grc' dir='ltr'>θεῶν</span> 
     </span>
    </p>
   </div>
   <div class='ocr_carea' id='block_1_50' title="bbox 2249 1998 2833 2075">
    <p class='ocr_par' dir='ltr' id='par_1_50' title="bbox 2249 1998 2833 2075">
     <span class='ocr_line' id='line_1_50' title="bbox 2249 1998 2833 2075; baseline 0.012 -25"><span class='ocrx_word' id='word_1_362' title='bbox 2249 1998 2317 2051; x_wconf 85' lang='grc' dir='ltr'>τὰ</span> <span class='ocrx_word' id='word_1_363' title='bbox 2348 2001 2507 2070; x_wconf 82' lang='grc' dir='ltr'>ὃμοια</span> <span class='ocrx_word' id='word_1_364' title='bbox 2538 2001 2833 2075; x_wconf 84' lang='grc' dir='ltr'>πράττητε.</span> 
     </span>
    </p>
   </div>
   <div class='ocr_carea' id='block_1_51' title="bbox 2320 2115 3820 2193">
    <p class='ocr_par' dir='ltr' id='par_1_51' title="bbox 2320 2115 3820 2193">
     <span class='ocr_line' id='line_1_51' title="bbox 2320 2115 3820 2193; baseline 0.003 -24"><span class='ocrx_word' id='word_1_365' title='bbox 2320 2115 2459 2172; x_wconf 80' lang='lat' dir='ltr'><strong>XVI.</strong></span> <span class='ocrx_word' id='word_1_366' title='bbox 2507 2118 2622 2171; x_wconf 76' lang='grc' dir='ltr'><strong>Ἀπ’</strong></span> <span class='ocrx_word' id='word_1_367' title='bbox 2645 2120 2808 2173; x_wconf 78' lang='grc' dir='ltr'>αὑτοῦ</span> <span class='ocrx_word' id='word_1_368' title='bbox 2841 2120 2896 2174; x_wconf 82' lang='grc' dir='ltr'><strong>δὲ</strong></span> <span class='ocrx_word' id='word_1_369' title='bbox 2917 2122 3011 2175; x_wconf 79' lang='grc' dir='ltr'>τοῦ</span> <span class='ocrx_word' id='word_1_370' title='bbox 3048 2122 3470 2193; x_wconf 86' lang='grc' dir='ltr'>βασιλικωτάτου</span> <span class='ocrx_word' id='word_1_371' title='bbox 3501 2124 3619 2184; x_wconf 79' lang='grc' dir='ltr'>Διὸς</span> <span class='ocrx_word' id='word_1_372' title='bbox 3651 2121 3820 2191; x_wconf 70' lang='grc' dir='ltr'>ἄρξοι-</span> 
     </span>
    </p>
   </div>
   <div class='ocr_carea' id='block_1_52' title="bbox 2252 2205 3818 2285">
    <p class='ocr_par' dir='ltr' id='par_1_52' title="bbox 2252 2205 3818 2285">
     <span class='ocr_line' id='line_1_52' title="bbox 2252 2205 3818 2285; baseline 0.002 -22"><span class='ocrx_word' id='word_1_373' title='bbox 2252 2226 2365 2279; x_wconf 89' lang='grc' dir='ltr'>μαι,</span> <span class='ocrx_word' id='word_1_374' title='bbox 2402 2205 2460 2264; x_wconf 79' lang='grc' dir='ltr'>οὗ</span> <span class='ocrx_word' id='word_1_375' title='bbox 2485 2212 2513 2263; x_wconf 82' lang='grc' dir='ltr'>ὁ</span> <span class='ocrx_word' id='word_1_376' title='bbox 2544 2212 2641 2282; x_wconf 80' lang='grc' dir='ltr'><strong>μὲν</strong></span> <span class='ocrx_word' id='word_1_377' title='bbox 2670 2214 2850 2285; x_wconf 79' lang='grc' dir='ltr'>πατὴρ</span> <span class='ocrx_word' id='word_1_378' title='bbox 2879 2214 3083 2285; x_wconf 85' lang='grc' dir='ltr'>Κρόνος</span> <span class='ocrx_word' id='word_1_379' title='bbox 3101 2214 3169 2267; x_wconf 85' lang='grc' dir='ltr'><strong>τά</strong></span> <span class='ocrx_word' id='word_1_380' title='bbox 3193 2215 3296 2267; x_wconf 76' lang='grc' dir='ltr'>ἴδια</span> <span class='ocrx_word' id='word_1_381' title='bbox 3313 2214 3496 2275; x_wconf 82' lang='grc' dir='ltr'>τέκνα,</span> <span class='ocrx_word' id='word_1_382' title='bbox 3513 2214 3588 2277; x_wconf 83' lang='grc' dir='ltr'>ὡς</span> <span class='ocrx_word' id='word_1_383' title='bbox 3602 2213 3818 2281; x_wconf 81' lang='grc' dir='ltr'>λέγετε,</span> 
     </span>
    </p>
   </div>
   <div class='ocr_carea' id='block_1_53' title="bbox 2248 2303 3823 2377">
    <p class='ocr_par' dir='ltr' id='par_1_53' title="bbox 2248 2303 3823 2377">
     <span class='ocr_line' id='line_1_53' title="bbox 2248 2303 3823 2377; baseline 0.01 -23"><span class='ocrx_word' id='word_1_384' title='bbox 2248 2303 2549 2369; x_wconf 86' lang='grc' dir='ltr'>καταπιὼν,</span> <span class='ocrx_word' id='word_1_385' title='bbox 2582 2308 2647 2377; x_wconf 76' lang='grc' dir='ltr'>τῇ</span> <span class='ocrx_word' id='word_1_386' title='bbox 2667 2307 2687 2336; x_wconf 80' lang='grc'>⁸</span> <span class='ocrx_word' id='word_1_387' title='bbox 2711 2305 2767 2372; x_wconf 81' lang='grc' dir='ltr'>ἐξ</span> <span class='ocrx_word' id='word_1_388' title='bbox 2798 2306 3103 2377; x_wconf 84' lang='grc' dir='ltr'>ἀδάμαντος</span> <span class='ocrx_word' id='word_1_389' title='bbox 3122 2305 3270 2377; x_wconf 74' lang='grc' dir='ltr'>ἅρπῃ</span> <span class='ocrx_word' id='word_1_390' title='bbox 3294 2306 3389 2358; x_wconf 70' lang='grc' dir='ltr'>τοῦ</span> <span class='ocrx_word' id='word_1_391' title='bbox 3411 2306 3615 2377; x_wconf 76' lang='grc' dir='ltr'>πατρὸς</span> <span class='ocrx_word' id='word_1_392' title='bbox 3648 2306 3722 2358; x_wconf 71' lang='grc' dir='ltr'><strong>Οὐ</strong></span> <span class='ocrx_word' id='word_1_393' title='bbox 3732 2322 3823 2376; x_wconf 77' lang='grc' dir='ltr'>ρα-</span> 
     </span>
    </p>
   </div>
   <div class='ocr_carea' id='block_1_54' title="bbox 2246 2393 3817 2470">
    <p class='ocr_par' dir='ltr' id='par_1_54' title="bbox 2246 2393 3817 2470">
     <span class='ocr_line' id='line_1_54' title="bbox 2246 2393 3817 2470; baseline 0.003 -24"><span class='ocrx_word' id='word_1_394' title='bbox 2246 2393 2338 2447; x_wconf 82' lang='grc' dir='ltr'>νοῦ</span> <span class='ocrx_word' id='word_1_395' title='bbox 2372 2396 2439 2450; x_wconf 86' lang='grc' dir='ltr'><strong>τά</strong></span> <span class='ocrx_word' id='word_1_396' title='bbox 2470 2398 2629 2470; x_wconf 81' lang='grc' dir='ltr'>μόρια</span> <span class='ocrx_word' id='word_1_397' title='bbox 2653 2397 2891 2470; x_wconf 89' lang='grc' dir='ltr'>θερίσας,</span> <span class='ocrx_word' id='word_1_398' title='bbox 2922 2400 3021 2469; x_wconf 78' lang='grc' dir='ltr'>τῆς</span> <span class='ocrx_word' id='word_1_399' title='bbox 3054 2398 3189 2469; x_wconf 78' lang='grc' dir='ltr'>πρὸς</span> <span class='ocrx_word' id='word_1_400' title='bbox 3218 2402 3393 2467; x_wconf 80' lang='grc' dir='ltr'>γονεῖς</span> <span class='ocrx_word' id='word_1_401' title='bbox 3422 2397 3700 2459; x_wconf 75' lang='grc' dir='ltr'>εὐσεϐείας</span> <span class='ocrx_word' id='word_1_402' title='bbox 3721 2396 3817 2452; x_wconf 67' lang='grc' dir='ltr'><strong>καὶ</strong></span> 
     </span>
    </p>
   </div>
   <div class='ocr_carea' id='block_1_55' title="bbox 2244 2489 3821 2563">
    <p class='ocr_par' dir='ltr' id='par_1_55' title="bbox 2244 2489 3821 2563">
     <span class='ocr_line' id='line_1_55' title="bbox 2244 2489 3821 2563; baseline -0.001 -19"><span class='ocrx_word' id='word_1_403' title='bbox 2244 2492 2341 2563; x_wconf 80' lang='grc' dir='ltr'><strong>τῆς</strong></span> <span class='ocrx_word' id='word_1_404' title='bbox 2391 2489 2527 2561; x_wconf 82' lang='grc' dir='ltr'>πρὸς</span> <span class='ocrx_word' id='word_1_405' title='bbox 2559 2491 2757 2544; x_wconf 78' lang='grc' dir='ltr'>τέκνα⁶</span> <span class='ocrx_word' id='word_1_406' title='bbox 2790 2490 2970 2559; x_wconf 78' lang='grc' dir='ltr'>φιλίας</span> <span class='ocrx_word' id='word_1_407' title='bbox 3002 2493 3114 2553; x_wconf 90' lang='grc' dir='ltr'>τοῖς</span> <span class='ocrx_word' id='word_1_408' title='bbox 3147 2489 3215 2543; x_wconf 85' lang='grc' dir='ltr'><strong>τά</strong></span> <span class='ocrx_word' id='word_1_409' title='bbox 3263 2490 3498 2561; x_wconf 78' lang='grc' dir='ltr'>μυστικὰ</span> <span class='ocrx_word' id='word_1_410' title='bbox 3534 2490 3641 2541; x_wconf 80' lang='grc' dir='ltr'>τῶν</span> <span class='ocrx_word' id='word_1_411' title='bbox 3675 2489 3821 2543; x_wconf 84' lang='grc' dir='ltr'>θεῶν</span> 
     </span>
    </p>
   </div>
   <div class='ocr_carea' id='block_1_56' title="bbox 2244 2583 3823 2655">
    <p class='ocr_par' dir='ltr' id='par_1_56' title="bbox 2244 2583 3823 2655">
     <span class='ocr_line' id='line_1_56' title="bbox 2244 2583 3823 2655; baseline -0.001 -19"><span class='ocrx_word' id='word_1_412' title='bbox 2244 2583 2462 2655; x_wconf 77' lang='grc' dir='ltr'>ζηλοῦσι</span> <span class='ocrx_word' id='word_1_413' title='bbox 2499 2585 2588 2637; x_wconf 81' lang='grc' dir='ltr'><strong>τὸν</strong></span> <span class='ocrx_word' id='word_1_414' title='bbox 2626 2583 2985 2655; x_wconf 79' lang='grc' dir='ltr'>ὑπογραμμὸν</span> <span class='ocrx_word' id='word_1_415' title='bbox 3035 2584 3054 2616; x_wconf 80' lang='grc'><strong>⁷</strong></span> <span class='ocrx_word' id='word_1_416' title='bbox 3097 2584 3313 2650; x_wconf 74' lang='grc' dir='ltr'>ἔδειξεν.</span> <span class='ocrx_word' id='word_1_417' title='bbox 3348 2584 3517 2646; x_wconf 81' lang='grc' dir='ltr'>Αὐτὸς</span> <span class='ocrx_word' id='word_1_418' title='bbox 3538 2583 3593 2635; x_wconf 78' lang='grc' dir='ltr'><strong>δὲ</strong></span> <span class='ocrx_word' id='word_1_419' title='bbox 3626 2583 3655 2634; x_wconf 89' lang='grc' dir='ltr'>ὁ</span> <span class='ocrx_word' id='word_1_420' title='bbox 3679 2583 3823 2645; x_wconf 77' lang='grc' dir='ltr'>Ζεὺς</span> 
     </span>
    </p>
   </div>
   <div class='ocr_carea' id='block_1_57' title="bbox 2241 2675 3821 2748">
    <p class='ocr_par' dir='ltr' id='par_1_57' title="bbox 2241 2675 3821 2748">
     <span class='ocr_line' id='line_1_57' title="bbox 2241 2675 3821 2748; baseline 0.002 -22"><span class='ocrx_word' id='word_1_421' title='bbox 2241 2676 2332 2727; x_wconf 83' lang='grc' dir='ltr'><strong>τὸν</strong></span> <span class='ocrx_word' id='word_1_422' title='bbox 2369 2675 2535 2729; x_wconf 80' lang='grc' dir='ltr'>αὑτοῦ</span> <span class='ocrx_word' id='word_1_423' title='bbox 2559 2676 2770 2747; x_wconf 83' lang='grc' dir='ltr'>πατέρα</span> <span class='ocrx_word' id='word_1_424' title='bbox 2786 2677 2954 2748; x_wconf 79' lang='grc' dir='ltr'>δήσας</span> <span class='ocrx_word' id='word_1_425' title='bbox 2980 2676 3260 2748; x_wconf 81' lang='grc' dir='ltr'>καθεῖρξεν</span> <span class='ocrx_word' id='word_1_426' title='bbox 3282 2676 3360 2737; x_wconf 86' lang='grc' dir='ltr'><strong>είς</strong></span> <span class='ocrx_word' id='word_1_427' title='bbox 3382 2675 3682 2746; x_wconf 87' lang='grc' dir='ltr'>Τάρταρον,</span> <span class='ocrx_word' id='word_1_428' title='bbox 3719 2675 3821 2729; x_wconf 78' lang='grc' dir='ltr'>καὶ</span> 
     </span>
    </p>
   </div>
   <div class='ocr_carea' id='block_1_58' title="bbox 2240 2767 3820 2840">
    <p class='ocr_par' dir='ltr' id='par_1_58' title="bbox 2240 2767 3820 2840">
     <span class='ocr_line' id='line_1_58' title="bbox 2240 2767 3820 2840; baseline 0.001 -20"><span class='ocrx_word' id='word_1_429' title='bbox 2240 2770 2364 2832; x_wconf 81' lang='grc' dir='ltr'>τοὺς</span> <span class='ocrx_word' id='word_1_430' title='bbox 2395 2768 2584 2832; x_wconf 79' lang='grc' dir='ltr'>ἄλλους</span> <span class='ocrx_word' id='word_1_431' title='bbox 2614 2769 2825 2834; x_wconf 78' lang='grc' dir='ltr'>κολάζει</span> <span class='ocrx_word' id='word_1_432' title='bbox 2858 2769 3030 2832; x_wconf 83' lang='grc' dir='ltr'>θεούς.</span> <span class='ocrx_word' id='word_1_433' title='bbox 3065 2770 3190 2832; x_wconf 89' lang='grc' dir='ltr'>Τοῖς</span> <span class='ocrx_word' id='word_1_434' title='bbox 3209 2769 3264 2821; x_wconf 75' lang='grc' dir='ltr'>δὲ</span> <span class='ocrx_word' id='word_1_435' title='bbox 3298 2769 3690 2840; x_wconf 83' lang='grc' dir='ltr'>ἀρρητουργεῖν</span> <span class='ocrx_word' id='word_1_436' title='bbox 3724 2767 3820 2821; x_wconf 80' lang='grc' dir='ltr'>θέ-</span> 
     </span>
    </p>
   </div>
   <div class='ocr_carea' id='block_1_59' title="bbox 2240 2856 3820 2932">
    <p class='ocr_par' dir='ltr' id='par_1_59' title="bbox 2240 2856 3820 2932">
     <span class='ocr_line' id='line_1_59' title="bbox 2240 2856 3820 2932; baseline 0 -21"><span class='ocrx_word' id='word_1_437' title='bbox 2240 2859 2390 2915; x_wconf 89' lang='grc' dir='ltr'>λουσι</span> <span class='ocrx_word' id='word_1_438' title='bbox 2418 2861 2516 2932; x_wconf 81' lang='grc' dir='ltr'>τὴν</span> <span class='ocrx_word' id='word_1_439' title='bbox 2550 2862 2725 2932; x_wconf 81' lang='grc' dir='ltr'>Μῆτιν</span> <span class='ocrx_word' id='word_1_440' title='bbox 2749 2862 3013 2932; x_wconf 85' lang='grc' dir='ltr'>γεννήσας</span> <span class='ocrx_word' id='word_1_441' title='bbox 3056 2861 3330 2913; x_wconf 59' lang='grc' dir='ltr'>κατέπιεν</span> <span class='ocrx_word' id='word_1_442' title='bbox 3375 2856 3441 2931; x_wconf 79' lang='grc' dir='ltr'>ἦν</span> <span class='ocrx_word' id='word_1_443' title='bbox 3474 2858 3530 2911; x_wconf 80' lang='grc' dir='ltr'>δὲ</span> <span class='ocrx_word' id='word_1_444' title='bbox 3563 2861 3595 2928; x_wconf 87' lang='grc' dir='ltr'><strong>ή</strong></span> <span class='ocrx_word' id='word_1_445' title='bbox 3630 2859 3820 2930; x_wconf 83' lang='grc' dir='ltr'>Μῆτις</span> 
     </span>
    </p>
   </div>
   <div class='ocr_carea' id='block_1_60' title="bbox 2237 2952 3820 3025">
    <p class='ocr_par' dir='ltr' id='par_1_60' title="bbox 2237 2952 3820 3025">
     <span class='ocr_line' id='line_1_60' title="bbox 2237 2952 3820 3025; baseline -0.001 -19"><span class='ocrx_word' id='word_1_446' title='bbox 2237 2955 2389 3025; x_wconf 77' lang='grc' dir='ltr'>γονή-</span> <span class='ocrx_word' id='word_1_447' title='bbox 2453 2954 2651 3025; x_wconf 83' lang='grc' dir='ltr'>βρέφος</span> <span class='ocrx_word' id='word_1_448' title='bbox 2695 2954 2802 3025; x_wconf 75' lang='grc' dir='ltr'><strong>γάρ</strong></span> <span class='ocrx_word' id='word_1_449' title='bbox 2842 2957 3126 3008; x_wconf 79' lang='grc' dir='ltr'>καταπιεῖν</span> <span class='ocrx_word' id='word_1_450' title='bbox 3186 2953 3459 3006; x_wconf 83' lang='grc' dir='ltr'>ἀδύνατον.</span> <span class='ocrx_word' id='word_1_451' title='bbox 3526 2952 3694 3022; x_wconf 81' lang='grc' dir='ltr'>’Υπὲρ</span> <span class='ocrx_word' id='word_1_452' title='bbox 3751 2952 3820 3005; x_wconf 82' lang='grc' dir='ltr'>δὲ</span> 
     </span>
    </p>
   </div>
   <div class='ocr_carea' id='block_1_61' title="bbox 2238 3043 3818 3118">
    <p class='ocr_par' dir='ltr' id='par_1_61' title="bbox 2238 3043 3818 3118">
     <span class='ocr_line' id='line_1_61' title="bbox 2238 3043 3818 3118; baseline -0.003 -19"><span class='ocrx_word' id='word_1_453' title='bbox 2238 3046 2530 3115; x_wconf 81' lang='grc' dir='ltr'>ἀπολογίας</span> <span class='ocrx_word' id='word_1_454' title='bbox 2568 3047 2944 3118; x_wconf 79' lang='grc' dir='ltr'>παιδεραστῶν</span> <span class='ocrx_word' id='word_1_455' title='bbox 2977 3045 3339 3118; x_wconf 81' lang='grc' dir='ltr'>Γανυμήδην⁸</span> <span class='ocrx_word' id='word_1_456' title='bbox 3381 3043 3634 3115; x_wconf 77' lang='grc' dir='ltr'>ἁρπάζει’</span> <span class='ocrx_word' id='word_1_457' title='bbox 3686 3061 3818 3114; x_wconf 91' lang='grc' dir='ltr'>μοι-</span> 
     </span>
    </p>
   </div>
   <div class='ocr_carea' id='block_1_62' title="bbox 566 3126 2139 3214">
    <p class='ocr_par' dir='ltr' id='par_1_62' title="bbox 566 3142 2125 3214">
     <span class='ocr_line' id='line_1_62' title="bbox 566 3142 2125 3214; baseline 0.004 -19"><span class='ocrx_word' id='word_1_458' title='bbox 566 3152 692 3212; x_wconf 75' lang='lat' dir='ltr'><strong>gent</strong></span> <span class='ocrx_word' id='word_1_459' title='bbox 717 3142 1017 3208; x_wconf 89' lang='lat' dir='ltr'><strong>amoribus,</strong></span> <span class='ocrx_word' id='word_1_460' title='bbox 1046 3143 1186 3212; x_wconf 86' lang='lat' dir='ltr'><strong>rapit</strong></span> <span class='ocrx_word' id='word_1_461' title='bbox 1211 3142 1611 3214; x_wconf 86' lang='lat' dir='ltr'><strong>Ganymedem;</strong></span> <span class='ocrx_word' id='word_1_462' title='bbox 1642 3145 1905 3201; x_wconf 89' lang='lat' dir='ltr'><strong>adulteris</strong></span> <span class='ocrx_word' id='word_1_463' title='bbox 1944 3157 2125 3202; x_wconf 86' lang='lat' dir='ltr'><strong>autem</strong></span> 
     </span>
    </p>
   </div>
   <div class='ocr_carea' id='block_1_63' title="bbox 2242 3126 3819 3214">
    <p class='ocr_par' dir='ltr' id='par_1_63' title="bbox 2242 3136 3819 3210">
     <span class='ocr_line' id='line_1_63' title="bbox 2242 3136 3819 3210; baseline -0.001 -21"><span class='ocrx_word' id='word_1_464' title='bbox 2242 3141 2347 3207; x_wconf 75' lang='grc' dir='ltr'>χοίς</span> <span class='ocrx_word' id='word_1_465' title='bbox 2374 3137 2429 3190; x_wconf 84' lang='grc' dir='ltr'>δὲ</span> <span class='ocrx_word' id='word_1_466' title='bbox 2457 3138 2595 3210; x_wconf 83' lang='grc' dir='ltr'>ὑπὲρ</span> <span class='ocrx_word' id='word_1_467' title='bbox 2627 3139 2869 3209; x_wconf 85' lang='grc' dir='ltr'>μοιχείας</span> <span class='ocrx_word' id='word_1_468' title='bbox 2891 3138 3096 3209; x_wconf 81' lang='grc' dir='ltr'>βοηθῶν</span> <span class='ocrx_word' id='word_1_469' title='bbox 3134 3137 3292 3200; x_wconf 78' lang='grc' dir='ltr'>αὐτὸς</span> <span class='ocrx_word' id='word_1_470' title='bbox 3329 3136 3586 3199; x_wconf 86' lang='grc' dir='ltr'>πολλάκις</span> <span class='ocrx_word' id='word_1_471' title='bbox 3620 3137 3819 3206; x_wconf 73' lang='grc' dir='ltr'>μοιχὸς</span> 
     </span>
    </p>
   </div>
   <div class='ocr_carea' id='block_1_64' title="bbox 565 3227 2139 3305">
    <p class='ocr_par' dir='ltr' id='par_1_64' title="bbox 565 3232 2131 3305">
     <span class='ocr_line' id='line_1_64' title="bbox 565 3232 2131 3305; baseline 0.004 -18"><span class='ocrx_word' id='word_1_472' title='bbox 565 3233 622 3288; x_wconf 88' lang='lat' dir='ltr'><strong>in</strong></span> <span class='ocrx_word' id='word_1_473' title='bbox 651 3232 920 3287; x_wconf 79' lang='lat' dir='ltr'><strong>adulterio</strong></span> <span class='ocrx_word' id='word_1_474' title='bbox 949 3248 1107 3302; x_wconf 86' lang='lat' dir='ltr'><strong>opem</strong></span> <span class='ocrx_word' id='word_1_475' title='bbox 1141 3233 1341 3299; x_wconf 85' lang='lat' dir='ltr'><strong>ferens,</strong></span> <span class='ocrx_word' id='word_1_476' title='bbox 1381 3234 1497 3304; x_wconf 91' lang='lat' dir='ltr'><strong>ipse</strong></span> <span class='ocrx_word' id='word_1_477' title='bbox 1532 3250 1674 3305; x_wconf 79' lang='lat' dir='ltr'><strong>saepe</strong></span> <span class='ocrx_word' id='word_1_478' title='bbox 1708 3238 1957 3293; x_wconf 86' lang='lat' dir='ltr'><strong>moechus</strong></span> <span class='ocrx_word' id='word_1_479' title='bbox 1989 3239 2131 3293; x_wconf 85' lang='lat' dir='ltr'><strong>inve-</strong></span> 
     </span>
    </p>
   </div>
   <div class='ocr_carea' id='block_1_65' title="bbox 2242 3227 3818 3305">
    <p class='ocr_par' dir='ltr' id='par_1_65' title="bbox 2242 3227 3818 3301">
     <span class='ocr_line' id='line_1_65' title="bbox 2242 3227 3818 3301; baseline -0.001 -20"><span class='ocrx_word' id='word_1_480' title='bbox 2242 3229 2559 3300; x_wconf 79' lang='grc' dir='ltr'>εὑρίσκεται·</span> <span class='ocrx_word' id='word_1_481' title='bbox 2611 3230 3063 3301; x_wconf 71' lang='grc' dir='ltr'>άδελφοφθορεῖνθ</span> <span class='ocrx_word' id='word_1_482' title='bbox 3106 3229 3161 3283; x_wconf 83' lang='grc' dir='ltr'>δὲ</span> <span class='ocrx_word' id='word_1_483' title='bbox 3214 3229 3509 3301; x_wconf 82' lang='grc' dir='ltr'>προτρέπει</span> <span class='ocrx_word' id='word_1_484' title='bbox 3548 3227 3818 3297; x_wconf 77' lang='grc' dir='ltr'>ἀδελφαῖς</span> 
     </span>
    </p>
   </div>
   <div class='ocr_carea' id='block_1_66' title="bbox 563 3322 2127 3400">
    <p class='ocr_par' dir='ltr' id='par_1_66' title="bbox 563 3322 2127 3400">
     <span class='ocr_line' id='line_1_66' title="bbox 563 3322 2127 3400; baseline 0.004 -23"><span class='ocrx_word' id='word_1_485' title='bbox 563 3322 728 3378; x_wconf 88' lang='lat' dir='ltr'><strong>nitur.</strong></span> <span class='ocrx_word' id='word_1_486' title='bbox 761 3323 841 3377; x_wconf 86' lang='lat' dir='ltr'><strong>Ad</strong></span> <span class='ocrx_word' id='word_1_487' title='bbox 874 3339 1093 3379; x_wconf 88' lang='lat' dir='ltr'><strong>sorores</strong></span> <span class='ocrx_word' id='word_1_488' title='bbox 1128 3327 1291 3379; x_wconf 89' lang='lat' dir='ltr'><strong>etiam</strong></span> <span class='ocrx_word' id='word_1_489' title='bbox 1324 3324 1599 3381; x_wconf 89' lang='lat' dir='ltr'><strong>ducendas</strong></span> <span class='ocrx_word' id='word_1_490' title='bbox 1640 3326 1864 3392; x_wconf 86' lang='lat' dir='ltr'><strong>invitat,</strong></span> <span class='ocrx_word' id='word_1_491' title='bbox 1896 3344 2127 3400; x_wconf 82' lang='lat' dir='ltr'><strong>congre-</strong></span> 
     </span>
    </p>
   </div>
   <div class='ocr_carea' id='block_1_67' title="bbox 562 3414 2129 3483">
    <p class='ocr_par' dir='ltr' id='par_1_67' title="bbox 562 3414 2129 3483">
     <span class='ocr_line' id='line_1_67' title="bbox 562 3414 2129 3483; baseline 0.006 -16"><span class='ocrx_word' id='word_1_492' title='bbox 562 3414 728 3469; x_wconf 89' lang='lat' dir='ltr'><strong>diens</strong></span> <span class='ocrx_word' id='word_1_493' title='bbox 750 3429 875 3470; x_wconf 90' lang='lat' dir='ltr'><strong>cum</strong></span> <span class='ocrx_word' id='word_1_494' title='bbox 903 3416 1183 3471; x_wconf 87' lang='lat' dir='ltr'><strong>sororibus</strong></span> <span class='ocrx_word' id='word_1_495' title='bbox 1201 3458 1216 3481; x_wconf 93' lang='lat'><strong>,</strong></span> <span class='ocrx_word' id='word_1_496' title='bbox 1257 3415 1490 3482; x_wconf 88' lang='lat' dir='ltr'><strong>Junone,</strong></span> <span class='ocrx_word' id='word_1_497' title='bbox 1519 3416 1744 3483; x_wconf 89' lang='lat' dir='ltr'><strong>Cerere,</strong></span> <span class='ocrx_word' id='word_1_498' title='bbox 1789 3416 1996 3475; x_wconf 81' lang='lat' dir='ltr'><strong>Venere</strong></span> <span class='ocrx_word' id='word_1_499' title='bbox 2024 3438 2129 3476; x_wconf 69' lang='lat' dir='ltr'><strong>ca:-</strong></span> 
     </span>
    </p>
   </div>
   <div class='ocr_carea' id='block_1_68' title="bbox 560 3507 2123 3584">
    <p class='ocr_par' dir='ltr' id='par_1_68' title="bbox 560 3507 2123 3584">
     <span class='ocr_line' id='line_1_68' title="bbox 560 3507 2123 3584; baseline 0.004 -23"><span class='ocrx_word' id='word_1_500' title='bbox 560 3507 708 3569; x_wconf 86' lang='lat' dir='ltr'><strong>Iesti.</strong></span> <span class='ocrx_word' id='word_1_501' title='bbox 738 3522 903 3577; x_wconf 89' lang='lat' dir='ltr'><strong>quam</strong></span> <span class='ocrx_word' id='word_1_502' title='bbox 929 3509 1178 3562; x_wconf 89' lang='lat' dir='ltr'><strong>nonnulli</strong></span> <span class='ocrx_word' id='word_1_503' title='bbox 1204 3507 1482 3563; x_wconf 89' lang='lat' dir='ltr'><strong>Dodonam</strong></span> <span class='ocrx_word' id='word_1_504' title='bbox 1522 3519 1758 3576; x_wconf 84' lang='lat' dir='ltr'><strong>vocant;</strong></span> <span class='ocrx_word' id='word_1_505' title='bbox 1788 3510 1856 3565; x_wconf 89' lang='lat' dir='ltr'><strong>iis</strong></span> <span class='ocrx_word' id='word_1_506' title='bbox 1878 3528 2008 3566; x_wconf 87' lang='lat' dir='ltr'><strong>vero</strong></span> <span class='ocrx_word' id='word_1_507' title='bbox 2031 3514 2123 3584; x_wconf 93' lang='lat' dir='ltr'><strong>qni</strong></span> 
     </span>
    </p>
   </div>
   <div class='ocr_carea' id='block_1_69' title="bbox 559 3598 2120 3673">
    <p class='ocr_par' dir='ltr' id='par_1_69' title="bbox 559 3598 2120 3673">
     <span class='ocr_line' id='line_1_69' title="bbox 559 3598 2120 3673; baseline 0.004 -20"><span class='ocrx_word' id='word_1_508' title='bbox 559 3612 682 3653; x_wconf 92' lang='lat' dir='ltr'><strong>cum</strong></span> <span class='ocrx_word' id='word_1_509' title='bbox 721 3598 939 3653; x_wconf 87' lang='lat' dir='ltr'><strong>filiabus</strong></span> <span class='ocrx_word' id='word_1_510' title='bbox 975 3599 1320 3655; x_wconf 88' lang='lat' dir='ltr'><strong>commisceri</strong></span> <span class='ocrx_word' id='word_1_511' title='bbox 1352 3600 1606 3670; x_wconf 87' lang='lat' dir='ltr'><strong>cupiunt,</strong></span> <span class='ocrx_word' id='word_1_512' title='bbox 1635 3616 1759 3655; x_wconf 91' lang='lat' dir='ltr'><strong>cum</strong></span> <span class='ocrx_word' id='word_1_513' title='bbox 1797 3600 2120 3673; x_wconf 88' lang='lat' dir='ltr'><strong>Proserpina</strong></span> 
     </span>
    </p>
   </div>
   <div class='ocr_carea' id='block_1_70' title="bbox 559 3692 2118 3762">
    <p class='ocr_par' dir='ltr' id='par_1_70' title="bbox 559 3692 2118 3762">
     <span class='ocr_line' id='line_1_70' title="bbox 559 3692 2118 3762; baseline 0.005 -18"><span class='ocrx_word' id='word_1_514' title='bbox 559 3705 890 3762; x_wconf 86' lang='lat' dir='ltr'><strong>congressus</strong></span> <span class='ocrx_word' id='word_1_515' title='bbox 911 3692 1219 3762; x_wconf 83' lang='lat' dir='ltr'><strong>exemplum</strong></span> <span class='ocrx_word' id='word_1_516' title='bbox 1237 3692 1546 3762; x_wconf 89' lang='lat' dir='ltr'><strong>improbum</strong></span> <span class='ocrx_word' id='word_1_517' title='bbox 1560 3709 1627 3749; x_wconf 82' lang='lat' dir='ltr'><strong>ex</strong></span> <span class='ocrx_word' id='word_1_518' title='bbox 1650 3692 1851 3750; x_wconf 88' lang='lat' dir='ltr'><strong>fabulis</strong></span> <span class='ocrx_word' id='word_1_519' title='bbox 1870 3695 2118 3752; x_wconf 76' lang='lat' dir='ltr'><strong>efﬁcitur.</strong></span> 
     </span>
    </p>
   </div>
   <div class='ocr_carea' id='block_1_71' title="bbox 557 3782 2121 3859">
    <p class='ocr_par' dir='ltr' id='par_1_71' title="bbox 557 3782 2121 3859">
     <span class='ocr_line' id='line_1_71' title="bbox 557 3782 2121 3859; baseline 0.006 -23"><span class='ocrx_word' id='word_1_520' title='bbox 557 3782 677 3838; x_wconf 84' lang='lat' dir='ltr'><strong>Alia</strong></span> <span class='ocrx_word' id='word_1_521' title='bbox 721 3798 940 3854; x_wconf 89' lang='lat' dir='ltr'><strong>quoque</strong></span> <span class='ocrx_word' id='word_1_522' title='bbox 968 3784 1255 3840; x_wconf 89' lang='lat' dir='ltr'><strong>innumera</strong></span> <span class='ocrx_word' id='word_1_523' title='bbox 1302 3784 1467 3855; x_wconf 90' lang='lat' dir='ltr'><strong>impie</strong></span> <span class='ocrx_word' id='word_1_524' title='bbox 1509 3786 1710 3857; x_wconf 87' lang='lat' dir='ltr'><strong>gessit,</strong></span> <span class='ocrx_word' id='word_1_525' title='bbox 1739 3795 1800 3841; x_wconf 91' lang='lat' dir='ltr'><strong>ut</strong></span> <span class='ocrx_word' id='word_1_526' title='bbox 1823 3787 1892 3843; x_wconf 90' lang='lat' dir='ltr'><strong>ab</strong></span> <span class='ocrx_word' id='word_1_527' title='bbox 1938 3789 2121 3859; x_wconf 90' lang='lat' dir='ltr'><strong>impiis</strong></span> 
     </span>
    </p>
   </div>
   <div class='ocr_carea' id='block_1_72' title="bbox 559 3873 2116 3947">
    <p class='ocr_par' dir='ltr' id='par_1_72' title="bbox 559 3873 2116 3947">
     <span class='ocr_line' id='line_1_72' title="bbox 559 3873 2116 3947; baseline 0.004 -21"><span class='ocrx_word' id='word_1_528' title='bbox 559 3873 875 3928; x_wconf 90' lang='lat' dir='ltr'><strong>hominibus</strong></span> <span class='ocrx_word' id='word_1_529' title='bbox 918 3881 1138 3944; x_wconf 87' lang='lat' dir='ltr'><strong>propter</strong></span> <span class='ocrx_word' id='word_1_530' title='bbox 1175 3883 1587 3945; x_wconf 78' lang='lat' dir='ltr'><strong>exsuperantem</strong></span> <span class='ocrx_word' id='word_1_531' title='bbox 1644 3875 2116 3947; x_wconf 84' lang='lat' dir='ltr'><strong>intemperantiam</strong></span> 
     </span>
    </p>
   </div>
   <div class='ocr_carea' id='block_1_73' title="bbox 558 3964 2115 4037">
    <p class='ocr_par' dir='ltr' id='par_1_73' title="bbox 558 3964 2115 4037">
     <span class='ocr_line' id='line_1_73' title="bbox 558 3964 2115 4037; baseline 0.003 -18"><span class='ocrx_word' id='word_1_532' title='bbox 558 3964 865 4020; x_wconf 87' lang='lat' dir='ltr'><strong>fabulosum</strong></span> <span class='ocrx_word' id='word_1_533' title='bbox 911 3966 1103 4035; x_wconf 81' lang='lat' dir='ltr'><strong>dogma</strong></span> <span class='ocrx_word' id='word_1_534' title='bbox 1154 3966 1221 4021; x_wconf 90' lang='lat' dir='ltr'><strong>de</strong></span> <span class='ocrx_word' id='word_1_535' title='bbox 1263 3966 1411 4022; x_wconf 90' lang='lat' dir='ltr'><strong>illius</strong></span> <span class='ocrx_word' id='word_1_536' title='bbox 1462 3966 1747 4022; x_wconf 86' lang='lat' dir='ltr'><strong>divinitate</strong></span> <span class='ocrx_word' id='word_1_537' title='bbox 1792 3983 2115 4037; x_wconf 86' lang='lat' dir='ltr'><strong>persuasum</strong></span> 
     </span>
    </p>
   </div>
   <div class='ocr_carea' id='block_1_74' title="bbox 556 4055 739 4112">
    <p class='ocr_par' dir='ltr' id='par_1_74' title="bbox 556 4055 739 4112">
     <span class='ocr_line' id='line_1_74' title="bbox 556 4055 739 4112; baseline 0 -2"><span class='ocrx_word' id='word_1_538' title='bbox 556 4055 739 4112; x_wconf 88' lang='lat' dir='ltr'><strong>fuerit.</strong></span> 
     </span>
    </p>
   </div>
   <div class='ocr_carea' id='block_1_75' title="bbox 624 4144 2119 4218">
    <p class='ocr_par' dir='ltr' id='par_1_75' title="bbox 624 4144 2119 4218">
     <span class='ocr_line' id='line_1_75' title="bbox 624 4144 2119 4218; baseline 0.002 -19"><span class='ocrx_word' id='word_1_539' title='bbox 624 4145 789 4201; x_wconf 80' lang='lat' dir='ltr'><strong>XVII.</strong></span> <span class='ocrx_word' id='word_1_540' title='bbox 820 4144 1079 4201; x_wconf 85' lang='lat' dir='ltr'><strong>Homines</strong></span> <span class='ocrx_word' id='word_1_541' title='bbox 1106 4145 1324 4216; x_wconf 89' lang='lat' dir='ltr'><strong>quidem</strong></span> <span class='ocrx_word' id='word_1_542' title='bbox 1353 4146 1599 4202; x_wconf 88' lang='lat' dir='ltr'><strong>indoctos</strong></span> <span class='ocrx_word' id='word_1_543' title='bbox 1626 4163 1841 4218; x_wconf 64' lang='lat' dir='ltr'><strong>aequum</strong></span> <span class='ocrx_word' id='word_1_544' title='bbox 1871 4147 2119 4204; x_wconf 89' lang='lat' dir='ltr'><strong>videatur</strong></span> 
     </span>
    </p>
   </div>
   <div class='ocr_carea' id='block_1_76' title="bbox 555 4238 2119 4309">
    <p class='ocr_par' dir='ltr' id='par_1_76' title="bbox 555 4238 2119 4309">
     <span class='ocr_line' id='line_1_76' title="bbox 555 4238 2119 4309; baseline -0.001 -13"><span class='ocrx_word' id='word_1_545' title='bbox 555 4240 698 4296; x_wconf 77' lang='lat' dir='ltr'><strong>circa</strong></span> <span class='ocrx_word' id='word_1_546' title='bbox 727 4240 826 4297; x_wconf 89' lang='lat' dir='ltr'><strong>has</strong></span> <span class='ocrx_word' id='word_1_547' title='bbox 853 4239 1138 4309; x_wconf 91' lang='lat' dir='ltr'><strong>opiniones</strong></span> <span class='ocrx_word' id='word_1_548' title='bbox 1169 4239 1311 4294; x_wconf 88' lang='lat' dir='ltr'><strong>haud</strong></span> <span class='ocrx_word' id='word_1_549' title='bbox 1336 4238 1568 4293; x_wconf 90' lang='lat' dir='ltr'><strong>multum</strong></span> <span class='ocrx_word' id='word_1_550' title='bbox 1599 4239 1891 4309; x_wconf 84' lang='lat' dir='ltr'><strong>indignari.</strong></span> <span class='ocrx_word' id='word_1_551' title='bbox 1927 4240 1997 4295; x_wconf 92' lang='lat' dir='ltr'><strong>lis</strong></span> <span class='ocrx_word' id='word_1_552' title='bbox 2020 4255 2119 4295; x_wconf 86' lang='lat' dir='ltr'><strong>au-</strong></span> 
     </span>
    </p>
   </div>
   <div class='ocr_carea' id='block_1_77' title="bbox 555 4329 2117 4403">
    <p class='ocr_par' dir='ltr' id='par_1_77' title="bbox 555 4329 2117 4403">
     <span class='ocr_line' id='line_1_77' title="bbox 555 4329 2117 4403; baseline 0.001 -17"><span class='ocrx_word' id='word_1_553' title='bbox 555 4341 687 4399; x_wconf 88' lang='lat' dir='ltr'><strong>tem,</strong></span> <span class='ocrx_word' id='word_1_554' title='bbox 733 4332 828 4403; x_wconf 92' lang='lat' dir='ltr'><strong>qui</strong></span> <span class='ocrx_word' id='word_1_555' title='bbox 863 4333 917 4385; x_wconf 92' lang='lat' dir='ltr'><strong>in</strong></span> <span class='ocrx_word' id='word_1_556' title='bbox 946 4330 1142 4385; x_wconf 89' lang='lat' dir='ltr'><strong>litteris</strong></span> <span class='ocrx_word' id='word_1_557' title='bbox 1170 4329 1403 4386; x_wconf 86' lang='lat' dir='ltr'><strong>instituti</strong></span> <span class='ocrx_word' id='word_1_558' title='bbox 1454 4330 1695 4399; x_wconf 88' lang='lat' dir='ltr'><strong>fuerunt,</strong></span> <span class='ocrx_word' id='word_1_559' title='bbox 1728 4332 1985 4401; x_wconf 90' lang='lat' dir='ltr'><strong>quidnam</strong></span> <span class='ocrx_word' id='word_1_560' title='bbox 2032 4334 2117 4388; x_wconf 92' lang='lat' dir='ltr'><strong>di-</strong></span> 
     </span>
    </p>
   </div>
   <div class='ocr_carea' id='block_1_78' title="bbox 2233 3319 3813 3393">
    <p class='ocr_par' dir='ltr' id='par_1_78' title="bbox 2233 3319 3813 3393">
     <span class='ocr_line' id='line_1_78' title="bbox 2233 3319 3813 3393; baseline 0.001 -21"><span class='ocrx_word' id='word_1_561' title='bbox 2233 3319 2518 3385; x_wconf 86' lang='grc' dir='ltr'>συνελθὼν,</span> <span class='ocrx_word' id='word_1_562' title='bbox 2550 3321 2696 3392; x_wconf 76' lang='grc' dir='ltr'>Ἤρᾳ</span> <span class='ocrx_word' id='word_1_563' title='bbox 2725 3322 2821 3374; x_wconf 75' lang='grc' dir='ltr'>καὶ</span> <span class='ocrx_word' id='word_1_564' title='bbox 2852 3323 3097 3393; x_wconf 86' lang='grc' dir='ltr'>Δήμητρι</span> <span class='ocrx_word' id='word_1_565' title='bbox 3126 3323 3218 3374; x_wconf 58' lang='grc' dir='ltr'><strong>και)⁵</strong></span> <span class='ocrx_word' id='word_1_566' title='bbox 3247 3324 3313 3393; x_wconf 79' lang='grc' dir='ltr'>τῇ</span> <span class='ocrx_word' id='word_1_567' title='bbox 3347 3321 3572 3392; x_wconf 78' lang='grc' dir='ltr'>οὐρανίᾳ</span> <span class='ocrx_word' id='word_1_568' title='bbox 3605 3321 3813 3392; x_wconf 80' lang='grc' dir='ltr'>Ἀφρο-</span> 
     </span>
    </p>
   </div>
   <div class='ocr_carea' id='block_1_79' title="bbox 2227 3413 3811 3486">
    <p class='ocr_par' dir='ltr' id='par_1_79' title="bbox 2227 3413 3811 3486">
     <span class='ocr_line' id='line_1_79' title="bbox 2227 3413 3811 3486; baseline 0.002 -20"><span class='ocrx_word' id='word_1_569' title='bbox 2227 3413 2365 3485; x_wconf 76' lang='grc' dir='ltr'>δίτη,</span> <span class='ocrx_word' id='word_1_570' title='bbox 2392 3414 2458 3484; x_wconf 80' lang='grc' dir='ltr'>ἥν</span> <span class='ocrx_word' id='word_1_571' title='bbox 2486 3431 2630 3477; x_wconf 92' lang='grc' dir='ltr'>τινες</span> <span class='ocrx_word' id='word_1_572' title='bbox 2660 3415 2916 3486; x_wconf 86' lang='grc' dir='ltr'>Δωδώνην</span> <span class='ocrx_word' id='word_1_573' title='bbox 2939 3416 2981 3448; x_wconf 84' lang='grc'>¹⁰</span> <span class='ocrx_word' id='word_1_574' title='bbox 3014 3415 3248 3483; x_wconf 83' lang='grc' dir='ltr'>λέγουσι·</span> <span class='ocrx_word' id='word_1_575' title='bbox 3274 3418 3385 3478; x_wconf 86' lang='grc' dir='ltr'>τοῖς</span> <span class='ocrx_word' id='word_1_576' title='bbox 3416 3415 3471 3467; x_wconf 83' lang='grc' dir='ltr'>δὲ</span> <span class='ocrx_word' id='word_1_577' title='bbox 3501 3414 3811 3485; x_wconf 84' lang='grc' dir='ltr'>θυγατράσι</span> 
     </span>
    </p>
   </div>
   <div class='ocr_carea' id='block_1_80' title="bbox 2232 3506 3814 3579">
    <p class='ocr_par' dir='ltr' id='par_1_80' title="bbox 2232 3506 3814 3579">
     <span class='ocr_line' id='line_1_80' title="bbox 2232 3506 3814 3579; baseline 0.002 -21"><span class='ocrx_word' id='word_1_578' title='bbox 2232 3506 2518 3577; x_wconf 87' lang='grc' dir='ltr'>μίγνυσθαι</span> <span class='ocrx_word' id='word_1_579' title='bbox 2546 3507 2886 3578; x_wconf 79' lang='grc' dir='ltr'>βουλομένοις</span> <span class='ocrx_word' id='word_1_580' title='bbox 2909 3509 3218 3579; x_wconf 73' lang='grc' dir='ltr'>Περσεφόνῃ</span> <span class='ocrx_word' id='word_1_581' title='bbox 3242 3506 3609 3577; x_wconf 79' lang='grc' dir='ltr'>συνεληλυθὼς</span> <span class='ocrx_word' id='word_1_582' title='bbox 3628 3508 3814 3579; x_wconf 82' lang='grc' dir='ltr'>παρά-</span> 
     </span>
    </p>
   </div>
   <div class='ocr_carea' id='block_1_81' title="bbox 2227 3599 3814 3672">
    <p class='ocr_par' dir='ltr' id='par_1_81' title="bbox 2227 3599 3814 3672">
     <span class='ocr_line' id='line_1_81' title="bbox 2227 3599 3814 3672; baseline 0.001 -20"><span class='ocrx_word' id='word_1_583' title='bbox 2227 3600 2424 3671; x_wconf 88' lang='grc' dir='ltr'>δειγμα</span> <span class='ocrx_word' id='word_1_584' title='bbox 2454 3601 2687 3672; x_wconf 82' lang='grc' dir='ltr'>πονηρὸν</span> <span class='ocrx_word' id='word_1_585' title='bbox 2720 3602 2783 3653; x_wconf 79' lang='grc' dir='ltr'>ἐκ</span> <span class='ocrx_word' id='word_1_586' title='bbox 2826 3602 2983 3672; x_wconf 76' lang='grc'><strong>129</strong></span> <span class='ocrx_word' id='word_1_587' title='bbox 3012 3600 3119 3653; x_wconf 83' lang='grc' dir='ltr'>τῶν</span> <span class='ocrx_word' id='word_1_588' title='bbox 3162 3600 3343 3671; x_wconf 85' lang='grc' dir='ltr'>μύθων</span> <span class='ocrx_word' id='word_1_589' title='bbox 3370 3600 3593 3668; x_wconf 87' lang='grc' dir='ltr'>γίνεται.</span> <span class='ocrx_word' id='word_1_590' title='bbox 3627 3599 3814 3654; x_wconf 82' lang='grc' dir='ltr'>Ἀλλα.</span> 
     </span>
    </p>
   </div>
   <div class='ocr_carea' id='block_1_82' title="bbox 2228 3691 3812 3765">
    <p class='ocr_par' dir='ltr' id='par_1_82' title="bbox 2228 3691 3812 3765">
     <span class='ocr_line' id='line_1_82' title="bbox 2228 3691 3812 3765; baseline 0.003 -22"><span class='ocrx_word' id='word_1_591' title='bbox 2228 3692 2339 3743; x_wconf 77' lang='grc' dir='ltr'><strong>τεΗ</strong></span> <span class='ocrx_word' id='word_1_592' title='bbox 2371 3692 2539 3763; x_wconf 88' lang='grc' dir='ltr'>μυρία</span> <span class='ocrx_word' id='word_1_593' title='bbox 2568 3692 2857 3764; x_wconf 77' lang='grc' dir='ltr'>ἠσέϐηκεν,</span> <span class='ocrx_word' id='word_1_594' title='bbox 2895 3694 2980 3747; x_wconf 82' lang='grc' dir='ltr'>ἵνα</span> <span class='ocrx_word' id='word_1_595' title='bbox 3010 3691 3114 3745; x_wconf 81' lang='grc' dir='ltr'><strong>ὑπὸ</strong></span> <span class='ocrx_word' id='word_1_596' title='bbox 3133 3692 3241 3746; x_wconf 84' lang='grc' dir='ltr'>τῶν</span> <span class='ocrx_word' id='word_1_597' title='bbox 3267 3691 3541 3745; x_wconf 75' lang='grc' dir='ltr'>δυσσεϐὦν</span> <span class='ocrx_word' id='word_1_598' title='bbox 3576 3691 3663 3745; x_wconf 86' lang='grc' dir='ltr'><strong>διά</strong></span> <span class='ocrx_word' id='word_1_599' title='bbox 3694 3693 3812 3765; x_wconf 78' lang='grc' dir='ltr'><strong>τὴν</strong></span> 
     </span>
    </p>
   </div>
   <div class='ocr_carea' id='block_1_83' title="bbox 2229 3779 3811 3858">
    <p class='ocr_par' dir='ltr' id='par_1_83' title="bbox 2229 3779 3811 3858">
     <span class='ocr_line' id='line_1_83' title="bbox 2229 3779 3811 3858; baseline 0.001 -21"><span class='ocrx_word' id='word_1_600' title='bbox 2229 3784 2667 3856; x_wconf 80' lang='grc' dir='ltr'>ὑπερϐάλλουσαν</span> <span class='ocrx_word' id='word_1_601' title='bbox 2692 3785 2957 3858; x_wconf 87' lang='grc' dir='ltr'>ἀκρασίαν</span> <span class='ocrx_word' id='word_1_602' title='bbox 2987 3785 3162 3849; x_wconf 83' lang='grc' dir='ltr'>θεὸς¹¹</span> <span class='ocrx_word' id='word_1_603' title='bbox 3187 3779 3325 3838; x_wconf 80' lang='grc' dir='ltr'>εἶναι</span> <span class='ocrx_word' id='word_1_604' title='bbox 3356 3786 3384 3837; x_wconf 82' lang='grc' dir='ltr'>ὁ</span> <span class='ocrx_word' id='word_1_605' title='bbox 3410 3783 3576 3856; x_wconf 76' lang='grc' dir='ltr'>μῦθος</span> <span class='ocrx_word' id='word_1_606' title='bbox 3593 3785 3811 3855; x_wconf 68' lang='grc' dir='ltr'>δογμαει</span> 
     </span>
    </p>
   </div>
   <div class='ocr_carea' id='block_1_84' title="bbox 2226 3877 2400 3948">
    <p class='ocr_par' dir='ltr' id='par_1_84' title="bbox 2226 3877 2400 3948">
     <span class='ocr_line' id='line_1_84' title="bbox 2226 3877 2400 3948; baseline 0.006 -19"><span class='ocrx_word' id='word_1_607' title='bbox 2226 3877 2400 3948; x_wconf 84' lang='grc' dir='ltr'>τισθῇ.</span> 
     </span>
    </p>
   </div>
   <div class='ocr_carea' id='block_1_85' title="bbox 2290 4131 3794 4221">
    <p class='ocr_par' dir='ltr' id='par_1_85' title="bbox 2290 4131 3794 4221">
     <span class='ocr_line' id='line_1_85' title="bbox 2290 4131 3794 4221; baseline 0.01 -35"><span class='ocrx_word' id='word_1_608' title='bbox 2290 4131 2452 4188; x_wconf 81' lang='lat' dir='ltr'><strong>XVII.</strong></span> <span class='ocrx_word' id='word_1_609' title='bbox 2493 4134 2747 4200; x_wconf 75' lang='grc' dir='ltr'>’ἰδιώταις</span> <span class='ocrx_word' id='word_1_610' title='bbox 2786 4136 2928 4208; x_wconf 80' lang='grc' dir='ltr'>ἔχοις</span> <span class='ocrx_word' id='word_1_611' title='bbox 2965 4139 3092 4212; x_wconf 74' lang='grc' dir='ltr'>περὶ</span> <span class='ocrx_word' id='word_1_612' title='bbox 3135 4140 3244 4195; x_wconf 83' lang='grc' dir='ltr'>τῶν</span> <span class='ocrx_word' id='word_1_613' title='bbox 3282 4142 3536 4199; x_wconf 80' lang='grc' dir='ltr'>τοιούτων</span> <span class='ocrx_word' id='word_1_614' title='bbox 3576 4146 3794 4221; x_wconf 77' lang='grc' dir='ltr'>ὑπολή-</span> 
     </span>
    </p>
   </div>
   <div class='ocr_carea' id='block_1_86' title="bbox 2215 4224 3787 4302">
    <p class='ocr_par' dir='ltr' id='par_1_86' title="bbox 2215 4224 3787 4302">
     <span class='ocr_line' id='line_1_86' title="bbox 2215 4224 3787 4302; baseline 0.011 -26"><span class='ocrx_word' id='word_1_615' title='bbox 2215 4224 2358 4293; x_wconf 75' lang='grc' dir='ltr'>ψεων</span> <span class='ocrx_word' id='word_1_616' title='bbox 2393 4226 2712 4295; x_wconf 84' lang='grc' dir='ltr'>ἀγανακτεῖν</span> <span class='ocrx_word' id='word_1_617' title='bbox 2748 4231 2982 4300; x_wconf 88' lang='grc' dir='ltr'>μετρίως</span> <span class='ocrx_word' id='word_1_618' title='bbox 3021 4231 3260 4302; x_wconf 78' lang='grc' dir='ltr'>εὔλογον.</span> <span class='ocrx_word' id='word_1_619' title='bbox 3297 4234 3422 4299; x_wconf 87' lang='grc' dir='ltr'>Τοῖς</span> <span class='ocrx_word' id='word_1_620' title='bbox 3452 4235 3506 4288; x_wconf 82' lang='grc' dir='ltr'>δὲ</span> <span class='ocrx_word' id='word_1_621' title='bbox 3552 4237 3616 4291; x_wconf 81' lang='grc' dir='ltr'><strong>ἐκ</strong></span> <span class='ocrx_word' id='word_1_622' title='bbox 3643 4254 3787 4294; x_wconf 82' lang='grc' dir='ltr'>παι-</span> 
     </span>
    </p>
   </div>
   <div class='ocr_carea' id='block_1_87' title="bbox 2214 4316 3791 4394">
    <p class='ocr_par' dir='ltr' id='par_1_87' title="bbox 2214 4316 3791 4394">
     <span class='ocr_line' id='line_1_87' title="bbox 2214 4316 3791 4394; baseline 0.01 -26"><span class='ocrx_word' id='word_1_623' title='bbox 2214 4316 2359 4380; x_wconf 85' lang='grc' dir='ltr'>δείας</span> <span class='ocrx_word' id='word_1_624' title='bbox 2408 4319 2746 4391; x_wconf 80' lang='grc' dir='ltr'>ὁρμωμένοις</span> <span class='ocrx_word' id='word_1_625' title='bbox 2791 4321 2842 4375; x_wconf 86' lang='grc' dir='ltr'><strong>τί</strong></span> <span class='ocrx_word' id='word_1_626' title='bbox 2886 4322 2967 4375; x_wconf 85' lang='grc' dir='ltr'><strong>δεῖ</strong></span> <span class='ocrx_word' id='word_1_627' title='bbox 3019 4325 3112 4378; x_wconf 77' lang='grc' dir='ltr'><strong>καὶ</strong></span> <span class='ocrx_word' id='word_1_628' title='bbox 3155 4324 3360 4394; x_wconf 85' lang='grc' dir='ltr'>λέγειν;</span> <span class='ocrx_word' id='word_1_629' title='bbox 3414 4319 3489 4380; x_wconf 78' lang='grc' dir='ltr'>ὧν</span> <span class='ocrx_word' id='word_1_630' title='bbox 3542 4346 3684 4393; x_wconf 86' lang='grc' dir='ltr'>τινες</span> <span class='ocrx_word' id='word_1_631' title='bbox 3736 4333 3791 4365; x_wconf 75' lang='grc'><strong>⁸³</strong></span> 
     </span>
    </p>
   </div>
   <div class='ocr_carea' id='block_1_88' title="bbox 553 4410 2139 4494">
    <p class='ocr_par' dir='ltr' id='par_1_88' title="bbox 553 4423 2119 4494">
     <span class='ocr_line' id='line_1_88' title="bbox 553 4423 2119 4494; baseline 0.002 -17"><span class='ocrx_word' id='word_1_632' title='bbox 553 4437 676 4478; x_wconf 87' lang='lat' dir='ltr'><strong>cere</strong></span> <span class='ocrx_word' id='word_1_633' title='bbox 702 4424 951 4493; x_wconf 88' lang='lat' dir='ltr'><strong>oportet?</strong></span> <span class='ocrx_word' id='word_1_634' title='bbox 979 4423 1074 4492; x_wconf 93' lang='lat' dir='ltr'><strong>qui</strong></span> <span class='ocrx_word' id='word_1_635' title='bbox 1099 4423 1436 4493; x_wconf 89' lang='lat' dir='ltr'><strong>grammatici</strong></span> <span class='ocrx_word' id='word_1_636' title='bbox 1483 4431 1538 4477; x_wconf 91' lang='lat' dir='ltr'><strong>et</strong></span> <span class='ocrx_word' id='word_1_637' title='bbox 1572 4423 1829 4493; x_wconf 76' lang='lat' dir='ltr'><strong>sopbistze</strong></span> <span class='ocrx_word' id='word_1_638' title='bbox 1875 4439 1997 4479; x_wconf 88' lang='lat' dir='ltr'><strong>esse</strong></span> <span class='ocrx_word' id='word_1_639' title='bbox 2026 4439 2119 4494; x_wconf 85' lang='lat' dir='ltr'><strong>ge-</strong></span> 
     </span>
    </p>
   </div>
   <div class='ocr_carea' id='block_1_89' title="bbox 2242 4410 3792 4494">
    <p class='ocr_par' dir='ltr' id='par_1_89' title="bbox 2242 4414 3792 4486">
     <span class='ocr_line' id='line_1_89' title="bbox 2242 4414 3792 4486; baseline 0.008 -21"><span class='ocrx_word' id='word_1_640' title='bbox 2242 4414 2583 4484; x_wconf 75' lang='grc' dir='ltr'>’ραμματικοὶ</span> <span class='ocrx_word' id='word_1_641' title='bbox 2613 4416 2703 4469; x_wconf 76' lang='grc' dir='ltr'><strong>καὶ</strong></span> <span class='ocrx_word' id='word_1_642' title='bbox 2735 4417 2981 4485; x_wconf 73' lang='grc' dir='ltr'>σοφισταὶ</span> <span class='ocrx_word' id='word_1_643' title='bbox 3011 4417 3283 4484; x_wconf 77' lang='grc' dir='ltr'>ἀξιοῦντες</span> <span class='ocrx_word' id='word_1_644' title='bbox 3312 4416 3445 4475; x_wconf 71' lang='grc' dir='ltr'>εἶναι</span> <span class='ocrx_word' id='word_1_645' title='bbox 3474 4423 3572 4486; x_wconf 78' lang='grc' dir='ltr'><strong>τὰς</strong></span> <span class='ocrx_word' id='word_1_646' title='bbox 3602 4424 3792 4478; x_wconf 75' lang='grc' dir='ltr'>τοιαύο</span> 
     </span>
    </p>
   </div>
   <div class='ocr_carea' id='block_1_90' title="bbox 554 4503 2139 4597">
    <p class='ocr_par' dir='ltr' id='par_1_90' title="bbox 554 4513 2116 4584">
     <span class='ocr_line' id='line_1_90' title="bbox 554 4513 2116 4584; baseline -0.001 -14"><span class='ocrx_word' id='word_1_647' title='bbox 554 4513 779 4570; x_wconf 88' lang='lat' dir='ltr'><strong>stientes</strong></span> <span class='ocrx_word' id='word_1_648' title='bbox 803 4514 903 4569; x_wconf 88' lang='lat' dir='ltr'><strong>has</strong></span> <span class='ocrx_word' id='word_1_649' title='bbox 925 4514 1168 4569; x_wconf 88' lang='lat' dir='ltr'><strong>actiones</strong></span> <span class='ocrx_word' id='word_1_650' title='bbox 1192 4513 1297 4568; x_wconf 90' lang='lat' dir='ltr'><strong>diis</strong></span> <span class='ocrx_word' id='word_1_651' title='bbox 1320 4513 1511 4584; x_wconf 81' lang='lat' dir='ltr'><strong>dignas</strong></span> <span class='ocrx_word' id='word_1_652' title='bbox 1527 4528 1649 4569; x_wconf 87' lang='lat' dir='ltr'><strong>esse</strong></span> <span class='ocrx_word' id='word_1_653' title='bbox 1674 4513 1962 4569; x_wconf 72' lang='lat' dir='ltr'><strong>afﬁrmant.</strong></span> <span class='ocrx_word' id='word_1_654' title='bbox 1979 4515 2116 4569; x_wconf 83' lang='lat' dir='ltr'><strong>Cum</strong></span> 
     </span>
    </p>
   </div>
   <div class='ocr_carea' id='block_1_91' title="bbox 2242 4503 3849 4597">
    <p class='ocr_par' dir='ltr' id='par_1_91' title="bbox 2243 4503 3849 4597">
     <span class='ocr_line' id='line_1_91' title="bbox 2243 4503 3849 4597; baseline 0.009 -42"><span class='ocrx_word' id='word_1_655' title='bbox 2243 4519 2307 4565; x_wconf 90' lang='grc' dir='ltr'><strong>ας</strong></span> <span class='ocrx_word' id='word_1_656' title='bbox 2340 4503 2565 4573; x_wconf 80' lang='grc' dir='ltr'>πράξεις</span> <span class='ocrx_word' id='word_1_657' title='bbox 2595 4504 2730 4561; x_wconf 82' lang='grc' dir='ltr'>θεῶν</span> <span class='ocrx_word' id='word_1_658' title='bbox 2752 4508 2907 4597; x_wconf 67' lang='grc' dir='ltr'>ἀξίας</span> <span class='ocrx_word' id='word_1_659' title='bbox 2937 4504 3074 4563; x_wconf 76' lang='grc' dir='ltr'>εἶναι</span> <span class='ocrx_word' id='word_1_660' title='bbox 3100 4510 3424 4581; x_wconf 76' lang='grc' dir='ltr'>βεϐαιοῦσιν.</span> <span class='ocrx_word' id='word_1_661' title='bbox 3449 4515 3608 4568; x_wconf 77' lang='grc' dir='ltr'>Αὐτοὶ</span> <span class='ocrx_word' id='word_1_662' title='bbox 3642 4517 3789 4588; x_wconf 76' lang='grc' dir='ltr'>γάρ.</span> <span class='ocrx_word' id='word_1_663' title='bbox 3846 4544 3849 4547; x_wconf 54' lang='grc' dir='ltr'><strong>η</strong></span> 
     </span>
    </p>
   </div>
   <div class='ocr_carea' id='block_1_92' title="bbox 550 4594 2139 4677">
    <p class='ocr_par' dir='ltr' id='par_1_92' title="bbox 550 4604 2118 4677">
     <span class='ocr_line' id='line_1_92' title="bbox 550 4604 2118 4677; baseline -0.001 -14"><span class='ocrx_word' id='word_1_664' title='bbox 550 4607 696 4663; x_wconf 89' lang='lat' dir='ltr'><strong>enim</strong></span> <span class='ocrx_word' id='word_1_665' title='bbox 714 4606 814 4677; x_wconf 90' lang='lat' dir='ltr'><strong>ipsi</strong></span> <span class='ocrx_word' id='word_1_666' title='bbox 838 4605 1241 4661; x_wconf 86' lang='lat' dir='ltr'><strong>incontinentes</strong></span> <span class='ocrx_word' id='word_1_667' title='bbox 1264 4604 1393 4671; x_wconf 88' lang='lat' dir='ltr'><strong>sint,</strong></span> <span class='ocrx_word' id='word_1_668' title='bbox 1419 4604 1725 4661; x_wconf 87' lang='lat' dir='ltr'><strong>fabularum</strong></span> <span class='ocrx_word' id='word_1_669' title='bbox 1747 4616 1969 4677; x_wconf 90' lang='lat' dir='ltr'><strong>accepto</strong></span> <span class='ocrx_word' id='word_1_670' title='bbox 1983 4622 2118 4676; x_wconf 58' lang='lat' dir='ltr'><strong>pra:-</strong></span> 
     </span>
    </p>
   </div>
   <div class='ocr_carea' id='block_1_93' title="bbox 2242 4594 3786 4677">
    <p class='ocr_par' dir='ltr' id='par_1_93' title="bbox 2242 4594 3786 4677">
     <span class='ocr_line' id='line_1_93' title="bbox 2242 4594 3786 4677; baseline 0.01 -30"><span class='ocrx_word' id='word_1_671' title='bbox 2242 4598 2465 4666; x_wconf 82' lang='grc' dir='ltr'>.κρατεῖς</span> <span class='ocrx_word' id='word_1_672' title='bbox 2492 4598 2664 4664; x_wconf 76' lang='grc' dir='ltr'>ὄντες,</span> <span class='ocrx_word' id='word_1_673' title='bbox 2696 4594 2898 4672; x_wconf 80' lang='grc' dir='ltr'>ταύτης</span> <span class='ocrx_word' id='word_1_674' title='bbox 2928 4602 3029 4672; x_wconf 82' lang='grc' dir='ltr'>τῆς</span> <span class='ocrx_word' id='word_1_675' title='bbox 3064 4603 3297 4675; x_wconf 83' lang='grc' dir='ltr'>μυθικῆς</span> <span class='ocrx_word' id='word_1_676' title='bbox 3325 4608 3647 4677; x_wconf 79' lang='grc' dir='ltr'>προφάσεως</span> <span class='ocrx_word' id='word_1_677' title='bbox 3679 4610 3786 4663; x_wconf 61' lang='grc' dir='ltr'>λα-</span> 
     </span>
    </p>
   </div>
   <div class='ocr_carea' id='block_1_94' title="bbox 553 4686 2139 4771">
    <p class='ocr_par' dir='ltr' id='par_1_94' title="bbox 553 4696 2113 4768">
     <span class='ocr_line' id='line_1_94' title="bbox 553 4696 2113 4768; baseline -0.001 -14"><span class='ocrx_word' id='word_1_678' title='bbox 553 4709 722 4765; x_wconf 82' lang='lat' dir='ltr'><strong>textu,</strong></span> <span class='ocrx_word' id='word_1_679' title='bbox 752 4698 906 4768; x_wconf 90' lang='lat' dir='ltr'><strong>quasi</strong></span> <span class='ocrx_word' id='word_1_680' title='bbox 935 4696 1222 4752; x_wconf 87' lang='lat' dir='ltr'><strong>numinum</strong></span> <span class='ocrx_word' id='word_1_681' title='bbox 1251 4696 1575 4762; x_wconf 85' lang='lat' dir='ltr'><strong>imitatores,</strong></span> <span class='ocrx_word' id='word_1_682' title='bbox 1612 4698 1778 4754; x_wconf 88' lang='lat' dir='ltr'><strong>libere</strong></span> <span class='ocrx_word' id='word_1_683' title='bbox 1800 4706 2113 4768; x_wconf 89' lang='lat' dir='ltr'><strong>perpetrant</strong></span> 
     </span>
    </p>
   </div>
   <div class='ocr_carea' id='block_1_95' title="bbox 2242 4686 3795 4771">
    <p class='ocr_par' dir='ltr' id='par_1_95' title="bbox 2242 4687 3795 4771">
     <span class='ocr_line' id='line_1_95' title="bbox 2242 4687 3795 4771; baseline 0.01 -31"><span class='ocrx_word' id='word_1_684' title='bbox 2242 4687 2446 4758; x_wconf 71' lang='grc' dir='ltr'>ῖόμενοι,</span> <span class='ocrx_word' id='word_1_685' title='bbox 2475 4689 2551 4754; x_wconf 83' lang='grc' dir='ltr'><strong>ὡς</strong></span> <span class='ocrx_word' id='word_1_686' title='bbox 2581 4692 2636 4744; x_wconf 85' lang='grc' dir='ltr'>δὲ</span> <span class='ocrx_word' id='word_1_687' title='bbox 2667 4694 2898 4765; x_wconf 72' lang='grc' dir='ltr'>μιμηταὶ</span> <span class='ocrx_word' id='word_1_688' title='bbox 2925 4694 3033 4748; x_wconf 82' lang='grc' dir='ltr'><strong>τῶν</strong></span> <span class='ocrx_word' id='word_1_689' title='bbox 3070 4698 3389 4767; x_wconf 83' lang='grc' dir='ltr'>κρειττόνων</span> <span class='ocrx_word' id='word_1_690' title='bbox 3418 4700 3630 4771; x_wconf 79' lang='grc' dir='ltr'>ἄσεμνα</span> <span class='ocrx_word' id='word_1_691' title='bbox 3660 4702 3795 4755; x_wconf 84' lang='grc' dir='ltr'>δια-</span> 
     </span>
    </p>
   </div>
   <div class='ocr_carea' id='block_1_96' title="bbox 554 4790 750 4861">
    <p class='ocr_par' dir='ltr' id='par_1_96' title="bbox 554 4790 750 4861">
     <span class='ocr_line' id='line_1_96' title="bbox 554 4790 750 4861; baseline 0.005 -17"><span class='ocrx_word' id='word_1_692' title='bbox 554 4790 750 4861; x_wconf 83' lang='lat' dir='ltr'><strong>turpia.</strong></span> 
     </span>
    </p>
   </div>
   <div class='ocr_carea' id='block_1_97' title="bbox 2206 4783 3069 4857">
    <p class='ocr_par' dir='ltr' id='par_1_97' title="bbox 2206 4783 3069 4857">
     <span class='ocr_line' id='line_1_97' title="bbox 2206 4783 3069 4857; baseline 0.012 -23"><span class='ocrx_word' id='word_1_693' title='bbox 2206 4783 2563 4855; x_wconf 83' lang='grc' dir='ltr'>πραττόμενοι</span> <span class='ocrx_word' id='word_1_694' title='bbox 2590 4787 3069 4857; x_wconf 79' lang='grc' dir='ltr'>παρρησιάζονται.</span> 
     </span>
    </p>
   </div>
   <div class='ocr_carea' id='block_1_98' title="bbox 1806 5009 2471 5068">
    <p class='ocr_par' dir='ltr' id='par_1_98' title="bbox 1806 5009 2471 5068">
     <span class='ocr_line' id='line_1_98' title="bbox 1806 5009 2471 5068; baseline -0.005 -1"><span class='ocrx_word' id='word_1_695' title='bbox 1806 5012 2041 5067; x_wconf 73' lang='lat' dir='ltr'><strong>VARIAS</strong></span> <span class='ocrx_word' id='word_1_696' title='bbox 2072 5009 2471 5068; x_wconf 83' lang='lat' dir='ltr'><strong>LECTIONES.</strong></span> 
     </span>
    </p>
   </div>
   <div class='ocr_carea' id='block_1_99' title="bbox 627 5138 3805 5233">
    <p class='ocr_par' dir='ltr' id='par_1_99' title="bbox 627 5138 3805 5233">
     <span class='ocr_line' id='line_1_99' title="bbox 627 5138 3805 5233; baseline -0 1"><span class='ocrx_word' id='word_1_697' title='bbox 627 5155 694 5187; x_wconf 84' lang='grc'><strong>¹⁰⁶</strong></span> <span class='ocrx_word' id='word_1_698' title='bbox 730 5155 1205 5233; x_wconf 64' lang='grc' dir='ltr'>πρρσευηργέτηκε</span> <span class='ocrx_word' id='word_1_699' title='bbox 1232 5150 1297 5233; x_wconf 74' lang='lat'>9:</span> <span class='ocrx_word' id='word_1_700' title='bbox 1375 5153 1393 5184; x_wconf 84' lang='grc'>¹</span> <span class='ocrx_word' id='word_1_701' title='bbox 1431 5152 1565 5208; x_wconf 72' lang='lat' dir='ltr'><strong>Vbb-</strong></span> <span class='ocrx_word' id='word_1_702' title='bbox 1588 5151 1939 5233; x_wconf 53' lang='grc' dir='ltr'><strong>ῑτὴνπτοὶέοῖις</strong></span> <span class='ocrx_word' id='word_1_703' title='bbox 1966 5153 2059 5204; x_wconf 56' lang='grc' dir='ltr'><strong>καὶ</strong></span> <span class='ocrx_word' id='word_1_704' title='bbox 2088 5182 2157 5192; x_wconf 87' lang='grc'><strong><em>-</em></strong></span> <span class='ocrx_word' id='word_1_705' title='bbox 2183 5145 2753 5233; x_wconf 40' lang='grc' dir='ltr'><strong>μιξορλογρδσανέἓξγ</strong></span> <span class='ocrx_word' id='word_1_706' title='bbox 2796 5144 2859 5233; x_wconf 67' lang='lat' dir='ltr'><strong>in.</strong></span> <span class='ocrx_word' id='word_1_707' title='bbox 2891 5142 2960 5233; x_wconf 77' lang='lat'><strong>9-</strong></span> <span class='ocrx_word' id='word_1_708' title='bbox 3015 5143 3250 5233; x_wconf 54' lang='lat'><strong>4‘199&#39;3:</strong></span> <span class='ocrx_word' id='word_1_709' title='bbox 3312 5138 3805 5233; x_wconf 54' lang='lat' dir='ltr'><strong>ffW‘ise</strong></span> 
     </span>
    </p>
   </div>
   <div class='ocr_carea' id='block_1_100' title="bbox 553 5220 3706 5301">
    <p class='ocr_par' dir='ltr' id='par_1_100' title="bbox 553 5220 3706 5301">
     <span class='ocr_line' id='line_1_100' title="bbox 553 5220 3706 5301; baseline -0.005 -21"><span class='ocrx_word' id='word_1_710' title='bbox 553 5220 937 5301; x_wconf 64' lang='grc' dir='ltr'>πανταπᾲθεῖς,</span> <span class='ocrx_word' id='word_1_711' title='bbox 956 5220 1139 5301; x_wconf 68' lang='lat' dir='ltr'><strong>quod</strong></span> <span class='ocrx_word' id='word_1_712' title='bbox 1168 5224 1387 5301; x_wconf 82' lang='lat' dir='ltr'><strong>quidem</strong></span> <span class='ocrx_word' id='word_1_713' title='bbox 1419 5239 1526 5279; x_wconf 91' lang='lat' dir='ltr'><strong>non</strong></span> <span class='ocrx_word' id='word_1_714' title='bbox 1551 5220 1654 5301; x_wconf 73' lang='lat' dir='ltr'><strong>nisi</strong></span> <span class='ocrx_word' id='word_1_715' title='bbox 1683 5224 1749 5277; x_wconf 90' lang='lat' dir='ltr'><strong>de</strong></span> <span class='ocrx_word' id='word_1_716' title='bbox 1775 5222 2151 5301; x_wconf 62' lang='lat' dir='ltr'><strong>Clericorecte</strong></span> <span class='ocrx_word' id='word_1_717' title='bbox 2182 5220 2520 5301; x_wconf 75' lang='lat' dir='ltr'><strong>intelligitur.</strong></span> <span class='ocrx_word' id='word_1_718' title='bbox 2576 5220 2867 5301; x_wconf 37' lang='lat' dir='ltr'><strong>&quot;amati;</strong></span> <span class='ocrx_word' id='word_1_719' title='bbox 2890 5220 2972 5301; x_wconf 49' lang='grc' dir='ltr'><strong>Ο..</strong></span> <span class='ocrx_word' id='word_1_720' title='bbox 3004 5220 3059 5301; x_wconf 8' lang='grc'><strong>7³7</strong></span> <span class='ocrx_word' id='word_1_721' title='bbox 3082 5220 3158 5267; x_wconf 88' lang='lat' dir='ltr'><strong>Ita</strong></span> <span class='ocrx_word' id='word_1_722' title='bbox 3180 5220 3248 5299; x_wconf 38' lang='lat' dir='ltr'><strong>ns</strong></span> <span class='ocrx_word' id='word_1_723' title='bbox 3270 5254 3292 5301; x_wconf 46' lang='grc' dir='ltr'>Ι,</span> <span class='ocrx_word' id='word_1_724' title='bbox 3328 5220 3641 5301; x_wconf 48' lang='grc' dir='ltr'>ίΗρακλειης</span> 
     </span>
    </p>
   </div>
   <div class='ocr_carea' id='block_1_101' title="bbox 1842 5281 3805 5353">
    <p class='ocr_par' dir='ltr' id='par_1_101' title="bbox 1842 5281 3805 5353">
     <span class='ocr_line' id='line_1_101' title="bbox 1842 5281 3805 5353; baseline -0.004 -8"><span class='ocrx_word' id='word_1_725' title='bbox 1842 5299 1865 5331; x_wconf 66' lang='grc'><strong>⁴</strong></span> <span class='ocrx_word' id='word_1_726' title='bbox 1895 5290 2033 5345; x_wconf 89' lang='lat' dir='ltr'><strong>Sede</strong></span> <span class='ocrx_word' id='word_1_727' title='bbox 2060 5281 2441 5353; x_wconf 70' lang='lat' dir='ltr'><strong>pronominum</strong></span> <span class='ocrx_word' id='word_1_728' title='bbox 2476 5295 2703 5350; x_wconf 87' lang='lat' dir='ltr'><strong>mutata,</strong></span> <span class='ocrx_word' id='word_1_729' title='bbox 2728 5281 3070 5339; x_wconf 75' lang='lat' dir='ltr'><strong>Scribendum</strong></span> <span class='ocrx_word' id='word_1_730' title='bbox 3100 5301 3112 5337; x_wconf 89' lang='lat'><strong>:</strong></span> <span class='ocrx_word' id='word_1_731' title='bbox 3150 5283 3241 5347; x_wconf 79' lang='grc' dir='ltr'><strong>οὓς</strong></span> <span class='ocrx_word' id='word_1_732' title='bbox 3266 5285 3362 5352; x_wconf 87' lang='lat' dir='ltr'><strong>(sc.</strong></span> <span class='ocrx_word' id='word_1_733' title='bbox 3394 5281 3620 5353; x_wconf 70' lang='grc' dir='ltr'>ἔρωτας)</span> <span class='ocrx_word' id='word_1_734' title='bbox 3649 5283 3805 5338; x_wconf 81' lang='grc' dir='ltr'>οὐδὲ</span> 
     </span>
    </p>
   </div>
   <div class='ocr_carea' id='block_1_102' title="bbox 550 5358 3520 5442">
    <p class='ocr_par' dir='ltr' id='par_1_102' title="bbox 550 5358 3520 5442">
     <span class='ocr_line' id='line_1_102' title="bbox 550 5358 3520 5442; baseline -0.005 -21"><span class='ocrx_word' id='word_1_735' title='bbox 550 5358 700 5442; x_wconf 71' lang='grc' dir='ltr'>αὐτοὶ</span> <span class='ocrx_word' id='word_1_736' title='bbox 722 5358 1043 5442; x_wconf 48' lang='grc' dir='ltr'><strong>ἀγνέὶιττιῇιιδἶ</strong></span> <span class='ocrx_word' id='word_1_737' title='bbox 1066 5366 1175 5442; x_wconf 45' lang='lat' dir='ltr'><strong>et}.</strong></span> <span class='ocrx_word' id='word_1_738' title='bbox 1201 5358 1451 5442; x_wconf 36' lang='grc' dir='ltr'>ὁρμῇ-ὦν</span> <span class='ocrx_word' id='word_1_739' title='bbox 1479 5364 1833 5442; x_wconf 64' lang='grc' dir='ltr'>έπαιδεύθητε</span> <span class='ocrx_word' id='word_1_740' title='bbox 1860 5358 2146 5442; x_wconf 32' lang='grc' dir='ltr'>βίουςκῡς-</span> <span class='ocrx_word' id='word_1_741' title='bbox 2177 5369 2212 5442; x_wconf 34' lang='grc'><strong>,⁸</strong></span> <span class='ocrx_word' id='word_1_742' title='bbox 2233 5360 2349 5430; x_wconf 79' lang='grc' dir='ltr'><strong>ἅμα</strong></span> <span class='ocrx_word' id='word_1_743' title='bbox 2370 5360 2452 5442; x_wconf 51' lang='grc' dir='ltr'>τῇ.</span> <span class='ocrx_word' id='word_1_744' title='bbox 2479 5358 2602 5442; x_wconf 65' lang='lat' dir='ltr'><strong>cgd.</strong></span> <span class='ocrx_word' id='word_1_745' title='bbox 2794 5358 2919 5408; x_wconf 68' lang='grc'><strong>804.</strong></span> <span class='ocrx_word' id='word_1_746' title='bbox 2966 5358 3016 5442; x_wconf 38' lang='grc'><strong>’⁸</strong></span> <span class='ocrx_word' id='word_1_747' title='bbox 3200 5358 3267 5442; x_wconf 83' lang='grc' dir='ltr'>τὰ</span> <span class='ocrx_word' id='word_1_748' title='bbox 3290 5358 3451 5442; x_wconf 53' lang='grc' dir='ltr'>τέκνα</span> 
     </span>
    </p>
   </div>
   <div class='ocr_carea' id='block_1_103' title="bbox 758 5382 3803 5503">
    <p class='ocr_par' dir='ltr' id='par_1_103' title="bbox 758 5382 3803 5503">
     <span class='ocr_line' id='line_1_103' title="bbox 758 5382 3803 5489; baseline -0.006 -68"><span class='ocrx_word' id='word_1_749' title='bbox 758 5385 868 5437; x_wconf 87' lang='grc' dir='ltr'>γν.,</span> <span class='ocrx_word' id='word_1_750' title='bbox 893 5382 1039 5420; x_wconf 87' lang='grc' dir='ltr'>παιο.</span> <span class='ocrx_word' id='word_1_751' title='bbox 1066 5382 1175 5418; x_wconf 79' lang='grc' dir='ltr'><strong>εΑΑ.</strong></span> <span class='ocrx_word' id='word_1_752' title='bbox 1201 5382 1352 5489; x_wconf 52' lang='grc' dir='ltr'>ορμη,</span> <span class='ocrx_word' id='word_1_753' title='bbox 1379 5383 1451 5418; x_wconf 90' lang='grc' dir='ltr'><strong>ων</strong></span> <span class='ocrx_word' id='word_1_754' title='bbox 1482 5382 1833 5434; x_wconf 79' lang='grc' dir='ltr'>επαιοευυητε</span> <span class='ocrx_word' id='word_1_755' title='bbox 1860 5382 2022 5431; x_wconf 79' lang='grc' dir='ltr'>ριους.</span> <span class='ocrx_word' id='word_1_756' title='bbox 2054 5382 2116 5415; x_wconf 87' lang='grc' dir='ltr'>υ.</span> <span class='ocrx_word' id='word_1_757' title='bbox 2191 5382 2212 5400; x_wconf 74' lang='grc' dir='ltr'><strong>υ</strong></span> <span class='ocrx_word' id='word_1_758' title='bbox 2233 5382 2349 5430; x_wconf 86' lang='grc' dir='ltr'><strong>αμα</strong></span> <span class='ocrx_word' id='word_1_759' title='bbox 2370 5382 2452 5444; x_wconf 47' lang='grc' dir='ltr'><strong>τῃ.</strong></span> <span class='ocrx_word' id='word_1_760' title='bbox 2479 5382 2602 5412; x_wconf 83' lang='lat' dir='ltr'><strong>cuu.</strong></span> <span class='ocrx_word' id='word_1_761' title='bbox 2633 5382 2764 5477; x_wconf 51' lang='lat' dir='ltr'><strong>“Egi.</strong></span> <span class='ocrx_word' id='word_1_762' title='bbox 2794 5382 2919 5408; x_wconf 55' lang='lat' dir='ltr'><strong>oua.</strong></span> <span class='ocrx_word' id='word_1_763' title='bbox 3000 5382 3013 5384; x_wconf 93' lang='lat'><strong>-</strong></span> <span class='ocrx_word' id='word_1_764' title='bbox 3044 5382 3173 5437; x_wconf 53' lang='grc' dir='ltr'>προς</span> <span class='ocrx_word' id='word_1_765' title='bbox 3200 5382 3267 5407; x_wconf 66' lang='grc' dir='ltr'>ἰιι</span> <span class='ocrx_word' id='word_1_766' title='bbox 3290 5382 3451 5435; x_wconf 43' lang='lat' dir='ltr'><strong>tgna</strong></span> <span class='ocrx_word' id='word_1_767' title='bbox 3474 5382 3534 5438; x_wconf 50' lang='lat' dir='ltr'><strong>t1.</strong></span> <span class='ocrx_word' id='word_1_768' title='bbox 3616 5382 3622 5384; x_wconf 94' lang='lat'>-</span> <span class='ocrx_word' id='word_1_769' title='bbox 3665 5382 3803 5408; x_wconf 71' lang='grc' dir='ltr'>-ιων</span> 
     </span>
     <span class='ocr_line' id='line_1_104' title="bbox 758 5421 3803 5503; baseline -0.005 -15"><span class='ocrx_word' id='word_1_770' title='bbox 758 5436 922 5503; x_wconf 41' lang='grc' dir='ltr'>νμμῶν</span> <span class='ocrx_word' id='word_1_771' title='bbox 946 5437 1067 5492; x_wconf 85' lang='lat' dir='ltr'><strong>cod.</strong></span> <span class='ocrx_word' id='word_1_772' title='bbox 1103 5435 1233 5503; x_wconf 82' lang='lat' dir='ltr'><strong>Reg.</strong></span> <span class='ocrx_word' id='word_1_773' title='bbox 1308 5435 1395 5488; x_wconf 71' lang='lat'><strong>04.</strong></span> <span class='ocrx_word' id='word_1_774' title='bbox 1471 5441 1493 5472; x_wconf 76' lang='grc'><strong>⁸</strong></span> <span class='ocrx_word' id='word_1_775' title='bbox 1522 5433 1863 5503; x_wconf 86' lang='grc' dir='ltr'>Γαννυμήδην</span> <span class='ocrx_word' id='word_1_776' title='bbox 1890 5428 1953 5485; x_wconf 93' lang='grc' dir='ltr'><strong>Ο.</strong></span> <span class='ocrx_word' id='word_1_777' title='bbox 2002 5436 2057 5503; x_wconf 52' lang='grc' dir='ltr'>ξ</span> <span class='ocrx_word' id='word_1_778' title='bbox 2082 5431 2481 5503; x_wconf 70' lang='grc' dir='ltr'>ἀδελφοκτονειν</span> <span class='ocrx_word' id='word_1_779' title='bbox 2508 5426 2548 5481; x_wconf 87' lang='lat' dir='ltr'>C</span> <span class='ocrx_word' id='word_1_780' title='bbox 2580 5467 2594 5489; x_wconf 92' lang='lat'><strong>,</strong></span> <span class='ocrx_word' id='word_1_781' title='bbox 2628 5427 2731 5503; x_wconf 34' lang='lat' dir='ltr'><strong>dos.</strong></span> <span class='ocrx_word' id='word_1_782' title='bbox 2756 5423 3190 5503; x_wconf 61' lang='grc' dir='ltr'>φογαμεῖνβριι.</span> <span class='ocrx_word' id='word_1_783' title='bbox 3215 5441 3267 5503; x_wconf 82' lang='lat' dir='ltr'><strong>c._</strong></span> <span class='ocrx_word' id='word_1_784' title='bbox 3292 5426 3392 5503; x_wconf 47' lang='lat' dir='ltr'><strong>ibi,</strong></span> <span class='ocrx_word' id='word_1_785' title='bbox 3457 5421 3803 5503; x_wconf 70' lang='grc' dir='ltr'>άοελφοκοι-</span> 
     </span>
    </p>
   </div>
   <div class='ocr_carea' id='block_1_104' title="bbox 561 5293 1737 5369">
    <p class='ocr_par' dir='ltr' id='par_1_104' title="bbox 561 5293 1737 5369">
     <span class='ocr_line' id='line_1_105' title="bbox 561 5293 1737 5369; baseline -0.004 -18"><span class='ocrx_word' id='word_1_786' title='bbox 561 5293 915 5369; x_wconf 82' lang='grc' dir='ltr'>Ἡρακλέοςο</span> <span class='ocrx_word' id='word_1_787' title='bbox 945 5337 960 5361; x_wconf 91' lang='grc'><strong>,</strong></span> <span class='ocrx_word' id='word_1_788' title='bbox 992 5293 1337 5369; x_wconf 74' lang='lat' dir='ltr'><strong>quisubinde</strong></span> <span class='ocrx_word' id='word_1_789' title='bbox 1368 5293 1737 5369; x_wconf 24' lang='lat' dir='ltr'><strong>serracaesva‘.</strong></span> 
     </span>
    </p>
   </div>
   <div class='ocr_carea' id='block_1_105' title="bbox 551 5435 1233 5519">
    <p class='ocr_par' dir='ltr' id='par_1_105' title="bbox 551 5435 1233 5519">
     <span class='ocr_line' id='line_1_106' title="bbox 551 5435 1233 5519; baseline -0.004 -28"><span class='ocrx_word' id='word_1_790' title='bbox 551 5435 922 5519; x_wconf 61' lang='grc' dir='ltr'>ὕπογραμμξρν</span> <span class='ocrx_word' id='word_1_791' title='bbox 946 5437 1067 5492; x_wconf 84' lang='lat' dir='ltr'><strong>cod.</strong></span> <span class='ocrx_word' id='word_1_792' title='bbox 1103 5435 1233 5519; x_wconf 75' lang='lat' dir='ltr'><strong>Reg.</strong></span> 
     </span>
    </p>
   </div>
   <div class='ocr_carea' id='block_1_106' title="bbox 2598 5212 3802 5284">
    <p class='ocr_par' dir='ltr' id='par_1_106' title="bbox 2598 5212 3802 5284">
     <span class='ocr_line' id='line_1_107' title="bbox 2598 5212 3802 5284; baseline 0.007 -25"><span class='ocrx_word' id='word_1_793' title='bbox 2598 5218 2617 5245; x_wconf 82' lang='grc'><strong>²</strong></span> <span class='ocrx_word' id='word_1_794' title='bbox 2652 5215 2867 5284; x_wconf 78' lang='grc' dir='ltr'>ἀσφαλῆ</span> <span class='ocrx_word' id='word_1_795' title='bbox 2890 5216 2951 5269; x_wconf 80' lang='lat' dir='ltr'><strong>C.</strong></span> <span class='ocrx_word' id='word_1_796' title='bbox 3028 5214 3048 5244; x_wconf 84' lang='grc'>³</span> <span class='ocrx_word' id='word_1_797' title='bbox 3080 5213 3158 5267; x_wconf 85' lang='lat' dir='ltr'><strong>Ita</strong></span> <span class='ocrx_word' id='word_1_798' title='bbox 3192 5213 3248 5284; x_wconf 15' lang='lat' dir='ltr'><strong>VS</strong></span> <span class='ocrx_word' id='word_1_799' title='bbox 3278 5254 3292 5277; x_wconf 90' lang='lat'><strong>,</strong></span> <span class='ocrx_word' id='word_1_800' title='bbox 3332 5212 3641 5284; x_wconf 79' lang='grc' dir='ltr'>Ἡρακλέως</span> <span class='ocrx_word' id='word_1_801' title='bbox 3685 5213 3732 5284; x_wconf 15' lang='lat' dir='ltr'><strong>Cr</strong></span> <span class='ocrx_word' id='word_1_802' title='bbox 3774 5256 3802 5280; x_wconf 85' lang='lat'><strong>,</strong></span> 
     </span>
    </p>
   </div>
   <div class='ocr_carea' id='block_1_107' title="bbox 2479 5353 3805 5422">
    <p class='ocr_par' dir='ltr' id='par_1_107' title="bbox 2479 5353 3805 5422">
     <span class='ocr_line' id='line_1_108' title="bbox 2479 5353 3805 5422; baseline -0.003 -10"><span class='ocrx_word' id='word_1_803' title='bbox 2479 5358 2602 5412; x_wconf 88' lang='lat' dir='ltr'><strong>cod.</strong></span> <span class='ocrx_word' id='word_1_804' title='bbox 2633 5355 2764 5422; x_wconf 84' lang='lat' dir='ltr'><strong>Reg.</strong></span> <span class='ocrx_word' id='word_1_805' title='bbox 2794 5353 2919 5408; x_wconf 68' lang='grc'>804.</span> <span class='ocrx_word' id='word_1_806' title='bbox 2996 5356 3016 5384; x_wconf 77' lang='grc'>⁸</span> <span class='ocrx_word' id='word_1_807' title='bbox 3044 5355 3176 5422; x_wconf 85' lang='grc' dir='ltr'>πρὸς</span> <span class='ocrx_word' id='word_1_808' title='bbox 3200 5354 3267 5407; x_wconf 89' lang='grc' dir='ltr'><strong>τά</strong></span> <span class='ocrx_word' id='word_1_809' title='bbox 3290 5354 3451 5406; x_wconf 85' lang='grc' dir='ltr'>τέκνα</span> <span class='ocrx_word' id='word_1_810' title='bbox 3473 5353 3559 5422; x_wconf 46' lang='grc' dir='ltr'><strong>(1η</strong></span> <span class='ocrx_word' id='word_1_811' title='bbox 3610 5355 3630 5384; x_wconf 86' lang='grc'><strong>⁷</strong></span> <span class='ocrx_word' id='word_1_812' title='bbox 3664 5353 3805 5408; x_wconf 79' lang='grc' dir='ltr'>τῶν</span> 
     </span>
    </p>
   </div>
   <div class='ocr_carea' id='block_1_108' title="bbox 551 5490 3800 5581">
    <p class='ocr_par' dir='ltr' id='par_1_108' title="bbox 551 5490 3800 5581">
     <span class='ocr_line' id='line_1_109' title="bbox 551 5490 3800 5581; baseline -0.003 -20"><span class='ocrx_word' id='word_1_813' title='bbox 551 5490 826 5577; x_wconf 59' lang='grc' dir='ltr'>τεῖνἘοιῖᾸῖ</span> <span class='ocrx_word' id='word_1_814' title='bbox 863 5506 901 5561; x_wconf 92' lang='lat' dir='ltr'><strong>S</strong></span> <span class='ocrx_word' id='word_1_815' title='bbox 945 5490 1011 5562; x_wconf 57' lang='lat' dir='ltr'><strong>ei</strong></span> <span class='ocrx_word' id='word_1_816' title='bbox 1044 5490 1287 5577; x_wconf 58' lang='lat' dir='ltr'><strong>analogia</strong></span> <span class='ocrx_word' id='word_1_817' title='bbox 1316 5505 1462 5561; x_wconf 93' lang='lat' dir='ltr'><strong>vocis</strong></span> <span class='ocrx_word' id='word_1_818' title='bbox 1485 5490 1889 5581; x_wconf 63' lang='grc' dir='ltr'>ἀρρενοκοίςίεῖν.</span> <span class='ocrx_word' id='word_1_819' title='bbox 1912 5571 1925 5581; x_wconf 83' lang='lat'><em>_</em></span> <span class='ocrx_word' id='word_1_820' title='bbox 1971 5502 2014 5531; x_wconf 88' lang='grc'><strong>¹⁰</strong></span> <span class='ocrx_word' id='word_1_821' title='bbox 2036 5499 2161 5581; x_wconf 64' lang='grc' dir='ltr'><strong>[ιθεἶ</strong></span> <span class='ocrx_word' id='word_1_822' title='bbox 2184 5490 2406 5568; x_wconf 84' lang='grc' dir='ltr'>Δίώνην.</span> <span class='ocrx_word' id='word_1_823' title='bbox 2432 5497 2556 5552; x_wconf 70' lang='lat' dir='ltr'><strong>Haec</strong></span> <span class='ocrx_word' id='word_1_824' title='bbox 2581 5511 2693 5578; x_wconf 41' lang='lat' dir='ltr'><strong>vox.</strong></span> <span class='ocrx_word' id='word_1_825' title='bbox 2720 5490 2859 5550; x_wconf 84' lang='lat' dir='ltr'><strong>haud</strong></span> <span class='ocrx_word' id='word_1_826' title='bbox 2877 5490 3011 5581; x_wconf 68' lang='lat' dir='ltr'><strong>raro</strong></span> <span class='ocrx_word' id='word_1_827' title='bbox 3025 5490 3102 5581; x_wconf 41' lang='lat' dir='ltr'><strong>(‘vi</strong></span> <span class='ocrx_word' id='word_1_828' title='bbox 3116 5494 3330 5581; x_wconf 61' lang='lat' dir='ltr'><strong>:laeobii</strong></span> <span class='ocrx_word' id='word_1_829' title='bbox 3361 5490 3688 5581; x_wconf 44' lang='grc' dir='ltr'>ιςεεκέίεμίι.</span> <span class='ocrx_word' id='word_1_830' title='bbox 3714 5508 3800 5581; x_wconf 65' lang='grc' dir='ltr'><strong>ξι-</strong></span> 
     </span>
    </p>
   </div>
   <div class='ocr_carea' id='block_1_109' title="bbox 550 5562 3807 5649">
    <p class='ocr_par' dir='ltr' id='par_1_109' title="bbox 550 5562 3807 5649">
     <span class='ocr_line' id='line_1_110' title="bbox 550 5562 3807 5649; baseline -0.005 -17"><span class='ocrx_word' id='word_1_831' title='bbox 550 5562 701 5647; x_wconf 76' lang='grc'><strong>260),</strong></span> <span class='ocrx_word' id='word_1_832' title='bbox 728 5562 1128 5649; x_wconf 71' lang='lat' dir='ltr'><strong>illanunqnam</strong></span> <span class='ocrx_word' id='word_1_833' title='bbox 1148 5562 1405 5649; x_wconf 54' lang='lat' dir='ltr'><strong>Venerem</strong></span> <span class='ocrx_word' id='word_1_834' title='bbox 1441 5562 2014 5649; x_wconf 63' lang='lat' dir='ltr'><strong>s_ighilicat._l§amdem</strong></span> <span class='ocrx_word' id='word_1_835' title='bbox 2040 5562 2403 5649; x_wconf 70' lang='lat' dir='ltr'><strong>conjecturam</strong></span> <span class='ocrx_word' id='word_1_836' title='bbox 2441 5567 2815 5649; x_wconf 45' lang='lat' dir='ltr'><strong>proposuisse.</strong></span> <span class='ocrx_word' id='word_1_837' title='bbox 2838 5562 3426 5649; x_wconf 39' lang='lat' dir='ltr'><strong>video‘ValclsenafI’im</strong></span> <span class='ocrx_word' id='word_1_838' title='bbox 3484 5562 3659 5646; x_wconf 61' lang='lat' dir='ltr'><strong>fliatr.</strong></span> <span class='ocrx_word' id='word_1_839' title='bbox 3714 5564 3807 5617; x_wconf 78' lang='lat' dir='ltr'><strong>in</strong></span> 
     </span>
    </p>
   </div>
   <div class='ocr_carea' id='block_1_110' title="bbox 547 5634 3803 5757">
    <p class='ocr_par' dir='ltr' id='par_1_110' title="bbox 547 5634 3803 5757">
     <span class='ocr_line' id='line_1_111' title="bbox 547 5634 3803 5757; baseline -0.004 -57"><span class='ocrx_word' id='word_1_840' title='bbox 547 5634 737 5717; x_wconf 57' lang='grc' dir='ltr'><strong>Ευίερ.</strong></span> <span class='ocrx_word' id='word_1_841' title='bbox 769 5634 1255 5718; x_wconf 75' lang='lat' dir='ltr'><strong>p.163edit.Lips.</strong></span> <span class='ocrx_word' id='word_1_842' title='bbox 1289 5644 1432 5698; x_wconf 83' lang='lat' dir='ltr'><strong>Infra</strong></span> <span class='ocrx_word' id='word_1_843' title='bbox 1464 5634 1613 5697; x_wconf 53' lang='lat' dir='ltr'><strong>lium.</strong></span> <span class='ocrx_word' id='word_1_844' title='bbox 1652 5660 1703 5706; x_wconf 86' lang='lat' dir='ltr'><strong>v,</strong></span> <span class='ocrx_word' id='word_1_845' title='bbox 1734 5644 1798 5695; x_wconf 77' lang='grc'><strong>15</strong></span> <span class='ocrx_word' id='word_1_846' title='bbox 1826 5643 2012 5695; x_wconf 82' lang='lat' dir='ltr'><strong>eodem</strong></span> <span class='ocrx_word' id='word_1_847' title='bbox 2047 5634 2237 5694; x_wconf 77' lang='lat' dir='ltr'><strong>iterum</strong></span> <span class='ocrx_word' id='word_1_848' title='bbox 2297 5634 2493 5692; x_wconf 78' lang='lat' dir='ltr'><strong>mendo</strong></span> <span class='ocrx_word' id='word_1_849' title='bbox 2515 5634 2709 5706; x_wconf 81' lang='lat' dir='ltr'><strong>legitur</strong></span> <span class='ocrx_word' id='word_1_850' title='bbox 2738 5634 2971 5705; x_wconf 82' lang='grc' dir='ltr'>Κύπρις,</span> <span class='ocrx_word' id='word_1_851' title='bbox 3001 5635 3065 5757; x_wconf 47' lang='grc' dir='ltr'><strong>Ἕκ</strong></span> <span class='ocrx_word' id='word_1_852' title='bbox 3096 5634 3188 5687; x_wconf 73' lang='grc' dir='ltr'><strong>καὶ</strong></span> <span class='ocrx_word' id='word_1_853' title='bbox 3213 5634 3468 5705; x_wconf 87' lang='grc' dir='ltr'>Δωδώνην</span> <span class='ocrx_word' id='word_1_854' title='bbox 3495 5634 3803 5700; x_wconf 78' lang='grc' dir='ltr'>λέγουσιν,</span> 
     </span>
     <span class='ocr_line' id='line_1_112' title="bbox 550 5700 3803 5757; baseline -0 0"><span class='ocrx_word' id='word_1_855' title='bbox 550 5717 637 5757; x_wconf 79' lang='lat' dir='ltr'><strong>nhi</strong></span> <span class='ocrx_word' id='word_1_856' title='bbox 663 5720 782 5757; x_wconf 69' lang='grc' dir='ltr'><strong>νίδρ</strong></span> <span class='ocrx_word' id='word_1_857' title='bbox 820 5735 941 5757; x_wconf 69' lang='lat' dir='ltr'><strong>mm</strong></span> <span class='ocrx_word' id='word_1_858' title='bbox 982 5718 1253 5757; x_wconf 76' lang='lat' dir='ltr'><strong>m1nnlnvit</strong></span> <span class='ocrx_word' id='word_1_859' title='bbox 1278 5715 1357 5757; x_wconf 59' lang='grc' dir='ltr'>αι-</span> <span class='ocrx_word' id='word_1_860' title='bbox 1399 5714 1571 5757; x_wconf 70' lang='lat' dir='ltr'><strong>Enimn</strong></span> <span class='ocrx_word' id='word_1_861' title='bbox 1613 5714 1843 5757; x_wconf 70' lang='grc' dir='ltr'>ιῑτηίιηιηρ</span> <span class='ocrx_word' id='word_1_862' title='bbox 1869 5728 1918 5757; x_wconf 73' lang='lat' dir='ltr'><strong>n-</strong></span> <span class='ocrx_word' id='word_1_863' title='bbox 1949 5712 2035 5757; x_wconf 67' lang='lat'><strong>5|-</strong></span> <span class='ocrx_word' id='word_1_864' title='bbox 2063 5711 2222 5757; x_wconf 80' lang='lat' dir='ltr'><strong>habet</strong></span> <span class='ocrx_word' id='word_1_865' title='bbox 2250 5706 2505 5757; x_wconf 69' lang='grc' dir='ltr'>Διιιδιτιντν</span> <span class='ocrx_word' id='word_1_866' title='bbox 2528 5707 2588 5757; x_wconf 87' lang='lat' dir='ltr'><strong>S.</strong></span> <span class='ocrx_word' id='word_1_867' title='bbox 2665 5706 2704 5739; x_wconf 79' lang='lat'>”</span> <span class='ocrx_word' id='word_1_868' title='bbox 2724 5705 2787 5757; x_wconf 81' lang='grc' dir='ltr'><strong>γέ</strong></span> <span class='ocrx_word' id='word_1_869' title='bbox 2813 5704 2874 5757; x_wconf 89' lang='lat' dir='ltr'><strong>C.</strong></span> <span class='ocrx_word' id='word_1_870' title='bbox 2952 5705 2992 5735; x_wconf 72' lang='grc' dir='ltr'>η</span> <span class='ocrx_word' id='word_1_871' title='bbox 3067 5712 3275 5757; x_wconf 87' lang='lat' dir='ltr'><strong>ortasse</strong></span> <span class='ocrx_word' id='word_1_872' title='bbox 3304 5704 3462 5757; x_wconf 75' lang='grc' dir='ltr'>θεῖος.</span> <span class='ocrx_word' id='word_1_873' title='bbox 3494 5701 3549 5756; x_wconf 91' lang='lat' dir='ltr'><strong>S.</strong></span> <span class='ocrx_word' id='word_1_874' title='bbox 3628 5701 3672 5732; x_wconf 85' lang='grc'><strong>¹³</strong></span> <span class='ocrx_word' id='word_1_875' title='bbox 3687 5700 3803 5757; x_wconf 79' lang='lat' dir='ltr'><strong>Ita</strong></span> 
     </span>
    </p>
   </div>
   <div class='ocr_carea' id='block_1_111' title="bbox 550 5704 2992 5787">
    <p class='ocr_par' dir='ltr' id='par_1_111' title="bbox 550 5704 2992 5787">
     <span class='ocr_line' id='line_1_113' title="bbox 550 5704 2992 5787; baseline -0.005 -17"><span class='ocrx_word' id='word_1_876' title='bbox 550 5717 637 5787; x_wconf 88' lang='lat' dir='ltr'><strong>ubi</strong></span> <span class='ocrx_word' id='word_1_877' title='bbox 663 5704 783 5773; x_wconf 67' lang='lat' dir='ltr'><strong>vide</strong></span> <span class='ocrx_word' id='word_1_878' title='bbox 820 5735 941 5787; x_wconf 62' lang='lat' dir='ltr'><strong>qua;</strong></span> <span class='ocrx_word' id='word_1_879' title='bbox 981 5704 1255 5772; x_wconf 67' lang='lat' dir='ltr'><strong>adnotavit</strong></span> <span class='ocrx_word' id='word_1_880' title='bbox 1278 5715 1360 5787; x_wconf 82' lang='lat' dir='ltr'><strong>C_l.</strong></span> <span class='ocrx_word' id='word_1_881' title='bbox 1398 5714 1575 5787; x_wconf 71' lang='lat' dir='ltr'><strong>Etiam</strong></span> <span class='ocrx_word' id='word_1_882' title='bbox 1608 5704 1843 5787; x_wconf 80' lang='lat' dir='ltr'><strong>Epitome</strong></span> <span class='ocrx_word' id='word_1_883' title='bbox 1869 5728 1923 5787; x_wconf 85' lang='lat' dir='ltr'><strong>c._</strong></span> <span class='ocrx_word' id='word_1_884' title='bbox 1949 5712 2036 5787; x_wconf 71' lang='lat' dir='ltr'><strong>5l_,</strong></span> <span class='ocrx_word' id='word_1_885' title='bbox 2063 5711 2222 5763; x_wconf 84' lang='lat' dir='ltr'><strong>habet</strong></span> <span class='ocrx_word' id='word_1_886' title='bbox 2250 5706 2505 5779; x_wconf 68' lang='grc' dir='ltr'>Διιιδιῖινην</span> <span class='ocrx_word' id='word_1_887' title='bbox 2528 5704 2590 5762; x_wconf 64' lang='lat' dir='ltr'><strong>S.</strong></span> <span class='ocrx_word' id='word_1_888' title='bbox 2665 5706 2704 5739; x_wconf 81' lang='lat'>”</span> <span class='ocrx_word' id='word_1_889' title='bbox 2724 5705 2787 5775; x_wconf 80' lang='grc' dir='ltr'><strong>γέ</strong></span> <span class='ocrx_word' id='word_1_890' title='bbox 2813 5704 2878 5760; x_wconf 51' lang='grc'><strong>(3.⁷</strong></span> <span class='ocrx_word' id='word_1_891' title='bbox 2952 5705 2992 5735; x_wconf 79' lang='grc'>¹²</span> 
     </span>
    </p>
   </div>
   <div class='ocr_carea' id='block_1_112' title="bbox 549 5779 2426 5859">
    <p class='ocr_par' dir='ltr' id='par_1_112' title="bbox 549 5779 2426 5859">
     <span class='ocr_line' id='line_1_114' title="bbox 549 5779 2426 5859; baseline -0.007 -16"><span class='ocrx_word' id='word_1_892' title='bbox 549 5786 609 5855; x_wconf 86' lang='lat' dir='ltr'><strong>S,</strong></span> <span class='ocrx_word' id='word_1_893' title='bbox 640 5788 684 5843; x_wconf 92' lang='grc'>0</span> <span class='ocrx_word' id='word_1_894' title='bbox 731 5804 780 5843; x_wconf 92' lang='lat' dir='ltr'><strong>c.</strong></span> <span class='ocrx_word' id='word_1_895' title='bbox 819 5779 939 5845; x_wconf 63' lang='lat' dir='ltr'><strong>cod.</strong></span> <span class='ocrx_word' id='word_1_896' title='bbox 975 5788 1103 5859; x_wconf 78' lang='lat' dir='ltr'><strong>Reg.</strong></span> <span class='ocrx_word' id='word_1_897' title='bbox 1137 5786 1268 5852; x_wconf 59' lang='lat'><strong>804,</strong></span> <span class='ocrx_word' id='word_1_898' title='bbox 1299 5779 1342 5853; x_wconf 81' lang='grc' dir='ltr'>ᾧ</span> <span class='ocrx_word' id='word_1_899' title='bbox 1367 5801 1506 5847; x_wconf 84' lang='grc' dir='ltr'>τινες</span> <span class='ocrx_word' id='word_1_900' title='bbox 1538 5783 1577 5837; x_wconf 75' lang='grc'><strong>(1</strong></span> <span class='ocrx_word' id='word_1_901' title='bbox 1609 5824 1623 5847; x_wconf 94' lang='grc'><strong>,</strong></span> <span class='ocrx_word' id='word_1_902' title='bbox 1654 5779 1758 5851; x_wconf 63' lang='lat' dir='ltr'><strong>oui</strong></span> <span class='ocrx_word' id='word_1_903' title='bbox 1807 5781 1947 5851; x_wconf 86' lang='lat' dir='ltr'><strong>conj.</strong></span> <span class='ocrx_word' id='word_1_904' title='bbox 1975 5782 2205 5841; x_wconf 78' lang='grc' dir='ltr'>οἵτινες.</span> <span class='ocrx_word' id='word_1_905' title='bbox 2412 5810 2426 5823; x_wconf 69' lang='grc' dir='ltr'><strong>ο</strong></span> 
     </span>
    </p>
   </div>
   <div class='ocr_carea' id='block_1_113' title="bbox 3067 5700 3809 5767">
    <p class='ocr_par' dir='ltr' id='par_1_113' title="bbox 3067 5700 3809 5767">
     <span class='ocr_line' id='line_1_115' title="bbox 3067 5700 3809 5767; baseline -0.005 -8"><span class='ocrx_word' id='word_1_906' title='bbox 3067 5712 3275 5759; x_wconf 87' lang='lat' dir='ltr'><strong>ortasse</strong></span> <span class='ocrx_word' id='word_1_907' title='bbox 3304 5700 3462 5767; x_wconf 79' lang='grc' dir='ltr'>θεῖος.</span> <span class='ocrx_word' id='word_1_908' title='bbox 3494 5701 3549 5756; x_wconf 91' lang='lat' dir='ltr'><strong>S.</strong></span> <span class='ocrx_word' id='word_1_909' title='bbox 3628 5701 3672 5732; x_wconf 84' lang='grc'><strong>¹³</strong></span> <span class='ocrx_word' id='word_1_910' title='bbox 3687 5700 3809 5763; x_wconf 72' lang='lat' dir='ltr'><strong>Ita</strong></span> 
     </span>
    </p>
   </div>
  </div>
