4004 6332
586 261 679 318 171
1431 260 1490 317 S.
1530 258 1917 317 CLEMENTIS
1957 260 1975 314 l
2010 259 2138 315 RON

2242 258 2419 316 ’ONT.
2450 259 2680 316 OPERA
2710 258 2933 317 DUBIA.
3694 268 3785 325 I72

579 381 908 447 adulterare,
954 378 1217 451 zelotypia
1262 393 1371 432 non
1417 376 1660 444 effertur,
1693 393 1801 431 non
1848 377 2138 442 irascitur,

2251 375 2443 431 ἑαυτοῦ
2486 379 2718 445 γυναῖκα
2764 374 3177 448 μοιχευομένην,
3221 377 3287 431 οὐ
3318 375 3480 450 ζηλοῖ,
3514 378 3572 432 οῦ
3605 380 3783 451 θυμοῦ-

581 493 688 530 non
729 478 1116 539 tumultuatur,
1156 488 1266 527 non
1310 472 1452 527 bella
1504 472 1644 527 ciet?
1677 470 1865 541 Itaque
1902 472 2004 528 ista
2038 487 2147 528 non

577 579 707 624 sunt
745 578 937 622 natura
978 567 1145 630 mala,
1180 581 1367 621 verum
1411 566 1600 635 iniqua
1632 565 1915 620 hominum
1963 566 2149 636 Opinio

576 662 759 729 gravia
790 676 851 715 ea
885 659 1035 718 facit.
1067 658 1181 730 Ego
1210 666 1395 714 autem
1426 658 1534 725 aio,
1573 659 1738 729 quod,
1770 659 2022 728 quamvis
2057 658 2147 712 illa

575 767 683 806 non
739 752 989 806 accidant
1060 752 1427 815 incommoda,
1473 767 1540 806 ex
1585 751 1982 806 consuetudine
2023 767 2146 806 cum

574 844 846 897 adulterio
874 842 955 908 ﬁt,
992 851 1050 896 ut
1080 843 1162 897 vel
1200 843 1430 898 maritus
1480 844 1787 907 deseratur,
1819 843 1902 898 vel
1928 852 1983 898 et
2010 858 2149 898 uxor

573 934 798 989 insidias
828 942 1025 1001 struat,
1061 936 1144 990 vel
1193 935 1383 990 labore
1416 935 1517 989 viri
1566 948 1721 1005 parta
1771 936 1987 991 moecho
2010 952 2149 1006 prae-

573 1027 728 1093 beat;
770 1036 937 1097 utque
967 1042 1193 1099 peregre
1220 1028 1464 1099 profecto
1493 1030 1745 1099 conjuge,
1797 1046 1920 1086 cum
1955 1030 2044 1084 illa
2079 1045 2146 1085 ex

572 1122 818 1176 adultero
850 1122 1183 1192 conceperit,
1215 1130 1362 1178 metu
1395 1123 1846 1192 reprehensionis
1881 1122 2021 1178 uteri
2067 1122 2148 1178 fe-

571 1226 685 1270 tum
718 1218 922 1273 nitatur
944 1217 1268 1285 labefacere,
1300 1219 1504 1287 fiatque
1524 1216 1862 1283 infanticida,
1888 1216 1992 1283 vel,
2016 1218 2144 1271 dum

570 1310 773 1377 perdit,
800 1309 914 1380 ipsa
941 1311 1107 1366 simul
1129 1319 1336 1380 pereat.
1366 1308 1521 1376 Quod
1553 1310 1622 1375 si,
1655 1325 1779 1363 cum
1802 1324 1864 1363 ea
1893 1321 2147 1364 manente

570 1403 710 1469 viro,
744 1418 809 1457 ex
835 1404 1052 1457 moecho
1076 1403 1392 1473 concipiens
1418 1403 1583 1472 parit,
1606 1403 1870 1457 educatus
1890 1418 2023 1473 puer
2049 1417 2146 1473 pa-

570 1504 707 1550 trem
726 1497 919 1561 nescit,
939 1512 1064 1552 eum
1087 1512 1217 1552 vero
1232 1498 1325 1568 qui
1355 1513 1466 1552 non
1484 1508 1587 1563 est,
1610 1513 1732 1553 esse
1748 1507 1936 1567 putat;
1956 1499 2145 1569 sicque

567 1589 850 1657 moriens,
907 1592 1000 1662 qui
1062 1600 1216 1660 pater
1259 1607 1371 1646 non
1428 1601 1550 1658 est,
1594 1593 1775 1646 alieno
1832 1592 1944 1646 tilio
2002 1593 2143 1648 bona

568 1674 1047 1753 sua‘d'erel-inquit.
1079 1682 1291 1750 Quanta
1306 1691 1489 1738 autem
1515 1692 1571 1738 et
1594 1684 1701 1737 alia
1725 1684 1866 1739 mala
1898 1700 1962 1739 ex
1987 1685 2141 1738 adul-

568 1779 689 1833 terii
726 1789 920 1834 natura
952 1776 1085 1833 oriri
1111 1775 1642 1833 solenti'Nescimus
1666 1785 1844 1831 tamen
1869 1777 2136 1831 malorum

566 1874 799 1928 occulta.
833 1873 1309 1941 Quemadmodum
1342 1873 1488 1929 enim
1522 1873 1776 1928 rabiosus
1803 1871 1978 1936 canis,
2002 1881 2141 1942 quos

566 1971 758 2043 tangit,
794 1970 1077 2038 interimit,
1111 1970 1544 2025 occultissimam
1593 1968 1798 2024 rabiem
1832 1968 2143 2023 communi-

564 2086 720 2135 cans,
776 2070 850 2124 ita
901 2079 956 2124 et
1008 2068 1262 2124 adulterii
1314 2068 1701 2123 absconditum
1759 2067 1989 2135 malum,
2040 2068 2142 2123 etsi

566 2164 867 2233 ignoretur,
900 2161 1236 2233 posteritatis
1260 2172 1517 2232 procurat
1539 2163 1927 2219 exscisionem.

633 2340 799 2397 XXII.
844 2332 1046 2397 Verum
1091 2342 1194 2398 hoc
1218 2357 1365 2398 nunc
1403 2342 1800 2414 relinquamus.
1830 2341 1967 2400 Illud
1996 2355 2142 2399 certe

566 2434 773 2490 scimus
813 2449 1004 2490 omnes
1026 2473 1041 2498 ,
1084 2434 1406 2504 plerumque
1450 2449 1572 2489 eam
1601 2434 1673 2489 ob
1704 2420 1926 2489 causam
1960 2434 2141 2489 homi-

564 2544 663 2585 nes
708 2528 968 2584 eﬂ'renate
1000 2530 1187 2597 irasci,
1232 2540 1517 2600 propterea
1552 2530 1689 2584 bella
1722 2538 1936 2595 exorta,
1968 2528 2141 2586 factas

564 2621 856 2677 domorum
910 2623 1244 2689 eversiones,
1301 2639 1366 2678 ac
1406 2624 1623 2678 urbium
1672 2621 2138 2693 expugnationes,

565 2715 780 2785 aliaque
823 2717 1132 2770 innumera.
1167 2714 1349 2782 Quare
1378 2732 1479 2787 ego
1519 2717 1584 2770 ad
1630 2728 1880 2769 sanctum
1924 2712 2141 2769 Judzeo-

566 2825 684 2863 rum
732 2808 901 2863 Deum
951 2819 1305 2879 sanctamque
1330 2808 1647 2863 eorumdem
1680 2808 1854 2879 legem
1887 2806 2137 2879 confugi;

564 2917 689 2957 cum
706 2902 864 2957 ﬁdem
880 2912 1032 2958 certo
1047 2902 1255 2970 judicio
1272 2902 1610 2965 habuissem,
1627 2904 1771 2971 quod
1798 2919 1860 2958 ex
1884 2902 1975 2957 Dei
1987 2903 2140 2974 justu

2248 488 2358 534 ται,
2388 470 2448 524 οὐ
2480 469 2725 541 θορυϐεῖ,
2769 470 2830 522 οὐ
2864 468 3117 539 πολεμεί;
3156 467 3342 533 Οὕτως
3364 470 3457 523 ούκ
3479 470 3585 523 ἐστι
3605 475 3663 543 τῇ
3695 473 3780 541 φύ-

2251 580 2333 616 σει
2375 562 2444 617 τὰ
2471 563 2691 617 τοιαῦτα
2725 563 2890 627 κακά,
2936 564 3072 617 άλλά
3116 566 3149 635 ἡ
3183 564 3371 633 ἄλογος
3402 564 3680 635 ἀνθρώπων
3708 566 3781 619 δό-

2248 672 2409 727 κησις
2433 655 2607 710 ταῦτα
2636 656 2939 709 δεινοποιεῖ.
2990 655 3129 724 Ἐγὼ
3157 656 3214 708 δέ
3259 673 3417 726 φημι,
3453 656 3549 720 ὅτι,
3593 654 3685 709 κᾶν
3717 638 3802 731 μὴ’

2247 747 2317 802 τά
2363 747 2514 801 δεινά
2555 748 2731 803 ταῦτα
2783 748 3088 822 συμϐαίνῃ,
3132 747 3405 818 ἐνδέχεται
3454 747 3690 819 συνηθείᾳ.
3724 751 3785 820 τῇ

2248 840 2387 915 πρὸς
2417 840 2509 895 τὸν
2540 843 2726 913 μοιχὸν
2753 843 2786 915 ἢ
2817 842 2906 896 τὸν
2936 843 3107 915 ἄνδρα
3145 840 3450 905 ἀπολιπεῖν,
3483 839 3516 911 ἢ
3557 840 3642 893 καὶ
3676 856 3786 892 συν-

2248 936 2499 990 οικοῦσαν
2528 936 2929 1002 ἐπιϐουλεῦσαι,
2956 937 2990 1008 ἢ
3029 935 3097 989 τά
3121 935 3214 989 τοῦ
3244 933 3432 1006 ἀνδρὸς
3456 932 3599 1003 κόπῳ
3635 950 3785 986 πεπο-

2250 1031 2479 1101 ρισμένα
2502 1030 2580 1102 τῷ
2607 1029 2780 1101 μοιχῷ
2809 1031 3109 1101 παρασχεῖν
3126 1047 3140 1060 ο
3174 1028 3268 1081 καὶ
3299 1026 3686 1097 ἀποδημοῦντος
3704 1024 3785 1078 τοῦ

2246 1123 2439 1195 ἀνδρὸς
2468 1122 2835 1177 συλλαϐοῦσαν
2861 1124 2926 1176 ἐκ
2951 1121 3047 1175 τοῦ
3083 1122 3295 1192 μοιχοῦ,
3342 1119 3431 1173 διὰ
3456 1120 3515 1172 τὸ
3553 1118 3787 1186 αἰδεῖσθαι

2245 1217 2337 1271 τδν
2362 1217 2601 1289 ἔλεγχον,
2632 1216 2692 1270 τδ
2721 1217 2861 1271 κατὰ
2889 1214 3128 1286 γαστρὸς
3174 1214 3392 1285 φθεῖραι
3428 1211 3669 1282 θελῆσαι,
3708 1211 3789 1263 καὶ

2246 1312 2499 1381 γενέσθαι
2538 1309 2904 1374 τεκνοκτόνον,
2947 1309 2980 1381 ἦ
3019 1309 3114 1362 καὶ
3144 1308 3466 1379 φθείρουσαν
3496 1303 3788 1375 συμφθαρῆ-

2245 1423 2353 1459 ναι.
2370 1406 2433 1458 Εἰ
2456 1405 2535 1467 δὲ,
2553 1403 2800 1467 συνόντος
2827 1401 2920 1455 τοῦ
2935 1402 3146 1473 ἀνδρὸς,
3175 1401 3239 1455 ἐκ
3270 1398 3457 1472 μοιχοῦ
3484 1396 3789 1451 συλλαϐοῦσα

2244 1499 2413 1565 τέκοι,
2444 1499 2777 1571 ἀνατραφεὶς
2802 1499 2830 1551 6
2854 1499 2983 1560 παῖς
3010 1495 3099 1549 τὸν
3133 1495 3232 1566 μὲν
3262 1494 3473 1565 πατέρα
3501 1492 3693 1560 ἀγνοεῖ,
3710 1489 3789 1542 τὸν

2244 1592 2300 1645 δέ
2327 1593 2426 1646 οὐκ
2452 1594 2579 1648 ὄντα
2606 1592 2837 1664 νομίζει,
2864 1591 2959 1645 καὶ
2982 1589 3151 1652 οὕτως
3178 1589 3207 1641 6
3245 1588 3321 1659 μὴ
3347 1586 3526 1657 πατὴρ
3552 1582 3791 1637 τελευτῶν

2244 1688 2505 1760 ἀλλοτρίῳ
2536 1687 2686 1742 παιδὶ
2708 1686 2800 1740 τὸν
2827 1683 3024 1738 ἑαυτοῦ
3064 1680 3381 1736 καταλείπει
3410 1678 3540 1749 βίον.
3571 1677 3709 1729 Πόσα
3739 1674 3788 1728 δὲ

2243 1782 2338 1835 καὶ
2364 1780 2500 1836 ἄλλα
2528 1780 2676 1833 κακὰ
2702 1780 2767 1833 ἐκ
2796 1779 2896 1850 τῆς
2942 1776 3185 1849 μοιχείας
3216 1771 3461 1845 φυσικῶς
3485 1767 3789 1824 ἀνακύπτειν

2244 1875 2420 1945 φιλεῖι
2452 1876 2546 1928 καὶ
2570 1874 2669 1927 οὐκ
2696 1872 2851 1943 ἴσμεν
2884 1871 2954 1925 τὰ
2985 1869 3192 1941 κρύφια
3217 1868 3330 1921 τῶν
3370 1863 3573 1918 κακῶν.
3604 1862 3792 1929 Ὠσπερ

2242 1968 2351 2040 γὰρ
2370 1970 2398 2021 6
2417 1966 2626 2021 λυσσῶν
2657 1965 2803 2020 κύων
2822 1963 3043 2027 τούτους
3068 1963 3281 2033 ἀναιρεῖ
3313 1952 3494 2030 ὧνπερ
3529 1957 3593 2010 ἂν
3612 1951 3792 2024 ψαύσῃ»

2241 2062 2342 2134 τῆς
2364 2061 2741 2133 ἀφανεστάτης
2771 2059 2974 2131 λύσσης
3000 2056 3339 2130 μεταδιδοὺς,
3373 2052 3514 2107 οὔτω
3539 2052 3583 2084 ’⁸
3599 2048 3685 2102 καὶ
3711 2046 3795 2116 τῆς

2245 2157 2494 2227 μοιχείας
2510 2156 2571 2209 τὸ
2598 2155 2827 2226 κρύφιον
2853 2153 3044 2216 κακὸν,
3081 2149 3183 2204 κᾶν
3206 2148 3494 2220 ἀγνοῆται,
3526 2143 3622 2214 τῆς
3641 2138 3794 2194 διαδο-

2242 2251 2344 2321 χῆς
2372 2251 2471 2322 τὴν
2518 2250 2759 2320 ἐκκοπὴν
2782 2247 3151 2320 ἐξεργάζεται.

2318 2341 2474 2411 132
2504 2339 2671 2397 XXII.
2716 2339 2875 2393 Ἀλλά
2900 2338 3059 2391 τοῦτο
3097 2336 3195 2408 μὲν
3219 2334 3318 2390 νῦν
3342 2335 3473 2407 ἡμῖν
3500 2323 3795 2399 παραλελει-

2243 2431 2381 2502 φθω.
2437 2433 2639 2486 Ἐκεῖνο
2686 2432 2745 2486 δὲ
2799 2433 3038 2494 ἅπαντες
3056 2431 3099 2461 ¹⁷
3146 2428 3329 2500 ἴσμεν,
3367 2428 3444 2490 ὼς
3484 2425 3676 2478 ἐπίπαν
3716 2418 3798 2473 ἐπὶ

2240 2525 2415 2597 τούτῳ
2447 2528 2571 2589 τοὺς
2604 2526 2801 2597 ἄνδρας
2829 2524 3199 2595 ἀνεπισχέτως
3223 2519 3687 2594 δυσχεραίνοντας,
3710 2531 3798 2569 που

2241 2619 2438 2690 λέμους
2469 2636 2528 2671 τε
2548 2619 2594 2650 ³⁸
2616 2619 2709 2673 ἐπὶ
2738 2618 2913 2690 τούτῳ
2953 2617 3382 2690 ἐγηγερμένους,
3420 2616 3513 2668 καὶ
3532 2613 3686 2666 οἴκων
3720 2624 3800 2678 γε·

2240 2713 2471 2784 νομένας
2516 2713 2845 2785 ἀνατροπὰς,
2883 2714 2978 2767 καί¹
3026 2711 3232 2765 πόλεων
3276 2709 3531 2771 ἁλώσεις,
3567 2706 3657 2760 καὶ
3681 2701 3800 2757 ἄλλα

2244 2805 2431 2879 μυρία.
2471 2806 2571 2859 Διά
2594 2806 2752 2859 τοῦτο
2781 2804 2892 2875 ἐγὼ
2921 2805 2999 2875 τῷ
3029 2804 3169 2875 ἁγίῳ
3186 2804 3230 2835 ¹⁹
3257 2802 3373 2856 τῶν
3415 2800 3672 2855 Ἰουδαίων
3696 2792 3796 2865 Θεῷ

2240 2901 2335 2955 καὶ
2362 2900 2512 2971 νόμῳ
2537 2899 2897 2972 προσέφυγον,
2926 2895 3284 2959 ἀποδεδωκὼς
3313 2897 3417 2968 τὴν
3439 2896 3617 2948 πίστιν
3646 2892 3795 2960 ἀσφαι

558 2994 768 3064 judicio
797 3004 851 3050 et
880 2997 964 3049 lex
993 2994 1100 3048 ﬁxa
1143 2995 1215 3049 sit
1249 3009 1312 3048 ac
1341 2993 1655 3059 deﬁnita,et
1700 2996 1882 3050 anima
1913 2997 2138 3052 omnino

2244 2993 2324 3046 λεῖ
2339 2993 2472 3063 “aii
2505 2993 2705 3063 κρίσει,
2740 2992 2822 3044 ὅτι
2848 2993 2912 3044 ἐκ
2936 2992 3033 3063 τῆς
3060 2990 3153 3043 τοῦ
3184 2989 3322 3043 Θεοῦ
3348 2988 3561 3051 δικαίας
3590 2985 3801 3058 κρίσεως

562 3104 664 3159 pro
696 3088 911 3144 meritis
945 3103 1157 3155 eorum,
1191 3103 1313 3158 qua:
1342 3089 1531 3159 gessit,
1568 3089 1866 3159 aliquando
1892 3090 2132 3160 recipiet.

2243 3087 2336 3140 καὶ
2387 3086 2552 3157 νόμος
2602 3084 2857 3156 ὥρισται,
2917 3084 3012 3137 καὶ
3063 3085 3096 3154 ή
3148 3083 3294 3154 ψυχὴ
3351 3083 3566 3144 πάντως
3597 3078 3656 3132 τὸ
3694 3075 3802 3129 κατ’

634 3265 821 3320 XXIII.
862 3262 987 3321 Haec
1019 3282 1141 3321 cum
1172 3267 1466 3334 dixissem,
1498 3268 1708 3338 Appion
1740 3268 1975 3323 orationi
2014 3269 2140 3324 sub-

557 3361 691 3433 jecit
721 3378 735 3416 :
766 3359 910 3427 Quid
940 3361 1126 3415 enim?
1158 3376 1361 3424 nonne,
1393 3361 1595 3430 inquit,
1631 3371 1684 3416 et
1710 3361 2029 3417 Grzecorum
2062 3363 2139 3419 le-

563 3469 658 3523 ges
686 3454 825 3507 mala
860 3454 1175 3523 prohibent,
1215 3462 1269 3507 et
1292 3453 1575 3508 adulteros
1606 3455 1877 3524 puniunt?
1910 3454 2023 3525 Ego
2060 3470 2139 3510 re-

562 3546 757 3617 Spondi
790 3563 804 3601 :
835 3545 978 3617 Ergo
1007 3545 1325 3601 Graecorum
1369 3546 1467 3615 dii,
1504 3549 1650 3618 quod
1697 3549 1973 3603 contraria
2008 3549 2139 3620 legi—

560 3642 665 3698 bus
685 3641 909 3709 faciunt,
941 3642 1268 3712 supplicium
1290 3650 1588 3696 merentur.
1618 3641 1739 3709 Quo
1765 3643 1926 3696 modo
1952 3652 2133 3697 autem

559 3744 615 3791 et
643 3750 895 3791 coercere
938 3751 1026 3790 me
1074 3741 1288 3804 potero,
1337 3733 1468 3789 dum
1519 3734 1777 3789 existimo
1822 3736 1953 3789 deos
1988 3734 2135 3805 ipsos

559 3830 768 3900 primos
799 3845 905 3884 una
926 3844 1048 3884 cum
1075 3827 1346 3883 adulterio
1367 3836 1563 3882 cuncta
1583 3825 1785 3897 ﬂagitia
1816 3825 2132 3897 per’feeisse,

558 3938 661 3978 nec
698 3939 893 3993 pomas
942 3922 1181 3988 dedisse,
1230 3935 1370 3991 quas
1407 3921 1530 3975 ideo
1581 3921 1758 3991 magis
1799 3921 1929 3976 dare
1964 3922 2130 3977 debe-

556 4016 708 4081 bant,
741 4016 867 4086 quia
895 4031 1002 4068 non
1029 4016 1276 4069 serviunt
1302 4014 1627 4084 cupiditati?
1658 4014 1815 4080 Quod
1840 4016 1885 4069 si
1916 4015 2132 4085 cupidia

557 4110 652 4164 tati
704 4108 925 4163 obnoxii
958 4107 1200 4173 fuerunt,
1249 4122 1359 4175 quo
1389 4117 1549 4176 pacto
1582 4107 1657 4161 dii
1688 4108 1887 4161 erant?
1914 4106 1979 4163 Et
2019 4111 2132 4178 Ap-

556 4201 685 4271 pion
710 4219 727 4254 :
760 4200 880 4255 Sint
904 4199 1064 4255 nobis
1093 4213 1192 4268 pro
1222 4213 1389 4268 scopo
1413 4214 1523 4252 non
1561 4198 1636 4254 dii
1664 4200 1758 4254 sed
1789 4201 2002 4270 judices
2022 4243 2037 4267 ,
2077 4203 2131 4255 in

556 4308 697 4361 quos
715 4293 1078 4362 respiciendo,
1102 4307 1329 4362 peccare
1351 4300 1679 4347 metuemus.
1699 4292 1769 4347 At
1790 4309 1890 4366 ego
1909 4295 2129 4366 excepi:

2239 3177 2454 3244 ἀξίαν³¹
2487 3171 2560 3230 ὧν
2593 3176 2828 3247 ἔπραξεν
2861 3176 3195 3247 ὁπουδήποτε
3223 3174 3619 3247 ἀπολαμϐάνει.

2312 3269 2495 3323 XXIII.
2523 3270 2710 3324 Ταῦτά
2728 3287 2829 3341 μου
2854 3269 3120 3334 εἰπόντος,
3139 3269 3168 3321 6
3184 3269 3434 3322 Ἀππίων
3452 3267 3713 3335 ἐπήνεγκε
3734 3257 3805 3329 τῷ

2238 3363 2380 3434 λόγῳ
2400 3380 2413 3395 ·
2445 3364 2511 3416 Τί
2545 3363 2673 3434 γὰρ,
2705 3364 2826 3434 οὐχὶ
2853 3363 2948 3416 καὶ
2977 3363 3028 3415 οἱ
3075 3361 3368 3433 Ἐλλήνων,
3402 3362 3525 3432 ἔφη,
3567 3360 3711 3430 νόμοι
3742 3353 3804 3407 τά

2240 3459 2419 3529 φαῦλα
2438 3456 2891 3529 ἀπαγορεύουσιν,
2926 3456 3022 3509 καὶ
3048 3456 3177 3518 τοὺς
3207 3456 3438 3526 μοιχοὺς
3470 3452 3803 3517 κολάζουσινς

2238 3552 2408 3622 Κάγὼ
2428 3553 2562 3625 ἔφην
2580 3569 2593 3581 ο
2618 3550 2825 3605 Οὐκοῦν
2853 3551 2902 3602 οἱ
2943 3547 3210 3619 Ἑλλήνων
3236 3548 3350 3601 θεοὶ
3387 3549 3460 3602 τὰ
3480 3547 3696 3601 ἐναντία
3710 3543 3811 3603 τοῖς

2238 3646 2420 3717 νόμοις
2472 3645 2775 3717 πράξαντες
2819 3643 3041 3697 κόλασιν
3072 3640 3412 3712 ὀφείλουσιν.
3468 3640 3592 3705 Πῶς
3632 3638 3688 3693 δέ
3730 3635 3815 3691 καὶ

2239 3738 2590 3810 σωφρονίζειν
2636 3736 2870 3809 ἐμαυτὸν
2901 3737 3221 3809 δυνήσομαι,
3269 3736 3698 3809 ὑπολαμϐάνων,
3739 3735 3813 3786 ὅτι

2236 3830 2285 3883 οἱ
2312 3830 2423 3883 θεοὶ
2443 3831 2596 3884 αὐτοὶ
2619 3830 2823 3903 πρῶτοι
2846 3831 2961 3900 ἅμα
2984 3832 3050 3901 τῇ
3083 3828 3296 3899 μοιχείᾳ
3317 3831 3397 3885 τὰ
3419 3829 3631 3901 χαλεπά
3651 3827 3815 3881 πάντα

2235 3922 2611 3994 διεπράξαντο,
2655 3922 2749 3977 καὶ
2797 3923 2953 3994 δίκην
2994 3923 3053 3975 ού
3084 3920 3372 3988 δεδώκασι,
3410 3923 3585 3997 ταύτῃ
3628 3920 3810 3993 μᾶλλον

2235 4015 2540 4084 ὀφείλοντες
2576 4015 2796 4080 διδόναι,
2826 4016 2903 4079 ὼς
2940 4014 3012 4085 μὴ
3054 4014 3403 4079 δουλεύοντες
3431 4017 3726 4087 ἐπιθ·.›μίᾳ;
3768 4013 3815 4066 εἰ

2234 4106 2290 4160 δὲ
2336 4108 2618 4162 ὑπέκειντο
2642 4110 2709 4173 ³⁸,
2764 4108 2882 4171 πῶς
2931 4104 3071 4180 ἦσαν
3127 4107 3269 4173 θεοί;
3312 4110 3429 4164 Καὶ
3463 4113 3491 4164 6
3543 4108 3808 4163 ’Δππίωνσ

2239 4200 2523 4254 Ἔστωσαν
2563 4202 2694 4271 ἡμῖν
2722 4200 2913 4254 σκοποὶ
2941 4200 3137 4272 μηκέτι
3169 4200 3300 4265 θεοὶ,
3332 4202 3451 4257 ἀλλ’
3472 4206 3522 4257 οἱ
3551 4201 3812 4263 δικασταὶ.

2234 4294 2312 4356 είς
2341 4292 2434 4358 οὓς
2455 4295 2788 4366 ἀφορῶντες,
2814 4292 3233 4364 φοϐηθησόμεθα
3256 4294 3621 4366 ἁμαρτάνειν.
3653 4293 3813 4363 Κάγὼ

555 4382 676 4439 Non
724 4385 901 4439 simile
929 4393 1033 4451 est,
1071 4400 1103 4439 o
1147 4385 1381 4454 Appion.
1418 4382 1530 4449 Qui
1559 4383 1703 4438 enim
1737 4386 1803 4439 ad
1849 4387 2127 4442 hominem

2242 4385 2399 4458 ἔφην·
2448 4387 2560 4439 Ούκ
2609 4385 2718 4439 ἔσθ’
2741 4387 2785 4418 ³³
2815 4387 3029 4457 ὅμοιον,
3060 4382 3104 4439 ὦ
3166 4387 3434 4443 Ἀππίων.
3487 4391 3546 4444 Ὁ
3581 4390 3677 4463 μὲν
3713 4388 3813 4460 γάρ

554 4477 796 4546 respicit,
826 4486 921 4547 spe
938 4476 1139 4532 latendi
1160 4478 1381 4531 audebit
1402 4492 1659 4547 peccare:
1683 4478 1775 4548 qui
1800 4495 1929 4534 vero
1958 4478 2126 4533 Deum

2242 4480 2375 4551 πρὸς
2412 4478 2696 4551 ἄνθρωπον
2730 4478 2869 4550 ἔχων
2914 4479 3005 4532 τὸν
3052 4480 3252 4533 σκοπὸν
3290 4480 3470 4536 ἐλπίδι
3510 4483 3604 4536 τοῦ
3641 4482 3813 4534 λαθεῖν

554 4570 801 4623 omnium
826 4570 1187 4639 inspectorem
1218 4578 1377 4624 metae
1413 4570 1535 4625 loco
1559 4570 1758 4625 anima:
1784 4587 1899 4626 suae
1928 4586 2129 4641 propo-

555 4661 686 4728 suit,
714 4676 917 4731 gnarus
940 4662 1083 4733 quod
1109 4678 1235 4716 eum
1269 4662 1438 4718 latere
1462 4678 1571 4718 non
1602 4663 1796 4733 possit,
1821 4664 1960 4719 clam
1988 4680 2127 4735 quo-

555 4771 661 4825 que
690 4769 914 4825 peccare
935 4754 1330 4825 supersedebit.

625 4869 813 4927 XXIV.
853 4869 986 4938 Quae
1020 4887 1145 4927 cum
1188 4870 1434 4927 audisset
1475 4871 1713 4941 Appion,
1740 4871 1919 4926 dixit:
1958 4873 2124 4927 Intel-

553 4965 814 5029 lexeram,
843 4981 910 5021 ex
938 4979 1048 5035 quo
1073 4965 1259 5034 accepi
1306 4964 1403 5020 tibi
1450 4980 1575 5020 cum
1613 4964 1817 5021 Iudaeis
1841 4981 1963 5021 esse
1986 4982 2119 5022 con-

555 5056 922 5123 suetudinem,
967 5067 1020 5112 te
1077 5058 1378 5113 mutavisse
1448 5057 1799 5112 sententiam.
1859 5056 2124 5114 Praeclare

554 5150 700 5212 enim
723 5164 752 5201 a
778 5147 1012 5217 quodam
1036 5146 1241 5202 dictum
1265 5157 1387 5216 est,ll
1411 5166 1425 5201 :
1452 5146 1808 5217 Corrumpunt
1833 5166 2000 5205 mares
2033 5149 2123 5203 bo-

2234 4570 2495 4642 τολμήσει
2546 4572 2903 4643 ἁμαρτάνειν,
2955 4574 2983 4625 6
3022 4572 3080 4624 δὲ
3123 4571 3253 4625 Θεὸν
3303 4575 3700 4647 παντεπόπτην
3750 4573 3813 4644 τῇ

2235 4664 2426 4717 ἐαυτοῦ
2461 4665 2604 4737 ψυχῇ
2653 4666 2809 4737 133
2851 4667 3195 4738 ὁρισάμενος,
3228 4666 3386 4732 εἰδὼς
3426 4670 3596 4723 αὑτὸν
3639 4668 3814 4721 λαθεῖν

2239 4756 2313 4828 μὴ
2338 4755 2619 4821 δύνασθαι,
2652 4757 2747 4810 καὶ⁹
2786 4758 2847 4810 τὸ
2875 4758 3049 4830 λάθρα
3083 4759 3347 4832 ἁμαρτεῖν
3392 4764 3811 4835 παραιτήσεται.

2299 4868 2487 4923 XXIV.
2528 4869 2713 4923 Ταῦτα
2754 4872 2782 4924 ό
2826 4869 3068 4924 Ἀππίων
3130 4872 3368 4935 ἀκούσας
3427 4874 3538 4945 ἔφη
3570 4891 3586 4907 ’
3637 4875 3814 4946 ᾜδειν

2228 4963 2288 5030 ἐξ
2338 4965 2425 5017 ὅτε
2464 4964 2672 5035 ἥκουσα
2720 4964 2993 5029 Ἰουδαίοις
3039 4984 3099 5020 σε
3120 4968 3165 4999 ³⁸
3213 4969 3675 5039 προσομιλοῦντα,
3725 4967 3815 5038 ήλ-

2228 5056 2483 5111 λοιῶσθαι
2529 5058 2630 5129 τὴν
2685 5057 2931 5131 γνώμην.
2989 5060 3185 5124 Καλῶς
3239 5061 3349 5134 γὰρ
3396 5062 3623 5135 εἴρηταί
3678 5077 3808 5116 τινι’

2226 5150 2579 5219 (Ms/pavere?
2601 5150 2717 5220 ἤθη
2738 5154 2972 5220 χρηστὰ
2994 5153 3215 5221 ὁμιλίαι
3227 5156 3422 5208 κακαί.
3451 5155 3632 5226 Κάγὼ
3648 5155 3780 5227 ἐφην
3795 5169 3810 5183 ⁸

627 5280 649 5319 9
673 5267 687 5320 l
710 5266 837 5322 Cor.
888 5282 978 5332 xv,
1019 5267 1110 5321 55.
1147 5264 1245 5321 Est
1280 5264 1560 5322 Menandri
1592 5284 1804 5337 versus,
1833 5269 1925 5340 qui
1960 5270 2063 5340 legi
2098 5269 2138 5323 (ιι

2242 5280 2259 5323 t
2290 5289 2302 5325 :
2334 5270 2645 5342 Φθείρουσιν
2659 5269 2761 5341 ἤθη
2777 5270 3188 5343 χρήσθ’όμιλίαι
3209 5273 3396 5327 κακαί.

1819 5382 2057 5439 VARI/E
2110 5383 2517 5439 LECTIONES.

624 5477 670 5508 ’°
713 5474 881 5545 οὕτως
905 5474 966 5529 C.
995 5477 1040 5514 ’⁷
1074 5473 1348 5538 πάντεςΟ.
1389 5473 1525 5528 Tum
1561 5474 1832 5545 ἐπὶτοῦτο
1856 5491 1969 5528 var.
2002 5475 2125 5529 lect.
2154 5491 2241 5545 ap.
2271 5474 2335 5529 C.
2373 5474 2733 5545 Subsequitur
2776 5474 3032 5530 mendum
3064 5477 3162 5545 τάς

554 5546 676 5599 add.
704 5564 751 5600 υ.
776 5544 819 5600 Ο
850 5588 863 5611 ,
882 5547 973 5615 qui
993 5546 1360 5615 suhindccxh.
1398 5546 1488 5598 ἐπὶ
1514 5545 1686 5615 τούτῳ
1713 5560 1761 5599 c.
1792 5544 1833 5596 Ι)
1864 5586 1877 5609 ,
1904 5546 1995 5598 ἐπὶ
2019 5544 2219 5599 τούτων
2246 5545 2308 5599 C.

1516 5617 1559 5647 ³³
1582 5615 1857 5668 ἐπέκειντο
1880 5616 1942 5669 0.
1976 5616 2028 5669 lu
2065 5617 2254 5671 eodem
2283 5615 2658 5672 desiderantur
2680 5619 2803 5672 vhb.
2831 5616 2925 5669 καὶ
2948 5618 2976 5668 6
3014 5617 3272 5670 ’Λππῖων.

555 5617 598 5687 ἓξ)
634 5617 844 5687 ἀσφαλῇ
873 5614 931 5669 C.
1012 5617 1052 5647 ⁸¹
1080 5614 1338 5687 καταξίαν
1375 5615 1438 5670 Ο.

2416 5476 2733 5545 obsequitur
2776 5476 3032 5530 mendum
3064 5477 3162 5540 τάς
3198 5492 3248 5545 p.
3285 5476 3412 5540 τούς
3438 5476 3493 5530 in
3531 5476 3598 5533 Ο.
3681 5478 3725 5510 ’⁸
3752 5493 3811 5530 τε

2412 5548 2454 5618 ξε
2480 5546 2665 5617 ἀγαθῷ
2704 5545 2911 5618 Ερὶι.‹;.
2936 5546 3023 5599 51.
3047 5544 3302 5618 Subinde
3327 5548 3403 5618 τῷ
3446 5549 3723 5604 Ἰουδαίων
3745 5548 3809 5602 C.

3352 5621 3396 5650 ³³
3421 5620 3528 5673 οὑκ
3556 5623 3634 5678 ἐθ*
3661 5622 3724 5676 C.
3756 5619 3815 5673 In

549 5686 597 5739 Ο
653 5680 733 5741 est
778 5680 952 5741 ἅπασι
993 5687 1131 5744 inter
1162 5680 1205 5740 ὦ
1236 5680 1296 5741 et
1344 5687 1585 5743 ’Λππίων
1614 5699 1962 5755 expunctum.
2010 5687 2087 5757 7"“
2119 5687 2177 5739 σέ
2210 5701 2322 5742 om.
2359 5684 2427 5743 Ο.
