4004 6332
504 274 607 334 Ιτῧ

1349 279 1408 335 S.
1433 272 1817 336 CLEMENTIS
1853 273 1874 329 Ι
1909 274 2076 330 ROM.
2118 273 2317 329 PONT.
2348 274 2575 330 OPERA
2610 273 2837 332 DUBIA.

3601 283 3692 343 170

500 403 610 443 non
640 385 953 458 ignorabam
983 401 1199 443 summo
1219 383 1434 441 Iudaeos
1465 384 1718 456 prosequi
1740 382 1885 451 odio;
1920 382 2045 438 adec

2158 381 2524 448 κατακλίσεως
2580 384 2679 456 τὴν
2731 385 2929 441 αἰτίαν.
2974 385 3113 458 Ἐγὼ
3162 388 3219 444 δὲ
3258 390 3345 444 τὸν
3398 392 3557 467 ἄνδρα
3604 397 3692 451 οὐκ

499 487 560 535 ιιι
600 489 653 534 et
692 486 880 533 contra
932 493 1027 535 eos
1079 479 1280 533 multos
1327 478 1608 548 scripserit
1657 477 1828 533 libros
1863 490 2053 544 ;nunc

499 578 645 625 certe
695 570 969 624 Simonem
1020 570 1195 640 ipsum
1236 570 1291 624 in
1346 570 1639 624 amicitiam
1693 568 1913 624 admisit
1945 583 2055 623 non

501 662 717 733 quidem
749 662 818 717 ob
847 662 1089 717 discendi
1144 661 1383 717 studium
1414 676 1479 718 ac
1512 662 1873 717 eruditionem
1910 688 1931 729 ,-
1962 660 2057 716 sed

500 758 633 827 quia
676 758 825 812 novit
880 772 1003 811 eum
1045 771 1167 812 esse
1206 755 1608 811 Samaritanum
1657 762 1711 810 et
1742 754 2053 809 Judaeorum

502 850 733 915 hostem,
779 847 1040 902 adversus
1082 862 1221 917 quos
1271 848 1432 902 etiam
1465 847 1900 918 sitprogressus,
1934 846 2055 901 ideo

498 956 620 997 eum
652 941 756 996 sibi
787 939 1115 1003 conciliavit,
1148 954 1255 1009 quo
1278 942 1450 1010 possit
1478 940 1680 1011 aliquid
1706 941 1772 996 ab
1798 940 1892 995 illo
1921 955 2056 995 con-

496 1040 580 1091 tra
598 1032 813 1088 Iudaeos
842 1031 1072 1087 discere.
1953 1040 1967 1051 '

570 1120 659 1179 lll.
690 1122 811 1176 llaec
835 1137 933 1193 ego
961 1122 1140 1178 sciens
1163 1122 1229 1178 de
1251 1123 1514 1195 Appioue,
1542 1124 1702 1180 simul
1736 1139 1800 1178 ac
1830 1138 2051 1177 causam

497 1214 673 1268 morbi
705 1214 877 1283 petiit,
914 1214 1165 1283 respondi
1203 1214 1474 1283 simulate.
1502 1230 1590 1270 me
1610 1216 1870 1283 juvenum
1903 1228 2053 1269 more

495 1308 745 1363 aﬂ'ectum
776 1308 957 1363 dolere
982 1309 1183 1363 animo.
1208 1307 1286 1363 Ad
1317 1308 1430 1364 haec
1450 1309 1539 1363 ille
1561 1308 1697 1363 dixit
1730 1327 1743 1362 :
1779 1307 1902 1369 Fili,
1934 1316 2053 1362 tau-

492 1416 654 1470 quam
682 1400 821 1468 patri
859 1399 1100 1459 conﬁsus
1132 1415 1316 1463 narra,
1366 1399 1587 1470 quinam
1643 1399 1715 1455 sit
1766 1397 1932 1453 animi
1971 1398 2052 1453 tui

485 1491 738 1546 morbus.
788 1490 1035 1560 Cumque
1074 1491 1270 1546 iterum
1305 1490 1429 1545 licte
1476 1491 1766 1545 vehemens
1796 1488 2049 1545 ducerem

491 1583 809 1652 suspirium,
838 1583 994 1651 quasi
1026 1583 1230 1638 veritus
1281 1581 1435 1637 fateri
1469 1596 1727 1645 amorem,
1761 1579 1971 1636 silendo
1996 1586 2051 1635 et

488 1676 698 1730 vultum
713 1675 1046 1729 demittendo
1069 1675 1433 1745 suspicionem
1460 1673 1584 1729 dedi
1606 1673 1725 1743 ejus
1740 1672 1883 1743 quod
1907 1672 2051 1726 indi-

488 1767 603 1820 cari
635 1766 879 1821 volebam
909 1784 924 1833 ;
970 1775 1023 1819 at
1050 1766 1139 1825 ille
1165 1782 1353 1821 revera
1380 1780 1465 1821 me
1492 1765 1771 1820 mulierem
1802 1763 2049 1834 deperire

488 1874 785 1929 persuasus
815 1858 952 1915 dixit
988 1877 1001 1912 :
1034 1857 1178 1912 Nihil
1226 1858 1282 1912 in
1324 1857 1435 1914 vita
1472 1865 1579 1921 est,
1610 1856 1700 1912 cui
1738 1871 1845 1911 non
1875 1856 2051 1926 possit

488 1953 732 2008 adhiberi
763 1951 1082 2007 remedium.
1115 1952 1235 2022 ipse
1260 1951 1403 2007 enim
1436 1965 1557 2021 ego,
1597 1950 1775 2006 adhuc
1804 1948 2045 2016 juvenis,

487 2060 611 2099 cum
638 2046 690 2105 in
722 2060 959 2101 amorem
992 2046 1301 2101 incidissem
1327 2044 1746 2115 elegantissimae
1780 2044 2046 2109 mulieris,

490 2152 598 2191 non
628 2138 788 2191 modo
823 2138 1159 2208 impossibile
1201 2137 1512 2206 judicabam
1558 2136 1650 2191 illa
1702 2135 1828 2205 frui,
1860 2152 2048 2193 verum

486 2243 661 2299 neque
683 2230 920 2285 salutare
943 2231 1179 2300 unquam
1213 2229 1498 2300 sperabam
1528 2246 1540 2281 :
1565 2233 1615 2281 et
1644 2236 1821 2283 tamen
1854 2234 2049 2282 nactus

487 2321 723 2391 aliquem
772 2319 1107 2392 IEgyptium,
1164 2321 1389 2392 magicis
1419 2320 1474 2375 in
1524 2320 1734 2375 artibus
1780 2318 2050 2391 peritissi—

485 2428 659 2477 mum,
717 2397 769 2467 et
818 2420 1098 2467 contracta
1163 2400 1291 2468 cum'
1336 2426 1401 2468 eo
1462 2411 1723 2476 amicitia,
1799 2427 2042 2467 amorem

486 2519 665 2558 meum
692 2504 907 2557 declaro
940 2521 953 2557 :
983 2517 1047 2557 ac
1067 2518 1176 2557 non
1200 2504 1375 2559 solum
1403 2502 1493 2559 ille
1522 2518 1581 2559 se
1602 2502 1733 2558 mihi
1762 2503 1831 2558 ad
1864 2502 2046 2572 cupita

485 2594 669 2650 omnia
721 2594 985 2663 tradidit;
1019 2594 1113 2650 sed
1165 2595 1471 2666 largissime
1525 2595 1655 2649 mihi
1709 2595 2043 2665 gratiﬁcans,

484 2686 646 2741 etiam
678 2686 939 2742 carminis
970 2702 1067 2757 per
1094 2687 1239 2757 quod
1275 2688 1476 2757 potitus
1516 2685 1588 2740 l‘ui
1622 2687 1907 2741 scientiam
1936 2701 2043 2740 non

485 2777 675 2833 invidit
708 2786 912 2848 :atque
940 2792 1036 2848 per
1062 2778 1210 2832 illius
1240 2777 1476 2831 hominis
1509 2776 1777 2831 occultam
1823 2775 2047 2830 demon-

484 2867 825 2933 strationem,
851 2883 1146 2937 persuasus
1177 2866 1421 2938 magistri
1466 2865 1856 2934 muniﬁcentia,
1884 2874 1939 2922 et
1960 2881 2048 2922 se-

482 2960 588 3015 mel
612 2960 833 3030 potitus,
864 2973 1047 3015 amare
1076 2960 1305 3016 cessavi.

555 3134 641 3190 IV.
676 3133 832 3189 Unde
856 3134 903 3189 si
933 3143 987 3189 et
1010 3142 1067 3188 tu
1092 3136 1201 3190 tale
1230 3132 1358 3204 quid
1385 3133 1666 3188 hominum
1698 3149 1850 3189 more
1892 3142 2045 3204 pate-

482 3228 580 3292 ris,
611 3226 743 3282 mihi
775 3227 1017 3282 conlisus
1039 3227 1248 3296 depone
1275 3238 1455 3282 curas.
1484 3226 1628 3282 lntra
1669 3226 1811 3281 enim
1838 3234 2042 3305 septem

482 3319 598 3374 dies
628 3319 851 3373 omnino
875 3326 927 3373 te
952 3319 1196 3375 mulieris
1241 3320 1436 3375 faciam
1461 3328 1790 3390 compotem.
1814 3318 1911 3373 His
1943 3333 2043 3388 ego

482 3409 703 3474 auditis,
735 3424 914 3466 meum
940 3410 1236 3480 respiciens
1270 3409 1339 3465 ad
1381 3425 1631 3479 scopum,
1663 3409 1750 3463 aio
1784 3407 2044 3479 :lgnosce

481 3502 614 3556 mihi
651 3517 759 3557 non
783 3504 996 3572 penitus
1025 3502 1265 3559 credenti
1290 3504 1521 3573 magiam
1548 3508 1765 3557 exstare
1800 3524 1811 3556 :
1846 3501 2044 3555 multos

481 3592 681 3661 quippe
703 3592 813 3662 jam
848 3600 1104 3662 expertus
1132 3608 1274 3657 sum,
1304 3593 1473 3647 multa
1501 3592 1773 3681 pollicitos
1796 3607 1858 3645 ac
1885 3608 2042 3681 men;-

480 3682 632 3739 titos.
668 3681 919 3737 Attamen
947 3692 1126 3737 movet
1152 3698 1239 3738 me
1269 3697 1332 3735 ac
1361 3682 1417 3736 in
1463 3697 1614 3751 spem
1650 3680 1869 3737 adducit
1916 3680 2043 3751 pro-

481 3774 673 3829 missio
699 3781 813 3829 tua.
847 3768 1052 3829 Vereor
1097 3782 1304 3838 autem,
1337 3773 1464 3827 dum
1516 3766 1720 3843 cogito,
1754 3771 1893 3826 forte
1932 3772 2042 3826 da:-

480 3880 670 3921 mones
696 3865 966 3921 interdum
997 3864 1171 3936 magis
1199 3863 1265 3917 ad
1294 3862 1550 3918 mandata
1577 3876 1687 3916 non
1713 3860 1952 3917 obedire.

552 4056 615 4113 V.
658 4057 958 4127 Respondit
979 4057 1186 4128 Appion
1212 4076 1227 4114 :
1251 4057 1381 4112 Mihi
1418 4056 1677 4119 concede,
1700 4062 1759 4108 ut
1781 4054 1895 4109 haec
1919 4054 2040 4123 plus

479 4164 640 4219 quam
662 4157 720 4204 tu
746 4164 1095 4221 cognoscam.
1120 4148 1196 4205 Ne
1219 4158 1400 4203 tamen
1436 4148 1575 4202 nihil
1605 4145 1841 4202 videaris
1864 4161 1926 4200 ex
1954 4161 2040 4202 me

479 4241 752 4296 audivisse
791 4242 857 4297 de
898 4257 963 4297 eo
1008 4240 1154 4312 quod
1213 4241 1420 4306 dixisti,
1465 4240 1635 4306 disce,
1672 4257 1778 4312 qua
1827 4243 2039 4298 ratione

478 4342 740 4403 cogantur
786 4334 1065 4390 dwmones
1102 4334 1328 4403 obsequi
1376 4334 1648 4391 mandatis
1700 4351 2033 4407 magorum;

2156 476 2362 545 ἀγνοῶν
2386 476 2431 509 ⁸³
2464 476 2603 530 πάνυ
2633 478 2919 542 Ἰουδαίους
2954 479 3024 532 δι’
3058 480 3346 551 ἀπεχθείας
3403 482 3597 553 ἔχοντα.
3626 486 3693 551 ὡς

2158 568 2252 623 καὶ
2285 567 2454 622 πολλὰ
2486 568 2666 639 βιϐλία
2707 570 2827 625 κατ’
2866 570 3044 625 αὐτῶν
3092 575 3515 645 συγγεγραφέναι
3540 576 3699 632 δ’δ’καὶ

2156 660 2318 716 αὑτὸν
2371 661 2591 733 Σίμωνα
2615 661 2709 717 νῦν
2743 664 2803 716 ού
2839 663 2928 717 διὰ
2978 663 3328 735 φιλομάθειαν
3358 666 3400 697 ⁸⁸
3426 671 3501 731 εἰς
3532 670 3697 736 φιλίαν

2157 752 2548 826 προσιέμενον,
2598 755 2713 810 ἀλλ’
2760 756 2946 830 ἐπειδὴ
2992 759 3251 830 Σαμαρέα
3282 760 3439 813 αὑτὸν
3480 757 3579 815 οἷδε
3623 780 3700 831 μι-

2157 846 2450 901 σοῖουδαῖόν
2499 865 2559 900 τε
2602 848 2732 903 ὄντα
2785 850 2880 904 καὶ
2930 850 3070 904 κατὰ
3116 851 3379 905 Ἰουδαίων
3422 854 3698 923 προεληλυ-

2157 939 2305 1003 θότα,
2331 939 2418 993 διά
2453 941 2609 994 τοῦτο
2654 940 2814 995 αὑτὸν
2851 942 3324 1014 προσῳκειὼσατο,
3376 945 3462 997 ἵνα
3506 944 3702 999 δύναιτο

2155 1031 2297 1085 κατά
2342 1032 2605 1086 Ἰουδαίων
2624 1052 2676 1087 τι
2705 1038 2833 1106 παρ’
2862 1034 3024 1089 αὑτοῦ
3063 1036 3370 1107 μανθάνειν.

2226 1119 2315 1175 ΙΙΙ.
2355 1121 2539 1175 Ταῦτα
2566 1122 2676 1191 ἐγὼ
2708 1123 2966 1195 προειδὼς
2992 1124 3038 1156 ⁸⁸
3241 1124 3335 1178 τοῦ
3400 1125 3702 1189 Ἀππῐωνος,

2155 1216 2273 1285 ἅμα
2304 1214 2381 1286 τῷ
2409 1215 2667 1269 πυθέσθαι
2700 1215 2859 1270 αὑτὸν
2902 1218 2998 1290 τὴν
3031 1219 3208 1272 αἰτίαν
3240 1220 3339 1289 τῆς
3370 1219 3521 1272 νόσου
3552 1237 3705 1291 προσ-

2156 1305 2451 1375 ποιητικῶς
2474 1306 2517 1336 "
2539 1304 2941 1377 ἀπεκρινάμην,
2975 1307 3055 1359 ὅτι
3099 1306 3167 1360 τὰ
3212 1307 3347 1361 νέων
3392 1307 3578 1377 πάσχω
3622 1308 3706 1361 καὶ

2152 1394 2302 1464 ἀλγῶ
2351 1396 2448 1467 τὴν
2487 1395 2684 1469 ψυχήν.
2742 1397 2799 1449 '0
2832 1396 2888 1450 δὲ
2938 1397 3072 1469 πρὸς
3110 1396 3283 1451 ταῦτα
3332 1397 3465 1467 ἔφη’
3501 1398 3704 1459 Τέκνον,

2152 1486 2228 1550 ὡς
2258 1485 2425 1558 πατρὶ
2448 1485 2725 1559 θαρσήσας
2753 1484 2897 1556 λέγε,
2924 1486 3007 1550 τίς
3030 1504 3120 1541 σου
3149 1489 3245 1560 τῆς
3273 1487 3447 1557 ψυχῆς
3476 1486 3702 1558 ήνόσος;

2165 1576 2327 1649 Ἐμοῦ
2374 1578 2431 1631 δὲ
2481 1578 2916 1651 προσποιητικῶς
2945 1579 2990 1611 ⁸⁸
3030 1579 3189 1633 πάλιν
3246 1578 3705 1645 ἀναστενάξαντος,

2153 1672 2229 1736 ὡς
2266 1672 2331 1742 δὴ
2381 1673 2509 1743 περὶ
2562 1672 2764 1744 ἔρωτος
2806 1674 2979 1725 εἰπεῖν
3027 1672 3366 1743 αἰδουμένου,
3407 1671 3494 1725 διά
3526 1688 3587 1740 γε
3617 1669 3709 1740 τῆς

2156 1765 2363 1836 σιωπῆς
2398 1765 2555 1836 136
2592 1764 2685 1819 καὶ
2715 1765 2808 1818 τοῦ
2857 1763 3169 1819 κατανεύειν
3202 1766 3270 1828 ⁵ο,
3302 1765 3432 1836 περὶ
3454 1761 3512 1818 οὗ
3533 1762 3708 1835 ἤθελον

2152 1856 2535 1922 ἐνδείκνυσθαι,
2580 1859 2833 1928 παρεῖχον
2877 1857 2975 1927 τὴν
3021 1856 3298 1911 ὑπόνοιαν·
3334 1842 3361 1910 ὁ
3394 1857 3472 1920 δὲ,
3512 1856 3633 1927 ἐρᾷν
3666 1854 3707 1886 ⁸⁸

2155 1965 2219 2019 με
2246 1948 2497 2016 γυναικὸς
2537 1947 2749 2019 ἀληθῶς
2799 1948 3167 2012 ἀναπεισθεὶς,
3196 1948 3302 2020 ἔφη
3322 1964 3335 1979 ο
3379 1948 3543 2000 Οὐδέν
3574 1947 3708 1998 ἐστιν

2151 2043 2208 2095 ἐν
2238 2043 2315 2114 τῷ
2375 2042 2472 2114 βίῳ
2525 2041 2773 2115 βοηθείας
2818 2046 2997 2113 τυχεῖν
3029 2043 3101 2115 μὴ
3129 2045 3445 2114 δυνάμενον.
3480 2042 3585 2094 Καὶ
3610 2038 3709 2112 γὰρ

2150 2135 2331 2199 αὐτὸς,
2364 2136 2452 2189 ὅτε
2479 2136 2597 2199 νέος
2639 2137 2786 2207 ἥμην
2814 2138 2877 2201 ⁸¹,
2915 2137 3165 2209 ἐρασθεὶς
3205 2136 3467 2205 γυναικὸς
3517 2133 3709 2198 ἀξιολο-

2149 2229 2418 2298 γωτάτης,
2441 2228 2501 2281 οὑ
2534 2229 2689 2300 μόνον
2717 2229 2883 2301 αὐτῆς
2915 2230 2957 2259 ⁵⁸
2983 2231 3163 2299 τυχεῖν
3195 2227 3447 2299 ἡγούμην
3467 2227 3711 2283 ἀδύνατον

2149 2316 2306 2383 εἶναι,
2343 2320 2456 2373 ἀλλ’
2503 2320 2623 2373 οὑδὲ
2669 2319 3104 2392 προσαγορεῦσαί
3155 2338 3288 2374 ποτε
3344 2320 3591 2392 ἤλπιζονο
3626 2315 3711 2369 καὶ

2150 2413 2319 2483 ὅμως,
2355 2411 2659 2486 περιτυχὼν
2718 2429 2824 2466 τινι
2882 2413 3177 2483 Αἰγυπτίῳ,
3220 2413 3369 2466 πάνυ
3418 2412 3486 2464 τά
3536 2411 3710 2481 μάγων

2148 2504 2488 2577 ἀκριϐοῦντι,
2544 2503 2636 2559 καὶ
2689 2504 2939 2574 φιλωθεὶς
2990 2502 3227 2572 ἐκφαίνω
3266 2522 3368 2576 μου
3402 2505 3493 2557 τὸν
3524 2502 3709 2573 ἔρωτα,

2148 2597 2241 2650 καὶ
2268 2597 2327 2650 οὐ
2363 2596 2520 2668 μόνον
2553 2597 2743 2651 ἑαυτόν
2774 2613 2862 2667 μοι
2894 2598 3120 2667 παρεῖχε
3155 2595 3297 2667 πρὸς
3322 2598 3429 2649 πᾶν
3463 2596 3492 2648 ὃ
3517 2591 3712 2647 ἐϐουλό-

2150 2703 2277 2758 μην,
2307 2684 2440 2739 ἀλλὰ
2461 2684 2840 2757 δαψιλέστερον
2870 2684 3008 2756 πρός
3046 2701 3112 2754 με
3145 2682 3595 2754 φιλοτιμούμενος
3624 2676 3712 2731 καὶ

2145 2778 2243 2850 τὴν
2274 2776 2550 2848 ἐπαοιδὴν,
2584 2776 2652 2829 δι’
2688 2770 2756 2848 ἦς
2801 2776 3007 2847 ἔτυχον,
3054 2774 3327 2828 διδάσκειν
3356 2775 3457 2827 οὐκ
3495 2769 3711 2840 ἐφθόνη-

2148 2885 2268 2923 σενο
2302 2869 2445 2923 ἐκδὲ
2482 2869 2579 2939 τῆς
2624 2868 2828 2921 ἐκείνου
2886 2866 3147 2939 λαθραίας
3200 2865 3549 2931 ὑποδείξεως,
3603 2877 3714 2915 mt-

2148 2959 2295 3024 σθεὶς
2325 2961 2391 3031 τῇ
2424 2959 2516 3013 τοῦ
2550 2958 2857 3025 διδάξαντος
2903 2957 3151 3029 ἀφθονίᾳ,
3197 2958 3298 3011 καὶ
3357 2956 3506 3020 ἅπαξ
3538 2955 3713 3008 ἐπιτυ-

2069 3064 2113 3121 C
2144 3048 2274 3123 χὼν,
2309 3051 2629 3123 ἐπαυσάμην
2654 3051 2746 3104 τοῦ
2777 3051 2994 3123 ἔρωτος.

2217 3141 2306 3197 IV.
2354 3141 2534 3206 Ὅθεν,
2562 3144 2610 3194 εἰ
2644 3144 2736 3196 καὶ
2772 3144 2835 3196 σὺ
2867 3142 3104 3195 τοιοῦτόν
3126 3158 3178 3194 τι
3201 3138 3483 3203 πέπονθας
3512 3138 3713 3209 ἀνθρω-

2146 3233 2333 3296 πίνως,
2391 3230 2661 3302 θάρσησον
2707 3233 2836 3303 ἡμῖν
2882 3232 3018 3303 πρὸς
3063 3232 3124 3284 τὸ
3167 3231 3478 3303 ἀμέριμνον
3509 3246 3523 3261 ·
3571 3226 3713 3290 ἐντὸς

2143 3324 2251 3395 γὰρ
2271 3324 2489 3395 ἡμερῶν
2516 3323 2656 3377 ἐτττά
2675 3324 2888 3387 πάντως
2911 3323 3077 3393 αὐτῆς
3098 3324 3379 3393 ἐπιτυχεῖν
3404 3339 3465 3374 σε
3493 3320 3713 3390 ποιήσω.

2144 3414 2326 3468 Ταῦτα
2355 3414 2592 3479 ἀκούσας
2626 3414 2755 3483 ἐγὼ,
2791 3416 2871 3478 εἰς
2900 3412 2991 3467 τὸν
3021 3414 3150 3485 ἐμὸν
3177 3413 3223 3444 ⁸³
3258 3414 3475 3467 σκοπὸν
3500 3408 3720 3466 ἀποϐλέ-

2143 3523 2281 3569 πων,
2308 3505 2472 3578 ἔφην⁸
2504 3506 2782 3576 Σύγγνωθί
2817 3522 2906 3577 μοι
2946 3507 3020 3578 μὴ
3071 3504 3209 3558 πάνυ
3248 3507 3571 3560 πιστεύοντι
3625 3521 3722 3576 μα-

2141 3598 2295 3667 γείαν
2328 3599 2617 3668 ὑφεστάναι
2641 3615 2655 3630 ο
2692 3597 2902 3651 πολλῶν
2935 3598 3043 3671 γὰρ
3089 3597 3260 3652 πολλὰ
3313 3595 3720 3667 ἐπαγγελλομέ-

2142 3706 2248 3742 νων
2279 3690 2372 3743 καί
2397 3690 2837 3762 διαψευσαμένων
2870 3691 2973 3762 ἤδη
2998 3690 3367 3763 πεπείραμαι.
3422 3692 3571 3763 Πλὴν
3601 3691 3723 3743 δυσ-ι

2140 3783 2280 3835 ωπεῖ
2322 3781 2364 3813 ⁵⁸
2404 3800 2470 3853 με
2508 3782 2603 3835 καί⁸
2663 3785 2742 3845 εἰς
2785 3781 3007 3844 ἐλπίδας
3058 3783 3175 3851 ἄγει
3208 3783 3241 3853 ή
3278 3784 3353 3854 σὴ
3404 3782 3713 3851 ὑπόσχεσις.

2140 3871 2362 3925 Δέδοικα
2405 3871 2462 3925 δὲ
2496 3871 2909 3943 ἐνθυμούμενος,
2960 3872 3033 3942 μὴ
3066 3873 3173 3943 ἄρα
3213 3872 3263 3923 οἱ
3306 3873 3572 3944 δαίμονες
3609 3872 3721 3931 τοῖς
3776 3887 3779 3889 ί

2143 3960 2335 4031 μάγοις
2366 3960 2532 4013 ἐνίοτε
2567 3961 2702 4031 πρὸς
2725 3959 2793 4013 τά
2818 3960 3145 4030 κελευόμενα
3171 3963 3267 4031 οὐχ
3302 3962 3646 4015 ὑπείκουσιν.

2210 4057 2275 4112 ν.
2314 4058 2469 4111 Καὶὸ
2512 4057 2752 4110 Ἀππίων
2809 4056 2941 4128 ἔφη·
2982 4056 3177 4110 Ταῦτα
3213 4057 3340 4128 ἐμοί
3389 4075 3486 4111 σου
3524 4055 3721 4127 μᾶλλον

2141 4148 2404 4222 συγχώρει
2435 4149 2646 4202 εἰδέναι.
2679 4149 2832 4219 137
2869 4149 3013 4221 Πλὴν
3044 4148 3130 4202 ἴνα
3172 4149 3244 4220 μὴ
3291 4150 3486 4223 δοκῇς,
3537 4144 3715 4219 πρὸςδ

2138 4240 2291 4311 ἔφης,
2330 4240 2494 4312 μηδὲν
2520 4240 2810 4311 ἀκηκοέναι
2845 4242 2972 4311 παρ’
3006 4240 3163 4311 ἐμοῦ,
3210 4239 3351 4311 μάθε
3387 4242 3508 4304 πῶς
3550 4239 3715 4307 ἀνάγ-

2139 4346 2240 4401 κην
2274 4330 2483 4399 ἔχουσιν
2516 4331 2564 4382 οἱ
2602 4330 2853 4401 δαίμονες
2902 4332 3015 4393 τοῖς
3050 4329 3244 4401 μάγοις
3276 4330 3532 4383 ὑπείκειν
3593 4328 3718 4398 περὶ

477 4438 602 4478 nam
636 4424 778 4479 sicut
821 4425 933 4479 ﬁeri
964 4442 1074 4479 non
1119 4434 1314 4497 potest,
1358 4438 1417 4481 ut
1462 4426 1617 4481 miles
1649 4426 1773 4481 duci
1811 4436 2034 4483 contra.~

2149 4419 2210 4477 Iw
2242 4425 2584 4479 κελεύονταιο
2612 4423 2688 4485 ὡς
2732 4423 2839 4494 γὰρ
2887 4422 3142 4476 ἀδύνατόν
3198 4424 3313 4474 ἐστι
3372 4421 3720 4495 στρατιώτην

380 4540 389 4553 ι
477 4513 642 4579 dicat,
673 4522 725 4569 et
746 4514 886 4569 sicut
926 4516 1029 4586 ipsi
1057 4517 1224 4572 duces
1274 4533 1382 4571 non
1434 4525 1663 4587 possunt
1717 4518 2033 4588 imperatori

476 4620 586 4658 non
612 4606 985 4674 obtemperare
1020 4607 1088 4676 (si
1119 4609 1241 4677 quis
1271 4610 1413 4662 enim
1442 4611 1741 4679 prmpositis
1792 4618 2032 4677 resistat,

477 4696 700 4750 omnino
728 4712 919 4765 pmnas
950 4698 1161 4768 solvet),
1195 4697 1266 4751 ita
1292 4699 1404 4752 [ieri
1434 4700 1643 4768 nequit,
1676 4707 1736 4754 ut
1758 4700 2033 4756 daemones

478 4785 681 4855 angelis
729 4785 960 4841 ducibus
1009 4786 1123 4840 suis
1171 4802 1278 4841 non
1330 4789 1673 4842 subserviant
1702 4807 1716 4854 ;
1748 4804 1845 4858 per
1895 4806 2032 4859 quos

477 4876 708 4947 adjurati
754 4877 950 4932 cedunt
980 4885 1291 4944 trementes,
1319 4885 1379 4932 ut
1406 4881 1497 4949 qui
1529 4880 1665 4935 bene
1697 4881 1951 4935 noverint
1974 4897 2032 4936 se

477 4983 585 5024 non
614 4967 899 5024 obsecutos
941 4968 1164 5023 omnino
1204 4968 1405 5040 puniri.
1445 4970 1546 5040 Ipsi
1586 4985 1801 5041 quoque
1829 4971 2027 5040 angeli,

2138 4518 2406 4569 ἀντειπεῖν
2435 4515 2511 4586 τῷ
2546 4515 2848 4586 ἡγουμένῳ,
2903 4516 3084 4577 αὐτοῖς
3121 4531 3180 4567 τε
3225 4517 3338 4577 τοῖς
3388 4515 3720 4587 ἡγουμένοις

2136 4608 2232 4678 οὐχ
2258 4603 2368 4660 οἶόν
2400 4625 2458 4661 τε
2499 4607 2843 4679 παρακοῦσαι
2872 4605 3136 4675 βασιλέως
3157 4622 3172 4636 ’
3209 4606 3276 4675 (εἰ
3309 4606 3425 4677 γάρ
3453 4623 3541 4669 τις
3562 4607 3719 4659 ἀντε-

2139 4702 2222 4771 ρεῖ
2264 4702 2376 4762 τοῖς
2404 4698 2777 4774 ἐφεστηκόσιν,
2817 4698 3030 4760 πάντως
3079 4697 3349 4768 τιμωρίας
3399 4694 3719 4766 ἀξιοῦται

2136 4789 2303 4855 οὑτως
2342 4791 2596 4844 ἀδύνατόν
2641 4791 2754 4843 ἐστι
2786 4790 2911 4851 τοὺς
2937 4788 3193 4859 δαίμονας
3231 4790 3303 4859 μὴ
3339 4790 3647 4862 ὑπουργεῖν
3676 4790 3720 4821 ³⁵

2136 4884 2245 4944 τοῖς
2280 4882 2456 4935 αὐτῶν
2491 4880 2805 4951 ἡγουμένοις
2851 4880 3117 4949 ἀγγέλοις,
3158 4879 3277 4932 καθ’
3305 4872 3380 4931 ὧν
3421 4880 3719 4950 ὁρκιζόμε-

2137 4990 2215 5026 νοι
2263 4975 2571 5045 φρίττοντες
2615 4971 2871 5035 είκουσιν,
2906 4968 2963 5025 εὖ
3000 4970 3197 5035 εἰδότες
3243 4958 3331 5024 δτί
3370 4972 3720 5043 ἀπειθήσαν-

1730 5129 1963 5185 ἾΑΒΙᾹΞ
2002 5128 2398 5185 LECTIONES.

547 5284 663 5338 ³³1)
713 5283 814 5354 legi
861 5284 1201 5355 ιὐιῑνάγνοῶ.
1259 5284 1326 5338 At
1356 5284 1529 5339 oratio
1561 5294 1642 5339 est
1674 5284 2045 5348 ὰνακόλουθος,
2098 5301 2221 5340 cum
2272 5284 2434 5340 verbo
2456 5280 2686 5355 προϊδών
2708 5294 3034 5355 resumatur
3073 5284 3415 5355 participium
3474 5286 3716 5354 ἀγνοῶν.

476 5355 724 5424 Alioquin
753 5354 1095 5425 scribendum
1122 5363 1265 5425 esset
1290 5355 1531 5425 ⁴ἠγνόουν.
1559 5355 1616 5410 S.
1692 5355 1736 5386 “
1762 5355 2194 5425 ἀναγεγραφέναι
2221 5355 2282 5409 (ἶ.

1594 5428 1639 5463 ιθ
1663 5424 1923 5494 προειδώς
1952 5423 2141 5496 scripsi
2164 5441 2229 5481 ex
2258 5423 2512 5493 conject,
2531 5425 2781 5496 προῖδών
2825 5424 2872 5496 (ἦ
2895 5423 2924 5488 ,“
2958 5423 3192 5496 προῖδώς
3235 5423 3298 5478 0-
3352 5423 3518 5496 Tllms
3539 5429 3622 5496 τῷ
3650 5426 3717 5491 Οι

476 5423 827 5504 προσιέμενον
860 5423 903 5476 Ι)
924 5466 965 5504 ‘,_
994 5424 1328 5504 προσέμενεν
1366 5423 1517 5504 (1,ηο.

2359 5356 2407 5426 θ’
2432 5354 2575 5425 Ε]ὺοί
2610 5368 2657 5407 c.
2790 5355 2957 5426 αὐτὴν
3004 5354 3538 5426 βοειᾲφιλομάθειαν.
3572 5356 3715 5411 Tum

475 5493 534 5547 c.‘
628 5533 641 5556 ,
668 5493 760 5547 τοῦ
785 5496 848 5551 (Ι.
916 5499 965 5565 f7
991 5493 1369 5565 προσποιητῶς
1422 5493 1481 5547 C.
1558 5494 1602 5529 ⁸⁸
1658 5493 2035 5564 προσποιητῶς
2060 5497 2121 5548 (ὲ.
2196 5497 2239 5531 ‘9
2276 5496 2423 5548 κάτω
2453 5493 2622 5549 νεύειν
2648 5494 2711 5549 C.
2782 5495 2831 5565 ν⁸⁰
2858 5495 2932 5565 Ita
2967 5493 3031 5557 0,
3056 5503 3192 5565 etex
3218 5496 3455 5564 conject.
3488 5494 3532 5548 C
3566 5493 3715 5564 ,iqui

476 5562 619 5634 ἐρῶν
641 5567 691 5617 in
721 5576 887 5619 textu.
915 5559 1050 5634 Vbb.
1082 5559 1252 5617 Nihil"
1274 5566 1327 5616 in
1354 5564 1458 5618 vita
1506 5559 1863 5634 est-unquam
1888 5559 1976 5631 spe
2003 5564 2232 5628 (rabam)
2276 5565 2626 5619 Coteleriana?
2655 5559 2887 5634 versioni
2922 5563 3149 5627 reddidi,
3183 5559 3334 5619 cum'
3367 5559 3722 5620 excidissent

477 5650 565 5700 ap.
599 5632 652 5686 ὃ.
729 5636 769 5667 θ’
800 5634 872 5688 Ita
902 5633 945 5687 0
995 5636 1047 5687 in
1078 5636 1417 5727 margqﬁyav
1464 5636 1513 5686 in
1553 5644 1720 5686 textu.
1768 5633 1905 5684 Idem
1948 5634 2387 5704 ἀξιολογώτατος.
2461 5638 2716 5711 δἀὺτήν,
2750 5632 2788 5692 S
2841 5634 3003 5688 invita
3033 5637 3412 5702 grammatica.

479 5705 540 5757 (λ.
615 5704 661 5736 ⁸⁵
687 5702 759 5755 Ita
787 5705 830 5757 0
888 5722 936 5757 (ι.
969 5702 1009 5757 S
1041 5745 1053 5757 .
1089 5705 1428 5757 δουσωπειϐ,
1526 5713 1569 5743 ⁵⁵
1599 5705 1853 5757 ύποργεῖν
1875 5704 1934 5756 υ.

479 5705 540 5757 (ὲ.
615 5704 661 5736 ⁸⁵
687 5702 759 5755 Ita
787 5705 830 5757 0
888 5722 936 5759 c.
969 5702 1009 5758 S
1041 5745 1053 5767 ,
1089 5702 1428 5757 δουσωπέιϐ,
1526 5713 1569 5743 ⁵ο
1599 5705 1853 5773 ύτεοργεῖν
1875 5704 1934 5756 0.

3494 5636 3544 5679 ⁸³
3576 5634 3720 5709 ἐμοῦ
