4004 6332
312 334 410 389 I77
1432 334 1891 391 CLEMENTINA.
1921 364 1993 376 —
2024 334 2305 392 HOMILIA
2340 340 2395 394 ν.

3439 352 3541 409 178

306 464 396 514 τες
426 450 474 481 ⁸⁸
511 450 728 515 πάντως
761 451 1098 516 κολάζονται.
1143 451 1299 507 Ἀλλά
1333 452 1424 507 καὶ
1460 451 1612 505 αὐτοὶ
1631 452 1681 505 οἱ
1710 452 1859 520 ἀγγε-

1982 458 2075 521 per
2106 454 2274 509 Deum
2301 457 2369 511 ab
2395 459 2568 528 magis
2603 458 2857 529 adjurati.
2905 461 3186 532 obediunt,
3227 482 3293 520 ne
3329 468 3543 525 inobse-

302 542 405 606 λοι,
458 541 604 595 κατὰ
630 542 723 596 τοῦ
775 542 1079 615 κρείττονος
1116 544 1219 598 ὑπὸ
1265 545 1450 615 μάγων
1515 543 1873 615 ὁρκιζόμενθι,

304 634 639 697 ὑπείκουσιν,
674 636 869 706 μήπως
896 636 1174 700 ἀπειθείας
1222 637 1498 707 κριθέντες
1546 637 1871 692 ἀπόλωνται.

304 724 365 778 El
389 725 499 796 γὰρ
531 726 605 798 μὴ
629 728 806 781 πάντα
835 726 1053 799 ἔμψυχα
1078 728 1207 783 ὄντα
1235 730 1329 783 καὶ
1356 728 1649 800 λογισμένα
1670 726 1876 799 προεώ-

304 833 373 890 ρα
396 816 494 890 τὴν
528 819 593 871 ὲκ
631 818 724 872 τοῦ
758 818 1064 891 κρείττονος
1111 819 1286 892 δίκην,
1346 820 1603 891 σύγχυσις
1644 819 1711 875 ἂν
1751 822 1875 891 ὲγε-

298 907 465 979 γόνει,
495 906 604 960 τῶν
634 907 853 961 πάντων
883 909 1279 974 στασιαζόντων
1312 911 1450 983 πρὸς
1477 910 1702 983 ἄλληλα.

369 1000 456 1054 Vl.
494 999 664 1070 Κάγὼ
693 1000 848 1075 ἔφην·
881 1002 1091 1056 Ούκοῦν
1123 1002 1299 1075 ὀρθῶς
1341 1003 1453 1075 ἔχει
1484 1003 1553 1059 τά
1585 1003 1692 1059 ὑπὸ
1719 1021 1874 1076 ποιη-

296 1093 402 1146 τῶν
451 1094 547 1146 καὶ
589 1093 898 1163 φιλοσόφων
922 1094 1190 1166 λεγόμενα
1223 1096 1268 1128 δ’
1289 1136 1304 1160 ,
1338 1097 1414 1161 ὡς
1445 1098 1503 1150 ὲν
1539 1096 1666 1170 ᾅδου
1695 1099 1751 1153 αἱ
1778 1097 1873 1168 glau-

299 1188 387 1257 χαὶ
412 1185 523 1239 τῶν
550 1186 787 1247 ἀσεϐῶν.
830 1188 1099 1260 κριθεῖσαι
1129 1190 1213 1259 ἐφ’
1245 1187 1326 1254 οἷς
1352 1191 1674 1263 ἐτόλμησαν,
1708 1190 1871 1245 κολά-

299 1278 497 1344 ζονται,
548 1275 660 1334 οἷον
723 1280 931 1345 Ἰξίονος
968 1282 1061 1335 καὶ
1107 1282 1379 1337 Ταντάλου
1430 1282 1625 1336 Τιτυοῦ
1672 1300 1730 1335 τε
1778 1283 1873 1336 καὶ

298 1370 528 1439 Σισύφου
563 1371 798 1428 καὶτῶν
834 1372 1040 1427 Δαναοῦ
1087 1374 1401 1447 θυγατέρων
1445 1374 1540 1429 καὶ
1584 1376 1698 1428 ὅσοι
1741 1374 1870 1428 ποτε

298 1460 439 1515 ἄλλοι
473 1462 710 1516 ἐνταῦθα
738 1463 1041 1537 ἠσέϐησαν;
1074 1467 1181 1521 Καὶ⁹
1214 1467 1350 1534 πῶς,
1379 1467 1492 1538 είγε
1518 1466 1672 1522 ταῦθ’
1698 1467 1872 1532 οὕτως

300 1554 368 1623 μὴ
399 1553 501 1626 ἔχῃ
560 1554 702 1620 ³⁸⁸⁸⁸,
718 1554 939 1611 δυνατὸν
966 1556 1032 1612 ἂν
1060 1560 1290 1630 μαγείαν
1315 1562 1641 1632 ύφεστάναι;
1678 1562 1784 1617 Τοῦ
1812 1564 1869 1617 δὲ

296 1645 715 1710 εἱπόντος,ούτω
744 1649 812 1704 τὰ
843 1650 901 1705 ὲν
933 1649 1059 1723 ᾅδου
1093 1652 1257 1725 ἔχειν,
1301 1654 1412 1723 ἐγὼ
1442 1654 1739 1727 ὲπυθόμηψ
1771 1655 1870 1710 Διά

292 1737 341 1789 τί
380 1738 443 1811 δὴ
483 1742 583 1794 καὶ
635 1741 789 1796 αὐτοὶ
843 1744 1104 1816 μαγεύειν
1154 1746 1202 1777 ⁵⁸
1248 1746 1309 1799 οὐ
1357 1747 1733 1820 πεφοϐήμεθα,
1776 1749 1868 1803 ἐπὶ

293 1831 535 1902 μοιχείας
568 1831 925 1906 πεπεισμένοι
961 1837 1065 1909 τὴν
1093 1838 1151 1890 ὲν
1177 1838 1303 1910 ᾅδου
1336 1838 1530 1913 δίκην;
1575 1840 1792 1912 μοιχείᾳ
1819 1840 1861 1873 ⁸⁸

290 1923 391 1995 γὰρ
424 1924 722 1994 βιάσασθαι
755 1927 856 2001 τὴν
899 1928 974 2001 μὴ
1004 1928 1261 1985 θέλουσαν
1292 1930 1353 1984 οὐ
1384 1930 1700 2003 συντίθεμαι
1730 1927 1866 1986 εῖναι

286 2016 511 2073 δίκαιον.
549 2020 616 2073 Εί
645 2019 704 2074 δέ
728 2037 813 2084 τις
831 2022 1000 2095 αὐτὴν
1033 2021 1193 2093 138
1214 2021 1420 2077 πείθειν
1449 2022 1863 2092 ἐπαγγέλλεται,

288 2111 420 2181 πρὸς
450 2111 613 2165 τοῦτο
636 2152 651 2177 ,
686 2112 825 2184 μετά
855 2113 947 2171 τοῦ
975 2116 1069 2169 καὶ
1101 2115 1262 2187 χάριν
1290 2114 1590 2186 ὁμολογεῖν,
1635 2116 1866 2187 ἑτοίμως

288 2201 411 2273 ἔχω.

361 2294 465 2349 Vll.
500 2297 614 2352 Καὶ
636 2297 666 2350 ό
711 2297 955 2354 ’Δππίων
976 2298 1101 2373 ἔφη’
1124 2301 1200 2355 Οὐ
1226 2300 1373 2355 δοκεῖ
1386 2318 1465 2356 σοι
1484 2300 1680 2357 ταύτὸν
1699 2296 1860 2367 εἶναι,

295 2389 401 2444 εἴτε
435 2392 630 2465 μαγείᾳ
658 2394 829 2466 αὐτῆς
864 2394 1141 2467 ἐπιτύχοις
1176 2396 1243 2461 ⁸⁸,
1276 2394 1386 2450 εἴτε
1417 2396 1612 2459 πείσας
1647 2396 1861 2465 λόγοις;

298 2482 461 2552 Κάγὼ
489 2484 640 2556 ἔφην·
681 2486 757 2540 Ού
806 2486 1024 2552 πάντως
1064 2488 1267 2559 ὃμοιοψ
1305 2489 1438 2543 πολὺ
1478 2490 1588 2562 γὰρ
1628 2490 1864 2562 ἀφέστη-

293 2593 385 2630 κεν
413 2578 653 2650 ἀλλήλων
694 2578 972 2652 ἑκάτερονο
1004 2581 1033 2636 ό
1074 2579 1173 2653 μὲν
1216 2580 1326 2655 γὰρ
1357 2580 1595 2639 ἄκουσαν
1630 2584 1862 2650 γυναῖκα

284 2672 344 2741 τῇ
378 2671 477 2742 τῆς
521 2671 758 2743 μαγείας
786 2672 878 2744 βίᾳ
909 2674 1296 2743 ὲπαναγκάσας
1318 2713 1333 2739 ,
1369 2674 1445 2739 ὡς
1474 2673 1863 2739 ἐπιϐουλεύσας

280 2763 536 2835 σώφρονι,
572 2765 966 2837 χαλεπωτάτην
998 2766 1191 2838 ὑπέχει
1229 2766 1329 2838 τὴν
1358 2766 1513 2839 δίκην
1533 2783 1548 2797 °
1580 2769 1608 2821 ὁ
1635 2767 1693 2821 δὲ
1719 2767 1862 2838 λόγῳ

274 2858 487 2923 πείσας,
523 2860 620 2912 καὶ
652 2859 743 2913 ἐπὶ
778 2861 845 2931 τῇ
874 2858 1042 2930 αὐτῆς
1063 2858 1279 2930 ἐξουσίᾳ
1308 2861 1401 2913 καὶ
1433 2858 1593 2932 βουλῇ
1630 2859 1860 2931 ποιησά-

276 2969 436 3023 μενος
466 2953 571 3023 τὴν
604 2953 836 3024 αἵρεσιν,
889 2952 989 3006 οὐκ
1036 2952 1312 3007 ἐϐιάσατο.
1367 2948 1568 3007 τΗττον
1600 2953 1657 3007 δὲ
1705 2948 1860 3024 οἶμαι

272 3044 709 3117 κολασθήσεσθαι
730 3044 821 3100 τὸν
835 3046 1134 3102 πεπεικότα
1154 3045 1247 3100 τοῦ
1272 3045 1625 3118 βιασαμένουι
1638 3063 1860 3121 τοιγαρ-

1978 549 2215 618 quentia:
2246 550 2322 604 rei
2359 560 2602 620 pereant.
2650 551 2764 607 Nisi
2812 554 2955 609 enim
3010 567 3207 612 cuncta
3254 560 3435 614 anima
3488 570 3543 617 et

1981 638 2194 694 ratione
2251 640 2476 708 praedita
2523 641 2793 710 justitiam
2844 643 3094 703 Numinis
3158 649 3540 719 praevidereut,

1980 730 2221 785 oriretur
2249 730 2516 798 confusio,
2549 734 2806 790 omnibus
2834 750 3028 806 nempe
3064 747 3250 794 mutua
3280 742 3543 800 seditione

1974 823 2369 881 laborantibus.

2045 1000 2135 1056 Vl.
2172 1001 2238 1058 Et
2278 1019 2381 1073 ego
2416 1004 2528 1060 dixi
2560 1025 2572 1062 :
2609 1004 2749 1061 Vera
2786 1007 2970 1079 itaque
3002 1018 3130 1064 sunt
3165 1026 3284 1081 qum
3309 1029 3338 1067 a
3370 1018 3542 1084 poetis

1944 1110 2026 1153 -et
2061 1097 2404 1168 philosophis
2436 1110 2751 1169 narrantur,
2798 1103 2850 1156 in
2897 1102 3087 1159 inferis
3118 1107 3327 1165 animas
3349 1110 3543 1182 impio-

1973 1204 2093 1243 rum
2126 1190 2382 1259 judicari,
2428 1201 2483 1246 et
2526 1208 2626 1262 pro
2676 1192 3010 1250 facinoribus
3038 1199 3259 1266 puniri?
3300 1199 3541 1274 Exempli

1972 1284 2145 1353 gratia
2195 1283 2410 1338 animas
2460 1282 2687 1352 Ixionis,
2733 1284 2971 1354 Tanta-li,
3023 1288 3186 1361 Tityi,
3228 1290 3441 1363 Sisyphi
3490 1308 3543 1350 et

1972 1372 2143 1427 Danai
2174 1374 2432 1440 filiarum,
2464 1390 2565 1431 nec
2604 1392 2709 1431 non
2744 1378 2878 1434 alios
2901 1394 3091 1436 omnes
3120 1382 3434 1454 quicunque
3456 1386 3542 1441 hic

1970 1464 2222 1519 vixerunt
2246 1464 2427 1534 impie.
2460 1465 2538 1521 Ac
2567 1467 2861 1536 quomodo,
2904 1470 2948 1526 si
2974 1469 3087 1526 haec
3110 1487 3215 1526 non
3253 1472 3326 1527 ita
3355 1488 3414 1530 se
3440 1474 3540 1528 ha-

1970 1555 2117 1623 bent,
2170 1556 2370 1627 poterit
2423 1558 2600 1627 magia
2646 1560 2978 1617 subsistere?
3012 1564 3255 1633 Cumque
3316 1565 3407 1621 ille
3451 1582 3539 1622 re-

1971 1650 2314 1719 spondisset,
2364 1652 2438 1707 ita
2470 1668 2591 1708 esse
2621 1654 2687 1709 de
2714 1653 2924 1719 inferis,
2963 1671 3063 1727 ego
3086 1657 3453 1729 interrogavi:
3487 1668 3542 1714 et

1969 1756 2067 1795 cur
2102 1743 2203 1812 ipsi
2254 1744 2489 1815 magiam
2523 1761 2779 1801 exercere
2820 1763 2927 1801 non
2974 1749 3247 1818 timemus,
3284 1751 3378 1822 qui
3403 1753 3538 1809 certi

1969 1852 2165 1893 sumus
2191 1836 2260 1893 de
2291 1837 2469 1907 pmnis
2501 1838 2753 1894 adulterii
2780 1840 2920 1908 apud
2954 1840 3160 1898 inferos
3174 1842 3205 1896 ἲ
3230 1843 3430 1914 Stupro
3466 1845 3539 1901 si-

1966 1928 2186 1998 quidem
2250 1929 2521 1984 nolentem
2582 1929 2839 1985 feminam
2893 1932 3277 2002 comprimere,
3327 1936 3537 2006 justum

1965 2032 2088 2075 esse
2118 2034 2227 2074 non
2268 2020 2557 2076 assentior.
2591 2019 2695 2077 Sed
2723 2022 2767 2077 si
2797 2022 2921 2093 quis
2965 2039 3355 2093 persuasurum
3381 2042 3439 2082 se
3470 2029 3537 2083 il-

1965 2112 2074 2168 lam
2120 2113 2429 2183 pollicetur,
2462 2115 2530 2170 ad
2573 2115 2627 2170 id
2657 2131 2757 2188 ego
2784 2131 2905 2172 sum
2930 2106 3175 2186 paratus,
3207 2118 3540 2190 insuperque

1964 2205 2174 2261 habebo
2204 2207 2455 2275 gratiam.

2038 2297 2149 2353 Vll.
2194 2298 2417 2370 Excepit
2464 2304 2675 2373 Appion
2711 2303 2945 2361 :Nonne
2999 2307 3096 2362 tibi
3140 2307 3353 2363 videtur
3395 2306 3536 2362 idem

1963 2406 2104 2459 esse,
2140 2392 2255 2449 sive
2284 2409 2380 2463 per
2420 2396 2655 2466 magiam
2691 2413 2753 2454 ea
2780 2400 3029 2468 potiaris,
3074 2400 3190 2455 sive
3227 2414 3321 2470 per
3345 2399 3510 2455 verbo

1962 2486 2447 2556 rum_suadelam?
2494 2486 2765 2558 Respondi
2814 2506 2963 2562 ego:
3023 2490 3141 2546 Non
3188 2491 3411 2547 omnino
3437 2505 3538 2561 par

1963 2585 2047 2633 est
2094 2596 2109 2634 :
2154 2579 2385 2634 multum
2422 2580 2623 2651 quippe
2666 2581 2830 2638 distat
2869 2599 3038 2638 unum
3082 2583 3151 2638 ab
3188 2584 3388 2648 altero;
3442 2582 3537 2653 qui

1962 2672 2106 2726 enim
2144 2671 2372 2727 invitam
2403 2674 2688 2730 mulierem
2734 2690 2833 2745 per
2860 2674 2969 2729 vim
3000 2676 3191 2746 magiae
3220 2675 3384 2745 cogit,
3420 2684 3537 2730 tan-

1960 2777 2127 2834 quam
2160 2763 2449 2819 insidiator
2480 2765 2689 2835 pudica:
2723 2766 3077 2836 gravissimas
3116 2766 3265 2821 dabit
3295 2780 3485 2836 prunas
3517 2782 3532 2820 :

1961 2855 2057 2925 qui
2102 2871 2231 2911 vero
2266 2871 2520 2913 sermone
2547 2860 2839 2929 persuasit,
2870 2869 3046 2930 atque.
3079 2858 3133 2913 in
3161 2859 3281 2928 ejus
3307 2857 3534 2913 arbitrio

1961 2963 2027 3004 ac
2058 2948 2335 3005 voluntate
2367 2949 2552 3020 posuit
2579 2950 2916 3018 electionem,
2966 2951 3012 3006 is
3054 2965 3164 3005 non
3196 2950 3375 3004 intulit
3399 2950 3530 3004 vim.

1960 3038 2139 3096 Minus
2186 3047 2389 3107 autem,
2442 3040 2653 3110 opinor,
2703 3041 2959 3111 punietur
2999 3041 3091 3112 qui
3137 3041 3330 3107 suasit,
3365 3054 3532 3110 quam

269 3137 381 3205 οῦν,
410 3140 463 3192 εἰ
502 3138 603 3211 μὲν
626 3141 811 3195 πεῖσαι
843 3138 1091 3205 δύνασαι,
1128 3140 1287 3213 χάριν
1314 3139 1421 3207 ἕξω
1451 3138 1743 3213 ἐπιτυχὼν,
1762 3142 1857 3199 ἀλ-

1961 3132 2053 3201 qui
2096 3132 2291 3202 coegit.
2344 3132 2612 3200 Quocirca
2656 3135 2703 3189 si
2740 3134 2959 3204 quidem
2990 3134 3319 3204 persuadere
3354 3145 3529 3203 p0tes,

268 3232 376 3297 λως
412 3234 471 3288 δὲ
502 3233 655 3305 ⁴ἥδιόν
683 3234 728 3267 ⁸³
764 3251 855 3305 μοι
884 3234 1138 3289 τεθνάναι
1174 3233 1403 3306 μᾶλλον,
1437 3234 1470 3307 ἢ
1498 3236 1597 3307 τὴν
1626 3235 1699 3307 μὴ
1730 3235 1856 3307 βου-

267 3324 503 3396 λομένην
540 3325 733 3396 βιαίως
759 3327 1163 3396 ὲπαναγκάσαι.

342 3417 478 3472 Vlll.
514 3420 625 3474 Καὶ
669 3422 697 3474 ὁ
755 3420 1017 3485 Ἀππίων,
1053 3419 1270 3493 ἀληθῶς
1293 3420 1602 3492 διαπορῶν,
1633 3421 1759 3494 ἔφη·
1792 3422 1856 3476 Τί

270 3528 334 3580 με
366 3511 478 3583 χρὴ
514 3512 653 3583 πρὸς
681 3512 741 3566 σὲ
773 3512 991 3581 λέγειν;
1026 3513 1163 3566 Ποτὲ
1200 3512 1300 3584 μὲν
1339 3512 1449 3585 γὰρ
1480 3513 1556 3576 ὡς
1588 3514 1695 3567 ύπὸ
1718 3512 1854 3586 ἔρω-

264 3622 350 3667 τος
392 3604 790 3676 ἐνοχλούμενος
829 3604 966 3679 εὔχῃ
1012 3608 1291 3681 ἐπιτυχεῖν
1313 3644 1329 3670 ,
1364 3605 1494 3660 ποτὲ
1536 3606 1594 3660 δὲ
1640 3607 1717 3670 ὡς
1755 3607 1855 3661 οὐκ

266 3696 405 3769 ἐρῶν
434 3696 482 3729 ⁸⁵
513 3699 616 3769 τῆς
641 3698 938 3769 ἐπιθυμίας
974 3701 1247 3772 προτιμᾷς
1276 3699 1369 3753 τὸν
1398 3698 1561 3770 φόϐον
1582 3738 1596 3762 ,
1632 3701 1726 3753 καὶ
1753 3700 1855 3754 οίει

267 3789 463 3853 πείσας
495 3790 597 3861 μὲν
642 3790 719 3853 ὡς
750 3791 1131 3863 ἀναμάρτητος
1174 3790 1391 3849 ἔσεσθαι
1422 3790 1730 3855 ἀνεύθυνος,
1762 3791 1854 3864 βίᾳ

265 3883 315 3936 δὲ
351 3886 426 3956 τῇ
460 3884 563 3954 τῆς
597 3884 829 3953 μαγείας
854 3882 1127 3955 ἐπιτυχὼν
1163 3883 1383 3955 ὑφέξειν
1411 3885 1456 3917 ⁸⁸
1488 3885 1664 3959 δίκην.
1713 3885 1852 3939 Ἀλλ’

263 3975 482 4044 ἀγνοεῖς
526 3975 604 4039 ὡς
650 3976 713 4029 τὸ
761 3974 914 4042 τέλος
955 3975 1157 4040 παντὸς
1210 3977 1535 4049 πράγματος
1583 3977 1850 4051 κρίνεται,

262 4067 336 4120 ὅτι
368 4067 625 4136 γέγονεν,
678 4067 739 4122 οὐ
777 4065 841 4121 τδ
871 4066 988 4131 πῶς
1018 4068 1207 4138 γέγονε
1236 4069 1610 4142 δοκιμάζεται.
1646 4070 1755 4124 Καὶ
1785 4072 1850 4124 σὺ

260 4160 329 4224 δὲ,
350 4161 456 4214 ἐὰν
493 4159 813 4234 μοιχεύσῃς,
838 4161 898 4215 οὐ
920 4162 1112 4233 δήπου,
1139 4163 1343 4235 μαγείᾳ
1375 4163 1472 4236 μὲν
1497 4162 1762 4236 δυνηθεὶς,
1776 4164 1852 4229 ὡς

259 4252 468 4324 ἀσεϐὴς
487 4253 534 4286 ⁸⁸
571 4252 852 4327 κριθήσῃ,
906 4255 1102 4319 πείσας
1149 4255 1227 4319 δὲ,
1260 4254 1360 4327 τῆς
1406 4244 1547 4312 κατὰ
1600 4256 1698 4327 τὴν
1733 4273 1851 4329 μοι-

259 4348 408 4419 χείαν
434 4345 717 4419 ἁμαρτίας
742 4345 1061 4419 ἀπολυθήσῃ
1085 4364 1098 4413 ;
1133 4346 1303 4418 Κάγὼ
1330 4348 1485 4419 ἔφην·
1509 4347 1608 4401 Διά
1634 4347 1693 4401 τὸ
1719 4349 1850 4421 ὲρᾷν

260 4442 483 4503 πάντως
506 4457 597 4511 μοι
622 4440 981 4512 προκειμένου
1019 4439 1178 4511 139
1205 4443 1387 4511 τυχεῖν
1412 4440 1515 4511 τῆς
1544 4440 1846 4514 ἐρωμένης,
1879 4487 1925 4544 D

259 4532 474 4603 ἀνάγκη
509 4532 609 4604 μέν
632 4549 721 4603 μοι
755 4531 967 4586 ἑλέσθαι
1003 4532 1250 4606 θάτερον,
1283 4534 1582 4607 αἱρήσομαι
1609 4532 1689 4599 δὲ,
1720 4535 1770 4587 εί
1802 4534 1844 4567 σν

258 4620 357 4679 οἷόν
384 4644 475 4691 τε,
502 4624 835 4680 κολακεῦσαι
860 4624 1078 4697 μᾶλλον,
1114 4625 1147 4697 ἢ
1189 4627 1481 4699 μαγεῦσαι.
1545 4627 1685 4681 Ἀλλ’
1722 4627 1844 4683 οὐδὲ

260 4719 516 4791 κολακείᾳ
567 4718 776 4773 πείθειν
818 4719 989 4793 αὐτὴν
1031 4721 1231 4793 ῥᾴδιὀνσ
1286 4721 1428 4778 πάνυ
1467 4721 1577 4794 γάρ
1624 4722 1776 4776 ἐστιν
1805 4722 1841 4795 ἠ

257 4814 384 4887 γυνὴ
418 4812 738 4886 φιλόσοφος.

320 4992 411 5049 IX.
457 4992 579 5047 Καὶ
616 4995 646 5047 ὁ
696 4990 945 5047 ’.ἱππίων
987 4992 1113 5065 ἔφη·
1159 4993 1346 5066 Ταύτῃ
1381 4993 1582 5065 μᾶλλον
1620 4994 1843 5063 εὔελπίς

258 5089 367 5158 είμι
404 5087 623 5142 πείθειν
660 5087 706 5118 ⁸⁸
749 5086 921 5158 αὐτὴν
970 5086 1315 5157 δυνήσεσθαι,
1351 5087 1427 5152 ὡς
1459 5089 1621 5154 αὐτὸς
1644 5090 1837 5161 θέλεις,

255 5183 407 5254 εἰπερ
438 5198 510 5252 γε
564 5180 966 5253 προσομιλῆσαι
993 5180 1130 5251 αὐτῇ
1159 5180 1453 5251 δυνάμεθα.
1491 5182 1661 5253 Κάγὼ
1699 5187 1837 5241 ἀπε-

260 5276 553 5348 κρινάμην
614 5274 918 5329 Ἀδύνατον.
964 5274 1074 5328 Καί
1120 5276 1149 5327 ὁ
1200 5275 1441 5329 Ἀππίων
1488 5276 1737 5344 ἐπύθετο,
1786 5281 1837 5335 ει

1959 3226 2187 3298 gratiam
2212 3227 2426 3283 habebo
2459 3242 2684 3298 compos
2720 3227 2895 3285 factus
2923 3248 2937 3285 :
2972 3228 3129 3285 aliter
3157 3242 3287 3284 vero
3316 3228 3533 3285 dulcius

1958 3321 2092 3375 mihi
2125 3321 2264 3376 mori
2296 3337 2460 3392 quam
2508 3323 2783 3378 nolentem
2807 3324 2857 3378 vi
2888 3324 3123 3395 adigere.

2029 3413 2163 3470 Vill.
2221 3413 2286 3469 Et
2321 3415 2533 3485 Appion
2564 3431 2691 3470 vere
2731 3416 2930 3471 dubius
2966 3417 3131 3471 animi
3171 3416 3307 3473 dixit
3343 3436 3356 3472 :
3389 3415 3531 3484 Quid

1958 3520 2046 3560 me
2071 3506 2168 3560 tibi
2191 3505 2343 3561 effari
2369 3506 2622 3576 oportet?
2653 3506 2932 3563 interdum
2960 3510 3108 3565 enim
3134 3510 3294 3580 quasi
3324 3511 3531 3566 amoris

1956 3597 2247 3668 impatiens
2276 3598 2384 3652 frui
2414 3598 2724 3667 desideras;
2760 3600 3031 3656 interdum
3060 3616 3208 3670 vero,
3233 3603 3390 3673 quasi
3422 3618 3529 3670 non

1956 3705 2127 3759 ames,
2184 3699 2389 3746 metum
2444 3693 2732 3761 anteponis
2784 3693 3067 3762 cupidini,
3120 3703 3176 3750 et
3227 3695 3528 3760 existimas,

1953 3785 2122 3855 quod,
2179 3785 2225 3839 si
2272 3786 2631 3855 persuaseris,
2682 3787 2904 3856 impune
2954 3795 3213 3856 tanquam
3265 3788 3360 3857 qui
3418 3802 3528 3842 non

1952 3878 2260 3949 peccaveris
2289 3880 2514 3946 evades;
2542 3880 2628 3934 sin
2660 3894 2789 3933 vero
2821 3894 2917 3949 per
2947 3879 3212 3947 magicam
3246 3880 3350 3934 vim
3377 3895 3532 3935 com-

1954 3985 2052 4041 pos
2084 3970 2195 4025 voti
2218 3970 2339 4037 tias,
2372 3984 2568 4040 pmnas
2600 3968 2779 4023 dabis.
2814 3966 2921 4022 Sed
2946 3969 3190 4038 ignoras,
3231 3966 3529 4038 cujuscun-

1951 4079 2059 4135 que
2113 4063 2319 4136 negotii
2356 4062 2517 4118 finem
2567 4062 2824 4134 iudicari,
2871 4070 2926 4118 et
2970 4061 3205 4128 factum,
3251 4076 3360 4115 non
3397 4060 3527 4116 facti

1951 4157 2173 4213 modum
2203 4156 2460 4228 expendi.
2504 4155 2570 4211 Et
2608 4171 2739 4212 vero
2774 4166 2829 4210 tu
2861 4156 2907 4211 si
2939 4154 3265 4211 adulterium
3294 4154 3526 4210 commi-

1951 4251 2110 4317 seris,
2137 4249 2382 4321 nunquid
2403 4291 2418 4319 ,
2456 4265 2554 4321 per
2579 4250 2818 4321 magiam
2849 4262 3094 4318 compos,
3127 4255 3386 4318 tanquam
3418 4247 3526 4302 ini-

1950 4345 2076 4415 pius
2108 4343 2582 4411 condemnaberis,
2626 4358 2723 4413 per
2751 4341 3062 4398 suasionem
3102 4356 3247 4403 vero,
3273 4340 3341 4395 ab
3373 4338 3527 4395 adul-

1956 4436 2077 4493 terii
2132 4446 2356 4508 peccato
2403 4436 2741 4492 absolveris?
2789 4434 2857 4489 Et
2904 4448 3005 4507 ego
3060 4432 3356 4503 respondi:
3386 4431 3523 4487 Cum

1952 4546 2153 4599 amem,
2204 4530 2542 4600 omninoque
2572 4528 2704 4584 mihi
2732 4543 3033 4601 proponam
3057 4526 3163 4583 frui
3195 4535 3402 4594 amata,
3429 4541 3525 4581 ne-

1949 4638 2104 4679 cesse
2145 4623 2367 4693 quidem
2403 4630 2488 4678 est
2520 4630 2580 4677 ut
2624 4622 2853 4676 alterum
2882 4621 3078 4692 eligam
3100 4661 3117 4687 ,
3154 4620 3341 4675 malim
3369 4634 3521 4686 vero,

1948 4717 1996 4774 si
2046 4715 2280 4772 facultas
2319 4723 2443 4782 est,
2490 4715 2805 4771 adulatione
2851 4714 2950 4778 uti,
2977 4729 3142 4785 quam
3182 4713 3379 4783 magia.
3415 4712 3522 4767 Sed

1944 4824 2047 4866 nec
2086 4809 2367 4865 blanditiis
2408 4807 2569 4865 facile
2617 4807 2722 4864 erit
2762 4805 3046 4863 mulierem
3086 4806 3152 4861 ad
3190 4820 3521 4862 consensum

1946 4904 2235 4971 adducere,
2267 4903 2428 4959 valde
2452 4903 2598 4958 enim
2627 4902 2911 4973 sapientize
2939 4900 3183 4956 studiosa
3209 4908 3314 4956 est.

2018 4992 2112 5050 IX.
2161 4993 2229 5048 Et
2255 4994 2467 5065 Appion
2502 5011 2515 5049 :
2543 4991 2621 5048 Eo
2651 4993 2844 5064 magis,
2876 4992 3075 5069 inquit,
3101 4992 3243 5046 bona
3271 5005 3358 5044 me
3392 5002 3518 5057 spes

1944 5084 2129 5152 habet,
2164 5099 2327 5156 posse
2364 5084 2414 5139 ei
2454 5084 2793 5155 persuaderi,
2841 5080 3303 5154 quemadmodum
3333 5076 3534 5174 cupi-5,;

1942 5180 1989 5235 si
2016 5193 2143 5235 cum
2159 5195 2222 5235 ea
2246 5179 2484 5249 colloqui
2507 5178 2685 5232 detur.
2714 5173 2828 5245 Ego
2859 5174 3138 5246 respondi,
3161 5171 3276 5226 fieri
3305 5166 3512 5239 nequit.

1940 5277 2155 5349 Appion
2191 5286 2374 5332 autem
2420 5274 2729 5331 sciscitatus
2764 5281 2886 5341 est,
2930 5287 3060 5326 num
3089 5274 3274 5342 posset
3301 5265 3368 5321 ad
3391 5279 3512 5321 eam

1538 5413 1775 5471 VARUS
1830 5417 2233 5475 LECTIONES.

226 5486 245 5525 ’⁵
329 5509 409 5580 ιι,
441 5504 851 5580 ιάπειρήᾳᾳνςςς
886 5504 968 5580 _c_1
1018 5551 1040 5580 _,
1077 5504 1429 5580 Qttoboniani
1488 5505 1896 5580 ἀπειθείσαντες
1944 5511 2084 5576 idem
2144 5512 2308 5575 valet,
2367 5508 2770 5580 ἀπελθήσαντες
2820 5506 2883 5563 c.

258 5574 710 5654 gendpse.__‘_‘“’
738 5575 1000 5654 Olegitjn
1015 5574 1311 5654 indicativo
1336 5576 1517 5654 €15th
1541 5576 1587 5654 ‘3
1604 5579 1832 5654 μαγείαν
1856 5581 1918 5654 C.
1934 5574 2070 5637 Tum
2092 5584 2184 5637 ἐπὶ
2209 5581 2508 5654 μοιχείαμον.

3020 5507 3067 5541 ⁸⁷
3093 5500 3401 5572 φλεγόμενα
3442 5500 3511 5568 Ο,

2608 5578 2805 5659 ’ζιςι-
2840 5574 3114 5659 μετείην
3141 5573 3227 5659 0.:
3256 5573 3325 5659 σέ·
3353 5589 3507 5659 φερε
3560 5610 3563 5615 ·

262 5649 301 5725 :17
316 5659 370 5725 et
402 5648 463 5725 δ,
536 5638 982 5725 {myxos};
1015 5646 1211 5725 Verum
1246 5638 1616 5725 ialit'vid’it-S.‘
1642 5638 1787 5725 ldem
1809 5651 2014 5717 παίσας
2037 5638 2331 5709 mendose?
2390 5638 2435 5725 δέ
2466 5650 2612 5721 ἥδιόν
2631 5648 2696 5725 _S.
2724 5638 2812 5709 0V,
2836 5638 3099 5725 ἥδειόνϐ.
3176 5638 3507 5725 ἐξαίρῴνρ.

262 5721 309 5795 ξι
330 5718 520 5795 ὑφέξιν
563 5714 643 5795 0.-
697 5713 1058 5795 ξθάσεϐήσας
1080 5717 1144 5772 C.
1225 5718 1269 5751 ι’
1296 5716 1546 5772 siaddidi
1577 5733 1628 5773 c.
1664 5716 1711 5773 0
1760 5738 1773 5775 :
1804 5737 1968 5792 quam
1993 5713 2340 5795 particulam
2398 5713 2588 5777 deesse
2624 5720 2737 5791 jam
2766 5713 3076 5788 suspicatus
3110 5724 3189 5771 cst
3223 5714 3281 5769 S.
3316 5713 3322 5714 “
3360 5713 3405 5747 ⁸⁸
3434 5713 3510 5769 Ita

266 5785 303 5842 8
329 5830 347 5856 ,
370 5782 580 5843 πείσειν
604 5784 645 5841 C
692 5782 759 5841 0.
