4004 6332
409 327 505 383 179

1282 326 1340 386 S.
1365 330 1751 389 CLEMENTIS
1782 335 1801 389 l
1834 332 1999 388 ROM.
2030 326 2228 387 ΡΟΝΤ.
2260 328 2491 385 OPERA
2520 326 2750 387 DUBIA.

3502 291 3648 378 'tso

400 443 592 503 scribi.
616 443 681 499 Et
716 457 820 515 ego
842 440 955 499 dixi
994 439 1052 500 id
1075 443 1294 514 quidem
1333 446 1448 499 fieri
1479 462 1657 514 posse.
1691 443 1829 499 Tum
1860 446 1968 516 Ap-

2090 441 2365 496 ,πιστεῖλαι
2407 440 2543 512 αὐτῇ
2573 439 2795 495 δυνατόν
2827 439 2996 493 ἐστιν.
3030 437 3201 509 Κάγὼ
3223 436 3377 509 ἔφην·
3406 434 3644 489 Δυνατδν

401 537 528 603 pion
560 553 572 588 :
604 534 722 589 Jam
754 544 911 589 nocte
941 536 1044 590 hac
1074 537 1413 593 conscribam
1434 538 1695 600 libellum,
1721 538 1969 595 nuncius:

2090 531 2224 584 τοῦτό
2252 548 2335 599 γε.
2372 532 2481 583 Καὶ
2499 532 2527 583 6
2571 529 2814 583 ’Δππίων
2842 528 2966 599 ἔφη’
2997 529 3119 580 Ἔτι
3140 528 3184 560 ⁸⁸
3212 529 3279 597 τῇ
3300 525 3454 577 νυκτὶ
3470 523 3645 595 ταύτῃ

400 623 655 689 laudem;
700 640 860 693 quem
911 634 966 679 tu
1013 641 1043 679 a
1088 640 1173 680 me
1200 636 1477 696 acceptum
1508 626 1575 681 ad
1602 642 1721 682 eam
1755 626 1967 695 mittes;

401 724 455 766 et
486 730 644 783 spero
669 720 814 785 quod
840 716 974 769 ﬂexa
1004 718 1326 772 consentiet.
1358 717 1537 788 Atque
1578 718 1788 788 Appion
1820 732 1974 773 com-

405 806 635 875 positam
690 823 810 862 eam
855 810 1141 879 epistolam
1194 810 1328 864 mihi
1369 810 1537 876 dedit,
1568 809 1636 865 de
1674 826 1781 879 qua
1813 817 1973 865 nocte

407 896 507 952 ista
563 899 795 969 cogitavi
847 916 1121 971 quamque
1164 913 1465 971 opportune
1508 902 1828 958 recordatus
1850 918 1971 957 sum

408 1005 496 1043 me
521 990 724 1045 habere
752 1007 862 1046 una
894 1007 1017 1048 cum
1059 993 1182 1048 aliis
1224 994 1439 1060 libellis,
1477 1008 1617 1064 quos
1642 1009 1854 1049 mecum
1880 994 1975 1050 de-

409 1080 546 1137 fero.
586 1081 710 1137 Haec
735 1099 856 1139 cum
894 1101 1237 1154 narrassem,
1270 1087 1581 1143 astantibus
1619 1086 1831 1143 ostendi
1856 1087 1975 1157 epi-

411 1174 629 1239 stolam,
680 1175 1003 1247 cupidisque
1045 1178 1235 1235 audire
1260 1179 1503 1237 recitavi.
1542 1179 1752 1251 Legens
1793 1189 1975 1235 autem

412 1266 557 1320 dixi:
588 1265 711 1323 Hzec
736 1276 840 1335 est,
857 1283 890 1323 ο
907 1269 1029 1336 viri,
1057 1269 1371 1327 Grecorum
1394 1273 1701 1343 disciplina,
1725 1289 1847 1343 qua:
1870 1274 1979 1328 lar—

415 1372 534 1425 gam
576 1360 778 1427 prwbet
818 1360 884 1414 ad
930 1362 1208 1418 audaciter
1243 1365 1575 1435 peccandum
1605 1366 1975 1421 occasionem.

416 1444 651 1550 Epistola
684 1465 810 1505 vero
835 1450 908 1505 ita
938 1451 1191 1508 habebat.

486 1624 557 1681 X.
581 1628 809 1684 Amator
837 1640 1031 1687 amata:
1058 1630 1291 1703 (absque
1313 1632 1628 1690 nominibus
1654 1643 1874 1706 propter
1904 1635 1982 1689 le-

419 1732 511 1786 ges
534 1734 564 1772 a
595 1720 775 1776 stultis
808 1722 1123 1779 hominibus
1157 1724 1420 1795 saucitas)
1442 1724 1601 1795 jussu
1624 1726 1862 1793 Amoris,
1885 1742 1983 1781 an-

420 1809 716 1879 1iquissimi
742 1814 986 1868 omnium
1012 1815 1188 1885 pueri,
1220 1816 1451 1871 salutem
1476 1816 1627 1873 dicit.
1659 1817 1899 1889 Cognovi
1929 1828 1982 1873 te

420 1903 664 1959 animum
695 1906 760 1960 ad
788 1908 1027 1963 studium
1060 1910 1345 1980 sapientia:
1369 1911 1662 1980 applicare,
1690 1919 1745 1966 et
1776 1912 1846 1965 ob
1872 1910 1982 1965 vir-

421 2004 589 2050 tutem
628 1998 873 2054 aemulari
903 2000 1412 2075 meliorumlvitam.
1443 2002 1675 2069 Quinam
1710 2018 1839 2058 vero
1870 2020 1985 2059 me-

420 2092 584 2149 liores
607 2094 736 2160 sint,
769 2112 931 2165 quam
957 2098 1100 2152 inter
1128 2098 1311 2152 omnia
1341 2099 1439 2164 dii,
1487 2107 1542 2153 et
1572 2100 1713 2154 inter
1736 2100 1984 2155 homines

420 2183 764 2254 philosophi?
794 2185 873 2240 illi
908 2202 1147 2257 namque
1186 2189 1286 2243 soli
1314 2189 1495 2243 sciunt
1523 2204 1771 2259 quamam
1798 2206 1861 2243 ex
1894 2204 1985 2244 ac-

418 2277 661 2332 tionibus
697 2290 888 2333 natura
913 2280 1022 2334 sint
1045 2281 1198 2335 malae
1224 2292 1319 2337 aut
1341 2281 1516 2348 bonae,
1541 2291 1596 2336 et
1616 2297 1864 2351 quaenam
1890 2296 1987 2352 per

424 2368 601 2440 legum
622 2370 839 2425 decreta
877 2372 1032 2435 tales,
1062 2387 1184 2428 cum
1212 2386 1322 2427 non
1352 2372 1483 2440 sint,
1514 2373 1834 2429 habeantur.
1864 2373 1986 2428 Jam

418 2476 549 2532 ergo
586 2462 935 2531 adulterium,
984 2464 1128 2534 quod
1168 2464 1385 2528 dicitur,
1429 2466 1676 2519 nonnulli
1717 2466 1985 2521 actionem

422 2555 619 2610 malam
653 2570 773 2612 esse
807 2556 1175 2623 crediderunt,
1205 2557 1331 2613 licet
1364 2557 1674 2612 omnimode
1703 2557 1843 2612 bona
1875 2558 1985 2624 sit;

422 2662 547 2701 nam
589 2649 655 2702 ad
689 2649 905 2718 generis
949 2649 1457 2719 multiplicationem
1498 2650 1657 2720 jussu
1704 2649 1986 2719 Cupidinis

420 2751 723 2796 exercetur.
752 2740 848 2797 Est
872 2752 1051 2798 autem
1072 2743 1284 2813 Cupido
1310 2745 1537 2799 deorum
1568 2743 1815 2798 omnium
1846 2743 1990 2798 anti-

421 2838 750 2907 quissimus;
806 2838 1014 2909 absque
1061 2839 1206 2893 enim
1252 2838 1519 2909 Cupidine
1548 2853 1659 2895 non
1694 2839 1987 2895 clemento«

423 2945 567 2996 rum,
616 2945 723 2984 non
758 2930 1006 2999 deorum,
1056 2947 1164 2987 non
1210 2932 1516 2999 hominum,
1563 2947 1671 2987 non
1703 2932 1988 2987 brutorum

422 3023 809 3090 animantium,
854 3039 964 3079 non
1014 3033 1335 3079 ceterorum
1369 3025 1613 3079 omnium
1664 3040 1990 3097 congressus

2072 624 2370 693 συγγράψω
2403 623 2623 693 βιϐλίον,
2663 622 2909 694 μοιχείας
2936 620 3229 691 ἐγκώμιον,
3260 620 3395 690 ὅπερ
3426 618 3491 670 σὺ
3516 617 3646 689 παρ’

2073 715 2208 787 ἐμοῦ
2242 714 2417 768 λαϐὼν
2449 714 2772 786 διαπέμψεις
2798 715 2973 785 αὐτῇ,
3016 712 3111 765 καὶ
3176 710 3378 774 ἐλπίζω
3412 711 3493 762 ὅτι
3525 724 3649 763 ηει-

2075 809 2263 862 σθεῖσα
2283 809 2623 879 συνθήσεται.
2655 808 2766 860 Καὶ
2794 805 3113 877 συγγράψας
3144 807 3173 859 6
3203 803 3444 855 Ἀππίων
3471 801 3649 855 ἐκεῖνο

2073 901 2134 954 τὸ
2169 901 2371 972 βιϐλίον
2420 900 2590 953 ἐδίδου
2618 898 2743 971 ἐμοὶ⁸
2768 938 2782 963 ,
2829 898 2957 970 περὶ
2983 891 3044 951 οὐ
3091 896 3185 949 καὶ
3224 896 3281 947 ἐν
3318 896 3383 964 τῇ
3415 891 3571 945 νυκτὶ
3597 891 3648 923 ⁷⁸

2074 994 2244 1066 ταύτῃ
2289 994 2566 1065 ἐνενόησα,
2618 992 2713 1045 καὶ
2757 990 3027 1062 εὐκαίρως
3054 990 3099 1021 ⁷⁸
3150 989 3290 1058 ἔχειν
3328 986 3460 1041 αὐτὸ
3511 985 3651 1039 ὐπε-

2079 1086 2350 1159 μνήσθην,
2379 1086 2475 1139 σύν
2500 1085 2679 1149 ἄλλοις
2705 1083 2928 1155 βιϐλίοις
2954 1078 3034 1146 οἷς
3056 1083 3169 1153 μετ’
3199 1078 3433 1152 ἐμαυτοῦ
3461 1079 3507 1109 ⁷²
3529 1080 3652 1132 ἐπι-

2078 1178 2333 1250 φέρομαι.
2365 1177 2772 1249 Διηγησάμενος
2805 1176 2863 1229 δὲ
2886 1174 3058 1228 ταῦτα
3084 1174 3259 1239 ἔδειξα
3277 1174 3389 1234 τοῖς
3417 1169 3653 1241 παροῦσι

2076 1268 2373 1341 τὸξβιὸλίον
2395 1310 2410 1334 ,
2445 1270 2537 1323 καὶ
2570 1268 2911 1339 βουλομένοις
2942 1265 3243 1320 ἐπακοῦσαι
3267 1263 3526 1329 ἀνέγνων,
3560 1260 3656 1314 καὶ

2078 1362 2143 1433 δὴ
2186 1363 2449 1432 ἀναγνοὺς
2480 1362 2635 1434 ἔφην·
2670 1360 2818 1433 Αὐτη
2858 1362 3025 1423 ἐστὶν,
3070 1359 3281 1429 ἄνδρες,
3320 1359 3354 1428 ὴ
3388 1356 3497 1409 τῶν
3532 1354 3655 1408 Ἐλ-

2079 1453 2254 1525 λήνων
2303 1456 2556 1519 παιδεία,
2605 1454 2855 1525 γενναίαν
2901 1452 3153 1506 ὑπόθεσιν
3192 1450 3387 1521 ἔχουσα
3429 1448 3563 1519 πρὸς
3593 1446 3658 1500 τὸ

2080 1546 2253 1611 ἀδεῶς
2301 1546 2717 1620 ἐξαμαρτάνειν.
2764 1546 2837 1599 Τὸ
2863 1545 2919 1599 δὲ
2954 1544 3153 1616 βιϐλίον
3198 1540 3265 1615 ἦν
3306 1541 3478 1604 οὕτως
3509 1540 3653 1611 ἔχον.

2149 1638 2220 1694 Χ.
2255 1639 2314 1693 '0
2340 1639 2479 1711 ἐρῶν
2504 1643 2569 1713 τῇ
2592 1639 2841 1712 ἐρωμένῃ
2866 1636 3183 1709 (ἀνωνύμως
3208 1634 3295 1689 διὰ
3319 1634 3443 1697 τοὺς
3464 1634 3527 1684 ὲκ
3545 1631 3659 1685 τῶν

2082 1734 2323 1807 ἀνοήτων
2364 1732 2665 1805 ἀνθρώπων
2706 1730 2920 1803 νόμους)
2970 1732 3259 1798 ἐπιταγαῖς
3292 1729 3529 1798 Ἔρωτος
3559 1723 3658 1778 τοῦ

2084 1830 2300 1884 πάντων
2330 1825 2704 1902 πρεσϐυτάτου
2735 1824 2922 1886 παιδὸς
2950 1823 3110 1894 χάριν
3139 1822 3206 1875 ⁷⁸.
3255 1820 3413 1892 ιω
3444 1820 3661 1887 Ἔγνων

2085 1940 2145 1977 σε
2168 1921 2454 1994 φιλοσοφίᾳ
2475 1920 2522 1952 ⁷⁸
2542 1917 3001 1992 προσανέχουσαν,
3037 1914 3131 1968 καὶ
3149 1914 3350 1985 ἀρετῆς
3381 1912 3544 1965 ἕνεκα
3565 1909 3660 1963 τὸν

2082 2016 2191 2070 τῶν
2239 2014 2561 2088 κρειττόνων
2607 2010 2872 2085 ζηλοῦσαν
2928 2009 3059 2079 βίον.
3119 2007 3273 2069 Τίνες
3322 2006 3379 2058 δὲ
3429 2003 3494 2058 ἂν
3548 1998 3661 2056 εἶεν

2084 2109 2413 2181 κρείττονες,
2442 2108 2476 2177 ἢ
2505 2107 2618 2160 θεοὶ
2645 2106 2741 2177 μὲν
2771 2104 3045 2164 ἁπάντων,
3078 2098 3379 2171 ἀνθρώπων
3409 2097 3466 2151 δὲ
3495 2097 3544 2149 οἰ
3571 2113 3661 2175 φι-

2083 2201 2332 2270 λόσοφοι;
2364 2199 2523 2252 Οὗτοι
2549 2197 2655 2269 γὰρ
2678 2197 2826 2268 μόνοι
2856 2191 3178 2255 ῐσασιν,τῶν
3198 2191 3372 2262 ἔργων
3406 2191 3533 2242 ποῖα
3559 2187 3661 2258 μέν

2084 2297 2230 2347 ἐστιν
2243 2294 2399 2363 φύσει
2412 2291 2558 2345 κακὰ
2569 2290 2600 2362 ἦ
2613 2291 2903 2353 καλά,ποῖα
2915 2290 3047 2358 δὲτῇ
3064 2286 3171 2339 τῶν
3187 2284 3363 2356 νόμων
3377 2282 3547 2346 θέσει,
3558 2280 3661 2334 οὐκ

2084 2387 2235 2451 ὄντα,
2269 2385 2565 2456 νομίζεται.
2588 2382 2793 2436 Αὐτίκα
2815 2380 2944 2450 γοῦν
2971 2380 3069 2451 τὴν
3087 2377 3381 2449 λεγομένην
3413 2371 3663 2447 μοιχείαν

2088 2479 2283 2551 πρᾶξίν
2327 2494 2470 2541 τινες
2490 2476 2849 2546 ὑπειλήφασιν
2869 2468 3007 2525 εἶναι
3034 2470 3231 2541 κακὴν,
3260 2468 3438 2522 καίτοι
3487 2463 3663 2536 καλὴν

2086 2571 2225 2626 κατὰ
2263 2570 2437 2625 πάντα
2469 2568 2835 2639 ὑπάρχουσανο
2887 2568 2967 2630 είς
2999 2563 3106 2636 γὰρ
3136 2564 3232 2633 τὴν
3272 2560 3366 2615 τοῦ
3415 2559 3526 2632 βίου
3559 2574 3661 2610 πο-

2087 2662 2334 2731 λυγονίαν
2367 2662 2653 2729 ἐπιταγαῖς
2688 2660 2928 2729 Ἔρωτος
2951 2656 3179 2726 γίνεται.
3219 2656 3398 2726 Ἔρως
3428 2653 3483 2705 δέ
3512 2654 3663 2704 ἐστιν

2087 2755 2116 2807 ὁ
2156 2754 2374 2808 πάντων
2417 2751 2555 2806 θεῶν
2598 2751 2987 2823 πρεσϐύτατος⁸
3022 2749 3150 2802 ἄνευ
3188 2746 3296 2818 γὰρ
3323 2746 3387 2815 δὴ
3420 2745 3664 2816 Ἔρωτος

2088 2847 2149 2899 οὐ
2200 2844 2497 2916 στοιχείων,
2552 2844 2612 2897 οὐ
2670 2842 2826 2907 θεῶν,
2872 2842 2971 2895 οὐκ
3024 2838 3343 2912 ἀνθρώπων,
3391 2837 3452 2889 οὐ
3508 2832 3665 2899 ζώων

2088 2940 2325 3008 ἀλόγων,
2358 2938 2421 2991 οὐ
2456 2936 2564 2990 τῶν
2601 2935 2804 2989 λοιπῶν
2835 2933 3088 2988 ἁπάντων
3129 2930 3273 3003 μίξις
3306 2929 3340 3000 ἢ
3373 2928 3583 2997 γένεσις
3614 2925 3662 2955 ⁷⁸

2089 3032 2341 3103 γενέσθαι
2371 3030 2612 3084 δύναται’
2644 3028 2845 3091 πάντες
2874 3026 2983 3098 γάρ
3013 3044 3095 3079 τοι
3130 3023 3334 3097 ὄργανά
3371 3024 3535 3092 ἐσμεν
3564 3019 3662 3074 τοῦ

422 3116 506 3170 vel
544 3117 819 3187 generatio
873 3116 988 3171 ﬁeri
1048 3127 1258 3186 potest;
1309 3132 1500 3173 omnes
1539 3119 1737 3175 etenim
1772 3118 1986 3175 Amoris

2097 3128 2357 3199 Ἔρωτος.
2393 3121 2565 3186 Αὐτὸς
2608 3121 2665 3176 δὲ
2694 3122 2742 3155 ’⁸
2779 3122 2807 3175 6
2863 3120 2930 3173 δι’
2979 3118 3136 3193 ἡμῶν
3168 3116 3413 3188 τεχνίτης
3461 3114 3666 3177 παντὸς

422 3221 614 3264 sumus
643 3207 1019 3262 instrumenta.
1065 3207 1168 3262 Sed
1226 3209 1343 3277 ipse
1385 3224 1481 3279 per
1535 3225 1636 3265 nos
1684 3210 1890 3281 opifex,
1919 3212 1990 3267 ad

423 3312 746 3358 cunctorum
777 3320 899 3374 qua
928 3304 1225 3375 gignuntur
1254 3308 1468 3363 animas
1492 3309 1809 3367 adveniens.
1837 3308 1990 3367 Unde

422 3410 533 3451 non
562 3396 781 3466 quando
815 3396 916 3466 ipsi
953 3398 1207 3465 volumus
1230 3441 1246 3463 ,
1288 3402 1382 3455 sed
1411 3402 1628 3471 quando
1653 3402 1722 3457 ab
1748 3418 1813 3457 eo
1834 3403 1993 3473 jubeo

422 3503 570 3555 mur,
616 3488 765 3544 illius
794 3489 1130 3545 voluntatem
1165 3490 1343 3546 facere
1389 3493 1786 3551 desideramus.
1834 3496 1993 3562 Quod

422 3579 492 3646 si,
523 3578 617 3649 qui
644 3580 763 3649 ejus
794 3580 1070 3636 voluntate
1092 3583 1364 3652 cupimus,
1388 3586 1735 3655 cupiditatem
1770 3597 1994 3658 propter

422 3670 477 3728 id
501 3670 648 3742 quod
669 3681 896 3728 vocatur
926 3672 1184 3742 pudicitia
1208 3674 1451 3730 nitamur
1471 3678 1852 3747 comprimere,
1882 3694 1994 3748 quo

421 3762 587 3817 modo
615 3764 745 3819 dum
785 3766 1030 3819 omnium
1060 3764 1287 3820 deorum
1313 3768 1705 3839 hominumque
1732 3771 1997 3841 antiquis-

421 3854 564 3911 simo
611 3854 974 3925 refragamur,
1025 3874 1133 3915 non
1182 3860 1476 3917 maximam
1524 3861 1855 3932 impietatem
1898 3863 1995 3919 ad-

422 3947 735 4006 mittemus?
1952 3940 1957 3941 ί

493 4038 585 4092 Xl.
646 4037 911 4097 Universa
959 4044 1143 4114 itaque
1202 4044 1302 4114 ipsi
1357 4055 1543 4114 aperta
1578 4045 1691 4101 sint
1728 4047 1890 4115 ostia,
1938 4056 1996 4103 et

421 4144 615 4187 omnes
663 4135 908 4190 molestae
932 4150 1000 4190 ac
1038 4137 1287 4192 ascititia:
1322 4138 1607 4194 solvantur
1631 4140 1815 4211 leges,
1848 4141 1995 4197 zelo-

423 4221 567 4292 typis
608 4222 926 4281 hominibus
968 4226 1181 4295 positas,
1233 4227 1324 4297 qui
1360 4236 1538 4283 mente
1574 4229 1738 4298 capti,
1768 4245 1868 4285 nec
1895 4244 1994 4284 vo-

424 4311 597 4369 lentes
659 4331 878 4387 aequum
929 4317 1263 4389 intelligere,
1331 4320 1666 4391 insuperque
1708 4331 1763 4376 et
1818 4323 1994 4379 dictos

424 4405 700 4462 adulteros
752 4410 1038 4479 suspicati,
1085 4425 1116 4465 a
1170 4409 1302 4465 Jove
1346 4411 1464 4482 ipso
1513 4428 1609 4482 per
1658 4412 1891 4469 Minoem
1939 4422 1995 4469 et

2090 3220 2183 3273 τοῦ
2216 3216 2552 3289 γεννωμένου
2595 3214 2794 3286 ψυχαῖς
2836 3213 3115 3285 ἐπιδημῶν
3158 3212 3274 3265 ἐστι
3321 3209 3461 3274 νοῦς.
3500 3207 3665 3262 Ὅθεν

2090 3313 2190 3366 οὐκ
2235 3312 2387 3365 αὐτοὶ
2426 3310 2687 3373 θέλοντες,
2722 3307 2835 3362 ἀλλ’
2880 3308 3005 3361 ὅταν
3038 3308 3128 3361 ὑπ’
3167 3305 3329 3359 αὐτοῦ
3360 3302 3666 3357 κελευσθῶ-

2093 3422 2212 3477 μεν,
2241 3404 2301 3458 τὸ
2330 3402 2536 3456 ἐκείνου
2558 3401 2800 3473 βούλημα
2824 3402 2996 3453 ποιεῖν
3026 3397 3415 3468 ἐπιθυμοῦμεν.
3448 3396 3511 3448 Οἱ
3540 3394 3598 3447 δὲ
3616 3394 3663 3425 ⁷⁷

2092 3496 2299 3552 ἐκείνου
2359 3495 2521 3567 βουλῇ
2571 3493 2982 3565 ἐπιθυμοῦντες,
3034 3491 3192 3563 χάριν
3228 3490 3326 3561 τῆς
3370 3487 3667 3558 λεγομένης

2095 3587 2450 3661 σωφροσύνης
2511 3588 2731 3659 κρατεῖν
2786 3586 2885 3657 τῆς
2948 3583 3241 3653 ἐπιθυμίας
3300 3579 3666 3651 ἐπιχειρήσω-

2096 3698 2197 3752 μεν
2240 3681 2308 3746 ⁷⁸,
2353 3680 2472 3744 πῶς
2520 3679 2598 3750 τῷ
2628 3678 2843 3732 πάντων
2884 3674 3239 3747 πρεσϐυτάτῳ
3290 3672 3426 3727 θεῶν
3470 3689 3529 3725 τε
3572 3670 3668 3723 καὶ

2094 3770 2397 3846 ἀνθρώπων
2442 3770 2895 3843 άντιπράττοντες
2928 3769 2973 3802 ⁷³
3005 3768 3065 3821 οὐ
3105 3766 3174 3820 τὰ
3204 3766 3435 3838 μέγιστα
3454 3764 3667 3834 άσεϐή-

2096 3882 2279 3938 σωμεν
2300 3882 2315 3931 ;

2163 4042 2255 4098 XI.
2315 4042 2477 4098 Ἀλλὰ,
2502 4043 2674 4097 πᾶσαι
2706 4042 2805 4114 μὲν
2832 4040 3189 4112 άνεῴχθωσαν
3218 4038 3264 4071 ⁸⁸
3304 4036 3452 4108 αὐτῷ
3484 4028 3667 4109 θύραι,

2095 4136 2295 4199 πάντες
2336 4135 2394 4189 δὲ
2429 4134 2692 4207 μοχθηροὶ
2727 4133 2880 4206 ιιι
2913 4134 3008 4186 καὶ
3053 4132 3197 4186 θετοὶ
3232 4130 3543 4184 λυέσθωσαν
3578 4129 3668 4181 νό-

2098 4248 2209 4301 μοι,
2259 4228 2581 4300 ζηλοτύποις
2629 4226 2937 4301 ἀνθρώποις
2980 4226 3239 4297 κείμενοι,
3289 4224 3521 4286 οἵτινες,
3563 4220 3671 4274 ὐπὸ

2095 4322 2281 4385 ἀνοίας
2312 4320 2673 4393 κρατούμενοι
2704 4319 2797 4373 καὶ
2832 4317 2894 4372 τὸ
2933 4318 3149 4386 εὐλογον
3180 4318 3318 4370 νοεῖν
3368 4316 3442 4387 μὴ
3484 4312 3669 4383 βουλό-

2102 4431 2273 4485 μενοι,
2308 4412 2533 4485 προσέτι
2572 4412 2629 4466 δέ
2658 4412 2752 4466 καὶ
2778 4412 2903 4475 τούς
2936 4410 3259 4481 λεγομένους
3292 4408 3510 4479 μοιχοὺς
3538 4406 3670 4476 ὑφο-

426 4494 905 4554 Bhadamanthum
939 4505 1087 4572 juste
1121 4500 1421 4557 illuduntur
1457 4502 1585 4558 latis
1607 4503 1839 4575 legibus.
1862 4502 1986 4560 Nam

2104 4504 2372 4578 ρώμενοι,
2413 4504 2505 4558 ὐπ’
2543 4501 2705 4556 αὐτοῦ
2743 4501 2836 4555 τοῦ
2881 4502 2999 4565 Διὸς
3032 4501 3121 4554 διά
3150 4516 3212 4569 γε
3240 4498 3334 4552 τοῦ
3378 4497 3531 4552 Μίνω
3573 4496 3672 4551 καὶ

425 4590 682 4645 Amorem
726 4593 930 4650 animis
977 4595 1323 4651 accedentem
1366 4612 1620 4655 coercere
1649 4614 1760 4655 non
1801 4615 2000 4669 possu-

425 4698 576 4738 mus.
619 4681 806 4753 Neque
847 4685 993 4740 enim
1022 4686 1363 4743 voluntarius
1396 4700 1483 4745 est
1515 4690 1816 4745 amantium
1839 4691 2001 4746 allec-

427 4784 538 4832 tus.
584 4774 701 4846 Ipse
730 4777 915 4847 itaque
955 4776 1189 4849 Jupiter,
1220 4781 1415 4835 barum
1442 4781 1621 4851 legum
1649 4782 1808 4849 lator,
1836 4782 2001 4836 innu-

430 4870 594 4941 meris
634 4870 931 4926 concubuit
966 4886 1093 4927 cum
1126 4867 1487 4942 mulieribus;
1535 4886 1588 4929 et
1618 4874 1836 4945 quidem
1873 4892 2002 4945 pro—

428 4969 547 5033 pter
573 4962 838 5032 quosdam
879 4963 1154 5033 sapientes
1199 4966 1346 5021 viros
1376 4966 1651 5022 beneﬁcus
1694 4967 1747 5022 in
1793 4967 1993 5023 libero-

428 5071 551 5111 rum
590 5056 962 5126 procrcatione
987 5055 1164 5113 factus
1207 5073 1599 5130 nonnunquam
1639 5076 1993 5132 congressum

428 5162 588 5203 suum
630 5148 946 5206 hominibus
984 5151 1225 5217 donavit,
1252 5150 1394 5221 apud
1426 5165 1523 5208 eos
1552 5167 1706 5220 vero,
1748 5153 1839 5223 qui
1870 5169 1994 5226 gra-

2096 4599 2192 4653 τοῦ
2248 4596 2649 4668 Ῥαδαμάνθυος
2687 4595 2731 4628 ⁸⁸
2809 4595 3043 4663 εὐλόγως
3092 4592 3264 4657 θετοίς
3310 4591 3591 4657 παίζονται
3623 4591 3671 4623 ⁸⁸

2098 4691 2304 4762 νόμοις.
2340 4690 2561 4762 Ἔρωτα
2588 4688 2697 4761 γὰρ
2727 4687 3143 4759 ἐπιδημήσαντα
3171 4684 3369 4756 ψυχαῖς
3399 4684 3497 4737 οὐχ
3524 4682 3672 4736 ἔστιν

2098 4784 2365 4854 ἐπισχεῖν.
2414 4782 2488 4835 Οὐ
2540 4780 2649 4852 γάρ
2688 4781 2837 4832 ἐστιν
2884 4778 3128 4831 ἑκούσιον
3166 4776 3227 4830 τὸ
3270 4777 3379 4830 τῶν
3422 4773 3673 4847 ἐρώντων

2101 4874 2290 4938 πάθος.
2325 4873 2534 4927 Αὐτίκα
2566 4873 2695 4942 γοῦν
2736 4872 2765 4924 6
2796 4872 2930 4935 Ζεὺς
2961 4870 3142 4934 αὐτὸς,
3164 4872 3192 4923 6
3212 4869 3415 4923 τούτων
3444 4868 3671 4940 νομοθέ-

2096 4986 2226 5041 της,
2259 4967 2475 5039 μυρίαις
2507 4965 2795 5038 συνήλυθεν
2832 4964 3102 5034 γυναιξὶν,
3136 4963 3231 5018 καὶ
3260 4963 3350 5016 ὐπ’
3382 4962 3537 5015 ἐνίων
3571 4962 3672 5033 μὲν

2102 5060 2281 5130 σοφῶν
2328 5058 2622 5132 εὐεργέτης
2668 5059 2804 5131 πρὸς
2848 5056 3206 5120 τεκνοποιίαν,
3240 5055 3408 5110 ἐνίοτε
3447 5055 3544 5125 τὴν
3574 5056 3675 5108 αὐ-

2099 5153 2194 5207 τοῦ
2248 5152 2394 5225 μίξιν
2431 5150 2479 5185 ⁸³
2532 5148 2838 5224 ἀνθρώποις
2906 5148 3264 5222 δωρούμενος
3335 5150 3464 5221 παρ’
3502 5144 3584 5211 οἷς
3612 5145 3674 5201 δὲ

1696 5314 1937 5369 ἾΑΒΙΑΞ
1986 5312 2387 5370 LECTIONES.

502 5436 550 5470 σο
600 5496 603 5497 ν
623 5426 709 5480 ἐπί
760 5424 908 5497 conj.
934 5425 1022 5497 7D.

430 5498 477 5555 0
506 5540 521 5561 ,
553 5496 805 5568 εὔκαιρος
928 5496 983 5552 in
1010 5506 1180 5552 textu.
1306 5499 1353 5530 "
1380 5498 1455 5553 ita
1485 5499 1523 5554 S
1554 5540 1569 5561 .

1168 5428 1216 5464 τ’
1250 5428 1344 5481 καί
1382 5429 1632 5484 omittere
1683 5444 1790 5483 non
1847 5428 2075 5482 debebat
2128 5427 2167 5483 S
2233 5444 2285 5484 c.
2327 5426 2411 5482 Cl.

2556 5428 2601 5461 ‘"
2656 5424 2812 5497 Hanc
2863 5427 2925 5485 Ci
2982 5426 3352 5497 conjecturam
3381 5424 3671 5497 conﬁrmat

1631 5498 1995 5579 ιεξθζ,έαρῖεοῦ
2037 5498 2113 5579 ,β’
2148 5498 2217 5579 Q;
2248 5496 2732 5579 _.’:Lss;.xa€9m
2756 5495 2814 5579 ἓ·
2889 5497 3039 5579 tua
3060 5495 3554 5579 ο;.θιθῐι.οριιὶςριο
3579 5495 3670 5567 ον

433 5565 747 5639 φιλοσοφίαν
772 5567 902 5625 id.in
926 5578 1096 5623 textu.
1158 5570 1219 5639 7"
1249 5568 1498 5639 γέννησις
1519 5570 1582 5625 C.
1633 5565 1704 5601 ”⁷⁶
1730 5570 1786 5622 δέ
1811 5570 1935 5639 add.
1954 5585 2003 5623 c.
2033 5567 2096 5623 Ο.
2172 5570 2217 5602 ⁷⁷
2243 5568 2287 5621 δ’
2313 5565 2374 5621 C.
2394 5565 3177 5639 VélrhiclegendugnEiproOl,
3194 5568 3278 5639 vel
3298 5566 3436 5639 infra
3459 5566 3556 5620 ἐὰν
3569 5565 3671 5635 p04

434 5636 671 5727 ίιειιάιξιιι
691 5640 1001 5727 saw?“-
1024 5640 1118 5727 ευ
1145 5636 1319 5727 Pe“.
1468 5640 1883 5727 έτεξκξιρήσιμεν
1908 5638 2004 5727 ολ
2049 5638 2248 5727 τ’,ιῗρείι
2269 5636 2722 5727 sufficias;
2748 5636 3495 5727 ίη,οηιεείιυτηάνειίεκρρεέντ
3520 5640 3669 5727 ενιοά

433 5725 498 5764 ex
528 5708 878 5830 sequentibus
900 5707 1180 5780 perperam
1212 5710 1449 5780 irrepsit.
1516 5707 1939 5780 ’δάνεῴχθωσαν
1962 5707 2027 5771 Ο,
2058 5710 2238 5775 utjam
2269 5707 2551 5778 proposuit
2590 5707 2656 5788 5.;
2691 5707 3039 5781 ἀνεῴχθησαν
3078 5709 3140 5763 C.
3214 5707 3667 5779 “‘Pabapdtveou

434 5777 500 5830 0.
526 5776 573 5807 ⁸³
626 5783 678 5830 tu
720 5776 764 5830 Ο
805 5794 854 5830 c.
902 5781 972 5830 δε
1034 5781 1338 5830 ,παίσονται
1372 5780 1439 5830 C.
1523 5782 1571 5814 ⁸³
1604 5782 1741 5830 ποὺς
1760 5779 2336 5830 τεκνοποιίωζένοήθη.
2358 5779 2457 5830 τὴν
2480 5780 2645 5830 αὐτου
2674 5778 2817 5830 μίξιν
2849 5780 3129 5830 leuandum
3152 5788 3338 5830 censet.
3358 5778 3419 5830 υ.

434 5776 573 5836 Ο.⁸¹
604 5776 678 5831 Ita
720 5776 764 5831 Ο
805 5794 854 5835 (;.
902 5776 972 5846 S;

1033 5778 1338 5852 ιπαίσονται
1372 5780 1439 5837 C.
1523 5782 1571 5814 ⁸³
1604 5778 2336 5854 πρδςέτεκνοποιίανλένοηθη,
2358 5779 2457 5852 τὴν
2480 5778 2645 5834 αὐτοῦ
2673 5778 2817 5850 μίξιν
2836 5778 3129 5850 legendum
3152 5788 3338 5837 censet
3358 5778 3419 5834 υ.
