4004 6332
282 327 303 381 I
316 323 383 380 85
1411 319 1835 378 CLEMENTINA

1942 351 1968 359 -
1996 318 2280 377 HOMIIJA
2321 318 2386 377 V.
3430 321 3528 379 136

274 440 467 503 ⁸τνιέους
491 436 626 511 (89),
666 434 929 508 Ὀρφέωςθ
961 434 1211 497 Διόνυσος
1236 433 1293 487 δὲ
1328 432 1614 498 Λαόνιδος,
1657 431 1835 503 Ἀμπέι

1963 431 2262 502 Cyparissi,
2304 430 2561 503 Amyclae,
2590 430 2782 499 Troili,
2830 431 3063 488 Branchi
3099 428 3373 505 Tymmei,
3404 436 3528 491 Pari

272 533 397 595 λου,
437 527 727 601 Ύμεναίου
744 526 787 592 ⁸,
829 525 1257 599 Ἑρμαφροδίτου
1282 565 1296 589 ,
1344 524 1668 596 Ἀχιλλέωςθ
1689 541 1702 556 ο
1737 526 1765 577 ὁ
1795 522 1835 577 δΞ

1956 526 2287 595 Potniensis,
2314 526 2514 599 Orphei
2537 545 2552 595 ;
2582 525 2829 582 Bacchus
2850 542 2979 583 vero
2999 525 3276 593 Laonidis,
3295 527 3527 598 Ampeli,

284 617 617 691 Ἀσκληπιὸς
644 615 958 670 Ἱππολύτου
976 632 989 647 ο
1014 616 1108 668 καὶ
1131 616 1435 685 ’Ἥφαιστος
1466 614 1714 686 Πηλέως·
1739 614 1835 667 Πὰι

1954 617 2259 692 Hymenaei,
2285 618 2745 689 Hermaphroditi,
2769 619 3031 686 Achillis;
3065 617 3414 691 Eseulapius
3438 637 3529 676 au-

271 713 326 766 δὲ
342 711 608 780 Δάφνιδος
630 710 672 741 ¹⁰
688 725 703 740 ·
731 708 761 761 ό
782 707 839 761 δὲ
853 707 1059 779 Ἑρμῆς
1079 707 1355 779 Περσέως,
1372 708 1608 781 Χρύσου,
1622 708 1835 780 Θέρσουη

1953 722 2060 767 tem
2094 711 2409 783 Hippolyti;
2466 710 2745 767 Vulcanus
2796 708 2985 779 Pelei;
3023 711 3136 766 Pan
3191 712 3524 783 Daphnidis;

282 801 572 875 Ὀδρύσου·
616 799 890 873 Ἡρακλῆς
918 799 976 854 δὲ
1007 798 1264 871 ’Δὸδήρου
1293 798 1426 872 (90),
1456 800 1716 872 Δρύοπος,
1756 800 1835 854 Ἰο

1951 812 2007 859 at
2034 803 2334 860 Mercurius
2361 803 2567 869 Persei,
2594 801 2842 873 Chrysae,
2872 801 3094 866 Thersi,
3122 800 3315 874 Odrysi
3341 822 3357 871 ;
3391 804 3528 859 Her-

269 898 495 963 κάστου,
519 894 871 966 Φιλοκτήτου,
896 892 1055 958 ’Υλα,
1076 892 1293 965 Πολυφή
1302 910 1423 964 μου,
1443 892 1691 964 Αἴμονος,
1725 892 1835 947 Χώ-

1950 896 2100 952 cules
2126 895 2361 966 denique
2389 895 2506 949 Abd
2518 895 2619 961 eri,
2654 894 2905 965 Dryopis,
2936 892 3159 961 locasti,
3180 893 3522 964 Philoctetis,

267 1007 381 1055 νου,
412 984 739 1059 Εὐρυσθέως
763 984 827 1038 ⁸⁸.

332 1181 476 1239 XVI.
508 1180 736 1235 Πάντων
780 1174 873 1234 οῦν
903 1196 985 1233 σοι
1012 1178 1121 1232 τῶν
1150 1176 1567 1251 ὲπισημοτέρων
1614 1176 1751 1231 θεῶν
1780 1176 1846 1231 ὲκ

270 1279 467 1351 μέρους
493 1277 624 1340 τοὺς
651 1274 860 1347 ἔρωτας
880 1273 1218 1347 παρεθέμην,
1252 1272 1504 1344 φιλτάτη,
1527 1272 1593 1326 ἵν’
1610 1273 1653 1305 ⁸³
1675 1272 1841 1344 εἰδῇς,

266 1370 343 1422 ὅτι
377 1370 563 1441 μόνοις
596 1365 905 1440 ἀνθρώποις
930 1368 1043 1423 τοῖς
1066 1360 1314 1437 ἀνοήτοις
1346 1366 1476 1438 περὶ
1505 1363 1665 1419 τοῦτο
1692 1365 1841 1434 γίνε-

264 1477 350 1514 ται
370 1459 695 1532 ζηλοτυπία.
730 1457 821 1511 Διὸ
848 1458 942 1511 καί⁵
990 1457 1173 1530 θνητοὶ
1214 1457 1594 1528 τυγχάνουσιν,
1625 1456 1719 1510 καὶ
1744 1454 1840 1507 λυ-

266 1552 451 1626 πηρῶς
474 1551 572 1605 τδν
598 1551 711 1623 βίον
741 1549 1092 1616 διατελοῦσιν,
1115 1552 1196 1606 ὅτι
1220 1550 1289 1605 τὰ
1317 1550 1541 1616 δόξαντα
1560 1553 1673 1614 τοῖς
1700 1549 1841 1613 θεοῖς

266 1645 398 1699 καλὰ
426 1646 587 1699 αὐτοὶ
611 1644 699 1698 διὰ
727 1642 817 1697 τὸν
846 1642 1028 1699 αὐτῶν
1056 1644 1220 1716 ζῆλον
1266 1642 1414 1697 κακὰ
1454 1638 1592 1698 εἶναι
1620 1642 1837 1715 ἀπεφή-

265 1752 433 1789 ναντο.
498 1735 764 1808 Μακαρία
804 1730 896 1790 οῦν
946 1732 1047 1809 ἔσῃ
1100 1732 1197 1788 τοῦ
1242 1733 1468 1798 λοιποῦ,
1527 1733 1835 1806 μιμουμένη

264 1824 409 1888 θεοὺς
431 1827 529 1879 καὶ
546 1826 647 1879 οὐκ
671 1825 768 1879 ἀνθ
778 1822 1332 1897 ρώπους.Ἀνθρωποι
1353 1822 1482 1896 γὰρ,
1505 1824 1603 1895 τὴν
1622 1823 1839 1894 νομιζο-

266 1918 425 1989 μένην
466 1916 823 1989 σωφροσύνην
860 1916 1057 1980 ἰδόντες
1081 1916 1124 1947 ¹³
1152 1934 1212 1969 σε
1241 1915 1728 1986 διαφυλάσσουσαν,
1750 1912 1837 1968 διὰ

261 2011 317 2062 τὸ
329 2010 458 2063 ἴδιον
472 2009 649 2073 πάθος
678 2009 959 2063 ἐπαινοῦσι
989 2008 1110 2081 μὲν,
1140 2008 1241 2063 οὐκ
1265 2007 1533 2078 ὠφελοῦσι
1561 2007 1647 2061 δέ·
1670 2006 1839 2061 θεοὶ¹⁸

261 2100 332 2167 δὲ,
361 2100 789 2172 ὲξομοιουμένην
837 2118 897 2155 σε
942 2102 1154 2165 ἑαυτοῖς
1189 2099 1446 2173 ὁρῶντες,
1489 2099 1584 2154 καὶ
1624 2099 1838 2155 ἐπαινέ-

262 2208 405 2251 σουσι
439 2194 536 2247 καὶ
562 2192 961 2265 ὠφελήσουσιν.

328 2282 492 2339 XVII.
526 2284 757 2354 Λόγισαι
794 2285 902 2357 γάρ
940 2301 1059 2357 μοι,
1092 2284 1267 2347 πόσας
1294 2283 1598 2356 ἠμείψαντο
1628 2286 1838 2358 ἐρωμέ-

269 2393 391 2439 νας,-
421 2371 491 2430 div
517 2376 617 2439 τὰς
654 2376 755 2450 μὲν
796 2375 1217 2449 κατηστέρισαν,
1246 2376 1409 2429 τινῶν
1454 2375 1512 2429 δὲ
1548 2376 1642 2430 καὶ
1673 2378 1838 2433 τέκνα

272 2467 367 2521 καὶ
392 2468 675 2538 συνεργοὺς
696 2467 1089 2541 εὐηργέτησαν.
1122 2468 1330 2523 Αὐτίκα
1356 2468 1485 2538 γοῦν
1498 2472 1632 2535 Ζεὺς
1664 2490 1835 2544 κατη-

272 2558 933 2632 στέρισενΚαλλιστὼ,τὴν
953 2559 1252 2632 λεγομένην
1278 2561 1512 2634 Ἀρκτον
1535 2563 1756 2636 μικρὰν,
1770 2564 1836 2635 ἢν

266 2652 358 2705 καὶ
380 2653 732 2725 Κυνόσουραν
757 2654 801 2689 ¹⁸
838 2653 997 2726 146
1028 2655 1489 2728 προσαγορεύουσι
1523 2674 1669 2720 τινες
1691 2657 1827 2728 (91)·

260 2744 528 2796 Ποσειδῶν
551 2744 779 2815 δελφῖνα
792 2745 879 2799 διὰ
898 2745 996 2817 τὴν
1030 2744 1385 2819 Ἀμφιτρίτην
1414 2746 1631 2814 ὲνέταξε
1651 2748 1730 2819 τῷ
1748 2748 1837 2802 ού-

259 2833 401 2903 ρανῴ
416 2852 429 2865 ο
453 2836 549 2887 καὶ
572 2835 926 2906 Ὠρίωνα,τδν
941 2835 1223 2910 Εὐρυάλης
1242 2837 1338 2907 τῆς
1357 2836 1531 2902 Μίνω,
1545 2837 1609 2891 δι’
1630 2838 1704 2891 Εὐ
1714 2838 1837 2912 ρυά-

255 2925 347 2996 λην
365 2929 466 2998 τὴν
491 2928 706 2999 μητέρα
723 2927 830 2982 τῶν
849 2928 1064 3000 ἄστρων
1084 2926 1439 3001 κατηξίωσεν·
1474 2930 1726 2995 Διόνυσος
1743 2928 1834 2985 τὸν

267 3015 551 3087 Ἀριάδνης
600 3016 883 3086 στέφανον.
934 3018 1070 3083 Ζεὺς
1100 3018 1191 3072 τὸν
1223 3019 1383 3074 ἀετὸν
1421 3023 1833 3093 συνεργήσαντα

1950 987 2129 1058 Hylae,
2178 985 2536 1059 Polyphemi,
2569 983 2880 1044 Haemonis.
2916 982 3094 1040 Choui
3139 993 3304 1055 atque
3349 985 3524 1060 Eury-

1947 1077 2110 1133 sthei.

2014 1166 2157 1224 XVI.
2183 1165 2438 1224 Omnium
2488 1169 2672 1239 itaque
2711 1167 3071 1223 illustriorum
3122 1165 3353 1224 deorum
3417 1169 3518 1223 tibi

1945 1275 2161 1315 amores
2182 1276 2247 1315 ex
2271 1273 2425 1331 parte
2453 1260 2733 1331 proposui,
2762 1259 3112 1325 charissima,
3142 1269 3200 1315 ut
3252 1275 3523 1331 agnosce-

1943 1366 2052 1418 res,
2076 1352 2215 1423 apud
2240 1353 2386 1408 solos
2408 1353 2657 1408 homines
2681 1351 2908 1409 stolidos
2931 1351 3064 1407 oriri
3093 1367 3155 1406 ea
3181 1366 3250 1406 ex
3288 1369 3347 1407 re
3375 1352 3521 1407 zelo-

1943 1442 2167 1514 typiam.
2200 1442 2380 1509 Quare
2400 1453 2453 1499 et
2497 1443 2754 1498 mortales
2776 1451 2925 1509 sunt,
2952 1444 3233 1513 vitamque
3264 1444 3317 1497 in
3351 1444 3522 1500 tristi-

1943 1536 2017 1591 tia
2045 1536 2402 1607 transigunt:
2437 1535 2564 1606 quia
2594 1552 2717 1606 quae
2759 1551 2790 1590 a
2838 1535 2944 1590 diis
2980 1535 3303 1605 judicantur
3351 1536 3517 1601 bona,

1940 1626 2044 1697 ipsi
2071 1628 2186 1682 zelo
2216 1641 2317 1683 suo
2344 1626 2493 1681 ducti
2512 1626 2653 1679 mala
2674 1640 2794 1680 esse
2829 1630 3073 1679 censent.
3148 1622 3315 1695 Igitur
3364 1622 3521 1678 deiu-

1941 1734 2069 1789 ceps
2097 1718 2207 1774 eris
2228 1718 2406 1784 beata,
2426 1717 2471 1773 si
2500 1717 2631 1772 deos
2662 1715 2914 1781 imiteris,
2933 1730 3041 1769 non
3074 1714 3346 1770 homines.
3380 1712 3518 1768 Nam

1944 1810 2213 1875 homines,
2240 1808 2420 1864 intuiti
2449 1817 2499 1864 te
2522 1824 2741 1864 servare
2763 1823 2927 1879 quam
2957 1816 3150 1878 putant
3178 1807 3516 1873 castitatem,

1941 1912 2163 1973 propter
2199 1903 2449 1958 allectum
2474 1901 2753 1972 preprium
2778 1901 3004 1957 laudant
3035 1900 3280 1970 quidem,
3310 1908 3366 1953 at
3407 1913 3518 1953 non

1941 1998 2199 2067 adjuvant
2222 2014 2236 2051 :
2260 1996 2336 2051 dii
2362 2012 2514 2063 vero,
2538 2011 2665 2051 cum
2688 2002 2741 2052 te
2767 1994 3093 2066 spectabunt
3116 1993 3221 2048 sibi
3256 1991 3515 2055 similem,

1941 2089 2105 2145 simul
2140 2088 2435 2143 laudabunt
2473 2104 2538 2144 ac
2567 2103 2723 2159 opem
2766 2086 2963 2143 ferent.

1972 2282 1977 2287 ’
2010 2284 2170 2341 XVII.
2206 2284 2397 2356 Cogita
2446 2286 2589 2342 enim
2621 2286 2777 2351 mihi,
2808 2301 2973 2356 quam
3009 2285 3211 2340 multas
3268 2298 3516 2340 remune-

1940 2377 2041 2431 rati
2070 2376 2279 2432 fuerint
2312 2377 2516 2432 amicas
2544 2397 2557 2432 :
2589 2394 2652 2431 ex
2698 2378 2897 2447 quibus
2922 2378 3059 2432 alias
3088 2377 3308 2448 quidem
3356 2386 3507 2431 retu-

1938 2468 2119 2523 lerunt
2145 2468 2199 2523 in
2228 2483 2518 2524 numerum
2552 2469 2857 2535 stellarum,
2884 2470 3115 2524 aliarum
3141 2485 3268 2524 vero
3293 2478 3345 2525 et
3373 2470 3508 2524 libe-

1937 2575 2029 2617 ros
2070 2569 2125 2616 et
2176 2559 2453 2630 adjutores
2494 2559 2774 2615 beneﬁciis
2823 2561 3141 2617 affecerunt.
3209 2559 3330 2615 Jam
3379 2546 3512 2632 ergo

1937 2653 2149 2723 Jupiter
2179 2653 2529 2709 Callistonem
2562 2654 2772 2708 stellam
2796 2651 2945 2720 fecit,
2975 2668 3099 2723 qua:
3121 2661 3348 2707 vocatur
3379 2650 3516 2707 Ursa

1937 2745 2139 2808 minor,
2179 2759 2455 2814 quamque
2506 2744 2851 2815 Cynosuram
2905 2743 3182 2814 appellant
3238 2743 3511 2798 nonnulli.

1935 2834 2218 2907 Neptunus
2247 2837 2300 2891 in
2324 2837 2462 2893 cmlo
2486 2836 2776 2892 collocavit
2804 2836 3114 2907 Delphium,
3148 2837 3508 2907 Amphitrites

1935 2929 2148 3000 gratia:
2182 2938 2237 2984 et
2284 2927 2541 2983 Orionem
2584 2945 2653 2983 ex
2699 2928 2951 3001 Euryale,
2996 2928 3193 2985 Minois
3228 2928 3360 2994 ﬁlia,
3410 2944 3513 2983 na-

1937 3028 2049 3075 tum
2084 3027 2305 3090 propter
2339 3029 2566 3073 matrem
2593 3017 2861 3091 Euryalen
2910 3020 3071 3075 astris
3109 3019 3352 3073 donavit.
3379 3017 3510 3074 Bac-

256 3108 342 3159 ὲπὶ
372 3111 441 3180 τῇ
475 3107 826 3181 Γανυμήδους
856 3109 1101 3180 ἁρπαγῇ,
1132 3109 1229 3164 καὶ
1252 3109 1413 3165 αὑτὸν
1443 3110 1535 3166 τὸν
1568 3112 1830 3186 Γανυμή-

1942 3113 2074 3168 chus
2130 3127 2391 3166 coronam
2436 3110 2706 3166 Ariadnae.
2756 3109 2969 3181 Jupiter
3011 3111 3277 3182 aquilam,
3309 3127 3417 3181 qua
3457 3112 3511 3168 in

252 3199 342 3270 δην
378 3200 432 3252 ἐν
470 3198 754 3270 Ὑδροχόου
781 3200 915 3271 τιμῇ
940 3197 1126 3266 ἔταξεν
1148 3214 1163 3231 ·
1196 3199 1292 3252 καὶ
1322 3198 1525 3272 ταῦρον
1551 3199 1618 3255 δι’
1646 3200 1832 3273 Εὐρώ-

254 3308 356 3363 πην
396 3291 681 3363 ἐτίμησεν.
726 3289 887 3344 Ἀλλὰ
918 3289 1013 3344 καὶ
1057 3289 1314 3363 Κάστορα
1363 3292 1457 3345 καὶ
1485 3292 1831 3366 Πολυδεύκην

252 3383 335 3436 καὶ
403 3381 628 3453 Ἑλένην
662 3381 814 3453 Λήδᾳ
870 3380 1226 3453 χαριζόμενος
1256 3381 1511 3453 ἐποίησεν
1563 3383 1827 3455 ἀστέρας’

251 3475 335 3527 καὶ
375 3472 597 3545 Περσέα
627 3471 718 3527 διὰ
744 3471 952 3544 Δανάην
974 3488 988 3502 ⁸
1024 3472 1117 3527 καὶ
1162 3472 1398 3545 Ἀρκάδα
1432 3474 1476 3506 ⁸⁸
1496 3474 1583 3528 διὰ
1629 3476 1830 3529 Καλλι-

253 3564 351 3618 στώ
370 3583 383 3597 ο
408 3565 711 3637 παρθένον,
731 3565 830 3637 τὴν
844 3564 937 3618 καὶ
959 3564 1148 3635 Δίκην,
1178 3564 1271 3618 διὰ
1301 3564 1470 3637 Θέμιν
1495 3582 1508 3596 ’
1554 3566 1829 3639 Ἠρακλέα

250 3656 329 3709 διὰ
370 3656 716 3728 Ἀλκμήνην.
763 3653 874 3708 Καὶ
893 3653 1076 3707 οὐκέτι
1107 3653 1331 3726 μηκύνω
1364 3655 1525 3710 πλέον
1546 3673 1560 3687 ο
1622 3657 1831 3729 μακρὸν

250 3749 300 3802 δὲ
334 3751 393 3804 τὸ
426 3752 557 3803 κατ’
589 3744 727 3811 εἶδος
754 3747 953 3816 λέγειν,
998 3747 1155 3809 ὅσους
1200 3745 1288 3799 διὰ
1319 3745 1521 3809 πολλὰς
1551 3748 1832 3820 ἐρωμένας

250 3843 689 3914 εὐηργετήκασιν
720 3839 769 3892 oi
804 3838 916 3893 θεοὶ¹
945 3840 1066 3902 ταῖς
1110 3837 1249 3909 πρὸς
1280 3836 1598 3909 ἀνθρώπους
1639 3856 1830 3894 κοινω-

250 3934 401 3999 νίαις,
442 3935 517 3996 ἃς
539 3934 591 3985 οί
619 3933 837 4003 ἀνόητοι
880 3931 957 3995 ὡς
988 3928 1167 3993 κακὰς
1191 3929 1423 4001 πράξεις
1454 3930 1831 4005 ἀπαγορεύου-

252 4043 345 4093 σιν,
373 4027 488 4081 ούκ
520 4024 724 4088 ειδότες
770 4024 851 4078 ὅτι
877 4022 1036 4095 ἡδονή
1067 4022 1273 4094 ἐστινὴ
1305 4022 1517 4099 μεγάλη
1546 4024 1604 4078 ὲν
1622 4023 1833 4098 ἀνθρώ-

255 4134 363 4183 ποις
390 4116 727 4180 ἀπόλαυσις.

310 4400 511 4459 XVIII.
545 4398 615 4455 Τί
650 4398 748 4466 δέ;
784 4394 879 4452 καὶ
899 4395 1011 4452 τῶν
1037 4394 1220 4467 σοφῶν
1262 4396 1314 4451 οί
1364 4395 1683 4469 περιϐόητοι
1734 4398 1834 4473 οὐχ

1933 3204 2192 3274 rapiendo
2222 3202 2534 3275 Ganymede
2564 3220 2699 3259 usus
2730 3202 2947 3259 fuerat:
2994 3205 3290 3275 ipsumque
3325 3204 3511 3277 Gany-

1933 3295 2146 3350 medcm
2192 3294 2247 3348 in
2276 3296 2503 3366 Aquarii
2542 3298 2751 3352 honore
2809 3298 3094 3352 constituit
3129 3313 3142 3350 :
3174 3313 3239 3354 ac
3296 3308 3513 3354 taurum

1933 3385 2227 3441 honoravit
2279 3386 2349 3442 ob
2402 3384 2699 3457 Europam.
2760 3385 2901 3454 Quin
2926 3397 2981 3443 et
3016 3389 3325 3455 Castorem,
3379 3386 3508 3443 Pol-

1932 3479 2110 3535 lucem
2143 3495 2207 3535 ac
2237 3478 2522 3547 Helenam,
2553 3479 2713 3535 Leda:
2734 3480 3073 3551 gratiﬁcans,
3108 3481 3294 3537 stellas
3335 3480 3464 3537 fecit
3493 3478 3515 3537 :‘

1931 3580 1985 3627 et
2007 3569 2289 3636 Perseum,
2325 3584 2545 3641 propter
2572 3571 2836 3627 Danaen:
2877 3581 2931 3628 et
2970 3572 3257 3638 Arcadem,
3289 3584 3513 3643 propter

1939 3660 2294 3716 Callistonem
2330 3679 2344 3717 :
2379 3662 2667 3732 virginem,
2701 3679 2823 3732 qua:
2850 3671 2906 3718 et
2926 3662 3077 3730 Dice,
3106 3665 3177 3719 ob
3207 3662 3457 3719 Themim
3488 3681 3503 3719 :

1932 3751 2244 3819 llerculem,
2280 3762 2502 3822 propter
2530 3754 2872 3808 Alcmenam.
2903 3752 2971 3808 Et
3000 3769 3068 3808 ne
3099 3753 3279 3810 adhuc
3327 3755 3508 3825 magis

1932 3845 2233 3915 producam
2284 3860 2636 3913 sermonem;
2695 3846 2921 3917 longum
2955 3846 3102 3901 enim
3150 3855 3237 3901 est
3293 3846 3510 3916 singula

1932 3936 2156 4004 referre,
2184 3937 2236 3991 in
2275 3945 2408 4007 quot
2431 3938 2603 4005 alios,
2654 3939 2949 3993 multarum
2996 3938 3301 3994 amicarum
3352 3954 3506 4010 ergo,

1931 4026 2160 4083 beneﬁci
2190 4026 2502 4082 exstiterint
2542 4028 2642 4093 dii,
2676 4043 2773 4099 per
2818 4029 3091 4085 humanos
3135 4028 3455 4100 complexus
3486 4048 3502 4098 ;

1931 4134 2071 4190 quos
2120 4119 2272 4174 stulti
2318 4128 2376 4173 ut
2427 4121 2571 4175 mala
2620 4137 2785 4191 opera
2818 4122 3140 4191 prohibent,
3176 4122 3348 4192 ignari
3405 4136 3507 4177 vo-

1932 4207 2193 4278 luptatem
2243 4209 2548 4266 maximum
2592 4228 2716 4269 esse
2759 4213 2901 4269 inter
2952 4213 3205 4269 homines
3262 4229 3511 4269 commo-

1932 4301 2084 4356 dum.
2445 4358 2456 4371 ,

2006 4394 2195 4451 XVIII.
2234 4395 2378 4465 Quid
2413 4397 2586 4453 vero?
2640 4394 2831 4454 Nonne
2875 4406 2931 4454 et
2978 4398 3306 4471 sapientium
3366 4397 3508 4455 cele-

1534 4534 1764 4591 VARIE
1803 4535 2204 4593 LECTIONES.

308 4632 420 4687 'lta
443 4630 519 4687 Ο.
539 4645 597 4685 c.
625 4642 799 4697 marg.
826 4625 888 4697 Ci
917 4668 933 4694 ,
960 4626 1119 4694 cujus
1142 4633 1328 4697 textus
1358 4625 1506 4697 ’Υμα

1511 4626 1673 4701 ινέου.
1711 4698 1721 4701 _
1748 4629 1769 4661 ⁸
1810 4629 2104 4701 Ἀγχιλέως
2256 4629 2314 4701 _‘°
2340 4628 2510 4699 Δάφνι
2534 4626 2598 4684 Ο.

251 4705 449 4804 ρυθέως
473 4700 550 4758 Ο.
632 4699 675 4730 ¹¹
708 4694 795 4750 ἵνα
818 4695 883 4751 C.
959 4698 1003 4731 ’³
1031 4697 1197 4760 ίδότες
1220 4696 1286 4752 Ο.
1316 4694 1461 4751 Idem
1488 4694 1982 4779 διαφυλάττουσαν.

270 4783 291 4814 ι
313 4775 475 4814 νοιυλρ·
500 4768 681 4814 ηὐοάν
702 4767 765 4814 C-
843 4767 887 4799 η
915 4766 992 4814 [In
1019 4767 1064 4814 0
1118 4777 1172 4814 el.
1190 4765 1233 4814 C
1284 4782 1348 4814 ex
1377 4777 1636 4814 munem“
1670 4770 1851 4814 "Amm
1876 4772 1974 4814 nml

2676 4629 2718 4661 “
2748 4628 2830 4701 Ita
2860 4627 2941 4697 S.,
2978 4629 3296 4701 Εύρυστέως
3319 4630 3387 4691 0.
3407 4629 3507 4688 Εὑ-

2062 4702 2107 4742 ¹ι
2132 4698 2309 4770 Ιιειίο,
2333 4710 2389 4754 et
2409 4716 2476 4755 ex
2496 4700 2729 4770 conject.
2755 4700 2796 4755 C
2827 4740 2844 4758 .
2876 4701 2929 4754 in
2962 4698 3121 4770 cujus
3155 4710 3303 4757 textu
3342 4702 3502 4768 θεοῖς.

313 4765 475 4837 nos;
500 4768 681 4840 οὐράν
702 4767 765 4823 C.
843 4767 887 4844 ‘f
915 4766 993 4823 Ita
1019 4767 1064 4823 Ο
1118 4765 1233 4844 etC
1284 4782 1350 4823 ex
1377 4765 1638 4839 conject.,
1670 4770 1851 4841 Ἀρκα
1876 4772 1998 4826 cod.
2026 4770 2186 4827 llom.
2214 4769 2571 4827 Parisiensis.
2599 4765 2733 4826 Dein
2761 4772 2860 4844 τήν
2887 4771 2952 4841 0,
2974 4765 3116 4826 θιέχ
3144 4773 3378 4844 conject.
3414 4765 3505 4843 Ct,

249 4846 338 4914 qui
382 4848 451 4916 τῇ
484 4844 545 4897 in
580 4837 754 4906 textu,
779 4856 838 4892 τε
866 4837 1125 4910 ἰηλῐιιιτε.
1153 4840 1296 4899 Cor.

1570 4928 1930 4988 VARIORUM
1964 4927 2195 4983 NOTAE.

314 5047 427 5117 (89)
465 5045 751 5115 Βράγχου
796 5042 1062 5117 ΔΤυμνιαλο
1127 5041 1322 5117 πάρου
1370 5042 1674 5117 πςτνιόῳς.
1715 5042 1827 5117 _Ita
1859 5037 1903 5093 D
1930 5044 2087 5117 plura
2111 5041 2246 5117 nihil
2271 5042 2671 5117 necesseiCo‘r.

257 5121 301 5176 iu
324 5113 438 5173 ms.
474 5113 639 5172 Unde
675 5114 868 5169 conﬁci
902 5121 1094 5184 queat,
1136 5114 1385 5184 Βράγχου
1419 5113 1680 5183 Τυμνίου,
1715 5114 1829 5167 Πά-

312 5208 339 5240 υ
364 5185 669 5249 Ποτνιέως.
697 5182 933 5239 Branchi
956 5182 1191 5253 Tymm'i,
1211 5182 1342 5237 Pari
1373 5182 1705 5246 Potniensis;
1734 5194 1829 5240 aut

295 5260 501 5337 eam?
537 5256 862 5337 Ἀτυμγίουλ
893 5256 1084 5337 mea".
1108 5254 1542 5337 Πφτνιέωςς..εψι
1564 5254 1717 5337 ,ειυῐά
1753 5256 1829 5337 ai-

251 5323 613 5385 rn'ilel'Erant
641 5323 787 5381 enim
817 5323 1135 5381 Branchidae
1167 5325 1221 5378 in
1246 5341 1378 5394 agro
1406 5323 1636 5389 Milesio,
1666 5326 1825 5380 testi-

252 5398 351 5455 bus
378 5398 686 5462 Herodoto,
720 5395 1007 5461 Strabone,
1048 5392 1349 5462 Pausania;
1396 5404 1450 5451 et
1474 5394 1730 5459 ,Miletum
1761 5411 1826 5452 ac
1922 5393 2018 5449 τοῦ
2055 5392 2171 5465 υἱοῦ
2218 5393 2411 5465 Ἡρίμο

253 5466 527 5541 Tymnum
576 5468 633 5541 in
674 5468 831 5541 Caria
866 5465 1356 5541 ponit_Steph_anu_s
1394 5480 1408 5519 :
1443 5481 1613 5535 quare
1654 5465 1825 5541 Brant-

254 5535 391 5609 chus
429 5539 705 5609 Tymnius
751 5535 933 5609 forsan
981 5537 1159 5609 dictus
1202 5535 1404 5602 fuerit,
1457 5552 1619 5607 quem
1663 5536 1819 5592 multi

253 5606 589 5664 Thessalum
622 5606 1191 5677 faciunt._Atymnium
1220 5615 1401 5677 autem
1424 5606 1666 5661 amatum
1701 5622 1789 5662 ess

254 5680 320 5733 ab
344 5680 611 5748 Apolline
632 5678 797 5733 tradit
821 5675 1044 5748 Nonnus
1072 5676 1506 5748 Dionysiacorum
1530 5677 1625 5731 lib.
1653 5692 1745 5731 xix
1767 5693 1797 5731 e

258 5746 648 5810 uix.‘.Verum
693 5748 752 5804 in
782 5746 871 5804 his
908 5747 1176 5819 corruptis
1218 5755 1381 5817 atque
1407 5748 1821 5819 _ignorabilibus

2002 5112 2125 5185 (99)?
2156 5108 2450 5185 Ἡρακλῆς
2497 5112 2567 5165 δὲ
2605 5110 2899 5185 Ἀϐδήρου.
2933 5113 3407 5185 Apollodorus‘lib.
3438 5130 3502 5185 ιι,

1928 5182 2019 5255 οβ’
2048 5184 2175 5255 diis,
2232 5183 2531 5255 Abderumﬁi
2562 5184 2793 5255 appellat
2841 5182 3168 5255 Ἡρακλέους
3208 5182 3499 5255 ὲρῴμενον,

1930 5253 2178 5324 Herculis
2198 5253 2799 5324 amasiumfﬂpaxkéoq
2827 5253 2978 5321 φίλον
3008 5253 3504 5324 Τῑειῑεείϐίιὶιὶιιᾱθ

1926 5322 2402 5397 2.]ῃξιερίιθιιο
2445 5321 2737 5397 Byzantio;
2774 5324 3049 5397 Ἄϐδηρα,
3086 5323 3493 5397 ἀπὸῌἈὸδήρου

2415 5411 2466 5466 υ,
2491 5392 2836 5466 ’Ἡρακλέους
2865 5392 3159 5466 ἐρωμένου.
3185 5392 3318 5448 C01".

2000 5464 2631 5537 (91)-Καλλιστῲχζῆν
2667 5464 3001 5537 λεγομένην
3038 5464 3258 5537 ἄρκτον
3282 5467 3503 5537 μικρὸν

1926 5534 2018 5603 ἦν’
2034 5534 2135 5589 καὶ
2158 5534 2342 5600 κυνὸς
2376 5534 2561 5601 οὺρὰὶι
2576 5535 3123 5604 προσαγορεύουσίν
3140 5550 3316 5604 τινες.
3340 5534 3500 5604 Apul!

1927 5606 2082 5693 alios-
2096 5605 2324 5693 Pallia"?
2338 5602 3106 5693 99am?ferrareae;
3125 5602 3295 5693 Ηιῑεφ
3312 5602 3501 5693 μιξερ-

1926 5676 2003 5732 ris
2025 5676 2260 5801 gaudeltn;
2295 5675 2364 5730 ad
2378 5675 2784 5732 distinctionem
2813 5675 2967 5732 Ursa:
2994 5676 3246 5745 minoris,
3271 5691 3369 5736 seu
3394 5675 3500 5750 Ci—

1928 5761 2163 5801 nasum.
2250 5784 2265 5801 .

1928 5761 2163 5804 ausurae.
2189 5761 2265 5801 ω.
