4004 6332
196 334 286 392 139

1278 335 1741 394 CLEMENTINA.
1778 368 1849 380 —
1892 337 2197 395 HOMILIA
2233 336 2297 397 ν.

3312 342 3416 400 190

194 449 509 519 μεμνημένη
557 445 685 520 περὶ
722 445 797 501 ὧν
846 464 931 502 σοι
982 447 1216 521 ἐξέφῃνα
1268 451 1617 522 μυστηρίων,
1660 422 1735 503 Gtc]

1851 452 2013 506 tabis.
2035 450 2327 516 Caeterum,
2345 449 2688 518 charissima,
2711 468 2921 509 memor
2950 469 2979 510 a
3004 470 3093 511 me
3121 455 3413 512 relatorum

190 539 528 611 γραμμάτων
576 557 666 610 μοι
716 540 813 611 τὴν
859 540 959 612 σὴν
999 539 1171 609 δεῖξον
1202 541 1560 613 ⁸προαίρεσιν.
1619 541 1749 613 Ἔρ-

192 630 325 702 ρωσό
353 647 467 700 μοι.
674 656 677 657 ν

247 721 363 775 XX.
411 720 554 790 ἐγὼ
591 722 770 777 τοίνυν
800 723 925 777 τότε
958 724 1003 757 ’⁷
1032 724 1212 780 λαϐὼν
1237 725 1300 780 τὸ
1345 725 1547 797 βιϐλίον
1590 726 1748 780 τοῦτο

185 815 325 887 παρά
351 813 449 867 τοῦ
495 816 818 882 Ἀππίωνος,
851 817 928 881 ὡς
954 818 1122 883 ὅντως
1157 818 1477 891 διαπέμψων
1510 819 1643 875 αὐτὸ
1664 821 1746 891 ,τῇ

184 906 448 979 ἐρωμένῃ,
494 907 819 980 ἐπλασάμην
847 910 923 973 ὡς
952 910 1167 983 ἐκείνης
1212 912 1347 984 πρὸς
1399 910 1569 965 ταῦτα
1602 912 1748 965 ἀντι-

182 995 482 1067 γραψάσης,
519 999 613 1051 καὶ
644 1002 710 1069 τῇ
742 1000 1003 1072 ὑστεραίᾳ
1022 1000 1067 1032 ’⁸
1096 1001 1297 1055 ἐλθόντι
1324 1002 1471 1073 αὐτῷ
1501 1003 1747 1057 ἐπέδωκα

178 1086 251 1157 τῷ
278 1087 547 1142 ’Δππίωνι
576 1090 654 1154 ὡς
681 1091 837 1163 δῆθεν
863 1093 962 1163 τὴν
981 1090 1107 1163 παρ’
1136 1093 1351 1164 ἐκείνης
1380 1095 1742 1168 ἀντιγραφὴν,

180 1176 341 1241 οὕτως
371 1178 625 1249 ἔχουσαν·

192 1290 577 1363 ’Λντίγραςρογ
602 1294 999 1369 ἐπιστολῆς-,θ’
1032 1300 1180 1366 πρὸς
1211 1300 1515 1356 Ἀππίωνα
1533 1302 1613 1369 ὡς
1643 1317 1747 1357 πα-

692 1366 775 1433 ρὰ
804 1365 913 1433 τῆς
933 1365 1250 1437 ἐρωμένης·

242 1452 375 1507 XXI.
408 1453 688 1524 Θαυμάζω
710 1457 847 1521 πῶς,
884 1458 975 1510 ἐπὶ
1007 1460 1168 1531 σοφίᾳ
1206 1477 1273 1531 με
1302 1460 1625 1526 ἐπαινέσας,
1669 1462 1746 1528 ὡς

185 1546 374 1617 ἀνοήτῳ
420 1547 677 1617 γράφεις.
721 1548 815 1610 Εἰς
873 1549 982 1621 γάρ
1031 1550 1122 1603 σὺν
1177 1551 1348 1615 πάθος
1378 1553 1421 1584 ³⁰
1441 1554 1625 1607 πεῖσαί
1676 1571 1743 1625 με

186 1642 394 1711 θελήσας
443 1643 514 1694 ἐκ
562 1642 671 1694 τῶν
723 1642 852 1714 περὶ
900 1644 1028 1707 τοὺς
1072 1645 1231 1708 θεοὺς
1284 1645 1743 1718 μυθολογημάτων

185 1736 401 1805 ἐποιήσω
448 1733 523 1786 τὰ
572 1734 993 1805 παραδείγματα
1018 1776 1032 1798 ,
1073 1737 1289 1807 Ἔρωτα
1320 1737 1412 1791 τὸν
1456 1738 1673 1792 πάντων
1694 1738 1738 1770 ³¹

1849 544 2233 613 mysteriorum
2265 542 2398 598 mihi
2422 559 2519 615 per
2539 545 2749 601 litteras
2774 554 2921 602 tuam
2947 547 3127 603 indica
3164 548 3417 604 volunta-

1850 643 1977 688 tem.
2010 633 2155 691 Vale.

1916 726 2036 781 xx.
2098 726 2209 797 Ego
2256 712 2420 798 igitur
2488 729 2589 784 hoc
2639 729 2822 784 libello
2873 731 2940 785 ab
2994 732 3239 803 Appione
3293 742 3410 790 tum

1847 830 2086 889 accepto,
2113 821 2269 890 quasi
2295 836 2419 876 vere
2461 822 2729 876 missurus
2754 822 2822 876 ad
2854 831 3114 889 amatam,
3150 833 3409 897 tanquam

1847 910 1936 966 illa
1996 913 2365 983 rescripsisset
2411 914 2647 969 confinxi
2676 958 2691 981 ,
2750 923 2807 971 et
2861 916 3125 986 postridie
3172 919 3410 977 venienti

1846 1004 2045 1060 tradidi
2094 1005 2327 1077 Appioni
2377 1008 2527 1064 velut
2570 1008 2820 1065 mulieris
2863 1010 3209 1081 rescriptum,
3265 1011 3413 1081 quod

1846 1097 1919 1154 ita
1950 1100 2110 1156 habet
2133 1117 2149 1154 :

1844 1291 2174 1364 Rescriptum
2202 1294 2269 1347 ad
2320 1294 2595 1416 ερὶειοίίρηι
2633 1294 2701 1417 ορ
2744 1294 3031 1365 Αρρὶοηεηι
3063 1304 3316 1364 tanquam
3343 1295 3408 1349 ab

2464 1382 2497 1417 α
2538 1381 2660 1417 ama
2687 1382 2740 1417 a.

2464 1381 2740 1419 adamata.

1914 1453 2235 1510 XXI.Miror
2275 1472 2381 1526 qua
2428 1457 2659 1523 ratione,
2708 1472 2832 1511 cum
2882 1472 2966 1512 me
3023 1457 3093 1513 de
3148 1458 3413 1527 sapientia

1842 1546 2074 1615 laudes,
2119 1556 2382 1617 tanquam
2438 1548 2660 1603 stultam
2712 1548 3028 1617 compellas.
3095 1545 3230 1603 Nam
3281 1548 3411 1603 dum

1842 1638 1998 1710 cupis
2029 1638 2097 1693 ad
2153 1648 2305 1693 tuum
2340 1653 2425 1693 me
2467 1639 2737 1694 adducere
2768 1638 3043 1707 allectum,
3075 1654 3141 1694 ex
3181 1639 3411 1696 deorum

1844 1730 2044 1786 fabulis
2087 1730 2365 1801 sumpsisti
2426 1732 2673 1800 exempla
2695 1770 2711 1795 ,
2770 1730 3050 1794 Amorem.
3082 1732 3266 1802 (quem
3288 1746 3410 1786 om-

186 1798 561 1900 πρεσδιὴατον,
599 1798 673 1889 ὡς
706 1798 931 1897 ἔφηέκ,
964 1826 1054 1879 ἐπὶ
1087 1798 1306 1881 πάντων
1337 1827 1474 1881 θεῶν
1506 1828 1601 1881 καὶ
1647 1829 1735 1881 άν-

1845 1822 1994 1877 nium
2022 1798 2464 1893 antiquissimum
2507 1798 2716 1885 dixisti.
2743 1830 2797 1876 et
2824 1838 2990 1892 supra
3019 1798 3244 1877 cunctos
3279 1821 3407 1879 deos

185 1920 411 1992 θρὼπων,
449 1918 847 1989 βλασφημῆσαι
880 1919 953 1989 μὴ
986 1918 1243 1988 φοϐηθεὶς
1262 1958 1278 1983 ,
1304 1920 1452 1984 ὅπως
1480 1920 1580 1991 τὴν
1600 1921 1739 1992 ἐμὴν

184 2013 384 2085 φθείρῃς
400 2010 605 2080 ψυχὴν,
633 2009 806 2063 καὶτὸ
824 2009 954 2080 ἐμὸν
978 2009 1135 2081 σῶμα
1157 2010 1533 2084 περιυϐρίσῃς.
1560 2006 1740 2081 Ἔρως

182 2105 270 2175 γὰρ
295 2103 427 2156 θεῶν
450 2103 554 2155 οὐκ
576 2100 725 2156 ἔστιν
746 2101 1077 2173 ἀρχηγέτης,
1100 2104 1127 2154 6
1157 2104 1214 2155 ἐν
1245 2105 1367 2165 ταῖς
1396 2101 1735 2173 ἐπιθυμίαις.

182 2197 232 2249 Ei
254 2195 355 2267 γὰρ
386 2194 530 2248 ἑκὼν
560 2196 839 2266 ἐπιθυμεῖ,
869 2195 1195 2266 αὑτόςιήθ
1226 2197 1373 2247 ἐστιν
1403 2192 1595 2247 ἑαυτοῦ
1630 2194 1737 2248 πά-

180 2288 255 2351 θος
283 2289 374 2341 καὶ
402 2288 647 2352 κόλασις,
670 2289 763 2341 καὶ
780 2288 899 2351 θεὸς
914 2288 1013 2341 οὐκ
1042 2286 1105 2340 ἂν
1130 2287 1215 2359 εῐη
1245 2289 1273 2339 6
1306 2287 1527 2357 πάσχων
1558 2286 1696 2341 ἑκών
1718 2304 1733 2317 ο

177 2385 222 2437 εί
250 2383 305 2436 δέ
333 2385 471 2438 ἄκων
498 2383 604 2455 ἐρᾷ
646 2383 748 2454 τῆς
779 2381 997 2453 μίξεως,
1032 2382 1126 2435 καὶ
1156 2381 1257 2443 τάς
1294 2380 1566 2451 ἡμετέρας
1595 2379 1739 2451 διερ-

177 2476 400 2546 χόμενος
417 2475 585 2545 ψυχὰς
616 2475 808 2545 ὥσπερ
826 2473 895 2526 δι’
917 2473 1161 2545 ὀργάνων
1180 2472 1288 2525 τῶν
1314 2471 1598 2543 ἡμετέρων
1630 2488 1737 2524 σω-

179 2565 355 2635 μάτων
398 2566 478 2627 είς
524 2564 627 2628 τὰς
674 2562 785 2616 τῶν
827 2561 1033 2629 νοητῶν
1088 2561 1317 2633 φέρεται
1368 2558 1681 2622 συνουσίας,
1706 2560 1737 2613 6

171 2653 349 2707 τοῦτον
397 2656 527 2726 ἐρᾷν
561 2652 737 2707 ποιῶν
770 2652 864 2705 καὶ
897 2651 1077 2723 φέρων
1108 2650 1308 2722 μείζων
1341 2648 1502 2703 αὐτοῦ
1536 2649 1737 2719 τυγχά-

172 2761 272 2796 νει·
302 2745 395 2797 καί
442 2744 609 2797 πάλιν
662 2742 827 2796 αὑτοῦ
858 2742 1066 2795 ἐκείνου
1098 2739 1193 2793 τοῦ
1254 2739 1512 2813 φέροντος
1565 2738 1735 2810 ἑτέρῳ

174 2836 303 2909 πόθῳ
336 2837 667 2909 φερομένου,
704 2834 905 2907 μείζων
951 2834 1109 2900 ἀλλος
1140 2836 1169 2889 6
1203 2832 1382 2907 φέρων
1409 2834 1613 2888 ἐκεῖνον
1645 2832 1736 2887 εὑ-

176 2930 429 3001 ρίσκεταισ
486 2930 583 2983 καὶ
625 2930 707 2993 είς
764 2928 1068 2999 ἀπέραντον
1122 2925 1472 2997 ἐπαναφοράν
1528 2925 1573 2956 ³³
1627 2923 1734 2977 τῶν

175 3019 400 3088 ἐρώντων
428 3019 666 3088 γίνεται,
696 3018 725 3071 ὅ
757 3018 904 3070 ἐστιν
933 3016 1210 3071 ἀδύνατον.
1246 3015 1433 3080 Οὕτως
1460 3015 1560 3069 οὐκ
1587 3014 1734 3069 ἔστιν

1839 1922 1892 1968 et
1925 1915 2197 1984 homines)
2248 1929 2357 1969 non
2390 1914 2594 1969 veritus
2635 1913 2920 1979 infamare,
2951 1930 3061 1984 quo
3082 1930 3262 1969 meum
3289 1930 3413 1969 cor-

1840 2024 2123 2077 rumperes
2150 2008 2415 2072 animum,
2450 2023 2743 2077 meumque
2780 2008 3110 2062 contumelia
3158 2007 3400 2065 alﬁceres

1838 2116 2058 2169 corpus.
2089 2098 2259 2153 Amor
2292 2099 2439 2153 enim
2466 2113 2574 2152 non
2616 2108 2701 2152 est
2754 2098 2980 2153 deorum
3034 2100 3286 2167 princeps
3340 2113 3404 2153 ac

1840 2193 2056 2257 ductor,
2086 2191 2134 2246 is
2163 2191 2257 2260 qui
2298 2190 2353 2245 in
2382 2189 2779 2259 cupiditatibus
2828 2199 3118 2257 versatur;
3176 2204 3302 2244 nam
3352 2189 3397 2244 si

1836 2290 2031 2353 sponte
2053 2282 2221 2351 cupit.
2266 2282 2381 2350 ipse
2409 2290 2493 2336 est
2517 2282 2602 2337 sui
2641 2282 2923 2351 perpessio
2960 2290 3015 2337 et
3049 2281 3401 2351 supplicium,

1837 2390 1938 2429 nec
1988 2374 2121 2428 deus
2147 2380 2251 2437 est,
2287 2372 2381 2442 qui
2416 2373 2721 2429 voluntarie
2751 2374 2954 2444 patitur
2983 2392 2995 2427 :
3028 2373 3132 2431 sin,
3162 2388 3290 2427 vero
3317 2377 3404 2431 inv

1837 2464 1984 2518 vitus
2040 2462 2248 2533 appetit
2296 2462 2685 2528 concubitum,
2718 2472 2772 2517 et
2823 2471 3041 2518 nostras
3095 2463 3401 2537 pervadens

1836 2554 2049 2609 animas
2077 2562 2333 2624 tanquam
2364 2568 2459 2623 per
2515 2568 2806 2627 corporum
2840 2568 3153 2615 nostrorum
3193 2560 3391 2615 instru-

1836 2654 2018 2702 menta
2047 2645 2218 2701 fertur
2247 2646 2312 2705 ad
2349 2660 2703 2719 congressum
2726 2666 2923 2706 eorum
2952 2667 3074 2720 quae
3102 2652 3206 2707 sub
3237 2650 3401 2706 intel-

1835 2738 2121 2812 ligentiam
2152 2738 2377 2807 cadunt,
2430 2743 2522 2812 qui
2553 2744 2679 2797 eum
2726 2742 2935 2798 inducit
2986 2744 3051 2796 ad
3082 2744 3401 2807 amandum,

1837 2833 2010 2902 major
2034 2842 2248 2889 esteo:
2288 2833 2594 2902 iterumque
2651 2849 2773 2889 cum
2821 2836 2909 2889 hic
2957 2835 3050 2904 qui
3106 2835 3314 2889 inducit
3351 2835 3405 2888 in

1835 2926 2000 2979 alium
2043 2925 2331 2981 inducatur
2353 2942 2619 2987 amorem.
2648 2927 2824 2995 major
2844 2928 2984 2983 alius
3009 2928 3102 2997 qui
3131 2929 3277 2984 hunc
3308 2929 3394 2982 iu-

1832 3017 1981 3073 ducit
2004 3019 2289 3087 reperitur,
2322 3027 2376 3073 et
2402 3018 2455 3071 in
2486 3017 2755 3072 inﬁnitum
2779 3019 3084 3073 amantium
3112 3035 3402 3073 numerum

172 3108 269 3161 οὔτε
332 3113 365 3164 ὁ
418 3109 625 3182 φέρων,
655 3107 779 3163 οὔτε
804 3109 831 3163 6
873 3109 1202 3181 φερόμενος,
1249 3108 1363 3161 ἀλλ’
1412 3106 1575 3161 αὑτοῦ
1635 3106 1730 3160 τοῦ

1838 3108 1898 3163 lit
1918 3125 2273 3179 progressus;
2317 3109 2462 3179 quod
2494 3110 2609 3163 fieri
2639 3126 2748 3165 non
2777 3118 2973 3179 potest.
3021 3109 3193 3181 Igitur
3226 3128 3403 3182 neque

172 3200 382 3269 ἐρῶντος
412 3201 476 3255 τὸ
512 3200 910 3271 ἐπιθυμητικόν
956 3201 1071 3252 ἐστι
1116 3198 1313 3264 πάθος,
1366 3198 1537 3253 ἐλπίδι
1569 3198 1730 3265 αὐξό-

173 3310 304 3360 μενον
334 3294 436 3348 καὶ
465 3292 777 3363 ἀπογνώσει
813 3292 1148 3364 μειούμενον.

223 3508 376 3563 XXII.
411 3510 480 3563 Oi
514 3507 572 3562 δὲ
606 3510 826 3580 κρατεῖν
854 3506 1080 3578 αίσχρᾶς
1113 3505 1405 3577 ἐπιθυμίας
1440 3504 1513 3577 μὴ
1547 3504 1729 3577 βουλό-

169 3619 292 3671 μενοι
324 3602 440 3656 τῶν
488 3601 627 3655 θεῶν
658 3598 1104 3669 καταψεύδονται,
1139 3597 1222 3653 ἵνα
1267 3598 1395 3668 περὶ
1438 3589 1513 3652 ὧν
1555 3596 1729 3669 πράτ-

164 3710 337 3758 τουσιν,
369 3693 511 3756 τοὺς
546 3691 704 3755 θεοὺς
724 3692 801 3754 ὼς
838 3690 1131 3762 προτέρους
1170 3689 1473 3761 δράσαντας
1516 3689 1730 3743 ὑποδει-

166 3785 379 3851 κνὺντες,
407 3781 929 3838 ἀπαλλάσσωνται³δ
952 3781 1053 3852 τῆς
1082 3780 1357 3850 μέμψεως.
1387 3779 1451 3831 El
1480 3777 1587 3849 γάρ
1616 3795 1734 3831 παι-

163 3872 372 3939 δοποιίας
424 3874 657 3937 ἕνεκεν,
705 3872 800 3926 καὶ
853 3872 952 3925 οὐκ
1002 3870 1303 3939 ἀσελγείας,
1351 3869 1401 3922 οί
1451 3868 1730 3939 λεγόμενοι

166 3963 256 4017 θεοὶ
295 3966 393 4029 τὰς
448 3964 703 4035 μοιχείας
747 3962 1054 4025 ἐπετέλουν,
1104 3961 1159 4015 τί
1215 3959 1311 4014 καὶ
1352 3962 1466 4023 τοῖς
1508 3960 1730 4030 ἄρσεσιν

165 4055 425 4125 ἐμίγνυντο
462 4055 549 4121 ⁸³;
597 4052 759 4107 Ἀλλά
802 4052 1169 4124 χαριζόμενοι,
1205 4051 1389 4122 φησὶν,
1433 4051 1556 4113 ταῖς
1595 4049 1732 4120 ἐρω-

168 4146 322 4214 ubst;
370 4144 782 4217 κατηπέριζον
823 4144 870 4176 ⁸⁸
912 4143 1099 4207 αὑτάς.
1138 4142 1347 4196 Οὐκοῦν
1394 4142 1500 4213 πρὸ
1542 4140 1731 4195 τούτου

162 4239 240 4290 οὐκ
271 4236 408 4311 ἦσαν
458 4236 713 4307 ἀστέρες,
754 4234 944 4307 μέχρις
991 4235 1079 4287 ὅτε
1123 4233 1406 4302 ἀσελγείας
1462 4232 1730 4303 προφάσει

164 4330 245 4381 ὑπὸ
292 4331 510 4402 μοιχῶν
549 4330 581 4383 6
611 4326 840 4399 οὐρανὸς
882 4326 1099 4397 ἄστροις
1143 4324 1454 4396 ἐκοσμήθης
1507 4324 1632 4386 Πῶς
1671 4322 1727 4376 δὲ

160 4423 233 4474 καὶ
259 4424 305 4475 οἱ
341 4423 463 4475 τῶν
498 4416 1013 4490 κατηστερισμένων
1057 4416 1101 4448 ⁸⁷
1132 4416 1339 4485 ἔκγονοι
1387 4416 1443 4467 ἐν
1476 4413 1602 4486 ᾅδου
1635 4431 1728 4468 κο-

157 4506 401 4577 λᾶζονται,
437 4511 485 4565 ὅ
512 4526 577 4563 τε
595 4507 794 4570 ¹’Δτλιις
845 4504 1195 4578 βαρούμενος,
1243 4504 1337 4558 καὶ
1385 4506 1413 4559 6
1461 4503 1729 4569 Τάνταλος

154 4598 263 4673 δίψη
292 4602 334 4634 ³⁸
373 4598 715 4672 ἀνιώμενος,
758 4598 854 4651 καὶ
899 4599 927 4651 6
966 4598 1196 4666 Σίσυφος
1237 4596 1455 4668 ἐρείδων
1501 4596 1724 4668 πέτραν,

155 4691 323 4756 Τιτυὸς
352 4692 425 4747 τὰ
459 4690 757 4761 σπλάγχνα
787 4688 1210 4761 διορυττόμενος,
1253 4688 1421 4755 Ἰξίων
1444 4687 1572 4760 περὶ
1598 4705 1725 4760 τρο-

156 4782 235 4852 χὸν
264 4785 571 4846 ἀπαύστως
602 4781 1047 4846 κυλινδούμενοςς
1086 4779 1243 4849 150
1284 4778 1400 4842 πῶς
1447 4778 1504 4831 δὲ
1549 4779 1640 4831 καὶ
1683 4778 1734 4831 οἱ

155 4876 359 4943 ἐρασταὶ
403 4876 526 4929 θεοὶ
577 4873 748 4947 ὄντες,
799 4869 893 4935 οὒς
942 4871 1188 4942 ἐμίαναν,
1232 4868 1620 4942 κατηστέριζον
1664 4869 1731 4942 ⁸⁸,

155 4965 345 5031 ἐιυτοῖς
378 4967 500 5039 (95)
536 4962 702 5017 τοῦτο
738 4962 813 5032 μὴ
845 4962 1233 5032 χαρισάμενοι;

212 5052 393 5107 XXIII.
429 5051 560 5105 Οὔκ
592 5046 700 5117 ἄρα
721 5044 862 5119 ἦσαν
905 5052 1033 5118 θεοὶ,
1068 5052 1204 5109 ἀλλά
1251 5047 1528 5122 τυράννων
1559 5042 1735 5112 αἰνίγ-

1838 3213 1922 3258 est
1943 3204 2036 3273 qui
2066 3201 2291 3267 inducit,
2315 3216 2491 3270 neque
2519 3201 2613 3270 qui
2651 3200 2961 3266 inducitur;
3001 3200 3095 3257 sed
3120 3213 3203 3258 est
3229 3204 3406 3273 ipsius

1839 3295 2071 3349 amantis
2101 3294 2323 3348 allectus
2350 3293 2764 3363 concupiscens,
2787 3294 2881 3364 qui
2926 3310 3023 3365 spe
3077 3307 3306 3367 augetur
3348 3308 3402 3354 et

1838 3385 2217 3453 desperatione
2239 3382 2523 3438 minuitur.

1903 3474 2067 3529 XXII.
2094 3473 2197 3540 Qui
2226 3490 2357 3529 vero
2397 3484 2608 3544 turpem
2650 3474 2844 3529 nolunt
2878 3474 3228 3545 cupiditatem
3251 3491 3405 3531 coer-

1833 3581 1989 3633 cere,
2036 3566 2104 3621 de
2145 3565 2251 3621 diis
2300 3565 2631 3620 mendaciter
2677 3566 2923 3636 tingunt;
2978 3575 3039 3620 ut
3082 3569 3136 3620 in
3168 3567 3237 3621 iis
3282 3584 3404 3638 quae

1830 3665 2144 3728 perpetrant
2180 3658 2312 3712 deos
2359 3657 2563 3726 primos
2608 3671 2730 3712 esse
2770 3666 3020 3712 auctores
3069 3659 3403 3715 ostendendo

1831 3750 1990 3821 culpa
2020 3750 2335 3807 liberentur.
2361 3748 2417 3803 Si
2446 3748 2590 3803 enim
2615 3747 2973 3817 suscipiendae
3000 3749 3205 3803 sobolis
3227 3751 3401 3819 gratia

1830 3852 1887 3900 et
1912 3859 2023 3899 non
2062 3840 2305 3896 libidinis
2348 3855 2509 3910 ergo,
2548 3839 2644 3910 qui
2687 3840 2762 3894 dii
2802 3848 3086 3905 vocantur,
3135 3841 3400 3897 adulteria

1832 3936 2243 3998 commiserunt,
2271 3948 2369 3989 cur
2397 3948 2522 3987 cum
2554 3931 2811 3987 masculis
2841 3946 3058 4001 quoque
3096 3933 3400 3988 misceban-

1829 4026 1955 4083 tur?
1978 4026 2086 4082 Sed
2130 4034 2190 4080 ut
2217 4024 2673 4097 gratificarentur,
2722 4024 2918 4093 inquit,
2950 4023 3271 4079 mulieribus
3302 4024 3400 4079 ad-

1830 4120 2049 4186 amatis,
2095 4119 2217 4175 illas
2257 4118 2312 4171 in
2376 4125 2520 4172 astra
2571 4123 2973 4171 converterunt.
3022 4114 3192 4186 Igitur
3239 4126 3397 4173 antea

1830 4224 1977 4269 astra
2007 4228 2116 4267 non
2147 4220 2321 4277 erant,
2353 4226 2525 4280 usque
2551 4209 2677 4264 dum
2701 4208 2937 4263 lasciviae
2960 4208 3250 4264 occasione
3279 4224 3395 4265 caa-

1830 4306 1941 4360 lum
1971 4304 2139 4360 stellis
2168 4303 2555 4358 exornaretur?
2614 4300 2680 4355 Et
2706 4301 2981 4371 quomodo
3011 4301 3066 4354 in
3098 4302 3281 4356 stellas
3312 4318 3400 4356 re-

1830 4398 2062 4452 latarum
2088 4395 2243 4450 liberi
2274 4411 2338 4449 ac
2378 4403 2602 4464 nepotes
2635 4392 2777 4463 apud
2818 4391 3023 4447 inferos
3061 4394 3399 4462 puniuntur?

1828 4493 1981 4547 Atlas
2017 4498 2272 4561 gravatus
2300 4488 2557 4559 pondere,
2590 4485 2850 4540 Tantalus
2890 4495 3115 4539 enectus
3154 4485 3265 4548 siti,
3306 4483 3395 4538 Sio-

1827 4584 2032 4655 syphus
2087 4588 2291 4653 petram
2344 4579 2606 4643 retinens,
2631 4576 2821 4648 Tityus
2871 4586 3124 4646 pertusus
3165 4576 3396 4640 viscera,

1824 4678 1973 4733 lxion
2007 4677 2150 4732 circa
2180 4684 2355 4729 rotam
2389 4670 2758 4726 indesinenter
2796 4668 3087 4724 volutatus.
3114 4667 3399 4733 Quomodo

1829 4785 1962 4825 vero
2004 4778 2063 4823 ut
2102 4776 2372 4823 amatores
2418 4763 2493 4818 dii
2524 4777 2639 4829 eos,
2688 4775 2827 4831 quos
2871 4760 3205 4831 polluerant,
3260 4759 3398 4812 inter

1830 4871 1977 4917 astra
2011 4860 2331 4925 retulerunt,
2363 4855 2465 4913 sibi
2494 4863 2675 4909 autem
2726 4852 2781 4908 id
2827 4852 3073 4907 muneris
3121 4867 3227 4904 non
3272 4857 3398 4904 sunt

1827 4952 2043 5022 largiti?

1894 5032 2080 5090 XXIII.
2104 5032 2245 5090 .Non
2271 5048 2401 5107 ergo
2442 5043 2598 5092 erant
2638 5035 2735 5104 dii,
2785 5033 2879 5091 sed
2918 5042 3266 5104 tyrannorum
3304 5045 3393 5083 ve-

1421 5160 1659 5218 VARUE
1682 5158 2069 5218 LECTIONES

223 5300 266 5335 ’τ
296 5300 429 5353 Τότε
458 5294 785 5368 adjunxic.
806 5291 888 5368 O._
947 5294 992 5368 ’ξ
1018 5292 1096 5347 Ita
1225 5290 1690 5368 c._marg._(1_i_,i_n
1731 5317 1797 5357 cu

164 5372 200 5401 ιι
232 5371 435 5422 παίδων
456 5360 553 5423 οξ
610 5366 657 5398 η
686 5365 825 5419 Vbb.
859 5364 935 5427 ὡς
963 5363 1236 5433 Eqa-qqdes.
1273 5363 1327 5416 in
1355 5360 1698 5433 OCSubinde
1726 5372 1753 5423 ὲ

163 5508 355 5577 σμὲνων
374 5510 441 5565 C.
524 5508 575 5540 ³⁸
599 5506 743 5576 δίψει
768 5503 833 5560 Ο.
868 5503 911 5538 ³⁹
936 5501 1318 5574 κατεστήριξον
1336 5501 1413 5558 Ε.

164 5372 200 5401 ³³
232 5371 435 5422 παίδων
456 5370 530 5423 0.
610 5370 657 5398 ⁸⁸
688 5370 825 5419 Vbb.
859 5370 935 5427 ὡς
963 5370 1099 5433 ἔφης
1121 5370 1236 5417 des.
1273 5370 1327 5416 in
1355 5370 1419 5416 υ.
1457 5370 1698 5421 Subinde
1726 5370 1824 5425 ἐπὶ
1848 5373 1947 5443 τῆς
1968 5371 2009 5426 C
2041 5412 2057 5436 ,
2090 5370 2377 5434 ἐπιθείςὶη
2408 5386 2581 5440 marg.
2709 5370 2755 5401 ³³
2783 5371 2913 5423 ἐπαι

164 5441 204 5477 ’⁵
230 5437 295 5513 lu
321 5439 365 5493 Ο
384 5453 491 5513 _c.
527 5435 1061 5513 ἀπαλλάσσονται
1093 5431 1159 5513 C._
1230 5433 1275 5513 ζ’
1300 5432 1585 5513 ἐμίγνυντο
1610 5436 1654 5492 0
1703 5455 1753 5496 c.
1780 5441 1821 5497 S
1849 5484 1864 5510 ,
1892 5443 2196 5513 ἐμιγνοῖντο
2226 5438 2288 5496 C.
2353 5440 2399 5479 ³⁸
2422 5440 2815 5513 κατηστήριζον
2851 5439 2913 5494 C.

2421 5301 2466 5334 ”
2497 5299 2748 5357 ἐπιστολή
2795 5296 2861 5354 Ο.
2935 5296 2983 5329 ⁸⁸
3010 5295 3179 5357 πάθος
3204 5309 3311 5348 om.
3337 5292 3382 5347 Ο

2709 5363 2755 5401 ³³
2783 5365 3107 5437 ἐπαναφορὰ
3145 5363 3289 5431 conj.
3316 5364 3395 5418 Cl.

3018 5437 3059 5469 ³⁷
3085 5450 3385 5506 κατεστηρι

1828 5342 1842 5357 .
1894 5308 2045 5373 textu
2095 5299 2345 5373 θστιερέφ.

1468 5595 1831 5658 VARIORUM
1864 5597 2096 5656 NOTIE.

201 5694 508 5775 ,φῶ-με..
536 5692 743 5755 αὐτοῖς,
774 5705 854 5775 sc.
896 5691 1007 5775 τοῖς
1029 5686 1337 5775 ἐρωμένοις.
1364 5690 1496 5775 Cur,
1526 5691 1724 5775 inquit,

167 5763 230 5818 dii
260 5760 595 5822 mulieribus
614 5776 643 5818 a
674 5776 735 5819 se
756 5760 1047 5827 adamatis,
1064 5760 1211 5830 quas
1236 5760 1375 5817 inter
1395 5769 1540 5816 astra
1579 5770 1728 5816 retu-

1831 5692 2037 5765 lerunt,
2067 5706 2177 5765 non
2210 5691 2262 5765 id
2292 5707 2511 5765 quoque
2538 5692 2885 5765 largitigsunt,
2922 5702 2979 5747 ut
3001 5707 3189 5765 eorum
3218 5704 3394 5765 poste-

1834 5778 1927 5819 ros
1956 5761 2261 5835 (ἐκγόνους)
2289 5761 2324 5819 a
2346 5762 2523 5835 panis
2545 5761 2771 5820 infernis
2804 5762 3132 5819 liberarent?
3155 5762 3215 5821 S.
