  <div class='ocr_page' id='page_1' title='image "/cluster/home/n/w/nwhite01/storage/ocr_20150623/2/hvd.32044073501249/102.png"; bbox 0 0 4004 6332; ppageno 0'>
   <div class='ocr_carea' id='block_1_1' title="bbox 175 286 270 347">
    <p class='ocr_par' dir='ltr' id='par_1_1' title="bbox 175 286 270 347">
     <span class='ocr_line' id='line_1_1' title="bbox 175 286 270 347; baseline -0.032 0"><span class='ocrx_word' id='word_1_1' title='bbox 175 286 270 347; x_wconf 67' lang='grc'><strong>193</strong></span> 
     </span>
    </p>
   </div>
   <div class='ocr_carea' id='block_1_2' title="bbox 164 401 1811 475">
    <p class='ocr_par' dir='ltr' id='par_1_2' title="bbox 164 401 1811 475">
     <span class='ocr_line' id='line_1_2' title="bbox 164 401 1811 475; baseline -0.002 -19"><span class='ocrx_word' id='word_1_2' title='bbox 164 402 346 466; x_wconf 64' lang='grc' dir='ltr'>αὐτοὺς</span> <span class='ocrx_word' id='word_1_3' title='bbox 382 401 685 474; x_wconf 74' lang='grc' dir='ltr'>προεθίξειν</span> <span class='ocrx_word' id='word_1_4' title='bbox 715 404 921 473; x_wconf 85' lang='grc' dir='ltr'>λόγοις·</span> <span class='ocrx_word' id='word_1_5' title='bbox 953 405 1036 457; x_wconf 78' lang='grc' dir='ltr'><strong>ὅτι</strong></span> <span class='ocrx_word' id='word_1_6' title='bbox 1077 402 1301 475; x_wconf 85' lang='grc' dir='ltr'>δευτέρα</span> <span class='ocrx_word' id='word_1_7' title='bbox 1351 403 1510 472; x_wconf 77' lang='grc' dir='ltr'>φύσις</span> <span class='ocrx_word' id='word_1_8' title='bbox 1541 403 1573 472; x_wconf 84' lang='grc' dir='ltr'>ἠ</span> <span class='ocrx_word' id='word_1_9' title='bbox 1612 416 1737 454; x_wconf 81' lang='grc' dir='ltr'>συν-</span> <span class='ocrx_word' id='word_1_10' title='bbox 1766 408 1811 464; x_wconf 77' lang='grc' dir='ltr'><strong>Α</strong></span> 
     </span>
    </p>
   </div>
   <div class='ocr_carea' id='block_1_3' title="bbox 163 492 1739 568">
    <p class='ocr_par' dir='ltr' id='par_1_3' title="bbox 163 492 1739 568">
     <span class='ocr_line' id='line_1_3' title="bbox 163 492 1739 568; baseline -0.002 -19"><span class='ocrx_word' id='word_1_11' title='bbox 163 496 334 567; x_wconf 73' lang='grc' dir='ltr'>ήθειαο</span> <span class='ocrx_word' id='word_1_12' title='bbox 374 495 512 568; x_wconf 74' lang='grc' dir='ltr'>πρὸς</span> <span class='ocrx_word' id='word_1_13' title='bbox 551 497 761 560; x_wconf 80' lang='grc' dir='ltr'><strong>τούτοις</strong></span> <span class='ocrx_word' id='word_1_14' title='bbox 790 496 845 551; x_wconf 81' lang='grc' dir='ltr'>δὲ</span> <span class='ocrx_word' id='word_1_15' title='bbox 880 496 1098 561; x_wconf 82' lang='grc' dir='ltr'>πυκνῶς</span> <span class='ocrx_word' id='word_1_16' title='bbox 1135 496 1330 559; x_wconf 76' lang='grc' dir='ltr'>αὐτοὺς</span> <span class='ocrx_word' id='word_1_17' title='bbox 1360 494 1459 559; x_wconf 83' lang='grc' dir='ltr'>τὰς</span> <span class='ocrx_word' id='word_1_18' title='bbox 1491 492 1739 556; x_wconf 83' lang='grc' dir='ltr'><strong>κολάσεις</strong></span> 
     </span>
    </p>
   </div>
   <div class='ocr_carea' id='block_1_4' title="bbox 165 585 1736 659">
    <p class='ocr_par' dir='ltr' id='par_1_4' title="bbox 165 585 1736 659">
     <span class='ocr_line' id='line_1_4' title="bbox 165 585 1736 659; baseline -0.001 -18"><span class='ocrx_word' id='word_1_19' title='bbox 165 588 307 657; x_wconf 76' lang='lat'><strong>152</strong></span> <span class='ocrx_word' id='word_1_20' title='bbox 344 589 782 659; x_wconf 75' lang='grc' dir='ltr'>ὑπομιμνήσκειν</span> <span class='ocrx_word' id='word_1_21' title='bbox 813 588 913 651; x_wconf 84' lang='grc' dir='ltr'>τὰς</span> <span class='ocrx_word' id='word_1_22' title='bbox 945 589 1011 641; x_wconf 72' lang='grc' dir='ltr'>ἐκ</span> <span class='ocrx_word' id='word_1_23' title='bbox 1045 590 1153 641; x_wconf 87' lang='grc' dir='ltr'><strong>τῶν</strong></span> <span class='ocrx_word' id='word_1_24' title='bbox 1182 587 1381 659; x_wconf 78' lang='grc' dir='ltr'><strong>νόμιον,</strong></span> <span class='ocrx_word' id='word_1_25' title='bbox 1406 587 1513 651; x_wconf 80' lang='grc' dir='ltr'>ἵνα,</span> <span class='ocrx_word' id='word_1_26' title='bbox 1549 585 1736 658; x_wconf 84' lang='grc' dir='ltr'>ὥσπερ</span> 
     </span>
    </p>
   </div>
   <div class='ocr_carea' id='block_1_5' title="bbox 161 677 1733 752">
    <p class='ocr_par' dir='ltr' id='par_1_5' title="bbox 161 677 1733 752">
     <span class='ocr_line' id='line_1_5' title="bbox 161 677 1733 752; baseline 0.001 -22"><span class='ocrx_word' id='word_1_27' title='bbox 161 678 347 748; x_wconf 84' lang='grc' dir='ltr'>χαλινῷ</span> <span class='ocrx_word' id='word_1_28' title='bbox 380 678 461 748; x_wconf 84' lang='grc' dir='ltr'>τῷ</span> <span class='ocrx_word' id='word_1_29' title='bbox 498 678 645 748; x_wconf 73' lang='grc' dir='ltr'>φόϐῳ</span> <span class='ocrx_word' id='word_1_30' title='bbox 685 678 977 752; x_wconf 85' lang='grc' dir='ltr'>χρώμενοι,</span> <span class='ocrx_word' id='word_1_31' title='bbox 1005 682 1123 743; x_wconf 87' lang='grc' dir='ltr'>ταῖς</span> <span class='ocrx_word' id='word_1_32' title='bbox 1145 680 1367 743; x_wconf 84' lang='grc' dir='ltr'><strong>ἀτόποις</strong></span> <span class='ocrx_word' id='word_1_33' title='bbox 1404 678 1478 751; x_wconf 81' lang='grc' dir='ltr'>μὴ</span> <span class='ocrx_word' id='word_1_34' title='bbox 1513 677 1733 750; x_wconf 83' lang='grc' dir='ltr'>συντρέ-</span> 
     </span>
    </p>
   </div>
   <div class='ocr_carea' id='block_1_6' title="bbox 159 769 1733 844">
    <p class='ocr_par' dir='ltr' id='par_1_6' title="bbox 159 769 1733 844">
     <span class='ocr_line' id='line_1_6' title="bbox 159 769 1733 844; baseline 0 -22"><span class='ocrx_word' id='word_1_35' title='bbox 159 787 309 839; x_wconf 86' lang='grc' dir='ltr'>χωσιν</span> <span class='ocrx_word' id='word_1_36' title='bbox 340 770 554 841; x_wconf 81' lang='grc' dir='ltr'>ἡδοναῖς</span> <span class='ocrx_word' id='word_1_37' title='bbox 575 771 620 801; x_wconf 79' lang='grc'><strong>⁸⁸</strong></span> <span class='ocrx_word' id='word_1_38' title='bbox 639 788 651 802; x_wconf 77' lang='grc' dir='ltr'><strong>ο</strong></span> <span class='ocrx_word' id='word_1_39' title='bbox 698 772 964 844; x_wconf 81' lang='grc' dir='ltr'>προσήκει</span> <span class='ocrx_word' id='word_1_40' title='bbox 996 772 1051 826; x_wconf 81' lang='grc' dir='ltr'>δὲ</span> <span class='ocrx_word' id='word_1_41' title='bbox 1086 770 1181 825; x_wconf 74' lang='grc' dir='ltr'><strong>καὶ</strong></span> <span class='ocrx_word' id='word_1_42' title='bbox 1216 770 1322 842; x_wconf 80' lang='grc' dir='ltr'><strong>πρὸ</strong></span> <span class='ocrx_word' id='word_1_43' title='bbox 1350 769 1445 824; x_wconf 88' lang='grc' dir='ltr'><strong>τοῦ</strong></span> <span class='ocrx_word' id='word_1_44' title='bbox 1476 770 1575 842; x_wconf 80' lang='grc' dir='ltr'><strong>τὴν</strong></span> <span class='ocrx_word' id='word_1_45' title='bbox 1611 770 1733 823; x_wconf 78' lang='grc' dir='ltr'>ἐπι-</span> 
     </span>
    </p>
   </div>
   <div class='ocr_carea' id='block_1_7' title="bbox 157 860 1733 935">
    <p class='ocr_par' dir='ltr' id='par_1_7' title="bbox 157 860 1733 935">
     <span class='ocr_line' id='line_1_7' title="bbox 157 860 1733 935; baseline 0.003 -23"><span class='ocrx_word' id='word_1_46' title='bbox 157 860 342 930; x_wconf 79' lang='grc' dir='ltr'>θυμίαν</span> <span class='ocrx_word' id='word_1_47' title='bbox 398 862 716 933; x_wconf 78' lang='grc' dir='ltr'>ὲπακμάσαι</span> <span class='ocrx_word' id='word_1_48' title='bbox 764 863 929 935; x_wconf 82' lang='grc' dir='ltr'><strong>γάμῳ</strong></span> <span class='ocrx_word' id='word_1_49' title='bbox 974 863 1034 917; x_wconf 84' lang='grc' dir='ltr'><strong>τὸ</strong></span> <span class='ocrx_word' id='word_1_50' title='bbox 1086 863 1311 935; x_wconf 80' lang='grc' dir='ltr'>φυσικὸν</span> <span class='ocrx_word' id='word_1_51' title='bbox 1369 862 1469 935; x_wconf 83' lang='grc' dir='ltr'>τῆς</span> <span class='ocrx_word' id='word_1_52' title='bbox 1515 861 1733 933; x_wconf 81' lang='grc' dir='ltr'>ἡλικίας</span> 
     </span>
    </p>
   </div>
   <div class='ocr_carea' id='block_1_8' title="bbox 154 950 1731 1029">
    <p class='ocr_par' dir='ltr' id='par_1_8' title="bbox 154 950 1731 1029">
     <span class='ocr_line' id='line_1_8' title="bbox 154 950 1731 1029; baseline 0.003 -25"><span class='ocrx_word' id='word_1_53' title='bbox 154 953 508 1025; x_wconf 62' lang='grc' dir='ltr'>πληροφορεῖν</span> <span class='ocrx_word' id='word_1_54' title='bbox 562 955 765 1019; x_wconf 80' lang='grc' dir='ltr'><strong>πάθος,</strong></span> <span class='ocrx_word' id='word_1_55' title='bbox 816 956 1078 1029; x_wconf 72' lang='grc' dir='ltr'>πρότερον</span> <span class='ocrx_word' id='word_1_56' title='bbox 1119 955 1410 1019; x_wconf 82' lang='grc' dir='ltr'>πείσαντας</span> <span class='ocrx_word' id='word_1_57' title='bbox 1468 956 1549 1019; x_wconf 89' lang='grc' dir='ltr'><strong>είς</strong></span> <span class='ocrx_word' id='word_1_58' title='bbox 1591 950 1731 1017; x_wconf 78' lang='grc' dir='ltr'>εἶδος</span> 
     </span>
    </p>
   </div>
   <div class='ocr_carea' id='block_1_9' title="bbox 150 1044 1051 1117">
    <p class='ocr_par' dir='ltr' id='par_1_9' title="bbox 150 1044 1051 1117">
     <span class='ocr_line' id='line_1_9' title="bbox 150 1044 1051 1117; baseline 0.004 -19"><span class='ocrx_word' id='word_1_59' title='bbox 150 1044 333 1114; x_wconf 70' lang='grc' dir='ltr'>ἑτέρας</span> <span class='ocrx_word' id='word_1_60' title='bbox 366 1044 625 1111; x_wconf 80' lang='grc' dir='ltr'>γυναικὸς</span> <span class='ocrx_word' id='word_1_61' title='bbox 657 1046 730 1117; x_wconf 79' lang='grc' dir='ltr'>μὴ</span> <span class='ocrx_word' id='word_1_62' title='bbox 765 1046 1051 1110; x_wconf 74' lang='grc' dir='ltr'>ἁτενίξειν.</span> 
     </span>
    </p>
   </div>
   <div class='ocr_carea' id='block_1_10' title="bbox 208 1133 1722 1209">
    <p class='ocr_par' dir='ltr' id='par_1_10' title="bbox 208 1133 1722 1209">
     <span class='ocr_line' id='line_1_10' title="bbox 208 1133 1722 1209; baseline 0.001 -22"><span class='ocrx_word' id='word_1_63' title='bbox 208 1134 398 1190; x_wconf 76' lang='lat' dir='ltr'><strong>XXVI.</strong></span> <span class='ocrx_word' id='word_1_64' title='bbox 424 1136 486 1188; x_wconf 88' lang='grc' dir='ltr'>Ὀ</span> <span class='ocrx_word' id='word_1_65' title='bbox 522 1136 633 1209; x_wconf 79' lang='grc' dir='ltr'><strong>γὰρ</strong></span> <span class='ocrx_word' id='word_1_66' title='bbox 662 1136 786 1200; x_wconf 93' lang='grc' dir='ltr'>νοῦς</span> <span class='ocrx_word' id='word_1_67' title='bbox 817 1136 995 1208; x_wconf 83' lang='grc' dir='ltr'>ήμῶν,</span> <span class='ocrx_word' id='word_1_68' title='bbox 1024 1136 1221 1192; x_wconf 82' lang='grc' dir='ltr'><strong>ὁπόταν</strong></span> <span class='ocrx_word' id='word_1_69' title='bbox 1248 1137 1292 1170; x_wconf 75' lang='grc'><strong>⁸³</strong></span> <span class='ocrx_word' id='word_1_70' title='bbox 1317 1133 1387 1189; x_wconf 79' lang='grc' dir='ltr'>τὰ</span> <span class='ocrx_word' id='word_1_71' title='bbox 1437 1134 1627 1208; x_wconf 87' lang='grc' dir='ltr'>πρῶτα</span> <span class='ocrx_word' id='word_1_72' title='bbox 1656 1136 1722 1205; x_wconf 82' lang='grc' dir='ltr'>τῇ</span> 
     </span>
    </p>
   </div>
   <div class='ocr_carea' id='block_1_11' title="bbox 150 1224 1724 1301">
    <p class='ocr_par' dir='ltr' id='par_1_11' title="bbox 150 1224 1724 1301">
     <span class='ocr_line' id='line_1_11' title="bbox 150 1224 1724 1301; baseline 0.002 -24"><span class='ocrx_word' id='word_1_73' title='bbox 150 1225 325 1297; x_wconf 56' lang='grc' dir='ltr'>τέρψει</span> <span class='ocrx_word' id='word_1_74' title='bbox 377 1227 438 1279; x_wconf 84' lang='grc' dir='ltr'>τὺ</span> <span class='ocrx_word' id='word_1_75' title='bbox 490 1224 628 1291; x_wconf 74' lang='grc' dir='ltr'>εἶδος</span> <span class='ocrx_word' id='word_1_76' title='bbox 676 1230 774 1301; x_wconf 80' lang='grc' dir='ltr'><strong>τῆς</strong></span> <span class='ocrx_word' id='word_1_77' title='bbox 818 1227 1100 1301; x_wconf 71' lang='grc' dir='ltr'>ἐρωμένης</span> <span class='ocrx_word' id='word_1_78' title='bbox 1135 1227 1504 1298; x_wconf 76' lang='grc' dir='ltr'>ἀπομάξηται,</span> <span class='ocrx_word' id='word_1_79' title='bbox 1536 1225 1724 1298; x_wconf 85' lang='grc' dir='ltr'>ῶσπερ</span> 
     </span>
    </p>
   </div>
   <div class='ocr_carea' id='block_1_12' title="bbox 153 1317 1720 1392">
    <p class='ocr_par' dir='ltr' id='par_1_12' title="bbox 153 1317 1720 1392">
     <span class='ocr_line' id='line_1_12' title="bbox 153 1317 1720 1392; baseline 0 -23"><span class='ocrx_word' id='word_1_80' title='bbox 153 1321 199 1370; x_wconf 79' lang='grc' dir='ltr'>ὲν</span> <span class='ocrx_word' id='word_1_81' title='bbox 231 1318 523 1390; x_wconf 74' lang='grc' dir='ltr'><strong>κατόπτρῳ</strong></span> <span class='ocrx_word' id='word_1_82' title='bbox 555 1320 754 1391; x_wconf 78' lang='grc' dir='ltr'>ἐνορῶν</span> <span class='ocrx_word' id='word_1_83' title='bbox 791 1321 878 1373; x_wconf 76' lang='grc' dir='ltr'><strong>ἀεὶ</strong></span> <span class='ocrx_word' id='word_1_84' title='bbox 907 1321 1007 1392; x_wconf 81' lang='grc' dir='ltr'>τὴν</span> <span class='ocrx_word' id='word_1_85' title='bbox 1051 1319 1280 1392; x_wconf 83' lang='grc' dir='ltr'>μορφὴν,</span> <span class='ocrx_word' id='word_1_86' title='bbox 1310 1317 1396 1371; x_wconf 82' lang='grc' dir='ltr'>διὰ</span> <span class='ocrx_word' id='word_1_87' title='bbox 1440 1318 1539 1389; x_wconf 83' lang='grc' dir='ltr'>τῆς</span> <span class='ocrx_word' id='word_1_88' title='bbox 1585 1318 1720 1388; x_wconf 86' lang='grc' dir='ltr'>μνή-</span> 
     </span>
    </p>
   </div>
   <div class='ocr_carea' id='block_1_13' title="bbox 158 1406 1719 1483">
    <p class='ocr_par' dir='ltr' id='par_1_13' title="bbox 158 1406 1719 1483">
     <span class='ocr_line' id='line_1_13' title="bbox 158 1406 1719 1483; baseline -0.012 -5"><span class='ocrx_word' id='word_1_89' title='bbox 158 1426 250 1478; x_wconf 81' lang='grc' dir='ltr'><strong>μης</strong></span> <span class='ocrx_word' id='word_1_90' title='bbox 281 1408 659 1478; x_wconf 69' lang='grc' dir='ltr'>βασανίζεταιο</span> <span class='ocrx_word' id='word_1_91' title='bbox 698 1410 792 1464; x_wconf 78' lang='grc' dir='ltr'><strong>καὶ</strong></span> <span class='ocrx_word' id='word_1_92' title='bbox 836 1411 910 1483; x_wconf 79' lang='grc' dir='ltr'>μὴ</span> <span class='ocrx_word' id='word_1_93' title='bbox 944 1410 1225 1482; x_wconf 85' lang='grc' dir='ltr'><strong>τυγχάνων</strong></span> <span class='ocrx_word' id='word_1_94' title='bbox 1270 1408 1367 1481; x_wconf 72' lang='grc' dir='ltr'>μὶν</span> <span class='ocrx_word' id='word_1_95' title='bbox 1400 1409 1499 1481; x_wconf 81' lang='grc' dir='ltr'><strong>τῆς</strong></span> <span class='ocrx_word' id='word_1_96' title='bbox 1531 1406 1719 1461; x_wconf 76' lang='grc' dir='ltr'>ἐπιθυ-</span> 
     </span>
    </p>
   </div>
   <div class='ocr_carea' id='block_1_14' title="bbox 157 1496 1715 1573">
    <p class='ocr_par' dir='ltr' id='par_1_14' title="bbox 157 1496 1715 1573">
     <span class='ocr_line' id='line_1_14' title="bbox 157 1496 1715 1573; baseline 0.001 -25"><span class='ocrx_word' id='word_1_97' title='bbox 157 1497 287 1566; x_wconf 85' lang='grc' dir='ltr'>μίας,</span> <span class='ocrx_word' id='word_1_98' title='bbox 316 1499 419 1569; x_wconf 80' lang='grc' dir='ltr'>τῆς</span> <span class='ocrx_word' id='word_1_99' title='bbox 456 1498 741 1571; x_wconf 79' lang='grc' dir='ltr'>ὲπιτυχίας</span> <span class='ocrx_word' id='word_1_100' title='bbox 775 1500 975 1573; x_wconf 78' lang='grc' dir='ltr'>μελετᾷ</span> <span class='ocrx_word' id='word_1_101' title='bbox 1005 1502 1103 1565; x_wconf 76' lang='grc' dir='ltr'><strong>τὰς</strong></span> <span class='ocrx_word' id='word_1_102' title='bbox 1133 1501 1304 1564; x_wconf 73' lang='grc' dir='ltr'>ὁδοὺς,</span> <span class='ocrx_word' id='word_1_103' title='bbox 1340 1496 1608 1569; x_wconf 73' lang='grc' dir='ltr'>ἐπιτυχὼν</span> <span class='ocrx_word' id='word_1_104' title='bbox 1636 1496 1715 1560; x_wconf 84' lang='grc' dir='ltr'><strong>δὲ,</strong></span> 
     </span>
    </p>
   </div>
   <div class='ocr_carea' id='block_1_15' title="bbox 158 1584 1716 1667">
    <p class='ocr_par' dir='ltr' id='par_1_15' title="bbox 158 1584 1716 1667">
     <span class='ocr_line' id='line_1_15' title="bbox 158 1584 1716 1667; baseline 0.008 -25"><span class='ocrx_word' id='word_1_105' title='bbox 158 1591 333 1661; x_wconf 67' lang='grc' dir='ltr'>μᾶλλον</span> <span class='ocrx_word' id='word_1_106' title='bbox 372 1591 619 1658; x_wconf 73' lang='grc' dir='ltr'>αὔξεται,</span> <span class='ocrx_word' id='word_1_107' title='bbox 654 1592 843 1667; x_wconf 81' lang='grc' dir='ltr'>ὥσπερ</span> <span class='ocrx_word' id='word_1_108' title='bbox 873 1594 935 1649; x_wconf 70' lang='grc' dir='ltr'>τὸ</span> <span class='ocrx_word' id='word_1_109' title='bbox 967 1594 1077 1667; x_wconf 87' lang='grc' dir='ltr'><strong>πῦρ</strong></span> <span class='ocrx_word' id='word_1_110' title='bbox 1111 1595 1208 1666; x_wconf 81' lang='grc' dir='ltr'>τῆς</span> <span class='ocrx_word' id='word_1_111' title='bbox 1253 1584 1385 1664; x_wconf 74' lang='grc' dir='ltr'>ὕλης</span> <span class='ocrx_word' id='word_1_112' title='bbox 1432 1589 1716 1664; x_wconf 71' lang='grc' dir='ltr'>εὐποροῧνν</span> 
     </span>
    </p>
   </div>
   <div class='ocr_carea' id='block_1_16' title="bbox 156 1677 1713 1756">
    <p class='ocr_par' dir='ltr' id='par_1_16' title="bbox 156 1677 1713 1756">
     <span class='ocr_line' id='line_1_16' title="bbox 156 1677 1713 1756; baseline -0.002 -23"><span class='ocrx_word' id='word_1_113' title='bbox 156 1682 231 1733; x_wconf 67' lang='grc' dir='ltr'><strong>καὶ</strong></span> <span class='ocrx_word' id='word_1_114' title='bbox 272 1682 486 1751; x_wconf 77' lang='grc' dir='ltr'>μάλισθ’</span> <span class='ocrx_word' id='word_1_115' title='bbox 533 1684 611 1736; x_wconf 80' lang='grc' dir='ltr'>ὅτ’</span> <span class='ocrx_word' id='word_1_116' title='bbox 655 1682 720 1737; x_wconf 76' lang='grc' dir='ltr'><strong>ἂν</strong></span> <span class='ocrx_word' id='word_1_117' title='bbox 752 1686 819 1756; x_wconf 82' lang='grc' dir='ltr'>τῇ</span> <span class='ocrx_word' id='word_1_118' title='bbox 860 1684 1005 1755; x_wconf 68' lang='grc' dir='ltr'>ψυχῇ</span> <span class='ocrx_word' id='word_1_119' title='bbox 1054 1680 1146 1736; x_wconf 87' lang='grc' dir='ltr'><strong>τοῦ</strong></span> <span class='ocrx_word' id='word_1_120' title='bbox 1192 1682 1423 1754; x_wconf 77' lang='grc' dir='ltr'>ἐρῶντος</span> <span class='ocrx_word' id='word_1_121' title='bbox 1473 1678 1579 1751; x_wconf 80' lang='grc' dir='ltr'><strong>πρὸ</strong></span> <span class='ocrx_word' id='word_1_122' title='bbox 1620 1677 1713 1731; x_wconf 87' lang='grc' dir='ltr'><strong>τοῦ</strong></span> 
     </span>
    </p>
   </div>
   <div class='ocr_carea' id='block_1_17' title="bbox 1308 279 2280 343">
    <p class='ocr_par' dir='ltr' id='par_1_17' title="bbox 1308 279 2280 343">
     <span class='ocr_line' id='line_1_17' title="bbox 1308 279 2280 343; baseline -0.006 -1"><span class='ocrx_word' id='word_1_123' title='bbox 1308 282 1768 343; x_wconf 74' lang='lat' dir='ltr'><strong>CLEMENTINA.</strong></span> <span class='ocrx_word' id='word_1_124' title='bbox 1798 313 1866 323; x_wconf 92' lang='lat'><strong>——</strong></span> <span class='ocrx_word' id='word_1_125' title='bbox 1898 280 2182 337; x_wconf 82' lang='lat' dir='ltr'><strong>IIOMILIA</strong></span> <span class='ocrx_word' id='word_1_126' title='bbox 2225 279 2280 336; x_wconf 71' lang='grc' dir='ltr'><strong>ν.</strong></span> 
     </span>
    </p>
   </div>
   <div class='ocr_carea' id='block_1_18' title="bbox 3328 269 3426 328">
    <p class='ocr_par' dir='ltr' id='par_1_18' title="bbox 3328 269 3426 328">
     <span class='ocr_line' id='line_1_18' title="bbox 3328 269 3426 328; baseline -0.02 0"><span class='ocrx_word' id='word_1_127' title='bbox 3328 269 3426 328; x_wconf 72' lang='grc' dir='ltr'><strong>υι</strong></span> 
     </span>
    </p>
   </div>
   <div class='ocr_carea' id='block_1_19' title="bbox 1840 387 3424 467">
    <p class='ocr_par' dir='ltr' id='par_1_19' title="bbox 1840 387 3424 467">
     <span class='ocr_line' id='line_1_19' title="bbox 1840 387 3424 467; baseline -0.005 -18"><span class='ocrx_word' id='word_1_128' title='bbox 1840 412 1945 467; x_wconf 90' lang='lat' dir='ltr'><strong>que</strong></span> <span class='ocrx_word' id='word_1_129' title='bbox 1986 395 2169 466; x_wconf 84' lang='lat' dir='ltr'><strong>probis</strong></span> <span class='ocrx_word' id='word_1_130' title='bbox 2206 388 2687 463; x_wconf 81' lang='lat' dir='ltr'><strong>praeassuel’aciant</strong></span> <span class='ocrx_word' id='word_1_131' title='bbox 2726 388 3090 454; x_wconf 82' lang='lat' dir='ltr'><strong>sermonibus,</strong></span> <span class='ocrx_word' id='word_1_132' title='bbox 3136 387 3262 458; x_wconf 83' lang='lat' dir='ltr'><strong>quia</strong></span> <span class='ocrx_word' id='word_1_133' title='bbox 3293 404 3424 443; x_wconf 86' lang='lat' dir='ltr'><strong>eon-</strong></span> 
     </span>
    </p>
   </div>
   <div class='ocr_carea' id='block_1_20' title="bbox 1840 477 3421 549">
    <p class='ocr_par' dir='ltr' id='par_1_20' title="bbox 1840 477 3421 549">
     <span class='ocr_line' id='line_1_20' title="bbox 1840 477 3421 549; baseline -0.005 -9"><span class='ocrx_word' id='word_1_134' title='bbox 1840 486 2071 541; x_wconf 88' lang='lat' dir='ltr'><strong>suetudo</strong></span> <span class='ocrx_word' id='word_1_135' title='bbox 2098 492 2179 538; x_wconf 90' lang='lat' dir='ltr'><strong>est</strong></span> <span class='ocrx_word' id='word_1_136' title='bbox 2209 483 2380 537; x_wconf 88' lang='lat' dir='ltr'><strong>altera</strong></span> <span class='ocrx_word' id='word_1_137' title='bbox 2410 491 2604 537; x_wconf 91' lang='lat' dir='ltr'><strong>natura</strong></span> <span class='ocrx_word' id='word_1_138' title='bbox 2632 497 2645 535; x_wconf 90' lang='lat'><strong>:</strong></span> <span class='ocrx_word' id='word_1_139' title='bbox 2674 479 2741 535; x_wconf 89' lang='lat' dir='ltr'><strong>ad</strong></span> <span class='ocrx_word' id='word_1_140' title='bbox 2789 479 2905 535; x_wconf 61' lang='lat' dir='ltr'><strong>hare</strong></span> <span class='ocrx_word' id='word_1_141' title='bbox 2948 488 3129 535; x_wconf 91' lang='lat' dir='ltr'><strong>autem</strong></span> <span class='ocrx_word' id='word_1_142' title='bbox 3162 477 3421 549; x_wconf 56' lang='lat' dir='ltr'><strong>frequen-</strong></span> 
     </span>
    </p>
   </div>
   <div class='ocr_carea' id='block_1_21' title="bbox 1837 572 3416 643">
    <p class='ocr_par' dir='ltr' id='par_1_21' title="bbox 1837 572 3416 643">
     <span class='ocr_line' id='line_1_21' title="bbox 1837 572 3416 643; baseline -0.003 -12"><span class='ocrx_word' id='word_1_143' title='bbox 1837 586 1918 632; x_wconf 92' lang='lat' dir='ltr'><strong>ter</strong></span> <span class='ocrx_word' id='word_1_144' title='bbox 1952 577 2008 631; x_wconf 92' lang='lat' dir='ltr'><strong>in</strong></span> <span class='ocrx_word' id='word_1_145' title='bbox 2051 590 2243 630; x_wconf 89' lang='lat' dir='ltr'><strong>eorum</strong></span> <span class='ocrx_word' id='word_1_146' title='bbox 2290 574 2608 629; x_wconf 90' lang='lat' dir='ltr'><strong>memoriam</strong></span> <span class='ocrx_word' id='word_1_147' title='bbox 2665 580 2921 627; x_wconf 79' lang='lat' dir='ltr'><strong>revocent</strong></span> <span class='ocrx_word' id='word_1_148' title='bbox 2959 572 3138 640; x_wconf 86' lang='lat' dir='ltr'><strong>legum</strong></span> <span class='ocrx_word' id='word_1_149' title='bbox 3186 587 3416 643; x_wconf 67' lang='lat' dir='ltr'><strong>poenas:</strong></span> 
     </span>
    </p>
   </div>
   <div class='ocr_carea' id='block_1_22' title="bbox 1835 665 3419 741">
    <p class='ocr_par' dir='ltr' id='par_1_22' title="bbox 1835 665 3419 741">
     <span class='ocr_line' id='line_1_22' title="bbox 1835 665 3419 741; baseline -0.001 -17"><span class='ocrx_word' id='word_1_150' title='bbox 1835 685 1945 741; x_wconf 91' lang='lat' dir='ltr'><strong>quo</strong></span> <span class='ocrx_word' id='word_1_151' title='bbox 1971 678 2116 725; x_wconf 91' lang='lat' dir='ltr'><strong>metu</strong></span> <span class='ocrx_word' id='word_1_152' title='bbox 2142 678 2399 737; x_wconf 97' lang='lat' dir='ltr'><strong>tanquam</strong></span> <span class='ocrx_word' id='word_1_153' title='bbox 2433 667 2589 723; x_wconf 82' lang='lat' dir='ltr'><strong>freno</strong></span> <span class='ocrx_word' id='word_1_154' title='bbox 2630 665 2715 721; x_wconf 90' lang='lat' dir='ltr'><strong>usi</strong></span> <span class='ocrx_word' id='word_1_155' title='bbox 2762 666 3015 723; x_wconf 86' lang='lat' dir='ltr'><strong>absurdis</strong></span> <span class='ocrx_word' id='word_1_156' title='bbox 3044 684 3150 722; x_wconf 88' lang='lat' dir='ltr'><strong>non</strong></span> <span class='ocrx_word' id='word_1_157' title='bbox 3182 681 3419 724; x_wconf 89' lang='lat' dir='ltr'><strong>consen-</strong></span> 
     </span>
    </p>
   </div>
   <div class='ocr_carea' id='block_1_23' title="bbox 1834 760 3413 833">
    <p class='ocr_par' dir='ltr' id='par_1_23' title="bbox 1834 760 3413 833">
     <span class='ocr_line' id='line_1_23' title="bbox 1834 760 3413 833; baseline -0.001 -15"><span class='ocrx_word' id='word_1_158' title='bbox 1834 764 1971 818; x_wconf 90' lang='lat' dir='ltr'><strong>tiant</strong></span> <span class='ocrx_word' id='word_1_159' title='bbox 2000 762 2389 833; x_wconf 75' lang='lat' dir='ltr'><strong>voluptatibus.</strong></span> <span class='ocrx_word' id='word_1_160' title='bbox 2421 760 2688 828; x_wconf 76' lang='lat' dir='ltr'><strong>Convenit</strong></span> <span class='ocrx_word' id='word_1_161' title='bbox 2714 775 2845 831; x_wconf 90' lang='lat' dir='ltr'><strong>ergo</strong></span> <span class='ocrx_word' id='word_1_162' title='bbox 2880 769 2961 826; x_wconf 92' lang='lat' dir='ltr'><strong>ut,</strong></span> <span class='ocrx_word' id='word_1_163' title='bbox 2987 768 3278 831; x_wconf 82' lang='lat' dir='ltr'><strong>antequam</strong></span> <span class='ocrx_word' id='word_1_164' title='bbox 3303 760 3413 817; x_wconf 79' lang='lat' dir='ltr'><strong>fer-</strong></span> 
     </span>
    </p>
   </div>
   <div class='ocr_carea' id='block_1_24' title="bbox 1833 851 3413 925">
    <p class='ocr_par' dir='ltr' id='par_1_24' title="bbox 1833 851 3413 925">
     <span class='ocr_line' id='line_1_24' title="bbox 1833 851 3413 925; baseline -0.001 -16"><span class='ocrx_word' id='word_1_165' title='bbox 1833 864 1955 910; x_wconf 78' lang='lat' dir='ltr'><strong>veat</strong></span> <span class='ocrx_word' id='word_1_166' title='bbox 1991 855 2285 925; x_wconf 87' lang='lat' dir='ltr'><strong>cupiditas,</strong></span> <span class='ocrx_word' id='word_1_167' title='bbox 2318 853 2552 909; x_wconf 85' lang='lat' dir='ltr'><strong>naturali</strong></span> <span class='ocrx_word' id='word_1_168' title='bbox 2585 853 2762 907; x_wconf 64' lang='lat' dir='ltr'><strong>relatis</strong></span> <span class='ocrx_word' id='word_1_169' title='bbox 2810 851 3024 907; x_wconf 65' lang='lat' dir='ltr'><strong>aﬂ‘vctui</strong></span> <span class='ocrx_word' id='word_1_170' title='bbox 3065 868 3159 922; x_wconf 92' lang='lat' dir='ltr'><strong>per</strong></span> <span class='ocrx_word' id='word_1_171' title='bbox 3205 868 3413 907; x_wconf 84' lang='lat' dir='ltr'><strong>connu-</strong></span> 
     </span>
    </p>
   </div>
   <div class='ocr_carea' id='block_1_25' title="bbox 1829 944 3414 1018">
    <p class='ocr_par' dir='ltr' id='par_1_25' title="bbox 1829 944 3414 1018">
     <span class='ocr_line' id='line_1_25' title="bbox 1829 944 3414 1018; baseline -0.004 -14"><span class='ocrx_word' id='word_1_172' title='bbox 1829 948 1979 1004; x_wconf 91' lang='lat' dir='ltr'><strong>bium</strong></span> <span class='ocrx_word' id='word_1_173' title='bbox 2008 948 2238 1003; x_wconf 84' lang='lat' dir='ltr'><strong>satisﬁat</strong></span> <span class='ocrx_word' id='word_1_174' title='bbox 2262 965 2276 1013; x_wconf 90' lang='lat'><strong>;</strong></span> <span class='ocrx_word' id='word_1_175' title='bbox 2312 946 2851 1018; x_wconf 89' lang='lat' dir='ltr'><strong>persuadeamusque</strong></span> <span class='ocrx_word' id='word_1_176' title='bbox 2881 945 2987 1000; x_wconf 89' lang='lat' dir='ltr'><strong>illis</strong></span> <span class='ocrx_word' id='word_1_177' title='bbox 3012 945 3188 1015; x_wconf 88' lang='lat' dir='ltr'><strong>prius,</strong></span> <span class='ocrx_word' id='word_1_178' title='bbox 3211 960 3279 1000; x_wconf 92' lang='lat' dir='ltr'><strong>ne</strong></span> <span class='ocrx_word' id='word_1_179' title='bbox 3304 944 3414 999; x_wconf 84' lang='lat' dir='ltr'><strong>for-</strong></span> 
     </span>
    </p>
   </div>
   <div class='ocr_carea' id='block_1_26' title="bbox 1829 1039 3253 1111">
    <p class='ocr_par' dir='ltr' id='par_1_26' title="bbox 1829 1039 3253 1111">
     <span class='ocr_line' id='line_1_26' title="bbox 1829 1039 3253 1111; baseline -0.003 -15"><span class='ocrx_word' id='word_1_180' title='bbox 1829 1056 1973 1096; x_wconf 83' lang='lat' dir='ltr'><strong>mam</strong></span> <span class='ocrx_word' id='word_1_181' title='bbox 2008 1040 2234 1095; x_wconf 86' lang='lat' dir='ltr'><strong>alterius</strong></span> <span class='ocrx_word' id='word_1_182' title='bbox 2264 1039 2509 1095; x_wconf 88' lang='lat' dir='ltr'><strong>mulieris</strong></span> <span class='ocrx_word' id='word_1_183' title='bbox 2535 1039 2997 1109; x_wconf 91' lang='lat' dir='ltr'><strong>contemplentur.</strong></span> <span class='ocrx_word' id='word_1_184' title='bbox 3244 1102 3253 1111; x_wconf 32' lang='grc' dir='ltr'>θ</span> 
     </span>
    </p>
   </div>
   <div class='ocr_carea' id='block_1_27' title="bbox 1896 1129 3413 1203">
    <p class='ocr_par' dir='ltr' id='par_1_27' title="bbox 1896 1129 3413 1203">
     <span class='ocr_line' id='line_1_27' title="bbox 1896 1129 3413 1203; baseline -0.001 -17"><span class='ocrx_word' id='word_1_185' title='bbox 1896 1131 2087 1187; x_wconf 77' lang='lat' dir='ltr'><strong>XXVI.</strong></span> <span class='ocrx_word' id='word_1_186' title='bbox 2127 1132 2337 1187; x_wconf 85' lang='lat' dir='ltr'><strong>Etenim</strong></span> <span class='ocrx_word' id='word_1_187' title='bbox 2391 1148 2549 1188; x_wconf 89' lang='lat' dir='ltr'><strong>mens</strong></span> <span class='ocrx_word' id='word_1_188' title='bbox 2597 1140 2808 1199; x_wconf 89' lang='lat' dir='ltr'><strong>nostra,</strong></span> <span class='ocrx_word' id='word_1_189' title='bbox 2847 1147 2970 1188; x_wconf 92' lang='lat' dir='ltr'><strong>cum</strong></span> <span class='ocrx_word' id='word_1_190' title='bbox 3025 1130 3263 1203; x_wconf 89' lang='lat' dir='ltr'><strong>primum</strong></span> <span class='ocrx_word' id='word_1_191' title='bbox 3308 1129 3413 1186; x_wconf 82' lang='lat' dir='ltr'><strong>sibi</strong></span> 
     </span>
    </p>
   </div>
   <div class='ocr_carea' id='block_1_28' title="bbox 1826 1222 3411 1295">
    <p class='ocr_par' dir='ltr' id='par_1_28' title="bbox 1826 1222 3411 1295">
     <span class='ocr_line' id='line_1_28' title="bbox 1826 1222 3411 1295; baseline -0.002 -16"><span class='ocrx_word' id='word_1_192' title='bbox 1826 1222 2167 1295; x_wconf 84' lang='lat' dir='ltr'><strong>impresserit</strong></span> <span class='ocrx_word' id='word_1_193' title='bbox 2228 1240 2354 1280; x_wconf 91' lang='lat' dir='ltr'><strong>cum</strong></span> <span class='ocrx_word' id='word_1_194' title='bbox 2410 1225 2687 1295; x_wconf 78' lang='lat' dir='ltr'><strong>voluptate</strong></span> <span class='ocrx_word' id='word_1_195' title='bbox 2758 1224 3023 1279; x_wconf 77' lang='lat' dir='ltr'><strong>adamatze</strong></span> <span class='ocrx_word' id='word_1_196' title='bbox 3093 1223 3411 1295; x_wconf 78' lang='lat' dir='ltr'><strong>imaginem,</strong></span> 
     </span>
    </p>
   </div>
   <div class='ocr_carea' id='block_1_29' title="bbox 1825 1316 3415 1388">
    <p class='ocr_par' dir='ltr' id='par_1_29' title="bbox 1825 1316 3415 1388">
     <span class='ocr_line' id='line_1_29' title="bbox 1825 1316 3415 1388; baseline -0.001 -17"><span class='ocrx_word' id='word_1_197' title='bbox 1825 1317 1982 1387; x_wconf 86' lang='lat' dir='ltr'><strong>quasi</strong></span> <span class='ocrx_word' id='word_1_198' title='bbox 2014 1318 2067 1371; x_wconf 91' lang='lat' dir='ltr'><strong>in</strong></span> <span class='ocrx_word' id='word_1_199' title='bbox 2114 1316 2337 1388; x_wconf 90' lang='lat' dir='ltr'><strong>specqu</strong></span> <span class='ocrx_word' id='word_1_200' title='bbox 2375 1332 2591 1387; x_wconf 87' lang='lat' dir='ltr'><strong>semper</strong></span> <span class='ocrx_word' id='word_1_201' title='bbox 2621 1317 2849 1371; x_wconf 80' lang='lat' dir='ltr'><strong>formam</strong></span> <span class='ocrx_word' id='word_1_202' title='bbox 2896 1318 3135 1381; x_wconf 88' lang='lat' dir='ltr'><strong>intuens,</strong></span> <span class='ocrx_word' id='word_1_203' title='bbox 3167 1331 3265 1386; x_wconf 92' lang='lat' dir='ltr'><strong>per</strong></span> <span class='ocrx_word' id='word_1_204' title='bbox 3299 1330 3415 1369; x_wconf 78' lang='lat' dir='ltr'><strong>rne-</strong></span> 
     </span>
    </p>
   </div>
   <div class='ocr_carea' id='block_1_30' title="bbox 1822 1406 3408 1480">
    <p class='ocr_par' dir='ltr' id='par_1_30' title="bbox 1822 1406 3408 1480">
     <span class='ocr_line' id='line_1_30' title="bbox 1822 1406 3408 1480; baseline -0.003 -16"><span class='ocrx_word' id='word_1_205' title='bbox 1822 1409 2059 1465; x_wconf 89' lang='lat' dir='ltr'><strong>moriam</strong></span> <span class='ocrx_word' id='word_1_206' title='bbox 2088 1416 2395 1480; x_wconf 85' lang='lat' dir='ltr'><strong>torquetur,</strong></span> <span class='ocrx_word' id='word_1_207' title='bbox 2424 1418 2478 1465; x_wconf 92' lang='lat' dir='ltr'><strong>et</strong></span> <span class='ocrx_word' id='word_1_208' title='bbox 2522 1410 2568 1464; x_wconf 89' lang='lat' dir='ltr'><strong>si</strong></span> <span class='ocrx_word' id='word_1_209' title='bbox 2598 1410 2817 1480; x_wconf 89' lang='lat' dir='ltr'><strong>quidem</strong></span> <span class='ocrx_word' id='word_1_210' title='bbox 2853 1417 2981 1462; x_wconf 87' lang='lat' dir='ltr'><strong>voto</strong></span> <span class='ocrx_word' id='word_1_211' title='bbox 3032 1424 3139 1462; x_wconf 93' lang='lat' dir='ltr'><strong>non</strong></span> <span class='ocrx_word' id='word_1_212' title='bbox 3185 1406 3408 1471; x_wconf 80' lang='lat' dir='ltr'><strong>fruitur,</strong></span> 
     </span>
    </p>
   </div>
   <div class='ocr_carea' id='block_1_31' title="bbox 1821 1500 3412 1572">
    <p class='ocr_par' dir='ltr' id='par_1_31' title="bbox 1821 1500 3412 1572">
     <span class='ocr_line' id='line_1_31' title="bbox 1821 1500 3412 1572; baseline 0 -17"><span class='ocrx_word' id='word_1_213' title='bbox 1821 1501 2065 1572; x_wconf 88' lang='lat' dir='ltr'><strong>potiendi</strong></span> <span class='ocrx_word' id='word_1_214' title='bbox 2096 1509 2242 1557; x_wconf 87' lang='lat' dir='ltr'><strong>artes</strong></span> <span class='ocrx_word' id='word_1_215' title='bbox 2274 1502 2595 1568; x_wconf 89' lang='lat' dir='ltr'><strong>meditatur;</strong></span> <span class='ocrx_word' id='word_1_216' title='bbox 2639 1502 2721 1556; x_wconf 89' lang='lat' dir='ltr'><strong>sin</strong></span> <span class='ocrx_word' id='word_1_217' title='bbox 2751 1510 2932 1556; x_wconf 85' lang='lat' dir='ltr'><strong>autem</strong></span> <span class='ocrx_word' id='word_1_218' title='bbox 2968 1500 3185 1564; x_wconf 82' lang='lat' dir='ltr'><strong>fruitur,</strong></span> <span class='ocrx_word' id='word_1_219' title='bbox 3215 1500 3412 1556; x_wconf 87' lang='lat' dir='ltr'><strong>crescit</strong></span> 
     </span>
    </p>
   </div>
   <div class='ocr_carea' id='block_1_32' title="bbox 1822 1592 3411 1667">
    <p class='ocr_par' dir='ltr' id='par_1_32' title="bbox 1822 1592 3411 1667">
     <span class='ocr_line' id='line_1_32' title="bbox 1822 1592 3411 1667; baseline -0.006 -15"><span class='ocrx_word' id='word_1_220' title='bbox 1822 1596 2113 1667; x_wconf 84' lang='lat' dir='ltr'><strong>cupiditas,</strong></span> <span class='ocrx_word' id='word_1_221' title='bbox 2144 1596 2283 1652; x_wconf 89' lang='lat' dir='ltr'><strong>sicut</strong></span> <span class='ocrx_word' id='word_1_222' title='bbox 2312 1595 2453 1667; x_wconf 86' lang='lat' dir='ltr'><strong>ignis</strong></span> <span class='ocrx_word' id='word_1_223' title='bbox 2484 1594 2708 1649; x_wconf 88' lang='lat' dir='ltr'><strong>materia</strong></span> <span class='ocrx_word' id='word_1_224' title='bbox 2738 1593 3047 1658; x_wconf 88' lang='lat' dir='ltr'><strong>abundans,</strong></span> <span class='ocrx_word' id='word_1_225' title='bbox 3082 1592 3411 1661; x_wconf 67' lang='lat' dir='ltr'><strong>praesertim-</strong></span> 
     </span>
    </p>
   </div>
   <div class='ocr_carea' id='block_1_33' title="bbox 1824 1683 3406 1760">
    <p class='ocr_par' dir='ltr' id='par_1_33' title="bbox 1824 1683 3406 1760">
     <span class='ocr_line' id='line_1_33' title="bbox 1824 1683 3406 1760; baseline -0.003 -19"><span class='ocrx_word' id='word_1_226' title='bbox 1824 1705 1930 1758; x_wconf 90' lang='lat' dir='ltr'><strong>que</strong></span> <span class='ocrx_word' id='word_1_227' title='bbox 1956 1690 2174 1760; x_wconf 86' lang='lat' dir='ltr'><strong>quando</strong></span> <span class='ocrx_word' id='word_1_228' title='bbox 2205 1689 2256 1742; x_wconf 91' lang='lat' dir='ltr'><strong>in</strong></span> <span class='ocrx_word' id='word_1_229' title='bbox 2292 1687 2553 1743; x_wconf 86' lang='lat' dir='ltr'><strong>amatoris</strong></span> <span class='ocrx_word' id='word_1_230' title='bbox 2581 1687 2764 1741; x_wconf 89' lang='lat' dir='ltr'><strong>animo</strong></span> <span class='ocrx_word' id='word_1_231' title='bbox 2805 1685 2967 1740; x_wconf 88' lang='lat' dir='ltr'><strong>timor</strong></span> <span class='ocrx_word' id='word_1_232' title='bbox 3002 1696 3126 1739; x_wconf 90' lang='lat' dir='ltr'><strong>ante</strong></span> <span class='ocrx_word' id='word_1_233' title='bbox 3152 1683 3406 1739; x_wconf 80' lang='lat' dir='ltr'><strong>affectum</strong></span> 
     </span>
    </p>
   </div>
   <div class='ocr_carea' id='block_1_34' title="bbox 156 1754 1715 1853">
    <p class='ocr_par' dir='ltr' id='par_1_34' title="bbox 156 1754 1715 1848">
     <span class='ocr_line' id='line_1_34' title="bbox 156 1754 1715 1848; baseline 0.005 -22"><span class='ocrx_word' id='word_1_234' title='bbox 156 1773 332 1837; x_wconf 78' lang='grc' dir='ltr'>πάθους</span> <span class='ocrx_word' id='word_1_235' title='bbox 387 1754 1003 1847; x_wconf 13' lang='grc' dir='ltr'>προσεντετυπωμένοςγ</span> <span class='ocrx_word' id='word_1_236' title='bbox 1039 1776 1112 1848; x_wconf 80' lang='grc' dir='ltr'>μὴ</span> <span class='ocrx_word' id='word_1_237' title='bbox 1166 1772 1491 1848; x_wconf 79' lang='grc' dir='ltr'>προϋπάρξῃ</span> <span class='ocrx_word' id='word_1_238' title='bbox 1537 1770 1715 1842; x_wconf 79' lang='grc' dir='ltr'>φόϐος·</span> 
     </span>
    </p>
   </div>
   <div class='ocr_carea' id='block_1_35' title="bbox 1820 1754 3409 1853">
    <p class='ocr_par' dir='ltr' id='par_1_35' title="bbox 1825 1777 3409 1853">
     <span class='ocr_line' id='line_1_35' title="bbox 1825 1777 3409 1853; baseline -0.004 -17"><span class='ocrx_word' id='word_1_239' title='bbox 1825 1782 2127 1853; x_wconf 91' lang='lat' dir='ltr'><strong>impressus</strong></span> <span class='ocrx_word' id='word_1_240' title='bbox 2153 1797 2259 1837; x_wconf 88' lang='lat' dir='ltr'><strong>non</strong></span> <span class='ocrx_word' id='word_1_241' title='bbox 2289 1780 2626 1847; x_wconf 69' lang='lat' dir='ltr'><strong>prmexstitit.</strong></span> <span class='ocrx_word' id='word_1_242' title='bbox 2654 1778 2789 1833; x_wconf 87' lang='lat' dir='ltr'><strong>Nam</strong></span> <span class='ocrx_word' id='word_1_243' title='bbox 2839 1779 2981 1834; x_wconf 86' lang='lat' dir='ltr'><strong>sicut</strong></span> <span class='ocrx_word' id='word_1_244' title='bbox 3025 1794 3168 1848; x_wconf 89' lang='lat' dir='ltr'><strong>aqua</strong></span> <span class='ocrx_word' id='word_1_245' title='bbox 3200 1777 3409 1832; x_wconf 81' lang='lat' dir='ltr'><strong>exstin-</strong></span> 
     </span>
    </p>
   </div>
   <div class='ocr_carea' id='block_1_36' title="bbox 164 1861 1722 1939">
    <p class='ocr_par' dir='ltr' id='par_1_36' title="bbox 164 1861 1722 1939">
     <span class='ocr_line' id='line_1_36' title="bbox 164 1861 1722 1939; baseline -0.002 -20"><span class='ocrx_word' id='word_1_246' title='bbox 164 1862 236 1929; x_wconf 75' lang='grc' dir='ltr'>Ὦς</span> <span class='ocrx_word' id='word_1_247' title='bbox 260 1865 364 1938; x_wconf 75' lang='grc' dir='ltr'>γὰρ</span> <span class='ocrx_word' id='word_1_248' title='bbox 396 1864 548 1939; x_wconf 67' lang='grc' dir='ltr'>ὕδωρ</span> <span class='ocrx_word' id='word_1_249' title='bbox 584 1867 694 1939; x_wconf 89' lang='grc' dir='ltr'><strong>πῦρ</strong></span> <span class='ocrx_word' id='word_1_250' title='bbox 726 1868 1167 1927; x_wconf 75' lang='grc' dir='ltr'>κατασϐέννυσιν,</span> <span class='ocrx_word' id='word_1_251' title='bbox 1213 1863 1384 1928; x_wconf 70' lang='grc' dir='ltr'>οὕτως</span> <span class='ocrx_word' id='word_1_252' title='bbox 1424 1863 1518 1918; x_wconf 70' lang='grc' dir='ltr'><strong>καὶ</strong></span> <span class='ocrx_word' id='word_1_253' title='bbox 1560 1861 1722 1933; x_wconf 76' lang='grc' dir='ltr'>φόϐος</span> 
     </span>
    </p>
   </div>
   <div class='ocr_carea' id='block_1_37' title="bbox 156 1951 1721 2033">
    <p class='ocr_par' dir='ltr' id='par_1_37' title="bbox 156 1951 1721 2033">
     <span class='ocr_line' id='line_1_37' title="bbox 156 1951 1721 2033; baseline -0.006 -20"><span class='ocrx_word' id='word_1_254' title='bbox 156 1958 234 2029; x_wconf 75' lang='grc' dir='ltr'>τῆς</span> <span class='ocrx_word' id='word_1_255' title='bbox 262 1960 454 2033; x_wconf 60' lang='grc' dir='ltr'>ἀλόγου</span> <span class='ocrx_word' id='word_1_256' title='bbox 485 1959 778 2029; x_wconf 76' lang='grc' dir='ltr'>ἐπιθυμίας</span> <span class='ocrx_word' id='word_1_257' title='bbox 810 1960 924 2012; x_wconf 73' lang='grc' dir='ltr'>ἐστὶ</span> <span class='ocrx_word' id='word_1_258' title='bbox 953 1958 1291 2030; x_wconf 78' lang='grc' dir='ltr'>σϐεστήριος.</span> <span class='ocrx_word' id='word_1_259' title='bbox 1327 1955 1486 2009; x_wconf 87' lang='grc' dir='ltr'>Ὅθεν</span> <span class='ocrx_word' id='word_1_260' title='bbox 1528 1951 1635 2022; x_wconf 75' lang='grc' dir='ltr'>ἐγὼ</span> <span class='ocrx_word' id='word_1_261' title='bbox 1658 1951 1721 2005; x_wconf 76' lang='grc' dir='ltr'>ἐκ</span> 
     </span>
    </p>
   </div>
   <div class='ocr_carea' id='block_1_38' title="bbox 156 2044 1719 2124">
    <p class='ocr_par' dir='ltr' id='par_1_38' title="bbox 156 2044 1719 2124">
     <span class='ocr_line' id='line_1_38' title="bbox 156 2044 1719 2124; baseline -0.004 -20"><span class='ocrx_word' id='word_1_262' title='bbox 156 2069 272 2116; x_wconf 78' lang='grc' dir='ltr'>τινος</span> <span class='ocrx_word' id='word_1_263' title='bbox 314 2051 572 2106; x_wconf 74' lang='grc' dir='ltr'>Ἰουδαίου</span> <span class='ocrx_word' id='word_1_264' title='bbox 631 2053 699 2106; x_wconf 81' lang='grc' dir='ltr'>τὰ</span> <span class='ocrx_word' id='word_1_265' title='bbox 740 2052 858 2123; x_wconf 82' lang='grc' dir='ltr'>Θεῷ</span> <span class='ocrx_word' id='word_1_266' title='bbox 910 2051 1188 2124; x_wconf 78' lang='grc' dir='ltr'>πρέποντα</span> <span class='ocrx_word' id='word_1_267' title='bbox 1234 2049 1329 2104; x_wconf 65' lang='grc' dir='ltr'><strong>καὶ</strong></span> <span class='ocrx_word' id='word_1_268' title='bbox 1373 2046 1420 2080; x_wconf 71' lang='grc' dir='ltr'><strong>δ’</strong></span> <span class='ocrx_word' id='word_1_269' title='bbox 1455 2050 1592 2101; x_wconf 81' lang='grc' dir='ltr'>νοεῖν</span> <span class='ocrx_word' id='word_1_270' title='bbox 1626 2044 1719 2098; x_wconf 79' lang='grc' dir='ltr'>καὶ</span> 
     </span>
    </p>
   </div>
   <div class='ocr_carea' id='block_1_39' title="bbox 157 2132 1727 2218">
    <p class='ocr_par' dir='ltr' id='par_1_39' title="bbox 157 2132 1727 2218">
     <span class='ocr_line' id='line_1_39' title="bbox 157 2132 1727 2218; baseline -0.005 -19"><span class='ocrx_word' id='word_1_271' title='bbox 157 2149 299 2199; x_wconf 80' lang='grc' dir='ltr'>ποιεῖν</span> <span class='ocrx_word' id='word_1_272' title='bbox 331 2146 675 2218; x_wconf 73' lang='grc' dir='ltr'>ἐκμαθοῦσα,</span> <span class='ocrx_word' id='word_1_273' title='bbox 710 2144 978 2209; x_wconf 79' lang='grc' dir='ltr'>εὐάλωτος</span> <span class='ocrx_word' id='word_1_274' title='bbox 1008 2144 1145 2217; x_wconf 83' lang='grc' dir='ltr'>πρὸς</span> <span class='ocrx_word' id='word_1_275' title='bbox 1182 2142 1421 2215; x_wconf 75' lang='grc' dir='ltr'>μοιχείαν</span> <span class='ocrx_word' id='word_1_276' title='bbox 1456 2139 1559 2195; x_wconf 86' lang='grc' dir='ltr'><strong>ὑπὸ</strong></span> <span class='ocrx_word' id='word_1_277' title='bbox 1590 2132 1727 2210; x_wconf 55' lang='lat' dir='ltr'><strong>dat-m4</strong></span> 
     </span>
    </p>
   </div>
   <div class='ocr_carea' id='block_1_40' title="bbox 154 2232 1715 2310">
    <p class='ocr_par' dir='ltr' id='par_1_40' title="bbox 154 2232 1715 2310">
     <span class='ocr_line' id='line_1_40' title="bbox 154 2232 1715 2310; baseline -0.004 -21"><span class='ocrx_word' id='word_1_278' title='bbox 154 2238 234 2290; x_wconf 69' lang='grc' dir='ltr'>ἰῶν</span> <span class='ocrx_word' id='word_1_279' title='bbox 268 2239 446 2309; x_wconf 69' lang='grc' dir='ltr'>μύθων</span> <span class='ocrx_word' id='word_1_280' title='bbox 499 2239 562 2293; x_wconf 75' lang='grc' dir='ltr'>οὐ</span> <span class='ocrx_word' id='word_1_281' title='bbox 604 2238 849 2310; x_wconf 82' lang='grc' dir='ltr'>γίνομαι.</span> <span class='ocrx_word' id='word_1_282' title='bbox 881 2237 1095 2291; x_wconf 75' lang='grc' dir='ltr'>Θέλοντι</span> <span class='ocrx_word' id='word_1_283' title='bbox 1130 2235 1177 2268; x_wconf 79' lang='grc'><strong>⁵³</strong></span> <span class='ocrx_word' id='word_1_284' title='bbox 1210 2232 1267 2289; x_wconf 81' lang='grc' dir='ltr'>δέ</span> <span class='ocrx_word' id='word_1_285' title='bbox 1295 2252 1376 2287; x_wconf 93' lang='grc' dir='ltr'><strong>σοι</strong></span> <span class='ocrx_word' id='word_1_286' title='bbox 1410 2232 1503 2287; x_wconf 73' lang='grc' dir='ltr'><strong>καὶ</strong></span> <span class='ocrx_word' id='word_1_287' title='bbox 1549 2248 1715 2285; x_wconf 85' lang='grc' dir='ltr'>σπου-</span> 
     </span>
    </p>
   </div>
   <div class='ocr_carea' id='block_1_41' title="bbox 150 2321 1717 2403">
    <p class='ocr_par' dir='ltr' id='par_1_41' title="bbox 150 2321 1717 2403">
     <span class='ocr_line' id='line_1_41' title="bbox 150 2321 1717 2403; baseline 0.001 -18"><span class='ocrx_word' id='word_1_288' title='bbox 150 2332 341 2395; x_wconf 66' lang='grc' dir='ltr'>δάζοντι</span> <span class='ocrx_word' id='word_1_289' title='bbox 404 2335 744 2403; x_wconf 66' lang='grc' dir='ltr'>σωφρονεῖν,</span> <span class='ocrx_word' id='word_1_290' title='bbox 808 2328 1215 2403; x_wconf 77' lang='grc' dir='ltr'>φλεγμαινούσῃ</span> <span class='ocrx_word' id='word_1_291' title='bbox 1269 2321 1316 2359; x_wconf 63' lang='grc'><strong>⁸³</strong></span> <span class='ocrx_word' id='word_1_292' title='bbox 1372 2325 1515 2397; x_wconf 70' lang='grc' dir='ltr'>ψυχῇ</span> <span class='ocrx_word' id='word_1_293' title='bbox 1580 2321 1717 2397; x_wconf 74' lang='grc' dir='ltr'>πρὸς</span> 
     </span>
    </p>
   </div>
   <div class='ocr_carea' id='block_1_42' title="bbox 148 2415 1508 2493">
    <p class='ocr_par' dir='ltr' id='par_1_42' title="bbox 148 2415 1508 2493">
     <span class='ocr_line' id='line_1_42' title="bbox 148 2415 1508 2493; baseline -0.005 -20"><span class='ocrx_word' id='word_1_294' title='bbox 148 2421 333 2493; x_wconf 76' lang='grc' dir='ltr'>ἔρωτα,</span> <span class='ocrx_word' id='word_1_295' title='bbox 362 2421 571 2493; x_wconf 75' lang='grc' dir='ltr'>βοηθοίη</span> <span class='ocrx_word' id='word_1_296' title='bbox 603 2422 736 2485; x_wconf 78' lang='grc' dir='ltr'>Θεὸς</span> <span class='ocrx_word' id='word_1_297' title='bbox 767 2418 862 2475; x_wconf 70' lang='grc' dir='ltr'><strong>καὶ</strong></span> <span class='ocrx_word' id='word_1_298' title='bbox 889 2421 987 2492; x_wconf 81' lang='grc' dir='ltr'><strong>τὴν</strong></span> <span class='ocrx_word' id='word_1_299' title='bbox 1013 2420 1154 2473; x_wconf 81' lang='grc' dir='ltr'>ῖασιν</span> <span class='ocrx_word' id='word_1_300' title='bbox 1185 2415 1508 2489; x_wconf 72' lang='grc' dir='ltr'>παρασχοίη.</span> 
     </span>
    </p>
   </div>
   <div class='ocr_carea' id='block_1_43' title="bbox 211 2511 1714 2588">
    <p class='ocr_par' dir='ltr' id='par_1_43' title="bbox 211 2511 1714 2588">
     <span class='ocr_line' id='line_1_43' title="bbox 211 2511 1714 2588; baseline -0.007 -13"><span class='ocrx_word' id='word_1_301' title='bbox 211 2520 418 2577; x_wconf 75' lang='lat' dir='ltr'><strong>XXVII.</strong></span> <span class='ocrx_word' id='word_1_302' title='bbox 456 2519 795 2584; x_wconf 79' lang='grc' dir='ltr'>Ἐπακούσας</span> <span class='ocrx_word' id='word_1_303' title='bbox 830 2519 886 2574; x_wconf 79' lang='grc' dir='ltr'>δὲ</span> <span class='ocrx_word' id='word_1_304' title='bbox 931 2519 959 2573; x_wconf 77' lang='grc' dir='ltr'><strong>θ</strong></span> <span class='ocrx_word' id='word_1_305' title='bbox 1003 2516 1245 2573; x_wconf 76' lang='grc' dir='ltr'>Ἀππίων</span> <span class='ocrx_word' id='word_1_306' title='bbox 1277 2516 1375 2588; x_wconf 81' lang='grc' dir='ltr'>τῆς</span> <span class='ocrx_word' id='word_1_307' title='bbox 1419 2511 1714 2586; x_wconf 71' lang='grc' dir='ltr'>ὑποκρίτω</span> 
     </span>
    </p>
   </div>
   <div class='ocr_carea' id='block_1_44' title="bbox 147 2604 1711 2685">
    <p class='ocr_par' dir='ltr' id='par_1_44' title="bbox 147 2604 1711 2685">
     <span class='ocr_line' id='line_1_44' title="bbox 147 2604 1711 2685; baseline -0.006 -18"><span class='ocrx_word' id='word_1_308' title='bbox 147 2614 639 2685; x_wconf 47' lang='grc' dir='ltr'>ἀντιγραφῆςλφψ</span> <span class='ocrx_word' id='word_1_309' title='bbox 702 2611 793 2685; x_wconf 81' lang='grc' dir='ltr'><strong>Μή</strong></span> <span class='ocrx_word' id='word_1_310' title='bbox 842 2612 895 2666; x_wconf 87' lang='grc' dir='ltr'><strong>τί</strong></span> <span class='ocrx_word' id='word_1_311' title='bbox 942 2611 1151 2681; x_wconf 76' lang='grc' dir='ltr'>ἀλόγως</span> <span class='ocrx_word' id='word_1_312' title='bbox 1198 2607 1481 2670; x_wconf 81' lang='grc' dir='ltr'>Ἰουδαίους</span> <span class='ocrx_word' id='word_1_313' title='bbox 1534 2604 1711 2677; x_wconf 86' lang='grc' dir='ltr'>μισῶ;</span> 
     </span>
    </p>
   </div>
   <div class='ocr_carea' id='block_1_45' title="bbox 147 2695 1711 2779">
    <p class='ocr_par' dir='ltr' id='par_1_45' title="bbox 147 2695 1711 2779">
     <span class='ocr_line' id='line_1_45' title="bbox 147 2695 1711 2779; baseline -0.003 -22"><span class='ocrx_word' id='word_1_314' title='bbox 147 2704 226 2758; x_wconf 81' lang='grc' dir='ltr'><strong>νῦν</strong></span> <span class='ocrx_word' id='word_1_315' title='bbox 256 2706 381 2775; x_wconf 81' lang='grc' dir='ltr'>γοῦν</span> <span class='ocrx_word' id='word_1_316' title='bbox 400 2706 602 2779; x_wconf 74' lang='grc' dir='ltr'>ταύτην</span> <span class='ocrx_word' id='word_1_317' title='bbox 625 2706 671 2737; x_wconf 80' lang='grc'>⁸³</span> <span class='ocrx_word' id='word_1_318' title='bbox 698 2703 783 2769; x_wconf 88' lang='grc' dir='ltr'><strong>τίς</strong></span> <span class='ocrx_word' id='word_1_319' title='bbox 817 2722 944 2758; x_wconf 87' lang='grc' dir='ltr'>ποτε</span> <span class='ocrx_word' id='word_1_320' title='bbox 968 2701 1240 2774; x_wconf 78' lang='grc' dir='ltr'>συντυχὼν</span> <span class='ocrx_word' id='word_1_321' title='bbox 1264 2699 1531 2762; x_wconf 84' lang='grc' dir='ltr'>Ἰουδαῖος,</span> <span class='ocrx_word' id='word_1_322' title='bbox 1554 2695 1711 2767; x_wconf 73' lang='lat'><strong>153</strong></span> 
     </span>
    </p>
   </div>
   <div class='ocr_carea' id='block_1_46' title="bbox 150 2792 1711 2869">
    <p class='ocr_par' dir='ltr' id='par_1_46' title="bbox 150 2792 1711 2869">
     <span class='ocr_line' id='line_1_46' title="bbox 150 2792 1711 2869; baseline -0.003 -20"><span class='ocrx_word' id='word_1_323' title='bbox 150 2799 224 2850; x_wconf 78' lang='grc' dir='ltr'>καὶ</span> <span class='ocrx_word' id='word_1_324' title='bbox 252 2798 331 2861; x_wconf 75' lang='grc' dir='ltr'><strong>είς</strong></span> <span class='ocrx_word' id='word_1_325' title='bbox 367 2798 468 2869; x_wconf 80' lang='grc' dir='ltr'><strong>τὴν</strong></span> <span class='ocrx_word' id='word_1_326' title='bbox 514 2795 813 2869; x_wconf 80' lang='grc' dir='ltr'>θρησκείαν</span> <span class='ocrx_word' id='word_1_327' title='bbox 849 2793 1172 2867; x_wconf 80' lang='grc' dir='ltr'>μεταγαγὼν</span> <span class='ocrx_word' id='word_1_328' title='bbox 1214 2792 1465 2847; x_wconf 79' lang='grc' dir='ltr'>ἀνέπεισε</span> <span class='ocrx_word' id='word_1_329' title='bbox 1496 2805 1711 2861; x_wconf 79' lang='grc' dir='ltr'>σωφρο-</span> 
     </span>
    </p>
   </div>
   <div class='ocr_carea' id='block_1_47' title="bbox 1821 1868 3404 1946">
    <p class='ocr_par' dir='ltr' id='par_1_47' title="bbox 1821 1868 3404 1946">
     <span class='ocr_line' id='line_1_47' title="bbox 1821 1868 3404 1946; baseline -0.004 -16"><span class='ocrx_word' id='word_1_330' title='bbox 1821 1875 1935 1946; x_wconf 83' lang='lat' dir='ltr'><strong>guit</strong></span> <span class='ocrx_word' id='word_1_331' title='bbox 1958 1875 2161 1946; x_wconf 86' lang='lat' dir='ltr'><strong>ignem,</strong></span> <span class='ocrx_word' id='word_1_332' title='bbox 2193 1874 2264 1929; x_wconf 88' lang='lat' dir='ltr'><strong>ita</strong></span> <span class='ocrx_word' id='word_1_333' title='bbox 2294 1876 2458 1929; x_wconf 89' lang='lat' dir='ltr'><strong>etiam</strong></span> <span class='ocrx_word' id='word_1_334' title='bbox 2490 1875 2656 1929; x_wconf 90' lang='lat' dir='ltr'><strong>timor</strong></span> <span class='ocrx_word' id='word_1_335' title='bbox 2686 1875 2795 1927; x_wconf 88' lang='lat' dir='ltr'><strong>vim</strong></span> <span class='ocrx_word' id='word_1_336' title='bbox 2835 1873 2999 1927; x_wconf 82' lang='lat' dir='ltr'><strong>habet</strong></span> <span class='ocrx_word' id='word_1_337' title='bbox 3025 1868 3404 1941; x_wconf 82' lang='lat' dir='ltr'><strong>exstinguendi</strong></span> 
     </span>
    </p>
   </div>
   <div class='ocr_carea' id='block_1_48' title="bbox 1821 1961 3403 2033">
    <p class='ocr_par' dir='ltr' id='par_1_48' title="bbox 1821 1961 3403 2033">
     <span class='ocr_line' id='line_1_48' title="bbox 1821 1961 3403 2033; baseline -0.001 -19"><span class='ocrx_word' id='word_1_338' title='bbox 1821 1978 2039 2033; x_wconf 84' lang='lat' dir='ltr'><strong>pravam</strong></span> <span class='ocrx_word' id='word_1_339' title='bbox 2072 1962 2443 2032; x_wconf 87' lang='lat' dir='ltr'><strong>cupiditatem.</strong></span> <span class='ocrx_word' id='word_1_340' title='bbox 2474 1961 2740 2028; x_wconf 88' lang='lat' dir='ltr'><strong>Quocirca</strong></span> <span class='ocrx_word' id='word_1_341' title='bbox 2769 1977 2892 2031; x_wconf 93' lang='lat' dir='ltr'><strong>ego,</strong></span> <span class='ocrx_word' id='word_1_342' title='bbox 2934 1969 2994 2015; x_wconf 94' lang='lat' dir='ltr'><strong>ut</strong></span> <span class='ocrx_word' id='word_1_343' title='bbox 3037 1977 3159 2029; x_wconf 63' lang='lat' dir='ltr'><strong>qua:</strong></span> <span class='ocrx_word' id='word_1_344' title='bbox 3196 1976 3225 2014; x_wconf 89' lang='lat' dir='ltr'><strong>a</strong></span> <span class='ocrx_word' id='word_1_345' title='bbox 3266 1977 3403 2029; x_wconf 80' lang='lat' dir='ltr'><strong>quo-</strong></span> 
     </span>
    </p>
   </div>
   <div class='ocr_carea' id='block_1_49' title="bbox 1819 2052 3403 2123">
    <p class='ocr_par' dir='ltr' id='par_1_49' title="bbox 1819 2052 3403 2123">
     <span class='ocr_line' id='line_1_49' title="bbox 1819 2052 3403 2123; baseline 0 -16"><span class='ocrx_word' id='word_1_346' title='bbox 1819 2052 1941 2107; x_wconf 87' lang='lat' dir='ltr'><strong>dam</strong></span> <span class='ocrx_word' id='word_1_347' title='bbox 1987 2052 2174 2107; x_wconf 69' lang='lat' dir='ltr'><strong>Jiulmo</strong></span> <span class='ocrx_word' id='word_1_348' title='bbox 2222 2054 2505 2109; x_wconf 85' lang='lat' dir='ltr'><strong>didicerim</strong></span> <span class='ocrx_word' id='word_1_349' title='bbox 2559 2062 2613 2108; x_wconf 91' lang='lat' dir='ltr'><strong>et</strong></span> <span class='ocrx_word' id='word_1_350' title='bbox 2660 2054 2901 2123; x_wconf 89' lang='lat' dir='ltr'><strong>cogitare</strong></span> <span class='ocrx_word' id='word_1_351' title='bbox 2962 2062 3014 2107; x_wconf 92' lang='lat' dir='ltr'><strong>et</strong></span> <span class='ocrx_word' id='word_1_352' title='bbox 3059 2052 3236 2108; x_wconf 79' lang='lat' dir='ltr'><strong>facere</strong></span> <span class='ocrx_word' id='word_1_353' title='bbox 3282 2069 3403 2122; x_wconf 77' lang='lat' dir='ltr'><strong>qme</strong></span> 
     </span>
    </p>
   </div>
   <div class='ocr_carea' id='block_1_50' title="bbox 1821 2144 3399 2216">
    <p class='ocr_par' dir='ltr' id='par_1_50' title="bbox 1821 2144 3399 2216">
     <span class='ocr_line' id='line_1_50' title="bbox 1821 2144 3399 2216; baseline 0.001 -18"><span class='ocrx_word' id='word_1_354' title='bbox 1821 2144 1989 2201; x_wconf 86' lang='lat' dir='ltr'><strong>Deum</strong></span> <span class='ocrx_word' id='word_1_355' title='bbox 2017 2147 2232 2211; x_wconf 87' lang='lat' dir='ltr'><strong>decent,</strong></span> <span class='ocrx_word' id='word_1_356' title='bbox 2265 2162 2361 2216; x_wconf 89' lang='lat' dir='ltr'><strong>per</strong></span> <span class='ocrx_word' id='word_1_357' title='bbox 2389 2147 2556 2201; x_wconf 82' lang='lat' dir='ltr'><strong>falsas</strong></span> <span class='ocrx_word' id='word_1_358' title='bbox 2586 2145 2796 2200; x_wconf 79' lang='lat' dir='ltr'><strong>fabulas</strong></span> <span class='ocrx_word' id='word_1_359' title='bbox 2828 2146 2878 2199; x_wconf 90' lang='lat' dir='ltr'><strong>in</strong></span> <span class='ocrx_word' id='word_1_360' title='bbox 2917 2153 3165 2214; x_wconf 90' lang='lat' dir='ltr'><strong>stuprum</strong></span> <span class='ocrx_word' id='word_1_361' title='bbox 3205 2145 3399 2199; x_wconf 85' lang='lat' dir='ltr'><strong>adduci</strong></span> 
     </span>
    </p>
   </div>
   <div class='ocr_carea' id='block_1_51' title="bbox 1817 2236 3401 2309">
    <p class='ocr_par' dir='ltr' id='par_1_51' title="bbox 1817 2236 3401 2309">
     <span class='ocr_line' id='line_1_51' title="bbox 1817 2236 3401 2309; baseline -0.001 -16"><span class='ocrx_word' id='word_1_362' title='bbox 1817 2253 1925 2293; x_wconf 89' lang='lat' dir='ltr'><strong>non</strong></span> <span class='ocrx_word' id='word_1_363' title='bbox 1962 2254 2206 2309; x_wconf 86' lang='lat' dir='ltr'><strong>possum.</strong></span> <span class='ocrx_word' id='word_1_364' title='bbox 2240 2237 2362 2293; x_wconf 88' lang='lat' dir='ltr'><strong>Tibi</strong></span> <span class='ocrx_word' id='word_1_365' title='bbox 2394 2254 2543 2304; x_wconf 89' lang='lat' dir='ltr'><strong>vero,</strong></span> <span class='ocrx_word' id='word_1_366' title='bbox 2576 2238 2814 2309; x_wconf 89' lang='lat' dir='ltr'><strong>cupienti</strong></span> <span class='ocrx_word' id='word_1_367' title='bbox 2857 2254 2919 2293; x_wconf 88' lang='lat' dir='ltr'><strong>ac</strong></span> <span class='ocrx_word' id='word_1_368' title='bbox 2968 2236 3204 2292; x_wconf 83' lang='lat' dir='ltr'><strong>studenti</strong></span> <span class='ocrx_word' id='word_1_369' title='bbox 3252 2250 3401 2291; x_wconf 86' lang='lat' dir='ltr'><strong>caste</strong></span> 
     </span>
    </p>
   </div>
   <div class='ocr_carea' id='block_1_52' title="bbox 1816 2328 3399 2403">
    <p class='ocr_par' dir='ltr' id='par_1_52' title="bbox 1816 2328 3399 2403">
     <span class='ocr_line' id='line_1_52' title="bbox 1816 2328 3399 2403; baseline -0.003 -18"><span class='ocrx_word' id='word_1_370' title='bbox 1816 2332 2017 2397; x_wconf 87' lang='lat' dir='ltr'><strong>vivere,</strong></span> <span class='ocrx_word' id='word_1_371' title='bbox 2050 2332 2352 2403; x_wconf 66' lang='lat' dir='ltr'><strong>animaeque</strong></span> <span class='ocrx_word' id='word_1_372' title='bbox 2398 2332 2463 2386; x_wconf 89' lang='lat' dir='ltr'><strong>ad</strong></span> <span class='ocrx_word' id='word_1_373' title='bbox 2495 2348 2733 2386; x_wconf 89' lang='lat' dir='ltr'><strong>amorem</strong></span> <span class='ocrx_word' id='word_1_374' title='bbox 2762 2330 3033 2400; x_wconf 84' lang='lat' dir='ltr'><strong>ﬂagranti,</strong></span> <span class='ocrx_word' id='word_1_375' title='bbox 3066 2328 3208 2385; x_wconf 88' lang='lat' dir='ltr'><strong>Deus</strong></span> <span class='ocrx_word' id='word_1_376' title='bbox 3246 2328 3399 2382; x_wconf 83' lang='lat' dir='ltr'><strong>auxi-</strong></span> 
     </span>
    </p>
   </div>
   <div class='ocr_carea' id='block_1_53' title="bbox 1816 2423 3041 2494">
    <p class='ocr_par' dir='ltr' id='par_1_53' title="bbox 1816 2423 3041 2494">
     <span class='ocr_line' id='line_1_53' title="bbox 1816 2423 3041 2494; baseline -0.002 -17"><span class='ocrx_word' id='word_1_377' title='bbox 1816 2423 1946 2478; x_wconf 89' lang='lat' dir='ltr'><strong>lium</strong></span> <span class='ocrx_word' id='word_1_378' title='bbox 1980 2424 2238 2494; x_wconf 62' lang='lat' dir='ltr'><strong>prrebeat,</strong></span> <span class='ocrx_word' id='word_1_379' title='bbox 2271 2432 2435 2494; x_wconf 92' lang='lat' dir='ltr'><strong>atque</strong></span> <span class='ocrx_word' id='word_1_380' title='bbox 2467 2424 2667 2477; x_wconf 88' lang='lat' dir='ltr'><strong>tribuat</strong></span> <span class='ocrx_word' id='word_1_381' title='bbox 2691 2423 3041 2477; x_wconf 86' lang='lat' dir='ltr'><strong>medicinam.</strong></span> 
     </span>
    </p>
   </div>
   <div class='ocr_carea' id='block_1_54' title="bbox 1888 2512 3397 2584">
    <p class='ocr_par' dir='ltr' id='par_1_54' title="bbox 1888 2512 3397 2584">
     <span class='ocr_line' id='line_1_54' title="bbox 1888 2512 3397 2584; baseline -0.001 -15"><span class='ocrx_word' id='word_1_382' title='bbox 1888 2513 2099 2571; x_wconf 75' lang='lat' dir='ltr'><strong>XXVII.</strong></span> <span class='ocrx_word' id='word_1_383' title='bbox 2142 2516 2342 2571; x_wconf 82' lang='lat' dir='ltr'><strong>Audito</strong></span> <span class='ocrx_word' id='word_1_384' title='bbox 2392 2524 2572 2570; x_wconf 90' lang='lat' dir='ltr'><strong>autem</strong></span> <span class='ocrx_word' id='word_1_385' title='bbox 2623 2514 2813 2570; x_wconf 89' lang='lat' dir='ltr'><strong>lictitio</strong></span> <span class='ocrx_word' id='word_1_386' title='bbox 2879 2512 3397 2584; x_wconf 82' lang='lat' dir='ltr'><strong>reseripto,Appion</strong></span> 
     </span>
    </p>
   </div>
   <div class='ocr_carea' id='block_1_55' title="bbox 1812 2605 3399 2676">
    <p class='ocr_par' dir='ltr' id='par_1_55' title="bbox 1812 2605 3399 2676">
     <span class='ocr_line' id='line_1_55' title="bbox 1812 2605 3399 2676; baseline -0.001 -14"><span class='ocrx_word' id='word_1_387' title='bbox 1812 2608 1951 2663; x_wconf 79' lang='lat' dir='ltr'><strong>dixit</strong></span> <span class='ocrx_word' id='word_1_388' title='bbox 1980 2626 1994 2664; x_wconf 89' lang='lat'><strong>:</strong></span> <span class='ocrx_word' id='word_1_389' title='bbox 2025 2610 2108 2664; x_wconf 86' lang='lat' dir='ltr'><strong>An</strong></span> <span class='ocrx_word' id='word_1_390' title='bbox 2132 2610 2248 2665; x_wconf 89' lang='lat' dir='ltr'><strong>sine</strong></span> <span class='ocrx_word' id='word_1_391' title='bbox 2277 2610 2485 2664; x_wconf 89' lang='lat' dir='ltr'><strong>ratione</strong></span> <span class='ocrx_word' id='word_1_392' title='bbox 2512 2606 2726 2663; x_wconf 74' lang='lat' dir='ltr'><strong>Judzeos</strong></span> <span class='ocrx_word' id='word_1_393' title='bbox 2757 2606 2880 2661; x_wconf 85' lang='lat' dir='ltr'><strong>odi?</strong></span> <span class='ocrx_word' id='word_1_394' title='bbox 2919 2606 3075 2663; x_wconf 86' lang='lat' dir='ltr'><strong>Nunc</strong></span> <span class='ocrx_word' id='word_1_395' title='bbox 3098 2622 3227 2676; x_wconf 89' lang='lat' dir='ltr'><strong>ergo</strong></span> <span class='ocrx_word' id='word_1_396' title='bbox 3256 2605 3399 2661; x_wconf 87' lang='lat' dir='ltr'><strong>hanc</strong></span> 
     </span>
    </p>
   </div>
   <div class='ocr_carea' id='block_1_56' title="bbox 1814 2698 3397 2771">
    <p class='ocr_par' dir='ltr' id='par_1_56' title="bbox 1814 2698 3397 2771">
     <span class='ocr_line' id='line_1_56' title="bbox 1814 2698 3397 2771; baseline -0.003 -17"><span class='ocrx_word' id='word_1_397' title='bbox 1814 2700 2013 2771; x_wconf 87' lang='lat' dir='ltr'><strong>aliquis</strong></span> <span class='ocrx_word' id='word_1_398' title='bbox 2063 2699 2283 2756; x_wconf 71' lang='lat' dir='ltr'><strong>Judaeus</strong></span> <span class='ocrx_word' id='word_1_399' title='bbox 2324 2710 2538 2766; x_wconf 90' lang='lat' dir='ltr'><strong>nactus,</strong></span> <span class='ocrx_word' id='word_1_400' title='bbox 2570 2700 2963 2769; x_wconf 88' lang='lat' dir='ltr'><strong>adductamque</strong></span> <span class='ocrx_word' id='word_1_401' title='bbox 3000 2698 3066 2753; x_wconf 88' lang='lat' dir='ltr'><strong>ad</strong></span> <span class='ocrx_word' id='word_1_402' title='bbox 3100 2712 3257 2753; x_wconf 90' lang='lat' dir='ltr'><strong>suum</strong></span> <span class='ocrx_word' id='word_1_403' title='bbox 3281 2698 3397 2751; x_wconf 85' lang='lat' dir='ltr'><strong>cul-</strong></span> 
     </span>
    </p>
   </div>
   <div class='ocr_carea' id='block_1_57' title="bbox 1818 2789 3396 2865">
    <p class='ocr_par' dir='ltr' id='par_1_57' title="bbox 1818 2789 3396 2865">
     <span class='ocr_line' id='line_1_57' title="bbox 1818 2789 3396 2865; baseline -0.002 -19"><span class='ocrx_word' id='word_1_404' title='bbox 1818 2800 1956 2860; x_wconf 91' lang='lat' dir='ltr'><strong>tum,</strong></span> <span class='ocrx_word' id='word_1_405' title='bbox 1998 2792 2049 2847; x_wconf 83' lang='lat' dir='ltr'><strong>in</strong></span> <span class='ocrx_word' id='word_1_406' title='bbox 2080 2793 2331 2849; x_wconf 84' lang='lat' dir='ltr'><strong>castitate</strong></span> <span class='ocrx_word' id='word_1_407' title='bbox 2360 2793 2554 2865; x_wconf 88' lang='lat' dir='ltr'><strong>degere</strong></span> <span class='ocrx_word' id='word_1_408' title='bbox 2594 2791 2882 2861; x_wconf 83' lang='lat' dir='ltr'><strong>persuasit,</strong></span> <span class='ocrx_word' id='word_1_409' title='bbox 2916 2799 2969 2845; x_wconf 91' lang='lat' dir='ltr'><strong>et</strong></span> <span class='ocrx_word' id='word_1_410' title='bbox 3014 2789 3267 2860; x_wconf 87' lang='lat' dir='ltr'><strong>deinceps</strong></span> <span class='ocrx_word' id='word_1_411' title='bbox 3293 2789 3396 2843; x_wconf 84' lang='lat' dir='ltr'><strong>im-</strong></span> 
     </span>
    </p>
   </div>
   <div class='ocr_carea' id='block_1_58' title="bbox 150 2880 1715 2955">
    <p class='ocr_par' dir='ltr' id='par_1_58' title="bbox 150 2880 1711 2955">
     <span class='ocr_line' id='line_1_58' title="bbox 150 2880 1711 2955; baseline -0.005 -15"><span class='ocrx_word' id='word_1_412' title='bbox 150 2890 250 2949; x_wconf 83' lang='grc' dir='ltr'>νεῖν,</span> <span class='ocrx_word' id='word_1_413' title='bbox 280 2889 377 2941; x_wconf 78' lang='grc' dir='ltr'><strong>καί</strong></span> <span class='ocrx_word' id='word_1_414' title='bbox 406 2887 671 2944; x_wconf 75' lang='grc' dir='ltr'>ἀδύνατόν</span> <span class='ocrx_word' id='word_1_415' title='bbox 702 2889 817 2941; x_wconf 78' lang='grc' dir='ltr'>ἐστι</span> <span class='ocrx_word' id='word_1_416' title='bbox 848 2885 941 2941; x_wconf 85' lang='grc' dir='ltr'><strong>τοῦ</strong></span> <span class='ocrx_word' id='word_1_417' title='bbox 969 2882 1157 2939; x_wconf 87' lang='grc' dir='ltr'>λοιποῦ</span> <span class='ocrx_word' id='word_1_418' title='bbox 1201 2885 1370 2955; x_wconf 79' lang='grc' dir='ltr'>αὐτὴν</span> <span class='ocrx_word' id='word_1_419' title='bbox 1397 2883 1443 2914; x_wconf 76' lang='grc'><strong>⁸⁸</strong></span> <span class='ocrx_word' id='word_1_420' title='bbox 1474 2880 1553 2945; x_wconf 86' lang='grc' dir='ltr'><strong>είς</strong></span> <span class='ocrx_word' id='word_1_421' title='bbox 1598 2896 1711 2933; x_wconf 79' lang='grc' dir='ltr'>κοι-</span> 
     </span>
    </p>
   </div>
   <div class='ocr_carea' id='block_1_59' title="bbox 1820 2880 3392 2955">
    <p class='ocr_par' dir='ltr' id='par_1_59' title="bbox 1820 2880 3392 2953">
     <span class='ocr_line' id='line_1_59' title="bbox 1820 2880 3392 2953; baseline -0.002 -16"><span class='ocrx_word' id='word_1_422' title='bbox 1820 2884 2070 2953; x_wconf 89' lang='lat' dir='ltr'><strong>possibile</strong></span> <span class='ocrx_word' id='word_1_423' title='bbox 2114 2893 2200 2939; x_wconf 90' lang='lat' dir='ltr'><strong>est</strong></span> <span class='ocrx_word' id='word_1_424' title='bbox 2248 2894 2307 2939; x_wconf 89' lang='lat' dir='ltr'><strong>ut</strong></span> <span class='ocrx_word' id='word_1_425' title='bbox 2346 2899 2408 2938; x_wconf 87' lang='lat' dir='ltr'><strong>ea</strong></span> <span class='ocrx_word' id='word_1_426' title='bbox 2441 2882 2494 2937; x_wconf 93' lang='lat' dir='ltr'><strong>in</strong></span> <span class='ocrx_word' id='word_1_427' title='bbox 2534 2882 2817 2952; x_wconf 88' lang='lat' dir='ltr'><strong>cujusdam</strong></span> <span class='ocrx_word' id='word_1_428' title='bbox 2856 2881 3170 2952; x_wconf 81' lang='lat' dir='ltr'><strong>complexus</strong></span> <span class='ocrx_word' id='word_1_429' title='bbox 3192 2880 3392 2947; x_wconf 87' lang='lat' dir='ltr'><strong>veniat,</strong></span> 
     </span>
    </p>
   </div>
   <div class='ocr_carea' id='block_1_60' title="bbox 150 2968 1715 3056">
    <p class='ocr_par' dir='ltr' id='par_1_60' title="bbox 150 2968 1708 3056">
     <span class='ocr_line' id='line_1_60' title="bbox 150 2968 1708 3056; baseline -0.006 -18"><span class='ocrx_word' id='word_1_430' title='bbox 150 2985 313 3037; x_wconf 63' lang='lat' dir='ltr'><strong>min</strong></span> <span class='ocrx_word' id='word_1_431' title='bbox 343 2983 537 3056; x_wconf 78' lang='grc' dir='ltr'>ἐτέρου</span> <span class='ocrx_word' id='word_1_432' title='bbox 583 2982 730 3047; x_wconf 79' lang='grc' dir='ltr'>τινὸς</span> <span class='ocrx_word' id='word_1_433' title='bbox 776 2980 1072 3047; x_wconf 84' lang='grc' dir='ltr'>συνελθεῖν,</span> <span class='ocrx_word' id='word_1_434' title='bbox 1118 2978 1201 3034; x_wconf 82' lang='grc' dir='ltr'>ὅτι</span> <span class='ocrx_word' id='word_1_435' title='bbox 1248 2980 1297 3032; x_wconf 77' lang='grc' dir='ltr'>οἱ</span> <span class='ocrx_word' id='word_1_436' title='bbox 1342 2974 1571 3030; x_wconf 84' lang='grc' dir='ltr'>τοιοῦτοι</span> <span class='ocrx_word' id='word_1_437' title='bbox 1616 2968 1708 3029; x_wconf 74' lang='grc' dir='ltr'>τὸν</span> 
     </span>
    </p>
   </div>
   <div class='ocr_carea' id='block_1_61' title="bbox 1820 2968 3395 3056">
    <p class='ocr_par' dir='ltr' id='par_1_61' title="bbox 1820 2972 3395 3047">
     <span class='ocr_line' id='line_1_61' title="bbox 1820 2972 3395 3047; baseline -0.002 -18"><span class='ocrx_word' id='word_1_438' title='bbox 1820 2976 1935 3047; x_wconf 81' lang='lat' dir='ltr'><strong>quia</strong></span> <span class='ocrx_word' id='word_1_439' title='bbox 1971 2977 2082 3040; x_wconf 90' lang='lat' dir='ltr'><strong>isti,</strong></span> <span class='ocrx_word' id='word_1_440' title='bbox 2123 2975 2292 3031; x_wconf 91' lang='lat' dir='ltr'><strong>Deum</strong></span> <span class='ocrx_word' id='word_1_441' title='bbox 2338 2983 2597 3045; x_wconf 88' lang='lat' dir='ltr'><strong>tanquam</strong></span> <span class='ocrx_word' id='word_1_442' title='bbox 2637 2974 2884 3028; x_wconf 91' lang='lat' dir='ltr'><strong>omnium</strong></span> <span class='ocrx_word' id='word_1_443' title='bbox 2934 2989 3158 3043; x_wconf 89' lang='lat' dir='ltr'><strong>operum</strong></span> <span class='ocrx_word' id='word_1_444' title='bbox 3211 2972 3395 3041; x_wconf 89' lang='lat' dir='ltr'><strong>inspe—</strong></span> 
     </span>
    </p>
   </div>
   <div class='ocr_carea' id='block_1_62' title="bbox 151 3064 1715 3157">
    <p class='ocr_par' dir='ltr' id='par_1_62' title="bbox 151 3066 1709 3147">
     <span class='ocr_line' id='line_1_62' title="bbox 151 3066 1709 3147; baseline -0.006 -17"><span class='ocrx_word' id='word_1_445' title='bbox 151 3076 251 3129; x_wconf 74' lang='grc' dir='ltr'>θεὸν</span> <span class='ocrx_word' id='word_1_446' title='bbox 275 3077 354 3141; x_wconf 84' lang='grc' dir='ltr'><strong>ὡς</strong></span> <span class='ocrx_word' id='word_1_447' title='bbox 383 3076 774 3147; x_wconf 63' lang='grc' dir='ltr'>παπεπὸπτην</span> <span class='ocrx_word' id='word_1_448' title='bbox 799 3075 908 3129; x_wconf 83' lang='grc' dir='ltr'><strong>τῶν</strong></span> <span class='ocrx_word' id='word_1_449' title='bbox 941 3073 1189 3144; x_wconf 79' lang='grc' dir='ltr'>πράξεων</span> <span class='ocrx_word' id='word_1_450' title='bbox 1223 3070 1543 3143; x_wconf 82' lang='grc' dir='ltr'>προθέμενοι</span> <span class='ocrx_word' id='word_1_451' title='bbox 1584 3066 1709 3138; x_wconf 72' lang='grc' dir='ltr'><strong>σφό-</strong></span> 
     </span>
    </p>
   </div>
   <div class='ocr_carea' id='block_1_63' title="bbox 1820 3064 3392 3157">
    <p class='ocr_par' dir='ltr' id='par_1_63' title="bbox 1820 3064 3392 3138">
     <span class='ocr_line' id='line_1_63' title="bbox 1820 3064 3392 3138; baseline -0.003 -16"><span class='ocrx_word' id='word_1_452' title='bbox 1820 3075 2016 3122; x_wconf 81' lang='lat' dir='ltr'><strong>etorem</strong></span> <span class='ocrx_word' id='word_1_453' title='bbox 2042 3068 2144 3123; x_wconf 92' lang='lat' dir='ltr'><strong>sibi</strong></span> <span class='ocrx_word' id='word_1_454' title='bbox 2178 3077 2566 3138; x_wconf 88' lang='lat' dir='ltr'><strong>proponentes,</strong></span> <span class='ocrx_word' id='word_1_455' title='bbox 2606 3065 2921 3135; x_wconf 88' lang='lat' dir='ltr'><strong>pudicitiam</strong></span> <span class='ocrx_word' id='word_1_456' title='bbox 2971 3064 3261 3119; x_wconf 88' lang='lat' dir='ltr'><strong>admodum</strong></span> <span class='ocrx_word' id='word_1_457' title='bbox 3302 3079 3392 3118; x_wconf 86' lang='lat' dir='ltr'><strong>re-</strong></span> 
     </span>
    </p>
   </div>
   <div class='ocr_carea' id='block_1_64' title="bbox 148 3158 1708 3240">
    <p class='ocr_par' dir='ltr' id='par_1_64' title="bbox 148 3158 1708 3240">
     <span class='ocr_line' id='line_1_64' title="bbox 148 3158 1708 3240; baseline -0.004 -21"><span class='ocrx_word' id='word_1_458' title='bbox 148 3167 224 3238; x_wconf 71' lang='grc' dir='ltr'><strong>δρα</strong></span> <span class='ocrx_word' id='word_1_459' title='bbox 257 3170 559 3240; x_wconf 72' lang='grc' dir='ltr'>σωφρονεῖν</span> <span class='ocrx_word' id='word_1_460' title='bbox 607 3164 1049 3239; x_wconf 75' lang='grc' dir='ltr'>ὲγκαρτεροῦσιν,</span> <span class='ocrx_word' id='word_1_461' title='bbox 1086 3164 1161 3228; x_wconf 79' lang='grc' dir='ltr'><strong>ὡς</strong></span> <span class='ocrx_word' id='word_1_462' title='bbox 1207 3162 1387 3216; x_wconf 89' lang='grc' dir='ltr'>λαθεῖν</span> <span class='ocrx_word' id='word_1_463' title='bbox 1433 3161 1509 3234; x_wconf 79' lang='grc' dir='ltr'>μὴ</span> <span class='ocrx_word' id='word_1_464' title='bbox 1549 3158 1708 3214; x_wconf 84' lang='grc' dir='ltr'>δυνά-</span> 
     </span>
    </p>
   </div>
   <div class='ocr_carea' id='block_1_65' title="bbox 151 3276 279 3327">
    <p class='ocr_par' dir='ltr' id='par_1_65' title="bbox 151 3276 279 3327">
     <span class='ocr_line' id='line_1_65' title="bbox 151 3276 279 3327; baseline -0.008 -15"><span class='ocrx_word' id='word_1_465' title='bbox 151 3276 279 3327; x_wconf 77' lang='grc' dir='ltr'>μενοι.</span> 
     </span>
    </p>
   </div>
   <div class='ocr_carea' id='block_1_66' title="bbox 201 3344 1706 3424">
    <p class='ocr_par' dir='ltr' id='par_1_66' title="bbox 201 3344 1706 3424">
     <span class='ocr_line' id='line_1_66' title="bbox 201 3344 1706 3424; baseline -0.003 -20"><span class='ocrx_word' id='word_1_466' title='bbox 201 3349 426 3404; x_wconf 67' lang='lat' dir='ltr'><strong>XXVIII.</strong></span> <span class='ocrx_word' id='word_1_467' title='bbox 471 3348 661 3424; x_wconf 80' lang='grc' dir='ltr'>Ταῦτα</span> <span class='ocrx_word' id='word_1_468' title='bbox 693 3350 949 3414; x_wconf 75' lang='grc' dir='ltr'>ἀκούσας,</span> <span class='ocrx_word' id='word_1_469' title='bbox 983 3347 1117 3419; x_wconf 75' lang='grc' dir='ltr'><strong>ἔφην</strong></span> <span class='ocrx_word' id='word_1_470' title='bbox 1144 3347 1222 3419; x_wconf 81' lang='grc' dir='ltr'><strong>τῷ</strong></span> <span class='ocrx_word' id='word_1_471' title='bbox 1265 3346 1557 3399; x_wconf 73' lang='grc' dir='ltr'><strong>Ἀτ-επίωνι⁹</strong></span> <span class='ocrx_word' id='word_1_472' title='bbox 1591 3344 1706 3399; x_wconf 83' lang='grc' dir='ltr'>Νῦν</span> 
     </span>
    </p>
   </div>
   <div class='ocr_carea' id='block_1_67' title="bbox 150 3435 1706 3515">
    <p class='ocr_par' dir='ltr' id='par_1_67' title="bbox 150 3435 1706 3515">
     <span class='ocr_line' id='line_1_67' title="bbox 150 3435 1706 3515; baseline 0.001 -23"><span class='ocrx_word' id='word_1_473' title='bbox 150 3458 208 3493; x_wconf 77' lang='grc' dir='ltr'><strong>σοι</strong></span> <span class='ocrx_word' id='word_1_474' title='bbox 233 3442 293 3495; x_wconf 75' lang='grc' dir='ltr'>τὰ</span> <span class='ocrx_word' id='word_1_475' title='bbox 323 3442 510 3515; x_wconf 74' lang='grc' dir='ltr'><strong>ἁληθῆ</strong></span> <span class='ocrx_word' id='word_1_476' title='bbox 560 3442 900 3513; x_wconf 77' lang='grc' dir='ltr'>ὁμολογήσω.</span> <span class='ocrx_word' id='word_1_477' title='bbox 948 3438 1087 3510; x_wconf 78' lang='grc' dir='ltr'><strong>Ἐγὼ</strong></span> <span class='ocrx_word' id='word_1_478' title='bbox 1132 3438 1387 3508; x_wconf 72' lang='grc' dir='ltr'>γυναικὸς</span> <span class='ocrx_word' id='word_1_479' title='bbox 1429 3438 1529 3491; x_wconf 75' lang='grc' dir='ltr'><strong>οὐκ</strong></span> <span class='ocrx_word' id='word_1_480' title='bbox 1570 3435 1706 3510; x_wconf 73' lang='grc' dir='ltr'><strong>ἡρά-</strong></span> 
     </span>
    </p>
   </div>
   <div class='ocr_carea' id='block_1_68' title="bbox 148 3528 1705 3605">
    <p class='ocr_par' dir='ltr' id='par_1_68' title="bbox 148 3528 1705 3605">
     <span class='ocr_line' id='line_1_68' title="bbox 148 3528 1705 3605; baseline -0.003 -20"><span class='ocrx_word' id='word_1_481' title='bbox 148 3533 247 3603; x_wconf 66' lang='grc' dir='ltr'>σθην</span> <span class='ocrx_word' id='word_1_482' title='bbox 277 3536 397 3589; x_wconf 66' lang='grc' dir='ltr'>οὐδὲ</span> <span class='ocrx_word' id='word_1_483' title='bbox 428 3534 596 3589; x_wconf 77' lang='grc' dir='ltr'>ἄλλου</span> <span class='ocrx_word' id='word_1_484' title='bbox 626 3533 789 3598; x_wconf 78' lang='grc' dir='ltr'>τινὸς,</span> <span class='ocrx_word' id='word_1_485' title='bbox 823 3531 961 3588; x_wconf 80' lang='grc' dir='ltr'>πάνυ</span> <span class='ocrx_word' id='word_1_486' title='bbox 990 3550 1094 3605; x_wconf 90' lang='grc' dir='ltr'><strong>μου</strong></span> <span class='ocrx_word' id='word_1_487' title='bbox 1134 3530 1235 3601; x_wconf 79' lang='grc' dir='ltr'>τῆς</span> <span class='ocrx_word' id='word_1_488' title='bbox 1261 3530 1439 3601; x_wconf 68' lang='grc' dir='ltr'>ψυχῆς</span> <span class='ocrx_word' id='word_1_489' title='bbox 1483 3528 1705 3582; x_wconf 88' lang='grc' dir='ltr'>δεδαπα-</span> 
     </span>
    </p>
   </div>
   <div class='ocr_carea' id='block_1_69' title="bbox 145 3622 1701 3700">
    <p class='ocr_par' dir='ltr' id='par_1_69' title="bbox 145 3622 1701 3700">
     <span class='ocr_line' id='line_1_69' title="bbox 145 3622 1701 3700; baseline -0.004 -18"><span class='ocrx_word' id='word_1_490' title='bbox 145 3628 343 3700; x_wconf 61' lang='grc' dir='ltr'>νημένης</span> <span class='ocrx_word' id='word_1_491' title='bbox 389 3628 540 3699; x_wconf 75' lang='grc' dir='ltr'>πρὸς</span> <span class='ocrx_word' id='word_1_492' title='bbox 590 3626 755 3689; x_wconf 79' lang='grc' dir='ltr'>ἄλλας</span> <span class='ocrx_word' id='word_1_493' title='bbox 796 3624 1091 3697; x_wconf 77' lang='grc' dir='ltr'>ἐπιθυμίας</span> <span class='ocrx_word' id='word_1_494' title='bbox 1128 3626 1223 3680; x_wconf 70' lang='grc' dir='ltr'><strong>καὶ</strong></span> <span class='ocrx_word' id='word_1_495' title='bbox 1253 3625 1391 3698; x_wconf 84' lang='grc' dir='ltr'>πρὸς</span> <span class='ocrx_word' id='word_1_496' title='bbox 1424 3622 1636 3696; x_wconf 82' lang='grc' dir='ltr'>ἀληθῶν</span> <span class='ocrx_word' id='word_1_497' title='bbox 1657 3622 1701 3654; x_wconf 83' lang='grc'><strong>⁸⁷</strong></span> 
     </span>
    </p>
   </div>
   <div class='ocr_carea' id='block_1_70' title="bbox 144 3714 1703 3792">
    <p class='ocr_par' dir='ltr' id='par_1_70' title="bbox 144 3714 1703 3792">
     <span class='ocr_line' id='line_1_70' title="bbox 144 3714 1703 3792; baseline -0.004 -19"><span class='ocrx_word' id='word_1_498' title='bbox 144 3717 389 3787; x_wconf 60' lang='grc' dir='ltr'>ὣγμάτων</span> <span class='ocrx_word' id='word_1_499' title='bbox 415 3720 663 3792; x_wconf 74' lang='grc' dir='ltr'>εὕρεσιν.</span> <span class='ocrx_word' id='word_1_500' title='bbox 680 3714 790 3772; x_wconf 70' lang='grc' dir='ltr'>Καὶ</span> <span class='ocrx_word' id='word_1_501' title='bbox 820 3718 979 3789; x_wconf 81' lang='grc' dir='ltr'>μέχρι</span> <span class='ocrx_word' id='word_1_502' title='bbox 999 3718 1093 3772; x_wconf 85' lang='grc' dir='ltr'><strong>τοῦ</strong></span> <span class='ocrx_word' id='word_1_503' title='bbox 1114 3717 1230 3783; x_wconf 89' lang='grc' dir='ltr'>νῦν,</span> <span class='ocrx_word' id='word_1_504' title='bbox 1256 3717 1456 3781; x_wconf 84' lang='grc' dir='ltr'>πολλὰς</span> <span class='ocrx_word' id='word_1_505' title='bbox 1478 3714 1703 3787; x_wconf 82' lang='grc' dir='ltr'>γνώμας</span> 
     </span>
    </p>
   </div>
   <div class='ocr_carea' id='block_1_71' title="bbox 148 3810 1701 3884">
    <p class='ocr_par' dir='ltr' id='par_1_71' title="bbox 148 3810 1701 3884">
     <span class='ocr_line' id='line_1_71' title="bbox 148 3810 1701 3884; baseline 0.001 -21"><span class='ocrx_word' id='word_1_506' title='bbox 148 3810 415 3882; x_wconf 67' lang='grc' dir='ltr'>ςιλοσόφων</span> <span class='ocrx_word' id='word_1_507' title='bbox 448 3813 857 3884; x_wconf 83' lang='grc' dir='ltr'>διασκοπὴσας,</span> <span class='ocrx_word' id='word_1_508' title='bbox 880 3811 1017 3884; x_wconf 77' lang='grc' dir='ltr'>πρὸς</span> <span class='ocrx_word' id='word_1_509' title='bbox 1045 3812 1232 3866; x_wconf 77' lang='grc' dir='ltr'>οὐδένα</span> <span class='ocrx_word' id='word_1_510' title='bbox 1266 3811 1443 3865; x_wconf 81' lang='grc' dir='ltr'>αὐτῶν</span> <span class='ocrx_word' id='word_1_511' title='bbox 1477 3810 1665 3864; x_wconf 72' lang='grc' dir='ltr'>ἔνευσα</span> <span class='ocrx_word' id='word_1_512' title='bbox 1685 3848 1701 3875; x_wconf 88' lang='grc'><strong>,</strong></span> 
     </span>
    </p>
   </div>
   <div class='ocr_carea' id='block_1_72' title="bbox 146 3900 1702 3975">
    <p class='ocr_par' dir='ltr' id='par_1_72' title="bbox 146 3900 1702 3975">
     <span class='ocr_line' id='line_1_72' title="bbox 146 3900 1702 3975; baseline 0.001 -20"><span class='ocrx_word' id='word_1_513' title='bbox 146 3900 167 3969; x_wconf 75' lang='grc' dir='ltr'>ἦ</span> <span class='ocrx_word' id='word_1_514' title='bbox 206 3904 323 3974; x_wconf 54' lang='grc' dir='ltr'>πρὶς</span> <span class='ocrx_word' id='word_1_515' title='bbox 366 3904 433 3959; x_wconf 76' lang='grc' dir='ltr'>τὸ</span> <span class='ocrx_word' id='word_1_516' title='bbox 486 3904 756 3957; x_wconf 83' lang='grc' dir='ltr'>Ἰουδαίων</span> <span class='ocrx_word' id='word_1_517' title='bbox 810 3902 989 3974; x_wconf 82' lang='grc' dir='ltr'>μόνον,</span> <span class='ocrx_word' id='word_1_518' title='bbox 1040 3902 1285 3975; x_wconf 75' lang='grc' dir='ltr'>ἐμπόρου</span> <span class='ocrx_word' id='word_1_519' title='bbox 1335 3900 1477 3967; x_wconf 76' lang='grc' dir='ltr'>τινὸς</span> <span class='ocrx_word' id='word_1_520' title='bbox 1524 3902 1702 3956; x_wconf 77' lang='grc' dir='ltr'>αὐτῶν</span> 
     </span>
    </p>
   </div>
   <div class='ocr_carea' id='block_1_73' title="bbox 145 3994 1702 4070">
    <p class='ocr_par' dir='ltr' id='par_1_73' title="bbox 145 3994 1702 4070">
     <span class='ocr_line' id='line_1_73' title="bbox 145 3994 1702 4070; baseline -0.001 -19"><span class='ocrx_word' id='word_1_521' title='bbox 145 3994 291 4060; x_wconf 55' lang='lat' dir='ltr'><strong>Win;</strong></span> <span class='ocrx_word' id='word_1_522' title='bbox 323 3998 749 4069; x_wconf 73' lang='grc' dir='ltr'>πιπράσκοντος</span> <span class='ocrx_word' id='word_1_523' title='bbox 782 3995 1015 4051; x_wconf 82' lang='grc' dir='ltr'>ἐνταῦθα</span> <span class='ocrx_word' id='word_1_524' title='bbox 1048 3995 1113 4069; x_wconf 75' lang='grc' dir='ltr'>τῇ</span> <span class='ocrx_word' id='word_1_525' title='bbox 1158 3996 1343 4070; x_wconf 80' lang='grc' dir='ltr'><strong>Ῥώμῃ</strong></span> <span class='ocrx_word' id='word_1_526' title='bbox 1374 3996 1702 4068; x_wconf 75' lang='grc' dir='ltr'>ἐπιδεδημη-</span> 
     </span>
    </p>
   </div>
   <div class='ocr_carea' id='block_1_74' title="bbox 145 4086 1701 4160">
    <p class='ocr_par' dir='ltr' id='par_1_74' title="bbox 145 4086 1701 4160">
     <span class='ocr_line' id='line_1_74' title="bbox 145 4086 1701 4160; baseline -0.003 -15"><span class='ocrx_word' id='word_1_527' title='bbox 145 4086 290 4152; x_wconf 61' lang='grc' dir='ltr'><strong>κότας,</strong></span> <span class='ocrx_word' id='word_1_528' title='bbox 334 4092 436 4145; x_wconf 76' lang='grc' dir='ltr'><strong>καὶ</strong></span> <span class='ocrx_word' id='word_1_529' title='bbox 478 4091 542 4143; x_wconf 80' lang='grc' dir='ltr'>ἐκ</span> <span class='ocrx_word' id='word_1_530' title='bbox 589 4105 735 4153; x_wconf 85' lang='grc' dir='ltr'>τινος</span> <span class='ocrx_word' id='word_1_531' title='bbox 782 4088 1071 4160; x_wconf 84' lang='grc' dir='ltr'>συντυχίας</span> <span class='ocrx_word' id='word_1_532' title='bbox 1102 4087 1309 4159; x_wconf 83' lang='grc' dir='ltr'>ἀγαθῆς</span> <span class='ocrx_word' id='word_1_533' title='bbox 1341 4087 1701 4160; x_wconf 76' lang='grc' dir='ltr'>ἁπλούστερον</span> 
     </span>
    </p>
   </div>
   <div class='ocr_carea' id='block_1_75' title="bbox 146 4179 1386 4253">
    <p class='ocr_par' dir='ltr' id='par_1_75' title="bbox 146 4179 1386 4253">
     <span class='ocr_line' id='line_1_75' title="bbox 146 4179 1386 4253; baseline 0.006 -24"><span class='ocrx_word' id='word_1_534' title='bbox 146 4194 213 4245; x_wconf 74' lang='grc' dir='ltr'><strong>μοι</strong></span> <span class='ocrx_word' id='word_1_535' title='bbox 235 4180 287 4233; x_wconf 73' lang='grc' dir='ltr'><strong>τὸ</strong></span> <span class='ocrx_word' id='word_1_536' title='bbox 320 4182 666 4253; x_wconf 76' lang='grc' dir='ltr'>μοναρχικὸν</span> <span class='ocrx_word' id='word_1_537' title='bbox 701 4182 952 4253; x_wconf 80' lang='grc' dir='ltr'>φρόνημα</span> <span class='ocrx_word' id='word_1_538' title='bbox 987 4179 1386 4253; x_wconf 79' lang='grc' dir='ltr'>παραθεμένου.</span> 
     </span>
    </p>
   </div>
   <div class='ocr_carea' id='block_1_76' title="bbox 190 4269 1697 4346">
    <p class='ocr_par' dir='ltr' id='par_1_76' title="bbox 190 4269 1697 4346">
     <span class='ocr_line' id='line_1_76' title="bbox 190 4269 1697 4346; baseline 0.003 -23"><span class='ocrx_word' id='word_1_539' title='bbox 190 4269 359 4329; x_wconf 76' lang='lat' dir='ltr'><strong>XXIX.</strong></span> <span class='ocrx_word' id='word_1_540' title='bbox 412 4272 694 4337; x_wconf 76' lang='grc' dir='ltr'>’Λκοῦσας</span> <span class='ocrx_word' id='word_1_541' title='bbox 723 4273 781 4327; x_wconf 84' lang='grc' dir='ltr'>δέ</span> <span class='ocrx_word' id='word_1_542' title='bbox 817 4290 916 4345; x_wconf 88' lang='grc' dir='ltr'><strong>μου</strong></span> <span class='ocrx_word' id='word_1_543' title='bbox 962 4275 1060 4346; x_wconf 82' lang='grc' dir='ltr'>τῆς</span> <span class='ocrx_word' id='word_1_544' title='bbox 1091 4273 1345 4344; x_wconf 81' lang='grc' dir='ltr'>ἀληθείας</span> <span class='ocrx_word' id='word_1_545' title='bbox 1371 4276 1399 4328; x_wconf 80' lang='grc' dir='ltr'>ὁ</span> <span class='ocrx_word' id='word_1_546' title='bbox 1434 4275 1697 4338; x_wconf 79' lang='grc' dir='ltr'>’Δππίων,</span> 
     </span>
    </p>
   </div>
   <div class='ocr_carea' id='block_1_77' title="bbox 138 4363 1697 4449">
    <p class='ocr_par' dir='ltr' id='par_1_77' title="bbox 138 4363 1697 4449">
     <span class='ocr_line' id='line_1_77' title="bbox 138 4363 1697 4449; baseline 0 -28"><span class='ocrx_word' id='word_1_547' title='bbox 138 4363 361 4433; x_wconf 68' lang='grc' dir='ltr'>ὁάὶῶγως</span> <span class='ocrx_word' id='word_1_548' title='bbox 395 4368 587 4441; x_wconf 82' lang='grc' dir='ltr'>μισῶν</span> <span class='ocrx_word' id='word_1_549' title='bbox 624 4367 686 4421; x_wconf 81' lang='grc' dir='ltr'>τὸ</span> <span class='ocrx_word' id='word_1_550' title='bbox 732 4366 1017 4431; x_wconf 82' lang='grc' dir='ltr'>Ἰουδαίων,</span> <span class='ocrx_word' id='word_1_551' title='bbox 1051 4369 1145 4421; x_wconf 77' lang='grc' dir='ltr'>καὶ</span> <span class='ocrx_word' id='word_1_552' title='bbox 1176 4366 1230 4420; x_wconf 89' lang='grc' dir='ltr'><strong>τί</strong></span> <span class='ocrx_word' id='word_1_553' title='bbox 1262 4369 1390 4449; x_wconf 73' lang='grc' dir='ltr'>ποτέ</span> <span class='ocrx_word' id='word_1_554' title='bbox 1424 4368 1569 4420; x_wconf 74' lang='grc' dir='ltr'>ἐστιν</span> <span class='ocrx_word' id='word_1_555' title='bbox 1598 4368 1697 4421; x_wconf 80' lang='grc' dir='ltr'><strong>αὑ-</strong></span> 
     </span>
    </p>
   </div>
   <div class='ocr_carea' id='block_1_78' title="bbox 137 4438 1773 4532">
    <p class='ocr_par' dir='ltr' id='par_1_78' title="bbox 137 4438 1773 4532">
     <span class='ocr_line' id='line_1_78' title="bbox 137 4438 1773 4532; baseline 0.001 -21"><span class='ocrx_word' id='word_1_556' title='bbox 137 4457 217 4507; x_wconf 72' lang='grc' dir='ltr'><strong>τῶν</strong></span> <span class='ocrx_word' id='word_1_557' title='bbox 240 4460 294 4513; x_wconf 71' lang='grc' dir='ltr'>τὸ</span> <span class='ocrx_word' id='word_1_558' title='bbox 323 4438 530 4515; x_wconf 75' lang='grc' dir='ltr'>πιστὸν</span> <span class='ocrx_word' id='word_1_559' title='bbox 552 4459 677 4513; x_wconf 73' lang='grc' dir='ltr'>οὔτε</span> <span class='ocrx_word' id='word_1_560' title='bbox 700 4459 857 4524; x_wconf 85' lang='grc' dir='ltr'>είδὼς</span> <span class='ocrx_word' id='word_1_561' title='bbox 889 4458 1011 4513; x_wconf 76' lang='grc' dir='ltr'>οὕτε</span> <span class='ocrx_word' id='word_1_562' title='bbox 1035 4459 1232 4514; x_wconf 76' lang='grc' dir='ltr'>εἰδέναι</span> <span class='ocrx_word' id='word_1_563' title='bbox 1256 4438 1441 4522; x_wconf 72' lang='grc' dir='ltr'>θέλων,</span> <span class='ocrx_word' id='word_1_564' title='bbox 1460 4459 1696 4532; x_wconf 84' lang='grc' dir='ltr'>ἀκρίτως</span> <span class='ocrx_word' id='word_1_565' title='bbox 1728 4438 1773 4497; x_wconf 80' lang='lat' dir='ltr'><strong>D</strong></span> 
     </span>
    </p>
   </div>
   <div class='ocr_carea' id='block_1_79' title="bbox 134 4549 1697 4626">
    <p class='ocr_par' dir='ltr' id='par_1_79' title="bbox 134 4549 1697 4626">
     <span class='ocr_line' id='line_1_79' title="bbox 134 4549 1697 4626; baseline 0.02 -29"><span class='ocrx_word' id='word_1_566' title='bbox 134 4549 367 4617; x_wconf 69' lang='grc' dir='ltr'>ἐργισθεὶς</span> <span class='ocrx_word' id='word_1_567' title='bbox 516 4556 696 4624; x_wconf 79' lang='grc' dir='ltr'>σιωπῇ</span> <span class='ocrx_word' id='word_1_568' title='bbox 721 4553 780 4619; x_wconf 71' lang='grc' dir='ltr'>ἐξ</span> <span class='ocrx_word' id='word_1_569' title='bbox 812 4551 982 4623; x_wconf 84' lang='grc' dir='ltr'>αὐτῆς</span> <span class='ocrx_word' id='word_1_570' title='bbox 1009 4553 1107 4625; x_wconf 72' lang='grc' dir='ltr'><strong>ἤδη</strong></span> <span class='ocrx_word' id='word_1_571' title='bbox 1142 4553 1240 4623; x_wconf 73' lang='grc' dir='ltr'><strong>τῆς</strong></span> <span class='ocrx_word' id='word_1_572' title='bbox 1281 4553 1495 4624; x_wconf 74' lang='grc' dir='ltr'><strong>Ῥώμης</strong></span> <span class='ocrx_word' id='word_1_573' title='bbox 1522 4553 1697 4625; x_wconf 80' lang='grc' dir='ltr'>ἀπηλ-</span> 
     </span>
    </p>
   </div>
   <div class='ocr_carea' id='block_1_80' title="bbox 134 4640 1693 4717">
    <p class='ocr_par' dir='ltr' id='par_1_80' title="bbox 134 4640 1693 4717">
     <span class='ocr_line' id='line_1_80' title="bbox 134 4640 1693 4717; baseline 0.003 -23"><span class='ocrx_word' id='word_1_574' title='bbox 134 4640 324 4699; x_wconf 67' lang='grc' dir='ltr'>ὶάσσετο</span> <span class='ocrx_word' id='word_1_575' title='bbox 341 4665 353 4677; x_wconf 89' lang='grc'><strong>·</strong></span> <span class='ocrx_word' id='word_1_576' title='bbox 372 4650 480 4701; x_wconf 69' lang='grc' dir='ltr'>καὶ</span> <span class='ocrx_word' id='word_1_577' title='bbox 507 4647 699 4700; x_wconf 79' lang='grc' dir='ltr'>ἔκτοτε</span> <span class='ocrx_word' id='word_1_578' title='bbox 719 4645 812 4699; x_wconf 91' lang='grc' dir='ltr'><strong>νῦν</strong></span> <span class='ocrx_word' id='word_1_579' title='bbox 842 4645 1057 4717; x_wconf 87' lang='grc' dir='ltr'>πρῶτον</span> <span class='ocrx_word' id='word_1_580' title='bbox 1084 4645 1231 4717; x_wconf 74' lang='grc' dir='ltr'>αὐτῷ</span> <span class='ocrx_word' id='word_1_581' title='bbox 1264 4644 1693 4717; x_wconf 61' lang='grc' dir='ltr'>συντετυχηκὰκ,</span> 
     </span>
    </p>
   </div>
   <div class='ocr_carea' id='block_1_81' title="bbox 134 4732 1706 4809">
    <p class='ocr_par' dir='ltr' id='par_1_81' title="bbox 134 4732 1706 4809">
     <span class='ocr_line' id='line_1_81' title="bbox 134 4732 1706 4809; baseline 0.001 -19"><span class='ocrx_word' id='word_1_582' title='bbox 134 4732 202 4783; x_wconf 64' lang='grc' dir='ltr'>τὸν</span> <span class='ocrx_word' id='word_1_583' title='bbox 225 4737 277 4802; x_wconf 74' lang='grc' dir='ltr'>ἐξ</span> <span class='ocrx_word' id='word_1_584' title='bbox 314 4740 533 4794; x_wconf 79' lang='grc' dir='ltr'>ἐκείνου</span> <span class='ocrx_word' id='word_1_585' title='bbox 576 4737 673 4791; x_wconf 85' lang='grc' dir='ltr'><strong>τοῦ</strong></span> <span class='ocrx_word' id='word_1_586' title='bbox 698 4738 891 4809; x_wconf 88' lang='grc' dir='ltr'>χρόνου</span> <span class='ocrx_word' id='word_1_587' title='bbox 932 4736 1099 4807; x_wconf 81' lang='grc' dir='ltr'>θυμὸν</span> <span class='ocrx_word' id='word_1_588' title='bbox 1129 4736 1419 4791; x_wconf 81' lang='grc' dir='ltr'>ὑποπτεύω</span> <span class='ocrx_word' id='word_1_589' title='bbox 1449 4737 1706 4802; x_wconf 60' lang='grc' dir='ltr'>είκὸτωςμ</span> 
     </span>
    </p>
   </div>
   <div class='ocr_carea' id='block_1_82' title="bbox 137 4824 1695 4903">
    <p class='ocr_par' dir='ltr' id='par_1_82' title="bbox 137 4824 1695 4903">
     <span class='ocr_line' id='line_1_82' title="bbox 137 4824 1695 4903; baseline 0.002 -23"><span class='ocrx_word' id='word_1_590' title='bbox 137 4824 249 4898; x_wconf 70' lang='grc' dir='ltr'>Πλὴν</span> <span class='ocrx_word' id='word_1_591' title='bbox 277 4832 356 4900; x_wconf 67' lang='grc' dir='ltr'><strong>ἐφ’</strong></span> <span class='ocrx_word' id='word_1_592' title='bbox 391 4832 557 4903; x_wconf 79' lang='grc' dir='ltr'>ὑμῶν</span> <span class='ocrx_word' id='word_1_593' title='bbox 592 4830 757 4885; x_wconf 81' lang='grc' dir='ltr'>αὑτοῦ</span> <span class='ocrx_word' id='word_1_594' title='bbox 788 4829 1079 4901; x_wconf 82' lang='grc' dir='ltr'>πεύσομαι,</span> <span class='ocrx_word' id='word_1_595' title='bbox 1113 4830 1163 4882; x_wconf 87' lang='grc' dir='ltr'><strong>τί</strong></span> <span class='ocrx_word' id='word_1_596' title='bbox 1210 4830 1275 4883; x_wconf 81' lang='grc' dir='ltr'><strong>ἂν</strong></span> <span class='ocrx_word' id='word_1_597' title='bbox 1307 4830 1419 4901; x_wconf 77' lang='grc' dir='ltr'>ἔχοι</span> <span class='ocrx_word' id='word_1_598' title='bbox 1450 4830 1627 4899; x_wconf 81' lang='grc' dir='ltr'>λέγειν</span> <span class='ocrx_word' id='word_1_599' title='bbox 1647 4831 1695 4862; x_wconf 78' lang='grc'><strong>⁵⁸</strong></span> 
     </span>
    </p>
   </div>
   <div class='ocr_carea' id='block_1_83' title="bbox 135 4918 1695 4996">
    <p class='ocr_par' dir='ltr' id='par_1_83' title="bbox 135 4918 1695 4996">
     <span class='ocr_line' id='line_1_83' title="bbox 135 4918 1695 4996; baseline 0.004 -26"><span class='ocrx_word' id='word_1_600' title='bbox 135 4923 235 4990; x_wconf 59' lang='grc' dir='ltr'>περὶ</span> <span class='ocrx_word' id='word_1_601' title='bbox 264 4924 366 4978; x_wconf 80' lang='grc' dir='ltr'><strong>τῶν</strong></span> <span class='ocrx_word' id='word_1_602' title='bbox 406 4924 731 4996; x_wconf 82' lang='grc' dir='ltr'>λεγομένων</span> <span class='ocrx_word' id='word_1_603' title='bbox 762 4922 918 4987; x_wconf 87' lang='grc' dir='ltr'>θεῶν,</span> <span class='ocrx_word' id='word_1_604' title='bbox 952 4918 1027 4978; x_wconf 84' lang='grc' dir='ltr'>ὧν</span> <span class='ocrx_word' id='word_1_605' title='bbox 1093 4924 1141 4976; x_wconf 91' lang='grc' dir='ltr'>οἱ</span> <span class='ocrx_word' id='word_1_606' title='bbox 1191 4921 1695 4993; x_wconf 87' lang='grc' dir='ltr'>βίοι,παντοπαθεῖς</span> 
     </span>
    </p>
   </div>
   <div class='ocr_carea' id='block_1_84' title="bbox 134 5005 1693 5091">
    <p class='ocr_par' dir='ltr' id='par_1_84' title="bbox 134 5005 1693 5091">
     <span class='ocr_line' id='line_1_84' title="bbox 134 5005 1693 5091; baseline 0.005 -27"><span class='ocrx_word' id='word_1_607' title='bbox 134 5005 243 5067; x_wconf 74' lang='grc' dir='ltr'>εἶναι</span> <span class='ocrx_word' id='word_1_608' title='bbox 285 5014 785 5088; x_wconf 69' lang='grc' dir='ltr'>μυθολογούμενα,</span> <span class='ocrx_word' id='word_1_609' title='bbox 820 5014 957 5089; x_wconf 73' lang='grc' dir='ltr'>πρὸς</span> <span class='ocrx_word' id='word_1_610' title='bbox 987 5015 1085 5088; x_wconf 73' lang='grc' dir='ltr'>τὴν</span> <span class='ocrx_word' id='word_1_611' title='bbox 1115 5015 1208 5069; x_wconf 87' lang='grc' dir='ltr'><strong>τοῦ</strong></span> <span class='ocrx_word' id='word_1_612' title='bbox 1242 5016 1426 5089; x_wconf 87' lang='grc' dir='ltr'>ὁμοίου</span> <span class='ocrx_word' id='word_1_613' title='bbox 1463 5019 1693 5091; x_wconf 88' lang='grc' dir='ltr'>μίμησιν</span> 
     </span>
    </p>
   </div>
   <div class='ocr_carea' id='block_1_85' title="bbox 136 5101 1698 5182">
    <p class='ocr_par' dir='ltr' id='par_1_85' title="bbox 136 5101 1698 5182">
     <span class='ocr_line' id='line_1_85' title="bbox 136 5101 1698 5182; baseline 0.004 -24"><span class='ocrx_word' id='word_1_614' title='bbox 136 5103 348 5179; x_wconf 70' lang='grc' dir='ltr'>ἐπιτηδὲς</span> <span class='ocrx_word' id='word_1_615' title='bbox 362 5112 593 5181; x_wconf 73' lang='grc' dir='ltr'>ᾅδονται</span> <span class='ocrx_word' id='word_1_616' title='bbox 603 5109 860 5181; x_wconf 75' lang='grc' dir='ltr'>δημοσίᾳ,</span> <span class='ocrx_word' id='word_1_617' title='bbox 874 5101 947 5163; x_wconf 86' lang='grc' dir='ltr'>ὧν</span> <span class='ocrx_word' id='word_1_618' title='bbox 961 5107 1095 5181; x_wconf 85' lang='grc' dir='ltr'>πρὸς</span> <span class='ocrx_word' id='word_1_619' title='bbox 1106 5111 1217 5173; x_wconf 84' lang='grc' dir='ltr'>τοῖς</span> <span class='ocrx_word' id='word_1_620' title='bbox 1227 5110 1584 5182; x_wconf 85' lang='grc' dir='ltr'>ἀνθρωπίνοις</span> <span class='ocrx_word' id='word_1_621' title='bbox 1599 5112 1698 5165; x_wconf 82' lang='grc' dir='ltr'>πά-</span> 
     </span>
    </p>
   </div>
   <div class='ocr_carea' id='block_1_86' title="bbox 138 5194 1685 5275">
    <p class='ocr_par' dir='ltr' id='par_1_86' title="bbox 138 5194 1685 5275">
     <span class='ocr_line' id='line_1_86' title="bbox 138 5194 1685 5275; baseline 0.006 -28"><span class='ocrx_word' id='word_1_622' title='bbox 138 5194 274 5261; x_wconf 80' lang='grc' dir='ltr'>θεσιν,</span> <span class='ocrx_word' id='word_1_623' title='bbox 292 5204 364 5267; x_wconf 80' lang='grc' dir='ltr'>ὡς</span> <span class='ocrx_word' id='word_1_624' title='bbox 382 5204 550 5275; x_wconf 74' lang='grc' dir='ltr'>ἔφην,</span> <span class='ocrx_word' id='word_1_625' title='bbox 589 5207 682 5256; x_wconf 82' lang='grc' dir='ltr'><strong>καί</strong></span> <span class='ocrx_word' id='word_1_626' title='bbox 712 5203 765 5255; x_wconf 78' lang='lat' dir='ltr'><strong>oi</strong></span> <span class='ocrx_word' id='word_1_627' title='bbox 800 5200 942 5256; x_wconf 84' lang='grc' dir='ltr'>κατὰ</span> <span class='ocrx_word' id='word_1_628' title='bbox 972 5201 1134 5255; x_wconf 83' lang='grc' dir='ltr'>τόπον</span> <span class='ocrx_word' id='word_1_629' title='bbox 1179 5201 1477 5258; x_wconf 88' lang='grc' dir='ltr'>δείκνυνται</span> <span class='ocrx_word' id='word_1_630' title='bbox 1506 5206 1685 5274; x_wconf 76' lang='grc' dir='ltr'>τάφοι.</span> 
     </span>
    </p>
   </div>
   <div class='ocr_carea' id='block_1_87' title="bbox 1810 3157 2901 3229">
    <p class='ocr_par' dir='ltr' id='par_1_87' title="bbox 1810 3157 2901 3229">
     <span class='ocr_line' id='line_1_87' title="bbox 1810 3157 2901 3229; baseline -0.002 -14"><span class='ocrx_word' id='word_1_631' title='bbox 1810 3159 2005 3228; x_wconf 88' lang='lat' dir='ltr'><strong>tinent,</strong></span> <span class='ocrx_word' id='word_1_632' title='bbox 2037 3160 2184 3214; x_wconf 85' lang='lat' dir='ltr'><strong>velut</strong></span> <span class='ocrx_word' id='word_1_633' title='bbox 2207 3159 2300 3229; x_wconf 91' lang='lat' dir='ltr'><strong>qui</strong></span> <span class='ocrx_word' id='word_1_634' title='bbox 2332 3175 2441 3214; x_wconf 90' lang='lat' dir='ltr'><strong>non</strong></span> <span class='ocrx_word' id='word_1_635' title='bbox 2474 3157 2686 3229; x_wconf 85' lang='lat' dir='ltr'><strong>possint</strong></span> <span class='ocrx_word' id='word_1_636' title='bbox 2708 3158 2901 3213; x_wconf 88' lang='lat' dir='ltr'><strong>latere.</strong></span> 
     </span>
    </p>
   </div>
   <div class='ocr_carea' id='block_1_88' title="bbox 1877 3330 3390 3404">
    <p class='ocr_par' dir='ltr' id='par_1_88' title="bbox 1877 3330 3390 3404">
     <span class='ocr_line' id='line_1_88' title="bbox 1877 3330 3390 3404; baseline 0.001 -17"><span class='ocrx_word' id='word_1_637' title='bbox 1877 3330 2112 3387; x_wconf 71' lang='lat' dir='ltr'><strong>XXVIII.</strong></span> <span class='ocrx_word' id='word_1_638' title='bbox 2145 3330 2275 3399; x_wconf 74' lang='lat' dir='ltr'><strong>Qua:</strong></span> <span class='ocrx_word' id='word_1_639' title='bbox 2299 3348 2422 3387; x_wconf 92' lang='lat' dir='ltr'><strong>cum</strong></span> <span class='ocrx_word' id='word_1_640' title='bbox 2452 3332 2806 3402; x_wconf 88' lang='lat' dir='ltr'><strong>audivissem,</strong></span> <span class='ocrx_word' id='word_1_641' title='bbox 2834 3332 2944 3388; x_wconf 79' lang='lat' dir='ltr'><strong>dixi</strong></span> <span class='ocrx_word' id='word_1_642' title='bbox 2974 3331 3207 3404; x_wconf 72' lang='grc' dir='ltr'><strong>Διιρίοηί</strong></span> <span class='ocrx_word' id='word_1_643' title='bbox 3233 3351 3245 3387; x_wconf 90' lang='lat'><strong>:</strong></span> <span class='ocrx_word' id='word_1_644' title='bbox 3270 3330 3390 3388; x_wconf 86' lang='lat' dir='ltr'><strong>Jam</strong></span> 
     </span>
    </p>
   </div>
   <div class='ocr_carea' id='block_1_89' title="bbox 1806 3424 3391 3496">
    <p class='ocr_par' dir='ltr' id='par_1_89' title="bbox 1806 3424 3391 3496">
     <span class='ocr_line' id='line_1_89' title="bbox 1806 3424 3391 3496; baseline 0.001 -16"><span class='ocrx_word' id='word_1_645' title='bbox 1806 3425 1905 3481; x_wconf 88' lang='lat' dir='ltr'><strong>tibi</strong></span> <span class='ocrx_word' id='word_1_646' title='bbox 1940 3440 2128 3480; x_wconf 84' lang='lat' dir='ltr'><strong>verum</strong></span> <span class='ocrx_word' id='word_1_647' title='bbox 2156 3424 2385 3481; x_wconf 82' lang='lat' dir='ltr'><strong>fatebor.</strong></span> <span class='ocrx_word' id='word_1_648' title='bbox 2422 3425 2533 3496; x_wconf 84' lang='lat' dir='ltr'><strong>Ego</strong></span> <span class='ocrx_word' id='word_1_649' title='bbox 2555 3426 2838 3481; x_wconf 90' lang='lat' dir='ltr'><strong>mulierem</strong></span> <span class='ocrx_word' id='word_1_650' title='bbox 2868 3441 2978 3481; x_wconf 91' lang='lat' dir='ltr'><strong>non</strong></span> <span class='ocrx_word' id='word_1_651' title='bbox 3008 3425 3184 3480; x_wconf 88' lang='lat' dir='ltr'><strong>amavi</strong></span> <span class='ocrx_word' id='word_1_652' title='bbox 3216 3441 3391 3495; x_wconf 89' lang='lat' dir='ltr'><strong>neque</strong></span> 
     </span>
    </p>
   </div>
   <div class='ocr_carea' id='block_1_90' title="bbox 1806 3516 3391 3592">
    <p class='ocr_par' dir='ltr' id='par_1_90' title="bbox 1806 3516 3391 3592">
     <span class='ocr_line' id='line_1_90' title="bbox 1806 3516 3391 3592; baseline -0.001 -19"><span class='ocrx_word' id='word_1_653' title='bbox 1806 3519 1934 3592; x_wconf 88' lang='lat' dir='ltr'><strong>quid</strong></span> <span class='ocrx_word' id='word_1_654' title='bbox 1985 3518 2336 3589; x_wconf 76' lang='lat' dir='ltr'><strong>liujusmodi;</strong></span> <span class='ocrx_word' id='word_1_655' title='bbox 2382 3520 2600 3573; x_wconf 90' lang='lat' dir='ltr'><strong>animus</strong></span> <span class='ocrx_word' id='word_1_656' title='bbox 2633 3520 2833 3589; x_wconf 90' lang='lat' dir='ltr'><strong>quippe</strong></span> <span class='ocrx_word' id='word_1_657' title='bbox 2864 3533 3019 3573; x_wconf 90' lang='lat' dir='ltr'><strong>meus</strong></span> <span class='ocrx_word' id='word_1_658' title='bbox 3052 3518 3105 3573; x_wconf 91' lang='lat' dir='ltr'><strong>in</strong></span> <span class='ocrx_word' id='word_1_659' title='bbox 3136 3516 3239 3573; x_wconf 90' lang='lat' dir='ltr'><strong>alia</strong></span> <span class='ocrx_word' id='word_1_660' title='bbox 3271 3534 3391 3573; x_wconf 80' lang='lat' dir='ltr'><strong>om-</strong></span> 
     </span>
    </p>
   </div>
   <div class='ocr_carea' id='block_1_91' title="bbox 1806 3609 3389 3679">
    <p class='ocr_par' dir='ltr' id='par_1_91' title="bbox 1806 3609 3389 3679">
     <span class='ocr_line' id='line_1_91' title="bbox 1806 3609 3389 3679; baseline 0.001 -13"><span class='ocrx_word' id='word_1_661' title='bbox 1806 3612 1937 3667; x_wconf 87' lang='lat' dir='ltr'><strong>nino</strong></span> <span class='ocrx_word' id='word_1_662' title='bbox 1964 3610 2312 3666; x_wconf 89' lang='lat' dir='ltr'><strong>consumitur</strong></span> <span class='ocrx_word' id='word_1_663' title='bbox 2339 3610 2641 3675; x_wconf 89' lang='lat' dir='ltr'><strong>desideria,</strong></span> <span class='ocrx_word' id='word_1_664' title='bbox 2679 3610 2918 3672; x_wconf 87' lang='lat' dir='ltr'><strong>scilicet,</strong></span> <span class='ocrx_word' id='word_1_665' title='bbox 2966 3609 3022 3663; x_wconf 91' lang='lat' dir='ltr'><strong>in</strong></span> <span class='ocrx_word' id='word_1_666' title='bbox 3052 3610 3389 3679; x_wconf 83' lang='lat' dir='ltr'><strong>reperiendis</strong></span> 
     </span>
    </p>
   </div>
   <div class='ocr_carea' id='block_1_92' title="bbox 1805 3701 3388 3774">
    <p class='ocr_par' dir='ltr' id='par_1_92' title="bbox 1805 3701 3388 3774">
     <span class='ocr_line' id='line_1_92' title="bbox 1805 3701 3388 3774; baseline 0.001 -17"><span class='ocrx_word' id='word_1_667' title='bbox 1805 3705 1949 3759; x_wconf 89' lang='lat' dir='ltr'><strong>veris</strong></span> <span class='ocrx_word' id='word_1_668' title='bbox 1978 3703 2345 3774; x_wconf 82' lang='lat' dir='ltr'><strong>dogmatibus.</strong></span> <span class='ocrx_word' id='word_1_669' title='bbox 2397 3701 2464 3757; x_wconf 91' lang='lat' dir='ltr'><strong>Et</strong></span> <span class='ocrx_word' id='word_1_670' title='bbox 2515 3703 2622 3758; x_wconf 85' lang='lat' dir='ltr'><strong>huc</strong></span> <span class='ocrx_word' id='word_1_671' title='bbox 2673 3717 2848 3771; x_wconf 89' lang='lat' dir='ltr'><strong>usque</strong></span> <span class='ocrx_word' id='word_1_672' title='bbox 2891 3701 3076 3755; x_wconf 86' lang='lat' dir='ltr'><strong>animo</strong></span> <span class='ocrx_word' id='word_1_673' title='bbox 3111 3702 3176 3756; x_wconf 91' lang='lat' dir='ltr'><strong>ad</strong></span> <span class='ocrx_word' id='word_1_674' title='bbox 3207 3703 3388 3758; x_wconf 88' lang='lat' dir='ltr'><strong>varias</strong></span> 
     </span>
    </p>
   </div>
   <div class='ocr_carea' id='block_1_93' title="bbox 1804 3792 3382 3870">
    <p class='ocr_par' dir='ltr' id='par_1_93' title="bbox 1804 3792 3382 3870">
     <span class='ocr_line' id='line_1_93' title="bbox 1804 3792 3382 3870; baseline -0.005 -16"><span class='ocrx_word' id='word_1_675' title='bbox 1804 3799 2253 3870; x_wconf 82' lang='lat' dir='ltr'><strong>philosophorum</strong></span> <span class='ocrx_word' id='word_1_676' title='bbox 2278 3796 2562 3865; x_wconf 89' lang='lat' dir='ltr'><strong>opiniones</strong></span> <span class='ocrx_word' id='word_1_677' title='bbox 2582 3794 2815 3863; x_wconf 87' lang='lat' dir='ltr'><strong>adjecto,</strong></span> <span class='ocrx_word' id='word_1_678' title='bbox 2841 3793 2907 3848; x_wconf 88' lang='lat' dir='ltr'><strong>ad</strong></span> <span class='ocrx_word' id='word_1_679' title='bbox 2934 3792 3141 3847; x_wconf 90' lang='lat' dir='ltr'><strong>nullum</strong></span> <span class='ocrx_word' id='word_1_680' title='bbox 3168 3793 3382 3847; x_wconf 90' lang='lat' dir='ltr'><strong>illorum</strong></span> 
     </span>
    </p>
   </div>
   <div class='ocr_carea' id='block_1_94' title="bbox 1802 3886 3381 3957">
    <p class='ocr_par' dir='ltr' id='par_1_94' title="bbox 1802 3886 3381 3957">
     <span class='ocr_line' id='line_1_94' title="bbox 1802 3886 3381 3957; baseline -0.005 -8"><span class='ocrx_word' id='word_1_681' title='bbox 1802 3890 2081 3956; x_wconf 86' lang='lat' dir='ltr'><strong>inclinavi,</strong></span> <span class='ocrx_word' id='word_1_682' title='bbox 2114 3890 2219 3945; x_wconf 90' lang='lat' dir='ltr'><strong>nisi</strong></span> <span class='ocrx_word' id='word_1_683' title='bbox 2243 3888 2310 3944; x_wconf 89' lang='lat' dir='ltr'><strong>ad</strong></span> <span class='ocrx_word' id='word_1_684' title='bbox 2333 3888 2646 3943; x_wconf 67' lang='lat' dir='ltr'><strong>Iudaeorum</strong></span> <span class='ocrx_word' id='word_1_685' title='bbox 2668 3886 3009 3957; x_wconf 87' lang='lat' dir='ltr'><strong>religionem,</strong></span> <span class='ocrx_word' id='word_1_686' title='bbox 3034 3900 3158 3940; x_wconf 92' lang='lat' dir='ltr'><strong>cum</strong></span> <span class='ocrx_word' id='word_1_687' title='bbox 3182 3900 3247 3939; x_wconf 81' lang='lat' dir='ltr'><strong>ex</strong></span> <span class='ocrx_word' id='word_1_688' title='bbox 3276 3886 3381 3942; x_wconf 79' lang='lat' dir='ltr'><strong>illis</strong></span> 
     </span>
    </p>
   </div>
   <div class='ocr_carea' id='block_1_95' title="bbox 1805 3978 3381 4053">
    <p class='ocr_par' dir='ltr' id='par_1_95' title="bbox 1805 3978 3381 4053">
     <span class='ocr_line' id='line_1_95' title="bbox 1805 3978 3381 4053; baseline -0.004 -14"><span class='ocrx_word' id='word_1_689' title='bbox 1805 3993 2076 4040; x_wconf 90' lang='lat' dir='ltr'><strong>mercator</strong></span> <span class='ocrx_word' id='word_1_690' title='bbox 2114 3982 2313 4053; x_wconf 91' lang='lat' dir='ltr'><strong>aliquis</strong></span> <span class='ocrx_word' id='word_1_691' title='bbox 2348 3981 2639 4035; x_wconf 88' lang='lat' dir='ltr'><strong>linteorum</strong></span> <span class='ocrx_word' id='word_1_692' title='bbox 2671 3980 2761 4033; x_wconf 84' lang='lat' dir='ltr'><strong>hic</strong></span> <span class='ocrx_word' id='word_1_693' title='bbox 2797 3978 3025 4033; x_wconf 78' lang='lat' dir='ltr'><strong>Romam</strong></span> <span class='ocrx_word' id='word_1_694' title='bbox 3052 3978 3381 4046; x_wconf 84' lang='lat' dir='ltr'><strong>advenisset,</strong></span> 
     </span>
    </p>
   </div>
   <div class='ocr_carea' id='block_1_96' title="bbox 1802 4070 3379 4145">
    <p class='ocr_par' dir='ltr' id='par_1_96' title="bbox 1802 4070 3379 4145">
     <span class='ocr_line' id='line_1_96' title="bbox 1802 4070 3379 4145; baseline -0.004 -13"><span class='ocrx_word' id='word_1_695' title='bbox 1802 4086 1855 4131; x_wconf 91' lang='lat' dir='ltr'><strong>et</strong></span> <span class='ocrx_word' id='word_1_696' title='bbox 1889 4077 2033 4132; x_wconf 88' lang='lat' dir='ltr'><strong>bono</strong></span> <span class='ocrx_word' id='word_1_697' title='bbox 2075 4076 2313 4145; x_wconf 88' lang='lat' dir='ltr'><strong>quodam</strong></span> <span class='ocrx_word' id='word_1_698' title='bbox 2356 4088 2486 4128; x_wconf 80' lang='lat' dir='ltr'><strong>casu</strong></span> <span class='ocrx_word' id='word_1_699' title='bbox 2535 4072 2670 4126; x_wconf 90' lang='lat' dir='ltr'><strong>mihi</strong></span> <span class='ocrx_word' id='word_1_700' title='bbox 2704 4070 3023 4140; x_wconf 89' lang='lat' dir='ltr'><strong>simpliciter</strong></span> <span class='ocrx_word' id='word_1_701' title='bbox 3053 4071 3379 4125; x_wconf 90' lang='lat' dir='ltr'><strong>sententiam</strong></span> 
     </span>
    </p>
   </div>
   <div class='ocr_carea' id='block_1_97' title="bbox 1801 4164 2950 4239">
    <p class='ocr_par' dir='ltr' id='par_1_97' title="bbox 1801 4164 2950 4239">
     <span class='ocr_line' id='line_1_97' title="bbox 1801 4164 2950 4239; baseline -0.006 -14"><span class='ocrx_word' id='word_1_702' title='bbox 1801 4170 1866 4225; x_wconf 91' lang='lat' dir='ltr'><strong>de</strong></span> <span class='ocrx_word' id='word_1_703' title='bbox 1894 4183 2005 4224; x_wconf 91' lang='lat' dir='ltr'><strong>uno</strong></span> <span class='ocrx_word' id='word_1_704' title='bbox 2035 4168 2125 4222; x_wconf 90' lang='lat' dir='ltr'><strong>Dei</strong></span> <span class='ocrx_word' id='word_1_705' title='bbox 2155 4167 2462 4239; x_wconf 85' lang='lat' dir='ltr'><strong>principatu</strong></span> <span class='ocrx_word' id='word_1_706' title='bbox 2491 4164 2950 4222; x_wconf 88' lang='lat' dir='ltr'><strong>commendasset.</strong></span> 
     </span>
    </p>
   </div>
   <div class='ocr_carea' id='block_1_98' title="bbox 1869 4280 3375 4353">
    <p class='ocr_par' dir='ltr' id='par_1_98' title="bbox 1869 4280 3375 4353">
     <span class='ocr_line' id='line_1_98' title="bbox 1869 4280 3375 4353; baseline 0.002 -18"><span class='ocrx_word' id='word_1_707' title='bbox 1869 4280 2063 4336; x_wconf 82' lang='lat' dir='ltr'><strong>XXIX.</strong></span> <span class='ocrx_word' id='word_1_708' title='bbox 2098 4280 2308 4351; x_wconf 86' lang='lat' dir='ltr'><strong>Appion</strong></span> <span class='ocrx_word' id='word_1_709' title='bbox 2342 4293 2503 4343; x_wconf 87' lang='lat' dir='ltr'><strong>vero,</strong></span> <span class='ocrx_word' id='word_1_710' title='bbox 2550 4295 2581 4334; x_wconf 91' lang='lat' dir='ltr'><strong>a</strong></span> <span class='ocrx_word' id='word_1_711' title='bbox 2618 4295 2705 4334; x_wconf 89' lang='lat' dir='ltr'><strong>me</strong></span> <span class='ocrx_word' id='word_1_712' title='bbox 2737 4288 2956 4349; x_wconf 88' lang='lat' dir='ltr'><strong>accepta</strong></span> <span class='ocrx_word' id='word_1_713' title='bbox 2988 4280 3246 4347; x_wconf 80' lang='lat' dir='ltr'><strong>veritate,</strong></span> <span class='ocrx_word' id='word_1_714' title='bbox 3282 4284 3375 4353; x_wconf 91' lang='lat' dir='ltr'><strong>qui</strong></span> 
     </span>
    </p>
   </div>
   <div class='ocr_carea' id='block_1_99' title="bbox 1801 4372 3373 4447">
    <p class='ocr_par' dir='ltr' id='par_1_99' title="bbox 1801 4372 3373 4447">
     <span class='ocr_line' id='line_1_99' title="bbox 1801 4372 3373 4447; baseline 0 -17"><span class='ocrx_word' id='word_1_715' title='bbox 1801 4375 1973 4447; x_wconf 87' lang='lat' dir='ltr'><strong>legem</strong></span> <span class='ocrx_word' id='word_1_716' title='bbox 2014 4372 2326 4429; x_wconf 69' lang='lat' dir='ltr'><strong>Judzeorum</strong></span> <span class='ocrx_word' id='word_1_717' title='bbox 2352 4373 2539 4443; x_wconf 90' lang='lat' dir='ltr'><strong>inique</strong></span> <span class='ocrx_word' id='word_1_718' title='bbox 2566 4372 2774 4439; x_wconf 80' lang='lat' dir='ltr'><strong>oderat,</strong></span> <span class='ocrx_word' id='word_1_719' title='bbox 2808 4388 2909 4428; x_wconf 93' lang='lat' dir='ltr'><strong>nec</strong></span> <span class='ocrx_word' id='word_1_720' title='bbox 2939 4389 3061 4444; x_wconf 67' lang='lat' dir='ltr'><strong>quae</strong></span> <span class='ocrx_word' id='word_1_721' title='bbox 3082 4385 3227 4430; x_wconf 90' lang='lat' dir='ltr'><strong>esset</strong></span> <span class='ocrx_word' id='word_1_722' title='bbox 3258 4374 3373 4430; x_wconf 89' lang='lat' dir='ltr'><strong>illo-</strong></span> 
     </span>
    </p>
   </div>
   <div class='ocr_carea' id='block_1_100' title="bbox 1796 4463 3374 4536">
    <p class='ocr_par' dir='ltr' id='par_1_100' title="bbox 1796 4463 3374 4536">
     <span class='ocr_line' id='line_1_100' title="bbox 1796 4463 3374 4536; baseline -0.002 -14"><span class='ocrx_word' id='word_1_723' title='bbox 1796 4483 1918 4523; x_wconf 90' lang='lat' dir='ltr'><strong>rum</strong></span> <span class='ocrx_word' id='word_1_724' title='bbox 1956 4465 2091 4521; x_wconf 85' lang='lat' dir='ltr'><strong>lides</strong></span> <span class='ocrx_word' id='word_1_725' title='bbox 2120 4464 2327 4521; x_wconf 88' lang='lat' dir='ltr'><strong>sciebat</strong></span> <span class='ocrx_word' id='word_1_726' title='bbox 2362 4474 2457 4519; x_wconf 90' lang='lat' dir='ltr'><strong>aut</strong></span> <span class='ocrx_word' id='word_1_727' title='bbox 2490 4463 2707 4519; x_wconf 85' lang='lat' dir='ltr'><strong>volebat</strong></span> <span class='ocrx_word' id='word_1_728' title='bbox 2738 4464 2901 4528; x_wconf 88' lang='lat' dir='ltr'><strong>scire,</strong></span> <span class='ocrx_word' id='word_1_729' title='bbox 2935 4466 3142 4536; x_wconf 85' lang='lat' dir='ltr'><strong>absque</strong></span> <span class='ocrx_word' id='word_1_730' title='bbox 3166 4466 3374 4536; x_wconf 80' lang='lat' dir='ltr'><strong>judicio</strong></span> 
     </span>
    </p>
   </div>
   <div class='ocr_carea' id='block_1_101' title="bbox 1798 4557 3376 4621">
    <p class='ocr_par' dir='ltr' id='par_1_101' title="bbox 1798 4557 3376 4621">
     <span class='ocr_line' id='line_1_101' title="bbox 1798 4557 3376 4621; baseline 0.001 -7"><span class='ocrx_word' id='word_1_731' title='bbox 1798 4560 1972 4615; x_wconf 85' lang='lat' dir='ltr'><strong>iratus</strong></span> <span class='ocrx_word' id='word_1_732' title='bbox 2004 4558 2142 4613; x_wconf 91' lang='lat' dir='ltr'><strong>clam</strong></span> <span class='ocrx_word' id='word_1_733' title='bbox 2174 4558 2359 4613; x_wconf 89' lang='lat' dir='ltr'><strong>statim</strong></span> <span class='ocrx_word' id='word_1_734' title='bbox 2388 4557 2560 4611; x_wconf 79' lang='lat' dir='ltr'><strong>Roma</strong></span> <span class='ocrx_word' id='word_1_735' title='bbox 2598 4557 2885 4621; x_wconf 87' lang='lat' dir='ltr'><strong>discessit,</strong></span> <span class='ocrx_word' id='word_1_736' title='bbox 2937 4565 2993 4612; x_wconf 89' lang='lat' dir='ltr'><strong>et</strong></span> <span class='ocrx_word' id='word_1_737' title='bbox 3031 4574 3097 4612; x_wconf 85' lang='lat' dir='ltr'><strong>ex</strong></span> <span class='ocrx_word' id='word_1_738' title='bbox 3130 4573 3197 4613; x_wconf 92' lang='lat' dir='ltr'><strong>eo</strong></span> <span class='ocrx_word' id='word_1_739' title='bbox 3230 4574 3376 4615; x_wconf 85' lang='lat' dir='ltr'><strong>nunc</strong></span> 
     </span>
    </p>
   </div>
   <div class='ocr_carea' id='block_1_102' title="bbox 1798 4650 3376 4723">
    <p class='ocr_par' dir='ltr' id='par_1_102' title="bbox 1798 4650 3376 4723">
     <span class='ocr_line' id='line_1_102' title="bbox 1798 4650 3376 4723; baseline 0 -16"><span class='ocrx_word' id='word_1_740' title='bbox 1798 4654 2033 4723; x_wconf 90' lang='lat' dir='ltr'><strong>primum</strong></span> <span class='ocrx_word' id='word_1_741' title='bbox 2070 4652 2221 4705; x_wconf 92' lang='lat' dir='ltr'><strong>illum</strong></span> <span class='ocrx_word' id='word_1_742' title='bbox 2266 4659 2463 4707; x_wconf 88' lang='lat' dir='ltr'><strong>nactus</strong></span> <span class='ocrx_word' id='word_1_743' title='bbox 2484 4692 2498 4717; x_wconf 94' lang='lat'><strong>,</strong></span> <span class='ocrx_word' id='word_1_744' title='bbox 2530 4650 2669 4705; x_wconf 90' lang='lat' dir='ltr'><strong>iram</strong></span> <span class='ocrx_word' id='word_1_745' title='bbox 2705 4650 2971 4720; x_wconf 88' lang='lat' dir='ltr'><strong>temporis</strong></span> <span class='ocrx_word' id='word_1_746' title='bbox 3000 4651 3147 4706; x_wconf 91' lang='lat' dir='ltr'><strong>illius</strong></span> <span class='ocrx_word' id='word_1_747' title='bbox 3180 4652 3376 4707; x_wconf 91' lang='lat' dir='ltr'><strong>merito</strong></span> 
     </span>
    </p>
   </div>
   <div class='ocr_carea' id='block_1_103' title="bbox 1797 4743 3375 4821">
    <p class='ocr_par' dir='ltr' id='par_1_103' title="bbox 1797 4743 3375 4821">
     <span class='ocr_line' id='line_1_103' title="bbox 1797 4743 3375 4821; baseline 0 -22"><span class='ocrx_word' id='word_1_748' title='bbox 1797 4761 2006 4800; x_wconf 87' lang='lat' dir='ltr'><strong>vereor.</strong></span> <span class='ocrx_word' id='word_1_749' title='bbox 2042 4744 2294 4821; x_wconf 70' lang='lat' dir='ltr'><strong>Attamen</strong></span> <span class='ocrx_word' id='word_1_750' title='bbox 2325 4758 2510 4798; x_wconf 89' lang='lat' dir='ltr'><strong>coram</strong></span> <span class='ocrx_word' id='word_1_751' title='bbox 2542 4744 2699 4799; x_wconf 90' lang='lat' dir='ltr'><strong>vobis</strong></span> <span class='ocrx_word' id='word_1_752' title='bbox 2729 4743 3101 4813; x_wconf 86' lang='lat' dir='ltr'><strong>interrogabo,</strong></span> <span class='ocrx_word' id='word_1_753' title='bbox 3131 4744 3262 4815; x_wconf 90' lang='lat' dir='ltr'><strong>quid</strong></span> <span class='ocrx_word' id='word_1_754' title='bbox 3291 4745 3375 4800; x_wconf 73' lang='lat' dir='ltr'><strong>di~</strong></span> 
     </span>
    </p>
   </div>
   <div class='ocr_carea' id='block_1_104' title="bbox 1797 4822 3372 4907">
    <p class='ocr_par' dir='ltr' id='par_1_104' title="bbox 1797 4822 3372 4907">
     <span class='ocr_line' id='line_1_104' title="bbox 1797 4822 3372 4907; baseline -0.001 -14"><span class='ocrx_word' id='word_1_755' title='bbox 1797 4853 1921 4893; x_wconf 88' lang='lat' dir='ltr'><strong>cere</strong></span> <span class='ocrx_word' id='word_1_756' title='bbox 1951 4822 2146 4892; x_wconf 83' lang='lat' dir='ltr'><strong>habeat</strong></span> <span class='ocrx_word' id='word_1_757' title='bbox 2173 4837 2239 4892; x_wconf 89' lang='lat' dir='ltr'><strong>de</strong></span> <span class='ocrx_word' id='word_1_758' title='bbox 2265 4836 2582 4907; x_wconf 85' lang='lat' dir='ltr'><strong>vulgaribus</strong></span> <span class='ocrx_word' id='word_1_759' title='bbox 2605 4836 2741 4903; x_wconf 92' lang='lat' dir='ltr'><strong>diis,</strong></span> <span class='ocrx_word' id='word_1_760' title='bbox 2775 4852 3013 4906; x_wconf 90' lang='lat' dir='ltr'><strong>quorum</strong></span> <span class='ocrx_word' id='word_1_761' title='bbox 3043 4836 3201 4900; x_wconf 76' lang='lat' dir='ltr'><strong>vitze,</strong></span> <span class='ocrx_word' id='word_1_762' title='bbox 3235 4852 3372 4906; x_wconf 86' lang='lat' dir='ltr'><strong>quas</strong></span> 
     </span>
    </p>
   </div>
   <div class='ocr_carea' id='block_1_105' title="bbox 1796 4927 3371 4999">
    <p class='ocr_par' dir='ltr' id='par_1_105' title="bbox 1796 4927 3371 4999">
     <span class='ocr_line' id='line_1_105' title="bbox 1796 4927 3371 4999; baseline 0.001 -15"><span class='ocrx_word' id='word_1_763' title='bbox 1796 4930 2051 4985; x_wconf 89' lang='lat' dir='ltr'><strong>omnibus</strong></span> <span class='ocrx_word' id='word_1_764' title='bbox 2080 4929 2227 4985; x_wconf 90' lang='lat' dir='ltr'><strong>vitiis</strong></span> <span class='ocrx_word' id='word_1_765' title='bbox 2255 4930 2529 4999; x_wconf 74' lang='lat' dir='ltr'><strong>subiectas</strong></span> <span class='ocrx_word' id='word_1_766' title='bbox 2557 4927 2804 4984; x_wconf 78' lang='lat' dir='ltr'><strong>referunt</strong></span> <span class='ocrx_word' id='word_1_767' title='bbox 2839 4928 3055 4995; x_wconf 61' lang='lat' dir='ltr'><strong>fabulae,</strong></span> <span class='ocrx_word' id='word_1_768' title='bbox 3088 4930 3267 4999; x_wconf 86' lang='lat' dir='ltr'><strong>palam</strong></span> <span class='ocrx_word' id='word_1_769' title='bbox 3304 4932 3371 4985; x_wconf 90' lang='lat' dir='ltr'><strong>de</strong></span> 
     </span>
    </p>
   </div>
   <div class='ocr_carea' id='block_1_106' title="bbox 1796 5020 3371 5091">
    <p class='ocr_par' dir='ltr' id='par_1_106' title="bbox 1796 5020 3371 5091">
     <span class='ocr_line' id='line_1_106' title="bbox 1796 5020 3371 5091; baseline 0.001 -17"><span class='ocrx_word' id='word_1_770' title='bbox 1796 5020 2063 5076; x_wconf 87' lang='lat' dir='ltr'><strong>industria</strong></span> <span class='ocrx_word' id='word_1_771' title='bbox 2117 5022 2184 5076; x_wconf 88' lang='lat' dir='ltr'><strong>ad</strong></span> <span class='ocrx_word' id='word_1_772' title='bbox 2237 5020 2597 5076; x_wconf 89' lang='lat' dir='ltr'><strong>imitationem</strong></span> <span class='ocrx_word' id='word_1_773' title='bbox 2645 5032 2961 5084; x_wconf 87' lang='lat' dir='ltr'><strong>canuntur,</strong></span> <span class='ocrx_word' id='word_1_774' title='bbox 3023 5036 3371 5091; x_wconf 88' lang='lat' dir='ltr'><strong>quorumque</strong></span> 
     </span>
    </p>
   </div>
   <div class='ocr_carea' id='block_1_107' title="bbox 1796 5110 3364 5184">
    <p class='ocr_par' dir='ltr' id='par_1_107' title="bbox 1796 5110 3364 5184">
     <span class='ocr_line' id='line_1_107' title="bbox 1796 5110 3364 5184; baseline 0 -17"><span class='ocrx_word' id='word_1_775' title='bbox 1796 5122 1989 5183; x_wconf 84' lang='lat' dir='ltr'><strong>praeter</strong></span> <span class='ocrx_word' id='word_1_776' title='bbox 2028 5113 2300 5169; x_wconf 87' lang='lat' dir='ltr'><strong>humanos</strong></span> <span class='ocrx_word' id='word_1_777' title='bbox 2343 5112 2601 5181; x_wconf 69' lang='lat' dir='ltr'><strong>allectus,</strong></span> <span class='ocrx_word' id='word_1_778' title='bbox 2635 5121 2695 5167; x_wconf 93' lang='lat' dir='ltr'><strong>ut</strong></span> <span class='ocrx_word' id='word_1_779' title='bbox 2724 5110 2872 5180; x_wconf 86' lang='lat' dir='ltr'><strong>dixi,</strong></span> <span class='ocrx_word' id='word_1_780' title='bbox 2903 5110 3067 5167; x_wconf 84' lang='lat' dir='ltr'><strong>etiam</strong></span> <span class='ocrx_word' id='word_1_781' title='bbox 3114 5113 3364 5184; x_wconf 89' lang='lat' dir='ltr'><strong>sepulcra</strong></span> 
     </span>
    </p>
   </div>
   <div class='ocr_carea' id='block_1_108' title="bbox 1796 5204 2447 5276">
    <p class='ocr_par' dir='ltr' id='par_1_108' title="bbox 1796 5204 2447 5276">
     <span class='ocr_line' id='line_1_108' title="bbox 1796 5204 2447 5276; baseline 0 -17"><span class='ocrx_word' id='word_1_782' title='bbox 1796 5220 1891 5276; x_wconf 85' lang='lat' dir='ltr'><strong>per</strong></span> <span class='ocrx_word' id='word_1_783' title='bbox 1921 5206 2039 5261; x_wconf 89' lang='lat' dir='ltr'><strong>loca</strong></span> <span class='ocrx_word' id='word_1_784' title='bbox 2072 5204 2447 5261; x_wconf 88' lang='lat' dir='ltr'><strong>ostenduntur.</strong></span> 
     </span>
    </p>
   </div>
   <div class='ocr_carea' id='block_1_109' title="bbox 1400 5357 2079 5413">
    <p class='ocr_par' dir='ltr' id='par_1_109' title="bbox 1400 5357 2079 5413">
     <span class='ocr_line' id='line_1_109' title="bbox 1400 5357 2079 5413; baseline 0 0"><span class='ocrx_word' id='word_1_785' title='bbox 1400 5357 1637 5413; x_wconf 62' lang='lat' dir='ltr'><strong>VAIHE</strong></span> <span class='ocrx_word' id='word_1_786' title='bbox 1677 5357 2079 5413; x_wconf 68' lang='lat' dir='ltr'><strong>LECTIUNES.</strong></span> 
     </span>
    </p>
   </div>
   <div class='ocr_carea' id='block_1_110' title="bbox 190 5469 1696 5542">
    <p class='ocr_par' dir='ltr' id='par_1_110' title="bbox 190 5469 1696 5542">
     <span class='ocr_line' id='line_1_110' title="bbox 190 5469 1696 5542; baseline 0.001 -17"><span class='ocrx_word' id='word_1_787' title='bbox 190 5469 228 5507; x_wconf 83' lang='lat'>&quot;</span> <span class='ocrx_word' id='word_1_788' title='bbox 252 5471 438 5542; x_wconf 68' lang='grc' dir='ltr'>ἡδονῆς</span> <span class='ocrx_word' id='word_1_789' title='bbox 471 5471 542 5527; x_wconf 90' lang='grc'>0.</span> <span class='ocrx_word' id='word_1_790' title='bbox 622 5476 669 5531; x_wconf 14' lang='grc' dir='ltr'><strong>ιι.</strong></span> <span class='ocrx_word' id='word_1_791' title='bbox 696 5471 849 5526; x_wconf 81' lang='grc' dir='ltr'>ὁπότ’</span> <span class='ocrx_word' id='word_1_792' title='bbox 882 5473 946 5527; x_wconf 80' lang='grc' dir='ltr'>ἄν</span> <span class='ocrx_word' id='word_1_793' title='bbox 983 5472 1044 5527; x_wconf 90' lang='lat' dir='ltr'><strong>C.</strong></span> <span class='ocrx_word' id='word_1_794' title='bbox 1130 5474 1175 5506; x_wconf 82' lang='lat'><strong>&quot;</strong></span> <span class='ocrx_word' id='word_1_795' title='bbox 1204 5475 1293 5527; x_wconf 89' lang='grc' dir='ltr'><strong>καί</strong></span> <span class='ocrx_word' id='word_1_796' title='bbox 1321 5474 1520 5530; x_wconf 88' lang='lat' dir='ltr'><strong>inserui</strong></span> <span class='ocrx_word' id='word_1_797' title='bbox 1553 5490 1600 5528; x_wconf 88' lang='lat' dir='ltr'><strong>c.</strong></span> <span class='ocrx_word' id='word_1_798' title='bbox 1635 5472 1696 5529; x_wconf 92' lang='grc' dir='ltr'>Ο.</span> 
     </span>
    </p>
   </div>
   <div class='ocr_carea' id='block_1_111' title="bbox 1806 5473 3359 5545">
    <p class='ocr_par' dir='ltr' id='par_1_111' title="bbox 1806 5473 3359 5545">
     <span class='ocr_line' id='line_1_111' title="bbox 1806 5473 3359 5545; baseline 0.003 -18"><span class='ocrx_word' id='word_1_799' title='bbox 1806 5473 2149 5530; x_wconf 70' lang='lat' dir='ltr'><strong>“Turbatus</strong></span> <span class='ocrx_word' id='word_1_800' title='bbox 2199 5485 2300 5540; x_wconf 86' lang='lat' dir='ltr'><strong>est,</strong></span> <span class='ocrx_word' id='word_1_801' title='bbox 2352 5484 2411 5531; x_wconf 91' lang='lat' dir='ltr'><strong>ut</strong></span> <span class='ocrx_word' id='word_1_802' title='bbox 2448 5478 2663 5545; x_wconf 90' lang='lat' dir='ltr'><strong>opinor,</strong></span> <span class='ocrx_word' id='word_1_803' title='bbox 2730 5478 2862 5534; x_wconf 90' lang='lat' dir='ltr'><strong>ordo</strong></span> <span class='ocrx_word' id='word_1_804' title='bbox 2911 5476 3219 5541; x_wconf 87' lang='lat' dir='ltr'><strong>verborum,</strong></span> <span class='ocrx_word' id='word_1_805' title='bbox 3266 5474 3359 5545; x_wconf 88' lang='lat' dir='ltr'><strong>qni</strong></span> 
     </span>
    </p>
   </div>
   <div class='ocr_carea' id='block_1_112' title="bbox 144 5538 3357 5628">
    <p class='ocr_par' dir='ltr' id='par_1_112' title="bbox 144 5538 3357 5628">
     <span class='ocr_line' id='line_1_112' title="bbox 144 5538 3357 5628; baseline 0.001 -34"><span class='ocrx_word' id='word_1_806' title='bbox 144 5538 201 5622; x_wconf 42' lang='lat' dir='ltr'><strong>silc</strong></span> <span class='ocrx_word' id='word_1_807' title='bbox 223 5538 423 5628; x_wconf 65' lang='lat' dir='ltr'><strong>videtur</strong></span> <span class='ocrx_word' id='word_1_808' title='bbox 468 5544 891 5628; x_wconf 49' lang='lat' dir='ltr'><strong>constituendus</strong></span> <span class='ocrx_word' id='word_1_809' title='bbox 920 5564 932 5597; x_wconf 89' lang='lat'><strong>:</strong></span> <span class='ocrx_word' id='word_1_810' title='bbox 971 5543 1173 5597; x_wconf 81' lang='grc' dir='ltr'>θέλοντι</span> <span class='ocrx_word' id='word_1_811' title='bbox 1204 5544 1264 5628; x_wconf 61' lang='grc' dir='ltr'><strong>δε</strong></span> <span class='ocrx_word' id='word_1_812' title='bbox 1294 5563 1375 5598; x_wconf 84' lang='grc' dir='ltr'><strong>σοι</strong></span> <span class='ocrx_word' id='word_1_813' title='bbox 1402 5547 1495 5598; x_wconf 74' lang='grc' dir='ltr'>καὶ</span> <span class='ocrx_word' id='word_1_814' title='bbox 1520 5543 1870 5626; x_wconf 75' lang='grc' dir='ltr'>σπουδάζοντι</span> <span class='ocrx_word' id='word_1_815' title='bbox 1897 5550 2191 5628; x_wconf 73' lang='grc' dir='ltr'>σωφρονεῖν</span> <span class='ocrx_word' id='word_1_816' title='bbox 2227 5538 2443 5619; x_wconf 71' lang='grc' dir='ltr'><strong>βοὴθοέη</strong></span> <span class='ocrx_word' id='word_1_817' title='bbox 2472 5538 2623 5613; x_wconf 78' lang='grc' dir='ltr'>Θεὸς,</span> <span class='ocrx_word' id='word_1_818' title='bbox 2651 5538 2748 5602; x_wconf 78' lang='grc' dir='ltr'>καὶ</span> <span class='ocrx_word' id='word_1_819' title='bbox 2778 5546 3181 5619; x_wconf 75' lang='grc' dir='ltr'>φλεγμαινούσῃ</span> 
     </span>
    </p>
   </div>
   <div class='ocr_carea' id='block_1_113' title="bbox 144 5611 3057 5686">
    <p class='ocr_par' dir='ltr' id='par_1_113' title="bbox 144 5611 3057 5686">
     <span class='ocr_line' id='line_1_113' title="bbox 144 5611 3057 5686; baseline 0.002 -23"><span class='ocrx_word' id='word_1_820' title='bbox 144 5611 713 5686; x_wconf 41' lang='grc' dir='ltr'>ῖὴει-ῖασιν-παράσχοι.</span> <span class='ocrx_word' id='word_1_821' title='bbox 854 5613 890 5667; x_wconf 91' lang='lat' dir='ltr'><strong>S</strong></span> <span class='ocrx_word' id='word_1_822' title='bbox 915 5623 1141 5686; x_wconf 76' lang='lat' dir='ltr'><strong>_textum</strong></span> <span class='ocrx_word' id='word_1_823' title='bbox 1179 5618 1450 5685; x_wconf 87' lang='lat' dir='ltr'><strong>vulgatum</strong></span> <span class='ocrx_word' id='word_1_824' title='bbox 1488 5630 1645 5684; x_wconf 86' lang='lat' dir='ltr'><strong>posse</strong></span> <span class='ocrx_word' id='word_1_825' title='bbox 1692 5616 1907 5671; x_wconf 78' lang='lat' dir='ltr'><strong>retineri</strong></span> <span class='ocrx_word' id='word_1_826' title='bbox 1941 5611 2544 5681; x_wconf 36' lang='lat' dir='ltr'><strong>ea.istimat,‘dumm&#39;odo</strong></span> <span class='ocrx_word' id='word_1_827' title='bbox 2594 5611 2862 5673; x_wconf 39' lang='lat' dir='ltr'><strong>scribat-ur</strong></span> <span class='ocrx_word' id='word_1_828' title='bbox 2890 5611 3057 5686; x_wconf 72' lang='grc' dir='ltr'>’ἒρλεγ</span> 
     </span>
    </p>
   </div>
   <div class='ocr_carea' id='block_1_114' title="bbox 3145 5634 3358 5689">
    <p class='ocr_par' dir='ltr' id='par_1_114' title="bbox 3145 5634 3358 5689">
     <span class='ocr_line' id='line_1_114' title="bbox 3145 5634 3358 5689; baseline -0.005 -19"><span class='ocrx_word' id='word_1_829' title='bbox 3145 5634 3358 5689; x_wconf 63' lang='grc' dir='ltr'>ινουσης</span> 
     </span>
    </p>
   </div>
   <div class='ocr_carea' id='block_1_115' title="bbox 145 5674 3354 5763">
    <p class='ocr_par' dir='ltr' id='par_1_115' title="bbox 145 5674 3354 5763">
     <span class='ocr_line' id='line_1_115' title="bbox 145 5674 3354 5763; baseline 0.005 -34"><span class='ocrx_word' id='word_1_830' title='bbox 145 5674 299 5763; x_wconf 44' lang='lat' dir='ltr'><strong>{ruﬁ/‘71:.</strong></span> <span class='ocrx_word' id='word_1_831' title='bbox 373 5684 433 5763; x_wconf 39' lang='grc' dir='ltr'><strong>’ξ-</strong></span> <span class='ocrx_word' id='word_1_832' title='bbox 447 5674 527 5738; x_wconf 66' lang='lat' dir='ltr'><strong>Ita</strong></span> <span class='ocrx_word' id='word_1_833' title='bbox 660 5703 709 5763; x_wconf 60' lang='grc' dir='ltr'><strong>(τ.</strong></span> <span class='ocrx_word' id='word_1_834' title='bbox 751 5683 795 5736; x_wconf 82' lang='grc' dir='ltr'>Β</span> <span class='ocrx_word' id='word_1_835' title='bbox 826 5724 854 5763; x_wconf 88' lang='lat'><strong>._</strong></span> <span class='ocrx_word' id='word_1_836' title='bbox 876 5674 1308 5763; x_wconf 65' lang='grc' dir='ltr'>φλαιγμαινοῦσῇ</span> <span class='ocrx_word' id='word_1_837' title='bbox 1340 5687 1402 5763; x_wconf 30' lang='grc'><strong>(2..</strong></span> <span class='ocrx_word' id='word_1_838' title='bbox 1429 5674 1877 5763; x_wconf 20' lang='grc' dir='ltr'>*Τέμπη-παράσχοι</span> <span class='ocrx_word' id='word_1_839' title='bbox 1914 5686 1975 5739; x_wconf 91' lang='grc' dir='ltr'>Ο.</span> <span class='ocrx_word' id='word_1_840' title='bbox 2054 5690 2098 5721; x_wconf 77' lang='grc'><strong>⁸⁸</strong></span> <span class='ocrx_word' id='word_1_841' title='bbox 2130 5686 2172 5737; x_wconf 69' lang='grc'><strong>1)</strong></span> <span class='ocrx_word' id='word_1_842' title='bbox 2222 5674 2327 5758; x_wconf 79' lang='lat' dir='ltr'><strong>legi</strong></span> <span class='ocrx_word' id='word_1_843' title='bbox 2365 5690 2479 5742; x_wconf 86' lang='lat' dir='ltr'><strong>vult</strong></span> <span class='ocrx_word' id='word_1_844' title='bbox 2507 5690 2676 5761; x_wconf 77' lang='grc' dir='ltr'>ταύτῃ</span> <span class='ocrx_word' id='word_1_845' title='bbox 2702 5690 2819 5763; x_wconf 48' lang='grc' dir='ltr'><strong>(δίζε</strong></span> <span class='ocrx_word' id='word_1_846' title='bbox 2855 5674 3111 5759; x_wconf 62' lang='grc' dir='ltr'><strong>γυύαωίἰ).</strong></span> <span class='ocrx_word' id='word_1_847' title='bbox 3190 5689 3236 5725; x_wconf 81' lang='grc'><strong><em>⁵⁸</em></strong></span> <span class='ocrx_word' id='word_1_848' title='bbox 3259 5674 3354 5744; x_wconf 51' lang='grc' dir='ltr'><strong>κάξ</strong></span> 
     </span>
    </p>
   </div>
   <div class='ocr_carea' id='block_1_116' title="bbox 146 5754 2843 5829">
    <p class='ocr_par' dir='ltr' id='par_1_116' title="bbox 146 5754 2843 5829">
     <span class='ocr_line' id='line_1_116' title="bbox 146 5754 2843 5829; baseline 0.005 -28"><span class='ocrx_word' id='word_1_849' title='bbox 146 5754 218 5817; x_wconf 58' lang='grc' dir='ltr'><strong>δήν</strong></span> <span class='ocrx_word' id='word_1_850' title='bbox 262 5770 363 5808; x_wconf 87' lang='lat' dir='ltr'><strong>om.</strong></span> <span class='ocrx_word' id='word_1_851' title='bbox 394 5756 462 5809; x_wconf 82' lang='grc'>0.</span> <span class='ocrx_word' id='word_1_852' title='bbox 542 5761 593 5796; x_wconf 71' lang='grc' dir='ltr'><strong>ιτ</strong></span> <span class='ocrx_word' id='word_1_853' title='bbox 621 5756 753 5829; x_wconf 76' lang='grc' dir='ltr'>πρὸς</span> <span class='ocrx_word' id='word_1_854' title='bbox 786 5755 894 5807; x_wconf 87' lang='grc' dir='ltr'><strong>τῶν</strong></span> <span class='ocrx_word' id='word_1_855' title='bbox 940 5754 1151 5827; x_wconf 75' lang='grc' dir='ltr'>ἀληθῶν</span> <span class='ocrx_word' id='word_1_856' title='bbox 1179 5757 1239 5812; x_wconf 83' lang='lat' dir='ltr'><strong>C.</strong></span> <span class='ocrx_word' id='word_1_857' title='bbox 1282 5754 1361 5796; x_wconf 38' lang='grc'><strong>’⁷⁸⁸</strong></span> <span class='ocrx_word' id='word_1_858' title='bbox 1383 5758 1527 5827; x_wconf 70' lang='grc' dir='ltr'>λέγει</span> <span class='ocrx_word' id='word_1_859' title='bbox 1559 5758 1617 5810; x_wconf 76' lang='lat' dir='ltr'><strong>Cl</strong></span> <span class='ocrx_word' id='word_1_860' title='bbox 1654 5801 1664 5816; x_wconf 85' lang='lat'><strong>,</strong></span> <span class='ocrx_word' id='word_1_861' title='bbox 1694 5754 1804 5812; x_wconf 83' lang='lat' dir='ltr'><strong>non</strong></span> <span class='ocrx_word' id='word_1_862' title='bbox 1834 5758 1873 5811; x_wconf 88' lang='lat' dir='ltr'>C</span> <span class='ocrx_word' id='word_1_863' title='bbox 1908 5798 1921 5821; x_wconf 92' lang='lat'><strong>,</strong></span> <span class='ocrx_word' id='word_1_864' title='bbox 1955 5769 2012 5811; x_wconf 80' lang='lat' dir='ltr'><strong>ut</strong></span> <span class='ocrx_word' id='word_1_865' title='bbox 2042 5774 2231 5827; x_wconf 84' lang='lat' dir='ltr'><strong>parum</strong></span> <span class='ocrx_word' id='word_1_866' title='bbox 2265 5754 2518 5814; x_wconf 65' lang='lat' dir='ltr'><strong>accurate</strong></span> <span class='ocrx_word' id='word_1_867' title='bbox 2545 5754 2739 5815; x_wconf 69' lang='lat' dir='ltr'><strong>asserit</strong></span> <span class='ocrx_word' id='word_1_868' title='bbox 2785 5760 2843 5815; x_wconf 73' lang='grc' dir='ltr'>ὃ.</span> 
     </span>
    </p>
   </div>
  </div>
