4004 6332
244 302 344 359 197
778 312 781 315 ’
1371 311 1778 370 CLEMENTl‘N.

1894 342 1942 356 -
1969 315 2254 373 HOMILIA
2296 317 2378 375 VI.
3401 333 3503 392 198

241 422 402 493 156
423 425 516 477 τὸν
545 422 765 493 πρῶτον
790 425 1167 481 καταποθέντα
1200 428 1517 496 Πλούτωνα,
1549 435 1635 487 ἐπ’
1668 435 1778 489 αὕτη

1922 450 2077 503 num,
2112 436 2335 492 tertium
2364 436 2574 495 Jovem.
2605 438 2809 512 Neque,
2826 450 2884 498 ut
2914 442 3109 511 aiunt,
3147 444 3339 502 matris
3365 463 3504 504 con-

236 515 357 569 δὲτδ
390 516 730 579 Ποσειδῶνα,
782 520 879 573 καὶ
927 523 1108 592 τρίτον
1153 527 1245 575 τὸν
1266 525 1386 578 Δία.
1433 527 1567 582 Οὐδέ
1600 544 1686 597 γε,
1735 529 1778 582 ὦ

1925 529 2050 583 silio
2071 538 2318 585 servatus
2337 529 2569 600 Jupiter,
2588 548 2652 589 ac
2669 533 2722 588 in
2739 536 2938 591 coelum
2956 537 3278 606 ascendens,
3292 550 3502 609 patrem

235 625 417 677 φασιν,
470 610 676 680 μητρὸς
722 612 949 682 προνοίᾳ
985 613 1272 680 διασωθεὶς
1323 619 1352 670 ό
1399 618 1564 683 Ζεὺς,
1613 620 1709 674 καὶ
1740 622 1778 674 ei

1923 635 2092 691 regno
2127 620 2352 691 depulit.
2389 621 2501 679 Nec
2533 626 2704 694 patris
2736 624 2934 683 fratres
2982 630 3252 699 supplicio
3296 632 3498 690 affecit.

233 702 461 772 οὐρανὸν
490 701 715 764 ἀναϐὰς,
742 704 835 758 τὸν
867 707 1079 779 πατέρα
1104 709 1204 780 τῆς
1235 709 1514 779 βασιλείας
1544 711 1778 767 καθεῖλει

1920 709 2040 767 Non
2074 712 2129 767 in
2159 729 2398 770 amorem
2421 716 2639 772 devenit
2664 719 2975 775 mortalium
3002 720 3351 779 feminarum.
3378 724 3501 783 Non

234 796 304 847 Οὐ
344 796 552 867 πατρὸς
571 796 616 827 ⁷⁵
665 798 929 867 ἀδελφοὺς
960 801 1235 857 ἐκόλασεν.
1270 804 1383 858 Οὐκ
1416 805 1496 868 είς
1526 805 1692 860 πόθον
1720 824 1778 877 γι

1920 819 2046 859 cum
2079 806 2361 863 sororibus
2389 808 2474 864 vel
2505 808 2753 878 ﬁliabus,
2791 825 2901 865 non
2933 827 3058 867 cum
3092 812 3323 871 fratrum
3356 834 3499 873 uxo-

232 887 433 939 ναικῶν
456 887 665 959 θνητῶν
686 890 967 961 κατῆλθεν.
992 894 1105 947 Οὐκ
1126 895 1381 964 ἀδελφαῖς
1404 895 1437 967 ἢ
1461 896 1778 969 θυγατράσιι

1918 896 2094 965 ribus,
2143 914 2250 953 non
2295 914 2417 954 cum
2458 901 2643 971 pueris
2674 902 2905 974 turpiter
2940 906 3258 963 concubuit.
3308 908 3499 981 Neque

232 980 327 1031 οὐκ
350 979 597 1049 ἀδελφῶν
623 984 890 1051 γυναιξὶν,
913 986 974 1039 οὐ
1002 987 1188 1041 παισὶν
1217 989 1459 1061 αἰσχρῶς
1481 990 1778 1059 συνεγένετι

1917 990 2085 1044 filiam
2116 1006 2271 1046 suam
2299 991 2480 1048 Metim
2513 994 2800 1067 deglutivit
2818 1036 2835 1062 ,
2873 1004 2933 1051 ut
2959 1012 2990 1051 a
3017 997 3245 1054 cerebro
3271 979 3495 1071 quidem

231 1074 361 1126 osa:
391 1075 569 1145 Μῆτιν
604 1079 869 1149 γεννήσας
900 1081 1177 1145 κατέπιεν,
1209 1083 1297 1138 ἵνα
1321 1083 1479 1136 άπ’⁷⁶
1506 1084 1778 1154 ἑγκεφάλο

1915 1078 2212 1138 Minervam
2260 1084 2586 1153 produceret
2614 1102 2681 1143 ex
2726 1087 2944 1155 Metide,
2998 1104 3066 1145 ex
3114 1089 3323 1149 femore
3363 1110 3498 1153 vero

234 1165 329 1235 μὲν
360 1167 459 1237 τὴν
491 1168 720 1239 Ἀθηνᾶν
754 1171 1003 1246 ἀναφύσῃ
1037 1175 1101 1227 ὲκ
1129 1175 1231 1247 τῆς
1255 1176 1512 1248 Μήτιδος,
1544 1178 1609 1232 ἐκ
1634 1180 1691 1232 δὲ
1716 1197 1778 1233 το

1915 1172 2160 1244 gigneret
2212 1174 2507 1245 Bacchum,
2545 1194 2710 1249 quem
2759 1195 2791 1235 a
2838 1179 3128 1237 Titanibus
3158 1182 3343 1240 ferunt
3375 1186 3494 1242 dis-

233 1257 406 1328 μηροῦ
439 1260 534 1313 τὸν
567 1262 817 1317 Διόνυσον
846 1265 981 1339 τέκῃ
1004 1305 1019 1328 ,
1061 1266 1119 1320 ὃν
1154 1268 1258 1322 ὑπὸ
1292 1269 1532 1323 Τιτάνων
1567 1272 1778 1344 ἐσπαρά

1917 1275 2171 1336 cerptnm
2216 1267 2407 1324 fuisse.
2454 1269 2573 1325 Non
2617 1287 2831 1327 cuinam
2878 1273 2935 1329 in
2980 1273 3226 1332 Thetidis
3259 1285 3315 1333 et
3345 1277 3493 1334 Pelei

229 1349 351 1419 χθαι
372 1351 639 1421 λέγουσιν.
677 1357 751 1409 Οὐ
778 1358 987 1412 δεῖπνον
1008 1360 1102 1413 ἐπὶ
1125 1361 1204 1432 τῷ
1234 1362 1450 1424 Θέτιδος
1472 1364 1564 1417 καὶ
1586 1364 1778 1436 Πηλέω

1912 1359 2117 1428 nuptiis
2139 1360 2455 1417 celebravit.
2481 1361 2600 1418 Non
2623 1364 2952 1421 discordiam
2979 1368 3188 1437 expulit
3209 1384 3240 1424 e
3261 1371 3488 1440 nuptiis.

231 1443 387 1514 γάμῳ
410 1446 675 1501 συντελεῖ.
720 1448 792 1500 Οὐ
822 1450 921 1521 τὴν
964 1452 1119 1522 Ἔριν
1139 1453 1247 1507 τῶν
1269 1455 1462 1525 γάμων
1498 1454 1778 1511 ἀπεώσατο

1909 1447 2029 1504 Non
2061 1450 2335 1507 discordia
2365 1455 2569 1524 probro
2601 1456 2790 1512 affecta
2820 1474 3058 1530 pugnam
3086 1469 3141 1515 et
3168 1462 3491 1518 seditionem

230 1535 335 1588 Οὐκ
359 1536 562 1609 αὑτὴ⁷⁷
590 1539 622 1609 ἡ
648 1541 824 1612 Ἔρις,
854 1542 1238 1613 ἀτιμασθεῖσα,
1276 1545 1456 1617 μάχην
1491 1548 1585 1601 καὶ
1620 1548 1775 1602 στάσι

1908 1542 2259 1611 epulantibus
2293 1555 2603 1603 commenta
2651 1557 2758 1604 est.
2794 1548 2915 1606 Non
2963 1561 3188 1622 accepto
3215 1568 3284 1609 ex
3315 1554 3492 1612 hortis

229 1628 398 1690 τοῖς⁷⁸
429 1630 784 1701 ἑστιωμένοις
817 1635 1128 1707 ἐπενόησεν.
1167 1638 1241 1690 Οὐ
1277 1638 1443 1710 μῆλον
1482 1643 1712 1711 χρύσεον
1741 1644 1778 1696 ἐς

1905 1630 2267 1703 Hesperidum
2294 1637 2437 1692 malo
2458 1652 2627 1694 aureo
2650 1639 2932 1712 inscripsit
2955 1660 2969 1696 :
2995 1642 3205 1697 Donum
3224 1645 3485 1713 pulchrae.

230 1720 327 1771 τῶν
370 1720 702 1794 Ἑσπερίδων
745 1727 935 1798 κήπων
983 1728 1223 1784 λαϐοῦσα
1251 1732 1580 1804 ἐπέγραψεν,
1615 1734 1778 1804 δῶρα

1905 1723 2102 1781 Postea
2140 1726 2473 1796 fabulantur,
2524 1732 2670 1801 quod
2718 1730 2885 1801 Juno,
2934 1733 3175 1790 Minerva
3216 1746 3271 1791 et
3302 1733 3489 1795 Venus

229 1813 295 1879 τῇ
326 1816 508 1884 καλῇ.
550 1819 780 1873 Ἔπειτα
837 1820 1219 1891 μυθολογοῦσιν
1270 1825 1347 1887 ὡς
1396 1826 1543 1896 ’Ἡρα
1595 1845 1655 1881 τε
1707 1847 1778 1882 κα

1906 1817 2109 1872 malum
2142 1819 2452 1876 invenerint
2480 1831 2534 1877 et
2568 1825 2965 1881 contendentes
2994 1827 3247 1882 venerint
3290 1827 3358 1883 ad
3389 1828 3488 1883 Jo-

240 1906 431 1978 Ἀθηνᾶ
464 1911 561 1963 καλ⁸
605 1910 887 1985 Ἀφροδίτη
923 1914 1237 1986 εὑρίσκουσι
1266 1916 1327 1970 τὸ
1362 1917 1549 1989 μῆλον,
1581 1920 1675 1973 καὶ
1708 1938 1800 1990 φι-

227 1999 554 2057 λονεικοῦσαι
598 2002 844 2074 ἔρχονται
876 2007 1011 2077 πρὸς
1028 2008 1073 2039 ⁷⁸
1103 2007 1194 2060 τὸν
1226 2009 1352 2063 Δία·
1387 2006 1476 2075 αἷς
1508 2012 1669 2075 αὐτὸς
1703 2014 1801 2084 μὲν

229 2093 318 2146 οὐκ
347 2094 588 2164 ἔκρινεν,
620 2095 689 2149 δι’
732 2097 933 2170 Ἑρμοῦ
965 2100 1023 2153 δὲ
1056 2101 1193 2173 πρὸς
1233 2102 1323 2157 τὸν
1352 2104 1585 2175 ποιμένα
1626 2105 1800 2178 Πάριν

228 2185 622 2257 κριθησομένας
663 2190 792 2261 περὶ
835 2191 1063 2255 κάλλους
1109 2193 1433 2267 ἐξέπεμψεν.
1495 2196 1630 2250 Ἀλλ’
1675 2197 1800 2253 οὔτε

227 2277 512 2348 ἐκρίθησαν
536 2279 677 2343 θεαὶ,
710 2280 831 2334 οὔτε
858 2285 885 2337 ό
920 2284 1092 2356 Πάρις
1121 2288 1186 2357 τῇ
1227 2286 1512 2362 Ἀφροδίτῃ
1538 2291 1601 2343 τὸ
1632 2292 1797 2364 μῆλον

227 2368 512 2424 ἀπέδωκεν.
529 2371 643 2424 Οὔκ
669 2372 972 2447 Ἀφροδίτη,
1002 2378 1313 2449 τιμηθεῖσα,
1348 2381 1427 2453 τῷ
1457 2384 1556 2454 τῆς
1581 2384 1800 2459 Ἑλένης

233 2460 388 2512 αὐτὸν
433 2463 761 2535 ἀντετίμησε
805 2466 987 2538 γάμῳ.
1037 2470 1112 2523 Οὐ
1145 2470 1254 2542 γάρ
1303 2472 1370 2527 ἂν
1413 2477 1481 2546 τῇ
1528 2478 1627 2546 τῆς
1670 2477 1799 2545 θεᾶς

233 2555 360 2624 τιμῇ
382 2554 425 2585 ⁸⁸
474 2555 739 2626 πρόφασις
782 2559 989 2627 ἐγίνετο
1038 2563 1328 2634 παμφύλου
1377 2567 1616 2639 πολέμου
1640 2610 1655 2636 ,
1703 2573 1797 2627 καὶ

227 2642 396 2698 ταῦτα
442 2646 523 2699 ἐπ’
560 2648 769 2721 ὀλέθρῳ
800 2650 894 2704 τοῦ
936 2653 1034 2725 τὴν
1081 2655 1247 2727 τιμὴν
1294 2657 1658 2731 ἀπειληφότος
1703 2666 1797 2719 καὶ

220 2733 629 2806 ἀγχιστεύοντος
663 2742 742 2813 τῷ
780 2744 881 2816 τῆς
938 2743 1258 2820 Ἀφροδίτης
1304 2751 1473 2819 γένει.
1529 2754 1667 2809 Ἀλλ’
1718 2757 1796 2823 ὡς

218 2824 367 2898 ἔφην,
414 2825 461 2882 ὦ
506 2830 720 2897 τέκνον,
768 2834 881 2905 ἔχει
922 2837 1046 2891 τινά
1092 2839 1250 2911 15⁷
1282 2841 1438 2913 λόγον
1469 2845 1539 2899 τὰ
1568 2848 1794 2904 τοιαῦτα

215 2919 403 2973 οἰκεῖον
433 2922 528 2975 καὶ
558 2924 865 2995 φιλόσοφον,
896 2928 1193 3004 ἀλληγορία
1220 2935 1526 3009 φρασθῆναι
1558 2940 1794 3013 δυνάμε-

213 3025 323 3063 νον·
383 3014 527 3068 ὥστε
585 3034 644 3070 σε
694 3019 1001 3076 ἀκούσαντα
1050 3023 1348 3097 θαυμάσαι.
1407 3030 1578 3100 Κάγὼ
1621 3033 1785 3106 ἔφην·

212 3103 403 3175 Δέομαι
436 3109 510 3179 μή
542 3126 611 3180 με
636 3111 1067 3184 ἀναϐαλλόμενος
1087 3116 1405 3193 βασανίσῃς.
1433 3120 1544 3175 Καὶ
1571 3122 1630 3187 ὃς
1658 3103 1783 3200 ἔφη·

1904 1924 2049 1977 vem,
2084 1927 2223 1982 quas
2256 1913 2373 1983 ipse
2402 1915 2622 1984 quidem
2656 1933 2764 1971 non
2812 1918 3177 1988 judicaverit,
3215 1935 3312 1991 per
3340 1919 3487 1977 Mer--

1904 2002 2119 2057 curium
2150 2018 2282 2059 vero
2313 2005 2525 2061 miserit
2556 2009 2623 2061 ad
2658 2018 2931 2078 pastorem
2958 2010 3239 2081 Paridem,
3268 2014 3335 2069 de
3360 2014 3486 2085 pul-

1904 2093 2215 2151 chritudine
2239 2096 2585 2166 judicandas.
2630 2099 2733 2155 Sec
2776 2118 2875 2157 nec
2912 2102 3029 2157 deae
3066 2104 3326 2174 iudicata:
3365 2106 3487 2163 fue-

1903 2194 2054 2253 runt,
2109 2203 2287 2258 neque
2336 2188 2494 2245 Paris
2540 2190 2736 2247 Veneri
2791 2210 3014 2263 pomum
3071 2196 3317 2253 tradidit.
3360 2198 3483 2256 Non

1904 2276 2109 2343 Venus,
2145 2279 2407 2336 honorem
2437 2292 2732 2340 consecuta
2754 2325 2772 2353 ,
2820 2285 3074 2344 Paridem
3104 2288 3321 2347 Helena:
3349 2309 3486 2349 con~

1897 2368 2051 2440 jngio
2097 2370 2340 2427 vicissim
2388 2373 2695 2432 honoravit.
2742 2375 2930 2449 Neque
2969 2381 3115 2437 enim
3159 2382 3275 2440 deae
3304 2384 3483 2441 honor

1902 2475 2070 2515 causa
2102 2461 2296 2519 fuisset
2336 2463 2461 2520 belli
2500 2465 2645 2522 inter
2686 2477 2765 2524 tot
2791 2480 3014 2541 gentes,
3064 2474 3230 2545 idque
3264 2477 3319 2530 in
3356 2493 3482 2547 per-

1900 2552 2101 2608 niciem
2149 2553 2267 2625 ejus
2295 2555 2390 2626 qui
2436 2556 2646 2613 honore
2692 2560 2921 2619 affectus
2949 2562 3148 2634 fuerat,
3174 2567 3380 2637 quique
3410 2570 3478 2625 ad

1900 2659 2072 2713 genus
2090 2644 2317 2704 Veneris
2333 2646 2458 2718 jure
2474 2650 2897 2722 propinquitatis
2920 2656 3245 2724 pertinebat.
3272 2658 3475 2716 Verum
3528 2682 3533 2689 ’

1899 2735 2042 2793 sicut
2071 2738 2217 2807 dixi,
2249 2754 2284 2795 o
2331 2741 2443 2808 fili,
2476 2742 2592 2798 haec
2634 2744 2902 2800 rationem
2934 2750 3229 2817 quamdam
3276 2750 3477 2808 habent

1896 2829 2173 2900 propriam
2223 2841 2279 2886 et
2324 2830 2798 2905 philosophicam,
2835 2852 2958 2907 quae
3004 2854 3103 2908 per
3152 2842 3473 2913 allegoriam

1897 2929 2077 2989 potest
2104 2923 2387 2993 explicari,
2422 2926 2557 2981 adeo
2585 2937 2646 2981 ut
2676 2936 2754 2994 tu,
2793 2943 2918 2983 cum
2951 2930 3212 3001 audieris,
3238 2934 3476 2991 admire-

1897 3011 1996 3068 ris.
2027 3010 2094 3068 Et
2137 3028 2239 3085 ego
2283 3016 2421 3085 dixi,
2462 3032 2563 3073 oro
2608 3035 2677 3075 ne
2728 3036 2814 3075 me
2862 3036 3015 3076 mora
3049 3032 3330 3095 torqueas.
3380 3026 3475 3083 Ille

1893 3105 2360 3175 responditynihil
2389 3110 2601 3168 timeas.
2630 3110 2750 3167 Non
2776 3114 2922 3169 enim
2945 3114 3216 3184 differam,
3242 3119 3337 3174 sed
3356 3118 3471 3189 jam

210 3197 381 3268 Μηδὲν
413 3200 689 3273 φοϐηθῇς,
718 3204 781 3257 οὐ
826 3205 934 3277 γὰρ
969 3208 1369 3282 ὑπερθήσομαι,
1404 3213 1519 3267 ἀλλ’
1551 3195 1778 3290 ἄρξομαι

1894 3195 2150 3268 incipiam
2180 3198 2353 3272 loqui.

207 3287 293 3360 ἤδη
330 3290 536 3360 λέγειν.

264 3402 354 3458 ΙΙιῐ.
391 3402 503 3460 Ἦν
528 3426 660 3463 ποτε
686 3410 775 3465 ὅτε
806 3413 958 3468 οὐδὲν
991 3414 1130 3489 πλὴν
1178 3418 1310 3489 χάος
1357 3421 1452 3475 καὶ
1496 3427 1778 3497 στοιχείων

203 3495 447 3552 ἀτάκτων
488 3501 533 3532 ⁸³
579 3502 660 3555 ἔτι
696 3509 1200 3581 συμπεφορημένων
1238 3513 1385 3585 μίξις
1446 3495 1781 3591 ἀδιάκριτος,

203 3589 345 3645 τοῦτο
378 3595 481 3648 καὶ
510 3595 611 3666 τῆς
638 3595 853 3666 φύσεως
878 3602 1365 3677 όμολογούσης,κα“ι
1386 3607 1496 3662 τῶν
1528 3589 1782 3680 μεγάλων

198 3680 394 3755 ἀνδρῶν
428 3685 611 3751 οὕτως
641 3687 787 3759 ἔχειν
817 3694 1167 3766 νενοηκότων.
1210 3698 1322 3753 Καὶ
1368 3701 1623 3773 μάρτυρα
1670 3705 1781 3760 τῶν

203 3777 443 3844 μεγάλων
482 3780 539 3832 ὲν
571 3781 735 3852 σοφίᾳ
766 3782 858 3845 τὸν
894 3784 1149 3855 μέγιστον
1207 3791 1455 3864 Ὅμηρον
1501 3796 1662 3850 αὐτόν
1697 3817 1781 3855 σοι

200 3871 520 3944 παρέξομαι,
558 3874 783 3928 εἰπόντα
818 3879 946 3949 περὶ
970 3880 1070 3951 τῆς
1096 3881 1361 3939 ἀνέκαθεν
1403 3887 1741 3959 συγχύσεως·

211 4028 344 4085 Ἀλλ’
388 4033 573 4103 ὑμεῖς
595 4032 714 4103 μὲν
727 4033 1126 4109 πάηεςςῦδωρ
1145 4040 1244 4095 καὶ
1264 4042 1403 4112 γαῖα
1420 4043 1695 4113 γένοισθε
1709 4047 1776 4102 η.

193 4208 258 4274 ὡς
284 4212 507 4267 Eumer:
538 4213 799 4267 ἀπάντων
851 4215 951 4287 τὴν
1009 4218 1221 4286 γένεσιν
1274 4221 1627 4294 ἐσχηκότων,
1682 4229 1778 4283 καὶ

193 4307 291 4373 μετ’
315 4307 362 4337 ⁸³
385 4306 663 4360 ἀνάλυσιν
692 4308 793 4378 τῆς
818 4308 990 4380 ὑγρᾶς
1022 4311 1117 4364 καὶ
1142 4313 1336 4386 γηῒνης
1361 4315 1550 4381 οὐσίας
1581 4319 1661 4384 είς
1675 4321 1776 4393 τὴν

189 4397 395 4470 πρώτην
451 4399 619 4452 πάλιν
647 4399 1173 4473 ἀποκαθισταμένων
1199 4405 1381 4474 φύσιν,
1412 4409 1442 4462 ὅ
1468 4410 1585 4464 ἐστι
1615 4411 1771 4482 χάος.

197 4486 420 4556 Ἡσίοδος
461 4491 524 4544 δὲ
557 4493 616 4545 ὲν
648 4495 714 4564 τῇ
750 4492 1009 4566 Θεογονίᾳ
1039 4494 1208 4565 λέγει’

362 4608 538 4661 Ἡτοι
568 4606 688 4675 μὲν
712 4608 1013 4676 πρώτιστα
1040 4608 1189 4679 χάος
1219 4612 1458 4683 ἐγένετο
1488 4616 1534 4649 ⁸⁸

1801 4562 1849 4619 D

1960 3433 2302 3494 lll.Exstitit
2337 3439 2635 3511 aliquando
2689 3440 3086 3518 tempus,’cum
3137 3451 3273 3507 nihil
3325 3463 3464 3522 erat,

1890 3536 2085 3596 praeter
2118 3530 2288 3587 chaos
2313 3534 2382 3597 jet
2424 3534 2818 3594 elementorum
2854 3540 3235 3612 confusorum,
3286 3546 3468 3604 adhuc

1887 3629 2259 3689 aggestorum,
2302 3623 2591 3682 misturain
2618 3632 3008 3699 promiscuam.
3062 3635 3117 3691 Id
3150 3637 3295 3692 enim
3329 3639 3467 3694 fate-

1896 3718 1987 3763 tur
2018 3721 2236 3779 natura,
2269 3724 2433 3786 atque
2464 3717 2536 3771 ila
2568 3719 2788 3789 habere,
2813 3735 3070 3780 asserunt
3112 3728 3213 3781 viri
3255 3730 3459 3800 magni.

1885 3802 1952 3858 Et
2004 3805 2146 3860 inter
2193 3808 2458 3878 sapientia
2518 3823 2839 3881 praistantes
2896 3820 3457 3889 praestantissimum,

1882 3890 2203 3963 Homerum,
2231 3896 2328 3951 tibi
2357 3896 2604 3963 afferam,
2644 3901 2913 3959 dicentem
2948 3906 3015 3961 de
3045 3907 3221 3977 prima
3265 3907 3461 3965 confu-

1881 3986 2036 4042 sione
2056 4005 2070 4041 :

2050 4098 2151 4155 Vos
2177 4103 2417 4174 equidem
2455 4106 2632 4160 cuncti
2660 4106 2815 4160 tellus
2853 4107 2998 4176 ﬁctis
3028 4120 3077 4163 et
3108 4109 3291 4165 unda:

1879 4241 2140 4305 tanquam
2170 4236 2301 4294 hinc
2329 4242 2515 4296 omnia
2549 4251 2730 4297 ortum
2777 4242 3018 4298 habeant
3041 4284 3059 4312 ,
3098 4244 3285 4316 atque
3331 4257 3457 4317 post

1876 4328 2199 4384 substantiae
2227 4330 2468 4387 humidae
2528 4349 2594 4389 ac
2646 4343 2877 4389 terrena:
2923 4336 3342 4393 dissolutionem
3398 4342 3454 4395 in

1875 4419 2107 4489 primam
2137 4420 2339 4476 iterum
2375 4425 2735 4480 restituantur
2789 4435 3065 4493 naturam,
3100 4428 3208 4485 hoc
3255 4439 3338 4485 est
3394 4432 3451 4487 in

1879 4512 2070 4567 chaos.
2110 4511 2384 4571 Hesiodus
2410 4532 2541 4570 vero
2570 4518 2624 4570 in
2665 4517 2965 4587 Theagom'a
2995 4519 3165 4575 dicit:

2160 4626 2345 4682 Primo
2374 4646 2553 4700 nempe
2583 4628 2756 4687 Chaos
2792 4632 2992 4703 factum
3022 4632 3164 4703 fuit:

182 4716 245 4771 Τὸ
271 4720 325 4774 δὲ
352 4722 586 4791 ἐγένετο
617 4720 751 4793 (98‘)
778 4722 1015 4777 δηλονότι
1048 4724 1093 4757 ³³
1114 4726 1439 4799 γεγενῆσθαι
1471 4729 1548 4795 ὡς
1562 4736 1767 4807 γενητὰ

1894 4740 1977 4796 ’er
2000 4740 2154 4807 illud,
2177 4742 2379 4812 factum
2402 4744 2525 4814 fuit,
2551 4745 2762 4801 clarum
2786 4758 2871 4803 est
2899 4747 3045 4818 quod
3066 4747 3354 4819 significet,
3379 4764 3443 4804 ea

1482 4841 1715 4901 VARIE
1760 4850 2174 4910 LECTIONES.
3358 4932 3363 4937 ,

242 4955 284 4993 λ
343 4952 399 5005 δέ
429 4951 760 5019 transcripsi
784 4966 851 5006 ex
874 4950 939 5006 Ο.
1015 4958 1061 4991 ’³
1084 4952 1397 5024 πατέροςο.
1462 4960 1508 4991 ⁷⁸
1538 4958 1624 5011 ἐπ’
1652 4957 1716 5014 Ο.

302 5028 347 5061 τ’
376 5025 470 5074 ἐπί
519 5022 587 5075 Ο.
666 5022 713 5057 ⁸⁸
740 5020 817 5075 Ita
851 5020 1043 5089 scripsi
1076 5039 1124 5078 c.
1156 5022 1220 5086 Ο,
1264 5025 1358 5091 qui
1387 5024 1603 5091 quidem
1632 5044 1715 5091 pr.
1741 5047 1778 5085 π

1894 4965 1970 5046 nix
1994 4966 2132 5036 αὐτή
2161 4967 2203 5021 C
2236 5009 2251 5034 ,
2277 4969 2375 5039 οὐχ
2403 4969 2539 5051 αὐτή
2558 4970 2691 5091 gsic)
2714 4970 2793 5037 Cl,
2827 4971 2926 5043 οὐχ
2961 4971 3103 5040 αὕτη
3132 4969 3197 5027 Ο.
3272 4976 3319 5010 ⁷⁸
3337 4974 3440 5045 τήν

1921 5052 1970 5088 Ill
2008 5046 2152 5091 textu
2184 5041 2309 5091 exh.
2335 5042 2400 5091 τῆ
2428 5057 2528 5091 της
2591 5057 2685 5091 ea:
2708 5043 2894 5091 τιμᾶν.
2920 5058 3009 5091 an.
3036 5042 3103 5091 C.
3128 5045 3160 5091 ἡ
3186 5063 3237 5091 τ-
3266 5044 3311 5091 θ
3350 5061 3436 5091 τι-

180 5023 238 5107 υἒ
286 5025 470 5112 fieri
519 5022 621 5112 (3.!
666 5022 713 5057 ⁸⁸
740 5020 1124 5112 lta'scripsi'c.
1143 5020 1360 5112 r(){quj
1387 5024 1778 5112 quidemnprzn

1921 5020 1970 5088 ἰῖἶ
1994 5020 2152 5112 texti:
2178 5020 2309 5094 bin.

956 5094 1003 5133 si
1032 5091 1109 5149 ua
1142 5093 1206 5149 ο,
1243 5091 1297 5151 c;
1327 5091 1663 5169 δ.;γένησθὶε
1712 5101 1774 5156 c.
1824 5104 1939 5159 Cfr.
1986 5105 2151 5160 Iliad.
2182 5091 2414 5173 νιιζυεΐ.

182 5093 261 5161 μή.
286 5092 326 5124 ⁸⁸
356 5092 486 5158 Leg.
518 5091 795 5154 ἀτάκτως.
829 5091 889 5145 D.

180 5160 354 5215 uas.
432 5169 480 5203 ιι
512 5162 690 5233 eam
735 5163 903 5217 ὅτιυ.

2591 5042 2685 5104 ea:
2708 5042 2899 5115 vita.
2920 5058 3009 5115 812-
3036 5042 3103 5115 0..
3128 5045 3161 5115 ἡ
3350 5042 3436 5096 τί-

2536 5110 2584 5150 ο³
2609 5110 2748 5182 μετά
2770 5110 2835 5169 0.
2860 5113 2906 5145 ⁸⁸
2948 5110 3013 5167 ν.
3064 5110 3192 5170 Hes.
3241 5114 3432 5184 Tltoog.

1481 5282 1839 5342 VARIORUM
1877 5286 2119 5346 NOT/E.

228 5390 364 5461 198')
386 5393 454 5447 Τὸ
487 5394 566 5447 δὲ
591 5388 851 5462 ἐγένετοζ
881 5392 1079 5450 Eodem
1106 5398 1266 5453 modo
1289 5397 1557 5455 Hesiodus
1582 5400 1741 5457 intel-

238 5428 322 5459 ισυ
350 5428 453 5461 ιιυ
487 5428 561 5447 υς
591 5428 849 5462 ιησισιυ.
881 5428 1079 5450 uvuclu
1108 5428 1266 5453 IIIUUU
1292 5428 1557 5455 Ilualuuua
1582 5428 1737 5457 quit-

176 5428 530 5543 liéitunapud
564 5464 860 5543 Philonem
897 5463 1143 5543 Judaeum
1177 5468 1321 5543 libro
1348 5472 1483 5542 Περὶ
1524 5470 1737 5543 ἀφθαρ-

178 5532 538 5611 ἵξις-κόσμου,
568 5534 783 5611 p._49l‘.
816 5533 989 5611 Verba
1003 5534 1245 5611 Philonis
1274 5532 1442 5611 digna'
1463 5532 1591 5611 sunt
1616 5532 1738 5611 qua:

178 5596 253 5682 hic
294 5596 585 5673 legantur?
620 5605 843 5682 Πατέρα
966 5604 1059 5658 τοῦ
1091 5596 1438 5682 Πλατωνικοῦ
1467 5596 1734 5682 δόγματος

178 5669 285 5745 ivga:
312 5669 600 5745 νομίζουσι
636 5677 727 5728 τὸν
770 5669 1038 5741 Ἡσίοδον,
1078 5695 1140 5745 γε

176 5741 388 5814 δεόμενοι
425 5744 524 5799 τὸν
571 5746 772 5816 κόσμον
815 5746 904 5801 ὑπ’
952 5741 1158 5802 ἐκείνου
1182 5741 1470 5819 ζλέγεσθαιο
1504 5741 1729 5823 γενητὸν

1850 5406 1969 5477 μὲν,
2009 5407 2089 5461 ὅτι
2116 5410 2301 5478 φησίν⁶

1923 5479 2106 5557 ξΗπου
2134 5479 2232 5557 μέν
2270 5479 2548 5557 πρώτιστα
2575 5482 2923 5557 χάοςγένετκ
2957 5484 3131 5557 αθτάρ
3159 5484 3350 5541 ἔπειτα

1915 5549 2028 5624 Γαῖ’
2056 5549 2432 5624 εὺριξστερνος,
2456 5549 2681 5624 πάντων
2711 5549 2826 5617 ἕδος
2852 5549 3253 5624 ἀσφαλὲςάίεί.

1846 5618 2150 5700 ’ᾼφθαρτον
2169 5621 2247 5684 δὲ,
2265 5618 2347 5676 ὅτι
2385 5622 2625 5678 διάλυσιν
2646 5631 2741 5679 και
2776 5618 2977 5696 φθοράν
3005 5618 3081 5680 οὔ
3105 5628 3423 5700 μεμήνυκεν

1145 5680 1300 5755 WE?“
1341 5683 1432 5755 κριὶ
1458 5680 1733 5755 ἄφθαρτον
1839 5680 2193 5746 αὐτοῦ.’(]οτ.
