4004 6332
465 285 566 344 ιςθ

1385 288 1444 344 S.
1482 287 1869 346 CLEMENTIS
1901 289 1920 344 l
1959 290 2126 346 ΗΘΜ.
2155 290 2354 346 ΡΟΝΤ.
2381 291 2610 348 OPEBA
2645 292 2869 351 DUBlA.

3614 295 3725 354 200

461 410 526 462 ut
553 397 734 470 genita
761 406 943 456 ortum
977 400 1258 468 habuisse,
1305 417 1413 456 non
1464 411 1646 456 autem
1694 413 1752 456 ut
1799 382 2033 475 ingenita

2145 404 2417 478 σημαίνει,
2450 407 2512 459 ού
2538 405 2601 460 τὸ
2622 408 2709 462 ἀεὶ
2738 404 2973 480 είναιξὼς
2988 409 3247 482 ἀγένητα.
3271 412 3380 466 Καὶ
3421 412 3655 484 Ὀρφεὺς
3673 415 3723 449 ⁸⁸

462 506 680 566 semper
709 492 1012 549 exstitisse.
1044 491 1296 564 Orpheus
1325 502 1508 550 autem
1555 495 1724 551 chaos
1751 509 1856 552 ovo
1891 511 2043 552 com-

463 593 639 656 parat,
670 583 724 640 in
751 597 861 654 quo
882 583 1188 655 primorum
1211 583 1602 640 elementorum
1621 594 1742 642 erat
1763 586 2038 644 confusio.

463 675 584 732 Hoc
608 674 881 732 Hesiodus
909 677 1079 732 chaos
1103 677 1381 746 proponit,
1407 678 1554 748 quod
1583 675 1838 749 Orpheus
1871 695 2038 735 ovum

463 769 594 824 dicit
621 767 888 839 genitum,
921 782 990 824 ex
1015 767 1226 824 inﬁnita
1258 771 1487 825 materia
1528 770 1853 841 productum
1885 813 1902 841 ,
1956 772 2039 829 fa-

463 881 722 941 ctumque
748 870 857 926 ita:

531 977 622 1034 IV.
643 978 782 1035 Cum
813 978 1042 1035 materia
1065 987 1306 1051 quatuor
1325 994 1523 1053 genera
1542 981 1912 1052 complectens
1943 983 2042 1038 ha-

461 1073 613 1128 beret
632 1071 895 1140 animam,
913 1081 968 1126 et
986 1080 1158 1128 totum
1183 1071 1510 1128 immensum
1527 1073 1802 1144 quoddam
1819 1075 1975 1147 profu
1985 1095 2043 1133 n-

459 1161 590 1218 dum
610 1177 826 1232 semper
846 1164 1038 1219 ﬂueret
1066 1179 1130 1219 ac
1181 1172 1389 1220 temere
1415 1159 1654 1221 ferretur
1701 1174 1758 1221 et
1787 1167 2042 1224 innume-

459 1271 552 1312 ras
604 1254 952 1326 imperfectas
1009 1256 1294 1312 mistiones
1347 1256 1582 1312 subinde
1640 1257 2035 1331 profunderet,

459 1359 625 1420 atque
652 1348 774 1404 ideo
799 1347 920 1404 illas
948 1349 1020 1404 ob
1061 1347 1448 1405 confusionem
1495 1348 1753 1416 solveret,
1801 1365 1903 1406 nec
1929 1367 2038 1408 non

459 1437 658 1507 hiaret,
699 1438 857 1509 quasi
886 1439 953 1493 ad
981 1440 1386 1510 generationem
1409 1439 1663 1496 animalis
1713 1456 1820 1496 non
1853 1451 2039 1512 posset

459 1531 758 1602 compingi,
796 1531 1095 1602 aliquando
1121 1531 1372 1602 contigit,
1399 1541 1459 1587 ut
1482 1533 1615 1588 illud
1647 1533 1920 1588 inﬁnitum
1946 1549 2041 1605 pe-

457 1623 636 1694 lagus,
666 1639 763 1694 per
793 1624 1071 1694 propriam
1101 1633 1352 1679 naturam
1383 1638 1718 1680 concussum
1749 1635 1901 1682 motu
1935 1641 2038 1681 na-

2141 497 2198 551 δὲ
2228 499 2288 552 τὸ
2320 499 2451 571 χάος
2471 499 2564 570 ὠῷ
2598 501 2920 572 παρεικάζει
2944 541 2959 565 ,
3001 504 3058 555 ὲν
3087 496 3133 570 ᾧ
3159 504 3266 557 τῶν
3294 502 3527 575 πρώτων
3578 523 3728 561 στοι-

2141 590 2303 659 χείων
2321 586 2389 662 ἦν
2409 593 2442 664 ή
2470 591 2751 663 σύγχυσις.
2775 592 2946 646 Τοῦτο
2978 593 3218 658 Ἡσίοδος
3236 595 3365 668 χάος
3385 597 3724 666 ὑποτίθεται,

2140 680 2277 752 ὅπερ
2321 681 2550 754 Ὀρφεὺς
2581 682 2686 737 ὠὸν
2708 682 2854 753 λέγει
2881 686 3128 757 γενητὸν,
3148 687 3207 752 ἐξ
3233 687 3458 761 ἀπείρου
3475 691 3572 762 τῆς
3588 690 3724 763 ὕλης

2141 774 2600 849 προϐεϐλημένον,
2635 777 2857 847 γεγονὸς
2887 778 2946 832 δὲ
2975 778 3119 833 οὕτω
3152 781 3195 812 ⁸⁷
3213 796 3228 811 ·

2213 975 2378 1047 158
2405 974 2617 1050 quTﬁ;
2634 974 2990 1047 τετραγενοῦς
3008 973 3140 1046 ὕλης
3161 975 3402 1047 ἐμψύχου
3424 973 3608 1050 οὔσης,
3627 980 3725 1032 καί

2140 1069 2264 1124 ὅλου
2299 1068 2526 1140 ἀπείρου
2552 1068 2696 1132 τινὸς
2726 1067 2889 1138 βυθοῦ
2925 1068 3012 1122 ἀεὶ
3033 1067 3244 1140 ῥέοντος
3276 1067 3409 1139 (99),
3434 1070 3529 1122 καὶ
3555 1071 3722 1140 ἀκρί-

2137 1179 2247 1225 τως
2277 1159 2598 1233 φερομένου,
2634 1161 2729 1215 καὶ
2763 1159 2960 1232 μυρίας
2989 1160 3200 1223 ἀτελεῖς
3231 1160 3459 1231 κράσεις
3499 1161 3580 1224 είς
3624 1165 3726 1215 ἀλα

2138 1253 2261 1306 λοτε
2288 1252 2461 1317 ἄλλως
2491 1253 2540 1285 ⁸⁸
2568 1252 2981 1324 ὲπαναχέοντος,
2998 1252 3091 1306 καὶ
3109 1251 3199 1306 διὰ
3216 1252 3374 1306 τοῦτο
3393 1252 3564 1316 αὐτὰς
3588 1254 3725 1307 ἀνα-

2139 1344 2356 1409 λύοντος
2384 1347 2451 1417 τῇ
2484 1344 2702 1417 ἀταξίᾳ,
2738 1345 2832 1400 καὶ
2852 1344 3142 1418 κεχηνότος
3171 1345 3267 1398 καί⁵
3285 1345 3330 1377 ⁸⁸
3356 1346 3438 1408 είς
3464 1345 3724 1418 γέννησιν

2139 1437 2278 1502 ζώου
2305 1438 2522 1510 δεθῆναι
2554 1439 2627 1512 μὴ
2659 1438 2980 1510 δυναμένου,
3017 1437 3216 1510 συνέϐη
3252 1438 3381 1492 ποτὲ
3415 1439 3578 1492 αὑτοῦ
3621 1440 3722 1493 106

2138 1531 2365 1605 ἀπείρου
2399 1531 2688 1601 πελάγους,
2719 1531 2824 1586 ὑπὸ
2863 1531 2996 1595 ἰδίας
3027 1530 3241 1601 φύσεως
3275 1532 3720 1602 περιωθουμένου

2139 1627 2591 1697 κινήσειφυσικῇ,
2625 1625 2904 1688 εὐτάκτως
2933 1624 3127 1696 ῥυῆναι
3164 1623 3274 1677 ἀπὸ
3305 1623 3401 1676 τοῦ
3433 1624 3600 1678 αὐτοῦ
3635 1625 3722 1688 είς

458 1716 645 1781 turali,
679 1716 929 1771 ordinate
950 1716 1020 1770 ab
1069 1717 1262 1772 eodem
1293 1717 1361 1772 ad
1413 1716 1556 1774 idem
1587 1718 1764 1775 instar
1812 1718 2033 1775 vorticis

2137 1719 2197 1773 τὸ
2228 1719 2380 1784 αὐτὸ,
2415 1719 2606 1790 ὥσπερ
2639 1718 2842 1788 ῐλιγγα,
2899 1719 2994 1771 καὶ
3029 1717 3180 1789 μίξαι
3210 1717 3310 1782 τὰς
3357 1718 3563 1783 οὐσίας,
3621 1719 3720 1770 καὶ

458 1810 668 1874 flueret,
711 1809 1159 1880 substantiasque
1190 1810 1482 1878 misceret;
1510 1811 1698 1881 sicque
1746 1812 1944 1867 mirum
1979 1812 2033 1865 in

460 1901 706 1966 modum,
734 1902 882 1972 quod
915 1905 1159 1957 omnium
1191 1904 1456 1973 optimum
1483 1918 1548 1960 ac
1597 1905 2034 1961 maturissimum

457 2003 579 2049 erat
602 2002 768 2066 atque
795 1995 863 2048 ad
913 1994 1322 2066 generationem
1357 1996 1613 2052 animalis
1662 1996 2035 2066 aptissimum,

457 2087 606 2142 velut
636 2088 688 2140 in
723 2084 949 2141 fornace
974 2103 1068 2157 per
1091 2087 1326 2142 mediam
1358 2087 1674 2143 decurreret
1709 2088 2038 2144 universita-

457 2185 587 2244 tem,
614 2187 671 2233 et
701 2193 796 2249 per
833 2189 1029 2233 cuncta
1055 2177 1318 2234 ferentem
1346 2180 1610 2235 vorticem
1658 2180 1761 2238 iret
1808 2181 1878 2237 ad
1907 2198 2037 2252 pro-

457 2270 709 2336 fundum,
735 2271 1241 2340 circumfusumque
1261 2272 1515 2342 spiritum
1560 2275 1898 2342 attraheret;
1933 2291 2034 2332 nec

375 2435 378 2438 _
457 2376 570 2416 non
621 2360 780 2432 quasi
811 2363 866 2416 in
920 2362 1216 2417 maximam
1269 2361 1661 2421 fecunditatem
1709 2376 2030 2436 conceptum

455 2452 662 2509 faceret
680 2453 972 2510 discretam
1000 2456 1480 2526 compositionem.
1551 2457 2027 2525 Quemadmodum

456 2546 602 2602 enim
639 2546 696 2601 in
723 2546 957 2604 humido
1007 2547 1126 2604 ﬁeri
1156 2550 1295 2606 solet
1347 2549 1494 2606 bulla
1521 2591 1535 2616 ,
1567 2550 1638 2606 ita
1667 2551 2028 2607 orbiculatum

456 2638 698 2710 undique
727 2641 1186 2711 comprehensum
1212 2652 1304 2698 est
1345 2657 1567 2713 corpus.
1619 2642 1822 2699 Deinde
1850 2643 2027 2713 ipsum

457 2731 511 2788 in
535 2735 717 2804 seipso
747 2743 1098 2805 conceptum,
1130 2750 1162 2790 a
1182 2736 1372 2790 divino
1395 2736 1488 2806 qui
1520 2747 1893 2805 assumpserat
1920 2737 2031 2807 spi-

457 2825 568 2880 ritu
592 2826 914 2882 subvectum
942 2866 958 2892 ,
1009 2827 1064 2881 iu
1109 2827 1286 2882 lucem
1319 2827 1519 2898 prodiit
1566 2828 1866 2882 maximum
1927 2829 2030 2884 hoc

455 2932 676 2987 germen
709 2933 804 2973 seu
843 2915 1006 2984 fetus,
1047 2927 1307 2988 tanquam
1335 2934 1400 2972 ex
1427 2918 1576 2973 omni
1607 2919 1874 2974 immenso
1901 2935 2030 2988 pro-

455 3009 626 3065 fundo
644 3011 987 3082 progenitum
1015 3010 1293 3082 opificium
1323 3011 1624 3065 animatum
1653 3051 1667 3076 ,
1705 3011 1882 3068 simile
1913 3015 2030 3071 ovis

455 3117 554 3174 per
585 3104 974 3159 rotunditatem
1005 3113 1060 3159 et
1082 3103 1276 3158 avibus
1307 3117 1403 3173 per
1437 3102 1792 3158 celeritatem.

528 3212 595 3270 ν.
618 3215 918 3269 Saturnum
945 3214 1256 3286 igiturmihi
1279 3223 1407 3284 puta
1427 3229 1546 3271 esse
1564 3226 1798 3286 tempus,
1825 3216 2030 3271 Rheam

454 3320 587 3360 vero
625 3306 756 3360 illud
788 3306 1028 3362 humida:
1051 3307 1395 3373 substantiae,
1427 3308 1573 3377 quod
1602 3307 1750 3362 ﬂuit:
1774 3309 1902 3378 quia
1939 3324 2034 3378 per

456 3407 672 3470 tempus
695 3409 909 3456 versata
934 3401 1116 3456 omnis
1155 3400 1404 3467 materia,
1437 3401 1586 3457 velut
1615 3417 1802 3466 ovum,
1831 3403 2029 3458 caelum

453 3489 601 3561 quod
647 3491 944 3545 rotundum
999 3500 1084 3547 est
1118 3491 1374 3563 quodque
1407 3491 1593 3547 omnia
1626 3493 2029 3562 complectitur,

455 3581 684 3651 peperit.
715 3580 871 3648 Quod
903 3597 1066 3638 ovum
1099 3581 1371 3653 principio
1395 3581 1627 3638 fecunda
1659 3583 1894 3639 medulla
1919 3585 2032 3654 ple-

455 3688 588 3727 num
615 3671 738 3737 fuit,
773 3673 974 3745 quippe
1003 3674 1152 3744 quod
1174 3683 1362 3744 posset
1391 3675 1664 3730 elementa
1699 3684 1754 3731 et
1779 3676 2028 3747 omnige—

456 3781 556 3822 nas
595 3766 806 3837 species
834 3781 1144 3837 procreare,
1182 3777 1423 3822 attamen
1457 3768 1804 3839 omnigenum
1829 3783 1896 3824 ex
1923 3784 2030 3822 una

457 3858 762 3913 substantia
795 3874 1011 3928 unaque
1035 3859 1214 3930 specie
1233 3860 1355 3914 tulit
1373 3860 1689 3930 imaginem.
1713 3859 1866 3916 Sicut
1884 3860 2028 3915 enim

460 3946 512 3999 in
537 3947 771 4016 pavonis
796 3947 906 4002 fetu
942 3964 1085 4004 unus
1116 3950 1335 4020 quidem
1365 3950 1453 4004 ovi
1485 3950 1699 4004 videtur
1724 3951 1897 4015 color,
1927 3964 2030 4020 po-

457 4046 648 4092 testate
668 4048 849 4092 autem
880 4039 1026 4094 mille
1052 4040 1108 4093 in
1142 4054 1201 4095 se
1236 4040 1397 4094 habet
1427 4039 1742 4109 perﬁciendi
1770 4039 2029 4094 animalis

456 4130 698 4185 colores:
727 4131 800 4184 ita
833 4141 887 4187 et
913 4131 1061 4201 quod
1093 4146 1162 4186 ex
1190 4131 1457 4186 immensa
1498 4131 1730 4186 materia
1783 4132 2026 4201 genitura

454 4231 539 4277 est
557 4235 722 4276 ovum
755 4222 1080 4288 animatum,
1117 4238 1183 4278 ex
1213 4223 1458 4293 subjecta
1485 4237 1808 4292 semperque
1830 4221 2030 4278 ﬂuente

457 4314 684 4368 materia
711 4323 1072 4380 commotum,
1120 4313 1466 4370 omnimodas
1511 4314 1716 4369 exserit
1767 4315 2027 4368 mutatio-

458 4418 576 4460 aes.
607 4405 752 4460 Intra
799 4406 945 4461 enim
984 4407 1484 4462 circumferentiam
1541 4406 1768 4476 aliquod
1797 4405 2025 4470 animal,

2138 1811 2309 1876 οὕτως
2336 1810 2396 1876 ἐξ
2426 1809 2690 1865 ἀκουστοῦ
2724 1811 2769 1842 ⁹⁰
2799 1809 2908 1881 τῷν
2940 1809 3157 1864 πάντων
3200 1811 3260 1863 τὸ
3291 1808 3716 1881 νοστιμώτατον,

2137 1906 2272 1977 όπερ
2305 1905 2441 1976 πρὸς
2488 1903 2740 1975 γέννησιν
2769 1901 2921 1966 ξζώου
2948 1903 3378 1974 ἐπιτηδειότατον
3401 1899 3490 1974 ἦν,
3525 1901 3718 1973 ὥσπερ

2137 1999 2194 2051 έν
2227 1996 2375 2070 χώνῃ
2394 1996 2536 2050 κατά
2572 1995 2738 2068 μέσου
2771 1995 2964 2067 ῥυῆναι
2993 1994 3087 2048 106
3111 1994 3330 2059 παντὸς,
3351 1994 3444 2047 καὶ
3478 1993 3583 2046 ὕπὸ
3615 1994 3719 2064 τῆς

2137 2091 2315 2145 πάντα
2332 2088 2602 2161 φερούσης
2629 2087 2838 2157 ἴλιγγος
2865 2087 3110 2158 χωρῆσαι
3143 2088 3222 2149 είς
3243 2088 3286 2120 ⁹¹
3323 2085 3501 2156 βάθος,
3538 2085 3631 2138 καὶ
3653 2083 3719 2137 τὺ

2137 2182 2518 2256 περικείμενον
2553 2179 2769 2251 πνεῦμα
2788 2179 3215 2241 ἐπισπάσασθαι,
3246 2179 3340 2232 καὶ
3369 2179 3445 2242 ὡς
3465 2179 3543 2240 είς
3565 2194 3718 2246 γονι-

2139 2274 2384 2347 μώτατον
2405 2272 2706 2344 συλληφθὲν
2732 2275 2904 2325 ποιεῖν
2923 2272 3175 2343 κριτικὴν
3193 2269 3466 2325 σύστασιν.
3503 2272 3717 2342 Ὥσπερ

2134 2366 2244 2439 γὰρ
2275 2367 2333 2420 έν
2367 2366 2518 2438 ὕγρῷ
2553 2365 2698 2435 φιλεῖ
2728 2364 2972 2434 γίνεσθαι
3004 2363 3304 2435 πομφόλυξ,
3344 2362 3518 2426 οὕτως
3554 2379 3718 2432 σφαι-

2137 2459 2339 2532 ροειδὲς
2364 2457 2698 2528 πανταχόθεν
2722 2456 3030 2529 συνελήφθη
3054 2458 3099 2488 ⁸³
3119 2457 3297 2520 κύτος.
3335 2458 3563 2510 Ἔπειτα
3581 2453 3718 2509 αὐτὸ

2133 2552 2194 2606 ιν
2224 2550 2404 2622 ἑαυτῷ
2438 2549 2660 2621 κυηθὲν,
2695 2548 2802 2603 ὑπὸ
2831 2548 2926 2602 106
2959 2548 3352 2620 παρειληφότος
3395 2548 3441 2579 ’³
3461 2547 3717 2611 θειώδους

2132 2641 2442 2714 πνεύματος
2495 2640 2920 2714 ἀναφερόμενον,
2955 2640 3261 2712 προέκυψεν
3293 2641 3374 2704 είς
3404 2641 3519 2709 φῶς
3555 2640 3715 2711 μέγι-
3775 2660 3786 2669 -

2133 2736 2258 2792 στόν
2282 2751 2336 2789 τι
2365 2735 2522 2788 τοῦτο
2549 2733 2762 2806 ἀποκύη
2773 2751 2868 2804 μα,
2888 2733 2963 2796 ὡς
2989 2733 3054 2787 ἂν
3068 2735 3133 2787 ὲκ
3150 2734 3348 2797 παντὸς
3371 2733 3462 2786 τοῦ
3477 2733 3714 2805 ἀπείρου

2134 2828 2297 2901 βυθοῦ
2323 2827 2770 2901 ἀποκεκυημένον
2799 2827 3040 2900 ἔμψυχον
3066 2827 3475 2900 δημιούργημα,
3519 2829 3614 2882 καὶ
3640 2830 3710 2900 τῇ

2132 2923 2454 2996 περιφερείᾳ.
2499 2922 2609 2977 τῶν
2649 2921 2772 2976 ὠῶν
2813 2922 3150 2994 προσεοικὸς,
3181 2923 3381 2994 καὶτῷ
3425 2923 3578 2994 τάχει
3610 2923 3715 2994 τῆς

2133 3019 2403 3090 πτήσεως.

2207 3194 2368 3266 159
2382 3193 2445 3248 ν.
2464 3193 2668 3267 Κρόνον
2686 3190 2883 3266 οὗνξτὺν
2901 3197 3090 3268 χρόνον
3107 3213 3196 3269 μοι
3211 3197 3452 3268 νόει,τὴν
3467 3198 3523 3251 δὲ
3553 3198 3714 3252 Ῥέαν

2130 3289 2192 3342 τὸ
2227 3289 2346 3360 ῥέον
2378 3289 2476 3359 τῆς
2533 3289 2706 3360 ὑγρᾶς
2752 3287 2969 3353 οὐσίας’
3005 3289 3088 3342 ὅτι
3133 3289 3309 3362 χρόνῳ
3359 3291 3631 3362 φερομένη
3676 3295 3712 3364 ἡ

2133 3381 2232 3454 ὕλη
2267 3382 2452 3436 ἅπασα
2485 3379 2674 3454 ὥσπερ
2704 3381 2808 3435 ὠὸν
2841 3381 2932 3435 τὸν
2977 3382 3154 3436 πάντα
3194 3383 3515 3454 περιέχοντα
3549 3402 3714 3454 σφαι-

2133 3474 2310 3548 ροειδῆ
2345 3473 2656 3546 ἀπεκύησεν
2686 3473 2942 3547 ούρανόνυ
2977 3475 3112 3547 ὅπερ
3145 3477 3265 3529 κατ’
3287 3477 3460 3549 ἀρχὰς
3488 3477 3582 3530 τοῦ
3614 3495 3716 3546 γο-

2131 3567 2291 3638 νίμου
2328 3565 2527 3638 μυελοῦ
2563 3566 2765 3639 πλῆρες
2792 3563 2881 3640 ἦν,
2906 3567 2981 3631 ὡς
3013 3567 3078 3622 ἂν
3104 3569 3150 3599 ⁹¹⁵
3170 3571 3407 3640 στοιχεῖα
3439 3569 3532 3623 καὶ
3558 3569 3712 3642 χρώ-

2134 3675 2280 3729 ματα
2301 3659 2617 3714 παντοδαπὰ
2647 3660 2896 3714 ἐκτεκεῖν
2924 3659 3238 3731 δυνάμενον,
3266 3661 3362 3716 καὶ
3393 3662 3540 3733 ὅμως
3573 3678 3715 3715 παν-

2129 3750 2366 3822 τοδαπὴν
2398 3752 2464 3804 ὲκ
2487 3752 2616 3822 μιᾶς
2641 3751 2830 3815 οὐσίας
2860 3768 2920 3804 τε
2942 3753 3035 3806 καὶ
3068 3751 3357 3827 χρῴματος
3390 3753 3507 3817 ένὺς
3543 3753 3712 3827 ἔφερε

2130 3843 2228 3915 τὴν
2257 3819 2575 3912 φαντασίαν.
2605 3843 2815 3915 ’Ὠσπερ
2835 3843 2945 3915 γὰρ
2965 3843 3022 3896 έν
3151 3819 3245 3896 :06
3269 3842 3382 3896 ταὼ
3409 3847 3570 3917 γεννή
3579 3819 3714 3917 [aa-1t

2095 3959 2108 3967 ·
2129 3934 2188 3988 ἓν
2225 3935 2323 4006 μὲν
2352 3933 2446 3988 106
2475 3934 2584 3988 ὠοῦ
2614 3935 2811 4006 χρῶμα
2841 3935 3008 3998 δοκεῖ,
3038 3935 3263 4006 δυνάμει
3307 3936 3363 3988 δὲ
3395 3939 3560 4011 μυρία
3591 3939 3713 4010 ἔχει

2129 4029 2188 4084 ὲν
2225 4027 2402 4098 ἐαυτῷ
2437 4027 2532 4081 :06
2586 4027 2870 4098 μέλλοντος
2924 4027 3365 4099 τελεσφορεῖσθαι
3416 4030 3710 4102 χρώματα,

2128 4119 2301 4185 οὕτως
2334 4119 2516 4174 καὶτὸ
2541 4119 2600 4187 ἐξ
2644 4119 2874 4191 ἀπείρου
2917 4119 3052 4192 ὕλης
3109 4122 3417 4196 ἀποκυηθὲν
3461 4125 3712 4196 ἔμψυχον

2128 4214 2254 4281 ὡδν,
2288 4215 2351 4266 ὲκ
2383 4212 2481 4284 τῆς
2512 4212 2878 4284 ὑποκειμένης
2894 4213 2988 4266 καὶ
3007 4215 3094 4267 ἀεὶ
3117 4216 3347 4288 ῥεούσης
3377 4217 3510 4290 ὕλης
3532 4222 3712 4274 κινού-

2133 4323 2311 4380 μενον,
2359 4305 2707 4368 παντοδαπὰς
2747 4307 2990 4374 ἐκφαίνει
3046 4310 3273 4379 τροπάς.
3315 4313 3560 4367 Ἔνδοθεν
3595 4315 3711 4389 γὰρ

2127 4402 2227 4473 τῆς
2253 4398 2605 4472 περιφερείας
2631 4399 2764 4464 ζῶόν
2785 4417 2837 4452 τι
2865 4400 3197 4474 ἀρῤενόθηλυ
3217 4403 3555 4460 είδοποιεῖται
3578 4425 3719 4478 προ-

456 4496 600 4566 quod
631 4507 712 4552 est
762 4497 1238 4563 masculofemina,
1293 4514 1391 4569 per
1444 4499 1792 4554 inexistentis
1851 4499 2022 4553 divini

2137 4494 2247 4564 νοίᾳ
2273 4491 2368 4545 :06
2396 4491 2608 4555 ἐνόντος
2639 4493 2696 4545 ὲν
2725 4492 2873 4563 αὕτῷ
2907 4493 3051 4547 θείου
3095 4495 3406 4568 πνεύματος
3425 4541 3439 4562 ,
3491 4501 3550 4553 ὃν
3593 4503 3718 4556 Φά-

457 4587 682 4658 spiritus
730 4591 1128 4660 providentiam
1182 4592 1470 4662 formatur,
1520 4594 1668 4664 quod
1719 4591 2015 4647 Plianetem

2137 4605 2257 4660 ιητα
2301 4587 2532 4658 Ὀρφεὺς
2558 4585 2736 4650 καλεῖ,
2796 4586 2878 4639 ὅτι
2911 4587 3075 4642 αὑτοῦ
3121 4590 3378 4659 φανέντος
3407 4593 3469 4646 τὸ
3503 4596 3608 4648 πᾶν
3643 4597 3716 4664 ἐξ

1729 4751 1962 4808 VARUE
2002 4748 2402 4806 LECTIONES.

528 4894 577 4969 ξο
599 4886 1822 4969 Cfr_..I..obcc_k_Agla0ph.p._4jbseqq.;Brandis
1856 4886 2430 4969 Δῌίιςεᾋρίιίίρῖε..ᾕίξντιξε.
2459 4905 2590 4943 rom.
2617 4887 2868 4969 liii-0,67.
2897 4889 2960 4969 S._
3015 4888 3244 4969 9706110;
3402 4897 3449 4928 ⁸¹³
3473 4898 3714 4969 κράσεις

459 4960 644 5038 ἄλλοτε
674 4959 858 5038 ἄλλας,
884 4959 1055 5038 deleta
1075 4957 1585 5038 praepositioneJe'gi
1606 4959 1719 5038 vult
1735 4957 1799 5012 D.
1855 4957 2091 5038 '°_¢b;'C._
2139 4959 2185 5038 9f
2203 4958 2260 5024 ἐξ
2284 4960 2514 5038 ἑκάστου
2538 4960 2773 5038 scribitD
2809 5001 2822 5023 ,
2849 4963 3112 5038 probante
3127 4957 3708 5038 Loljcckio.4glhopli.;

460 5049 511 5113 ρ.
539 5031 665 5111 475ἶ

703 5029 858 5106 ριιοά
983 5030 1144 5106 vertit
1183 5031 1376 5106 mirum
1415 5029 1736 5106 innrnodiim,
1771 5029 1957 5106 nescio
1985 5028 2128 5106 unde
2159 5029 2331 5106 lianc_
2360 5028 2866 5106 interpretationem
2879 5036 3162 5106 _h_au_scr_it.
3207 5035 3264 5091 S.
3302 5028 3546 5106 Stequélis
3580 5028 3712 5096 ’τῶν

460 5096 666 5179 inserui
692 5117 740 5155 c.
767 5098 831 5154 0.
910 5099 955 5179 ’.ι
989 5100 1069 5162 είς
1101 5100 1305 5179 excidit
1334 5115 1424 5179 ap.
1450 5099 1511 5153 Cl
1566 5097 1698 5179 etS.
1734 5168 1746 5179 _
1773 5099 1817 5133 θ’
1843 5096 2135 5179 συνειλήθη
2156 5096 2600 5179 mavultLob-eelt
2624 5097 2965 5179 l.l_.,p‘._475.
3079 5104 3215 5158 Tum
3247 5096 3408 5173 κύτος
3441 5110 3583 5179 conj.
3605 5111 3648 5164 Ο
3686 5130 3705 5179 ;

457 5171 647 5234 νυκτός
677 5180 902 5240 uterque
931 5170 1081 5224 hom.
1113 5171 1308 5226 codex.
1373 5168 1426 5210 '9’
1456 5168 1840 5239 κατειληφότος
1865 5178 2010 5223 recte
2037 5168 2144 5224 scr.
2178 5168 2394 5224 Lobeck
2425 5171 2462 5224 ι.
2493 5169 2605 5224 Ι.8.
2679 5171 2727 5204 ⁸⁸⁸
2744 5168 2947 5245 πλῆρες
2991 5175 3204 5244 ἦνωσαν
3231 5179 3292 5232 (1.

1755 5277 2113 5336 VARlORUM
2165 5279 2396 5338 NOTAE.

530 5375 642 5446 (99)
671 5373 1136 5446 Ἀπείρουγτινὸςί
1156 5374 1353 5446 ,Βυοοιῖ
1374 5373 1465 5446 ἀεὶ
1493 5373 1768 5446 ῥέοντος.
1803 5373 1867 5428 Et
1903 5376 2024 5444 qui-

457 5443 684 5515 buSdatn
701 5443 1246 5515 ittterpositis.3a61o6
1260 5443 1356 5497 106
1373 5444 1601 5515 ἀπείρου
1615 5443 2021 5515 πελάγουςνηειῡ.

459 5514 734 5570 Pertinth
757 5513 863 5570 huc
893 5517 1009 5570 loca
1044 5513 1474 5584 Recognitionum
1502 5513 1593 5568 lib.
1628 5531 1682 5579 χ,
1709 5531 1830 5582 cap.
1872 5513 1938 5565 l7
1968 5524 2024 5567 et

458 5585 548 5656 (fl,
580 5597 683 5640 etc.
736 5585 977 5656 Itemque
1027 5585 1189 5638 verba
1237 5584 1533 5656 Porphyrii
1567 5585 1705 5656 libro
1743 5585 1820 5656 die
1871 5593 2023 5637 antro

461 5653 620 5722 Nym‘
641 5656 824 5708 harum
847 5696 860 5720 ,
891 5653 1182 5710 Sub-linem
1220 5671 1232 5707 :
1268 5655 1465 5716 Πόντος
1493 5653 1578 5717 δὲ,
1615 5654 1709 5707 καὶ
1741 5653 1981 5707 θάλασσα

459 5726 553 5778 καὶ
577 5724 802 5790 κλύδων,
817 5726 909 5778 καὶ
933 5726 1081 5799 παρὰ
1101 5725 1344 5781 Πλάτωνι
1369 5727 1402 5797 ἡ
1423 5724 1580 5798 ὑλικὴ
1605 5724 1879 5787 σύστασις.
1901 5722 2019 5779 (Ia:-

2131 5387 2298 5430 terum
2326 5386 2377 5431 et
2409 5377 2549 5447 apud
2574 5377 2852 5453 Platonem
2893 5381 3448 5453 materiwdrongeries,
3484 5394 3708 5453 pontus,

2130 5463 2274 5523 mare
2310 5465 2371 5500 ac
2399 5448 2761 5523 procellarum
2810 5461 2967 5523 (gsllts
2996 5447 3314 5523 appellatur.
3359 5447 3712 5523 Nicephorius

2129 5516 2182 5569 in
2223 5514 2589 5594 S‘ynesium‘p.
2621 5519 2774 5594 ’ὀξεῖς
2818 5519 2985 5594 Βυθὸν
3020 5514 3382 5594 8&9a011hv
3415 5514 3565 5592 ὕλην.
3601 5526 3676 5578 At

2127 5601 2232 5648 que
2261 5585 2620 5658 liincABytlius
2641 5585 3176 5658 Valentiniauorum.
3209 5585 3414 5649 Vide'in
3460 5585 3710 5652 Chrono-

2128 5660 2349 5728 graplu'a
2378 5656 2594 5728 Georgii
2629 5657 2862 5733 Syncelli
2888 5675 2944 5732 ρ.
2976 5661 3067 5717 29.
3095 5661 3234 5718 C01.
