4004 6332
551 353 649 412 211

1370 357 1428 411 S.
1468 357 1849 414 CLEMENTIS
1894 359 1915 412 I
1953 359 2115 414 ROM.
2154 357 2351 411 PONT.
2389 356 2616 411 UPERA
2651 356 2891 412 DUBIA.‘
3632 363 3719 419 11?.

552 470 939 526 aemularentur
981 479 1152 541 gesta,
1190 485 1311 539 qum
1345 471 1518 540 pridie
1547 452 1835 527 'disserens
1871 487 1981 529 non
2026 488 2110 527 oc-

2222 472 2463 543 πράξεις,
2498 472 2563 536 ἃς
2588 471 2978 542 ,διαλεγόμενος
3008 473 3073 542 τῇ
3108 469 3211 541 πρὸ
3237 469 3427 541 ταύτης
3456 470 3612 543 ήμέρᾳ
3644 477 3723 529 οὐκ

554 564 725 631 cului,
756 561 1065 633 parricidia,
1092 562 1334 631 inquam,
1372 562 1664 617 liberorum
1689 564 1883 629 caedes,
1917 564 2110 633 impios

2218 564 2645 635 ἁπεκρυψάμην,
2668 563 2809 633 λέγω
2833 564 2888 616 δὲ
2911 563 3293 633 πατροφονίας,
3320 564 3648 627 τεκνοκτονίας
3671 566 3724 627 ⁸⁸,

555 670 680 709 cum
720 653 1005 718 matribus,
1042 652 1278 719 liliabus,
1328 653 1608 708 sororibus
1650 654 1991 720 concubitus,
2030 655 2113 708 in-

552 745 714 816 digna
763 745 1057 808 adulteria,
1100 744 1464 799 masculorum
1518 744 1710 812 initus,
1764 754 1819 800 et
1868 746 2112 816 impuras

552 836 920 907 nefandasque
970 836 1243 901 libidines,
1278 851 1399 890 cum
1460 836 1758 892 innumeris
1802 838 1924 893 aliis
1968 837 2112 907 ejus-

550 928 824 982 demmodi
856 928 1058 982 illicitis
1099 926 1591 981 commistionibus.
1634 926 1776 981 Inter
1825 943 1964 998 quos
2008 930 2109 984 bo-

550 1019 727 1073 mines
762 1019 998 1072 maxime
1048 1016 1201 1086 impii
1256 1025 1405 1080 sunt,
1450 1017 1543 1085 qui
1588 1017 1701 1072 hac
1742 1016 1980 1073 facinora
2016 1034 2111 1073 cu-

548 1110 707 1178 piunt
752 1107 916 1161 videri
956 1122 1102 1171 vera,
1156 1122 1265 1176 quo
1310 1106 1506 1161 similia
1542 1105 1800 1162 facientes
1836 1124 1943 1161 non
1986 1122 2111 1162 eru-

548 1204 793 1258 bescant.
836 1201 906 1254 At
946 1200 993 1255 si
1030 1201 1115 1271 pie
1141 1216 1300 1271 agere
1339 1201 1655 1268 voluissent,
1686 1203 1945 1271 oportuit,
1971 1202 2113 1257 sicut

549 1294 711 1348 modo
741 1293 873 1358 dixi,
905 1300 982 1356 ut,
1022 1292 1223 1346 ctsidii
1267 1307 1393 1347 vere
1429 1292 1774 1346 admisissent
1808 1292 1874 1346 de
1912 1292 1980 1347 iis
2017 1294 2111 1348 de-

548 1396 760 1441 cantata
774 1385 1228 1455 ﬂagitia,propter
1257 1384 1609 1439 reverentiam
1634 1400 1757 1454 erga
1791 1384 1922 1438 deos
1953 1384 2108 1439 obte-

548 1485 735 1548 gerent
765 1492 851 1532 res
894 1476 1213 1534 inbonestas
1244 1476 1442 1531 fabulis
1470 1475 1795 1546 quibusdam
1837 1475 2110 1531 decentio-

546 1570 716 1635 ribus,
760 1578 815 1624 et
852 1584 962 1623 non
1012 1585 1043 1625 e
1109 1568 1404 1634 contrario,
1454 1566 1911 1636 quemadmodum
1959 1568 2105 1634 aitis,

545 1662 706 1727 bonis
735 1676 922 1716 eorum
951 1659 1208 1730 operibus
1250 1658 1419 1712 malas
1456 1666 1511 1712 et
1547 1666 1730 1726 turpes
1761 1656 2110 1712 admoverent

545 1752 752 1806 formas
779 1766 900 1822 qua:
945 1752 1106 1807 etiam
1136 1749 1421 1820 allegorice
1456 1748 1735 1818 explicata:
1762 1748 1931 1802 multo
1979 1764 2104 1803 cum

545 1843 733 1897 labore
764 1842 851 1896 vix
893 1850 1119 1913 possunt
1150 1841 1371 1911 intelligi
1400 1859 1411 1894 :
1445 1849 1498 1895 et
1528 1838 1747 1909 quando
1770 1854 1800 1893 a
1832 1840 2108 1894 nonnullis

546 1934 763 1987 luerunt
796 1932 1090 1997 intellecta,
1125 1931 1230 1985 illis
1258 1931 1475 2000 quidem
1500 1944 1600 1999 pro
1632 1943 1826 1999 magna
1859 1928 2107 1983 molestia

544 2028 891 2097 praebuerunt
927 2039 1034 2079 non
1070 2038 1275 2090 errare,
1324 2037 1447 2078 eum
1493 2021 1738 2076 licuisset
1780 2020 2027 2075 molestia
2057 2029 2109 2073 et

544 2114 744 2169 labore‘
763 2129 867 2167 non
900 2112 1100 2182 premi;
1133 2127 1227 2167 eos
1266 2126 1395 2164 vero
1426 2110 1519 2180 qui
1556 2110 1899 2176 aberrarunt,
1930 2110 2110 2164 l’undi-

544 2211 635 2256 tus
658 2201 1023 2271 perdiderunt.
1069 2200 1255 2255 Laudo
1296 2202 1476 2271 itaque
1512 2202 1652 2267 illos,
1689 2201 1780 2271 qui
1809 2199 2016 2256 fabulas
2042 2200 2108 2256 ad

546 2293 890 2348 honestiores
920 2293 1141 2347 trahunt
1187 2292 1493 2361 allegorias,
1533 2302 1589 2346 ut
1626 2292 1719 2361 qui
1755 2307 1819 2345 ex
1846 2290 1996 2347 Iovis
2019 2308 2110 2347 ca-

545 2384 657 2453 pite
704 2382 1051 2452 prudentiam
1105 2381 1406 2451 prosiliisse
1455 2382 1708 2436 innuunt.
1765 2381 1920 2436 Certe
1977 2382 2107 2437 illud

546 2474 679 2529 mibi
705 2474 919 2529 videtur
938 2474 1294 2544 probabilius,
1327 2475 1542 2530 inventa
1571 2490 1691 2529 esse
1714 2476 2108 2530 contumeliosa

546 2566 662 2620 haec
692 2566 760 2620 ab
788 2566 1050 2637 improbis
1083 2566 1417 2634 hominibus,
1446 2568 1541 2637 qui
1569 2567 1830 2621 honorem
1865 2566 2107 2622 dixinum

546 2660 909 2716 abstulerunt.

617 2750 760 2807 XIX.
799 2751 971 2807 Porro
985 2753 1228 2809 omnium
1255 2754 1480 2809 deorum
1504 2768 1612 2807 non
1643 2752 1950 2807 invenimus
1975 2767 2109 2822 poe-

546 2844 707 2899 ticam
740 2844 1050 2916 allegoriam
1090 2860 1210 2900 esse
1255 2852 1693 2913 consequentem.
1747 2841 1939 2897 Statim
1982 2858 2111 2913 ergo

547 2936 602 2990 in
636 2937 821 2990 mundi
859 2936 1215 3005 dispositione
1257 2944 1432 3004 poeta:
1464 2936 1757 3005 aliquando
1787 2936 1975 2990 dicunt
2015 2951 2112 2990 na-

547 3034 748 3094 turam,
797 3027 1089 3096 aliquando
1138 3034 1374 3081 mentem
1422 3026 1614 3080 ducem
1643 3027 1915 3081 exstitisse
1944 3027 2110 3081 totius

2220 655 2392 724 μίξεις
2426 656 2643 718 ἀσεϐεῖς
2677 656 2943 727 μητέρων,
2990 654 3316 725 θυγατέρων,
3360 654 3593 721 ἀδελφῶν,
3634 674 3727 725 μοι·

2216 745 2367 817 χείας
2405 764 2463 799 τε
2498 747 2540 778 ⁸⁷
2584 748 2846 819 ἀπρεπεῖς
2898 749 2992 800 καὶ
3029 743 3403 818 ἀρῤενομιξίας
3438 746 3521 797 καὶ
3564 748 3727 817 μιαρας

2216 839 2638 911 ἀρῥητουργίας,
2673 840 2810 910 πρὸς
2833 838 3018 901 ἄλλαις
3056 837 3272 909 μυρίαις
3298 834 3553 897 τοιαύταις
3573 836 3726 906 ἀθεμί-

2212 948 2325 994 τοις
2361 931 2569 1001 μίξεσιν
2630 931 2695 963 ⁸⁸’
2744 925 2818 985 ὧν
2864 930 3211 983 ἀσεϐέστατοι
3244 927 3286 958 δ’
3327 929 3374 979 οί
3407 926 3561 979 ταῦτα
3590 928 3729 999 ἀληθῆ

2211 1021 2385 1073 δοκεῖν
2408 1017 2545 1075 εἶναι
2578 1022 2837 1086 θέλοντες,
2874 1023 2962 1075 ἵνα
3002 1021 3070 1073 τά
3102 1021 3259 1091 ὃμοια
3286 1018 3547 1080 ποιοῦντες
3579 1019 3641 1089 μὴ
3668 1021 3733 1070 αἱ.

2211 1112 2405 1167 δῶνται
2439 1114 2503 1167 ⁸ο.
2552 1116 2722 1186 Οἴπερ
2754 1116 2866 1183 είγε
2898 1112 3135 1167 εὐσεϐεῖν
3166 1111 3455 1175 ἐϐούλοντο,
3487 1113 3632 1182 ἐχρῆν
3657 1113 3733 1163 αὐ-

2210 1205 2355 1267 τοὺς,
2411 1206 2548 1275 ὅπερ
2600 1206 2803 1277 ἀρτίως
2851 1201 3022 1270 εἶπον,
3066 1206 3114 1257 εί
3148 1204 3239 1258 καὶ
3270 1203 3433 1266 ὅντως
3477 1203 3523 1255 οί
3558 1201 3654 1253 θεοί
3680 1201 3734 1253 τά

2212 1297 2340 1367 περὶ
2375 1297 2551 1349 αὐτῶν
2584 1298 2837 1370 ᾀδόμενα⁸
2851 1296 3204 1369 διεπράξαντο
3248 1294 3409 1360 κακά,
3454 1296 3576 1364 τιμῇ
3604 1296 3661 1363 τῇ
3697 1293 3732 1323 ⁵¹

2216 1389 2375 1459 168
2433 1390 2569 1460 πρὸς
2628 1389 2781 1453 θεοὺς
2828 1388 3282 1461 εὐπρεπεστέροις
3328 1387 3433 1439 τισὶ
3476 1384 3644 1457 μύθοις
3682 1383 3736 1436 τά

2210 1482 2416 1551 ἄσεμνα
2444 1482 2489 1513 ⁸³
2524 1482 2861 1545 έπισκέπειν,
2886 1483 2980 1535 καὶ
3020 1481 3092 1552 μή
3123 1481 3445 1544 τούναντίον,
3489 1477 3556 1538 ὥς
3603 1493 3733 1545 φατε,

2210 1571 2388 1627 καλῶν
2420 1575 2601 1635 αὐτοῖς
2646 1573 2894 1644 πράξεων
2930 1572 3306 1643 γεγενημένων
3350 1568 3488 1623 κακά
3524 1570 3607 1620 καὶ
3634 1568 3737 1621 ἀσε-

2213 1681 2317 1733 μνα
2344 1664 2686 1735 περιϐάλλειν
2722 1665 2992 1735 σχήματα,
3029 1664 3063 1718 ἀ
3092 1681 3212 1716 τινα
3244 1664 3336 1717 καὶ
3368 1663 3411 1694 ⁸³
3451 1658 3736 1729 ἀλληγορού-

2214 1774 2347 1826 μενα
2375 1758 2467 1809 καὶ
2499 1755 2584 1810 διὰ
2623 1758 2882 1826 καμάτων
2919 1758 3074 1827 μόγις
3122 1757 3374 1827 νοηθῆναι
3410 1755 3630 1807 δύναται·
3664 1752 3739 1803 καί

2211 1849 2335 1900 ὅταν
2388 1847 2552 1919 νοηθῇ
2610 1865 2771 1912 τισιν,
2829 1849 3055 1910 ἐκείνοις
3117 1848 3216 1920 μὲν
3271 1848 3389 1901 ἀντὶ
3446 1844 3534 1899 τοῦ
3575 1840 3739 1894 πολλοῦ

2214 1938 2411 2010 μόχθου
2446 1940 2716 2011 παρέσχον
2749 1940 2809 1992 τὸ
2845 1939 2918 2011 μὴ
2958 1939 3315 2010 πλανηθῆναι,
3353 1938 3468 2004 ἐξὸν
3509 1936 3563 1989 δὲ
3603 1936 3644 1967 ⁵⁸
3684 1933 3743 2005 μὴ

2212 2031 2493 2103 μοχθῆσαι,
2545 2033 2669 2096 τοὺς
2729 2033 2784 2086 δὲ
2834 2031 3201 2103 πλανηθέντας
3250 2030 3414 2103 ἄρδην
3467 2028 3735 2083 ἀπώλεσαν.

2210 2123 2354 2193 Πλὴν
2375 2124 2500 2187 τοὺς
2530 2125 2609 2187 είς
2636 2123 2699 2177 τὸ
2743 2124 3066 2195 σεμνότερον
3095 2122 3520 2196 ἀλληγοροῦντας
3549 2120 3744 2182 αὐτάς⁵⁸

2209 2214 2559 2286 ἀποδέχομαι,
2593 2214 2779 2288 ὥσπερ
2811 2217 2936 2279 τοὺς
2968 2217 3032 2267 ἐκ
3071 2216 3170 2285 τῆς
3209 2215 3335 2278 Διὸς
3373 2213 3600 2283 κεφαλῆς
3636 2211 3748 2263 αίνι-

2210 2304 2470 2376 ξαμένους
2499 2307 2835 2379 ἀναπηδῆσαι
2864 2306 2961 2378 τὴν
3004 2306 3287 2378 φρόνησιν.
3326 2307 3482 2369 Ἴσως
3524 2303 3575 2356 δὲ
3606 2300 3748 2354 ἐκείνὸ

2213 2416 2302 2469 μοι
2336 2398 2720 2470 πιθανώτερον,
2760 2399 2840 2454 ὃτι
2884 2398 2991 2452 ὐπὸ
3027 2399 3071 2428 ⁸⁸
3106 2396 3397 2469 μοχθηρῶν
3444 2394 3653 2467 ἀνδρῶν,
3681 2392 3749 2444 δό-

2211 2488 2304 2554 ξαν
2342 2490 2475 2543 θεῶν
2521 2490 2990 2563 ἀπενεγκαμένων,
3014 2491 3215 2544 ἐκεῖναι
3250 2488 3611 2562 ἐτολμήθησαν
3640 2487 3676 2517 ⁸⁷
3705 2484 3749 2538 αἱ

2214 2581 2416 2655 ῦϐρεις.

2281 2758 2422 2814 XIX.
2478 2760 2755 2813 Ἀπάντων
2784 2760 2839 2813 δὲ
2870 2760 2979 2813 τῶν
3012 2760 3147 2813 θεῶν
3179 2761 3284 2833 τὴν
3312 2757 3592 2831 ποιητικὴν
3614 2754 3752 2823 ἀλληη

2210 2854 2397 2926 γορίαν
2430 2855 2530 2907 οὐκ
2572 2853 2859 2907 ἀκόλουθον
2900 2853 3245 2925 εὑρίσκομεν.
3293 2852 3497 2904 Αὐτίκα
3526 2848 3643 2918 γοῦν
3681 2844 3755 2897 ἐπὶ

2209 2948 2308 3019 τῆς
2335 2948 2740 3017 διακοσμήσεως
2781 2945 2886 2998 τῶν
2931 2944 3065 2998 ὅλων
3098 2944 3227 2998 ποτὲ
3269 2944 3366 3015 μὲν
3401 2942 3554 3015 φύσιν
3596 2936 3755 3006 λέγου-

2214 3058 2296 3095 σιν
2330 3040 2566 3111 ποιηταὶ,
2611 3038 2739 3091 ποτὲ
2790 3037 2843 3091 δὲ
2873 3035 2994 3091 νοῦν
3026 3037 3071 3069 “
3102 3037 3348 3108 ἀρχηγὸν
3396 3032 3635 3104 γενέσθαι
3673 3028 3755 3098 τῆς

548 3121 772 3190 opiﬁcii.
809 3118 1020 3174 Etenim
1053 3134 1118 3173 ex
1152 3128 1343 3175 natura
1375 3119 1604 3190 primam
1636 3130 1810 3175 ortam
1847 3135 1966 3176 esse
1998 3121 2108 3177 ele-

2213 3134 2339 3205 ὅλης
2378 3132 2749 3205 δημιουργίας.
2826 3132 2918 3184 Ἐκ
2966 3129 3177 3199 φύσεως
3216 3130 3317 3200 μὲν
3357 3128 3463 3201 γὰρ
3500 3125 3601 3178 τῶν
3639 3137 3757 3219 στοι-

550 3220 857 3265 mentorum
907 3212 1199 3265 motionem
1248 3228 1312 3266 ac
1353 3213 1783 3268 commistionem
1812 3255 1826 3281 ,
1897 3225 1951 3268 at
2017 3229 2110 3282 per

2214 3227 2371 3298 χείων
2414 3227 2513 3297 τὴν
2547 3223 2766 3295 πρώτην
2800 3224 3010 3294 κίνησιν
3042 3224 3134 3276 καὶ
3182 3221 3447 3293 σύμμιξιν
3487 3214 3754 3287 γεγονέναι.

548 3302 748 3359 mentis
780 3304 1177 3372 providentiam
1208 3304 1525 3373 dispositam
1560 3303 1750 3358 fuisse.
1795 3303 1860 3358 Et
1892 3305 2109 3374 quidem

549 3394 651 3457 illi,
682 3393 1014 3448 aﬂirmantes
1051 3393 1236 3447 orbem
1270 3408 1300 3447 a
1330 3403 1523 3447 natura
1554 3394 1853 3459 conditum,
1888 3410 2011 3448 cum
2054 3394 2110 3448 id

552 3492 823 3554 nequeant
877 3492 1025 3539 certo
1074 3483 1446 3538 demonstrare
1495 3493 1711 3553 prepter
1761 3484 2111 3538 artilieiosum

551 3577 737 3632 mundi
782 3591 940 3647 opus,
992 3575 1272 3629 innectunt
1327 3588 1543 3644 quoque
1583 3575 1778 3630 mentis
1826 3576 2114 3645 providen-

550 3671 705 3735 tiam,
747 3677 807 3722 ut
837 3676 891 3722 et
945 3682 1039 3721 eos
1068 3665 1163 3735 qui
1209 3665 1433 3719 omnino
1474 3666 1693 3735 sapiunt
1724 3667 1936 3735 possint
1968 3667 2114 3721 abri-

547 3774 697 3827 pere.
753 3754 866 3811 Nos
900 3764 1079 3809 aulem
1121 3753 1189 3808 ad
1242 3755 1365 3809 illos
1411 3756 1686 3810 dicimus:
1724 3756 1781 3809 Si
1822 3758 2111 3812 niundusa

548 3856 742 3902 natura
774 3846 998 3901 fortuito
1022 3854 1277 3917 operante
1315 3846 1490 3901 factus
1541 3857 1644 3914 est,
1690 3849 1961 3917 quomodo
1997 3850 2110 3919 jam

548 3939 955 4008 proportionem
985 3955 1047 3994 ac
1096 3939 1341 3993 ordinem
1392 3941 1620 4008 accepit,
1660 3956 1783 3996 cum
1822 3941 1873 3994 id
1916 3958 1945 3996 a
1997 3942 2111 3996 sola

549 4027 846 4081 excellente
871 4028 1157 4097 prudentia
1190 4028 1304 4082 ﬁeri
1339 4038 1519 4097 queat,
1544 4038 1703 4100 atque
1727 4033 2113 4101 comprehendi

551 4135 580 4171 a
622 4119 734 4173 sola
764 4120 991 4174 scientia
1017 4121 1131 4175 haec
1154 4136 1472 4189 pernoscere
1494 4139 1556 4177 ac
1580 4125 1838 4191 perlicere
1865 4125 2114 4179 valente?

552 4208 706 4274 Quod
748 4209 794 4263 si
833 4211 1085 4265 universa
1118 4226 1149 4265 a
1191 4212 1475 4280 prudentia
1524 4224 1849 4283 acceperunt
1888 4230 2111 4285 compa-

553 4315 670 4367 gem
697 4308 751 4353 et
772 4300 1206 4370 dispositionem,
1230 4301 1375 4372 quod
1400 4305 1712 4358 necessario
1743 4306 1899 4360 aliter
1922 4323 1980 4362 se
2014 4308 2111 4362 ba—

552 4388 679 4440 bere
704 4403 810 4441 non
844 4390 1041 4457 potuit,
1071 4405 1179 4459 quo
1222 4402 1380 4461 pacto
1411 4392 1590 4447 adhuc
1615 4394 1873 4462 possibile
1903 4395 2027 4466 l‘uit,
2050 4407 2111 4452 ut

554 4478 669 4531 haec
696 4494 826 4534 casu
856 4480 968 4534 lieri
1000 4484 1374 4553 contingeret?

624 4618 741 4673 XX.
767 4617 869 4685 Qui
901 4634 1029 4689 ergo
1053 4619 1276 4675 deorum
1305 4632 1450 4692 gesta
1484 4626 1815 4695 turpioribus
1840 4628 2111 4696 allegoriis

556 4710 842 4764 voluerunt
872 4712 1161 4780 explicare,
1190 4714 1354 4780 velut,
1399 4715 1558 4771 Metin
1590 4735 1619 4773 a
1646 4719 1776 4774 Jove
1810 4720 1978 4777 fuisse
2010 4723 2109 4776 ab-

557 4810 817 4869 sorplam,
846 4801 881 4853 ii
915 4802 969 4855 in
1022 4785 1301 4871 angustias
1354 4806 1679 4875 inciderunt,
1715 4810 1886 4880 ignari
1932 4813 2111 4881 quod,

558 4893 740 4963 quidc
759 4893 857 4948 diis
888 4908 951 4948 ex
994 4892 1214 4963 obliquo
1241 4896 1510 4966 Ipbysicas
1557 4902 1901 4969 protulerunt
1948 4904 2116 4959 inter-

554 4984 910 5055 pretationes,
953 4986 1178 5042 deorum
1226 5004 1443 5059 quoque
1487 4991 1730 5061 ipsorum
1772 4994 2112 5050 existentiam

2214 3319 2319 3373 ὐπὸ
2350 3318 2405 3371 δὲ
2436 3319 2533 3389 τῆς
2555 3316 2649 3369 τοῦ
2677 3316 2768 3370 νοῦ
2798 3315 3051 3388 προνοίας
3082 3312 3545 3386 διακεκοσμῆσθαι
3575 3312 3636 3361 ⁵9.
3667 3306 3759 3359 Καὶ

2212 3411 2618 3481 ἀποφηνάμενοι
2652 3408 2748 3479 μὲν
2786 3410 2835 3461 ot
2872 3409 2966 3479 μὲν
3005 3408 3049 3440 ⁶⁰
3092 3408 3250 3477 φύσει
3295 3400 3759 3478 δεδημιουργῆσθαι

2211 3505 2272 3559 τὸ
2300 3490 2426 3568 πᾶν,
2458 3502 2531 3574 μὴ
2557 3502 2840 3573 δυνάμενοι
2868 3501 2923 3553 δὲ
2951 3500 2993 3533 ⁸⁸
3014 3499 3401 3571 ἀνεπιλήπτως
3414 3494 3763 3553 τοῦτοάποδειο

2213 3592 2399 3649 κνύναι
2431 3594 2517 3648 διὰ
2542 3594 2602 3647 τὸ
2629 3595 2727 3665 τῆς
2758 3592 3114 3664 δημιουργίας
3151 3592 3428 3663 ἔντεχνον,
3473 3585 3767 3661 παρεμπλέ-

2213 3704 2365 3739 κουσι
2412 3678 2570 3756 169
2598 3684 2805 3739 καὶτοῦ
2838 3683 2928 3737 νοῦ
2956 3685 3056 3755 τὴν
3089 3684 3373 3754 πρόνοιαν,
3408 3686 3482 3748 ὡς
3512 3680 3765 3752 συναρπά-

2215 3794 2303 3830 σαι
2336 3778 2429 3830 xui.
2460 3779 2585 3840 τοὺς
2616 3777 2757 3831 πάνυ
2794 3777 2989 3845 σοφοὺς
3024 3775 3336 3845 δυνάμενοι-
3382 3778 3570 3847 Ἡμεῖς
3594 3774 3646 3826 δέ
3677 3789 3764 3841 φα-

2217 3886 2314 3939 μεν
2364 3869 2498 3941 πρὸς
2547 3868 2761 3930 αὐτούς’
2804 3868 2867 3920 Εἰ
2900 3867 2997 3936 μὲν
3050 3866 3108 3933 ἐξ
3158 3867 3476 3938 αὐτομάτου
3521 3864 3767 3936 φύσεωςὸ

2213 3960 2412 4031 κόσμος
2444 3960 2683 4029 γέγονεν,
2716 3958 2833 4022 πῶς
2873 3958 2951 4010 ἔτι
2985 3958 3271 4026 ἀναλογίαν
3312 3962 3413 4013 καὶ
3457 3957 3604 4023 τάξιν
3634 3956 3765 4024 εἴλη-

2214 4071 2330 4122 φεν,
2368 4052 2507 4123 ἀπερ
2538 4052 2641 4105 ὑπὸ
2670 4050 2833 4121 μόνης
2863 4048 3303 4122 ὑπερϐαλλούσης
3340 4053 3651 4123 φρονήσεως
3685 4064 3766 4115 γε-

2212 4146 2390 4200 νέσθαι
2417 4145 2636 4199 δυνατόν
2692 4126 2825 4208 ἐστι,
2870 4144 2962 4196 καὶ
2994 4132 3405 4216 καταληφθῆναι
3433 4144 3538 4198 ὑπὸ
3566 4123 3768 4208 ἐπιστή-

2214 4256 2320 4309 μης
2364 4238 2462 4309 τῆς
2506 4237 2670 4307 μόνης
2700 4236 2870 4289 ταῦτα
2922 4234 3179 4307 ἀκριϐοῦν
3223 4237 3563 4308 δυναμένης;
3609 4236 3668 4288 Εἰ
3720 4231 3769 4283 δὲ

2210 4330 2464 4401 φρονήσει
2494 4328 2565 4382 τὰ
2594 4328 2770 4381 πάντα
2800 4328 2896 4399 τὴν
2946 4327 3245 4400 σύγκρασιν
3286 4330 3385 4383 καὶ
3431 4328 3769 4398 διακόσμησιν

2212 4423 2449 4493 εἴληφεν,
2497 4422 2632 4493 ὅπερ
2677 4421 2886 4490 ἀνάγκη
2922 4420 2993 4491 μὴ
3028 4420 3199 4484 ἄλλως
3255 4420 3420 4490 ἔχειν,
3471 4421 3586 4483 πῶς
3613 4410 3687 4471 ἔτι
3716 4418 3773 4469 ὲκ

2136 4512 2182 4567 ι)
2214 4516 2306 4569 τοῦ
2331 4514 2633 4586 αὐτομάτου
2670 4514 2937 4585 συμϐῆναι
2968 4512 3138 4567 ταῦτα
3168 4514 3421 4582 γενέσθαι
3443 4513 3659 4568 δυνατὸν
3679 4507 3769 4580 ἦν,

2288 4629 2404 4683 XX.
2437 4629 2501 4683 Οἱ
2536 4628 2714 4680 τοίνυν
2742 4626 2809 4679 τὰ
2852 4626 2968 4679 θεῖα
3008 4625 3101 4678 ἐπὶ
3127 4625 3187 4697 τδ
3227 4627 3451 4697 αίσχρδν
3486 4622 3775 4696 ἀλληγορῆ-

2219 4739 2309 4774 σαι
2333 4721 2376 4752 “
2414 4720 2754 4790 θελήσαντες,
2782 4714 2891 4770 οἷον
2926 4716 3022 4787 τὴν
3064 4692 3237 4788 Μῆτιν
3278 4719 3651 4790 καταποθῆναι
3680 4712 3775 4767 ὑπὸ

2218 4814 2358 4877 Διὸς,
2391 4814 2469 4874 εἰς
2508 4810 2741 4880 ἀπορίαν
2785 4804 3229 4877 ἐμπεπτώκασιν,
3262 4808 3322 4861 οὑ
3375 4810 3669 4871 συνιέντες,
3702 4806 3775 4858 ὅτι

2219 4904 2269 4955 οἱ
2298 4901 2539 4970 πλαγίως
2569 4897 3055 4967 φυσιολογήσαντες
3086 4898 3209 4967 περὶ
3245 4897 3382 4951 θεῶν
3422 4900 3517 4952 καὶ
3543 4898 3604 4951 τὸ
3647 4893 3775 4949 εἶναι

2223 4984 2772 5065 θεοὺςίάνῃρήκασιν,
2799 4989 2866 5042 τὰ
2899 4990 3010 5061 εἴδη
3058 4990 3237 5045 αὐτῶν
3282 4990 3367 5044 διὰ
3409 4992 3511 5062 τῆς
3553 4991 3774 5059 ἀλληγοο

1857 5130 2094 5185 VARle
2131 5129 2528 5185 LECTIONES.

638 5216 679 5250 ⁵⁸
700 5234 886 5270 τεκτον
915 5217 1037 5283 (sic)
1066 5222 1439 5285 τεκνοκτονίας
1460 5220 1525 5283 0,
1554 5223 1733 5285 priore.
1763 5239 1893 5278 voce
1915 5227 2222 5280 subnotata.

2325 5226 2371 5260 ι’
2398 5241 2455 5276 τε
2481 5221 2681 5277 inserui
2709 5238 2758 5274 (ι.
2893 5218 3045 5291 Tum
3064 5221 3440 5291 ἀρῤενομίξεις
3464 5221 3530 5275 C.
3636 5222 3683 5258 “
3717 5220 3774 5274 Ι).

563 5288 707 5371 conj.
753 5288 1028 5371 πράξεσιν.
1110 5288 1151 5319 ’⁸³
1179 5290 1520 5371 ἀσεϐέστεροι
1543 5288 1603 5345 C.
1677 5295 1722 5325 ⁸⁸
1754 5293 1899 5371 _lla_0
1952 5312 2017 5371 (ξ,⁸
2042 5294 2126 5371 S_,
2156 5294 2426 5371 αἰδοῦνται
2454 5294 2521 5371 C._
2588 5294 2629 5326 ⁸⁸
2659 5293 2758 5371 τῆς
2784 5288 2864 5371 0._
2922 5292 2965 5328 δ’
2994 5290 3065 5361 μή
3102 5288 3277 5371 σεμνά
3302 5292 3363 5343 C.
3401 5360 3414 5371 _
3442 5292 3489 5322 ⁵³
3511 5292 3775 5371 ὀχήματα,

565 5359 601 5410 ἀ
632 5358 868 5431 τιναὼϋ,
890 5359 1156 5431 σχήματα
1187 5358 1295 5425 jam
1342 5359 1383 5411 D
1444 5358 1597 5415 recte
1642 5365 1897 5431 coniecit.

1981 5366 2027 5398 ⁸⁸
2050 5365 2105 5417 δέ
2129 5382 2239 5420 om.
2291 5363 2335 5418 0
2365 5406 2379 5427 .

2430 5364 2522 5417 sed
2550 5362 2751 5431 praebet
2774 5360 3121 5431 subsequens
3150 5360 3247 5431 μή,
3273 5360 3415 5431 quod
3447 5360 3680 5431 nonest
3714 5360 3777 5431 in

566 5436 711 5481 textu
741 5428 822 5500 Ci_.
850 5427 1002 5482 Idem
1019 5429 1090 5499 μή
1117 5429 1169 5480 in
1196 5444 1368 5498 marg.
1443 5433 1487 5465 ⁸⁸
1510 5427 1764 5496 uinoch
1792 5474 1806 5497 ,
1840 5435 1975 5487 αὐτά
2004 5433 2061 5492 S.
2134 5442 2178 5472 ιιι
2202 5434 2304 5487 ὑπό
2338 5435 2375 5486 S
2406 5474 2420 5498 ,
2445 5427 2593 5486 deest
2619 5447 2706 5500 ap.
2744 5430 2786 5483 C
2842 5440 2893 5484 et
2935 5427 2986 5482 in
3019 5427 3083 5500 0.
3153 5427 3307 5500 una
3339 5429 3382 5484 0
3439 5446 3491 5485 c.
3524 5429 3565 5484 S
3597 5470 3613 5489 .
3641 5429 3779 5482 ἐτόλ-

571 5513 750 5574 μησαν
876 5500 1707 5574 Aliarn_prater-ea‘epieridandi
1733 5504 1993 5557 rationem
2035 5504 2288 5574 proponit
2332 5502 2373 5555 D
2401 5545 2418 5574 ,
2462 5504 2551 5574 qui
2591 5498 2753 5555 sci'ibi
2794 5501 2907 5574 vult
2934 5499 3103 5574 μοχθη

564 5565 757 5634 τόλμαι

571 5752 669 5845 μὲν
695 5773 753 5828 C.
833 5778 876 5808 ⁶¹
904 5752 1265 5851 ἀλληγορῆγὸ.

3112 5499 3217 5569 ρῶν
3249 5499 3456 5568 ἀνδρῶν
3483 5531 3551 5540 —
3579 5502 3778 5553 ἐκεῖναι

580 5562 757 5646 εόλμαι
794 5562 932 5637 ἦσαν
958 5570 1013 5620 αἱ
1053 5562 1255 5638 ὕϐρεις,
1334 5570 1377 5601 σε
1406 5568 1462 5624 S.
1488 5568 1683 5623 Notum
1712 5583 1792 5627 est
1830 5562 2162 5653 Anagag'ora".
2188 5574 2361 5654 πάντα
2394 5562 2713 5694 διεκόσμησε
2761 5570 2882 5633 νοῦς
2904 5562 3217 5655 ἕρξὲἰὶἱιρι.
3277 5562 3433 5638 I’Iiys.
3476 5569 3572 5655 fol;
3624 5570 3693 5623 55
3725 5570 3777 5623 b.

580 5636 1105 5694 behaubaclnAnax.
1140 5639 1329 5694 fraam.
1378 5640 1445 5694 fr.
1490 5638 1657 5694 VIII.
1691 5638 1767 5694 De
1806 5642 2004 5694 Storcrs
2037 5644 2135 5694 cl‘r.
2166 5642 2320 5694 Βιοςι.
2356 5641 2536 5694 Laert.
2569 5641 2628 5694 Vl
2662 5683 2675 5694 .
2712 5642 2834 5694 154.
2868 5641 2989 5692 lol.
3067 5641 3109 5672 ⁵⁸
3136 5638 3205 5690 Ita
3233 5638 3276 5691 0
3331 5658 3376 5694 c.
3420 5638 3460 5688 S
3493 5681 3507 5694 .
3538 5655 3777 5693 διακεκο-

570 5636 1105 5711 Schaubacb,Anax.
1130 5636 1329 5711 fragm.
1376 5640 1445 5708 fr.
1490 5638 1657 5704 VIII,
1691 5638 1767 5695 De
1806 5642 2004 5698 Stoicis
2024 5636 2135 5697 Vcl‘r.
2166 5642 2320 5711 Πίος.
2356 5641 2536 5696 Laert.
2569 5636 2628 5694 Vl

570 5704 951 5783 σμεῖσςθαι-ῼ..Δ
971 5708 1035 5783 ’⁸ο
1062 5704 1475 5783 ἀποφηνάμενος
1501 5712 1597 5782 μὲν
1623 5711 1778 5781 φύσει
1805 5712 1869 5767 Ο.
1902 5712 2037 5768 Tum
2066 5704 2548 5783 δεδημιὸῦργῆσθαι
2584 5712 2643 5778 S,
2670 5711 2713 5764 0
2742 5752 2755 5777 ,
2776 5708 3272 5778 δεδημιουργεῐσθαι
3298 5712 3356 5765 C.

2662 5683 2675 5704 ,
2712 5642 2834 5703 154,
2868 5637 2989 5692 157.
3067 5641 3109 5672 ⁵⁸
3136 5638 3205 5690 Ita
3233 5638 3276 5691 0
3331 5637 3376 5694 (ί,
3420 5638 3460 5688 S
3493 5681 3507 5701 ,
3538 5641 3781 5693 διακεκο-

2670 5711 2713 5762 0
2742 5752 2755 5762 .
2776 5708 3272 5762 δεδηυ.ιουογεῐσοαι
3298 5712 3356 5762 C.
3439 5712 3481 5738 ‘”
3514 5710 3570 5762 δέ
3601 5709 3662 5762 S.
3693 5708 3733 5761 0
3769 5746 3781 5762 .

3514 5725 3783 5775 oea,u,
