4004 6332
495 330 605 387 τις
1391 323 1447 381 S.
1489 320 1875 378 CLEMENTlS
1915 320 2063 375 1R0.

2169 316 2369 375 ΡΟΝΤ.
2405 314 2633 371 OPERA
2672 311 2897 370 DUBIA.
3641 302 3740 359 ξω

497 438 854 512 temporalem
886 439 941 493 in
978 437 1127 508 turpi
1156 435 1445 507 complexu
1492 436 1697 507 pictum
1743 436 1833 505 (de
1865 435 1959 489 illo
1987 433 2063 488 fa-

2170 432 2476 505 γράψαντες
2503 430 2595 483 ἐπὶ
2635 430 2865 499 αἰσχρᾶς
2898 426 3124 497 πλοκῆς,
3164 424 3352 496 ὥσπερ
3380 424 3471 477 ἐπὶ
3499 423 3594 478 τοῦ
3623 425 3738 489 Διὸς

498 534 703 589 cientes
730 528 875 601 quod
902 527 971 583 de
1012 525 1148 583 Jove
1187 526 1367 583 facere
1398 527 1622 598 audent)
1658 527 1835 597 palam
1866 540 2063 597 propo-

2171 524 2533 596 τετολμήκασι
2564 524 2806 595 ποιῆσαι,
2833 520 2978 575 οὕτω
3015 520 3335 592 ποιήσαντες
3363 518 3623 573 ἀνέθεσαν
3653 518 3742 589 δη-

496 632 707 687 nerent,
734 637 843 693 quo
882 620 967 676 vel
996 620 1066 675 ab
1096 620 1176 675 ira
1225 619 1544 690 temporarii
1578 618 1950 688 imperatoris,
1994 617 2063 672 id-

2177 617 2359 688 μοσία,
2390 617 2476 669 ῖνα
2504 615 2606 669 κᾶν
2638 614 2745 669 ἀπὸ
2774 615 2874 686 τῆς
2900 613 3069 685 όργῆς
3094 611 3189 666 τοῦ
3222 609 3558 682 προσκαίρου
3591 608 3743 680 βασι-

496 732 604 789 que
654 713 925 777 hominis,
976 712 1250 767 discerent
1307 726 1404 781 per
1463 725 1626 765 suum
1696 708 2063 781 supplicium,

2172 709 2326 773 λέως,
2356 708 2450 762 καὶ
2480 707 2651 761 ταῦτα
2690 706 2978 779 ἀνθρώπου
3012 705 3185 770 ὄντος,
3221 702 3435 776 μάθωσι
3464 701 3745 757 κολασθένι

494 806 955 881 quemadmodum
988 812 1237 874 Oporteat
1270 802 1684 859 convenientem
1716 799 1928 856 deferre
1967 800 2063 854 ho-

2170 818 2280 868 τες,
2311 800 2387 864 ὡς
2414 798 2494 852 δεῖ
2540 799 2637 870 τὴν
2676 798 2900 853 δέουσαν
2929 799 3222 868 ἀπονέμειν
3260 795 3447 867 τιμήν.
3476 794 3659 846 ταῦτα
3685 792 3743 851 δι

492 916 705 957 norem.
764 900 872 954 ista
924 906 1103 951 autem
1155 895 1251 951 tibi
1306 894 1519 963 refero,
1573 909 1681 950 non
1740 893 1899 964 quasi
1952 891 2063 963 ipse

2174 912 2256 947 σοι
2304 893 2467 962 λέγω,
2497 893 2595 963 οὐχ
2645 893 2721 957 ὡς
2764 891 2926 956 αὐτὸς
2979 891 3079 963 ἥδη
3132 890 3387 960 ἐπιγνοὺς
3434 887 3526 941 τὸν
3577 886 3745 959 ὅντως

488 994 601 1063 jam
634 1006 961 1062 cognoscam
985 1004 1135 1055 cum,
1163 987 1256 1058 qui
1290 1002 1417 1042 vere
1449 996 1533 1042 est
1576 984 1741 1051 Deus,
1777 983 1873 1040 sed
1910 998 2063 1055 aequo

2170 986 2386 1050 Osbv",
2425 984 2539 1039 ἀλλ’
2579 983 2934 1056 εὐγνωμονῶν
2978 980 3244 1053 ὁμολογῶ,
3286 982 3334 1034 εἰ
3383 978 3477 1032 καὶ
3519 976 3572 1029 τί
3615 976 3745 1040 Θεὸς

492 1090 679 1145 animo
710 1087 987 1157 proﬁteor,
1024 1082 1171 1154 quod
1217 1082 1343 1137 licet
1385 1096 1493 1137 non
1528 1079 1775 1136 noverim
1812 1076 1945 1148 quid
1996 1076 2063 1131 sit

2170 1079 2269 1133 οὐκ
2307 1074 2447 1147 οἶδα,
2494 1078 2606 1133 ἀλλ’
2634 1074 2727 1131 οὖν
2770 1093 2835 1146 γε
2877 1075 3061 1146 σαφῶς
3089 1076 3171 1127 ὅτι
3214 1071 3405 1136 Θεὸς⁷¹
3434 1069 3637 1141 νομίζω
3669 1068 3749 1122 εί-

493 1178 669 1242 Dcns,
715 1186 955 1233 attamen
997 1174 1145 1245 quod
1194 1172 1267 1229 sit
1312 1172 1456 1228 Deus
1501 1171 1649 1228 clare
1696 1167 1831 1224 mihi
1875 1166 2067 1222 videor
2166 1170 2331 1225 δέναι.

492 1284 654 1325 SCII‘C.

562 1356 753 1413 XXIV.
784 1356 1063 1427 Principio
1093 1355 1279 1425 itaque
1320 1362 1558 1425 quatuor
1584 1354 1758 1425 prima
1798 1353 2063 1408 elementa

2237 1357 2428 1411 XXIV.
2463 1358 2669 1412 Αὐτίκα
2700 1358 2831 1427 γοῦν
2860 1358 2930 1412 τά
2979 1358 3171 1429 πρῶτα
3216 1358 3457 1429 τέσσαρα
3508 1354 3751 1424 στοιχεῖα

490 1464 599 1503 non
634 1455 864 1518 possunt
913 1460 1034 1501 esse
1084 1443 1247 1511 Deus,
1293 1459 1415 1514 quae
1461 1442 1529 1498 ab
1566 1444 1673 1498 alio
1718 1441 1862 1497 facta
1893 1450 2061 1497 sunt:

2168 1452 2297 1516 Θεὸς
2322 1448 2461 1506 εῖναι
2484 1453 2547 1507 οὐ
2581 1451 2798 1507 δύναται
2822 1452 2888 1520 ⁷³,
2906 1451 2974 1505 τὰ
3000 1452 3105 1505 ὐπὸ
3134 1451 3293 1507 ἄλλου
3314 1451 3580 1522 γενόμενα
3600 1466 3614 1479 ·
3646 1448 3749 1518 οὐχ

491 1557 599 1597 non
631 1542 899 1607 mistura,
932 1555 1041 1594 non
1094 1538 1408 1607 temperies,
1460 1551 1570 1591 non
1608 1536 1908 1608 generatio,
1952 1549 2062 1592 non

2168 1547 2198 1616 ἡ
2235 1542 2401 1615 μίξις,
2426 1545 2523 1615 οὐχ
2537 1547 2570 1616 ἡ
2585 1546 2802 1616 κρᾶσις,
2821 1546 2917 1615 οὐχ
2931 1546 2963 1615 ἡ
2976 1544 3206 1614 γένεσις,
3223 1542 3285 1597 οὐ
3297 1542 3359 1596 τὸ
3372 1544 3478 1596 πᾶν
3492 1541 3754 1615 περιέχον

490 1632 671 1687 omnis
702 1632 817 1687 haec
845 1647 967 1701 quae
998 1628 1167 1684 ambit
1209 1627 1445 1683 visibilis
1474 1626 1668 1693 moles,
1708 1643 1886 1700 neque
1916 1629 2061 1700 quod

2168 1638 2354 1711 ὁρατὸν
2371 1638 2549 1701 κύτος·
2568 1638 2675 1693 οὐδ’
2692 1639 2799 1709 ἠὲν
2827 1638 2905 1709 τῷ
2934 1637 3035 1708 ᾅδῃ
3066 1636 3369 1709 συρρέουσα
3398 1633 3751 1704 ὑποστάθμη·

490 1724 557 1779 ad
595 1723 801 1778 inferos
837 1721 1099 1778 confluxit
1127 1719 1523 1787 sedimentum;
1557 1735 1665 1776 non
1698 1731 2059 1791 supernatans

2168 1731 2223 1783 οὐ
2254 1729 2317 1783 τὸ
2359 1728 2682 1793 ἐπιπολάζον
2713 1728 2891 1801 ὕδωρ·
2924 1728 3022 1798 οὐχ
3054 1730 3087 1799 ἡ
3121 1728 3318 1793 ζέουσα
3359 1725 3518 1780 οὐσία
3539 1742 3554 1757 ⁸
3589 1726 3693 1796 οὐχ
3726 1726 3755 1777 ὁ

491 1830 664 1886 aqua,
708 1830 816 1869 non
852 1812 1058 1869 fervida
1102 1812 1406 1868 substantia
1429 1852 1444 1879 ,
1477 1827 1587 1868 non
1621 1828 1715 1869 aer
1748 1814 1843 1885 qui
1884 1815 1953 1870 ab
1998 1831 2061 1870 ea

2168 1823 2223 1890 εξ
2252 1822 2419 1894 αὐτῆς
2456 1784 2618 1893 μέχρί
2639 1820 2746 1875 τῶν
2779 1784 3231 1891 ἐνταῦθέδίήκων
3258 1820 3386 1891 ἀήρ.
3424 1819 3506 1873 Τά
3542 1836 3603 1871 τε
3636 1784 3755 1889 γάρ

490 1908 779 1978 hucusque
822 1904 1183 1977 protenditur.
1227 1901 1362 1957 Nam
1422 1914 1660 1974 quatuor
1693 1904 1982 1973 elementa,
2015 1906 2061 1961 si

2168 1914 2401 1982 στοιχεῖα
2441 1912 2700 1983 τέσσαρα,
2733 1911 2842 1964 ιῖτε
2873 1910 3114 1983 ἀλλήλων
3142 1908 3465 1976 διεστάλκει,
3497 1910 3625 1965 ἀνευ
3665 1928 3755 1964 τι-

491 2014 524 2055 a
553 2014 613 2055 se
643 1998 873 2054 invicem
904 2003 1154 2067 separata
1185 1994 1429 2063 fuerunt,
1457 2010 1565 2050 non
1608 2003 1906 2067 potuerunt
1944 1998 2066 2053 abs-

490 2106 598 2164 que
627 2106 826 2162 magno
858 2089 1075 2157 artiﬁce
1104 2088 1170 2145 ad
1219 2086 1474 2144 animalis
1506 2089 1913 2152 generationem
1959 2090 2064 2144 mi-

489 2184 654 2251 sceri,
695 2184 779 2239 sin
820 2197 950 2237 vero
991 2195 1207 2251 semper
1238 2189 1432 2235 mutuo
1478 2180 1701 2236 fuerunt
1748 2182 2061 2252 conjuncta,

490 2279 572 2335 sic
593 2291 813 2347 quoque
837 2276 905 2331 ab
932 2277 1139 2329 artiﬁce
1166 2282 1345 2329 mente
1378 2272 1445 2327 ad
1476 2272 1863 2343 proprietatem
1891 2288 2065 2328 mein-

490 2367 718 2423 brorum
760 2375 813 2420 et
860 2366 1097 2435 partium
1130 2363 1385 2419 animalis
1414 2362 1761 2433 adaptantur,
1794 2378 1904 2433 quo
1935 2379 2063 2432 pns-

491 2458 607 2514 sint
644 2456 987 2527 singulorum
1021 2454 1087 2509 ad
1125 2453 1339 2526 singula
1378 2468 1598 2508 servare
1626 2454 2060 2522 proportionem,

488 2557 543 2602 et
573 2546 944 2602 habitudinem
972 2554 1119 2600 recte
1147 2544 1545 2600 conformatam
1573 2543 1873 2608 obtineant,
1897 2551 2066 2612 utque

488 2640 746 2695 interiora
812 2638 994 2694 omnia
1064 2638 1483 2692 convenientem
1544 2636 1821 2705 accipiant
1879 2635 2063 2689 cohae—

488 2731 741 2786 rentiam.
790 2728 1051 2785 Similiter
1084 2737 1139 2783 et
1189 2727 1625 2797 uniuscujusque
1678 2726 1903 2795 propria
1939 2727 2060 2782 loca

487 2838 612 2879 cum
644 2823 793 2878 omni
839 2821 1106 2892 elegantia
1152 2835 1309 2874 mens
1356 2818 1555 2873 artifex
1599 2817 1859 2886 disponit.
1894 2816 2064 2873 Com-

490 2914 692 2985 pendio
723 2913 936 2969 dicam:
967 2920 1022 2968 et
1051 2912 1106 2965 in
1134 2910 1390 2965 omnibus
1421 2908 1564 2975 aliis,
1587 2922 1709 2978 quae
1740 2907 1942 2963 animal
1973 2907 2069 2963 ha-

486 3007 618 3063 bere
653 3006 831 3071 debet,
869 3003 1005 3060 nihil
1035 3003 1189 3059 deest
1230 3015 1429 3072 magno
1474 3000 1603 3055 huic
1631 3000 1854 3055 animali
1893 2999 2062 3056 totius

488 3095 662 3151 orbis.

486 3290 613 3332 esse
640 3273 940 3343 ingenitum
970 3273 1252 3337 artiﬁcem,
1280 3272 1374 3343 qui
1401 3271 1664 3326 elementa
1694 3271 1779 3325 vel
1804 3270 2064 3327 distantia

489 3364 871 3433 conjunxerit,
920 3362 1005 3416 vel
1040 3360 1331 3431 prmscntia
1375 3370 1567 3416 mutuo
1595 3361 1662 3415 ad
1703 3360 1908 3415 animal
1938 3376 2065 3429 pro-

488 3457 798 3513 ducendum
850 3456 1053 3513 aﬁ‘abre
1097 3454 1406 3521 miscuerit,
1452 3467 1736 3523 unumque
1776 3452 2066 3523 perfecerit

490 3566 560 3604 ex
589 3550 805 3604 cunctis
831 3564 989 3618 opus.
1015 3545 1160 3601 Fieri
1206 3547 1353 3601 enim
1387 3560 1493 3600 non
1531 3552 1729 3615 potest,
1761 3553 1822 3599 ut
1858 3544 2065 3613 absque

491 3637 689 3705 majori
727 3636 963 3706 quadam
992 3643 1172 3689 mente
1203 3632 1674 3703 sapientissimum
1714 3647 1852 3702 opus
1881 3632 2065 3687 absol-

492 3734 677 3780 vatur.
705 3722 810 3780 Sed
842 3739 944 3778 nec
964 3738 1120 3777 amor
1145 3737 1267 3780 esse
1296 3730 1477 3792 potest
1500 3729 1822 3776 cunctorum
1846 3720 2059 3791 opifex;

492 3827 604 3866 non
636 3812 932 3883 cupiditas,
970 3809 1201 3865 non'vis
1224 3850 1240 3877 ,
1272 3825 1381 3864 non
1422 3809 1555 3881 quid
1585 3809 1735 3866 aliud
1762 3810 2060 3880 ejusmodi;

493 3918 612 3972 quae
640 3902 843 3969 omnia,
874 3903 1025 3960 casui
1071 3902 1330 3968 obnoxia,
1372 3901 1560 3956 venire
1590 3910 1644 3958 et
1674 3900 1827 3956 abire
1861 3902 2059 3959 solent.

492 3992 679 4066 Neque
706 3995 867 4049 etiam
897 3993 1040 4064 quod
1069 3993 1139 4048 ab
1165 3993 1273 4048 alio
1302 3999 1551 4047 movetur
1582 3991 1730 4047 Deus
1758 4002 1862 4059 est,
1885 4007 2064 4064 neque

495 4086 641 4156 quod
676 4101 709 4140 a
748 4092 993 4154 tempore
1020 4090 1116 4139 aut
1147 4091 1345 4139 natura
1372 4089 1618 4137 mutatur
1647 4095 1712 4137 ac
1745 4079 1801 4134 in
1831 4080 2062 4135 nihilum

496 4177 806 4234 resolvitur.

562 4266 753 4322 XXVI.
793 4266 924 4336 Qua:
974 4281 1099 4322 cum
1152 4265 1219 4321 ad
1270 4265 1574 4337 Appionem
1616 4265 1997 4339 proloquerer,
2032 4281 2064 4320 e

494 4358 743 4415 (ἰδυῖαι-εει
771 4361 990 4414 advenit
1030 4358 1246 4426 Petrus,
1268 4368 1324 4415 et
1350 4373 1654 4415 concursus
1694 4358 2062 4415 multitudinis

2164 2002 2253 2066 νὸς
2280 2000 2512 2073 μεγάλου
2536 2001 2778 2072 τεχνίτου
2815 2002 3038 2073 μιγῆναι
3067 2000 3205 2073 πρὸς
3236 1999 3375 2066 ζώου
3406 1999 3617 2068 γένεσιν
3646 2000 3755 2056 οὐκ

2164 2094 2405 2161 ἐδύνατο,
2436 2094 2593 2165 172
2622 2094 2729 2147 εἴτε
2758 2094 2845 2147 ἀεὶ
2873 2093 3125 2165 ἀλλήλοις
3159 2093 3397 2164 συνῆπτε
3420 2094 3487 2160 ⁷⁵,
3523 2092 3617 2145 καλ⁵
3657 2090 3755 2145 οὖ-

2162 2202 2271 2248 τως
2308 2182 2415 2238 ὑπὸ
2441 2184 2682 2255 τεχνίτου
2710 2185 2803 2238 νοῦ
2847 2186 2985 2257 πρὸς
3012 2186 3074 2238 τὸ
3112 2187 3308 2239 οἰκεῖον
3338 2184 3447 2238 τῶν
3474 2183 3570 2237 τοῦ
3603 2182 3754 2247 ζώου

2169 2275 2343 2348 μελῶν
2390 2277 2483 2329 καὶ
2536 2276 2715 2347 μερῶν
2768 2276 3194 2348 συναρμόζεται,
3237 2276 3321 2329 ἴνα
3368 2275 3467 2347 τὴν
3509 2274 3752 2338 ὲκάσςτου

2165 2368 2300 2440 πρὸς
2327 2368 2555 2423 ἕκαστον
2587 2367 2877 2437 ἀναλογίαν
2911 2367 3216 2432 ἀποσώζειν
3246 2368 3489 2438 δύνηται,
3518 2368 3615 2421 καὶ
3646 2368 3755 2439 τὴν

2164 2461 2276 2526 ἕξιν
2314 2461 2712 2533 εὐπερίγραφον
2744 2461 2880 2533 ἔχῃ,
2916 2461 3011 2515 καὶ
3050 2460 3119 2514 τὰ
3163 2460 3373 2515 ἔνδοθεν
3418 2461 3599 2515 πάντα
3645 2460 3758 2531 τὴν

2166 2554 2543 2625 προσήκουσαν
2594 2552 2855 2625 ἁρμονίαν
2904 2551 3190 2624 λαμϐάνῃ·
3239 2552 3439 2623 ὁμοίως
3482 2570 3541 2605 τε
3562 2552 3610 2586 ⁷⁸
3651 2550 3759 2605 καὶ

2164 2645 2291 2708 τοὺς
2315 2644 2549 2708 οἰκείους
2571 2645 2772 2708 τόπους
2804 2643 3033 2699 ἑκάστου
3065 2644 3202 2715 μετά
3231 2644 3416 2714 πάσης
3442 2643 3759 2716 εὐμορφίας

2163 2737 2194 2790 ό
2220 2736 2468 2808 τεχνίτης
2497 2736 2620 2801 νοῦς
2646 2736 2880 2807 ἀκριϐοῖ.
2915 2735 3157 2789 Συνελὼν
3180 2735 3292 2806 ἐρῶ
3310 2754 3325 2768 ο
3363 2738 3457 2791 καὶ
3486 2736 3554 2789 τά
3586 2736 3754 2802 ἄλλα,

2165 2830 2264 2885 ὅσα
2300 2829 2430 2884 ποτὲ
2459 2830 2595 2895 ζῶον
2620 2829 2700 2882 δεῖ
2728 2828 2892 2899 ἔχειν,
2928 2829 3079 2882 οὐδὲν
3109 2828 3326 2883 ἐνέλιπε
3347 2830 3393 2863 ⁷⁸
3416 2828 3493 2901 τῷ
3522 2830 3759 2901 μεγάλῳ

2164 2922 2337 2993 τούτῳ
2362 2920 2486 2993 ζώῳ
2510 2922 2609 2993 τῆς
2632 2920 2760 2992 ὅλης
2782 2921 3104 2994 περιφορᾶς.

556 3125 726 3239 KV.
767 3182 849 3239 lta
917 3181 1229 3238 necessario
1276 3179 1502 3251 intelligi
1558 3180 1718 3235 debet
1768 3179 2060 3251 quemdam

2232 3161 2399 3219 XXV.
2431 3162 2876 3234 Οὐτως,,ἀνάγκη
2903 3163 3024 3217 τινά
3049 3157 3187 3220 εἶναι
3224 3165 3360 3217 νοεῖν
3377 3164 3424 3195 ⁷⁷
3450 3163 3760 3236 ἀγέννητον

2162 3256 2432 3326 τεχνίτην,
2461 3255 2520 3318 ὃς
2546 3254 2615 3309 τά
2643 3257 2879 3325 στοιχεῖα
2917 3254 2949 3326 ἢ
2979 3254 3240 3308 διεστῶτα
3272 3255 3579 3326 συνήγαγεν
3601 3256 3681 3322 ⁷⁸,
3720 3257 3755 3329 ἦ

2166 3348 2389 3402 συνόντα
2419 3346 2667 3418 ἀλλήλοις
2702 3347 2838 3420 πρὸς
2880 3345 3019 3413 ζὼου
3062 3347 3275 3416 γένεσιν
3322 3347 3583 3418 τεχνικῶς
3622 3349 3759 3405 ἐκέ-

2167 3457 2298 3512 ρασε
2335 3440 2428 3492 καὶ
2464 3438 2522 3492 ἒν
2548 3440 2612 3493 ὲκ
2644 3438 2860 3496 πάντων
2892 3438 3049 3511 ἔργον
3078 3438 3417 3495 ἀπετέλεσεν.
3460 3438 3759 3495 Ἀδύνατον

2164 3532 2272 3603 γὰρ
2299 3532 2426 3586 ἄνευ
2454 3530 2595 3593 τινὸς
2621 3530 2714 3585 νοῦ
2746 3531 2987 3602 μείζονος
3028 3530 3170 3585 πάνυ
3217 3530 3377 3599 σοφὸν
3414 3530 3573 3603 ἔργον
3608 3532 3761 3585 ἀπο-

2163 3624 2450 3679 τελεῖσθαι.
2489 3623 2623 3678 Οὐδὲ
2669 3624 2775 3695 μὴν
2821 3622 2959 3695 ἔρως
2988 3623 3035 3655 ⁷⁸
3080 3618 3218 3676 εἶναι
3262 3622 3481 3676 δύναται
3524 3623 3757 3678 πάντων

2163 3715 2431 3787 τεχνίτης,
2467 3714 2567 3767 οὐκ
2595 3712 2880 3785 ἐπιθυμία,
2910 3713 3009 3766 οὐκ
3043 3714 3215 3787 ίσχύς,
3253 3713 3355 3767 οὐκ
3390 3713 3518 3768 ἄλλο
3546 3732 3599 3768 τι
3636 3732 3762 3769 τοιο

2164 3805 2340 3873 οὖτον,
2363 3805 2399 3859 ἀ
2427 3824 2545 3859 τινα
2572 3804 2790 3877 παθητά
2822 3802 3136 3875 συμϐαίνειν
3161 3804 3257 3857 καὶ
3291 3804 3612 3857 ἀποϐαίνειν
3646 3806 3758 3859 πέη

2171 3916 2361 3968 φυκεν.
2394 3897 2532 3950 Ἀλλ’
2563 3897 2685 3951 οὐδὲ
2708 3896 2768 3949 τὸ
2797 3897 2887 3967 ὑφ’
2919 3896 3105 3969 ἐτέρου
3136 3896 3431 3967 φερόμενόν
3456 3896 3756 3965 ἐστιθεὸς,

2166 3990 2287 4047 οὐδέ
2322 4008 2385 4059 γε
2406 3989 2598 4057 τὸξύπδ
2623 3989 2817 4063 χρόνου
2841 3989 2873 4059 ἢ
2902 3989 3115 4058 φύσεως
3140 3988 3516 4061 ἀλλοιούμενον
3538 3988 3631 4042 καὶ
3666 3991 3757 4056 είς

2170 4087 2231 4140 τὸ
2256 4087 2451 4165 μηκέτι
2476 4083 2613 4139 εἶναι
2634 4084 3011 4156 ἀναλυόμενον.

2236 4265 2427 4321 XXVI.
2461 4265 2647 4319 Ταῦτά
2702 4283 2804 4337 μου
2849 4265 3229 4338 διαλεγομένου
3281 4266 3418 4338 πρὸς
3463 4266 3553 4319 τὸν
3606 4266 3757 4320 ’Λπ-

2165 4360 2363 4427 πίωνα,
2394 4359 2502 4414 ἀπὸ
2548 4358 2883 4430 Καισαρείας
2934 4360 3089 4429 173
3134 4358 3335 4428 ἐπέστη
3376 4358 3601 4430 Πέτρος.
3650 4358 3761 4412 καὶ

496 4452 551 4506 in
583 4450 726 4521 Tyro
769 4452 898 4508 facti
939 4460 1090 4519 sunt,
1136 4450 1442 4506 festinantis
1471 4451 1574 4521 ipsi
1609 4465 1899 4506 occurrere
1937 4466 2061 4521 grao

2168 4451 2463 4523 συνδρομαὶ
2490 4450 2598 4503 τῶν
2621 4449 2793 4520 ὄχλων
2818 4448 3064 4517 ἐγένοντο
3092 4450 3149 4502 ὲν
3175 4452 3241 4520 τῇ
3273 4449 3452 4521 Τύρῳ,
3487 4449 3758 4503 σπευδόν-

495 4542 735 4612 tiamque
763 4542 1026 4598 adventus
1054 4542 1317 4613 proﬁteri.
1359 4541 1427 4601 Et
1457 4541 1669 4612 Appion
1710 4541 1932 4611 quidem
1973 4556 2060 4595 se-

2168 4563 2264 4603 εων
2296 4544 2546 4613 ὐπαντᾷν
2573 4542 2722 4613 αὐτῷ
2757 4542 2852 4596 καὶ
2880 4541 3037 4613 χάριν
3058 4544 3124 4615 τῇ
3158 4540 3418 4611 ἐπιδημίᾳ
3440 4540 3755 4612 ὁμολογεῖν.

496 4634 663 4691 cessit
704 4650 828 4693 cum
874 4635 1264 4705 Αηιὼὶοηεει
1285 4634 1632 4690 Athenodoro
1662 4634 1823 4699 solis;
1864 4634 2059 4702 reliqui

2168 4642 2266 4696 Καὶ
2291 4642 2319 4693 ό
2355 4637 2451 4709 μὲν
2468 4633 2709 4688 Ἀππίων
2736 4632 3007 4703 ὑπεχώρει
3042 4635 3158 4704 μετ’
3218 4632 3569 4695 ’Λνουϐίωνος
3588 4633 3635 4664 ⁸⁸
3651 4635 3762 4688 καὶ

498 4742 626 4785 vero
652 4743 841 4785 omnes
871 4726 1032 4783 Petro
1059 4727 1274 4783 obviam
1306 4726 1431 4782 ituri
1458 4728 1815 4798 prodivimus.
1844 4725 2059 4780 Primus

2172 4726 2540 4799 Ἀθηνοδώρου
2579 4724 2775 4795 μόνων,
2808 4723 2857 4777 οί
2887 4722 2944 4776 δὲ
2984 4722 3130 4776 ἄλλοι
3162 4722 3360 4786 πάντες
3388 4723 3464 4786 ὡς
3496 4722 3763 4796 ἀπαντη-

497 4830 679 4875 autem
711 4834 810 4892 ego
844 4829 968 4875 ante
992 4829 1178 4890 portas
1206 4836 1330 4875 eum
1357 4819 1636 4900 excipiens
1660 4820 1728 4874 ad
1762 4818 2058 4890 hospitium

2168 4822 2381 4891 σόμενοι
2402 4820 2443 4850 ⁸⁷
2467 4817 2544 4889 τῷ
2572 4816 2765 4885 Πέτρῳ
2789 4814 3144 4885 ὡρμήσαμεν.
3173 4814 3393 4885 Πρῶτος
3415 4813 3471 4866 δὲ
3502 4813 3612 4883 ἐγὼ
3636 4816 3763 4887 πρὸ

497 4912 647 4967 duxi.
676 4912 779 4969 Ubi
808 4928 933 4969 cum
965 4911 1190 4976 fuimus,
1221 4912 1431 4981 plebem
1474 4911 1693 4982 quidem
1726 4911 2057 4977 dimisimus,

2168 4913 2274 4967 τῶν
2304 4910 2484 4963 πυλῶν
2513 4906 2909 4977 ἀποδεξάμενος
2939 4905 3098 4957 αὐτὸν
3128 4907 3225 4957 ὲπὶ
3254 4907 3354 4976 τὴν
3378 4905 3553 4969 ξενίαν
3583 4902 3757 4977 ἦγον.

497 5001 548 5057 ei
584 5017 712 5057 vero
750 5002 980 5073 roganti,
1024 5011 1081 5057 ut
1124 5014 1244 5059 acta
1286 5018 1598 5066 narrarem,
1648 5003 1781 5059 nihil
1824 5003 2057 5057 abscon-

2180 5003 2265 5065 Ὠς
2293 5001 2349 5053 δὲ
2378 4997 2692 5069 ἐγενόμεθα,
2716 4997 2845 5059 τοὺς
2877 4995 2973 5067 μὲν
2992 4994 3181 5065 ὄχλους
3206 4995 3575 5067 ἀπελύσαμεν,
3593 4995 3760 5069 αὐτῷ

498 5090 638 5160 didi;
664 5092 758 5148 sed
789 5090 1029 5148 Simonis
1057 5094 1290 5151 iudicavi
1315 5094 1618 5155 calumnias
1638 5106 1691 5149 et
1716 5102 2060 5166 portentosas

2168 5093 2223 5147 δὲ
2258 5090 2547 5157 ἁξιώσαντί
2582 5106 2649 5163 με
2683 5087 2751 5141 τά
2789 5085 3097 5159 πραχθέντα
3125 5085 3300 5156 λέγειν
3331 5086 3481 5142 οὐδὲν
3511 5087 3764 5158 ἀπεκριν-

1798 5251 2028 5307 VARUS
2070 5250 2470 5310 LECTIONES.

567 5403 762 5481 ⁷¹θεός
795 5402 859 5459 Ο.
937 5402 1083 5481 "_Ita
1124 5402 1168 5456 Ο
1196 5418 1264 5481 nc.
1378 5443 1392 5465 ,
1418 5402 1641 5481 Θεόνρ.
1718 5404 1765 5435 ⁷³
1787 5403 2035 5481 summ
2058 5402 2124 5481 O_.
2160 5405 2297 5481 Tum
2332 5408 2426 5460 ἀπ’
2453 5406 2612 5481 ἄλλου
2649 5406 2723 5481 8,-
2755 5477 2784 5481 _
2805 5407 2949 5481 “Ara
2970 5424 3027 5481 τε
3053 5404 3170 5481 Δγάρ
3195 5408 3434 5481 στοιχεῖα
3466 5404 3603 5481 τὰς
3625 5404 3757 5461 εἴτε

497 5474 862 5545 ἀείίάλλήλοις
892 5474 1158 5545 συνῆπτον
1189 5472 1278 5545 Οᾲ,
1313 5474 1647 5545 internicdiis
1681 5474 1960 5545 vocabulis
2003 5477 2244 5532 omissis.
2350 5481 2398 5512 ⁷⁵
2418 5494 2478 5529 τε
2535 5475 2571 5529 S
2602 5517 2616 5540 ,
2664 5477 2724 5529 τό
2746 5477 2809 5537 C,
2841 5475 2904 5531 0.
2980 5478 3026 5508 ⁷⁸
3048 5472 3152 5528 ὅσα
3186 5472 3451 5539 ποτεζῶν
3475 5474 3554 5527 δεῖ
3574 5476 3756 5544 ἔχειν,

495 5543 649 5595 οὐδὲν
675 5542 925 5618 ἐνέλειπε
944 5542 1020 5598 C.
1084 5550 1127 5581 ⁷⁷
1159 5543 1281 5596 νοῦν
1304 5542 1368 5597 Ο.
1445 5544 1585 5618 ⁷⁸]ηά
1611 5547 1846 5618 στοιχεῖα
1881 5544 2118 5618 ἡδίστως
2148 5546 2178 5616 ἢ
2218 5549 2525 5618 συνήγαγεν
2638 5588 2652 5611 ,
2690 5549 2997 5617 συνήγαμεν
3029 5562 3090 5618 ex
3128 5546 3397 5618 Cotclcrto
3436 5542 3755 5618 minusac-

498 5620 687 5687 cu_r_atc
713 5625 866 5669 notat
894 5614 939 5687 Si
965 5656 977 5678 ,
1009 5630 1133 5669 cum
1161 5624 1335 5687 exstet
1369 5613 1573 5687 ap._Cl.
1672 5618 1716 5687 7?
1749 5613 2067 5687 Secundum
2089 5613 2466 5687 l’ariiieiiiuelu
2497 5627 2549 5671 ct
2573 5613 2981 5687 Empedoclem.
3031 5617 3114 5687 (if.
3145 5615 3399 5687 Karsten,
3432 5615 3754 5687 I’urmeuid.

501 5683 648 5756 reliq.
677 5700 728 5737 v.
756 5686 877 5740 1³51.
902 5686 1115 5754 Emped.
1149 5685 1321 5754 reliq.,
1343 5700 1394 5753 p.
1416 5683 1516 5736 546
1538 5700 1655 5751 sqq.
1680 5683 1844 5756 Arist.
1872 5683 2099 5753 .iletaph.
2132 5684 2170 5752 Ι,
2200 5690 2252 5756 4,
2286 5688 2335 5743 l.
2368 5688 2423 5743 S.
2469 5694 2515 5728 ⁸ο
2539 5683 2913 5750 ’Λπρθὸυϐίωνος
2937 5686 2999 5741 Ο.
3031 5686 3165 5741 Tum
3200 5685 3356 5756 μόνον
3371 5686 3430 5739 6.
3506 5685 3755 5741 “artav-

497 5755 729 5829 τήσομεν
761 5755 804 5811 Ο
833 5797 846 5824 ,
876 5753 1125 5830 adactam
1152 5764 1452 5813 correctum
1486 5756 1536 5810 in
1570 5753 2015 5829 ἀπαντησὰμενοι.
