4004 6332
225 343 320 398 217

1272 334 1730 393 CLEMENTINA.
1770 365 1840 378 -—-
1875 331 2159 390 HOMILlA
2187 329 2304 387 VII.

3359 315 3462 375 218

225 457 452 527 πτόμην,
479 453 594 508 ἀλλ’
620 453 856 524 ἐμήνυον
897 451 996 516 τάς
1035 468 1094 505 τε
1127 451 1220 504 τοῦ
1264 451 1506 522 Σίμωνος
1541 448 1784 512 διαϐολὰς

1893 447 2200 520 praestigias
2245 446 2316 502 ab
2345 447 2463 516 ipso
2503 442 2698 510 editas,
2731 451 2974 513 quotque
3013 439 3239 498 morbos
3279 438 3461 496 immi.

223 553 310 605 καὶ
343 551 443 613 τὰς
475 546 800 618 τερατώδεις
837 544 1134 615 φαντασίας
1167 544 1258 598 ὑπ’
1293 543 1456 597 αὐτοῦ
1491 542 1791 615 γεγενημέ-

224 656 329 705 νας,
381 638 476 690 καὶ
521 637 653 699 ὅσας
702 635 946 708 ἐπεμψεν
989 623 1174 697 νόσους
1196 633 1242 665 ⁸¹
1278 633 1414 705 μετὰ
1445 631 1543 703 τὴν
1579 633 1643 686 ὲκ
1691 633 1790 704 τῆς

226 728 506 800 βουθυσίας
531 725 794 795 ἑστίασιν,
828 727 923 780 καὶ¹
957 726 1037 780 δτι
1067 725 1131 779 ὲκ
1153 725 1262 778 τῶν
1284 722 1580 778 νοσούντων
1611 724 1660 776 οἱ
1694 723 1790 795 μὲν

223 818 435 873 αὐτόθεν
454 818 503 850 ⁸³
530 815 857 889 κατέμειναν
896 819 953 871 ὲν
980 819 1046 888 τῇ
1079 816 1260 890 Τύρῳ,
1296 817 1346 870 οἱ
1384 816 1442 872 δὲ
1482 815 1560 887 τῷ
1590 815 1790 887 Σίμωνι

222 909 328 979 ἅμα
363 909 444 980 τῷ
490 908 593 980 ἐμὲ
631 908 808 962 ἐλθεῖν
851 906 1356 980 συνεξεληλύθεισαν
1371 907 1418 941 ⁸⁸
1443 911 1524 973 είς
1561 908 1658 980 τὴν
1702 907 1790 960 Σι-

221 1002 372 1068 δῶνα,
391 1001 469 1064 ὡς
493 1001 584 1055 ὑπ’
607 1000 757 1072 αὐτῷ
772 1001 818 1033 ⁸⁸
843 1001 1389 1074 θεραπευθησόμενοι,
1414 1003 1508 1056 καὶ
1527 1002 1608 1056 ὃτι
1631 1001 1790 1073 ἐμάν-

222 1093 368 1146 θανον
393 1091 603 1164 μηδένα
624 1092 802 1148 αὐτῶν
828 1092 1021 1157 ἰάσεως
1046 1092 1402 1164 τετυχηκέναι
1431 1093 1521 1147 ὑπ’
1543 1091 1691 1164 αύτῷ
1706 1093 1754 1128 ⁸⁵
1771 1109 1785 1123 ο

220 1186 304 1239 καὶ
324 1183 425 1256 τὴν
459 1184 601 1256 πρὸς
638 1182 920 1239 Ἀππίωνά
943 1194 1033 1256 μοι
1061 1183 1430 1256 γεγενημένην
1459 1180 1687 1249 διάλεξιν
1712 1183 1790 1255 τῷ

220 1277 404 1348 Πέτρῳ
435 1275 811 1348 διηγησάμην.
868 1277 925 1332 '0
966 1275 1024 1331 δὲ
1072 1277 1306 1349 στοργῆς
1337 1277 1431 1330 καὶ
1479 1275 1792 1348 προτροπῆς

219 1367 367 1438 χάριν
391 1366 692 1431 ἐπαινέσας
717 1385 785 1439 με
808 1366 912 1423 καὶ
927 1367 1244 1440 εὐλογήσας,
1279 1367 1420 1426 ἀλῶν
1453 1368 1789 1440 μεταλαϐὼν,

215 1458 294 1512 διὰ
319 1461 448 1524 τοὺς
491 1457 777 1530 καμάτους
811 1459 912 1531 τῆς
947 1460 1253 1533 ὁδοιπορίας
1290 1464 1360 1534 τῇ
1390 1459 1790 1532 ἀναγκαιοτάτη

216 1551 404 1623 ἡσυχία
429 1549 529 1604 τοῦ
553 1547 724 1604 ὕπνου
756 1549 945 1604 ἑαυτὸν
968 1551 1285 1624 ἐπέτρεπεν.

725 1753 986 1826 ὀΜΙΑῐΑ
1035 1756 1088 1809 Ζο
1127 1753 1263 1827 (ιε).

274 1869 314 1923 1.
353 1868 434 1940 Τῇ
457 1867 509 1900 ⁸⁷
536 1867 777 1940 τετάρτῃ
797 1868 855 1922 δὲ
882 1866 1069 1939 ἡμέρᾳ
1097 1867 1197 1939 τῆς
1217 1872 1275 1920 ὲν
1301 1867 1462 1940 Τύρῳ
1489 1868 1648 1939 ἡμῶν
1674 1868 1796 1922 ὲπι-

211 1959 420 2028 δημίας,
441 1957 552 2012 ὑπὸ
572 1957 674 2028 τὴν
701 1956 862 2028 174
879 1956 1073 2029 ὄρθρον
1092 1957 1479 2030 προεληλυθότι
1498 1958 1577 2029 τῷ
1601 1959 1793 2030 Πέτρῳ

212 2045 456 2117 ἀπήντων
488 2046 863 2120 πλησιόχωροί
881 2063 940 2100 τε
971 2047 1072 2100 οὐκ
1096 2047 1264 2116 ὀλίγοι
1294 2049 1390 2102 καὶ
1423 2049 1593 2120 αὐτῆς
1613 2049 1790 2122 Τύρου

207 2137 536 2208 πάμπολλοι,
564 2138 662 2191 καὶ
703 2136 1015 2208 ἐπεφώνουν
1043 2138 1310 2208 λέγοντες,
1346 2143 1403 2196 '0
1426 2141 1558 2205 Θεὸς
1583 2141 1674 2196 διὰ
1697 2142 1792 2195 σοῦ

202 2230 356 2301 ἡμᾶς
374 2229 616 2294 ὲλεείτω,
640 2230 733 2285 διὰ
759 2229 855 2284 σοῢ
878 2229 1242 2303 θεραπευέτω.
1274 2234 1331 2288 Ὀ
1354 2234 1410 2288 δὲ
1433 2235 1638 2307 Πέτρος
1661 2234 1792 2307 ἔστη

203 2323 303 2375 ἐπὶ
362 2321 518 2374 λίθον
560 2323 708 2386 τινὸς
757 2322 962 2394 ὑψηλοῦ
1011 2323 1148 2396 πρὸς
1201 2325 1264 2378 τὸ
1321 2325 1580 2381 δύνασθαι
1626 2328 1792 2381 πᾶσιν

204 2411 471 2482 ὁρᾶσθαι,
520 2413 608 2465 καὶ
650 2411 1102 2484 προσαγορεύσας
1148 2411 1388 2468 θεοσεϐεῖ
1427 2412 1578 2485 νόμῳ
1621 2412 1792 2478 οὕτως

204 2502 443 2573 ἤρξατο·

281 2595 350 2648 Π.
390 2593 505 2665 Θεῷ
533 2595 616 2667 τῷ
653 2595 904 2649 κτίσαντι
929 2594 1023 2650 τὸν
1062 2596 1290 2668 οὐρανὸν
1319 2595 1416 2652 καὶ
1454 2597 1516 2652 τὺ
1565 2596 1790 2669 σύμπαν

197 2686 264 2738 ού
297 2685 473 2737 λείπει
523 2687 802 2758 πρόφασις
856 2686 994 2758 πρὸς
1042 2688 1316 2760 σωτηρίαν
1361 2689 1468 2744 τῶν
1521 2687 1787 2754 σώζεσθαι

195 2775 483 2831 θελόντων.
507 2777 670 2832 Ὅθεν
697 2779 831 2850 μηδὲ
861 2781 954 2835 ἐπὶ
975 2782 1020 2814 ⁸⁸
1046 2785 1158 2845 τοῖς
1185 2781 1403 2835 δοκοῦσι
1431 2781 1652 2852 φαύλοις
1681 2782 1788 2836 ὑπὸ

199 2871 536 2938 προπετείας
585 2888 670 2935 τις
706 2871 866 2926 αὐτὸν
899 2875 976 2937 ὡς
1012 2874 1086 2946 μὴ
1106 2875 1152 2907 ⁸⁸
1197 2874 1577 2948 φιλάνθρωπον
1613 2874 1788 2929 αἰτιάο

205 2959 333 3014 σθω.
391 2959 514 3014 Τῶν
560 2963 672 3035 γὰρ
717 2963 1120 3036 συμϐαινόντων
1156 2965 1427 3039 ἀνθρώπῳ
1458 2966 1503 2999 ⁹⁰
1541 2967 1609 3021 τὰ
1655 2965 1784 3038 τέλη

204 3052 509 3123 ἀνθρώποις
557 3055 656 3126 μὲν
690 3057 972 3126 ἄγνωστα,
1018 3058 1095 3122 ὠς
1141 3058 1240 3112 ἐπὶ
1284 3058 1441 3130 κακῷ
1490 3058 1787 3112 ὑποπτευό-

211 3161 339 3212 μενα
362 3145 431 3208 ",
460 3146 586 3217 Θεῷ
611 3146 668 3200 δὲ
703 3147 778 3212 ώς
805 3149 1190 3221 ἀποϐησόμενα
1230 3149 1471 3221 εὐτυχῶς
1511 3150 1781 3224 γνώριμα.

1890 542 2021 596 serit
2058 548 2185 612 post
2228 538 2362 596 illud
2401 553 2471 594 ex
2514 535 2800 593 immolato
2832 534 2970 590 bore
3024 533 3364 598 convivium,
3410 543 3464 592 et

1891 634 2036 707 quod
2072 649 2139 689 ex
2169 629 2388 703 aegrotis
2416 629 2507 684 alii
2537 627 2756 699 quidem
2793 625 2906 681 illic
2934 625 3077 694 apud
3105 623 3306 694 Tyrum
3339 639 3466 694 per-

1890 726 2224 792 manserint,
2261 722 2354 778 alii
2387 735 2518 777 vero
2547 719 2714 776 simul
2743 733 2810 773 ac
2835 732 2936 787 ego
2962 716 3088 772 veni
3120 715 3326 786 egressi
3353 714 3466 773 sint

1892 832 2013 873 cum
2059 815 2282 871 Simone
2310 814 2366 868 in
2409 811 2689 878 Sidonem,
2732 817 2996 878 tanquam
3023 807 3094 862 ab
3121 821 3187 861 eo
3210 804 3462 872 sanandi,

1891 911 2146 983 quodque
2179 906 2443 964 audierim
2488 904 2700 960 nullum
2733 915 2922 958 eorum
2948 898 3018 954 ab
3055 897 3175 968 ipso
3211 905 3462 953 sanatum

1892 1002 2088 1070 fuisse;
2131 999 2228 1056 sed
2275 992 2330 1055 et
2383 1012 2562 1053 meam
2612 995 2874 1051 adversus
2921 990 3225 1062 Appionem
3272 988 3465 1059 dispu-

1893 1096 2152 1152 tationem
2192 1091 2353 1148 Pctro
2379 1091 2562 1146 retuli.
2587 1090 2658 1144 At
2685 1089 2777 1144 ille
2807 1102 2920 1159 pra:
2961 1099 3148 1142 amore
3171 1091 3226 1139 et
3260 1081 3463 1138 exhor-

1891 1189 2042 1245 tandi
2072 1188 2243 1260 gratia
2282 1187 2340 1243 in
2370 1201 2459 1242 me
2495 1183 2712 1240 laudem
2745 1196 2810 1237 ac
2852 1177 3288 1235 benedictionem
3331 1191 3465 1232 cou-

1894 1282 2047 1350 tulit;
2084 1289 2138 1336 et
2177 1279 2301 1335 cibo
2334 1285 2552 1348 sumpto
2580 1291 2641 1332 se
2667 1272 2848 1331 somni
2875 1271 3072 1343 quieti,
3097 1285 3219 1341 quae
3259 1269 3335 1324 ob
3367 1267 3461 1327 iti-

1894 1373 2478 1444 nerisifatigationcm
2520 1369 2758 1427 maxime
2807 1376 2926 1424 erat
2967 1363 3304 1430 necessaria,
3347 1369 3462 1418 tra:

1893 1466 2048 1523 didit.

2457 1754 2745 1816 HOMILIA
2783 1753 2896 1812 VII.

1823 1882 1868 1939 Β
1943 1858 1989 1915 l.
2048 1853 2256 1920 Quarto
2292 1867 2422 1908 vero
2448 1852 2534 1907 die
2570 1851 2743 1907 nostri
2774 1850 2918 1922 apud
2961 1848 3166 1922 Tyrum
3194 1847 3462 1903 adventus

1893 1947 1995 2003 sub
2030 1945 2330 2001 diluculum
2363 1935 2585 2016 egresso
2633 1943 2796 2000 Petro
2825 1949 3214 2014 processerunt
3242 1938 3462 1996 obviam

1892 2053 2002 2094 non
2032 2039 2191 2109 pauci
2234 2037 2473 2105 ﬁnitimi,
2498 2053 2562 2092 ac
2593 2053 2656 2092 ex
2705 2037 2820 2107 ipsa
2849 2035 2994 2108 Tyro
3043 2031 3457 2103 quamplurimi,

1891 2140 1947 2187 et
1974 2131 2351 2188 acclamabant
2384 2132 2628 2193 dicentes
2659 2150 2672 2186 :
2715 2129 2862 2185 Deus
2883 2145 2978 2200 per
3006 2137 3056 2184 te
3084 2127 3257 2182 nostri
3288 2126 3458 2182 mise-

1891 2235 2096 2290 reatur,
2122 2240 2218 2296 per
2257 2234 2310 2280 te
2337 2239 2437 2281 nos
2463 2232 2637 2280 curet.
2686 2223 2883 2279 Petrus
2915 2238 3043 2278 vero
3074 2221 3223 2278 stetit
3272 2221 3327 2274 in
3359 2236 3460 2276 ex-

1891 2317 2038 2374 celso
2065 2315 2265 2387 lapide,
2302 2325 2361 2371 ut
2388 2316 2459 2372 ab
2489 2316 2744 2372 omnibus
2781 2325 2966 2388 posset
3002 2313 3267 2384 conspici,
3304 2326 3454 2369 cum-

1889 2426 1999 2482 que
2022 2411 2280 2485 religioso
2301 2427 2456 2468 more
2481 2411 2777 2468 salutasset
2828 2410 2903 2466 ita
2939 2423 3171 2466 exorsus
3194 2414 3310 2463 est:

1958 2584 2025 2643 ll.
2072 2586 2180 2641 Deo
2205 2584 2438 2643 creatori
2461 2584 2584 2640 εαξὶί
2613 2593 2668 2639 et
2693 2583 2882 2639 mundi
2921 2600 3029 2639 non
3060 2583 3212 2638 deest
3240 2582 3457 2637 occasio

1888 2683 1957 2738 ad
1999 2679 2233 2736 salutem
2288 2692 2480 2734 eorum
2526 2678 2620 2747 qui
2674 2675 2879 2732 servari
2925 2676 3130 2730 volunt.
3185 2673 3456 2741 Quocirca

1890 2788 2068 2845 neque
2089 2773 2145 2827 in
2173 2772 2263 2840 iis,
2297 2787 2419 2842 quae
2453 2770 2705 2825 videntur
2733 2771 2895 2837 mala,
2927 2769 3125 2840 aliquis
3151 2785 3247 2840 per
3282 2775 3460 2823 teme-

1886 2866 2098 2920 ritatem
2118 2864 2271 2919 illum
2283 2864 2430 2919 velut
2446 2863 2726 2918 hominum
2741 2879 2847 2917 non
2864 2869 3132 2916 amantem
3158 2861 3455 2919 insimulet.

1886 2956 2090 3012 Eorum
2136 2957 2305 3022 enim,
2349 2971 2471 3027 qua:
2498 2955 2714 3011 mortali
2761 2953 3035 3019 accidunt,
3071 2955 3205 3008 lines
3235 2953 3456 3024 quidem

1887 3049 2202 3106 hominibus
2241 3048 2502 3120 incogniti
2546 3056 2694 3114 sunt,
2736 3062 2800 3102 ac
2838 3046 2905 3102 de
2937 3046 3141 3100 malitia
3188 3045 3452 3115 suspecti,

1889 3141 2000 3197 Deo
2029 3151 2211 3198 autem
2257 3143 2479 3212 cogniti,
2509 3151 2569 3198 ut
2595 3142 2807 3199 cessuri
2847 3139 3098 3196 feliciter.
3139 3139 3324 3211 Itaque
3369 3141 3456 3195 Si-

206 3235 406 3291 Αύτίκα
439 3236 575 3305 γοῦν
620 3238 803 3310 Σίμων
851 3239 1115 3312 ἀριστερὰ
1147 3240 1242 3294 τοῦ
1285 3240 1418 3294 Θεοῦ
1445 3240 1672 3312 δύναμις
1708 3239 1783 3296 ὢν

1889 3249 2038 3301 mon,
2071 3233 2167 3303 qui
2188 3232 2411 3289 sinistra
2439 3232 2534 3288 Dei
2561 3233 2736 3288 virtus
2762 3241 2864 3298 est,
2890 3239 3322 3300 potestatemque
3353 3230 3454 3286 ha-

205 3329 296 3381 καὶ
347 3329 458 3382 τῶν
501 3331 595 3384 τὸν
633 3331 765 3385 Θεὸν
807 3331 908 3384 οὐκ
949 3331 1164 3385 εἰδότων
1208 3333 1302 3387 ἐπὶ
1348 3335 1641 3406 κακοποιίᾳ
1685 3333 1785 3407 τὴν

208 3417 446 3483 ἐξουσίαν
480 3420 618 3490 ἔχων
639 3422 814 3485 νόσοις
843 3422 987 3493 ὑμᾶς
1016 3423 1326 3494 περιϐαλεῖν
1356 3425 1614 3496 ἠδυνήθη,
1643 3427 1782 3479 αἴτι-

210 3525 294 3572 νες
337 3509 425 3564 διὰ
475 3510 577 3581 τήν
617 3511 713 3565 τοῦ
764 3512 898 3566 Θεοῦ
945 3513 1156 3585 ἀγαθὴν
1228 3514 1484 3585 πρόνοιαν
1532 3515 1781 3583 γενέσθαι

211 3601 635 3671 συγχωρηθεῖσαι
657 3602 972 3671 ἠνάγκασαν
999 3603 1163 3673 ὑμᾶς,
1199 3603 1291 3658 τὸν
1338 3603 1516 3657 ἰᾶσθαι
1549 3605 1782 3676 δυνάμε-

209 3706 294 3743 νον
340 3691 846 3763 περιϐλεψαμένους
888 3691 980 3746 καὶ
1017 3693 1308 3764 εὑρόντας,
1366 3694 1634 3765 προφάσει
1683 3695 1784 3764 τῆς

215 3783 302 3835 τοῦ
333 3784 584 3854 σώματος
620 3783 916 3857 θεραπείας
936 3787 1004 3840 τὰ
1022 3786 1140 3856 Θεῷ
1167 3785 1426 3839 δοκοῦντα
1447 3786 1780 3857 ἀναδεξαμέ-

212 3888 347 3936 νους,
381 3875 668 3946 πεισθῆναι
699 3879 934 3947 φρονεῖν,
967 3876 1053 3930 ἵνα
1083 3874 1255 3938 οὕτως
1281 3874 1394 3945 ἅμα
1423 3878 1534 3939 τοῖς
1567 3873 1779 3946 σώμασι

214 3964 608 4037 εωθησομένοις
636 3968 732 4020 καὶ
760 3967 860 4030 τὰς
887 3967 1064 4037 ψυχὰς
1095 3965 1241 4030 σώας
1274 3965 1457 4036 ἔχητε.

271 4055 354 4109 ill.
373 4057 648 4111 Μανθάνω
675 4054 790 4121 οὖν,
813 4056 888 4120 ώς
914 4057 1251 4128 βουθυτήσας
1301 4057 1538 4113 ἑστίασιν
1567 4058 1612 4091 ’³
1635 4059 1780 4129 ὑμᾶς

211 4148 260 4200 ὲν
285 4151 420 4222 μέσῃ
441 4153 511 4221 τῇ
534 4150 734 4221 ἀγορᾷ,
757 4150 851 4203 καὶ
879 4148 1050 4213 οὕτως
1075 4150 1234 4221 ὑμεῖς
1253 4150 1380 4221 οῖνῳ
1405 4149 1586 4221 πολλῷ
1606 4165 1778 4222 παρε-

211 4241 481 4310 νεχθέντες
529 4241 648 4312 ἅμα
690 4243 801 4305 τοῖς
849 4243 1104 4312 πονηροῖς
1148 4240 1368 4312 δαίμοσι
1405 4241 1496 4295 τὸν
1544 4242 1778 4314 ἄρχοντα

207 4332 374 4385 αὐτῶν
411 4332 874 4403 ὲιριλοφρονεῖσθε,
907 4332 1003 4386 καὶ
1045 4331 1223 4396 οὕτως
1259 4332 1415 4404 ὑμῶν
1459 4334 1509 4387 οἱ
1539 4334 1777 4388 πλεῖστοι

206 4425 303 4476 {me
333 4426 440 4478 τῶν
473 4426 663 4480 παθῶν
699 4425 854 4496 175
889 4426 1324 4499 κατελήφθησαν,
1367 4427 1591 4495 ἀγνοίας
1629 4428 1777 4500 αἰτία

208 4515 319 4568 καθ’
350 4518 557 4571 ἑαυτῶν
589 4517 747 4580 ἰδίαις
774 4519 959 4589 χερσὶν
988 4519 1422 4590 ἐπισπασάμενοι
1447 4519 1508 4572 τὸ
1536 4519 1629 4573 τοῦ
1660 4519 1775 4574 ὀλέ-

203 4610 324 4680 θρου
365 4612 533 4681 ξίφος.
565 4613 642 4666 Οὐ
688 4611 796 4684 γὰρ
827 4613 892 4666 ἂν
938 4613 1037 4685 τὴν
1074 4613 1197 4668 καθ’
1237 4614 1389 4684 ὑμῶν
1427 4614 1585 4685 ἔσχον
1619 4613 1771 4678 ἐξου-

203 4703 319 4757 σίαν
354 4706 402 4756 οἱ
426 4705 701 4775 δαίμονες,
733 4704 780 4756 εί
824 4702 900 4776 μὴ
931 4704 1196 4776 πρότερον
1229 4704 1308 4776 τῷ
1335 4705 1558 4777 ἄρχοντι
1595 4703 1772 4758 αὐτῶν

199 4794 485 4862 egestam:
513 4794 834 4863 ἐγεγόνειτε.
878 4793 1033 4849 Οὕτω
1056 4795 1165 4866 γὰρ
1203 4795 1520 4868 ὰπαρχῆς⁹³
1545 4794 1649 4848 ὑπὸ
1677 4793 1771 4847 τοῦ

202 4887 375 4940 πάντα
409 4888 694 4951 κτίσαντος
720 4886 857 4941 Θεοῦ
884 4886 1034 4941 δυσὶν
1054 4887 1310 4942 ἑκάστοτε
1347 4888 1592 4959 ἄρχουσι,
1615 4883 1773 4958 δεξιῷ

1885 3326 1974 3381 bet
2003 3326 2071 3380 ad
2101 3324 2517 3380 maleficentiam
2549 3325 2603 3379 in
2627 3339 2724 3380 eos
2749 3323 2843 3394 qui
2867 3322 3037 3376 Deum
3063 3322 3334 3388 nesciunt,
3358 3337 3455 3377 vos

1885 3417 2061 3487 potuit
2084 3417 2290 3473 morbis
2331 3416 2632 3486 implicare,
2673 3415 2767 3485 qui
2794 3414 2970 3470 morbi
3001 3429 3094 3484 per
3121 3412 3319 3468 bonam
3359 3411 3454 3469 Dei

1885 3511 2279 3581 providentiam
2319 3510 2540 3567 evenire
2590 3508 2841 3580 permissi
2877 3516 3174 3578 coegerunt
3215 3522 3334 3573 vos,
3369 3515 3452 3573 ut,

1883 3603 2114 3672 quaesito
2139 3617 2206 3657 eo
2233 3602 2327 3673 qui
2351 3616 2547 3657 sanare
2586 3601 2790 3655 valeret
2817 3607 2870 3654 et
2895 3599 3136 3666 invento,
3161 3598 3453 3654 occasione

1883 3694 2184 3764 corporalis
2235 3693 2457 3749 medela:
2505 3691 2702 3762 placita
2735 3689 2846 3745 Deo
2887 3690 3239 3759 susciperetis
3286 3698 3451 3760 atque

1860 3786 2198 3850 crederetis,
2234 3785 2402 3840 utsic
2436 3799 2542 3839 una
2591 3798 2716 3839 cum
2753 3781 2983 3838 servatis
3031 3781 3355 3852 corporibus
3394 3788 3450 3838 et

1882 3879 2111 3934 animas
2127 3876 2373 3933 habeatis
2404 3875 2603 3933 salvas.

1950 4050 2038 4107 lll.
2075 4051 2256 4106 Audio
2291 4051 2498 4123 utique,
2535 4065 2664 4108 cum
2701 4050 2841 4107 bove
2869 4057 3104 4106 mactato
3132 4046 3448 4105 convivium

1878 4143 2035 4199 vobis
2058 4143 2114 4198 in
2139 4142 2319 4199 medio
2345 4142 2561 4200 dedisse
2584 4143 2727 4209 foro,
2759 4143 2950 4209 sicque
2990 4156 3090 4199 vos
3125 4139 3298 4197 multo
3319 4139 3450 4195 vino

1879 4237 2089 4306 abrepti
2155 4251 2268 4291 una
2315 4252 2440 4291 cum
2515 4237 2702 4308 pravis
2757 4235 3098 4292 dmmonibus
3145 4233 3448 4305 principem

1875 4341 2067 4382 eorum
2107 4329 2377 4398 complexi
2419 4328 2589 4397 estis,
2636 4340 2800 4399 atque
2827 4327 2903 4383 ita
2934 4337 3172 4383 vestrum
3222 4325 3447 4397 plurimi

1878 4419 2086 4476 morbis
2124 4421 2266 4491 capti
2298 4431 2446 4488 sunt,
2488 4437 2586 4492 per
2620 4421 2982 4491 ignorantiam
3015 4419 3070 4474 in
3093 4434 3171 4477 vso
3206 4418 3452 4489 propriis.

1879 4512 2129 4567 manibus
2156 4520 2386 4566 attracto
2412 4511 2673 4582 perniciei
2708 4511 2907 4582 gladio.
2935 4507 3124 4580 Neque
3165 4508 3313 4564 enim
3343 4507 3444 4562 ad.

1878 4619 2096 4659 versum
2125 4619 2223 4659 vos
2251 4604 2528 4660 daemones
2572 4604 2895 4658 habuissent
2940 4607 3260 4673 potestatem
3283 4640 3298 4664 ,
3337 4597 3444 4656 nisi

1880 4698 2030 4768 prius
2065 4712 2418 4752 cum-eorum
2462 4697 2708 4766 principe
2750 4695 2998 4751 fuissetis
3027 4693 3249 4765 epulati.
3282 4691 3445 4746 Prin~

1879 4791 2020 4860 cipio
2079 4790 2345 4858 siquidem
2400 4788 2489 4842 illa
2533 4805 2628 4858 per
2677 4789 3057 4842 universorum
3099 4785 3442 4842 conditorem

1881 4884 2051 4940 Deum
2086 4884 2172 4939 lex
2221 4883 2486 4955 praeﬁnita
2514 4891 2597 4938 cst
2623 4882 2839 4938 duobus
2873 4881 3129 4951 utrinque
3183 4879 3439 4946 ducibus,

1505 5062 1740 5119 VARUE
1794 5062 2194 5118 LECTIONES.

263 5202 310 5232 ⁸⁸
329 5203 487 5266 ὅσους
506 5201 571 5275 0.
649 5203 706 5275 “A
724 5202 912 5275 αύτὸθι
931 5202 994 5257 C.
1070 5201 1204 5275 I"‘lt‘a
1302 5216 1351 5275 ς.
1370 5199 1408 5254 S
1436 5201 2034 5275 ,συνεξεληλύθησανα
2111 5209 2156 5246 ⁸⁸
2175 5208 2264 5260 ὑπ’
2291 5205 2454 5262 αὐτοῦ
2483 5205 2543 5261 C.
2621 5206 2669 5237 ⁸⁸
2694 5206 2790 5275 ὑπῗ
2813 5198 3345 5275 αύτοῦγτετυχηκέναι

193 5272 238 5310 ⁸⁷
364 5274 566 5350 praeﬁxi
591 5290 654 5350 c.‘
768 5273 910 5350 Idem
930 5281 1113 5350 postea
1133 5272 1224 5350 τὸν
1245 5271 1500 5350 ὄρθρον.“
1535 5271 1579 5304 ⁸⁸
1604 5268 1908 5350 ὲπίξηηηῦ.
1985 5278 2030 5310 ⁸⁹
2058 5279 2306 5350 μήψιιερδι
2339 5281 2390 5332 in
2417 5277 2480 5350 Ο.
2505 5346 2532 5350 ᾧ
2557 5276 2602 5314 ⁹⁰
2625 5274 2924 5346 ἀνθρώπων
2950 5274 3011 5350 (ξ,
3045 5268 3347 5350 ἀνθρώποις
3379 5268 3436 5323 in

197 5338 375 5420 marg.
401 5342 599 5420 Vocem
630 5338 941 5420 mpsim
961 5338 1448 5420 t-lelend_am_censet
1468 5341 1507 5394 ι)
1535 5384 1548 5404 ,
1584 5343 1987 5420 συμϐαινόντων
2012 5338 2200 5405 πᾶιθὶῦν
2224 5349 2475 5420 proponit
2499 5346 2536 5401 S
2569 5366 2581 5401 :
2614 5338 3086 5420 conjecturaejam
3123 5338 3430 5420 supernum.

192 5412 234 5446 ⁶¹
267 5408 768 5514 ὑποπτεῖρμεναισ.
798 5413 936 5514 Tu’m
968 5413 1118 5514 idem,
1138 5411 1521 5514 (fmgqcépsvft
1555 5431 1603 5466 c.
1642 5408 1730 5514 Dn,
1759 5415 2071 5490 ἀποσόμενα
2098 5420 2140 5475 C
2169 5461 2184 5489 ,
2217 5408 2359 5476 idem
2394 5408 2780 5489 ί.,ἐπεσόμενά-
2813 5416 2897 5472 vel
2945 5408 3333 5480 ἇποσωζόμενα
3376 5408 3435 5464 ἰιι

195 5497 350 5514 nm-..
550 5487 667 5514 -1.—
695 5501 818 5514 ...ριι
881 5483 982 5514 ιἠζι
1020 5499 1049 5514 η
1113 5484 1129 5514 ζ
1349 5483 1441 5514 λῖν-μ’
1513 5485 1641 5514 μηδ’...

1347 5497 1439 5535 απ
1469 5497 1641 5535 αογης
1663 5497 1729 5535 υ.
2827 5527 2829 5529 -

194 5497 368 5554 marg.
474 5487 520 5516 "
545 5481 822 5539 εἱστίασεν
857 5483 1068 5556 Epit.c.
1098 5483 1186 5538 54.
1264 5481 1310 5514 9‘
1347 5483 1441 5535 ἀπ’
1469 5483 1641 5555 ἀρχῆς
1663 5481 1729 5540 Ο.

1502 5621 1867 5681 VARIORUM
1896 5621 2126 5678 NOT/E.

260 5740 374 5819 (lit)
409 5737 657 5819 “(uni-liae
692 5738 940 5806 septimae
980 5736 1206 5793 alteram
1247 5733 1617 5804 inscriptionis
1639 5745 1844 5808 partem
1869 5753 1956 5808 ap.
1987 5736 2047 5794 C.
2075 5736 2292 5794 obviam
2323 5736 2414 5793 EN
2449 5733 2628 5803 ΤΥΡῼ
2673 5735 2742 5801 Δ’,
2773 5745 2892 5798 qua:
2939 5727 3182 5785 scholion
3208 5725 3429 5792 redolet.

201 5810 359 5868 misi
388 5829 434 5866 c.
469 5807 531 5866 Ο.
567 5809 765 5866 harass.
