4004 6332
568 298 674 355 219

1533 302 1591 359 S.
1632 300 2016 358 CLEMENTIS
2061 301 2083 355 Ι
2119 301 2283 359 ROM.
2322 299 2522 356 PONT.
2561 300 2789 357 OPERA
2827 302 3050 358 DUBIA.

3688 304 3780 361 220

568 411 761 467 dextro
789 418 844 466 et
874 409 1119 477 sinistro,
1153 418 1216 466 ut
1245 428 1355 468 non
1390 414 1587 469 habeat
1620 416 1756 470 alter
1782 414 1998 469 illorum
2026 430 2125 486 po-

2222 429 2282 465 τε
2302 412 2397 464 καὶ
2417 412 2681 482 εὐωνύμῳ
2703 412 2771 475 ⁸⁵,
2794 412 3004 484 ὡρίσθη
3035 410 3225 482 νόμος,
3260 409 3401 483 pth"
3431 410 3575 482 ἔχειν
3604 410 3781 467 ἑκάτε-

568 510 837 570 testatem,
866 503 971 558 nisi
998 503 1151 573 prius
1172 505 1401 561 conviva
1425 507 1729 577 cujuspiam
1753 506 1933 573 fuerit,
1964 521 2126 576 quem

567 594 832 649 beneﬁcio
861 596 943 648 vel
977 595 1175 665 injuria
1205 597 1355 667 cupit
1392 598 1622 654 allicere.
1674 598 1829 653 Sicut
1854 614 1983 668 ergo
2007 614 2129 669 per-

565 684 735 751 eeptis
780 683 1087 748 sacrificiis,
1117 700 1238 754 quae
1284 684 1618 741 daemonibus
1662 685 1876 740 fuerant
1924 684 2125 749 oblata,

564 774 790 828 venistis
823 773 878 827 in
926 775 1240 829 servitutem
1284 776 1431 830 illius
1466 777 1561 845 qui
1610 777 1830 831 malitia:
1877 775 2127 845 princeps

562 872 666 926 est,
699 864 770 916 ita
796 862 844 917 si
869 864 936 917 ab
957 864 1025 918 iis
1047 864 1418 920 abstinueritis
1444 875 1497 920 et
1524 865 1590 919 ad
1615 866 1781 921 Deum
1806 880 1900 935 per
1923 866 2125 919 bonum

561 954 928 1026 dextrumque
955 957 1256 1028 principem
1281 957 1668 1029 confugeritis,
1703 960 2002 1014 honoribus
2038 975 2126 1015 sa—

482 1075 491 1081 -
562 1047 754 1102 criticii
777 1050 1090 1118 expertibus
1116 1050 1376 1106 facientes
1404 1067 1525 1121 qua:
1552 1053 1689 1118 vult,
1712 1054 1877 1121 probe
1908 1053 2123 1120 scitote,

563 1138 703 1205 quod
735 1153 859 1192 cum
893 1141 1133 1208 corporis
1166 1144 1403 1196 sanitate
1451 1141 1662 1197 animas
1697 1158 1914 1212 quoque
1943 1142 2123 1211 possi-

562 1229 763 1286 debitis
810 1247 994 1286 sanas.
1046 1231 1163 1302 lpse
1192 1249 1428 1303 namque
1473 1235 1657 1300 solus,
1699 1251 1798 1305 per
1846 1235 2122 1289 sinistram

559 1322 834 1385 occidens,
870 1339 967 1393 per
998 1324 1247 1380 dextram
1292 1333 1468 1393 potest
1493 1327 1658 1380 vitam
1708 1326 1927 1396 largiri;
1973 1328 2122 1397 pari-

560 1420 747 1480 terque
770 1421 823 1467 et
850 1425 1152 1482 percutere,
1177 1423 1230 1468 et
1256 1415 1521 1483 iacentem
1555 1417 1761 1486 erigere
1790 1431 1840 1472 ει.

626 1501 715 1557 IV.
731 1501 1018 1574 Propterea
1034 1505 1268 1574 primum
1286 1522 1314 1560 a
1330 1522 1664 1576 przecursore
1678 1507 1900 1563 Simone
1912 1509 2121 1578 decepti

558 1593 767 1648 ratione
784 1596 981 1649 animae
995 1598 1191 1650 mortui
1208 1599 1341 1653 estis
1355 1598 1465 1653 Deo
1481 1608 1534 1654 et
1549 1614 1775 1669 corpore
1789 1598 1966 1655 fuistis
1986 1602 2121 1656 allii-

556 1686 651 1749 cti,
670 1688 894 1755 potestis
916 1696 1096 1744 autem
1120 1690 1370 1745 similiter
1394 1691 1589 1745 iterum
1606 1707 1700 1761 per
1722 1693 2118 1761 pcenitentiam,

2232 520 2323 575 ρον
2352 502 2528 556 αὐτῶν
2559 503 2807 570 ἐξουσίαν
2830 543 2846 568 ,
2885 503 2978 557 ὲάν
3015 502 3090 575 μὴ
3123 502 3386 574 πρότερόν
3423 520 3525 556 τινι
3559 502 3786 577 ὁμοτρά.

2229 594 2391 658 πεζος
2422 595 2678 665 γένηται,
2742 595 2801 649 ὃν
2834 595 3117 666 εύποιῆσαι
3152 594 3185 665 ἢ
3242 592 3487 648 κακῶσαι
3526 594 3779 663 βούλεται.

2231 687 2440 757 Ὥσπερ
2469 683 2561 739 οὖν
2588 686 2836 757 δαίμοσιν
2863 686 3264 756 ἀποδεδομένων
3291 685 3541 755 θυμάτων
3566 688 3783 757 μεταλα-

2228 774 2411 836 ϐόντες
2436 775 2513 845 τῷ
2533 776 2630 847 τῆς
2656 777 2852 840 κακίας
2872 776 3098 847 ἡγεμόνι
3125 774 3577 846 κατεδουλώθητε,
3598 775 3782 844 οὕτως,

2226 865 2292 919 ἂν
2319 865 2523 919 τούτων
2556 866 2901 937 παυσάμενοι
2936 866 3015 938 τῷ
3058 866 3177 937 Θεῷ
3213 864 3300 918 διὰ
3326 866 3420 919 τοῦ
3462 867 3663 935 ἀγαθοῦ
3698 871 3787 922 καὶ

2225 956 2396 1022 δεξιοῦ
2424 958 2687 1029 ἡγεμόνος
2717 957 3090 1030 προσφύγητε,
3124 957 3340 1021 ἀθύτοις
3367 962 3552 1029 τιμαῖς
3576 959 3781 1014 ποιοῦν-

2224 1066 2315 1112 τες
2340 1048 2375 1102 ὃ.
2405 1048 2672 1119 βούλεται,
2699 1044 2758 1102 εὖ
2790 1050 2902 1101 ίστε
2930 1050 3012 1101 ὃτι
3044 1050 3138 1102 σὺν
3168 1052 3233 1120 τῇ
3260 1049 3353 1101 τοῦ
3380 1047 3627 1119 σώματος
3653 1050 3789 1106 ίάσειη

2226 1139 2438 1203 καὶτὰς
2472 1140 2650 1209 ψυχὰς
2687 1139 3030 1207 ὑγιαινούσας
3069 1138 3234 1205 ἕξετε.
3272 1140 3443 1202 Ᾱύτδς
3473 1140 3581 1213 γὰρ
3633 1141 3787 1212 μόνος

2223 1230 2310 1282 διὰ
2336 1230 2436 1299 τῆς
2457 1230 2750 1301 ἀριστερᾶς
2772 1230 3006 1301 ἀναιρῶν
3037 1230 3123 1284 διά
3146 1232 3243 1303 τῆς
3264 1229 3441 1297 δεξιᾶς
3462 1229 3787 1303 ζωοποιῆσαι

2223 1319 2462 1373 δύναται·
2488 1321 2691 1391 ὁμοίως
2714 1322 2770 1374 δὲ
2802 1321 2894 1374 καὶ
2919 1321 3183 1388 πατάξαι,
3218 1322 3311 1375 καὶ
3343 1323 3644 1394 ἀναστῆσαι
3682 1326 3787 1378 κεί-

2225 1427 2399 1480 μενον.

2293 1499 2377 1555 IV.
2422 1501 2519 1554 Διά
2543 1501 2703 1554 τοῦτο
2727 1502 2940 1574 πρῶτον
2960 1504 3066 1557 ὑπὸ
3090 1506 3184 1557 τοῦ
3216 1504 3521 1576 προδρόμου
3551 1506 3794 1576 Σίμωνος

2222 1577 2867 1664 προαπατηθέντες,Θεῷ
2897 1594 2998 1657 τὰς
3029 1594 3206 1665 ψυχὰς
3247 1596 3541 1649 ἀπεθάνετε
3581 1598 3680 1650 καὶ
3727 1598 3791 1651 τὰ

2223 1682 2447 1755 σώματα
2473 1685 2841 1755 έπατάχθητε“
2872 1686 3100 1740 δύνασθε
3121 1686 3177 1740 δὲ
3203 1687 3405 1757 ὁμοίως
3429 1688 3489 1740 τὸ
3515 1688 3790 1761 δεύτερον,

558 1778 758 1840 utdixi,
774 1778 882 1834 Deo
894 1781 1089 1848 placita
1106 1782 1335 1849 amplexi
1351 1791 1641 1851 etcorpore
1653 1784 2050 1851 convalescere,
2065 1793 2119 1840 et

2220 1776 2308 1829 διά
2327 1776 2426 1846 τῆς
2450 1777 2761 1847 μετανοίας,
2788 1778 2863 1840 ὡς
2892 1778 3046 1848 ἔφην,
3084 1778 3150 1831 τὰ
3181 1777 3299 1849 Θεῷ
3335 1779 3633 1850 ἀρέσκοντα
3668 1782 3795 1840 ἀνα-

556 1871 792 1925 animam
816 1874 1333 1942 recuperare.Porro
1350 1873 1460 1928 Deo
1476 1875 1673 1945 placita
1690 1885 1817 1931 sunt
1832 1896 1844 1930 :
1859 1892 1980 1931 eum
1996 1892 2119 1946 pre-

556 1960 666 2013 cari
695 2000 711 2027 ,
740 1972 921 2030 petere
946 1965 1015 2017 ab
1040 1965 1132 2018 illo
1161 1974 1419 2035 tanquam
1446 1966 1513 2019 ab
1537 1981 1601 2020 eo
1625 1968 1715 2037 qui
1741 1977 1933 2022 cuncta
1962 1983 2118 2037 requa

553 2053 671 2124 lege
704 2054 913 2121 tribuit,
947 2056 1255 2109 dmmonum
1288 2072 1473 2111 mensa
1518 2074 1636 2113 sese
1671 2058 1975 2125 abstinere,
2007 2075 2117 2115 non

554 2153 774 2213 gustare
800 2160 1019 2199 carnem
1047 2146 1411 2211 demortuam,
1442 2148 1764 2216 sanguinem
1802 2164 1909 2203 non
1954 2151 2117 2203 attin-

554 2248 701 2303 gere.
728 2235 795 2288 ab
822 2236 972 2289 omni
1002 2237 1187 2290 illuvie
1214 2237 1490 2291 mundari.
1530 2238 1757 2308 Reliqua
1783 2248 1965 2294 autem
2008 2257 2115 2296 uno

552 2323 743 2389 verbo,
767 2338 1105 2393 quaecunque
1134 2323 1325 2390 Judmi,
1355 2343 1481 2397 erga
1513 2327 1683 2383 Deum
1731 2330 1973 2401 religiosi
2010 2332 2113 2385 ho-

552 2412 746 2481 mines,
779 2414 1090 2480 audierunt,
1123 2427 1178 2471 et
1207 2434 1306 2473 vos
1340 2421 1521 2475 cuncti
1570 2422 1752 2477 audite
1776 2463 1791 2489 ,
1824 2422 1879 2477 in
1926 2424 2113 2479 multis

551 2503 873 2571 corporibus
902 2520 1064 2558 unam
1090 2515 1322 2561 mentem
1348 2509 1523 2580 adepti
1549 2528 1562 2564 :
1588 2526 1711 2580 qua:
1737 2513 2115 2582 unusquisque

550 2594 652 2647 sibi
679 2595 951 2650 desiderat
971 2597 1134 2661 bona,
1167 2601 1354 2654 eadem
1372 2610 1426 2656 et
1453 2602 1517 2656 de
1536 2603 1784 2671 proximo
1837 2613 2035 2659 statuat
2058 2606 2107 2659 b.

550 2684 643 2740 Sic
666 2696 846 2742 autem
871 2692 1246 2760 unusquisque
1268 2702 1505 2747 vestrum
1535 2693 1737 2749 bonum
1771 2696 2109 2766 cogitaverit,

548 2776 595 2831 si
633 2781 731 2832 ista
762 2781 902 2847 apud
935 2796 993 2835 se
1024 2791 1233 2851 repetat
1260 2802 1271 2835 :
1322 2782 1440 2837 Non
1468 2785 1550 2839 vis
1580 2786 1849 2841 interfici?
1878 2789 2109 2843 alterum

547 2880 656 2920 non
690 2866 983 2924 interficias
1022 2888 1035 2936 ;
1071 2888 1177 2924 non
1205 2872 1289 2926 vis
1319 2889 1540 2927 uxorem
1571 2884 1718 2928 tuam
1752 2876 1820 2930 ab
1849 2877 1955 2932 alio
1982 2893 2111 2933 con-

545 2960 818 3026 stuprari,
849 2960 1073 3015 alterius
1110 2972 1331 3031 nuptam
1383 2979 1452 3019 ne
1506 2976 1846 3035 constupra;
1884 2984 1989 3022 non
2027 2970 2109 3025 vis

546 3050 824 3119 quidpiam
867 3068 1047 3106 rerum
1083 3062 1299 3109 tuarum
1330 3054 1476 3111 furto
1525 3056 1726 3111 auferri
1748 3058 1779 3113 ?’
1804 3060 1937 3114 nihil
1973 3062 2107 3116 alte-

2218 1862 2497 1933 δεξάμενοι
2532 1866 2630 1918 καὶ
2652 1865 2718 1918 τὰ
2753 1865 2979 1937 σώματα
3002 1867 3315 1939 ἀναρρῶσαι
3355 1869 3450 1922 καὶ
3490 1868 3796 1940 τάςυψυχάς

2218 1952 2521 2007 ἀναλαϐεῖν.
2554 1956 2708 2008 Ἔστι
2752 1956 2808 2009 δὲ
2844 1955 2911 2009 τὰ
2954 1958 3255 2028 ἀρέσκοντα
3285 1958 3364 2029 τῷ
3389 1959 3507 2031 Θεῷ
3540 1962 3600 2013 τὸ
3645 1963 3797 2033 αὐτῷ

2218 2044 2631 2115 προσεύχεσθαι’
2665 2047 2825 2100 αὑτὸν
2860 2050 3026 2101 αἰτεῖν
3048 2050 3093 2080 ⁸⁸
3122 2050 3199 2114 ὡς
3245 2050 3421 2104 πάντα
3464 2052 3614 2123 νόμῳ
3677 2072 3797 2124 κριτ-

2215 2134 2352 2205 τικῷ
2376 2135 2606 2189 διδόντα·
2630 2137 2911 2209 τραπέζης
2941 2140 3207 2210 δαιμόνων
3236 2142 3553 2212 ἀπέχεσθαι’
3588 2148 3797 2216 νεκρᾶς

2220 2224 2294 2295 μὴ
2323 2224 2576 2293 γεύεσθαι
2609 2229 2825 2299 σαρκόςο
2867 2229 2939 2299 μὴ
2966 2231 3124 2301 176
3141 2231 3333 2301 ψαύειν
3363 2233 3587 2302 αἵματος
3606 2235 3657 2266 9⁷
3680 2249 3699 2267 ο
3734 2239 3798 2289 ἐκ

2217 2316 2416 2379 παντὸς
2440 2317 2795 2371 ἀπολούεσθαι
2811 2320 2857 2351 ³⁸
2883 2319 3137 2390 λύματοςο
3162 2321 3229 2374 τὰ
3256 2321 3311 2375 δὲ
3337 2322 3497 2376 λοιπά
3518 2326 3596 2377 ἑνὶ
3624 2326 3796 2395 λόγῳ,

2215 2407 2292 2469 ὼς
2336 2408 2386 2459 οἱ
2424 2409 2556 2478 Θεὸν
2606 2409 2850 2474 σέϐοντες
2883 2412 3119 2482 ῆκουσαν
3153 2413 3392 2468 Ἰουδαῖοι
3425 2455 3440 2480 ,
3487 2418 3582 2470 καὶ
3638 2420 3801 2490 ὑμεῖς

2214 2497 2481 2551 ἀκούσατε
2520 2498 2754 2563 ἅπαντες
2774 2540 2788 2563 ,
2821 2502 2879 2554 έν
2918 2501 3131 2565 πολλοῖς
3163 2503 3377 2574 σώμασι
3410 2507 3535 2576 μίαν
3563 2509 3800 2581 γνώμην

2214 2588 2587 2653 ἀναλαϐόντες·
2622 2590 2764 2663 άπερ
2788 2593 3013 2657 ἕκαστος
3048 2596 3225 2667 ἑαυτῷ
3250 2596 3502 2666 βούλεται
3530 2601 3702 2665 καλὰ,
3733 2603 3801 2657 τὰ

2214 2678 2356 2731 αύτά
2409 2678 2740 2747 βουλευέσθω
2774 2682 2820 2714 ⁹⁹
2876 2682 2968 2735 καὶ
3017 2683 3095 2753 τῷ
3142 2683 3387 2756 πλησίον.
3446 2686 3600 2741 Οὕτω
3654 2691 3703 2743 δ’
3734 2690 3800 2745 ἂν

2213 2770 2363 2839 ὑμῶν
2391 2771 2617 2834 ἕκαστος
2652 2773 2861 2843 νοήσειε
2892 2774 2950 2826 τὸ
2974 2774 3160 2841 καλὸν,
3186 2778 3233 2829 εί
3268 2778 3443 2849 ἐαυτῷ
3479 2780 3803 2853 διαλεχθείη

2210 2860 2278 2913 τὰ
2302 2860 2540 2914 τοιαῦτα·
2567 2863 2641 2915 Ού
2672 2862 2845 2926 θέλεις
2874 2865 3213 2936 φονευθῆναι,
3257 2868 3441 2940 ἕτερον
3480 2870 3553 2941 μὴ
3592 2872 3803 2940 φονεύς-

2213 2967 2332 3023 σῇς
2364 2952 2425 3004 οὗ
2471 2951 2643 3016 θέλεις
2673 2954 2769 3024 τὴν
2800 2954 2897 3025 σὴν
2940 2957 3029 3026 ὑφ’
3072 2958 3258 3029 ἑτέρου
3294 2960 3651 3032 μοιχευθῆναι
3701 2981 3807 3031 γυ-

2210 3045 2391 3109 ναῖκα,
2414 3043 2513 3114 τὴν
2542 3045 2727 3116 ἐτέρου
2767 3045 2840 3117 μὴ
2877 3048 3092 3117 μοίχευε
3116 3052 3383 3122 γαμετήν·
3424 3054 3484 3105 ού
3521 3052 3711 3118 θέλεις
3750 3073 3811 3107 τι

546 3141 662 3195 rius
696 3140 896 3196 furare.
939 3143 1116 3213 Atque
1149 3146 1221 3199 ita
1255 3163 1319 3200 ex
1356 3148 1514 3203 vobis
1545 3148 1677 3217 ipsis
1729 3152 1872 3220 quod
1906 3148 2135 3208 rationi‘

2216 3131 2312 3184 τῶν
2351 3132 2457 3186 σῶν
2492 3132 2761 3204 κλαπῆναι
2785 3174 2802 3199 ,
2840 3136 3026 3207 ἑτέρου
3082 3137 3156 3210 μὴ
3204 3138 3402 3192 κλέπτε
3444 3141 3636 3211 μηδέν.
3692 3145 3811 3197 Καὶ

546 3240 975 3286 consentaneum
1002 3244 1085 3287 est
1116 3235 1473 3306 intelligentes
1502 3248 1665 3308 atque
1683 3241 1963 3306 facientes,
1990 3246 2101 3299 Deo

546 3321 701 3374 ehari
727 3321 903 3376 eﬂ‘eeti
936 3328 1346 3394 consequemini
1399 3330 1720 3385 sanitatem:
1767 3333 2011 3403 alioquin
2052 3345 2108 3391 et

545 3410 601 3463 in
634 3414 882 3479 praesenti
907 3417 1105 3469 saeculo
1137 3418 1462 3487 corporibus
1489 3422 1881 3493 torquebimini
1902 3466 1917 3491 ,
1961 3434 2015 3482 et
2048 3427 2105 3482 in

543 3498 1063 3572 futuro‘puniemini
1094 3507 1402 3563 animabus.

615 3650 680 3707 ν.
724 3653 850 3712 Haec
896 3673 928 3713 a
973 3659 1134 3716 Petro
1183 3664 1370 3732 paucis
1401 3665 1592 3723 diebus
1620 3669 1797 3725 edocti
1828 3678 1882 3727 et
1926 3672 2103 3728 sanati

545 3744 803 3815 baptizati
837 3760 986 3805 sunt.
1022 3751 1223 3808 Deinde
1256 3756 1398 3810 inter
1425 3768 1619 3814 caitera
1667 3761 1813 3818 illius
1843 3764 2105 3820 miracula

544 3835 737 3905 reliqui
779 3852 969 3906 omnes
1012 3844 1065 3894 in
1097 3843 1274 3897 medio
1324 3843 1448 3899 foro
1496 3848 1699 3915 passim
1743 3849 1795 3903 in
1835 3851 2019 3905 cinere
2052 3862 2107 3908 et

542 3939 702 3981 sacco
732 3928 1012 3993 sedebant,
1044 3942 1272 4001 agentes
1315 3936 1688 4003 pmuitentiam
1721 3939 1787 3994 de
1833 3941 2104 4009 prioribus

542 4017 775 4077 delictis.
810 4022 876 4077 Et
902 4024 995 4094 qui
1029 4024 1284 4082 Sidonem
1316 4028 1647 4098 incolebant,
1684 4033 1784 4089 ista
1821 4035 2104 4091 audientes

542 4109 741 4166 similia
773 4111 1037 4178 fecerunt,
1069 4118 1440 4190 miseruntque
1471 4122 1539 4176 ad
1571 4122 1789 4179 Petrum
1826 4127 2103 4197 supplica-

544 4210 725 4270 turos,
756 4208 920 4275 .quod
970 4207 1070 4277 ipsi
1102 4220 1322 4278 prepter
1348 4213 1570 4269 morbos
1612 4231 1719 4270 non
1771 4228 1996 4286 possent
2035 4219 2103 4274 ad

544 4294 696 4349 illum
730 4299 933 4353 venire.
973 4298 1139 4369 Igitur
1181 4300 1372 4358 Petrus
1418 4319 1541 4358 cum
1594 4322 1691 4375 per
1738 4324 1942 4377 paucos
1987 4310 2103 4365 dies

542 4382 668 4455 Tyri
711 4400 1082 4445 commoratus
1109 4402 1253 4447 esset
1301 4406 1639 4465 cunctosque
1668 4399 1815 4455 illius
1866 4402 2100 4457 civitatis

542 4473 792 4531 homines
843 4478 1192 4537 instruxisset
1222 4474 1257 4548 ,’
1294 4493 1348 4539 et
1402 4485 1744 4543 liberavisset
1795 4493 2099 4563 omnigenis
2130 4462 2175 4517 Ι)

540 4566 768 4631 morbis,
801 4584 865 4623 ac
897 4571 1226 4628 instituisset
1254 4577 1561 4642 ecclesiam,
1595 4589 1756 4649 atque
1790 4598 1853 4636 ex
1875 4585 2099 4655 presby-

540 4654 704 4720 teris,
741 4657 833 4724 qui
863 4673 987 4711 eum
1022 4664 1423 4731 sequebantur,
1454 4667 1587 4736 ipsis
1621 4669 1934 4739 episcopum
1969 4654 2100 4726 con-

540 4746 827 4814 stituisset,
866 4748 1118 4805 Sidonem
1179 4756 1405 4824 appulit.
1441 4757 1510 4811 At
1591 4758 1819 4827 Simon,
1873 4763 2099 4821 audiens

538 4837 684 4906 quod
737 4840 1053 4897 adventaret
1110 4845 1340 4911 Petrus,
1394 4848 1683 4905 confestim
1728 4852 1796 4907 ad
1846 4851 2098 4924 Berytum

539 4930 753 5002 aufugit
785 4949 907 4988 cum
936 4935 1182 5007 Appione
1214 4948 1269 4993 et
1301 4941 1485 4996 sociis.

611 5148 814 5205 ODeut.
850 5169 1024 5223 xxx",
1051 5158 1154 5225 39;
1192 5159 1212 5213 ι
1244 5161 1375 5234 Reg.
1408 5180 1469 5232 ιι,
1498 5166 1550 5221 6.
1636 5168 1663 5207 ι)
1689 5168 1878 5225 Matth.
1911 5188 2008 5236 vn,
2041 5176 2127 5229 l2.

2206 3220 2379 3284 οὕτως
2417 3223 2511 3291 ἀφ’
2547 3223 2699 3293 ὑμῶν
2744 3223 2923 3277 αὐτῶν
2954 3225 3014 3278 τὸ
3049 3226 3264 3295 εὔλογον
3316 3230 3671 3295 συννοοῦντες
3707 3235 3810 3286 καὶ

2208 3313 2505 3379 ποιοῦντες,
2559 3314 2678 3385 Θεῷ
2720 3316 3037 3388 προσφιλεῖς
3082 3319 3395 3389 γενόμενοι,
3438 3322 3810 3386 ὲπιτεύξεσθε

2205 3404 2303 3474 τῆς
2356 3404 2587 3471 ἰάσεως,
2624 3408 2744 3459 ἐπεὶ
2775 3408 2869 3460 καὶ
2915 3410 2975 3461 ὲν
3018 3408 3096 3479 τῷ
3148 3410 3372 3481 παρόντι
3426 3411 3581 3466 αἰῶνι
3620 3414 3813 3483 βασα-

2205 3494 2523 3565 νισθήσεσθε
2557 3497 2626 3550 τὰ
2676 3496 2933 3568 σώματα,
2980 3500 3073 3553 καί
3118 3501 3174 3553 έν
3206 3500 3284 3572 τῷ
3335 3502 3579 3573 μέλλοντι
3633 3506 3815 3561 κολα-

2208 3586 2372 3657 σθήσε
2381 3586 2473 3640 σθε
2504 3588 2601 3652 τὰς
2632 3589 2829 3660 ψυχάς.

2285 3678 2345 3734 ν.
2393 3680 2576 3734 Ταῦτα
2599 3682 2666 3713 ¹⁰⁰
2697 3682 2801 3735 ὑπὸ
2830 3683 2923 3736 τοῦ
2958 3685 3163 3756 Πέτρου
3202 3686 3259 3738 έν
3302 3685 3509 3755 ὀλίγαις
3544 3690 3817 3763 ἡμέραις

2206 3771 2602 3842 κατηχηθέντες
2648 3773 2743 3826 καὶ
2782 3774 3024 3839 ὶαθέντες
3055 3775 3475 3848 ἐϐαπτίσθησαν.
3505 3781 3769 3836 Ἔπειτα
3797 3785 3818 3815 ι

2203 3866 2315 3926 τοῖς
2359 3863 2564 3926 λοιποῖς
2617 3863 2779 3917 αὐτοῦ
2834 3864 3104 3936 θαύμασιν
3156 3870 3205 3921 οἱ
3244 3869 3420 3922 λοιποὶ
3471 3871 3693 3937 πάντες
3753 3876 3821 3928 ὲν

2208 3953 2399 4023 μέσαις
2418 3958 2537 4018 ταῖς
2561 3956 2786 4023 ἀγοραῖς
2808 3957 3079 4028 πανδημεὶ
3106 3961 3197 4013 ἐπὶ
3231 3962 3426 4015 σποδοῦ
3450 3964 3542 4016 καὶ
3572 3966 3821 4020 σάκκου

2205 4042 2543 4107 ἐκαθέζοντο,
2572 4046 2954 4115 μετανοοῦντες
2980 4049 3071 4101 ἐπὶ
3100 4053 3211 4114 τοῖς
3238 4053 3496 4124 πρότερον
3522 4056 3821 4129 ἡμαρτη-

2208 4133 2408 4204 μένοις.
2447 4134 2556 4187 Καὶ
2584 4136 2635 4187 οἱ
2666 4137 2722 4187 ὲν
2750 4136 2939 4191 Σιδῶνι
2963 4138 3135 4193 ταῦτα
3168 4142 3497 4207 ἀκούσαντες
3520 4144 3589 4198 τά
3625 4148 3827 4219 ὅμοια

2204 4222 2488 4291 ἐποίησαν,
2536 4223 2630 4276 καὶ
2676 4224 2860 4289 ἱκέτας
2891 4226 3027 4298 πρὸς
3056 4229 3149 4283 τὸν
3180 4231 3383 4302 Πέτρον
3426 4232 3824 4302 ἀπέστελλον,

2202 4312 2277 4376 ὡς
2310 4314 2465 4366 αὐτοὶ
2494 4314 2582 4367 διὰ
2612 4315 2709 4379 τὰς
2742 4317 2927 4382 νόσους
2976 4320 3110 4391 πρὸς
3142 4321 3302 4375 αὐτὸν
3346 4324 3518 4378 ἐλθεῖν
3563 4327 3655 4400 μὴ
3718 4330 3833 4385 δυ-

2202 4403 2440 4473 νάμενοι.
2472 4406 2755 4479 ’0,Πέτρος
2786 4408 2842 4462 δὲ
2870 4410 3090 4483 ἡμερῶν
3119 4413 3180 4467 ού
3206 4414 3413 4469 πολλῶν
3434 4418 3831 4493 ἐνδιατρίψας

2201 4498 2269 4565 τῇ
2289 4496 2309 4525 ¹
2332 4495 2512 4568 Τύρῳ,
2547 4499 2641 4552 καὶ¹
2669 4503 2982 4574 κατηχήσας
3012 4505 3139 4570 τοὺς
3169 4506 3227 4559 ἐν
3257 4508 3394 4579 αύτῇ
3422 4511 3579 4580 177
3606 4513 3839 4571 ἄποιν-

2203 4604 2336 4651 τας,
2388 4590 2481 4642 καὶ
2531 4592 2883 4646 παντοδαπῶν
2935 4596 3131 4659 αὐτοὺς
3184 4597 3495 4663 ἀπαλλάξας
3553 4604 3833 4673 παθῶν,

2204 4679 2500 4751 ἐκκλησίαν
2532 4700 2591 4735 τε
2625 4685 3047 4755 συστησάμενος,
3084 4688 3178 4741 καὶ
3216 4688 3324 4742 ἀπὸ
3354 4690 3461 4742 τῶν
3493 4692 3839 4763 ἑπομένων

2204 4771 2352 4842 αὐτῷ
2401 4774 2779 4846 πρεσϐυτέρων
2826 4778 3125 4832 ἐπίσκοπον
3170 4782 3351 4845 αὐτοῖς
3385 4787 3787 4856 καταστήσας
3814 4830 3836 4855 ,

2202 4860 2459 4931 ὥρμησεν
2489 4865 2567 4925 είς
2591 4863 2810 4917 Σιδῶνα.
2849 4865 2905 4918 Ὁ
2936 4867 2993 4919 δὲ
3017 4868 3197 4939 Σίμων
3226 4870 3424 4941 μαθὼν
3448 4874 3678 4941 ἥκοντα
3720 4882 3839 4935 τὸν

2202 4952 2404 5022 Πέτρον
2438 4952 2597 5015 εὐθὺς
2640 4953 2847 5025 ἀπέδρα
2874 4959 2953 5020 εἰς
2995 4947 3234 5030 Βηρυτὸν
3267 4965 3380 5032 μετ’
3402 4963 3423 4994 ³
3469 4965 3845 5035 Ἀππίωνος

2202 5043 2295 5095 καὶ
2326 5041 2434 5096 τῶν
2462 5042 2627 5097 αὐτοῦ
2656 5044 2899 5117 ἑταίρων.

1826 5283 2062 5341 VARl/E
2103 5287 2503 5349 LECTIONES.

609 5394 1084 5498 ξίοηῗηὲνδξξιόγ
1117 5408 1306 5498 τεηκξκὶ
1346 5408 1637 5494 εὐωνύμων
1820 5419 2018 5498 ,δεξξιῖΝ
2085 5442 2142 5478 τε
2192 5426 2292 5498 καί
2336 5426 2629 5498 εὐωνύμων
2692 5427 2755 5482 0.

539 5471 912 5564 left}:
926 5471 1095 5564 deest.
1119 5545 1133 5564 Ι
1171 5478 1320 5564 f‘ll‘ta
1353 5495 1417 5533 ex
1439 5471 1666 5562 conject.
1701 5471 1784 5556 Ci,
1804 5471 2441 5564 ,ἐστ’ίεῖιιιθιίᾷιιξῂίῖυῖιῖῖ

2859 5436 2906 5469 οδ
2941 5433 3081 5504 μήΟ
3121 5446 3175 5491 et
3220 5437 3288 5492 de
3329 5442 3556 5565 cmgeet.
3610 5444 3739 5529 (2.,
3774 5452 3852 5507 in

2859 5521 2998 5565 ματα
3023 5504 3086 5559 0.
3162 5507 3208 5544 ⁸⁸
3237 5506 3388 5565 Hanc
3461 5515 3849 5565 ltnhornani

2718 5502 2764 5577 et
2791 5502 3086 5577 amaturo.
3162 5507 3208 5577 ξε
3237 5506 3388 5566 Hanc
3412 5502 3851 5577 Οιιοὴοηίξιῆἰ

650 5536 659 5546 ⁸
1526 5534 1665 5562 ..-ν--
1708 5534 1784 5556 «εν,
1819 5534 1955 5542 ν---ν
1992 5534 2216 5564 υυυιιιιιυ
2256 5534 2411 5556 ειν-ΙΙ.
2456 5534 2641 5551 ικυυιιδιο
2722 5534 2734 5537 ⁷
2791 5534 2998 5573 υαμαιυ.
3023 5534 3086 5559 (1ο
3163 5534 3207 5544 ’⁷⁷

542 5534 825 5624 lectionem
852 5545 1194 5600 commendat
1231 5548 1271 5602 (Ζ
1323 5566 1387 5602 ex
1416 5564 1671 5618 conject”
1724 5559 1813 5611 sed
1846 5561 1972 5614 exh.
2010 5565 2337 5627 ἀπολύεσθαι
2380 5566 2429 5618 in
2462 5576 2632 5622 textu.
2676 5566 2877 5625 Deinde
2904 5574 2977 5636 ὡς
3007 5576 3055 5625 οί
3082 5591 3130 5630 c.
3157 5576 3202 5631 Ο
3234 5620 3248 5644 ,
3272 5580 3383 5633 ὅσοι
3411 5582 3470 5652 (f.
3503 5582 3653 5649 ὅσα)
3724 5589 3785 5644 (1

542 5619 603 5654 οσ
756 5607 814 5659 S.
918 5614 961 5644 θ’
996 5612 1035 5659 Ι)
1080 5618 1324 5659 emendat
1371 5619 1636 5659 Rmﬂénﬂhi
1727 5627 1793 5659 1οο
1838 5631 2159 5659 ΨΑ...Π.....²’
2255 5637 2267 5659 Ι
2304 5634 2461 5659 ιπη-ικ.
2497 5637 2579 5659 Ia-
2633 5639 2716 5659 .-.Α
2752 5642 2768 5659 1
2828 5641 2839 5659 ρ
2896 5642 2931 5659 ιγ
2978 5644 2988 5659 ι
3070 5656 3079 5659 -
3269 5649 3281 5659 .
3528 5651 3537 5659 .
3827 5632 3855 5659 ν

542 5606 621 5654 οσ*
660 5608 709 5657 οἱ
756 5607 814 5663 8.

918 5614 961 5644 οο
996 5612 1035 5665 ι)
1080 5618 1331 5688 emendat
1370 5612 1670 5688 βουλέὲςθω⁷
1727 5627 1793 5659 mo
1838 5612 2159 5688 «rassae?

2255 5637 2284 5724 '.
2304 5634 2478 5724 Forte.
2497 5637 2598 5724 leg.
2627 5639 2723 5724 καὶ
2750 5641 2860 5719 ἐπί.
2896 5634 3176 5716 vulgatam
3203 5634 3858 5724 sttitexnfScript'tugu;

544 5672 687 5730 haud
718 5692 905 5737 sanam
929 5695 1048 5741 esse
1076 5685 1236 5748 facile
1257 5672 1582 5761 apparet.S.
1596 5672 1632 5677 ἡ
1654 5697 1673 5726 ³
1696 5697 1771 5768 τῷ
1801 5672 1869 5753 δῖ
1885 5672 2197 5774 Ti).
2232 5672 2598 5767 Idem
