4004 6332
220 320 389 378 12!.

286 434 378 489 VI.
424 434 533 490 Τοῦ
564 436 618 491 δὲ
650 436 854 512 Πέτρου
893 441 1147 508 εἰσιόντος
1178 444 1257 509 είς
1282 447 1379 518 τὴν
1398 449 1620 517 Σιδῶνα,
1652 454 1779 507 πολ-

219 524 340 589 λοὺς
372 527 432 579 ὲν
463 524 673 590 κλίναις
703 528 959 601 φέροντες
988 533 1094 603 πρὸ
1124 536 1287 589 αὐτοῦ
1327 539 1590 595 ἐτίθεσαν.
1629 544 1686 598 '0
1729 545 1785 600 δὲ

218 616 351 688 πρὸς
382 618 583 681 αὐτοὺς
615 619 717 691 ἔφη
741 636 755 651 ο
792 622 883 693 Μὴ
919 625 1097 679 τοίνυν
1124 629 1375 700 νομίσητε
1412 633 1511 702 ἐμέ
1553 652 1603 687 τι
1629 635 1785 690 δύνα-

220 709 336 762 σθαι
372 709 513 779 πρὸς
547 711 816 782 ὑμετέραν
848 715 1010 780 ἴασιν,
1051 719 1221 790 ἄνδρα
1267 720 1454 793 θνητὸν
1498 727 1590 779 καὶ
1625 729 1784 783 αὑτὸν

215 800 425 864 πολλοῖς
448 802 678 856 πάθεσιν
714 806 1002 861 ὑποπεσεῖν
1029 809 1318 882 δυνάμενον
1342 832 1355 845 ’
1383 816 1707 886 ὑφηγεῖσθαι
1728 822 1784 874 δὲ

214 892 340 961 ὑμῖν
371 893 467 946 τὸν
497 895 696 965 τρόπον
725 897 790 950 δι’
824 896 884 952 οῦ
913 900 1144 971 σωθῆναι
1180 904 1469 976 δυνήσεσθε
1495 909 1555 961 ού
1582 909 1781 979 φθονῶ,

214 984 304 1036 καὶ
334 984 503 1045 αὐτὸς
534 987 683 1056 παρὰ
715 988 808 1041 τοῦ
856 991 955 1060 τῆς
996 993 1245 1064 ἀληθείας
1278 996 1558 1070 Προφήτου
1602 1002 1784 1073 μαθὼν

213 1074 336 1136 τοὺς
384 1078 835 1147 προωρισμένους
875 1080 968 1133 τοῦ
1014 1082 1146 1137 Θεοῦ
1198 1086 1302 1157 πρὸ
1352 1090 1651 1163 καταϐολῆς
1694 1093 1785 1146 κό⁹

216 1181 347 1233 σμου
384 1167 670 1236 ὁρισμοὺς,
700 1168 841 1237 λέγω
878 1170 934 1223 δὲ
964 1173 1053 1225 ἐπὶ
1102 1174 1281 1239 ποίαις
1322 1181 1516 1242 κακαῖς
1559 1181 1784 1253 πράξεσι

212 1258 332 1318 τοὺς
358 1256 685 1327 ἀνθρώπους
713 1260 899 1325 ἔταξεν
932 1262 1034 1316 ὑπὸ
1058 1264 1151 1318 τοῦ
1174 1267 1272 1338 τῆς
1299 1270 1495 1334 κακίας
1523 1273 1785 1344 ἡγεμόνος

215 1351 532 1417 κακοῦσθαι,
569 1356 771 1425 ὁμοίως
796 1358 852 1410 δὲ
877 1357 899 1390 ⁸
927 1360 1016 1413 ἐπὶ
1048 1362 1227 1424 ποίαις
1264 1365 1494 1433 ἀγαθαῖς
1526 1368 1782 1439 πράξεσιν

216 1442 369 1513 ὥρισε
404 1445 674 1517 πρότερον
714 1450 1106 1517 πιστεύσαντας
1141 1456 1292 1526 αύτῷ
1326 1459 1536 1531 ἰωμένῳ
1566 1460 1635 1515 τὰ
1677 1461 1781 1516 σώ-

218 1552 353 1602 ματα
394 1535 690 1602 σώζεσθαι,
738 1540 924 1596 ἔπειτα
968 1545 1061 1598 καὶ
1109 1546 1208 1611 τὰς
1243 1549 1417 1621 ψυχάς
1456 1553 1782 1627 ἐπανορθοῦ-

215 1626 327 1680 σθαι
359 1630 499 1699 πρὸς
529 1630 594 1682 τὸ
624 1631 947 1707 ἀνώλεθρον.

276 1718 383 1773 V'Il.
429 1722 651 1786 Ταύτας
682 1726 859 1778 τοίνυν
885 1727 984 1792 τάς
1008 1746 1067 1782 τε
1096 1730 1301 1799 ἀγαθὰς
1333 1734 1426 1788 καὶ
1448 1735 1623 1799 κακὰς
1643 1737 1784 1809 πρά-

211 1808 309 1872 ξεις
337 1812 495 1875 εἰδὼς
540 1816 840 1885 προμηνύω
888 1820 1014 1889 ὑμῖν
1059 1821 1135 1885 ὡς
1161 1822 1182 1853 ⁸
1214 1822 1362 1886 ὁδοὺς
1408 1825 1518 1892 δύο,
1570 1808 1780 1882 ὑποδει-
1810 1822 1852 1876 Β

209 1898 372 1954 κνύων
396 1901 488 1953 διὰ
516 1905 681 1967 ποίας
711 1907 806 1975 μὲν
850 1905 1154 1975 βαδίζοντες
1197 1912 1540 1981 ἀπόλλυνται,
1576 1918 1733 1971 ποίαν
1757 1921 1777 1953 ⁸

205 1991 253 2042 δὲ
284 1992 562 2058 ὁδεύοντες
595 1996 987 2063 ἀποσώζονται,
1024 2000 1142 2071 Θεῷ
1171 2002 1538 2075 ὁδηγούμενοι.
1594 2009 1657 2061 Ἡ
1682 2010 1777 2080 μὲν

205 2078 289 2134 οὖν
314 2085 424 2137 τῶν
460 2086 851 2159 ἀπολλυμένων
893 2091 1009 2154 ὁδὸς
1037 2092 1263 2147 πλατεῖα
1280 2097 1407 2165 ⁸μὲν
1438 2099 1530 2151 καὶ
1562 2078 1777 2168 ὁμαλω-

198 2176 352 2243 τάτη,
391 2177 739 2232 άπολλύουσα
769 2180 827 2233 δὲ
863 2182 989 2235 ἄνευ
1027 2184 1120 2236 τοῦ
1150 2185 1331 2249 πόνου,
1375 2188 1491 2259 ἡδὲ
1529 2190 1637 2245 τῶν
1668 2209 1776 2245 σω-

199 2265 445 2336 ζομένων
480 2272 639 2341 στενὴ
695 2270 792 2340 μὲν
837 2273 931 2324 καὶ
970 2278 1215 2345 τραχεῖα,
1259 2277 1504 2340 σώζουσα
1548 2279 1604 2334 δὲ
1641 2281 1777 2354 πρὸς

198 2357 282 2427 τῷ
330 2359 478 2412 τέλει
508 2363 626 2425 τοὺς
656 2362 1107 2435 διαπορευθέντας
1147 2369 1435 2433 ἐπιπόνως.
1469 2371 1684 2427 Τούτων
1719 2374 1777 2428 δὲ

201 2447 329 2499 τῶν²
356 2448 450 2501 δύο
497 2450 620 2503 ὁδῶν
658 2454 1051 2523 προκαθέζεται
1085 2458 1245 2528 178
1292 2460 1515 2514 ἀπιστία
1558 2462 1652 2516 καὶ
1686 2462 1777 2517 πί-

205 2556 328 2601 στις
353 2556 366 2569 ·
401 2541 492 2592 καὶ
537 2541 771 2597 ὁδεύουσι
806 2545 894 2598 διὰ
935 2547 1032 2617 μὲν
1068 2548 1321 2615 ἀπιστίας
1357 2553 1406 2606 οί
1446 2552 1547 2617 τὰς
1585 2552 1777 2624 ἡδονάς

198 2632 612 2702 προκρίναντες,
665 2636 732 2688 δι’
768 2635 835 2701 ἂς
883 2635 1187 2708 [ποιοῦντες
1231 2640 1260 2693 ὃ
1301 2642 1400 2696 οὐκ
1441 2643 1667 2714 ἀρεστὸν
1697 2642 1776 2715 τῷ

196 2725 316 2794 Θεῷ
350 2727 446 2778 καὶ
471 2726 861 2798 ξάμελήσαντες
890 2731 971 2794 εἰς
1012 2732 1072 2785 τὸ
1101 2732 1269 2788 σῶσαι
1300 2734 1478 2808 ψυχὴν
1509 2736 1586 2807 τῷ
1613 2737 1774 2809 λόγῳ,

195 2814 445 2871 ἐλάθοντο
488 2819 706 2890 ⁴ἡμέρας
744 2821 976 2891 κρίσεως
1007 2822 1077 2893 ',]
1104 2824 1222 2878 οὐδὲ
1268 2826 1447 2897 ζητεῖν
1472 2827 1534 2880 τὸ
1567 2829 1775 2899 συμφέ-

199 2924 284 2977 ρον
310 2909 373 2961 ού
399 2908 751 2978 διεφύλαξαν.
794 2912 1067 2979 Ἀγνοοῦσι
1100 2915 1279 2985 μέντοι
1311 2918 1387 2982 ώς
1425 2920 1524 2973 οὐκ
1567 2920 1777 2994 ἀνθρω-

197 3000 367 3064 πίνοις
394 3003 562 3071 ὃμοια
590 3001 661 3055 τά
706 3004 842 3057 Θεοῦ
890 3003 1201 3078 βουλήματα
1226 3023 1240 3039 ο
1280 3009 1495 3080 πρῶτον
1536 3013 1632 3082 μὲν
1666 3013 1776 3085 γάρ

200 3088 296 3144 οἶδε
326 3093 394 3145 τά
440 3094 666 3147 πάντων
698 3094 1049 3167 διανοήματα,
1080 3098 1173 3150 καὶ
1197 3098 1295 3152 οὐκ
1323 3102 1380 3153 ὲν
1410 3101 1489 3171 τῷ
1526 3103 1775 3176 ἐγχειρῆ-

203 3199 282 3233 σαι
313 3183 498 3251 μόνον,
537 3182 675 3238 ἀλλὰ
703 3186 798 3237 καὶ
828 3186 884 3239 ὲν
906 3186 984 3255 τῷ
1018 3187 1265 3258 ἐννοῆσαι
1307 3190 1533 3254 ἕκαστος
1559 3192 1774 3246 εὐθύνε-

200 3291 295 3327 ται.
328 3274 519 3343 Πολλῷ
541 3274 563 3305 ⁸
590 3274 646 3327 δὲ
676 3269 835 3345 ἦττον
863 3276 1145 3331 ἀσεϐοῦσιν
1164 3280 1213 3331 οἱ
1244 3280 1613 3351 ἐγχειροῦντες
1638 3281 1779 3336 καλά

203 3370 328 3419 νοεῖν
346 3366 443 3420 καὶ
463 3367 953 3437 ἀπστυγχάνοντες,
970 3368 1080 3421 τῶν
1094 3370 1225 3440 μηδὲ
1240 3370 1374 3433 ὅλως
1392 3373 1776 3444 ἐγχειρούντων

202 3463 302 3522 τοῖς
328 3460 538 3523 καλοῖς.
577 3461 697 3513 ’Ὁτι
721 3460 868 3530 αύτῷ
898 3461 976 3532 τῷ
1012 3461 1130 3532 Θεῷ
1156 3462 1351 3527 ἔδοξεν,
1376 3464 1465 3517 τὸν
1494 3465 1550 3518 ἐν
1580 3464 1776 3534 γνώσει

204 3551 300 3603 τῶν
323 3551 507 3605 καλῶν
539 3552 958 3623 παραπίπτοντα
989 3556 1031 3616 ⁹,
1065 3553 1206 3606 κατὰ
1234 3553 1386 3622 λόγον
1429 3556 1535 3607 τῶν
1572 3554 1778 3627 ἀνθρω-

390 3643 882 3713 παραπτωμάτων,
917 3643 1148 3715 μετρίως
1178 3643 1503 3697 κολασθέντα
1532 3646 1575 3676 ¹⁰
1610 3645 1778 3717 σωθῆ-

206 3750 301 3785 vat.
334 3733 397 3785 Οἱ
441 3732 499 3785 δὲ
540 3732 639 3802 τὴν
690 3732 863 3803 ἀρχὴν
908 3734 1001 3785 καὶ
1039 3732 1132 3785 τοῦ
1185 3732 1384 3800 γνῶναι
1428 3734 1487 3786 τὸ
1534 3737 1776 3805 κρεῖττον

205 3823 611 3894 ὲξημεληκότες,
642 3822 746 3876 κᾶν
782 3825 949 3894 μυρία
976 3824 1138 3896 έτερα
1182 3823 1427 3894 πράξωσι
1475 3823 1633 3886 καλὰ,
1662 3819 1775 3897 ὲνῇ

206 3912 254 3965 δὲ
282 3914 439 3976 αὐτὸς
463 3912 631 3985 ὥρισε
668 3912 931 3985 θρησκείᾳ
962 3915 1035 3986 μὴ
1083 3914 1363 3983 γένωνται,
1399 3914 1655 3985 ἀμελείας
1684 3915 1775 3985 ἕγ-

210 4006 376 4076 γλημα
406 4005 667 4070 λαϐόντες
689 4009 756 4077 τῇ
814 4006 1039 4078 μεγίστῃ
1080 4006 1573 4077 ἀποσϐεσθησονται
1615 4008 1774 4065 κολά-

214 4114 283 4151 σει
311 4098 593 4161 παντελῶς
615 4099 678 4155 ⁸⁸.

270 4187 399 4243 Vlll.
455 4188 521 4242 Ἦ
562 4188 619 4242 δὲ
662 4189 753 4241 ὑπ’
786 4187 949 4242 αὐτοῦ
998 4188 1274 4260 όρισθεῖσα
1326 4189 1586 4261 θρησκεία
1630 4190 1774 4245 ἐστὶν

210 4281 334 4352 αὕτη
356 4299 371 4312 ·
415 4283 490 4335 Τὸ
523 4283 685 4352 μόνον
714 4281 873 4335 αὐτὸν
907 4281 1104 4346 σέϐειν,
1136 4282 1229 4335 καὶ
1258 4281 1337 4354 τῷ
1381 4282 1478 4353 τῆς
1521 4282 1776 4353 ἀληθείας

216 4375 346 4444 μόνῳ
382 4373 662 4427 πιστεύειν
694 4375 964 4445 προφήτῃ,
999 4376 1094 4429 καὶ
1142 4375 1222 4437 είς
1270 4375 1459 4442 ἄφεσιν
1496 4375 1775 4446 ἁμαρτιῶν

1308 333 1762 396 CLEMENTINA.
1802 371 1871 384 -—
1906 343 2185 403 HOMILIA
2226 350 2337 407 VII.

3338 365 3445 421 εεο

1805 461 1859 525 Α
1954 461 2040 516 γι.
2082 462 2347 520 Caeterum
2399 482 2522 524 cum
2554 466 2747 527 Petrus
2775 472 3031 532 Sidonem
3056 475 3335 547 ingressus
3357 494 3446 532 es-

1888 563 1990 617 set,
2024 554 2229 612 multos
2263 557 2318 611 in
2359 558 2511 615 lectis
2546 559 2740 617 allatos
2773 579 2954 619 coram
2982 568 3101 637 ipso
3124 578 3443 637 posuerunt.

1884 642 1977 699 llle
2004 654 2182 700 autem
2234 647 2369 703 dixit
2416 651 2483 704 ad
2534 666 2668 707 eos:
2722 652 2799 709 Ne
2833 672 2959 711 vero
2997 659 3321 715 existimetis
3357 676 3450 715 me

1884 738 2083 807 aliquid
2109 754 2271 808 posse
2297 741 2363 795 ad
2393 745 2730 799 curationem
2764 757 3020 815 vestram,
3051 751 3145 819 qui
3195 752 3295 806 sim
3329 752 3445 821 ipse

1884 844 2099 898 quoque
2146 831 2310 887 homo
2360 836 2626 900 mortalis,
2663 847 2716 891 et
2760 838 2814 893 in
2871 842 3037 895 multa
3071 845 3271 911 possim
3308 844 3446 899 inci-

1884 919 2011 975 dere
2042 921 2266 976 adversa
2305 940 2319 977 :
2349 923 2547 979 docere
2576 937 2755 982 autem
2792 944 2890 983 vos
2918 931 3137 985 modum
3168 949 3276 1003 quo
3308 936 3444 989 salvi

1885 1026 2003 1067 esse
2032 1014 2272 1081 possitis,
2307 1032 2413 1071 non
2445 1020 2730 1087 gravabor,
2760 1022 2854 1091 qui
2887 1023 3002 1092 ipse
3030 1025 3191 1078 etiam
3241 1042 3270 1080 a
3297 1028 3444 1083 veria

1883 1102 2009 1158 tatis
2055 1101 2319 1172 Propheta
2369 1107 2533 1163 didici
2580 1111 2827 1179 prmfixos
2861 1129 2891 1166 a
2934 1113 3044 1168 Deo
3086 1126 3209 1170 ante
3256 1119 3445 1174 mundi

1884 1194 2633 1267 constitutionemterminos,
2663 1203 2716 1256 in
2746 1204 3023 1273 qualibus,
3051 1206 3294 1276 inquam,
3329 1227 3448 1264 ma-

1882 1286 1951 1342 lis
1981 1290 2233 1358 operibus
2260 1291 2591 1362 disposuerit
2617 1304 2674 1348 ut
2705 1296 2957 1352 homines
2989 1314 3018 1352 a
3052 1300 3271 1355 malitia:
3302 1302 3444 1359 duce

1883 1378 2207 1449 afIligantur,
2244 1382 2336 1439 sed
2370 1383 2623 1441 similiter
2669 1386 2723 1440 in
2773 1388 3025 1454 qualibus
3073 1390 3232 1447 bonis
3261 1394 3442 1463 Operi-

1883 1468 1985 1524 bus
2014 1472 2313 1528 decreverit
2341 1484 2419 1541 ut,
2452 1476 2543 1545 qui
2583 1476 2636 1529 in
2670 1491 2795 1530 eum
2843 1478 2989 1531 velut
3024 1480 3288 1535 medicum
3320 1498 3441 1536 ere-

1882 1562 2146 1630 diderint,
2175 1564 2330 1633 prius
2361 1580 2588 1635 corpore
2629 1576 2908 1636 curentur,
2942 1569 3135 1626 deinde
3164 1582 3216 1626 et
3261 1574 3440 1629 anima

1883 1652 2254 1709 instaurentur
2281 1656 2349 1711 ad
2384 1657 2635 1713 salutem.

1953 1766 2065 1822 Vll.
2108 1767 2217 1824 Has
2245 1786 2373 1841 ergo
2397 1772 2751 1843 'cognoscens
2778 1775 2949 1832 bonas
2982 1789 3034 1834 et
3066 1782 3238 1837 malas
3270 1786 3442 1840 actio-

1881 1872 1975 1912 nes
2006 1860 2310 1928 praenuntio
2339 1862 2495 1917 vobis
2519 1865 2673 1933 quasi
2699 1865 2836 1922 duas
2868 1870 3161 1928 ostendens
3186 1876 3319 1942 vias,
3349 1894 3443 1946 per

1877 1963 2037 2017 quam
2062 1950 2279 2019 quidem
2309 1952 2616 2022 gradientes
2646 1967 2904 2024 pereant,
2950 1976 3045 2030 per
3088 1979 3251 2030 quam
3313 1982 3442 2019 vero

1877 2040 2183 2098 incedentes
2216 2044 2509 2110 salventur,
2533 2045 2680 2102 ducti
2707 2064 2735 2101 a
2751 2048 2997 2117 Deo.,Via
3025 2053 3190 2122 igitur
3211 2073 3443 2125 pereun-

1875 2132 2010 2188 tium
2044 2134 2149 2187 lata
2165 2144 2314 2190 estet
2332 2136 2668 2207 planissima,
2692 2140 3192 2215 perditqueabsque
3224 2148 3437 2218 labore;

1876 2229 1931 2309 at
1957 2222 2043 2310 via
2061 2232 2400 2310 servatorum
2424 2238 2650 2298 angusta
2676 2240 2759 2285 est
2788 2240 2842 2286 et
2874 2248 3087 2303 aspera,
3120 2238 3443 2310 tandemque

1855 2298 1978 2354 liter
2010 2300 2268 2358 facientes
2299 2316 2480 2360 servat
2506 2324 2631 2363 eum
2672 2312 2856 2369 labore
2887 2298 3140 2373 multos.
3176 2298 3442 2380 Caeterum

1855 2387 1941 2445 bis
1972 2390 2183 2449 duabus
2212 2395 2316 2451 viis
2348 2398 2645 2466 praesident
2677 2403 3033 2464 incredulitas
3057 2422 3110 2464 et
3135 2411 3291 2479 fides,
3316 2431 3444 2486 pro-

1853 2480 2174 2539 ficiscuntur
2197 2494 2377 2542 autem
2402 2505 2497 2559 per
2524 2492 2958 2553 incredulitatem
2987 2502 3208 2571 quidem
3237 2480 3334 2577 qui
3354 2524 3444 2565 vo-

1854 2575 2089 2645 luptates
2117 2579 2491 2648 praetulerunt,
2517 2594 2734 2655 propter
2755 2603 2891 2659 quas
2918 2590 3086 2664 [quod
3111 2593 3222 2651 Deo
3246 2575 3439 2671 displi-

1876 2683 1959 2730 cet
2004 2674 2265 2731 facientes
2304 2692 2480 2748 neque
2522 2693 2708 2732 curam
2738 2681 2933 2735 anima;
2976 2681 3167 2737 salutis
3196 2695 3444 2754 gerentes

1875 2765 1981 2821 diei
2012 2766 2204 2837 judicii
2232 2768 2383 2822 obliti
2427 2768 2574 2841 sunt]
2606 2778 2799 2839 meque
2840 2773 2983 2841 quod
3017 2775 3148 2829 utile
3168 2786 3252 2831 est
3286 2794 3446 2832 cura-

1875 2870 2068 2916 verunt
2120 2877 2383 2933 quaerere.
2448 2863 2632 2934 Itaque
2704 2864 2996 2935 ignorant,
3059 2867 3155 2923 Dei
3216 2874 3444 2929 consilia

1876 2957 2076 3011 similia
2104 2973 2211 3012 non
2237 2973 2359 3013 esse
2382 2959 2660 3017 humanis.
2696 2960 2880 3019 Primo
2899 2967 3094 3020 etenim
3130 2968 3277 3022 novit
3307 2969 3445 3026 Dens

1876 3049 2234 3119 cogitationes
2257 3050 2525 3115 omnium,
2551 3061 2603 3107 et
2628 3069 2735 3108 non
2761 3056 2831 3109 ob
2853 3057 3025 3111 solam
3052 3060 3443 3127 operationem,

1802 3162 1843 3218 ρ
1879 3142 1970 3195 scd
2008 3150 2061 3196 et
2086 3150 2306 3211 propter
2331 3144 2713 3211 cogitationem
2737 3148 3113 3219 unusquisque
3144 3150 3444 3219 judicatur.

1877 3230 2044 3286 Multo
2060 3241 2238 3287 autem
2260 3234 2442 3289 minus
2463 3235 2609 3305 impii
2636 3248 2784 3306 sunt,
2807 3239 2899 3309 qui
2924 3241 3170 3296 nituntur
3199 3242 3339 3297 bona
3371 3246 3449 3299 in-

1877 3323 2117 3393 telligere
2131 3332 2183 3377 et
2199 3324 2474 3387 aberrant,
2499 3341 2660 3395 quam
2677 3328 2767 3396 qui
2788 3329 3095 3385 nullatenus
3120 3334 3447 3403 aggrediun-

1877 3424 1966 3467 tur
1995 3415 2163 3469 bona.
2197 3414 2335 3481 Quia
2386 3414 2496 3475 Deo
2526 3417 2749 3487 placuit,
2800 3428 2861 3474 ut
2904 3421 2998 3490 qui
3049 3422 3102 3475 in
3143 3425 3449 3495 cognitione

1877 3505 2003 3559 boni
2052 3506 2456 3576 lapsusf‘uerit,
2511 3508 2668 3578 juxta
2748 3513 3011 3567 rationem
3082 3514 3446 3569 humanorum

1877 3596 2155 3666 lapsuum.
2190 3600 2403 3654 modice
2436 3602 2734 3672 castigatus
2780 3615 3045 3663 servetur.
3076 3606 3146 3660 At
3187 3609 3278 3678 qui
3329 3625 3446 3662 em-

1877 3686 2008 3741 nino
2053 3687 2352 3758 intelligere
2394 3691 2767 3759 neglexerunt,
2810 3694 2912 3748 etsi
2956 3705 3244 3763 operentur
3284 3697 3446 3751 innu-

1878 3794 2027 3833 mera
2064 3780 2170 3855 alia
2197 3781 2476 3850 praeclara,
2510 3781 2632 3837 ideo
2661 3784 2804 3852 quod
2846 3784 2899 3837 in
2958 3786 3215 3855 religione
3254 3803 3284 3841 a
3332 3787 3443 3842 Deo

1875 3870 2094 3925 definita
2146 3887 2255 3927 non
2314 3873 2643 3945 exstiterint,
2685 3874 3031 3945 indiligentia:
3075 3886 3293 3947 sumpto
3336 3879 3445 3933 cri-

1875 3962 2023 4016 mine
2068 3978 2164 4033 per
2220 3965 2519 4019 maximum
2592 3965 2809 4035 penitus
2873 3966 3173 4023 interibunt
3234 3970 3439 4038 suppli-

1876 4068 2043 4109 cium.

1943 4189 2078 4245 νηί.
2119 4189 2291 4247 Porro
2319 4193 2387 4247 ab
2414 4208 2480 4248 eo
2514 4192 2734 4248 definita
2777 4193 2967 4263 religio
2995 4195 3110 4249 haec
3140 4202 3222 4250 est
3254 4212 3269 4250 :
3303 4192 3441 4249 Eum

1874 4281 2051 4337 solum
2092 4282 2287 4351 colere,
2321 4298 2385 4338 ac
2429 4284 2530 4339 soli
2574 4284 2795 4339 credere
2844 4283 3127 4355 Prophetae
3172 4287 3441 4353 veritatis,

1874 4374 1928 4428 in
1973 4376 2350 4430 remissionem
2391 4386 2742 4446 peccatorum
2790 4377 3086 4448 baptizari,
3117 4378 3304 4447 sicque
3347 4395 3443 4448 per

214 4465 580 4539 βαπτισθῆναι,
614 4469 708 4520 καὶ
755 4466 926 4529 οὕτως
968 4466 1056 4521 διὰ
1106 4468 1204 4537 τῆς
1253 4468 1549 4538 άγνοτάτης
1600 4467 1775 4539 βαφῆς

1877 4465 2249 4521 intinctionem
2283 4467 2631 4536 purissimam
2666 4468 2879 4522 renasci
2912 4467 3021 4523 Deo
3050 4468 3102 4521 in
3125 4484 3264 4538 aqua
3295 4469 3443 4522 salu-

212 4556 627 4630 ἀναγεννηθῆναι
662 4558 779 4624 Θεῷ
810 4558 899 4631 διά
943 4558 1038 4612 τοῦ
1087 4558 1347 4623 σώζοντος
1383 4558 1599 4622 ὓδατος·
1634 4577 1768 4630 τρα-

214 4648 369 4720 πέζης
402 4649 670 4720 δαιμόνων
703 4650 776 4721 μὴ
813 4650 1264 4721 μεταλαμϐάνειν,
1300 4650 1441 4719 λέγω
1472 4651 1527 4704 δὲ
1566 4650 1771 4704 εἰδωλο-

212 4739 394 4801 θύτων,
427 4740 661 4812 νεκρῶν,
694 4741 953 4805 πνικτῶν,
991 4741 1359 4813 θηριαλώτων,
1400 4742 1655 4813 αἵματοςο
1692 4743 1767 4814 μὴ

211 4832 522 4902 ἀκαθάρτως
556 4832 715 4902 179
745 4832 924 4902 βιοῦν,
958 4832 1063 4885 ἀπὸ
1097 4833 1281 4903 κοίτης
1317 4833 1569 4901 γυναικὸς
1614 4834 1766 4886 λούε-

212 4924 343 4991 σθαι,
368 4926 535 4988 αύτάς
569 4926 749 4996 μέντοι
782 4926 877 4979 καὶ
908 4926 1130 4997 άφεδρον
1152 4926 1462 4995 φυλάσσειν,
1487 4926 1693 4989 πάντας
1712 4925 1769 4979 δὲ

213 5018 515 5086 σιιγτςρονεῖν,
569 5016 826 5079 εύποιεῐν,
881 5016 953 5087 μὴ
989 5016 1221 5087 ἀδικεῖν⁸
1271 5015 1420 5088 παρά
1460 5014 1552 5068 τοῦ
1598 5016 1775 5071 πάντα

209 5108 489 5181 δυναμένου
522 5110 658 5164 Θεοῦ
692 5110 836 5182 ζωὴν
869 5110 1081 5164 αἰώνιον
1112 5109 1439 5182 προσδοκᾷν·
1474 5110 1656 5179 εὐχαῖς
1680 5108 1774 5161 καὶ

208 5202 412 5273 δεήσεσι
449 5203 721 5274 συνεχέσιν
743 5204 1090 5273 αἰτουμένους
1119 5202 1286 5271 αὐτὴν
1310 5201 1512 5255 λαϐεῖν.
1539 5199 1774 5252 Τοιαῦτα

270 5330 295 5358 ι
321 5316 509 5371 Matth.
550 5332 650 5384 vn,
678 5316 766 5371 15.

1877 4559 2012 4621 tari;
2045 4558 2179 4612 nihil
2210 4574 2427 4613 sumere
2456 4558 2523 4612 de
2548 4573 2736 4612 mensa
2773 4558 3110 4623 daemonum,
3141 4559 3244 4613 hoc
3268 4568 3350 4614 est
3376 4559 3443 4613 de

1875 4649 2225 4719 idolothytis,
2270 4648 2541 4714 mortuis,
2588 4648 2904 4715 suffocatis,
2946 4664 2977 4703 a
3028 4650 3199 4703 bestia
3244 4650 3438 4718 captis,

1874 4740 2171 4811 sanguine;
2202 4755 2309 4793 non
2340 4738 2551 4808 impure
2576 4739 2789 4807 vivere,
2824 4740 2993 4793 lavari
3018 4747 3142 4809 post
3174 4740 3439 4794 concubi-

1874 4842 1987 4887 tum
2020 4846 2143 4886 cum
2175 4831 2420 4893 muliere,
2451 4829 2682 4886 feminas
2707 4847 2837 4886 vero
2862 4833 3136 4886 custodire
3170 4831 3332 4886 etiam
3360 4832 3439 4887 le-
3492 4863 3496 4868 λ

1873 4938 1990 4992 gem
2024 4922 2383 4992 purgationis,
2415 4931 2640 4977 cunctos
2677 4932 2855 4977 autem
2905 4932 3266 4993 temperantes
3294 4938 3436 4989 esse,

1872 5013 2212 5081 benefacere,
2240 5030 2345 5067 non
2379 5014 2590 5068 allicere
2623 5014 2853 5084 injuria;
2878 5029 2906 5067 a
2935 5014 3045 5068 Deo
3072 5014 3438 5083 omnipotente

1873 5114 2188 5175 exspectare
2216 5106 2380 5161 vitam
2416 5118 2710 5171 aeternam;
2748 5105 2979 5176 petendo
3013 5106 3162 5160 illius
3193 5105 3436 5173 adeptio-

1874 5214 1995 5254 nem
2041 5199 2379 5262 orationibus
2417 5209 2471 5255 et
2522 5200 2776 5270 precibus
2805 5199 3101 5255 continuis.
3151 5196 3276 5252 Hec
3301 5195 3432 5252 etin

1497 5403 1734 5461 VARle
1764 5400 2164 5457 LECTIONES.

264 5554 289 5583 δ
311 5559 369 5593 τε
395 5540 458 5597 C.
534 5542 556 5574 ⁸
585 5539 723 5595 Vbb.
755 5541 882 5611 ὑμῖν
915 5539 990 5603 ὡς
1014 5540 1096 5595 bis
1126 5540 1374 5634 Leguntur
1395 5537 1448 5619 in
1569 5610 1582 5634 1
1609 5547 1630 5577 ο
1666 5538 1880 5634 ποίᾳῼϐ.
1908 5539 2278 5634 “(lacunam
2308 5536 2361 5619 in
2389 5536 2510 5634 eqd.
2541 5532 2721 5618 Ottob:
2752 5544 2879 5634 post.
2892 5535 2958 5587 δι’
2982 5531 3433 5634 ἆξῖοιηίίιιὶινεζιυ

265 5628 283 5634 -
313 5613 520 5634 ..η-1-..-
550 5611 751 5634 .--⁸--.ζ
809 5626 923 5634 .-.υ-ι.
949 5624 1120 5634 -..κη-υ.
1162 5618 1261 5634 .-.ιι
1283 5624 1436 5634 ...ιι-ιι.
1481 5626 1566 5634 ...Α
1592 5625 1685 5634 ..ΛΑ
1748 5626 1751 5627 ν
1839 5626 1900 5634 _-
1972 5627 1983 5634 .
2003 5627 2010 5634 .
2151 5618 2205 5634 ..ι
2244 5624 2357 5634 -Α.-.
2542 5624 2592 5634 ..ι
2630 5623 2715 5634 nn.
2798 5622 2856 5634 ην
2890 5621 2917 5634 η
2949 5620 3016 5634 ..Α
3081 5620 3152 5634 .-ιιι
3274 5617 3347 5634 ..ιη
3374 5616 3431 5634 cu

212 5610 286 5665 his
310 5613 523 5681 explere
550 5601 925 5679 tentavifquze
949 5601 1264 5678 praecedunt
1283 5608 1443 5681 uncis
1480 5601 1808 5681 inclusa.”
1836 5608 2013 5679 πολλῷ
2036 5608 2099 5681 Ο.
2151 5618 2210 5681 ut
2237 5608 2381 5677 conj.
2422 5608 2509 5681 C__,
2542 5601 2918 5681 in_cuj.'textu
2949 5601 3223 5681 πολλῶν.)
3241 5601 3347 5652 τῶν
3373 5601 3431 5655 ὲν

212 5698 285 5745 γν.
307 5697 357 5737 τ.
374 5700 622 5754 κιρ-παρα

626 5672 933 5733 πιπτόντων
949 5672 1019 5734 Ὀ.
1048 5682 1149 5736 Aut
1180 5690 1301 5748 post
1330 5676 1501 5748 ἔδοξεν
1529 5680 1827 5748 addendum
1854 5681 1943 5731 ὲπί
1970 5672 2051 5733 vel
2078 5680 2222 5748 περί,
2255 5672 2356 5732 aut
2375 5672 2717 5748 scribendum
2750 5676 2964 5748 τοὺςς-έ-
2984 5672 3429 5748 παραπίπτοντας

213 5739 412 5808 (insuit
451 5750 513 5808 υ.
553 5739 565 5754 .
591 5754 635 5785 η
666 5749 1025 5813 κθλασοέντας
1049 5750 1112 5812 ρ.
1181 5739 1227 5827 it
1260 5739 1531 5812 παντελῶς
1555 5746 1598 5804 ο
1628 5790 1642 5817 ³
1671 5749 1817 5820 quod
1839 5759 1887 5807 οι
1922 5749 1959 5805 S
2029 5739 2311 5821 proposuit
2354 5747 2639 5820 legendum
2666 5786 2681 5815 ,
2717 5744 2965 5799 παντελεῖ
2992 5743 3054 5801 (2.
