4004 6332
560 327 666 383 223

1414 332 1470 386 S.
1511 330 1894 386 CLEMENTIS
1930 330 1951 384 l
1988 329 2150 384 ROM.
2193 329 2391 385 ΡΟΝΤ.
2431 328 2658 384 OPERA
2704 329 2929 387 DUBIA.

3681 333 3785 388 22$

562 443 763 500 Sidone
802 442 962 499 Petro
1007 445 1287 514 suadente,
1335 464 1461 503 cum
1505 448 1693 518 paucis
1741 446 1934 501 diebus
1963 445 2116 499 multi

2221 444 2312 497 καὶ
2344 446 2402 500 ἐν
2434 448 2499 517 τῇ
2534 445 2719 499 Σιδῶνι
2743 444 2836 499 τοῦ
2876 446 3080 519 Πέτρου
3114 446 3519 520 παραινοῦντος,
3555 412 3787 521 ἡμέραις

558 536 634 591 ibi
687 552 905 607 quoque
954 539 1325 607 paenitentiam
1347 541 1604 611 egissent,
1650 556 1712 594 ac
1738 539 2117 605 credidissent,

559 638 721 699 atque
771 630 947 684 sanati
996 640 1197 697 essent,
1240 634 1522 688 ecclesiam
1570 634 1832 699 instituit;
1873 641 1928 687 et
1966 640 2119 701 post-

559 736 721 790 quam
752 720 986 790 aliquem
1033 738 1098 775 ex
1152 722 1502 792 presbyteris,
1551 724 1641 792 qui
1687 738 1810 777 eum
1839 733 2122 778 consecta-

558 814 780 879 bantur,
811 813 1185 869 constituisset
1213 814 1316 869 illis
1342 814 1678 884 episcopum,
1711 812 1915 870 Sidone
1938 828 2121 885 egres-

557 915 654 955 SllS
680 910 786 955 εει.
898 936 917 951 .

627 992 718 1047 1x.
764 993 962 1047 Statim
1008 1004 1189 1050 autem
1234 1012 1298 1051 ac
1340 995 1593 1069 Berytum
1642 998 1918 1068 pervenit,
1963 1001 2122 1052 terra:

556 1095 736 1139 motus
767 1085 943 1141 factus
968 1097 1071 1152 est,
1104 1097 1265 1158 atque
1290 1090 1439 1161 plebs
1467 1090 1731 1146 accedens
1758 1091 1825 1145 ad
1848 1089 2066 1144 Petrum
2103 1108 2117 1146 :

558 1172 659 1227 Fer
688 1190 866 1244 Opem,
895 1177 1197 1247 inquiebat;
1230 1180 1513 1236 timuimus
1553 1182 1721 1248 enim,
1750 1182 2023 1249 dixerunt,
2051 1198 2120 1237 ne

557 1276 749 1316 omnes
770 1265 993 1320 omnino
1034 1267 1354 1335 periremus.
1391 1269 1548 1324 Tunc
1577 1270 1789 1341 Simon,
1813 1284 2122 1330 commento

556 1352 884 1424 excogitato,
915 1371 1024 1409 una
1060 1373 1181 1413 cum
1212 1359 1475 1427 Appione,
1525 1359 1829 1425 Anubione,
1876 1364 2121 1418 Atheno-

555 1444 692 1499 doro
724 1446 1045 1517 cieterisquc
1088 1449 1366 1505 sodalibus
1409 1452 1624 1520 publice
1662 1453 1994 1509 multitudini
2022 1455 2122 1509 ad-

554 1551 747 1593 versus
801 1537 1019 1595 Petrum
1074 1543 1407 1597 acclamabat
1435 1562 1446 1596 :
1477 1542 1697 1613 Fugite,
1740 1560 1773 1600 ο
1822 1546 1950 1615 viri,
1978 1547 2123 1604 hunc

555 1624 861 1695 hominem;
896 1645 1087 1700 magus
1108 1641 1209 1685 est:
1237 1632 1368 1685 mihi
1399 1632 1622 1700 credite;
1647 1645 1701 1688 et
1726 1644 1883 1690 terra:
1912 1646 2120 1692 motum

552 1716 601 1771 is
634 1718 788 1773 vobis
816 1718 967 1787 fecit,
1002 1722 1117 1789 ipse
1153 1723 1373 1778 morbos
1400 1724 1676 1790 excitavit,
1706 1733 1766 1779 ut
1795 1741 1891 1780 vos
1915 1735 2121 1795 perter-

2219 533 2424 603 ὀλίγαις
2448 536 2653 589 πολλῶν
2686 538 2845 589 κάκεῖ
2878 538 3317 609 μετανοησάντων
3351 538 3443 591 καὶ
3477 540 3788 593 πιστευσάν-

2218 644 2357 694 των,
2396 627 2487 680 καὶ
2521 627 2953 699 θεραπευθέντων
2985 630 3277 700 ἐκκλησίαν
3310 630 3657 703 συνέστησεν,
3692 632 3787 685 καὶ

2218 718 2325 774 τῶν
2352 719 2724 789 συνεπομένων
2761 720 2909 790 αὑτῷ
2950 721 3333 792 πρεσϐυτέρων
3372 720 3492 774 τινὰ
3522 723 3791 792 καταστήε

2222 828 2321 875 σας
2343 812 2521 875 αὐτοῖς
2550 812 2861 879 ἐπίσκοπον,
2891 812 3035 884 ἐξῄει
3062 814 3161 884 τῆς
3192 813 3435 877 Σιδῶνος.

2290 989 2381 1044 IX.
2434 991 2521 1055 Ὠς
2568 992 2625 1046 δὲ
2672 992 2835 1056 εὐθὺς
2887 992 3055 1064 ἐπέϐη
3105 992 3204 1064 τῆς
3257 990 3532 1063 Βηρυτοῦ,
3569 992 3789 1064 σεισμὸς

2219 1083 2433 1151 ἐγένετο
2452 1100 2465 1115 ο
2501 1086 2593 1138 καὶ
2623 1085 2672 1138 oi
2710 1084 2857 1155 ὄχλοι
2883 1084 3195 1155 προσιόντες
3222 1081 3300 1152 τῷ
3333 1083 3543 1153 Πέτρῳο
3573 1082 3785 1153 Βοήθει,

2219 1176 2436 1245 ἐλεγονιο
2484 1176 2838 1247 πεφοϐήμεθα
2886 1175 3013 1246 γὰρ,
3063 1175 3289 1245 ἔφασαν,
3348 1174 3422 1244 μὴ
3466 1175 3575 1245 ἀρα
3621 1174 3789 1246 ἄρδην

2220 1268 2419 1331 πάντες
2448 1266 2793 1339 ἀπολώμεθα.
2826 1268 2957 1321 Τότε
2989 1268 3017 1321 ὁ
3046 1267 3246 1338 Σίμων,
3276 1263 3550 1337 τολμήσας
3578 1266 3692 1337 ἅμα
3709 1266 3788 1337 τῷ

2233 1359 2497 1413 Ἀππίωνι
2556 1359 2649 1413 καὶ
2753 1358 3057 1415 Ἀνουϐίωνι
3130 1360 3222 1411 καὶ
3291 1356 3636 1429 Ἀθηνοδώρῳ
3694 1359 3790 1413 καὶ

2219 1454 2334 1514 τοῖς
2365 1452 2568 1516 λοιποῖς
2602 1452 2838 1523 ἑταίροις
2869 1450 3289 1521 αὺτοῦ,δημοσίᾳ
3318 1452 3429 1513 τοῖς
3460 1448 3790 1520 ὄχλοιςκατὰ

2218 1542 2313 1596 τοῦ
2348 1543 2553 1614 Πέτρου
2587 1542 2715 1595 ἐϐόα
2740 1560 2752 1573 ο
2788 1542 3040 1610 Φεύγετε,
3075 1541 3293 1612 ἀνδρες,
3322 1540 3415 1593 τὸν
3450 1540 3618 1612 ἄνδρα
3665 1538 3792 1593 τοῦ-

2218 1651 2308 1687 τον
2330 1650 2342 1663 ·
2383 1633 2555 1704 μάγος
2586 1634 2728 1687 ἐστί·
2765 1632 3089 1686 πιστεύσατε
3114 1672 3129 1697 ,
3166 1634 3380 1687 καὶτὸν
3427 1631 3646 1703 σεισμὸν
3687 1632 3790 1685 αύ-

2218 1725 2310 1788 τὸς
2340 1726 2592 1795 ἐποίησεν
2620 1726 2748 1795 ὑμῖν
2776 1726 2841 1793 ¹¹,
2875 1726 2967 1778 καὶ
3000 1724 3096 1789 τὰς
3118 1725 3303 1788 νόσους
3328 1724 3574 1794 ἐκίνησεν
3602 1720 3791 1786 αὐτὸς,

552 1817 690 1872 reat,
718 1810 875 1879 quasi
924 1811 1040 1881 ipse
1090 1811 1160 1865 sit
1204 1810 1367 1868 Deus.
1414 1812 1590 1883 Atque
1638 1813 1807 1870 multa
1850 1815 2117 1885 ejusmodi

2221 1816 2305 1869 ἵνα
2334 1817 2477 1885 ὑμᾶς
2514 1814 2923 1887 καταπλήξηται
2953 1817 3017 1879 ¹³,
3050 1816 3126 1880 ὡς
3171 1815 3332 1880 αὐτὸς
3372 1815 3448 1869 ῶν
3496 1814 3643 1877 Θεός.
3678 1814 3791 1868 Καὶ

550 1912 679 1967 pars
712 1894 952 1956 Simonis
980 1911 1169 1956 contra
1214 1900 1434 1957 Petrum
1486 1903 1661 1967 tinxit,
1688 1906 1837 1960 velut
1874 1921 1997 1960 eum
2024 1906 2118 1976 qui

552 1991 824 2047 humanas
853 1992 998 2048 vires
1045 1995 1544 2065 supergrederetur.
1580 1997 1825 2066 Cumque
1870 1998 2019 2067 plebs
2061 2012 2121 2052 se

552 2085 609 2140 in
640 2085 857 2140 silentio
894 2087 1178 2153 tenuisset,
1207 2085 1401 2143 Petrus
1428 2087 1717 2143 subridens
1750 2098 2008 2143 terrorem
2037 2090 2120 2143 in-

551 2176 791 2233 cutiente
819 2177 1064 2233 libertate
1098 2179 1234 2233 dixit
1265 2195 1277 2231 :
1312 2177 1448 2243 Viri,
1494 2194 1613 2249 quae
1655 2180 1723 2233 ab
1762 2180 1882 2236 istis
1922 2180 2120 2235 dicun-

551 2274 660 2333 tur,
693 2265 863 2322 l‘ateor
894 2283 980 2321 me
1009 2283 1168 2337 posse
1197 2268 1307 2323 Deo
1348 2270 1559 2325 volente
1605 2270 1812 2325 cllicere
1840 2289 1853 2324 :
1884 2270 1950 2325 ad
2006 2270 2119 2326 haec

550 2371 775 2430 paratus
827 2380 971 2429 sum,
1010 2366 1116 2421 nisi
1175 2367 1309 2421 mihi
1372 2367 1669 2424 habueritis
1719 2368 1876 2424 [idem
1928 2369 1983 2423 iu
2036 2368 2119 2424 his

552 2471 673 2524 quze
699 2456 913 2526 loquor,
950 2458 1262 2515 universam
1309 2470 1545 2516 vestram
1596 2460 1843 2515 funditus
1874 2470 2119 2517 evertere

550 2548 840 2604 civitatem.

622 2639 691 2695 Χ.
733 2640 980 2712 Cumque
1011 2644 1166 2699 turba
1218 2643 1414 2700 timore
1454 2652 1597 2700 esset
1641 2654 1911 2700 commota
1957 2653 2119 2715 atque

550 2733 890 2801 promisisset
938 2751 998 2791 se
1026 2736 1173 2806 quod
1199 2736 1267 2791 ab
1292 2737 1408 2806 ipso
1436 2736 1794 2805 imperaretur
1816 2735 2078 2792 facturam
2101 2754 2116 2791 :

548 2822 721 2881 Nemo
755 2838 1020 2895 vestrum,
1052 2829 1228 2899 inquit
1263 2827 1479 2894 Petrus,
1517 2844 1692 2897 neque
1728 2830 2118 2884 commercium

550 2932 675 2971 cum
707 2917 826 2973 istis
878 2920 1051 2988 magis
1099 2920 1311 2985 habeat,
1343 2935 1518 2988 neque
1557 2936 1681 2975 cum
1730 2921 1798 2975 iis
1834 2920 2114 2991 jungatur.

548 3006 711 3064 Plebs
764 3020 946 3065 autem
991 3010 1154 3065 simul
1203 3026 1267 3065 ae
1314 3011 1474 3065 breve
1523 3011 1838 3066 mandatum
1888 3012 2113 3080 audivit,

550 3100 786 3156 fustibus
831 3102 1062 3171 sumptis
1105 3119 1199 3159 eos
1249 3113 1532 3171 persecuta
1566 3113 1667 3171 est,
1698 3105 1871 3161 donec
1900 3106 2115 3174 penitus
2144 3136 2186 3194 ο

547 3193 685 3248 urbe
714 3194 1027 3262 pepulisset.
1055 3194 1121 3249 Et
1162 3196 1393 3265 ingressi
1420 3197 1733 3266 quicunque
1757 3214 1821 3253 ex
1855 3198 1922 3252 iis
1946 3213 2117 3268 aegro-

549 3285 741 3338 tabant
768 3294 822 3338 et
868 3300 899 3338 a
945 3285 1283 3340 daemonibus
1332 3287 1686 3354 vexabantur,
1729 3303 1787 3343 se
1836 3289 1905 3343 ad
1954 3289 2118 3359 pedes

548 3372 696 3431 Petri
725 3376 1090 3445 projeccrunt.
1116 3375 1211 3431 Ille
1237 3392 1367 3432 vero
1396 3378 1513 3433 haec
1557 3393 1787 3434 cernens
1816 3394 2118 3450 eorumque

551 3474 829 3534 stuporem
858 3465 1045 3519 volens
1070 3466 1275 3521 solvere
1300 3467 1366 3522 ad
1390 3484 1483 3522 eos
1511 3467 1628 3521 iniit
1672 3485 1685 3522 :

624 3558 714 3614 XI.
753 3557 887 3629 Ego,
915 3558 959 3613 si
986 3569 1142 3613 terrae
1170 3568 1347 3614 motus
1374 3568 1429 3614 et
1458 3560 1721 3630 quidquid
1753 3561 1877 3616 volo
1900 3577 2116 3631 possent

551 3648 750 3715 facere,
782 3666 889 3705 non
934 3650 1057 3705 dico
1100 3651 1243 3720 quod
1296 3650 1572 3706 Simonem
1624 3668 1749 3707 eum
1795 3654 1962 3709 sociis
2002 3655 2117 3712 suis

549 3744 1001 3798 exterminassem
1032 3744 1163 3813 (non
1189 3744 1334 3798 enim
1377 3744 1444 3797 ad
1481 3746 1763 3799 hominum
1796 3746 2117 3801 internecio-

550 3849 677 3888 nem
705 3833 909 3889 missus
936 3834 1060 3904 fui),
1092 3834 1185 3888 sed
1218 3850 1341 3888 cum
1389 3835 1525 3889 mihi
1571 3835 1808 3890 amicum
1853 3835 2118 3891 reddidis-

551 3939 693 3993 sem,
726 3940 795 3982 ne
821 3940 964 3981 verte
1009 3926 1303 3981 detrahens
1336 3942 1470 3982 mea:
1516 3928 1890 3997 praedicationi
1933 3928 2117 3983 multis

552 4017 941 4087 impedimento
985 4029 1130 4074 esset
1165 4020 1231 4073 ad
1262 4018 1511 4073 salutem.
1542 4018 1698 4085 Quod
1730 4021 1775 4075 si
1829 4020 1962 4079 mihi
1998 4034 2119 4076 cre-

550 4110 684 4178 dite,
716 4110 835 4181 ipse
863 4119 947 4166 est
978 4126 1193 4180 magus,
1234 4111 1349 4179 ipse
1398 4111 1780 4178 calumniator,
1813 4112 1929 4181 ipse
1962 4110 2118 4165 mali-

551 4203 642 4259 tia:
673 4202 925 4257 minister
954 4202 1009 4255 in
1045 4218 1139 4257 eos
1171 4201 1266 4270 qui
1316 4201 1568 4257 nesciunt
1602 4202 1903 4259 veritatem.
1941 4202 2118 4272 Atque

552 4294 677 4354 ideo
704 4292 1081 4363 peccatoribus
1112 4292 1460 4361 mgritudines
1507 4304 1682 4362 potest
1718 4294 1947 4362 edicere,
1990 4310 2117 4349 cum

550 4401 648 4441 eos
676 4396 988 4455 peccatores
1031 4384 1309 4455 adjutores
1368 4383 1565 4439 haheat
1606 4386 1887 4454 potestatis
1929 4394 2117 4444 contra

2220 1908 2389 1961 πολλὰ
2422 1908 2647 1961 τοιαῦτα
2678 1908 2752 1971 ὡς
2786 1909 2925 1980 ὑπὲρ
2968 1907 3192 1978 δύναμιν
3239 1907 3582 1978 ἀνθρωπίνην
3626 1905 3786 1958 δυνα-

2222 2000 2380 2069 μένου
2412 1999 2505 2052 τοῦ
2538 1998 2743 2071 Πέτρου
2777 1991 3161 2070 κατεψεύδοντο
3190 2000 3241 2052 οἱ
3266 1998 3393 2070 περὶ
3423 1997 3513 2051 τὸν
3545 1997 3787 2067 Σίμωνα.

2231 2089 2484 2160 Ἠσυχίαν
2514 2089 2748 2161 δὲαύτῷ
2771 2090 2814 2122 ¹δ
2844 2091 3229 2162 παρασχόντων
3269 2091 3375 2144 τῶν
3415 2090 3585 2160 ὄχλων
3624 2090 3653 2141 ὁ
3684 2087 3789 2140 Πέ-

2218 2199 2344 2253 τρος
2377 2181 2547 2253 βραχὺ
2584 2182 2970 2253 ὑπομειδιάσας
3000 2184 3411 2253 καταπληκτικῇ
3457 2186 3522 2253 τῇ
3570 2183 3785 2253 παρρη-

2221 2271 2311 2341 σία
2334 2287 2348 2303 ·
2392 2271 2636 2343 Ἄνδρες,
2672 2269 2840 2337 εἶπεν,
2872 2273 3014 2345 ἅπερ
3055 2270 3199 2326 οῦτοι
3228 2272 3491 2341 λέγουσιν,
3531 2271 3666 2323 Θεοῦ
3697 2271 3788 2324 θέ-

2218 2360 2418 2423 λοντος,
2454 2364 2625 2415 ποιεῖν
2656 2362 2874 2426 δυνατὸς
2908 2358 3043 2415 εἶναι
3085 2361 3353 2432 ὁμολογῶ,
3411 2361 3547 2431 πρὸς
3576 2360 3631 2412 δὲ
3667 2359 3788 2412 τού-

2217 2466 2329 2513 τοις
2368 2451 2581 2521 ἕτοιμός
2625 2453 2759 2522 εἰμι,
2809 2450 2904 2505 ἐὰν
2945 2452 3018 2522 μὴ
3050 2451 3308 2522 πείθησθέ
3358 2451 3401 2483 ¹⁸
3442 2468 3529 2521 μοι
3558 2450 3685 2519 περὶ
3714 2442 3790 2503 ῶ-

2217 2539 2380 2608 λέγω,
2414 2541 2512 2612 τὴν
2542 2543 2721 2596 πᾶσαν
2754 2542 2906 2612 ὑμῶν
2934 2542 3292 2614 ἐκόαθρεῦσαι
3324 2542 3492 2595 πόλιν.

2292 2634 2453 2704 180
2483 2634 2550 2687 Χ·
2586 2634 2706 2692 Τῶν
2732 2636 2787 2689 δέ
2823 2636 2993 2707 ὄχλων
3040 2636 3378 2705 φοϐηθέντων
3426 2634 3518 2687 καὶ
3545 2634 3587 2665 ³⁵
3630 2634 3792 2704 ποιή-

2220 2741 2332 2779 σειν
2362 2726 2861 2797 ἐπαγγειλαμένων,
2887 2727 3023 2799 ὅπερ
3044 2725 3109 2780 ἂν
3141 2727 3231 2779 ὑπ’
3255 2724 3420 2779 αὐτοῦ
3444 2722 3787 2780 κελεύωνται.

2217 2814 2421 2884 Μηδεὶς
2454 2815 2627 2885 ὑμῶν,
2661 2816 2765 2887 ἔφη
2792 2818 2821 2869 ὁ
2847 2816 3069 2887 Πέτρος,
3107 2816 3242 2887 μήτε
3284 2813 3537 2886 ὁμιλείτω
3582 2812 3792 2875 τούτοις

2216 2908 2328 2967 τοῖς
2358 2905 2567 2977 γόησιν,
2602 2908 2736 2980 μήτε
2765 2907 3165 2979 ἀναμιγνύσθω.
3192 2909 3255 2961 Οἱ
3275 2907 3330 2961 δὲ
3360 2908 3504 2978 ὄχλοι
3545 2906 3659 2977 ἅμα

2216 2996 2445 3051 ἀκοῦσαι
2472 2999 2565 3052 τοῦ
2600 3000 2965 3071 κελεύσματος
3002 3000 3095 3054 τοῦ
3122 3001 3385 3071 συντόμου
3430 3002 3469 3032 ⁸⁷
3522 3000 3651 3065 ξύλα
3698 3000 3793 3051 λα-

2218 3087 2404 3153 ϐόντες
2443 3090 2661 3145 ἐδίωκον
2692 3094 2907 3158 αὐτοὺς,
2960 3094 3063 3158 ἕως
3115 3095 3311 3157 αὐτοὺς
3370 3092 3643 3154 παντελῶς
3690 3092 3795 3162 τῆς

2219 3183 2426 3246 πόλεως
2458 3181 2744 3253 ἐξήλασαν.
2777 3185 2886 3237 Καὶ
2931 3185 3258 3249 εἰσελθόντες
3303 3185 3351 3237 oi
3392 3182 3669 3245 νοσοῦντες
3701 3183 3795 3235 ab.

2216 3269 2324 3322 τῶν
2370 3272 2463 3323 καὶ
2493 3270 2849 3341 δαιμονῶντες
2885 3272 3022 3343 πρὸς
3045 3273 3171 3325 ποσὶ
3198 3271 3292 3325 τοῦ
3326 3268 3531 3343 Πέτρου
3564 3271 3797 3334 ἑαυτοὺς

2216 3362 2524 3432 ἐρρίπτουν.
2570 3363 2626 3415 '0
2651 3362 2707 3415 δὲ
2737 3362 2906 3416 ταῦτα
2942 3364 3172 3433 βλέπων,
3204 3366 3298 3419 καὶ
3328 3364 3426 3435 τὴν
3454 3362 3798 3434 κατάπληξιν

2216 3450 2395 3504 αὐτῶν
2423 3451 2682 3505 ἀναλῦσαι
2716 3442 2902 3519 θέλων,
2928 3453 3063 3523 πρὸς
3088 3454 3283 3517 αὐτοὺς
3305 3454 3429 3525 ἔφη’

2286 3560 2378 3617 XI.
2434 3562 2573 3631 Ἐγὼ
2604 3566 2855 3633 σεισμοὺς
2886 3565 2981 3618 καὶ
3014 3566 3120 3618 πᾶν
3151 3566 3179 3619 ὃ
3212 3583 3261 3618 τι
3293 3564 3548 3635 βούλομαι
3592 3565 3639 3617 εί
3672 3564 3789 3617 ἐδυ-

2216 3650 2393 3722 νάμην
2427 3654 2597 3704 ποιεῖν
2628 3651 2692 3715 ιθ,
2730 3652 2947 3721 Σίμωνα
2994 3652 3055 3705 ού
3094 3654 3233 3722 λέγω
3264 3652 3345 3707 ὅτι
3391 3653 3527 3724 μετὰ
3558 3654 3666 3708 τῶν
3694 3657 3796 3708 adv

2215 3742 2309 3795 τοῦ
2343 3742 2572 3814 ἑταίρων
2608 3743 2649 3773 ¹⁹
2682 3742 3038 3814 ἐξωλόθρευον
3085 3744 3166 3814 (οῦ
3199 3743 3310 3817 γὰρ
3356 3746 3446 3798 ἐπὶ
3480 3744 3655 3817 φθορᾷ
3696 3747 3793 3798 ἀνε-

2218 3833 2448 3905 θρώπων
2476 3832 2861 3904 ἀπέσταλμαι),
2896 3833 3031 3887 ἀλλά
3063 3834 3213 3904 φίλον
3246 3835 3469 3907 ἐμαυτῷ
3515 3836 3677 3890 αὐτὸν
3720 3836 3799 3890 ἂν

2218 3926 2577 3997 ἐποιησάμην,
2609 3926 2695 3979 ἵνα
2730 3926 2802 3995 μή
2835 3942 2935 3997 μου
2967 3925 3028 3978 τὸ
3058 3925 3253 3996 ἀληθὲς
3279 3925 3576 3979 διαϐάλλων
3617 3927 3795 3997 κήρυ-

2216 4035 2332 4091 γμα
2382 4019 2596 4081 πολλοῖς
2642 4016 2905 4091 ἐμποδίζῃ
2961 4017 3096 4089 πρὸς
3137 4017 3426 4088 σωτηρίαν.
3477 4019 3539 4072 Εί
3587 4018 3645 4071 δέ
3698 4035 3795 4089 μοι

2219 4110 2497 4163 πιστεύετε
2526 4110 2591 4174 ’⁸,
2626 4110 2785 4173 αὑτός
2816 4112 2931 4163 ἐστι
2966 4110 3158 4183 μάγος,
3206 4109 3367 4173 αὐτὸς
3397 4108 3660 4174 διάϐολος,
3692 4112 3784 4164 αὐ-

2216 4202 2306 4266 τὸς
2336 4202 2531 4265 κακίας
2577 4203 2854 4273 ὑπηρέτης
2885 4201 3024 4255 κατά
3056 4200 3165 4255 τῶν
3208 4201 3540 4269 ἀγνοούντων
3569 4203 3628 4255 τὸ
3657 4203 3779 4274 ἀλη-

2218 4293 2325 4356 θές.
2362 4293 2472 4349 Καὶ
2520 4292 2608 4347 διὰ
2652 4292 2809 4347 τοῦτο
2856 4291 3228 4364 ἁμαρτάνουσι
3251 4293 3293 4324 ¹¹
3324 4293 3511 4356 νόσους
3550 4295 3797 4365 ἐνεργεῖν

2216 4384 2455 4449 δύναται,
2514 4386 2803 4456 συνεργοὺς
2835 4382 2991 4454 ⁴έχων
3046 4384 3174 4449 τοὺς
3226 4383 3635 4456 ἁμαρτάνοντας
3688 4386 3798 4458 τῆς

554 4474 721 4544 ipsos.
754 4472 866 4546 Ego
889 4483 1067 4530 autem
1099 4475 1191 4529 Dei
1218 4476 1462 4531 omnium
1488 4477 1725 4531 auctoris
1755 4493 1946 4532 servus
1969 4494 2112 4548 sum,

2220 4479 2334 4532 κατ’
2384 4475 2561 4531 αὐτῶν
2599 4475 2896 4545 δυνάμεως.
2927 4474 3067 4544 Ἐγὼ
3122 4476 3178 4530 δὲ
3222 4474 3357 4529 Θεοῦ
3386 4476 3433 4508 ³³
3472 4476 3566 4530 τοῦ
3610 4477 3801 4532 πάντα

551 4568 836 4638 dextrique
867 4568 987 4637 ejus
1030 4568 1310 4640 Prophetae
1356 4569 1676 4638 discipulus.
1710 4568 1975 4634 Quocirca
2017 4572 2111 4640 qui

553 4675 673 4714 sum
714 4660 860 4714 illius
890 4660 1192 4729 apostolus,
1222 4675 1347 4713 vera
1378 4661 1641 4729 praedico;
1672 4660 1817 4714 bono
1841 4661 1982 4714 enim
2008 4662 2113 4714 mi-

554 4751 795 4806 nistrans
818 4751 979 4804 etiam
1008 4751 1229 4804 morbos
1259 4749 1495 4819 depello;
1530 4766 1655 4805 nam
1686 4750 1957 4805 secundus
1984 4752 2115 4807 mis-

556 4855 651 4894 sus
680 4856 822 4905 sum,
849 4838 1288 4909 quandoquidem
1320 4840 1576 4909 przecedit
1597 4840 1841 4907 morbus,
1871 4840 2115 4910 sequitur

554 4948 684 4987 vero
736 4933 966 4986 sanatio.
1008 4931 1113 4987 Per
1137 4932 1288 4987 illum
1339 4948 1467 5003 ergo
1513 4932 1818 4989 maleﬁcum
1873 4950 2113 5004 magum,

556 5025 668 5080 Deo
716 5026 1006 5090 increduli,
1048 5014 1380 5095 aegr-etastis;
1428 5042 1523 5094 per
1567 5042 1653 5079 me
1696 5033 1910 5090 autem,
1956 5026 2115 5080 modo

558 5119 613 5185 in
649 5134 773 5172 eum
798 5117 1051 5185 credatis,
1079 5116 1427 5172 sanabimini.
1458 5118 1548 5172 Sic
1570 5118 1715 5172 enim
1745 5117 2116 5186 experimento

2217 4568 2571 4638 πεποιηκότος
2632 4567 2746 4637 είμὶ
2803 4564 3017 4633 δοῦλος,
3079 4566 3171 4621 τοῦ
3203 4566 3373 4632 δεξιοῦ
3434 4568 3596 4623 αὐτοῦ
3649 4570 3802 4639 Προ-

2218 4660 2387 4729 φήτου
2425 4657 2684 4728 μαθητής.
2719 4658 2807 4711 Διὸ
2834 4659 3039 4712 ἐκείνου
3067 4658 3359 4722 ἀπόστολος
3391 4659 3466 4713 ὢν
3497 4659 3753 4730 ἀληθεύω
3780 4678 3797 4693 -

2216 4750 2405 4821 ἀγαθῷ
2438 4750 2546 4820 γὰρ
2580 4749 2865 4820 ὑπηρετῶν
2898 4750 2992 4803 καὶ
3018 4749 3207 4814 νόσους
3258 4748 3574 4803 ἀπελαύνω·
3611 4752 3801 4823 ἐπέμ-

2219 4841 2358 4916 φθην
2389 4840 2497 4911 γὰρ
2529 4840 2801 4911 δεύτερος·
2837 4841 2956 4893 ἐπεὶ
2986 4844 3301 4913 προηγεῖται
3338 4843 3432 4913 μὲν
3465 4842 3634 4905 νόσος,
3670 4844 3805 4897 έπε-

2220 4950 2309 4987 ται
2333 4932 2377 4963 ¹⁸
2403 4932 2459 4984 δὲ
2488 4933 2644 4994 ἴασις.
2681 4933 2756 4985 Δι’
2794 4932 2998 4985 ἐκείνου
3034 4933 3129 5003 μὲν
3167 4929 3261 4986 οῦν
3296 4932 3392 4987 τοῦ
3429 4934 3582 5003 181
3620 4952 3802 4988 κακο-

2222 5022 2375 5079 ποιοῦ
2413 5023 2586 5094 μάγου
2618 5023 2695 5094 τῷ
2729 5024 2847 5095 Θεῷ
2878 5025 3276 5094 ἀποστήσαντες
3308 5026 3594 5096 ένοσήσατε
3622 5027 3690 5089 ⁸⁸,
3719 5026 3827 5078 δι’-

2222 5115 2355 5187 ἐμοῦ
2388 5116 2465 5177 δέ,
2505 5114 2598 5169 ἐάν
2629 5130 2687 5166 τε
2723 5113 2871 5184 αὐτῷ
2901 5114 3242 5186 πιστεύσητε,
3298 5114 3597 5185 ίαθήσεσθεθ
3640 5116 3803 5169 οὕτω

1824 5236 2059 5291 ΥΑΙΠίΕ
2102 5234 2501 5290 LECTIONES.

628 5329 942 5405 "nemo.
1005 5401 1027 5405 η
1091 5329 1310 5405 "nat

558 5399 799 5476 ὑπέρζῖη
827 5401 1202 5476 ιοιιιι-ὥσπερ,
1230 5399 1360 5476 in_0
1389 5400 1463 5476 d5
1493 5400 1616 5476 πέρ.

1091 5330 1134 5361 ¹³
1161 5328 1236 5384 Ita
1286 5328 1329 5399 Ο
1412 5345 1463 5385 e.
1507 5328 1602 5387 D.-
1642 5327 1989 5399 καταπλήξσῃΔ
2013 5346 2071 5381 τε
2119 5328 2181 5399 C.
2238 5327 2385 5399 Tum_
2430 5325 2563 5399 ἄλλα
2590 5325 2847 5399 ρηπολλά
2886 5320 3064 5399 ἱάρηιέ
3092 5322 3185 5399 qui
3216 5321 3681 5399 taleincepsconja
3708 5306 3800 5399 ιῖξς

1718 5400 1760 5430 ¹⁸
1789 5386 2002 5469 αὐτῷ’ἶ)
2046 5414 2097 5453 c.
2134 5398 2173 5449 D
2202 5437 2217 5465 ,
2248 5396 2426 5469 αῦτῶν
2449 5394 2511 5449 C.
2592 5386 2640 5469 ίξ
2662 5394 2737 5449 lla
2762 5394 2806 5450 Ο
2854 5412 2909 5469 c._
2936 5392 2993 5469 S‘,
3020 5386 3310 5469 πείσθησθέ
3345 5386 3436 5447 (λ’
3488 5392 3529 5469 ‘_‘
3554 5386 3631 5447 Ci.
3662 5386 3797 5447 éré;

711 5461 835 5531 ante
862 5461 1380 5543 «atquetviomisi‘c.
1408 5461 1471 5524 0.
1512 5461 1578 5543 Si:
1599 5468 1851 5543 retinere
1903 5461 2054 5543 velis,
2095 5461 2397 5543 legendum
2429 5471 2575 5543 auct.
2608 5461 2700 5543 S_,
2732 5478 2825 5520 aut
2854 5466 2928 5543 μὴ
2964 5461 3508 5543 ἐτέρωςιζιιιιιλξιιιοό
3530 5474 3793 5543 praestat,

711 5493 835 5531 ante
862 5493 1107 5543 ποιησειν
1141 5493 1299 5525 0111151
1332 5493 1380 5525 C.
1408 5493 1471 5524 U.
1512 5493 1567 5521 σοι
1621 5493 1851 5523 Γυιιιιυι-ιτ
1904 5493 2054 5533 vcus,
2115 5493 2397 5537 Iugulum"
2429 5493 2449 5518 δ

559 5493 805 5623 {gift-ing.
858 5545 1003 5623 Epit.
1037 5542 1207 5623 cibi},
1242 5540 1403 5623 habret
1444 5538 1753 5623 προθύμως.
1788 5538 1847 5592 Ci
1881 5539 2058 5623 versio
2091 5538 2359 5623 fe‘rrinnon
2381 5550 2449 5623 po

564 5606 985 5685 είὲδυνάμτνᾪ.
1086 5616 1127 5646 ’ν
1158 5611 1308 5666 lianc
1336 5609 1397 5664 Ci
1450 5606 1815 5673 conjecturam
1872 5611 2156 5664 conlirmat
2205 5606 2248 5661 Ο
2280 5646 2294 5672 ,
2328 5606 2495 5676 ἑτέρω

564 5685 811 5739 στεύεται
980 5685 1019 5714 ¹¹
1047 5681 1415 5753 ἁμαρτάνουσι
1442 5680 1506 5753 D,
1537 5678 1586 5753 Δ0
1617 5721 1631 5744 ,
1680 5679 2091 5753 ἁμαρτανούσας
2136 5678 2195 5732 C.
2298 5678 2343 5707 ²¹
2373 5675 2481 5747 ἐγὼ

560 5618 611 5670 εὶ
634 5615 913 5685 ἐδυνάμην
924 5617 985 5668 C.

2454 5542 2577 5589 test.
2658 5534 2700 5567 ⁸⁷
2726 5532 3001 5604 συντόμως
3024 5532 3144 5588 ced.
3173 5532 3303 5602 Reg.
3323 5533 3450 5604 ὅθί.
3530 5534 3573 5565 ⁸⁸
3601 5539 3796 5589 ποιεῖν

2498 5623 2526 5658 ν
2581 5605 2701 5659 cod.
2751 5603 2906 5659 Hom.
2942 5604 3173 5658 Parisin.
3252 5603 3462 5658 ’“ltaO
3519 5619 3550 5657 c
3593 5604 3797 5668 Ι),πι-

2298 5678 2343 5707 ’³
2373 5673 2481 5747 ἐγὼ
2500 5676 2557 5731 δὲ
2588 5674 2680 5730 τοῦ
2704 5675 2839 5731 Θεοῦ
2856 5676 2920 5734 C,
2998 5676 3043 5707 ³³
3065 5673 3141 5729 Ita
3168 5673 3209 5727 ι)
3238 5714 3255 5742 ,
3285 5674 3475 5730 ἔπειτα
3515 5674 3581 5741 C,
3631 5674 3704 5732 0.

561 5758 611 5801 ⁸³
647 5755 706 5813 lu
737 5755 782 5811 0
824 5756 976 5826 prius
1002 5748 1263 5824 scriptum
1294 5760 1409 5809 erat
1437 5751 1707 5820 ἐνοήσατε.
1742 5748 1941 5811 Deinde
1971 5750 2111 5803 idem
2143 5764 2248 5803 om.
2280 5764 2361 5801 τε.
