4004 6332
1241 286 1695 348 CLEMENTINA.
1737 316 1804 326 —-
1845 279 2125 340 IIOMILIA
2160 280 2287 340 Vill.

3295 286 3401 347 226

157 416 255 489 γὰρ
284 412 385 468 τοῦ
418 408 649 466 δυνατοῦ
679 408 777 483 τὴν
804 408 998 481 πεῖραν
1023 407 1070 440 ’⁸
1097 406 1351 470 λαϐόντες
1370 445 1384 470 ,
1409 406 1502 459 ἐπὶ
1546 404 1607 458 τὸ
1639 406 1715 459 εὑ-

1826 399 1972 454 farto
2037 398 2187 453 illius
2238 396 2334 469 qui
2386 402 2582 468 potens
2614 400 2733 465 est,
2789 400 2859 456 ad
2908 401 3047 459 bene
3092 402 3400 464 faciendum

156 503 325 627 :0;er
352 498 709 572 τραπόμενοι,
744 496 839 552 καὶ
868 497 969 562 τὰς
994 496 1173 568 ψυχάς
1203 496 1545 567 ἀνασωθῆναι
1576 492 1733 567 δυνη-

183 590 205 625 ε
226 586 352 627 ητε.

183 586 352 641 ειητε.

210 662 334 717 ΧΠ.
374 660 565 717 Ταῦτα
602 658 768 715 αὑτοῦ
801 658 1070 729 λέγοντος,
1103 659 1154 711 οί
1188 658 1387 721 πάντες
1416 659 1731 727 γονυπετεῖς

154 752 249 824 πρὸ
287 751 405 809 τῶν
439 749 607 804 αὑτοῦ
659 749 868 804 ἔκειντο
905 747 1100 803 ποδῶν.
1160 748 1217 803 Ὁ
1268 748 1325 801 δὲ
1376 749 1455 811 είς
1503 746 1729 820 οὐρανὸν

152 846 280 915 ἄρας
314 841 420 905 τάς
450 843 663 913 χεῖρας,
698 840 793 894 καὶ
818 840 897 911 τῷ
926 840 1044 912 Θεῷ
1080 839 1518 912 προσευξάμενος
1543 840 1729 893 ἰάσατο

150 935 266 998 τοὺς
312 934 531 995 πάντας
570 933 637 985 ὲκ
675 932 843 1004 μόνης
882 930 1048 1002 εὐχῆς
1071 971 1086 985 .
1130 930 1243 985 Οὐκ
1280 930 1474 999 ὀλίγων
1504 931 1560 984 δὲ
1589 932 1727 1003 ἡμε-

154 1026 252 1097 ρῶν
288 1022 642 1095 παραμείνας
672 1025 785 1086 τοῖς
807 1023 1108 1094 Βηρυτίοις,
1148 1022 1242 1076 καὶ
1274 1022 1499 1085 πολλοὺς
1527 1024 1593 1093 τῇ
1631 1040 1728 1094 μοι·

151 1119 379 1188 ναρχικῇ
424 1114 699 1187 θρησκεία
750 1114 1030 1178 συνεθίσας
1067 1116 1113 1147 ³⁵
1154 1114 1248 1169 καὶ
1281 1112 1568 1185 βαπτίσας,
1620 1113 1727 1167 ἀπὸ

152 1207 277 1269 τῶν,
307 1206 601 1276 ἑπομένων
656 1204 807 1276 αὐτῷ
862 1204 1244 1278 πρεσϐυτέρων
1288 1206 1386 1261 ἕνα
1431 1204 1725 1259 ἐπίσκοπον

151 1298 325 1361 αὐτοῖς
379 1296 775 1367 καταστήσας,
828 1295 909 1361 είς
946 1297 1046 1368 τὴν
1090 1297 1278 1351 Βίϐλον
1312 1297 1356 1329 ²⁷
1412 1294 1581 1367 ἐξῄει.
1614 1295 1726 1349 Καὶ

149 1391 430 1455 γενόμενος
491 1389 609 1445 ἐκεῖ
641 1392 736 1445 καὶ
788 1390 972 1463 μαθὼν
1022 1391 1103 1444 ὅτι
1134 1391 1316 1462 Σίμων
1357 1389 1477 1443 οὐδὲ
1526 1389 1656 1460 μιᾶς
1678 1389 1724 1421 ’⁸

151 1484 351 1555 ἡμέρας
389 1483 584 1548 αὐτοῖς
626 1484 1005 1556 προσέμεινεν,
1055 1482 1169 1537 ἀλλ’
1218 1480 1419 1545 εὐθέως
1468 1482 1548 1545 είς
1597 1480 1725 1552 Τρί-

154 1578 295 1631 πολιν
335 1576 625 1650 ὥρμησεν,
678 1577 873 1646 ὀλίγων
918 1578 1140 1650 ἡμερῶν
1188 1579 1369 1641 αὐτοῖς
1417 1576 1720 1648 ἐπιμείνας,

153 1668 238 1719 καὶ
256 1665 604 1737 θεραπεύσας
646 1668 746 1721 οὐκ
771 1666 1001 1737 ὀλίγους,
1024 1669 1118 1721 καὶ
1145 1670 1263 1731 ταῖς
1286 1667 1494 1731 Βίϐλοις
1524 1668 1721 1731 αὐτοὺς

1834 491 2102 557 conversi,
2128 490 2291 546 etiam
2343 491 2643 547 secundum
2675 491 2890 550 animas
2935 494 3072 553 salvi
3121 511 3244 555 esse
3302 515 3404 570 po—

1834 580 2031 637 teritis.

1900 673 2017 728 Xll.
2058 672 2188 739 Quae
2218 688 2343 728 cum
2388 673 2637 744 dixisset,
2669 678 2853 733 cuncti
2906 678 2973 735 ad
3026 695 3199 751 genua
3251 686 3403 742 accl-

1829 767 2021 822 dentes
2050 764 2309 834 jacebant
2349 773 2476 820 ante
2514 766 2678 835 pedes
2712 767 2885 824 illius.
2920 769 2991 824 At
3022 772 3133 836 ille,
3166 776 3402 833 sublatis

1829 856 1883 911 iu
1914 857 2112 911 coelum
2158 855 2441 919 manibus,
2483 854 2766 928 Deumque
2817 871 3219 930 comprecatus,
3264 884 3403 923 cun.

1826 956 1945 1003 ctos
1994 948 2311 1018 precatione
2361 947 2477 1003 sola
2528 947 2762 1004 curavit.
2811 948 2931 1005 Non
2977 968 3184 1022 paucos
3215 966 3400 1013 autem

1826 1040 1943 1096 dies
1972 1040 2115 1110 apud
2148 1038 2396 1109 Berytios
2422 1049 2830 1107 commoratus,
2863 1056 2987 1098 cum
3021 1045 3228 1101 multos
3273 1048 3401 1102 reli-

1825 1131 1973 1201 gioni
2022 1146 2149 1201 erga
2199 1141 2371 1185 unum
2416 1128 2588 1185 Deum
2642 1132 3095 1201 consuefecisset,
3141 1152 3243 1192 nec
3288 1154 3401 1195 non

1824 1224 2195 1293 baptizasset,
2238 1236 2349 1278 uno
2384 1236 2449 1277 ex
2493 1222 2827 1294 presbyteris
2877 1225 2972 1295 qui
3022 1242 3148 1283 eum
3203 1244 3401 1300 seque—

1823 1316 2023 1370 bantur
2070 1313 2206 1386 ipsis
2258 1316 2314 1369 in
2354 1315 2673 1386 episcopum
2710 1317 3030 1386 constituto,
3078 1320 3134 1375 in
3166 1321 3398 1394 Byblum

1821 1407 1974 1462 abiit.
2010 1406 2130 1473 Quo
2159 1421 2282 1461 cum
2314 1408 2672 1476 pervenisset,
2708 1417 2992 1477 comperto
3022 1412 3169 1481 quod
3205 1412 3395 1470 Simon

1822 1514 1890 1553 ne
1913 1514 2023 1553 uno
2047 1496 2269 1568 quidem
2299 1497 2388 1552 die
2419 1497 2543 1553 illos
2575 1506 2969 1568 exspectasset,
3003 1502 3099 1557 sed
3128 1504 3313 1559 statim
3339 1507 3394 1562 in

1821 1588 2085 1660 Tripolim
2118 1589 2403 1657 evasisset,
2431 1604 2637 1660 paucos
2662 1588 2780 1647 dies
2820 1591 2965 1661 apud
2997 1605 3092 1648 eos
3120 1604 3390 1663 moratus,

1820 1683 2135 1753 curatisque
2187 1682 2405 1750 multis,
2462 1697 2527 1737 ac
2578 1681 2633 1736 in
2669 1681 2951 1752 Scriptura
2992 1685 3271 1754 exercitis,
3324 1689 3392 1745 ad

154 1758 471 1831 ἐνασκήσας,
506 1761 629 1811 κατ’
661 1760 807 1830 ῐχνος
832 1759 927 1812 τοῦ
948 1757 1190 1830 Σίμωνος
1222 1759 1303 1823 εἰς
1329 1759 1429 1830 τὴν
1460 1758 1715 1829 Τρίπολιν

1820 1774 2081 1845 Tripolim
2134 1790 2230 1845 per
2284 1775 2515 1846 vestigia
2574 1773 2818 1833 Simonis
2871 1777 3168 1847 processit,
3208 1790 3396 1839 certus

154 1848 463 1920 ἐπορεύετο,
502 1848 861 1919 μεταδιώκειν
894 1849 1055 1902 αὑτὸν
1091 1847 1319 1920 μᾶλλον,
1352 1849 1451 1919 οὐχ
1478 1849 1716 1919 ὑποφεύ-

156 1957 259 2008 γειν
290 1941 703 2015 προῃρημένος.

741 2097 998 2154 ὈΜΙΛΙΑ
1036 2100 1117 2151 Η¹.

210 2188 248 2243 1.
288 2192 384 2255 Εἰς
406 2190 467 2243 δὲ
497 2191 602 2261 τὴν
623 2188 887 2259 Τρίπολιν
916 2185 1135 2240 είσιόντι
1166 2185 1245 2257 τῷ
1272 2185 1483 2258 Πέτρῳ,
1531 2186 1581 2238 οἱ
1625 2204 1715 2256 φι-

149 2282 528 2352 λομαθέστεροι
548 2280 609 2333 ἐκ
642 2297 706 2332 τε
732 2280 835 2350 τῆς
864 2278 1039 2349 Τύρου
1074 2278 1166 2330 καὶ
1198 2276 1444 2340 Σιδῶνος,
1473 2274 1714 2348 Βηρυτοῦ

145 2388 203 2425 τε
225 2376 323 2426 καὶ
341 2372 561 2437 Βίϐλου,
580 2373 672 2426 καὶ
710 2371 778 2423 ὲκ
808 2368 917 2424 τῶν
946 2368 1333 2441 πλησιοχώρων
1354 2367 1512 2437 182
1534 2367 1717 2420 πολλοὶ

146 2462 522 2534 συνεισῄεσαν.
568 2462 675 2533 Ούχ
703 2462 904 2533 ἥκιστα
936 2460 991 2514 δὲ
1014 2459 1122 2513 τῶν
1156 2460 1251 2512 ἀπ’
1284 2458 1452 2530 αὐτῆς
1484 2459 1582 2529 τῆς
1616 2458 1713 2512 πό-

146 2554 285 2620 λεως
306 2557 480 2628 δχλων
506 2555 801 2628 συνδρομαὶ
831 2552 1092 2623 ἐγίνοντο,
1121 2552 1352 2623 ἱστορεῖν
1382 2550 1714 2623 βουλομένων

142 2647 315 2702 αὐτόν.
361 2645 773 2717 Συνετύγχανον,
812 2640 906 2699 οὖν
948 2646 1079 2716 ἡμῖν
1118 2643 1177 2697 ἐν
1223 2644 1335 2705 τοῖς
1374 2641 1715 2713 προαστείοις

144 2739 187 2792 ei
219 2740 313 2794 ὑπ’
342 2738 516 2793 αὐτοῦ
550 2736 962 2809 ἐκπεμφθέντες
1001 2733 1247 2805 ἀδελφοὶ,
1288 2733 1359 2788 τά
1389 2750 1449 2786 τε
1485 2732 1617 2787 ἄλλα
1646 2732 1716 2786 τὰ

146 2832 271 2887 κατὰ
298 2832 401 2903 τὴν
431 2831 593 2885 πόλιν
629 2830 726 2884 καὶ
765 2829 834 2883 τά
866 2827 1213 2900 πραττόμενα
1244 2823 1323 2896 τῷ
1353 2823 1557 2894 Σίμωνι
1588 2821 1713 2889 ὲξα-

147 2924 416 2995 κριῦῶσαι,
464 2924 621 2986 ὅπως
665 2920 914 2985 ἐλθόντες
960 2919 1366 2991 ὑφηγήσωνται.
1427 2913 1714 2982 Ἀποδεξά-

150 3034 278 3088 pavet
305 3017 475 3070 αὑτὸν
506 3016 605 3070 ἐπὶ
634 3014 735 3087 τὴν
766 3013 1049 3086 Μαροόνου
1069 3014 1114 3044 ²⁹
1139 3006 1272 3083 ἦγον
1303 3008 1499 3063 οἰκίαν.

210 3110 265 3165 ll.
311 3113 368 3164 Ὁ
398 3111 459 3164 δὲ
493 3110 584 3163 ἐπ’
615 3108 766 3179 αὐτῷ
792 3108 869 3178 τῷ
1037 3105 1224 3199 ξενίαςΔ
1249 3103 1452 3158 πυλῶνι
1493 3102 1713 3199 γε·
1736 3139 1780 3199 C

152 3201 326 3271 γονὼς,
367 3200 736 3271 ἐπιστραφεὶς
768 3200 882 3261 τοῖς
916 3197 1095 3267 ὄχλοις
1125 3194 1408 3265 ὑπέσχετο,
1446 3192 1584 3264 μετὰ
1612 3192 1711 3263 τὴν

152 3295 383 3347 ἐπιοῦσαν
414 3294 551 3364 περὶ
584 3289 894 3352 Θεοσεϐείας
914 3289 1098 3351 αὐτοῖς
1125 3285 1488 3356 διαλεχθῆναι.
1520 3283 1712 3337 Εἰσελ-

153 3384 311 3449 θόντος
338 3386 396 3438 δὲ
435 3383 629 3447 αὑτοῦ,
664 3383 713 3435 οἱ
751 3380 964 3453 πρόοδοι
992 3381 1104 3442 τοῖς
1134 3375 1509 3448 συνεληλυθόσι
1534 3375 1712 3443 ξενίας

149 3477 476 3549 ηὑτρέπιζον.
528 3474 646 3529 Οὐκ
690 3474 1045 3528 ἀπελείποντο
1086 3470 1143 3525 δὲ
1192 3470 1313 3524 οὐδὲ
1360 3470 1410 3523 οί
1453 3468 1711 3539 ἀποδεχό-

157 3584 284 3636 μενοι
312 3567 406 3620 καὶ
439 3565 747 3633 ξενίζοντες
776 3564 875 3634 τῆς
904 3564 1012 3616 τῶν
1049 3560 1341 3627 ἀξιούντων
1379 3559 1704 3632 προθυμίας.
1758 3605 1762 3609 .

155 3658 346 3713 Τούτων
392 3658 458 3712 δὲ
494 3658 542 3689 ³⁸
572 3657 730 3711 οὐδὲν
775 3655 930 3720 εἰδὼς
974 3655 1005 3709 ὁ
1044 3654 1269 3726 Πέτρος,
1322 3652 1570 3718 ἀξιωθεὶς
1618 3652 1707 3721 ὑφ’

154 3751 289 3823 ἡμῶν
326 3751 540 3824 τροφῆς
592 3749 937 3821 μεταλαϐεῖν,
987 3747 1125 3822 ἔφη,
1189 3747 1263 3819 μὴ
1310 3746 1707 3818 μεταλήψεσθαι

157 3842 391 3917 πρότερον
425 3842 613 3905 αὐτὸς,
646 3841 814 3914 πρινὴ
855 3840 898 3872 ³¹
929 3840 1056 3904 τοὺς
1102 3836 1524 3909 συνεληλυθότας
1559 3837 1708 3909 αὐτῷ

158 3935 625 3990 ὃιαναπαύσασθαι.
720 3932 1189 4005 Ἀποκρινομὲνων
1246 3930 1304 3984 δὲ
1363 3929 1559 4001 ἡμῶν,
1623 3931 1706 3983 ὅτι

160 4026 270 4099 iam,
297 4030 439 4082 τοῦθ’
469 4026 645 4091 οὕτως
670 4025 1016 4097 γεγενῆσθαι,
1052 4023 1322 4096 προφάσει
1353 4022 1451 4093 τῆς
1479 4020 1617 4093 πρὸς
1646 4022 1707 4077 σὲ

161 4119 362 4189 στοργῆς
393 4118 602 4189 σπουδῇ
638 4116 842 4179 πάντας
863 4116 905 4147 ⁸³
934 4114 1130 4178 αὐτοὺς
1163 4112 1596 4183 ὑποδεξαμένων,
1630 4112 1707 4176 ὡς

158 4212 262 4275 τοὺς
291 4214 362 4283 μὴ
398 4210 705 4282 ἐσχηκότας
742 4208 834 4274 οὓς
873 4207 1153 4273 ξενίσωσιν
1185 4206 1231 4239 ³³
1263 4204 1706 4278 ὑπερϐαλλόντως

156 4298 465 4372 λελυπῆσθαι
490 4317 505 4330 ο
550 4299 582 4353 ό
626 4299 866 4369 Πέτρος,
900 4297 1137 4361 ἀκούσας
1204 4294 1300 4349 καὶ
1361 4294 1544 4367 ἡσθεὶς
1605 4295 1705 4366 τῆς

157 4390 309 4457 ὀξείας
328 4390 744 4463 φιλανθρωπίας
776 4390 842 4454 ³⁸,
876 4389 1173 4460 εὐλογήσας
1218 4387 1414 4451 αὐτοὺς
1461 4385 1701 4458 ἐξῆλθεν,

1821 1881 1946 1921 eum
1983 1866 2220 1936 insequi,
2256 1879 2364 1921 non
2395 1865 2793 1937 subterfugere.

2574 1985 2646 1997 —

2384 2068 2669 2127 HOMILIA
2706 2069 2844 2129 Vill.

1902 2160 1945 2216 l.
1997 2161 2134 2218 Cum
2191 2172 2372 2219 autem
2416 2162 2609 2220 Petrus
2653 2161 2918 2236 Tripolim
2987 2166 3413 2241 ingrederetur,"

1819 2255 1910 2324 qui
1959 2255 2200 2311 discendi
2258 2265 2417 2312 erant
2471 2257 2782 2328 cupidiores
2832 2275 2899 2315 ex
2948 2258 3115 2334 Tyro,
3161 2264 3387 2333 Sidone,

1818 2343 2010 2417 Beryto
2041 2362 2103 2401 ac
2134 2346 2323 2419 Byblo,
2352 2358 2406 2405 et
2430 2350 2585 2405 multi
2621 2366 2689 2406 ex
2721 2351 2969 2409 finitimis
3010 2354 3175 2410 simul
3212 2357 3387 2412 intra—

1817 2447 1963 2492 runt.
1996 2437 2213 2493 Maximi
2247 2440 2410 2495 etiam
2445 2457 2510 2496 ex
2544 2443 2658 2513 ipsa
2688 2445 2906 2500 civitate
2931 2446 3215 2502 hominum
3249 2463 3388 2503 con-

1816 2544 2011 2585 cursus
2059 2531 2280 2599 fiebant,
2322 2533 2747 2592 desiderantium
2787 2539 2970 2594 videre
3004 2540 3177 2596 illum.
3216 2541 3388 2612 igitur

1815 2620 2030 2675 obviam
2080 2620 2206 2676 facti
2253 2634 2380 2679 sunt
2420 2626 2578 2682 nobis
2608 2628 2661 2682 in
2696 2629 3006 2695 suburhiis,
3040 2633 3132 2701 qui
3162 2633 3231 2687 ab
3264 2634 3386 2703 ipso

1816 2711 1939 2765 ideo
1972 2712 2123 2767 missi
2175 2714 2412 2782 fuerant,
2446 2726 2505 2771 ut
2533 2718 2760 2789 profecti
2804 2722 3153 2791 explorarent
3190 2737 3386 2779 narra-

1814 2812 2041 2873 rentque
2086 2814 2199 2859 tum
2258 2808 2411 2864 urbis
2451 2809 2588 2865 alias
2638 2825 2747 2877 res,
2779 2818 2892 2866 tum
2924 2812 3163 2869 Simonis
3208 2822 3380 2885 gesta.

1819 2894 1882 2948 Et
1929 2895 2258 2967 excipientes
2316 2899 2469 2954 illum
2523 2901 2581 2955 in
2628 2903 2850 2958 domum
2882 2902 3161 2961 Maroonis
3212 2905 3384 2962 duxe-

1690 3012 1704 3045 -;
1812 2993 1964 3040 runt.

1881 3073 1946 3130 ll.
1988 3075 2036 3133 is
2062 3092 2189 3134 vero
2217 3079 2327 3149 jam
2366 3078 2510 3138 fores
2547 3081 2774 3153 hospitii
2810 3094 3021 3153 tenens,
3062 3101 3381 3155 conversus,

1813 3168 2146 3225 multitudini
2195 3173 2476 3242 promisit,
2526 3190 2584 3230 se
2628 3186 2751 3246 post
2789 3176 2933 3232 diem
2978 3180 3275 3235 crastinum
3316 3183 3385 3237 de

1812 3260 1962 3315 cultu
1991 3260 2081 3317 Dei
2121 3263 2228 3318 illis
2258 3265 2419 3320 verba
2459 3264 2752 3323 facturum.
2796 3268 3047 3341 Ingresso
3077 3283 3256 3327 autem
3293 3289 3391 3341 eo,

1812 3352 1904 3422 qui
1936 3354 2199 3422 praemissi
2242 3354 2479 3425 fuerant,
2515 3359 2753 3430 hospitia
2799 3362 2867 3417 iis
2895 3362 2989 3432 qui
3022 3364 3186 3419 simul
3214 3381 3381 3421 vene-

1810 3454 1936 3499 rant
1973 3446 2319 3501 ordinabant.
2373 3446 2481 3503 Nec
2523 3465 2653 3505 vero
2695 3453 2791 3522 qui
2840 3453 3080 3524 hospitio
3114 3457 3389 3528 suscipied

1810 3534 1977 3598 bant,
2023 3536 2303 3593 alacritate
2361 3549 2518 3595 erant
2563 3542 2852 3600 inferiores
2899 3546 2967 3601 iis
3011 3547 3103 3616 qui
3147 3547 3381 3619 hospitia

1808 3628 2174 3696 postulabant.
2212 3630 2458 3697 Quorum
2504 3649 2628 3689 cum
2670 3635 2806 3689 nihil
2853 3638 3014 3693 sciret
3041 3637 3258 3707 Petrus,
3289 3658 3382 3697 ro-

1807 3732 1963 3790 gatus
2001 3739 2031 3779 a
2064 3726 2241 3793 nobis,
2267 3726 2450 3781 cibum
2487 3742 2726 3796 sumere,
2768 3746 3115 3802 nequaquam
3144 3749 3205 3789 se
3228 3751 3383 3790 sum-

1806 3822 2027 3883 pturum
2057 3816 2217 3882 dixit,
2249 3818 2355 3873 nisi
2387 3820 2540 3890 prius
2570 3822 2661 3891 qui
2695 3836 2823 3877 eum
2876 3822 3096 3878 fuerant
3134 3827 3380 3882 comitati

1807 3905 2309 3977 interquiescerent.
2364 3910 2840 3983 Respondentibus
2877 3925 3057 3971 autem
3104 3918 3288 3983 nobis,
3321 3920 3377 3975 ld
3412 3988 3415 3989 ν

1802 4002 1911 4074 jam
1956 4005 2027 4059 ita
2066 4005 2267 4061 factum
2310 4017 2413 4078 est,
2452 4010 2553 4077 eis,
2588 4020 2810 4081 propter
2851 4028 3092 4068 amorem
3138 4030 3264 4088 erga
3302 4026 3376 4077 te.

1804 4116 1994 4157 omnes
2042 4101 2190 4170 ipsos
2233 4102 2478 4157 studiose
2523 4102 2970 4172 suscipientibus,
3002 4105 3138 4159 adeo
3170 4115 3251 4175 ut,
3279 4108 3377 4178 qui

1804 4208 1911 4248 non
1959 4192 2302 4261 habuerunt,
2342 4207 2481 4264 quos
2532 4192 2770 4264 hOSpitio
2823 4193 3159 4265 reciperent,
3208 4213 3376 4268 supra

1803 4286 2023 4340 modum
2068 4284 2268 4340 fuerint
2292 4285 2625 4349 contristati,
2678 4284 2870 4341 Petrus
2899 4287 3081 4342 audita
3116 4304 3196 4356 re,
3220 4289 3376 4355 dele-

1804 4385 1983 4446 ctatus.
2017 4386 2267 4447 prompta
2298 4376 2657 4444 humanitate,
2691 4377 2991 4435 benedictis
3019 4379 3085 4435 iis
3116 4395 3374 4450 egressus

156 4484 235 4536 καὶ
262 4484 500 4557 θαλάσσῃ
526 4484 861 4554 λουσάμενος
894 4480 1140 4553 εἰσῆλθεν
1163 4480 1229 4546 ³⁸,
1261 4480 1355 4533 καὶ
1390 4478 1573 4533 σιτίων
1606 4478 1702 4532 σὺν

1818 4478 1886 4525 2st
1926 4485 1939 4524 :
1977 4482 2211 4538 cumque
2254 4467 2476 4525 lavisset
2518 4469 2575 4523 in
2622 4468 2783 4537 mari,
2842 4468 3121 4540 ingressus
3167 4482 3270 4538 cst,
3316 4480 3375 4527 et

153 4581 252 4641 τοῖς
275 4579 520 4649 προύδοις
565 4574 903 4648 μεταλαῶν,
936 4574 1172 4647 ἑσπέρας
1201 4570 1703 4645 ἐπικαταλαϐούσης

156 4670 399 4726 ὕπνωσεν.
1684 4686 1696 4731 ‘.

212 4761 293 4816 Ill.
334 4762 467 4816 Ύπὺ
491 4762 549 4817 δὲ
578 4762 679 4825 τὰς
703 4759 959 4831 δευτέρας
984 4757 1094 4812 τῶν
1119 4754 1487 4827 ἀλεκτρυόνων
1517 4755 1701 4825 φωνὰς

154 4850 461 4915 διῦπνισθεὶς
490 4848 649 4923 εὗρεν
675 4851 821 4921 ἡμᾶς
854 4848 1216 4920 ἐγρηγορότας
1249 4847 1317 4910 ³⁸,
1336 4841 1478 4917 ἦμεν
1509 4845 1565 4897 δὲ
1601 4846 1698 4898 σὺν

152 4941 283 5011 una}
312 4943 361 4993 oi
395 4940 593 5007 πάντες
632 4939 951 5002 ἑκκαίδεκα,
983 4937 1143 5000 αὐτὸς
1186 4939 1214 4991 ὁ
1259 4936 1484 5007 Πέτρος,
1538 4935 1698 5005 183

151 5032 291 5101 κάγὼ
327 5033 355 5084 ό
397 5032 630 5104 Κλήμης
654 5069 669 5096 ,
716 5030 961 5102 Νικήτης
990 5046 1050 5082 τε
1094 5029 1187 5082 καὶ
1228 5026 1489 5091 Ἀκύλας,
1522 5027 1618 5080 καὶ
1646 5026 1698 5079 οί

150 5123 553 5196 προοδεύσαντες
614 5120 841 5175 δώδεκα.
891 5117 1345 5191 Προσαγορεύσας
1400 5112 1494 5171 οὖν
1550 5116 1698 5189 ἡμᾶς

151 5215 267 5285 ἔφη’
320 5216 565 5286 Σήμερον
609 5214 725 5277 τοῖς
770 5212 876 5279 ἔξω
926 5209 1001 5282 μὴ
1052 5210 1399 5281 σχολάζοντες
1448 5209 1698 5281 ἀλλήλοις

149 5308 299 5378 ἐσμὲν
352 5307 617 5377 εὖσχολοι.
653 5304 745 5358 Διὸ
791 5302 902 5373 ἐγὼ
958 5304 1057 5376 μὲν
1109 5304 1236 5375 ὑμῖν
1284 5303 1355 5356 τὰ
1407 5302 1543 5374 μετὰ
1576 5300 1696 5373 ,τὴν

1804 4568 2089 4630 postquam
2133 4558 2316 4614 cibum
2360 4574 2484 4613 cum
2534 4557 2969 4628 praecursoribus
3017 4562 3369 4632 sumpsisset,
3422 4578 3423 4581 ‘

1684 4686 1691 4696 ι
1803 4660 1962 4706 nocte
1997 4650 2316 4707 adveniente
2346 4665 2541 4708 somno
2570 4666 2629 4708 se
2660 4650 2829 4708 dedit.

1872 4741 1961 4797 ΙΙΙ.
1988 4742 2102 4798 Sub
2120 4743 2417 4800 secundum
2436 4759 2565 4799 vero
2581 4744 2848 4816 gallorum
2875 4752 3092 4800 cantum
3116 4761 3375 4821 experge-

1800 4831 1980 4888 factus
2010 4850 2109 4889 nos
2139 4834 2341 4890 invenit
2370 4835 2689 4904 vigilantes;
2724 4851 2943 4891 eramus
2968 4845 3147 4891 autem
3176 4853 3374 4894 omnes

1799 4943 1923 4983 cum
1944 4943 2011 4983 eo
2032 4928 2291 4995 sedecim,
2316 4929 2430 5000 ipse
2460 4929 2652 4985 Petrus
2672 4939 2725 4985 et
2739 4944 2840 5002 ego
2857 4929 3134 4997 Clemens,
3147 4928 3369 4988 Nicetas

1798 5032 1852 5078 et
1865 5024 2082 5093 Aquila,
2100 5032 2261 5094 atque
2281 5023 2566 5078 duodecim
2588 5022 2680 5094 qui
2704 5024 2987 5095 przegressi
3012 5024 3242 5082 fuerant.
3269 5026 3366 5082 Sa-

1796 5116 1982 5172 lutatis
2001 5131 2133 5187 ergo
2154 5117 2311 5172 nobis
2329 5117 2493 5171 dixit:
2519 5116 2688 5173 Hodie
2705 5117 2832 5186 quia
2850 5117 2972 5173 aliis
2989 5120 3235 5189 occupati
3252 5136 3364 5175 non

1798 5222 2010 5274 sumus,
2041 5208 2198 5262 nobis
2220 5222 2500 5263 vacemus.
2534 5206 2800 5274 Quocirca
2828 5223 2927 5279 ego
2952 5208 3171 5277 quidem
3201 5209 3363 5265 vobis

1797 5316 1919 5372 qua:
1965 5301 2109 5371 apud
2143 5298 2345 5372 Tyrum
2394 5308 2519 5371 post
2568 5300 2873 5372 digressum
2921 5310 3163 5357 vestrum
3207 5310 3361 5372 gesta

1403 5438 2099 5510 vastetscrtotves.

203 5585 247 5619 ’⁸
271 5585 463 5656 πείραν
492 5582 578 5656 _C.

152 5724 293 5781 σινο.
327 5724 337 5726 ’
368 5726 415 5757 ⁸³
449 5724 629 5783 Malim
656 5727 722 5797 τῇ
745 5724 773 5776 ό

680 5581 904 5672 ζζιὶιίυε
963 5579 1207 5672 ριξρΐριεοι
1251 5578 1554 5672 ERV/£35625,
1612 5593 1715 5672 nee

1818 5575 2031 5632 tmerito
2062 5576 2104 5631 (Ζ
2145 5593 2161 5642 ;
2222 5573 2540 5638 συνεσθίσας
2559 5573 2626 5629 0.
2703 5577 2750 5611 "
2780 5570 2988 5625 Βύϐλον
3008 5568 3153 5638 Epit.
3184 5583 3233 5623 c.
3258 5568 3353 5624 58.

1844 5647 1885 5672 ll
1916 5648 2039 5672 ..-τη
2066 5648 2096 5672 ι
2126 5649 2164 5672 μ
2266 5647 2309 5672 n
2340 5644 2463 5672 Ir--.
2514 5646 2595 5672 In...
2648 5644 2861 5672 -.ιω-...μ
2911 5640 2947 5672 ε
3046 5640 3090 5672 ﬂ
3118 5639 3353 5672 ερυιρηι.

150 5639 453 5726 “asapia;
480 5654 546 5709 ο.
622 5654 778 5706 “Ma
865 5639 984 5704 ’νου
1005 5650 1215 5721 Epit.c.
1249 5650 1339 5707 59.
1388 5650 1431 5682 ³ο
1465 5639 1715 5705 δέὀιη.‹

152 5738 219 5776 σιν
233 5724 293 5781 Ο.
368 5726 415 5757 ⁸³
449 5724 629 5783 Malim
656 5727 722 5795 τῇ
745 5670 894 5793 eg;
918 5721 1314 5795 φιλανθρωπίᾳ.
1342 5719 1401 5777 S.
1432 5722 1478 5755 ³⁸
1500 5718 1715 5774 είσελθώ

1844 5647 1886 5679 ³³
1913 5648 2040 5751 πρὶν
2066 5648 2099 5720 ἦ
2125 5639 2189 5703 C.
2266 5647 2309 5677 ³⁸
2336 5644 2485 5702 Fort.
2512 5646 2614 5715 leg.
2647 5644 2880 5698 πάντων.
2911 5640 2968 5694 S.
3046 5640 3090 5672 ³³
3116 5639 3355 5708 ξενίσουρ

1818 5722 1841 5774 ;.
1936 5719 1955 5751 ³
2004 5717 2377 5791 άγρηγορὸτας
2408 5716 2471 5772 Ο.
2498 5714 2633 5771 Tum
2658 5714 2715 5781 ἒξ
2743 5713 2834 5767 καὶ
2858 5711 2990 5768 δέκα
3012 5709 3077 5770 C.

2004 5709 2377 5791 άγρηγορὸτας
2408 5716 2471 5772 Ο.
2498 5709 2633 5771 Tum
2658 5714 2715 5781 ἒξ
2743 5713 2834 5767 καὶ
2858 5711 2990 5768 δέκα
3012 5709 3077 5770 C.
