4004 6332
582 302 690 358 227

1421 304 1478 359 8.
1518 302 1901 359 CLEMENTIS
1937 302 1958 357 l
1995 303 2159 359 ROM.
2200 304 2398 362 ΡΟΝΤ.
2437 304 2663 363 OPERA
2701 308 2925 367 DUBIA.

3706 314 3806 373 223

583 433 735 491 sunt,
768 422 1036 478 enarrabo
1078 439 1091 475 :
1132 436 1230 477 vos
1272 430 1453 477 autem
1498 422 1634 476 milii
1680 438 1803 493 qua:
1844 422 1934 476 hic
1985 436 2014 475 a
2052 420 2141 475 Si-

2243 424 2350 477 ἀπὸ
2398 425 2572 497 Τύρου
2608 428 2651 459 ³⁷
2675 427 2852 492 ἔξοδον
2883 429 3219 501 γεγενημένα
3265 429 3619 503 διηγήσομαι,
3656 433 3805 504 ὗμεῖς

584 530 747 571 mone
780 522 1087 585 perpetrata
1136 522 1285 579 sunt,
1315 514 1629 584 diligentius
1682 513 1954 583 exponite.
2005 512 2141 568 Cum

583 606 749 677 igitur
775 618 875 657 nos
916 613 1106 657 mutuo
1140 603 1468 673 specialibus
1499 604 1905 658 narrationibus
1946 604 2144 659 donas-

582 694 786 762 semus,
826 696 1105 766 ingressus
1130 705 1214 750 est
1243 697 1466 765 quidam
1512 711 1543 750 e
1572 694 1953 761 familiaribus,
1998 697 2143 751 hunc

580 788 833 843 nuntium
861 786 1023 842 Petro
1071 785 1335 841 afferens:
1364 784 1573 853 Simon,
1619 785 1713 840 ubi
1756 786 1943 841 didicit
1970 795 2022 842 te
2048 788 2144 842 ad-

577 878 814 946 venisse,
839 893 1031 933 versus
1055 875 1267 948 Syriam
1298 877 1575 946 profectus
1605 884 1709 941 est,
1737 877 1911 931 turba:
1937 888 2139 943 autem,

577 987 700 1043 quae
720 987 885 1025 unam
912 971 1053 1025 hanc
1077 979 1289 1025 noctem
1315 968 1462 1023 velut
1506 984 1748 1023 annuum
1780 978 1992 1040 tempus
2024 970 2143 1039 opi-

576 1076 801 1129 nantur,
833 1078 933 1117 nec
959 1072 1191 1132 possunt
1219 1062 1582 1132 praestitutum
1623 1076 1654 1114 a
1689 1070 1742 1115 te
1770 1062 1911 1116 diem
1951 1077 2144 1132 exspe-

575 1164 746 1220 ctare,
784 1169 883 1224 pro
924 1153 1134 1208 foribus
1174 1162 1349 1218 stant,
1382 1161 1437 1207 et
1461 1166 1556 1222 per
1586 1162 1762 1209 coetus
1803 1167 1867 1207 ac
1906 1153 2140 1209 circulos

573 1246 643 1302 de
666 1246 904 1300 Simonis
930 1243 1219 1299 calumniis
1256 1243 1396 1297 inter
1432 1258 1491 1298 se
1522 1242 1751 1297 invicem
1799 1244 2129 1313 colloquun-

575 1348 685 1402 tur,
709 1338 944 1408 quicum
963 1352 1058 1391 eas
1082 1336 1135 1389 in
1156 1350 1305 1405 spem
1329 1334 1661 1400 adduxisset,
1685 1343 1848 1405 atque
1869 1337 2140 1406 pollicitus

574 1431 881 1500 essetquod
915 1439 965 1485 te
990 1429 1178 1484 multis
1204 1428 1271 1483 de
1299 1426 1621 1482 criminibus
1649 1440 1968 1497 praesentem
1998 1439 2142 1485 esset

573 1524 944 1588 convicturus,
992 1520 1208 1591 cognito
1257 1519 1487 1574 adventu
1538 1526 1633 1573 tuo
1679 1534 1737 1574 se
1776 1529 1937 1574 noctu
1969 1520 2023 1575 in
2055 1520 2140 1575 fu-

573 1627 694 1682 gam
720 1608 1049 1679 coniecerit:
1079 1607 1172 1663 sed
1204 1615 1257 1661 et
1285 1616 1336 1662 te
1364 1606 1552 1661 audire
1581 1606 1920 1676 desiderant;
1952 1611 2139 1666 nescio

571 1704 719 1758 enim
757 1701 902 1755 unde
937 1713 1127 1753 rumor
1167 1698 1387 1764 incidit,
1414 1698 1573 1767 quasi
1610 1699 1772 1753 hodie
1810 1701 1887 1755 sis
1916 1702 1982 1755 ad
2016 1702 2137 1759 illos

572 1794 756 1848 locutu
766 1809 879 1847 rus.
896 1789 973 1845 Ne
989 1791 1154 1861 igitur
1166 1791 1394 1845 multum
1429 1789 1639 1860 fatigati
1657 1801 1851 1861 prteter
1867 1795 2134 1851 rationem

572 1884 938 1951 dimittantur,
983 1882 1114 1952 quid
1161 1880 1258 1935 tibi
1303 1880 1613 1936 faciendum
1659 1881 1751 1949 sit,
1792 1882 1909 1952 ipse
1936 1898 2137 1956 cogno-

573 1978 706 2033 scis.

640 2066 733 2123 1V.
768 2067 834 2122 Et
855 2066 1071 2133 Petrus,
1104 2065 1403 2120 admiratus
1432 2064 1578 2135 vulgi
1617 2067 1882 2136 studium,
1912 2084 2136 2140 respon-

572 2159 971 2226 dit:Videtis,
1021 2158 1252 2224 fratres,
1316 2171 1425 2226 quo
1483 2169 1642 2226 pacto
1686 2158 1902 2215 Domini
1964 2162 2135 2217 nostri

572 2252 741 2306 verba
805 2250 1096 2305 manifesto
1163 2249 1507 2318 impleantur.
1566 2246 1783 2304 Memini
1825 2251 1968 2305 enim
2011 2267 2135 2306 eum

572 2343 804 2398 dicere:
851 2340 1009 2394 Multi
1059 2340 1261 2393 venient
1320 2338 1383 2392 ab
1440 2340 1637 2393 oriente
1693 2349 1741 2394 et
1791 2343 2071 2408 occidente,
2103 2360 2137 2397 α

574 2434 922 2503 septentrione
969 2442 1019 2486 et
1076 2431 1321 2495 meridie,
1389 2439 1437 2484 et
1482 2431 1774 2486 recumbent
1831 2435 1886 2487 in
1934 2434 2135 2488 sinibus

572 2528 819 2592 Abi-alue,
859 2526 1036 2582 Isaaci
1067 2536 1115 2580 et
1142 2525 1328 2579 Jacobi
1354 2538 1403 2581 α.
1455 2524 1560 2581 Sed
1591 2534 1645 2580 et
1699 2526 1880 2593 Multi,
1938 2529 2132 2599 inquit,

569 2622 760 2687 vocati,
811 2621 966 2691 pauci
1021 2635 1137 2673 vero
1167 2619 1317 2673 electi
1350 2619 1399 2673 ιι.
1438 2616 1589 2684 Quod
1628 2634 1755 2689 ergo
1790 2619 1889 2689 ipsi
1918 2620 2138 2675 veniant

574 2714 776 2779 vocati,
819 2713 871 2768 id
914 2712 1263 2782 adimpletum
1306 2722 1408 2765 est.
1456 2710 1595 2776 Quia
1629 2727 1757 2765 vero
1784 2712 1887 2766 hoc
1917 2702 2137 2768 non'est

567 2819 761 2858 eorum
810 2802 1116 2872 proprium,
1164 2802 1259 2857 sed
1292 2809 1377 2855 est
1407 2800 1500 2855 Dei
1537 2802 1628 2871 qui
1677 2817 1771 2857 eos
1815 2804 2029 2858 vocavit
2071 2821 2135 2861 ac

568 2895 698 2949 fecit
725 2894 989 2958 venire,in
1013 2908 1083 2948 eo
1105 2894 1222 2947 solo
1252 2893 1553 2948 mercedem
1576 2908 1682 2947 non
1705 2904 2130 2965 consequuntur,

567 2986 827 3055 quoniam
881 2985 1125 3053 ipsorum
1170 2982 1450 3051 proprium
1492 2997 1599 3036 non
1628 2992 1729 3050 est,
1771 2984 1865 3039 sed
1896 2985 2015 3055 ejus
2039 2986 2134 3056 qui

2243 514 2299 567 δὲ
2324 516 2369 548 ⁸⁸
2395 517 2515 587 ἐμοὶ
2554 516 2623 570 τὰ
2657 519 2887 572 ἐνταῦθα
2916 520 3018 572 ὑπὸ
3046 520 3137 572 τοῦ
3172 522 3411 591 Σίμωνος
3444 526 3807 594 πεπραγμένα

2243 606 2337 659 καὶ
2378 606 2759 678 ἀκριϐέστερον
2790 610 3130 681 ὲξηγήσασθε
3146 610 3209 663 ⁸⁹.
3251 612 3664 683 Ἀμειψαμένων
3716 611 3807 668 οὖν

2243 697 2501 769 ἀλλήλους
2551 702 2670 763 ταῖς
2702 700 2759 751 ἐν
2803 700 2955 771 μέρει
2986 700 3331 772 διηγήσεσιν,
3367 703 3536 773 εἰσῄει
3575 721 3659 767 τις
3700 706 3808 758 τῶν

2244 786 2485 861 συνήθων
2532 790 2884 859 ἀπαγγέλλων
2928 792 3143 863 Πέτρῳ·
3194 793 3274 845 ὅτι
3319 793 3500 863 Σίμων
3536 795 3718 865 μαθών
3749 815 3808 851 σε

2243 879 2649 950 ἐπιδημήσαντα
2700 880 2798 949 τὴν
2856 879 2946 933 ἐπὶ
2995 879 3193 950 Συρίαν
3258 879 3514 952 ὥρμησεν
3561 882 3715 947 ὁδὸν,
3757 886 3806 937 οἱ

2241 970 2297 1024 δὲ
2350 970 2493 1039 ὄχλοι
2536 971 2633 1040 τὴν
2690 970 2815 1041 μίαν
2858 970 3059 1042 ταύτην
3101 970 3269 1024 νύκτα
3297 973 3372 1035 ὡς
3405 974 3647 1026 ἐνιαυτοῦ
3680 975 3807 1044 χρό-

2242 1079 2330 1115 νον
2376 1062 2746 1134 ἡγησάμενοι,
2799 1064 2894 1117 καὶ
2945 1064 3229 1134 ἀναμένειν
3273 1065 3370 1135 τὴν
3416 1064 3657 1117 δοθεῖσαν
3704 1065 3809 1119 ὑπὸ

2243 1153 2339 1207 σοῦ
2400 1155 2735 1226 προθεσμίαν
2796 1157 2869 1227 μὴ
2929 1155 3251 1227 δυνάμενοι,
3305 1156 3410 1225 πρὸ
3457 1156 3566 1210 τῶν
3600 1156 3810 1228 ίθυρῶν

2242 1244 2554 1315 ἑστήκασιν,
2590 1244 2731 1297 κατὰ
2777 1244 3052 1310 συντάξεις
3083 1245 3128 1275 ⁸ο
3170 1245 3264 1297 καὶ⁵
3315 1243 3602 1311 συλλόγους
3638 1243 3808 1314 ἀλλή-

2240 1333 2351 1397 λοις
2398 1334 2525 1406 περὶ
2563 1335 2663 1406 τῆς
2712 1334 2804 1387 τοῦ
2848 1335 3087 1405 Σίμωνος
3122 1334 3370 1405 διαϐολῆς
3406 1334 3809 1399 διαλαλοῦντες,

2240 1426 2321 1479 ὅτι
2356 1426 2689 1498 μετεωρίσας
2729 1426 2954 1490 αὐτοὺς,
3002 1426 3096 1479 καὶ
3132 1427 3223 1479 ἐπὶ
3256 1426 3465 1489 πολλοῖς
3506 1429 3694 1489 κακοῖς
3748 1444 3809 1480 σε

2240 1519 2476 1588 ἐλέγξειν
2529 1518 2749 1571 ἐλθόντα
2782 1519 3167 1591 ὑποσχόμενος,
3210 1519 3618 1591 ἐπιδημήσαντα
3647 1518 3808 1587 γνοὺς

2240 1612 2453 1684 νύκτωρ
2508 1610 2737 1680 ἔφυγεν
2798 1611 2937 1682 πλὴν
2980 1612 3332 1682 ἐπιθυμοῦσιν
3382 1613 3532 1666 αὐτοὶ
3576 1607 3808 1665 ἀκοῦσαί

2242 1705 2486 1757 σου.ούκ
2516 1698 2630 1756 οῖδα
2664 1702 2826 1756 πόθεν
2858 1704 3011 1773 φήμη
3044 1721 3126 1765 τις
3158 1703 3439 1765 ἐπέπεσεν,
3478 1702 3553 1765 ὡς
3587 1702 3807 1772 μέλλον-

2236 1796 2327 1859 τός
2378 1811 2469 1847 σου
2522 1796 2756 1867 σήμερον
2803 1795 2985 1858 αὐτοῖς
3024 1794 3382 1862 διαλέγεσθαι.
3426 1794 3541 1847 Ἵνα
3586 1789 3677 1847 οὖν
3731 1795 3809 1865 μὴ

2238 1887 2331 1943 ἐπὶ
2375 1887 2507 1941 πολὺ
2550 1888 2814 1958 καμόντες
2864 1887 3070 1956 ἀλόγως
3113 1886 3448 1950 διαλύωνται,
3490 1886 3541 1939 τί
3588 1887 3693 1958 χρή
3749 1902 3809 1939 σε

2238 1980 2430 2040 ποιεῖν,
2457 1975 2617 2037 αὐτὸς
2645 1974 2949 2045 γινώσκεις.

2308 2066 2395 2121 1V.
2433 2066 2542 2119 Καὶ
2571 2068 2599 2119 ό
2620 2066 2843 2138 Πέτρος,
2863 2065 3146 2136 θαυμάσας
3177 2065 3285 2118 τῶν
3316 2064 3484 2135 ὄχλων
3514 2063 3609 2135 τήν
3641 2081 3812 2117 σπου-

2235 2159 2352 2232 δήν,
2388 2158 2735 2231 ἁπεκρίνατο·
2756 2158 2967 2230 Ὁρᾶτε,
3002 2157 3236 2226 ἀδελφοὶ,
3266 2156 3382 2220 πῶς
3404 2157 3453 2209 οἱ
3474 2156 3564 2209 τοῦ
3596 2155 3809 2228 Κυρίου

2235 2251 2393 2324 ήμῶν
2454 2251 2598 2320 λόγοι
2655 2249 2909 2321 ἐμφανῶς
2970 2248 3265 2302 τελοῦνται.
3326 2249 3625 2319 Μέμνημαι
3694 2246 3810 2319 γάρ

2235 2344 2400 2398 αὑτοῦ
2427 2342 2667 2405 εἰπόντος
2687 2359 2701 2369 ·
2724 2339 2951 2395 Πολλοὶ
2977 2340 3328 2394 ἐλεύσονται
3354 2338 3470 2392 ἀπὸ
3492 2337 3811 2396 ἀνατολῶν

2235 2435 2334 2491 καὶ
2364 2433 2628 2504 δυσμῶν,
2656 2432 2874 2500 ἄρκτου
2900 2449 2962 2485 τε
2993 2430 3090 2485 καὶ
3111 2432 3497 2500 μεσημϐρίας,
3531 2430 3629 2482 καὶ
3660 2431 3812 2484 ἀνα-

2236 2527 2620 2594 κλιθήσονται
2641 2528 2727 2590 εὶς
2747 2525 3011 2589 κόλπους
3042 2521 3290 2591 Ἀϐραὰμ
3310 2521 3405 2574 καὶ
3425 2520 3584 2591 184
3597 2520 3810 2574 Ἰσαὰκ

2235 2619 2333 2673 καὶ
2377 2616 2596 2674 Ἰακώϐ.
2654 2614 2814 2667 Ἀλλὰ
2876 2615 2969 2668 καὶ
3021 2613 3270 2677 πολλοὶ,
3312 2612 3509 2684 φησὶν,
3568 2612 3805 2679 κλητοὶ,

2236 2709 2424 2777 ὀλίγοι
2454 2706 2521 2759 δὲ
2552 2704 2842 2760 ἐκλεκτοί.
2878 2704 2951 2757 Τὸ
2985 2705 3088 2775 μὴν
3121 2700 3213 2757 οὖν
3246 2704 3417 2757 ἐλθεῖν
3448 2703 3642 2766 αὐτοῦς
3671 2704 3810 2776 κλη-

2235 2799 2425 2862 θέντας
2479 2798 2851 2869 πεπλήρωται.
2920 2796 3071 2848 Ἐπεὶ
3125 2795 3182 2849 δὲ
3226 2796 3269 2827 ⁸¹
3323 2796 3423 2847 οὐκ
3474 2795 3650 2848 αὐτῶν
3682 2796 3809 2846 ἐστι

2233 2891 2390 2944 τοῦτο
2438 2890 2586 2955 ἴδιον,
2638 2889 2772 2942 ἀλλὰ
2814 2888 2907 2941 τοῦ
2941 2888 3262 2952 καλέσαντος
3312 2888 3506 2950 αὐτοὺς
3532 2887 3665 2940 Θεοῦ
3708 2889 3810 2939 καὶ

2234 2983 2405 3037 ἐλθεῖν
2459 2982 2849 3055 πεποιηκότος,
2907 2982 3003 3034 ἐπὶ
3051 2980 3222 3052 τούτῳ
3276 2981 3417 3052 μόνῳ
3466 2980 3652 3051 μισθὸν
3698 2982 3808 3033 οὐκ

568 3077 855 3148 permovit.
916 3075 1070 3141 Quod
1134 3075 1181 3129 si
1231 3082 1358 3142 post
1403 3074 1743 3130 vocationem
1786 3076 1927 3131 bona
1971 3094 2133 3147 opera

2239 3077 2469 3147 ἔχουσιν,
2492 3077 2572 3130 ὅτι
2598 3078 2670 3147 μὴ
2704 3075 2881 3128 αὐτῶν
2915 3074 3062 3137 ῐδιον,
3090 3073 3225 3127 ἀλλὰ
3260 3074 3351 3127 τοῦ
3384 3076 3805 3147 ἐνεργήσαντος.

567 3166 769 3221 faciant
796 3205 812 3230 ,
863 3163 1008 3231 quod
1050 3177 1238 3216 eorum
1280 3170 1364 3216 est
1406 3162 1711 3232 proprium,
1762 3173 1892 3219 tunc
1924 3180 2020 3235 pro
2066 3175 2132 3221 eo

567 3257 833 3324 recipient
866 3252 1191 3308 mercedem.
2086 3244 2097 3255 ’

638 3347 702 3399 ν.
754 3345 941 3415 Neque
968 3344 1111 3399 enim
1145 3344 1374 3409 Hebraei,
1403 3344 1572 3415 Moysi
1602 3346 1899 3413 credentes,
1931 3355 1986 3402 et
2012 3364 2132 3418 qua:

572 3440 643 3495 ab
680 3455 744 3492 eo
770 3439 917 3492 dicta
956 3446 1085 3491 sunt
1132 3452 1241 3491 non
1276 3438 1665 3505 custodientes,
1694 3435 1992 3502 salvantur,
2026 3439 2131 3495 nia'

565 3547 687 3601 quae
730 3530 831 3583 sibi
871 3529 1013 3584 dicta
1056 3537 1184 3583 sunt
1221 3528 1549 3582 custodiant.
1600 3526 1734 3582 Nam
1779 3528 1923 3598 quod
1957 3526 2128 3600 Moysi

564 3622 913 3688 crediderint,
955 3635 1063 3674 non
1110 3634 1177 3674 ex
1228 3619 1445 3672 illorum
1496 3627 1678 3674 ortum
1725 3628 1807 3674 est
1832 3619 2127 3685 voluntate,

564 3708 656 3765 sed
710 3724 777 3764 ex
829 3707 922 3763 Dei
974 3708 1070 3780 qui
1120 3707 1294 3780 Moysi
1354 3708 1492 3763 dixit
1545 3728 1560 3765 :
1618 3709 1754 3765 Ecce
1813 3729 1905 3784 ego
1957 3714 2147 3768 accedo

563 3801 634 3854 ad
669 3809 718 3854 te
748 3801 802 3854 in
831 3800 1076 3855 columna
1112 3799 1298 3865 nubis,
1344 3808 1400 3854 ut
1441 3802 1629 3855 audiat
1680 3804 1901 3873 populus
1933 3804 2144 3875 quando

564 3893 749 3963 loquor
800 3896 870 3947 ad
944 3901 1036 3957 te,
1096 3901 1148 3946 et
1209 3892 1305 3946 tibi
1371 3894 1587 3948 credant
1652 3896 1708 3947 in
1781 3904 2034 3950 internum
2090 3906 2139 3951 ο.

570 3985 709 4040 Cum
753 4000 882 4053 ergo
918 3981 1160 4037 Hebraeis
1200 3990 1254 4036 et
1297 3982 1385 4047 iis,
1426 3981 1520 4051 qui
1555 3996 1621 4035 ex
1652 3982 1901 4052 gentibus
1952 3982 2125 4035 vocati

564 4087 713 4143 sunt,
744 4091 773 4129 a
798 4075 911 4129 Deo
943 4074 1130 4128 datum
1168 4076 1240 4127 sit
1266 4074 1485 4127 credere
1515 4074 1759 4127 veritatis
1789 4072 2123 4138 doctoribus,

563 4171 923 4238 relictumque
956 4166 1027 4221 sit
1064 4165 1405 4235 singulorum
1456 4164 1674 4235 proprio
1714 4164 1942 4235 judicio,
1980 4163 2122 4219 bona

564 4276 727 4330 opera
780 4273 1073 4322 exercere,
1140 4271 1346 4311 merces
1398 4255 1535 4310 bene
1584 4255 1932 4325 operantibus
1979 4256 2124 4333 juste

564 4350 897 4421 rependitur.
939 4347 1127 4417 Neque
1167 4346 1310 4400 enim
1357 4344 1543 4411 Mosis,
1594 4360 1769 4413 neque
1793 4345 1994 4399 Christi
2028 4344 2122 4398 ad-

2245 3170 2370 3223 Ἐὰν
2404 3168 2461 3221 δὲ
2504 3166 2639 3238 μετὰ
2684 3166 2744 3218 τὸ
2778 3166 2821 3197 δ’
2852 3165 3113 3234 κληθῆναι
3146 3163 3285 3217 καλὰ
3320 3162 3613 3235 πράξωσιν,
3662 3165 3807 3237 ὅπερ

2234 3259 2380 3313 ἐστὶν
2412 3256 2588 3309 αὐτῶν
2620 3255 2771 3319 ἴδιον,
2797 3254 2918 3307 τότε
2953 3254 3045 3306 ἐπὶ
3075 3253 3248 3324 τούτῳ
3279 3254 3463 3323 μισθὸν
3492 3253 3726 3319 ἕξουσιν.

2302 3348 2369 3401 ν.
2428 3348 2561 3401 osa:
2610 3346 2718 3418 γὰρ
2783 3346 3019 3418 Ἑϐραῖοι
3073 3347 3301 3399 Μωῦσεῖ
3339 3344 3383 3376 ⁸³
3427 3346 3798 3412 πιστεύοντες,

2232 3441 2325 3495 καὶ
2357 3444 2424 3494 τά
2454 3440 2520 3492 δι’
2542 3438 2703 3493 αὑτοῦ
2740 3438 2968 3510 ρηθέντα
3000 3437 3072 3509 μὴ
3102 3437 3480 3506 φυλάσσοντες,
3512 3437 3801 3502 σώζονται,

2231 3534 2325 3586 ἐὰν
2353 3531 2426 3603 μὴ
2451 3529 2519 3583 τὰ
2553 3528 2783 3601 ρηθέντα
2818 3530 2997 3591 αὐτοῖς
3030 3528 3351 3598 φυλάξωσιν.
3390 3530 3511 3581 ’Ὀτι
3543 3529 3636 3581 καὶ
3664 3531 3729 3583 τὸ
3754 3532 3806 3563 ⁸ι

2228 3625 2451 3679 Μωῦσεί
2499 3620 2783 3674 πιστεῦσαι
2832 3620 3027 3684 αὐτοὺς
3075 3622 3193 3690 οιᾉρ⁸
3238 3621 3336 3692 τῆς
3374 3620 3549 3674 αὐτῶν
3598 3621 3804 3693 βουλῆς

2228 3714 2470 3784 γέγονεν,
2519 3713 2651 3766 ἀλλὰ
2699 3711 2793 3764 τοῦ
2833 3710 2966 3763 Θεοῦ
3010 3709 3102 3762 τοῦ
3148 3709 3427 3780 εἰρηκότος
3474 3710 3797 3762 Μωῦσεῖδδ·

2226 3799 2374 3855 Ἰδοὺ
2399 3797 2789 3869 παραγίνομαι
2810 3798 2923 3869 ἐγὼ
2945 3799 3092 3869 πρὸς
3110 3800 3184 3854 σὲ
3201 3800 3270 3854 ἐν
3292 3802 3496 3867 στύλῳ
3510 3798 3809 3867 reﬂ-inc.

2228 3888 2329 3944 ἵνα
2364 3890 2601 3959 ἀκούσῃ
2638 3893 2670 3944 ό
2697 3892 2845 3958 λαός
2878 3893 3215 3957 λαλοῦντός
3240 3911 3357 3961 μου
3395 3892 3537 3961 πρὸς
3567 3892 3665 3953 σὲ,
3702 3894 3818 3947 και

2228 3993 2326 4033 σοι
2352 3981 2763 4036 πιστεύσωσιν
2784 3983 2870 4049 εὶς
2889 3983 2993 4036 τὸν
3013 3983 3216 4038 αἰῶνα.
3234 3984 3388 4037 Ἐπεὶ
3406 3981 3499 4037 οὖν
3525 3984 3821 4056 Ἑϐραίοις

2227 4088 2288 4126 τε
2327 4072 2420 4126 καὶ
2463 4075 2575 4136 τοῖς
2611 4074 2717 4127 ἀπὸ
2757 4074 2924 4127 ἐθνῶν
2964 4074 3321 4145 κεκλημένοις
3362 4075 3425 4128 τὸ
3462 4073 3827 4139 διδασκάλοις

2228 4163 2483 4235 ἀληθείας
2508 4164 2791 4218 πιστεῦσαι
2817 4166 2881 4218 ἐκ
2905 4164 3038 4219 Θεοῦ
3059 4166 3299 4234 γέγονεν,
3321 4165 3428 4219 τῶν
3449 4164 3629 4218 καλῶν
3659 4166 3831 4235 πρά-

2232 4254 2366 4321 ξεων
2398 4254 2501 4327 ἰδίᾳ
2536 4256 2714 4327 κρίσει
2753 4257 2966 4328 ἑκάστῳ
3008 4259 3179 4309 ποιεῖν
3227 4256 3708 4327 ἀπολελειμμένων
3736 4298 3755 4319 ,
3797 4260 3835 4312 ὁ

2233 4348 2422 4421 μισθὸς
2451 4350 2562 4411 τοῖς
2604 4343 2662 4401 εὖ
2696 4348 2997 4420 πράσσουσι
3034 4349 3258 4413 δικαίως
3303 4349 3630 4402 ἀποδίδοται.
3661 4351 3835 4408 Οὔτε

562 4451 729 4496 ventu
762 4456 899 4509 Opus
942 4440 1154 4501 fuisset,
1186 4438 1232 4492 si
1271 4453 1298 4489 a
1334 4452 1390 4490 se
1425 4436 1558 4505 ipsis
1586 4435 1729 4504 quod
1760 4436 1957 4490 rationi
1993 4451 2122 4490 con-

2239 4443 2338 4515 γὰρ
2379 4443 2444 4497 ἂν
2489 4441 2795 4507 Μωῦσέως,
2838 4442 2961 4496 οὗτε
3006 4442 3102 4513 τῆς
3140 4442 3235 4496 τοῦ
3286 4442 3457 4513 Ἰησοῦ
3494 4447 3843 4514 παρουσίας

565 4542 882 4588 sentaneum
917 4539 1002 4584 est
1035 4528 1336 4581 voluissent
1376 4526 1671 4597 intelligere
1699 4542 1712 4577 :
1742 4526 1833 4580 sed
1867 4542 1965 4581 nec
2007 4541 2119 4580 ma-

566 4624 750 4695 gistris
774 4621 1042 4676 credendo
1070 4635 1271 4690 eosque
1308 4618 1561 4674 dominos
1591 4619 1832 4673 vocando
1856 4619 2002 4674 salus
2032 4634 2121 4673 ae-

566 4713 822 4784 quiritur.

640 4802 726 4855 Vl.
776 4800 840 4854 Et
887 4799 1006 4853 ideo
1064 4800 1130 4854 ab
1175 4798 1412 4853 llebraais
1459 4799 1676 4868 quidem
1730 4797 1823 4867 qui
1877 4796 2114 4868 Moysem

631 4937 660 4969 ι
691 4924 880 4984 Matth.
910 4944 1028 4995 vni,
1060 4930 1160 4997 li;
1194 4930 1329 4986 Luc.
1356 4917 1475 5000 xni',
1511 4932 1599 4987 29.
1675 4928 1705 4973 ι’
1732 4931 1919 4987 Matth.
1958 4947 2047 4994 xx,
2079 4929 2164 4988 16.

2232 4537 2386 4609 χρεία
2415 4532 2503 4609 ἦν,
2545 4538 2699 4609 εἴπερ
2745 4535 2837 4605 ἀφ’
2878 4536 3079 4590 ἐαυτῶν
3114 4536 3174 4589 τὸ
3206 4535 3424 4605 εὖλογον
3468 4539 3607 4589 νοεῖν
3647 4538 3846 4594 ἐϐού-

2232 4629 2402 4692 λοντο,
2443 4628 2564 4681 οὐδὲ
2596 4631 2653 4681 ἐν
2689 4627 2766 4699 τῷ
2795 4626 3068 4681 πιστεύειν
3094 4626 3431 4691 διδασκάλοις
3457 4626 3550 4680 καὶ
3578 4629 3847 4699 κυρίους

2233 4721 2428 4787 αὐτοὺς
2458 4719 2655 4789 λέγειν,
2684 4720 2717 4791 ή
2750 4719 2991 4790 σωτηρία
3023 4718 3251 4787 γίνεται.

2304 4810 2393 4865 Vl.
2417 4809 2619 4863 Τούτου
2653 4809 2759 4882 γὰρ
2795 4809 2900 4883 (15)
2928 4810 3109 4863 ἕνεκεν
3134 4807 3242 4863 ἀπὸ
3277 4810 3375 4880 μὲν
3408 4808 3683 4879 Ἐϐραίων
3729 4813 3851 4869 τὸν

2242 4944 2265 4972 ε
2298 4929 2469 4987 Exod.
2496 4946 2613 5000 χιχ,
2642 4929 2697 4990 9.

1810 5125 2040 5183 ἻΑΒΙᾹΞ
2095 5124 2493 5184 LECTIONES.

648 5257 691 5329 ἓν
717 5256 822 5309 άπὸ
852 5256 946 5329 τοῦ
990 5257 1165 5329 Τύρου
1196 5257 1259 5313 C.

569 5330 613 5399 af
642 5327 967 5399 διηγήσασθε
988 5327 1052 5382 0.
1074 5327 1129 5399 '_
1147 5328 1192 5360 ιθ
1225 5328 1506 5399 συστάσεις
1530 5329 1590 5399 (ἐι

568 5397 613 5435 ιι
637 5395 772 5467 μετὰ
788 5395 868 5450 ’τό
893 5396 936 5452 o
965 5438 980 5464 ,
1010 5408 1066 5452 ut
1084 5395 1229 5467 Epit.
1261 5413 1310 5453 e.
1335 5397 1422 5461 δε,

1376 5258 1420 5337 ξε
1449 5274 1506 5309 τε
1608 5297 1624 5324 ,
1676 5256 1781 5337 qui
1817 5258 2051 5337 subinde
2112 5261 2236 5337 gnat
2275 5262 2363 5337 ea
2385 5278 2455 5337 ε,
2484 5263 2637 5337 8,-τὰ
2685 5265 2806 5336 ἐμοί
2829 5264 2889 5322 C.
2918 5266 3229 5326 Proximum
3265 5271 3357 5326 καί
3386 5286 3489 5326 non
3514 5282 3598 5326 est
3633 5273 3694 5328 in
3730 5281 3819 5337 ο,

1671 5329 1983 5412 ,δι’-ἐπεὶῄδέ
2020 5330 2075 5393 S,
2224 5335 2657 5412 éﬁ£t8fLC.‘Ttll-n
2680 5328 2912 5412 τοῦτο-ο.
2938 5338 2981 5393 Ο
3011 5382 3025 5404 ,
3077 5351 3137 5395 ut
3172 5344 3423 5412 proponit
3472 5341 3510 5397 S
3538 5381 3553 5404 ,
3599 5345 3681 5396 τό

1449 5398 1584 5468 μετὰ
1601 5398 1698 5468 ,τοῦ
1727 5398 1766 5452 C
1814 5399 2065 5468 interm.
2100 5402 2180 5455 Ad
2209 5418 2357 5457 oram

2435 5404 2733 5488 ttobmiiani
2766 5408 2944 5488 :nvéga,
2971 5404 3347 5488 et_paulo_p§st
3384 5431 3397 5467 :
3426 5404 3820 5488 νοθευόμεναξ

567 5466 712 5536 quod
739 5468 805 5523 ad
839 5466 1221 5539 subsequentia
1250 5466 1495 5538 spectat.
1518 5537 1531 5552 .
1567 5467 1612 5499 ⁸³
1633 5469 1838 5541 Μωῦσῇ
1866 5466 1928 5523 Ο.
2004 5468 2051 5503 ⁸⁸
2072 5472 2130 5524 τό
2155 5470 2218 5541 0,
2244 5485 2302 5527 ut
2334 5475 2535 5529 mavult
2561 5473 2599 5530 S
2628 5518 2643 5544 ,
2666 5476 2742 5549 τῷ
2769 5476 2828 5533 C.
2857 5466 2993 5534 Tum
3022 5466 3437 5557 ΜωῦσῇὊῙΫ-αιι
3464 5466 3685 5560 Μωῦόῇ

1855 5626 2209 5685 VARIORUM
2234 5624 2463 5683 NOTIE.

640 5737 750 5809 (t3)
788 5739 1001 5798 Τούτου
1032 5741 1143 5811 γὰρ
1172 5758 1224 5797 κ.
1254 5758 1304 5795 τ.
1333 5740 1382 5795 λ.
1419 5739 1555 5801 Vide
1590 5756 1658 5800 ne
1695 5744 1945 5817 nugatori
1979 5742 2230 5802 Ebionaro
2250 5742 2407 5801 fidem
2440 5744 2658 5804 habeas.
2689 5748 2824 5811 Cor.
