4004 6332
210 286 316 342 2'19

1199 278 1655 338 CLEMENTINA.
1698 311 1768 324 —
1793 279 2075 338 HOMILIA
2111 280 2248 340 Vill.

203 400 451 472 Μωῦσῆν
479 400 528 432 ⁸⁸
555 398 874 455 διδᾶσκαλον
1099 402 1395 473 εἰληφότων
1445 400 1777 454 καλύπτεται

1890 410 2269 471 praeceptorem
2296 408 2643 470 acceperunt,
2672 400 3023 459 absconditur
3050 404 3212 463 Jesus
3237 422 3251 459 :
3280 408 3349 464 ab
3377 409 3447 465 iis

205 491 479 562 ὀἸησσῦς,
510 490 619 544 ἀπὸ
644 491 687 523 ⁸¹
712 490 769 544 δὲ
798 490 875 561 τῷ
902 490 1074 562 Ἰησοῦ
1106 490 1543 545 πεπιστευκότων
1571 493 1600 544 ὁ
1622 491 1784 543 Maii)—

209 585 309 655 σῆς
352 582 786 654 ἀποκρύπτεται.
836 583 982 645 Μιᾶς
1024 581 1133 654 γὰρ
1164 583 1231 637 δι’
1278 582 1600 655 ἀμφοτέρων
1639 581 1782 635 διδα-

210 674 439 738 σκαλίας
501 675 667 745 οὔσης
723 673 815 727 τὸν
875 674 1075 727 τούτων
1131 676 1237 728 τινὶ
1282 675 1329 707 ⁸⁸
1387 673 1785 728 πεπιστευκότα

207 768 237 819 δ
264 765 399 828 Θεὸς
442 766 786 835 ἀποδέχεται.
846 764 1004 818 Ἀλλὰ
1052 767 1113 819 τὸ
1166 768 1440 821 πιστεύειν
1487 765 1785 835 διδασκάλῳ

206 858 367 909 ἕνεκα
398 856 495 909 τοῦ
531 860 704 909 ποιεῖν
740 858 809 909 τὰ
840 856 945 910 ὑπὸ
973 857 1065 909 τοῦ
1097 857 1142 888 δ’
1171 858 1305 911 Θεοῦ
1340 858 1605 929 λεγόμενα
1638 857 1785 926 γίνε-

206 966 315 1001 ται.
356 950 481 1001 Ὀτι
512 948 568 1001 δὲ
597 947 742 1001 τοῦθ’
775 948 947 1010 οὕτως
987 949 1119 1019 ἔχει,
1152 950 1313 1014 αὐτὸς
1343 953 1371 1004 ὁ
1397 949 1602 1021 Κύριος
1629 949 1785 1020 ἡμῶν

204 1039 371 1106 λέγει’
404 1038 911 1107 Ἐξομολογοῦμαί
935 1039 985 1069 ⁸⁸
1018 1055 1135 1104 σοι,
1170 1041 1357 1108 Πάτερ
1388 1041 1493 1094 τοῦ
1526 1040 1784 1108 οὐρανοῦ

208 1130 303 1182 καὶ
335 1128 451 1197 τῆς
482 1129 618 1198 γῆς,
654 1129 745 1182 ὅτι
781 1128 1133 1199 ἀπέκρυψας
1162 1132 1346 1185 ταῦτα
1376 1131 1492 1185 ἀπὸ
1518 1131 1783 1200 σοφῶν-ἰ

208 1222 304 1275 καὶ
333 1223 780 1291 πρεσϐυτέρων,
808 1226 906 1279 καὶ
936 1222 1332 1292 ἀπεκάλυψας
1369 1222 1519 1277 αὐτὰ
1545 1223 1785 1290 νηπίοις

212 1312 592 1378 θηλάζουσιν.
607 1312 793 1378 Οὕτως
802 1314 961 1378 αὐτὸς
979 1316 1007 1368 ὁ
1017 1314 1146 1376 Θεὸς
1156 1316 1266 1377 τοῖς
1286 1313 1384 1383 μὲν
1422 1312 1623 1384 ἔκρυψε
1636 1312 1783 1365 διδά-

214 1401 423 1464 σκαλον,
477 1402 554 1465 ὡς
600 1404 1002 1474 προεγνωκόσιν
1047 1402 1083 1457 ἃ
1120 1404 1201 1456 δεῖ
1246 1403 1525 1473 πράττειν,
1571 1404 1683 1466 τοῖς
1728 1402 1786 1455 δὲ

212 1492 576 1563 ἀπεκάλυψεν,
603 1495 681 1558 ὼς
708 1494 990 1563 ἀγνοοῦσιν
1014 1493 1050 1548 ἀ
1071 1495 1175 1566 χρὴ
1207 1498 1397 1547 ποιεῖν.

277 1583 386 1640 VII.
421 1584 564 1637 υῦτε
597 1583 692 1638 οὖν
736 1586 974 1657 Ἑϐραῖοι
1000 1586 1128 1658 περὶ
1157 1585 1378 1654 ἀγνοίας
1420 1585 1592 1657 Ἰησοῦ
1626 1603 1789 1639 καταο

211 1675 538 1739 δικάζονται,
572 1677 662 1729 διὰ
688 1677 779 1730 τὸν
812 1677 1113 1749 κρύψαντα,
1136 1678 1231 1730 ἐάν
1264 1694 1326 1745 γε
1360 1679 1688 1749 πράττοντες
1718 1677 1786 1731 τὰ

210 1770 289 1823 διὰ
318 1772 606 1836 Μωῦσέως
626 1773 693 1835 η,
729 1772 786 1825 δν
806 1746 1083 1841 ’ἠγνόησαν
1118 1772 1191 1842 μὴ
1229 1746 1546 1843 μισήσωσιν·
1582 1770 1693 1825 οὔτ’
1716 1769 1783 1826 αὖ
1818 1746 1861 1805 Β

210 1863 254 1914 οξ
313 1862 478 1916 ἀπή
516 1864 691 1916 ὲθνῶν
746 1864 1108 1934 ἀγνοήσαντες
1147 1863 1238 1916 τὸν
1271 1864 1509 1934 Μωῦσῆν
1557 1862 1645 1916 διὰ
1684 1865 1786 1918 τὸν

210 1955 518 2025 καλύψαντα
552 1954 1024 2019 καταδικάζονται,
1050 1956 1144 2009 ἐάν
1173 1973 1277 2027 περ
1312 1956 1405 2009 καὶ¹
1435 1949 1579 2010 οὗτοι
1613 1957 1788 2029 πράσ-

212 2063 386 2109 σοντες
434 2048 505 2100 τὰ
550 2047 644 2100 διὰ
684 2047 780 2101 τοῦ
822 2048 994 2119 Ἰησοῦ
1030 2049 1260 2121 ρηθέντα
1295 2049 1367 2121 μὴ
1398 2052 1697 2121 μισήσωσιν
1728 2050 1788 2103 ὃν

205 2140 494 2209 ἠγνόησαν.
531 2140 644 2193 Καὶ
678 2141 778 2193 οὐκ
811 2142 868 2193 ὲν
896 2140 975 2211 τῷ
1020 2142 1147 2204 τοὺς
1188 2140 1535 2205 διδασκάλους
1568 2141 1789 2213 κυρίους

204 2229 413 2292 καλεῖν,
447 2230 516 2283 τὰ
562 2230 620 2283 δὲ
664 2230 864 2284 δοῦλών
904 2232 976 2303 μὴ
1018 2234 1212 2295 ποιεῖν,
1246 2231 1577 2301 ὡφελοῦνταί
1623 2249 1785 2296 τινες.

204 2319 417 2372 Τούτου
463 2320 569 2391 γὰρ
622 2320 809 2374 ἕνεκεν
839 2324 867 2375 ὸ
910 2321 1115 2392 Ἰησοῦς
1147 2322 1303 2393 ἡμῶν
1346 2324 1481 2394 πρός
1526 2342 1648 2376 τινα
1684 2342 1788 2377 m-

212 2410 481 2482 κνότερον
526 2412 720 2483 Κύριον
753 2413 913 2467 αὑτὸν
963 2394 1209 2483 λέγοντα,
1247 2415 1409 2487 μηδὲν
1441 2415 1496 2468 δὲ
1536 2416 1791 2470 ποιοῦντα

213 2499 294 2559 ὧν
329 2507 491 2569 αὐτὸς
521 2508 842 2579 προσέταξεν
860 2508 925 2572 ⁵³,
958 2508 1059 2579 ἔφη
1084 2525 1097 2538 ·
1137 2510 1197 2562 Τί
1231 2526 1308 2578 με
1335 2508 1551 2578 λέγεις,
1592 2512 1788 2577 Κύριε,

209 2599 411 2665 Κύριε,
459 2598 552 2651 καὶ
606 2601 677 2652 οὺ
730 2599 919 2665 ποιεῖς
962 2599 1000 2652 ἆ
1044 2600 1229 2668 lerat;
1262 2600 1335 2651 Οὐ
1380 2599 1488 2670 γὰρ
1521 2600 1791 2672 ὠφελήσει

202 2688 328 2743 τινὰ
387 2688 450 2742 τὸ
495 2690 695 2756 λέγειν,
724 2690 860 2743 ἀλλὰ
910 2689 969 2742 τὸ
1008 2692 1199 2742 ποιεῖν.
1247 2690 1341 2742 Ἐκ
1388 2690 1587 2752 παντὸς
1633 2691 1794 2762 186

203 2776 295 2833 οὖν
328 2780 541 2851 τρόπου
577 2780 757 2834 καλῶν
790 2780 963 2852 ἔργων
996 2781 1172 2852 χρεία.
1206 2781 1352 2852 Πλὴν
1385 2781 1438 2835 εῐ
1462 2799 1547 2845 τις
1562 2782 1607 2813 ⁸⁸
1633 2800 1793 2835 κατα-

206 2870 425 2942 ξιωθείη
472 2874 603 2936 τοὺς
649 2872 991 2944 ἀμφοτέρους
1022 2872 1316 2941 ἐπιγνῶναι
1364 2872 1438 2936 ὡς
1491 2875 1619 2944 μιᾶς
1650 2873 1793 2926 διδα-

212 2964 435 3027 σκαλίας
495 2965 592 3018 ὑπ’
633 2964 812 3017 αὐτῶν
870 2965 1309 3036 κεκηρυγμένης,
1358 2957 1512 3028 οὗτος
1558 2966 1696 3037 ἀνὴρ
1734 2966 1791 3019 ὲν

214 3054 321 3126 θεῷ
379 3056 643 3119 πλούσιος
701 3055 1123 3127 κατηρίθμηται,
1156 3056 1225 3109 τά
1256 3074 1315 3109 τε
1345 3057 1547 3128 ἀρχαῖα
1588 3058 1683 3111 νέα
1713 3057 1791 3129 τῷ
1817 3086 1860 3145 C

213 3150 398 3219 χρόνῳ,
432 3150 529 3202 καὶ
563 3148 633 3201 τὰ
664 3147 824 3201 καινά
854 3148 1057 3202 παλαιά
1088 3149 1214 3202 ὄντα
1248 3150 1535 3221 νενοηκὼς.

280 3304 405 3358 ΥΙΙΙ.
443 3304 634 3360 Ταῦτα
667 3306 760 3359 τοῦ
794 3306 998 3378 Πέτρου
1032 3306 1297 3375 λέγοντος,
1318 3308 1366 3361 οἱ
1398 3308 1564 3379 δχλοι,
1601 3304 1789 3382 ὥσπερ

223 3396 314 3449 ὑπό
368 3414 517 3461 τινος
571 3396 880 3468 κληθέντες,
916 3398 1166 3469 εἰσῄεσαν
1214 3397 1342 3453 ἔνθα
1387 3402 1414 3452 ὁ
1463 3401 1666 3471 Πέτρος
1700 3397 1785 3472 ἦν.

233 3489 283 3541 ὐ
318 3490 371 3541 δὲ
413 3489 507 3541 τὸν
548 3489 715 3542 πολὺν
746 3488 901 3559 ὄχλον
958 3488 1081 3541 ἰδὼν
1114 3489 1301 3562 ὥσπερ
1352 3491 1593 3561 ποταμοῦ
1656 3493 1791 3561 ἥσυ-

223 3599 302 3650 χον
351 3582 532 3652 ῥεῦμα
587 3582 777 3651 πράως
826 3581 1179 3651 προσρέοντα,
1227 3581 1330 3652 ἔφη
1387 3582 1463 3651 τῷ
1514 3584 1787 3656 Mam/Nn.

226 3672 320 3725 Ποῦ
361 3689 446 3725 σοι
490 3672 659 3735 τόπος
720 3671 953 3725 ἐνταῦθα
990 3672 1185 3741 μᾶλλον
1217 3674 1345 3735 τοὺς
1375 3673 1565 3743 ὄχλους
1598 3676 1791 3745 χωρεῖν

225 3763 533 3835 ἆλνάμενοςς
569 3763 664 3817 τοῦ
698 3761 813 3816 δὲ³⁶
853 3762 1132 3834 Μαροόνου
1196 3765 1277 3827 εἰς
1318 3765 1481 3818 τόπον
1528 3764 1793 3835 ὕπαιθρον

225 3857 622 3927 κεκηπευμένον
675 3854 1005 3927 προάγοντος
1056 3855 1247 3921 αὑτὸν,
1283 3854 1497 3910 εἵποντο
1533 3857 1579 3909 οἱ
1625 3856 1787 3927 ὀχλοι.

236 3946 287 4000 '0
326 3948 379 4000 δὲ
426 3948 640 4018 Πέτρος
683 3946 774 3998 ἐπί
804 3963 948 4009 τινος
983 3946 1189 4017 βάσεως
1220 3947 1529 4018 ἀνδριάντος
1559 3946 1618 4000 οὐ
1653 3948 1791 4001 πάνυ

230 4038 418 4110 ὑψηλῆς
432 4041 501 4103 ⁸⁷,
530 4037 782 4101 ἐπιστὰς,
817 4038 932 4108 ἅμα
967 4038 1044 4109 τῷ
1091 4039 1184 4092 τὸν
1216 4038 1370 4110 ὄχλον
1400 4038 1645 4092 θεοσεϐεῖ
1679 4040 1790 4093 ἔθει

228 4130 671 4201 προσαγορεῦσαι,
713 4128 865 4192 εἰδὼς
910 4129 1135 4193 πολλοὺς
1185 4132 1248 4184 ὲκ
1290 4130 1396 4184 τῶν
1432 4132 1794 4203 παρεστώτων

228 4221 381 4290 ὄχλων
428 4223 534 4275 ὑπὸ
581 4220 851 4291 δαιμόνων
882 4238 941 4274 τε
974 4222 1067 4275 καὶ
1103 4221 1313 4276 πολλῶν
1353 4222 1539 4277 παθῶν
1572 4224 1635 4276 ὲκ
1670 4223 1794 4276 πολ-

226 4312 323 4365 λῶν
366 4314 574 4383 χρόνων
622 4311 1057 4384 ἐνοχλουμένους,
1113 4312 1409 4384 βρύχοντάς
1461 4331 1520 4367 τε
1572 4315 1686 4385 μετ’
1724 4314 1796 4367 οἱ·

1882 505 2014 546 vero
2068 490 2164 561 qui
2211 491 2263 543 in
2297 488 2482 546 Jesum
2513 490 2879 559 crediderunt,
2911 492 3090 550 Moses
3116 497 3446 553 occultatur.

1883 580 2021 635 Cum
2069 581 2214 636 enim
2253 595 2361 635 una
2401 581 2474 637 sit
2513 596 2611 651 per
2670 591 2969 654 utrumque
3013 585 3282 654 doctrina,
3323 603 3455 645 eum

1883 672 1979 743 qui
2017 672 2264 728 alterutri
2312 673 2487 728 credit
2528 673 2723 744 recipit
2756 674 2920 731 Deus.
2971 675 3174 733 Verum
3211 680 3347 736 ﬁdes
3396 681 3455 736 in

1884 764 2207 835 magistrum
2241 763 2361 818 ideo
2388 773 2493 828 est,
2538 774 2599 819 ut
2638 781 2761 836 qua:
2792 782 2822 821 a
2847 766 2956 823 Deo
2986 769 3129 825 dicta
3165 782 3294 827 sunt
3324 788 3453 843 per-

1885 863 2138 925 aguntur.
2182 852 2337 920 Quod
2381 864 2560 910 autem
2596 856 2701 911 hoc
2741 856 2816 911 ita
2849 871 2908 913 se
2941 858 3170 923 habeat,
3202 861 3320 931 ipse
3345 862 3454 917 Do~

1885 946 2067 1001 minus
2095 955 2281 1000 noster
2310 946 2411 1001 ait:
2434 945 2698 1015 Conﬁteor
2727 947 2845 1012 tibi,
2871 947 3035 1003 Pater
3054 951 3171 1003 caeli
3196 963 3244 1005 et
3276 963 3453 1021 terra,

1885 1038 2008 1107 quia
2056 1038 2379 1091 abscondisti
2433 1038 2543 1093 haec
2592 1056 2625 1093 a
2677 1040 3004 1109 sapientibus
3060 1051 3109 1095 et
3132 1043 3450 1112 senioribus,

1884 1137 1936 1181 et
1960 1128 2197 1182 mvelasti
2220 1145 2282 1183 ea
2300 1130 2535 1197 parvulis
2563 1129 2875 1185 lactentibus
2909 1144 2957 1186 α.
2998 1131 3091 1188 Sic
3143 1134 3285 1189 Deus
3335 1135 3455 1204 ipse

1886 1219 1992 1275 illis
2018 1222 2236 1291 quidem
2265 1222 2553 1277 abscondit
2581 1222 2886 1291 doctorem,
2915 1233 2977 1279 nt
3005 1223 3314 1295 quiscirent
3333 1244 3456 1298 qua

1885 1323 2069 1367 essent
2117 1310 2385 1377 facienda,
2436 1313 2523 1368 his
2566 1330 2697 1369 vero
2746 1316 3039 1385 revelavit,
3086 1328 3149 1373 ut
3193 1318 3285 1390 qui
3335 1336 3459 1391 quae

1887 1418 2047 1474 agere
2076 1411 2325 1475 oporteat
2354 1404 2685 1476 ignorarent.

1959 1572 2073 1631 νη.
2103 1575 2289 1648 Neque
2310 1595 2439 1649 ergo
2458 1579 2666 1636 Hebraei
2695 1582 2765 1637 de
2792 1584 3132 1653 ignoratione
3156 1586 3281 1644 Jesu
3315 1604 3453 1644 con-

1888 1666 2237 1736 demnantur,
2260 1679 2481 1741 propter
2505 1688 2628 1727 eum
2653 1674 2746 1743 qui
2772 1675 3077 1739 abscondit,
3102 1678 3170 1743 si,
3194 1677 3456 1736 facientes

1889 1776 1919 1814 a
1946 1759 2131 1831 Moyse
2178 1764 2514 1833 praseripta,
2539 1781 2701 1835 quem
2738 1768 2989 1823 nesciunt
3040 1770 3168 1825 odio
3210 1787 3320 1826 non
3360 1773 3459 1827 ha-

1889 1851 2085 1906 beant:
2108 1869 2281 1924 neque
2306 1871 2524 1910 rursum
2555 1856 2647 1925 qui
2690 1872 2756 1911 ex
2780 1842 3031 1929 gentibus
3061 1871 3207 1929 sunt,
3225 1864 3291 1918 de
3313 1864 3460 1933 igno-

1888 1937 2009 1998 rato
2033 1944 2216 2016 Moyse
2255 1948 2709 2015 condemnamur,
2739 1959 2963 2020 propter
2987 1967 3111 2006 eum
3138 1953 3230 2023 qui
3273 1956 3461 2010 occul-

1889 2038 2043 2102 tavit,
2072 2038 2117 2092 si
2150 2046 2203 2092 et
2233 2038 2334 2107 ipsi
2362 2055 2458 2109 per
2483 2040 2763 2095 Christum
2803 2042 2947 2097 dicta
2980 2042 3261 2113 facientes,
3291 2064 3456 2117 quem

1892 2127 2147 2197 ignorant
2176 2130 2303 2183 odio
2339 2145 2446 2184 non
2479 2140 2904 2200 prosequantur.
2937 2131 3191 2205 Nihilque
3217 2137 3455 2207 cuipiam

1890 2221 2152 2289 proaerit,
2181 2221 2454 2291 magistris
2501 2237 2697 2277 nomen
2751 2224 3100 2280 dominorum
3145 2227 3295 2293 dare,
3341 2242 3454 2282 non

1892 2310 2072 2366 facere
2120 2320 2300 2366 autem
2349 2328 2513 2382 opera
2555 2328 2861 2370 servorum.
2886 2315 3022 2371 Nam
3068 2317 3272 2373 idcirco
3297 2317 3459 2374 Jesus

1891 2411 2078 2457 noster
2102 2404 2168 2457 ad
2198 2405 2510 2473 quemdam,
2538 2406 2632 2475 qui
2665 2422 2789 2462 eum
2822 2407 3133 2477 frequenter
3165 2410 3456 2465 Dominum

1890 2496 2139 2558 vocabat,
2170 2496 2308 2550 nihil
2338 2504 2517 2551 tamen
2545 2498 2614 2552 ab
2646 2514 2712 2553 eo
2755 2502 3133 2555 mandatorum
3174 2502 3408 2559 faciebat
3441 2522 3457 2558 :

1893 2587 2057 2651 Quid,
2087 2587 2286 2657 inquit,
2332 2588 2462 2641 mihi
2506 2588 2662 2655 dicit,
2696 2588 2939 2655 Domine,
2980 2592 3221 2661 Domine,
3253 2606 3303 2651 et
3359 2612 3462 2649 non

1893 2678 2027 2746 facis
2062 2695 2178 2747 qua:
2205 2681 2322 2732 dico
2359 2680 2420 2733 b?
2466 2678 2745 2735 Neminem
2778 2681 2977 2752 quippe
3001 2683 3213 2753 juvabit
3256 2687 3459 2755 dicere,

1893 2770 1986 2825 sed
2029 2770 2226 2827 facere.
2259 2769 2418 2825 Omni
2459 2772 2641 2841 itaque
2673 2773 2836 2827 modo
2872 2789 3011 2843 opus
3045 2782 3130 2830 est
3156 2776 3312 2831 bonis
3333 2792 3461 2847 ope—

1892 2862 2338 2918 ribus.Caaterum
2379 2864 2424 2919 si
2461 2865 2551 2920 cui
2596 2866 2856 2920 donatum
2882 2865 3068 2933 fuerit,
3108 2876 3162 2921 et
3188 2866 3373 2923 Jesum
3404 2876 3461 2921 et

1892 2954 2131 3027 Moysem
2192 2972 2543 3027 cognoscere,
2591 2966 2849 3028 tanquam
2910 2975 3017 3013 una
3089 2960 3341 3014 doctrina
3391 2960 3460 3014 ab

1893 3057 2125 3117 utroque
2145 3048 2459 3118 praedicata,
2490 3048 2579 3104 hic
2610 3049 2693 3103 vir
2722 3049 2775 3102 in
2804 3048 2915 3105 Deo
2946 3050 3098 3106 dives
3128 3052 3457 3118 censebitur,

1891 3141 1984 3210 qui
2007 3148 2191 3194 vetera
2222 3155 2361 3195 nova
2388 3148 2652 3211 tempore,
2674 3149 2730 3195 et
2754 3156 2914 3208 nova,
2945 3158 3067 3212 qua:
3097 3154 3278 3199 vetera
3310 3153 3459 3209 sunt,

1890 3230 2141 3301 intelligit
2170 3240 2217 3285 ο.

1966 3321 2096 3375 Vill.
2124 3320 2250 3376 Haec
2294 3320 2456 3377 Petro
2488 3322 2701 3377 dicente
2730 3322 2909 3378 omnis
2956 3324 3268 3389 multitudo,
3297 3324 3458 3394 quasi

1893 3416 1961 3470 ab
1988 3415 2172 3484 aliquo
2203 3424 2449 3477 evocata,
2482 3415 2727 3485 ingressa
2754 3417 2836 3471 es’t
2868 3416 2960 3470 ubi
2993 3425 3114 3471 erat
3151 3415 3361 3470 Petrus.
3391 3413 3462 3470 Ut

1893 3519 2072 3563 autem
2099 3508 2187 3562 ille
2206 3506 2341 3561 vidit
2368 3507 2578 3573 turbas,
2610 3508 2758 3561 velut
2779 3508 2958 3562 amnis
2991 3507 3259 3576 placidum
3285 3506 3459 3561 liuen-

1891 3610 2005 3655 tum
2040 3600 2229 3655 leniter
2256 3610 2647 3664 commeantes,
2706 3600 2841 3653 dixit
2887 3598 3131 3654 Marooni
3168 3618 3181 3652 :
3216 3599 3319 3653 Ubi
3364 3600 3456 3654 hic

1892 3694 1996 3748 tibi
2040 3693 2194 3748 locus
2238 3700 2341 3757 est,
2369 3691 2462 3760 qui
2494 3692 2669 3760 magis
2699 3691 2873 3760 possit
2896 3706 3087 3760 capere
3112 3690 3251 3746 hanc
3274 3692 3459 3745 multi-

1893 3781 2171 3836 tudinem?
2196 3779 2261 3834 Et
2297 3779 2556 3833 Maroone
2594 3781 2895 3834 deducente
2920 3797 3043 3834 eum
3068 3781 3120 3833 in
3154 3780 3457 3835 subdinlem

1893 3871 2054 3926 horto
2091 3871 2367 3927 excultum
2416 3870 2618 3937 locum,
2653 3879 2852 3925 secutae
2882 3880 3013 3926 sunt
3042 3871 3233 3925 turbae.
3262 3870 3457 3927 Petrus

1892 3969 2073 4017 autem
2118 3976 2281 4030 super
2332 3960 2502 4016 basim
2546 3969 2737 4015 stature
2765 3976 2869 4015 non
2905 3962 2972 4015 ad
3004 3962 3228 4016 modum
3271 3961 3454 4017 excel-

1894 4069 2010 4109 sam
2040 4053 2365 4118 consistens,
2397 4052 2559 4107 simul
2606 4063 2769 4123 atque
2818 4053 3075 4123 pepulum
3126 4068 3281 4108 more
3324 4054 3458 4107 reli-

1895 4147 2047 4217 gioso
2096 4146 2407 4209 salutasset,
2438 4145 2630 4200 videns
2682 4146 2883 4200 multos
2935 4144 3166 4200 astantis
3208 4144 3382 4214 plebis
3422 4161 3454 4200 a

1894 4238 2235 4293 daemonibus
2258 4246 2313 4291 et
2336 4238 2586 4307 pluribus
2621 4237 2829 4292 morbis
2856 4236 2965 4307 jam
2992 4238 3083 4291 diu
3117 4238 3452 4305 molestatos,

1895 4344 1957 4382 ac
1985 4327 2213 4382 stridere
2245 4343 2369 4383 cum
2419 4330 2657 4392 ululatu,
2700 4338 2753 4382 et
2776 4328 3059 4397 procidere
3095 4345 3217 4383 cum
3247 4330 3455 4399 suppli-i

231 4406 406 4475 μωγῆς
468 4406 562 4458 καὶ
624 4404 921 4468 πίπτοντας
970 4404 1104 4476 ’μεθ’
1169 4405 1404 4469 ἱκεσίας,
1465 4405 1791 4477 ἐπιτιμήσας

1893 4419 2128 4485 catione,
2177 4420 2467 4491 increpitis
2508 4421 2594 4484 iis,
2626 4421 3015 4491 silentiumque
3041 4432 3221 4475 tenere
3254 4422 3451 4492 jussis,

226 4497 394 4560 αὺτοῖς
434 4498 528 4550 καὶ
584 4497 811 4566 ἡσυχίαν
861 4496 1005 4566 ἔχειν
1046 4496 1349 4568 προστάξας
1394 4498 1487 4550 καὶ
1517 4498 1614 4569 τὴν
1648 4500 1787 4551 ἴασιν

229 4588 357 4655 μετὰ
386 4587 446 4641 τὸ
475 4587 817 4658 διαλεχθῆναι
844 4588 1225 4659 ὑποσχόμενος,
1258 4588 1351 4641 τοῦ
1382 4588 1557 4658 λέγειν
1588 4589 1788 4660 ἤρξατο

224 4679 389 4743 οὕτως
404 4696 417 4710 ’

292 4770 379 4824 IX.
427 4771 753 4843 Ἀρχόμενος
795 4769 884 4824 τὸν
916 4772 1053 4843 ὑπὲρ
1091 4772 1396 4837 θεοσεϐείας
1430 4772 1585 4843 λόγον
1615 4776 1786 4827 ποιεῖο

225 4862 347 4914 σθαι
385 4866 497 4927 τοῖς
543 4862 820 4926 παντελῶς
864 4863 1115 4931 ἀγνοοῦσι
1167 4864 1233 4917 τὰ
1248 4865 1293 4896 ⁸⁸
1320 4865 1525 4929 πάντα,
1556 4867 1650 4920 καὶ
1683 4867 1787 4919 ὑπὸ

224 4954 331 5005 τῶν
377 4954 468 5008 τοῦ
510 4954 883 5024 ἀντικειμένου
916 4956 1044 5025 ἡμῖν
1073 4956 1313 5026 Σίμωνος
1348 4956 1606 5010 διαϐολῶν
1634 4958 1788 5010 ἐσπι-

226 5043 481 5115 λωμένοις
536 5046 627 5098 τὸν
676 5045 819 5111 νοῦν,
872 5046 1164 5114 ἀναγκαῖον
1216 5048 1509 5119 ἡγησάμην
1552 5048 1787 5119 πρῶτον,

230 5136 362 5208 ὑπὲρ
390 5136 485 5190 τοῦ
522 5138 598 5209 μὴ
635 5136 743 5190 δεῖν
795 5136 1100 5208 μέμφεσθαι
1128 5137 1219 5193 τὸν
1259 5138 1330 5192 τὰ
1362 5139 1534 5193 πάντα
1568 5156 1794 5210 πεποιηο

298 5261 324 5289 ι
356 5248 547 5305 Matth.
573 5266 652 5317 ιι,
678 5249 768 5305 ἳὸ.
844 5248 1084 5322 ινιΜιιιιιι.
1119 5267 1217 5319 vn,
1248 5252 1336 5307 21.

1892 4525 1992 4566 nec
2022 4526 2129 4565 non
2156 4511 2431 4581 pollicitus
2462 4510 2799 4565 curationem
2827 4520 2946 4580 post
2970 4510 3213 4566 habitum
3240 4528 3451 4567 sermo-

1891 4619 2039 4674 nem,
2068 4604 2142 4659 ita
2165 4604 2314 4675 loqui
2346 4604 2543 4675 coepit:

1964 4774 2055 4830 lx.
2090 4774 2357 4846 incipiens
2386 4773 2453 4831 de
2480 4790 2611 4830 vero
2644 4774 2735 4831 Dei
2759 4776 2911 4831 cultu
2938 4776 3118 4833 facere
3143 4792 3451 4833 sermonem

1892 4868 1957 4921 ad
2011 4882 2107 4923 eos
2155 4868 2248 4936 qui
2279 4867 2494 4934 penitus
2528 4868 3003 4937 ignorantomnia,
3034 4884 3264 4937 quorum
3298 4884 3451 4922 mens

1893 4975 1986 5029 per
2009 4959 2302 5013 adversarii
2322 4960 2489 5015 nostri
2519 4960 2760 5014 Simonis
2788 4961 3093 5016 calumnias
3118 4960 3317 5015 fmdata
3344 4969 3446 5025 est,

1893 5051 2258 5108 necessarium
2302 5052 2453 5117 duxi,
2484 5054 2661 5123 primo
2694 5068 3000 5109 sermonem
3027 5052 3223 5107 habere
3262 5053 3327 5106 de
3357 5066 3445 5115 eo,

1894 5143 2040 5214 quod
2068 5158 2175 5199 non
2206 5154 2453 5214 Oportcat
2476 5146 2719 5201 omnium
2771 5156 3070 5204 creatorem
3125 5144 3293 5199 Deum
3331 5142 3447 5198 eul-

1422 5264 1445 5291 ο
1478 5251 1669 5308 Matth.
1703 5270 1821 5323 xm,
1855 5255 1943 5311 52.

1504 5366 1739 5422 VARUE
1771 5367 2176 5424 LECTIONES.

295 5462 491 5517 “Nihil
518 5460 966 5517 mntandum.Cf.
991 5460 1123 5533 ᾗσι).
1145 5461 1347 5533 Phryn.
1373 5476 1427 5533 ι)ἐ
1456 5461 1577 5515 156.
1613 5460 1885 5517 Habemus
1910 5463 1963 5516 in
1981 5461 2317 5517 Clementinis
2336 5464 2499 5518 etiam
2526 5464 2984 5533 dativumMmucﬁ
3012 5457 3442 5533 Ιιοιιι.ιι)ηι,ᾐιί18Σ

233 5529 288 5585 S.
360 5534 411 5614 λζ
436 5533 627 5614 saep.
642 5534 697 5614 ρ
727 5573 742 5596 ,
766 5533 872 5614 υπό
992 5532 1127 5614 Tum
1162 5529 1313 5614 ἱππ-,03
1338 5529 1452 5614 τοῦ,
1479 5546 1765 5614 man._sec.
1808 5534 2223 5614 supra‘cqinante
2249 5533 2471 5614 :1116013,
2498 5549 2586 5604 ap.
2726 5534 2853 5614 Tant:
2912 5612 2919 5614 Α

1216 5602 1257 5636 ⁸³
1282 5600 1524 5671 ἔκρυψας
1549 5600 1719 5655 ταῦτα
1742 5604 1848 5656 ἀπὸ
1869 5596 1930 5657 σο
1972 5596 2128 5656 ὤν’(ἶ.
2169 5602 2262 5656 καί
2315 5596 2727 5673 copula-etiam
2776 5604 2926 5657 adest
2970 5600 3024 5654 in
3070 5601 3107 5654 l.
3155 5615 3205 5653 c.
3254 5597 3320 5653 N.
3376 5596 3439 5650 Τ.

1216 5672 1499 5725 οσέτασσεν
1526 5669 1587 5724 C.
1689 5682 1735 5715 η
1763 5621 1969 5737 εῖτιςὲς
2014 5689 2063 5727 c.
2092 5673 2151 5725 (ll
2185 5714 2199 5737 ,
2228 5676 2260 5737 ἦ
2285 5692 2368 5737 τις
2398 5674 2458 5727 C.
2571 5682 2617 5713 ⁵⁸
2657 5674 2712 5726 δέ
2759 5688 2867 5727 om.
2907 5670 3044 5726 Tum
3081 5670 3243 5725 τόπον
3292 5674 3439 5737 Epit.

231 5618 335 5655 om.
370 5601 435 5657 0.
536 5605 582 5636 κ
606 5602 1031 5725 ὲξομολογοῦὸεν
1055 5604 1117 5657 0.

232 5674 273 5711 ³⁸
303 5674 557 5725 Minicio:
583 5673 649 5725 0.
725 5674 772 5709 ⁵³
792 5673 900 5725 ἀπό
973 5714 986 5725 .
1060 5676 1108 5708 ⁵⁸

303 5674 557 5737 Minicio;
583 5673 649 5728 0.
700 5669 772 5743 ί⁸³
792 5669 900 5726 ἀπό
922 5669 986 5727 0.
1060 5676 1108 5743 ξι
1134 5669 1499 5743 προσέτασσεν
1526 5669 1587 5743 C_.

2958 5528 3003 5571 ἴε
3034 5531 3154 5584 τινά
3178 5530 3239 5584 (Σ.
3298 5528 3446 5581 δ’τοῦ

2014 5673 2151 5746 μοι
2171 5714 2199 5746 Α,
2228 5676 2260 5746 ἦ
2285 5670 2491 5746 τις
2571 5682 2617 5713 ⁵⁸
2642 5674 2712 5746 ’δέ
2728 5688 2867 5746 “om.
2907 5670 3044 5726 Tum
3081 5670 3243 5725 τόπον
3292 5674 3439 5745 Epit.

236 5757 281 5796 ς.
326 5743 414 5811 62,
439 5746 529 5800 τόν
594 5744 658 5814 C,
685 5742 751 5802 0.
784 5744 983 5801 Deinde
1027 5739 1188 5795 αὐτόν
1214 5758 1327 5799 om.
1354 5739 1398 5795 0
1454 5744 1537 5821 __'7
1566 5739 1640 5797 Ita
1668 5743 1712 5798 0
1762 5760 1791 5803 c
1822 5744 1859 5801 S
1888 5786 1903 5813 ,
1938 5744 2130 5817 ὑψιλῆς
2158 5744 2219 5799 C.
2249 5739 2341 5819 ’ἦν
2372 5744 2441 5798 τά
2463 5744 2611 5801 deest
2641 5743 2694 5798 in
2716 5740 2782 5797 0.
