4004 6332
523 323 625 380 231

1363 316 1421 370 S.
1462 312 1850 369 CLEMENTIS
1888 312 1907 367 Ι
1948 311 2115 367 ROM.
2166 311 2376 368 PONT.
2418 310 2652 368 OPERA
2689 310 2919 368 DUBlA.

3667 315 3777 372 9.38

520 458 674 517 pare,
730 455 840 498 non
896 439 1117 497 aliunde
1162 438 1644 507 incipiens,‘quam
1697 435 1765 488 ab
1817 433 1917 487 ista
1966 449 2088 503 quae

2192 433 2326 486 κὸτα
2354 432 2485 485 Θεὸν
2502 433 2546 463 ³³
2562 430 2651 484 τὸν
2669 430 2821 497 λόγον
2839 430 3185 502 ποιήσασθαι,
3203 430 3293 483 τὸν
3316 426 3474 500 187
3492 427 3592 482 οὐκ
3612 430 3773 484 ἄλλο·

522 536 870 610 providenter
910 536 978 588 ab
1006 547 1070 586 eo
1107 540 1409 600 opportune
1436 529 1677 597 subjecta
1710 527 1811 581 fuit
1843 527 2081 592 occasio,

522 639 585 686 ut
612 636 973 697 cognoscatur
993 623 1137 693 quod
1161 630 1304 676 recta
1334 620 1543 673 ratione
1566 617 1872 688 complures
1898 633 1926 671 a
1952 616 2085 671 mul-

522 721 595 777 tis
617 718 953 776 daemonibus
981 714 1185 769 obsessi
1215 720 1467 767 suutcta
1494 710 1725 765 diversis
1744 709 2082 763 diﬂicilibus-

522 828 630 884 que
655 810 864 867 morbis
897 806 1293 876 comprehensi,
1327 813 1387 858 ut
1408 819 1503 873 per
1532 803 1635 858 hoc
1663 817 1881 871 quoque
1912 815 2083 870 appa-

521 914 641 963 reat
676 902 885 974 iustitia
916 900 1031 954 Dei.
1062 899 1126 953 Et
1151 898 1244 969 qui
1276 912 1373 968 per
1412 896 1774 967 ignorantiam
1813 895 1963 948 illum
1993 909 2086 948 ac—

521 1003 803 1061 cusarunt,
834 994 880 1049 si
918 990 1373 1054 nunc,discentes
1415 985 1548 1057 quid
1589 985 1934 1041 sentiendum
1989 985 2081 1047 sit,

520 1103 617 1158 per
655 1087 852 1140 bonam
891 1081 1333 1153 praedicationem
1382 1085 1436 1132 et
1468 1078 1609 1132 bona
1661 1091 1824 1146 opera
1855 1091 1885 1129 a
1916 1073 2085 1144 priori

520 1179 749 1236 crimine
785 1190 847 1232 se
892 1182 1168 1239 revocent,
1215 1184 1436 1227 causam
1475 1168 1604 1222 mali
1638 1166 1898 1221 facinoris
1930 1165 2086 1237 igno-

517 1269 733 1336 rantiae,
770 1276 831 1323 ut
860 1264 1071 1321 veniam
1097 1267 1525 1330 consequantur,
1551 1256 1908 1312 ascribeutes.

589 1443 658 1499 Χ.
697 1443 777 1498 Ita
806 1455 937 1497 vero
968 1438 1133 1494 habet
1162 1454 1178 1493 :
1209 1434 1346 1493 Cum
1388 1433 1553 1499 Deus,
1584 1429 1677 1501 qui
1726 1427 1877 1483 solus
1908 1425 2089 1482 bonus

518 1546 621 1603 est,
648 1543 844 1591 cuncta
878 1532 1017 1587 bene
1057 1535 1302 1584 creasset
1330 1540 1395 1581 ac
1426 1522 1635 1579 homini
1674 1522 1742 1577 ad
1790 1520 2085 1589 imaginem

520 1644 678 1688 suam
705 1626 850 1682 facto
885 1622 1219 1686 tradidisset,
1254 1620 1302 1674 is
1330 1619 1501 1672 homo
1530 1614 1831 1671 conditoris
1861 1612 1945 1666 sui
1978 1610 2088 1680 spi-

518 1736 649 1776 rans
688 1718 1048 1779 divinitatem,
1074 1728 1199 1770 cum
1237 1718 1383 1766 esset
1403 1724 1565 1764 verus
1593 1707 1855 1777 propheta
1884 1712 1938 1759 et
1964 1704 2088 1758 uni-

2189 525 2280 578 θεν
2301 526 2622 595 ἀρχόμενος,
2647 524 2678 594 ἢ
2708 524 2802 577 ἀπ’
2831 525 2999 595 αὐτῆς
3015 525 3116 595 τῆς
3139 522 3279 576 κατὰ
3302 524 3555 594 πρόνοιαν
3573 524 3663 576 ὑπ’
3683 524 3776 578 αῦ-

2188 617 2283 669 τοῦ
2312 617 2581 688 εὐκαίρως
2616 599 3384 687 ὑποϐληθείσηςπροφάσεως·
3420 618 3506 668 ἵνα
3528 617 3771 688 γνωσθῇ,

2187 708 2263 770 ὡς
2288 708 2524 777 εὐλόγως
2556 709 2603 761 οἱ
2636 707 2820 761 πολλοὶ
2854 708 2958 761 ὑπὸ
2987 708 3196 761 πολλῶν
3222 708 3490 778 δαιμόνων
3518 708 3774 777 συνεσχέ-

2189 797 2362 869 θησαν
2414 799 2509 852 καὶ
2560 797 2665 851 ὑπὸ
2714 799 3017 854 ἀλλοκότων
3078 799 3267 852 παθῶν
3329 798 3772 871 κατελήφθησαν,

2187 889 2335 953 ὅπως
2382 892 2477 943 καὶ
2521 892 2580 943 ὲν
2622 889 2795 960 τούτῳ
2828 890 2889 943 τὸ
2928 889 3022 943 τοῦ
3058 890 3191 943 Θεοῦ
3223 891 3427 944 δίκαιον
3463 894 3626 960 φανῇ.
3662 888 3773 943 Καὶ

2186 982 2235 1034 οξ
2267 981 2334 1034 δι’
2352 982 2574 1051 ἄγνοιαν
2608 983 2945 1053 μεμφόμενοι
2974 982 3155 1049 αὑτὸν,
3188 984 3293 1039 κᾶν
3308 984 3351 1013 ⁸ο
3382 983 3475 1035 νῦν
3511 983 3773 1052 μαθόντες

2186 1071 2262 1134 ὡς
2320 1070 2400 1125 δεῖ
2454 1075 2689 1143 φρονεῖν,
2726 1073 2794 1125 δι’
2847 1073 3122 1144 εὐφημίας
3154 1090 3213 1126 τε
3261 1075 3354 1127 καὶ
3394 1073 3637 1137 εὐποιίας
3676 1073 3772 1127 τοῦ

2187 1162 2454 1234 προτέρου
2526 1165 2869 1235 ἐγκλήματος
2941 1164 3164 1228 ἐαυτοὺς
3242 1166 3770 1232 ἀνακαλέσωνται⁶¹,

2186 1257 2367 1311 αἰτίαν
2406 1257 2501 1310 τοῦ
2555 1258 2725 1312 κακοῦ
2773 1259 3124 1330 τολμήματος
3168 1260 3267 1331 τὴν
3300 1262 3521 1330 ἄγνοιαν
3562 1264 3641 1325 είς
3671 1262 3772 1334 τὴν

2190 1349 2519 1419 συγγνώμην
2552 1348 2897 1420 προθέμενοι.

2261 1440 2330 1497 Χ.
2363 1442 2518 1513 Ἔχει
2564 1442 2621 1495 δὲ
2664 1439 2855 1505 οὕτως·
2907 1441 3014 1496 Τοῦ
3065 1441 3231 1514 μόνου
3277 1444 3485 1512 ἀγαθοῦ
3530 1443 3667 1499 Θεοῦ
3700 1445 3772 1500 τὰ

2187 1534 2364 1587 πάντα
2413 1534 2592 1598 καλῶς
2643 1535 3004 1605 πεποιηκότος
3053 1535 3146 1590 καί¹
3201 1537 3640 1608 παραδεδωκότος
3690 1538 3773 1610 τῷ

2187 1625 2305 1676 κατ’
2345 1624 2529 1677 εἰκόνα
2569 1623 2734 1677 αὑτοῦ
2784 1624 3064 1696 γενομένῳ
3079 1627 3123 1657 ⁸³
3152 1624 3442 1698 ἀνθρώπῳ,
3475 1629 3503 1681 ὁ
3530 1629 3772 1697 γεγονὼς

2186 1712 2285 1783 τῆς
2314 1711 2408 1767 τοῦ
2443 1714 2802 1786 πεποιηκότος
2833 1714 2993 1770 αὑτὸν
3027 1716 3203 1770 πνέων
3251 1717 3542 1789 θειότητος,
3562 1719 3771 1792 ἀληθὴς

517 1825 676 1866 versa
730 1811 1102 1879 cognosceret,
1137 1804 1191 1858 in
1238 1803 1504 1856 honorem
1556 1796 1733 1852 Patris
1773 1796 1868 1867 qui
1905 1796 2087 1851 omnia

2191 1802 2476 1876 Προφήτης
2503 1805 2578 1858 ὣν
2612 1806 2705 1859 καὶ
2731 1803 2885 1869 εἰδὼς
2910 1806 2979 1859 τὰ
3008 1805 3124 1870 ὅλα,
3160 1809 3241 1871 είς
3270 1809 3435 1880 τιμὴν
3468 1809 3560 1862 τοῦ
3589 1789 3771 1863 πάντα

520 1902 598 1957 illi
618 1906 984 1963 concesserat,
1005 1908 1058 1951 et
1079 1894 1149 1950 ob
1177 1891 1408 1950 salutem
1438 1904 1507 1945 ex
1540 1904 1601 1944 se
1622 1887 1930 1943 futurorum
1955 1886 2089 1940 lilio-

521 2010 669 2061 rum,
705 2002 966 2062 tanquam
998 2000 1291 2059 germanus
1321 1992 1471 2054 pater
1500 1980 1931 2037 benevolentiam
1960 1994 2089 2052 erga

522 2080 930 2152 asegignendos
956 2080 1167 2135 liberos
1188 2089 1543 2139 conservans,
1570 2087 1711 2144 quos
1750 2079 1973 2141 cuperet
2019 2069 2089 2124 ad

518 2197 709 2238 eorum
732 2179 1022 2236 utilitatem
1047 2175 1276 2246 diligere
1300 2172 1471 2228 Deum
1500 2179 1554 2226 et
1576 2185 1607 2224 a
1635 2168 1748 2224 Deo
1784 2167 1959 2238 diligi,
1987 2166 2089 2222 iter

518 2273 663 2345 quod
688 2273 757 2327 ad
785 2270 933 2325 illius
957 2267 1181 2323 duceret
1203 2264 1503 2320 amicitiam
1545 2258 1963 2321 demonstravit,
1985 2255 2086 2311 do-

516 2366 738 2434 cuitque
808 2360 1139 2433 quibusnam
1208 2355 1496 2411 hominum
1524 2350 1866 2411 lectionibus
1935 2348 2086 2403 solus

514 2456 877 2525 omniumque
904 2451 1168 2507 Dominus
1200 2448 1343 2503 Deus
1368 2445 1667 2502 delectetur
1697 2460 1714 2498 :
1745 2451 1801 2498 et
1827 2439 2086 2505 ostensis,

514 2561 640 2622 qua!
686 2548 763 2603 illi
810 2545 1108 2618 placerent,
1140 2541 1312 2612 legem
1356 2545 1617 2593 aeternam
1645 2533 1859 2589 cunctis
1883 2533 2085 2598 sanxit,

515 2656 641 2714 quae
671 2655 774 2695 nec
815 2638 884 2693 ab
923 2634 1176 2691 hostibus
1215 2628 1468 2687 consumi
1503 2635 1710 2698 posset,
1732 2640 1834 2680 nec
1863 2624 1935 2679 ab
1974 2624 2086 2679 ullo

515 2732 688 2804 impio
716 2727 1091 2799 interpolanda
1127 2735 1292 2788 esset,
1318 2736 1422 2777 nec
1448 2735 1558 2774 uno
1584 2721 1637 2772 in
1678 2716 1801 2772 loco
1850 2716 2088 2770 abscon-

516 2825 757 2889 deretur,
783 2821 878 2877 sed
906 2834 938 2875 a
994 2817 1207 2874 cunctis
1238 2822 1426 2887 posset
1453 2811 1578 2881 legi.
1602 2808 1773 2863 Erant
1794 2823 1925 2879 ergo
1952 2807 2085 2874 illis,

516 2934 585 2976 ex
611 2915 916 2974 obedientia
951 2913 1108 2985 legis,
1136 2919 1332 2966 cuncta
1362 2905 1587 2972 aifatim,
1617 2902 1804 2974 fruges
1828 2902 2085 2973 pulcher-

515 3012 687 3074 rimae,
717 3006 845 3063 anni
868 3001 1276 3074 completi,sine
1302 2997 1543 3058 tristitia.
1567 2996 1687 3052 sine
1716 2994 1945 3061 morbis,
1958 3010 2084 3051 cum

517 3098 877 3162 saluberrima
911 3094 1056 3151 aeris
1096 3090 1357 3162 temperie
1385 3098 1502 3145 tuto
1532 3086 1742 3145 donati.

585 3360 679 3417 XI.
717 3360 786 3415 At
834 3358 934 3425 illi,
965 3356 1093 3429 quia
1124 3354 1367 3412 nondum
1418 3353 1561 3408 mala
1594 3351 1807 3422 experti
1844 3351 2082 3418 fuerant,

516 3457 585 3512 ad
623 3456 800 3526 ipsum
828 3453 1099 3508 bonorum
1124 3450 1330 3505 donum
1351 3463 1516 3503 sensu
1537 3446 1801 3513 destituti,
1826 3461 1921 3517 per
1940 3447 2086 3502 cibo-

516 3564 640 3606 rum
684 3555 738 3602 et
775 3543 1097 3601 deliciarum
1142 3538 1532 3595 abundantiam
1584 3537 1653 3593 ad
1683 3536 1881 3608 ingrati
1916 3538 2084 3592 animi

514 3639 710 3695 vitium
752 3634 1183 3697 declinaverunt,
1209 3638 1267 3686 ut
1296 3628 1691 3684 arbitrarentur
1714 3643 1825 3683 non
1852 3628 2086 3683 existere

516 3728 940 3794 Providentiam,
959 3725 1104 3796 quod
1122 3724 1271 3778 nullo
1293 3721 1633 3793 praecedente
1650 3719 2085 3790 justitiae'labore

514 3821 659 3877 bona
712 3826 772 3873 ut
815 3815 1123 3872 mercedem
1170 3797 1529 3882 recepissent,
1585 3818 1774 3882 utpote
1824 3811 1976 3865 nullo
2017 3826 2085 3866 ex

516 3912 651 3984 ipsis
678 3912 735 3967 in
764 3924 955 3967 casum
1003 3907 1241 3977 aliquem
1268 3904 1355 3959 vel
1396 3902 1646 3959 morbum
1678 3912 1773 3959 aut
1801 3901 1967 3957 ullam
1990 3918 2086 3959 ne-

517 4004 826 4061 cessitatem
849 4002 1071 4070 delapso
1101 4016 1116 4053 :
1150 3996 1288 4052 adeo
1318 4005 1397 4063 ut,
1417 3994 1877 4066 quemadmodum
1908 3995 2087 4050 solent

515 4097 767 4154 homines
790 4110 822 4151 a
851 4108 1019 4166 prava
1049 4092 1392 4147 aberratione
1422 4088 1630 4154 afﬂicti,
1655 4086 1849 4154 Deum,
1871 4089 1963 4158 qui
1987 4104 2083 4145 eos

513 4197 729 4259 poterat
776 4198 994 4249 sanare,
1040 4183 1401 4252 despicerent.
1434 4177 1634 4235 Verum
1669 4180 1947 4235 enimvero
1973 4190 2084 4235 sta-

516 4278 613 4332 tim
644 4285 767 4347 post
791 4281 1184 4344 centemptum,
1207 4284 1274 4324 ex
1304 4274 1482 4323 metus
1508 4265 1784 4322 vacuitate
1806 4274 1860 4322 et
1889 4281 2083 4323 secura

516 4370 792 4439 voluptate
810 4368 1218 4439 procedentem,
1245 4360 1395 4417 velut
1430 4359 1500 4415 ab
1530 4358 1815 4415 harmonia
1845 4357 2081 4429 quadam

2189 1890 2336 1963 αὑτῷ
2365 1892 2752 1965 δωρησαμένου
2786 1894 3000 1967 Πατρὸς
3027 1895 3121 1950 καὶ
3148 1899 3227 1962 εἰς
3260 1897 3532 1971 σωτηρίαν
3569 1899 3681 1955 τῶν
3710 1901 3772 1966 ἐξ

2188 1982 2353 2037 αὑτοῦ
2394 1984 2713 2059 γενομένων
2732 1987 2885 2051 υἱῶν,
2917 1986 2993 2051 ὡς
3024 1989 3209 2060 πατὴρ
3233 1991 3451 2061 γνήσιος
3483 1990 3619 2063 πρὸς
3641 1993 3771 2057 τοὺς

2188 2071 2281 2127 ὑπ’
2314 2071 2476 2128 αὐτοῦ
2522 2076 2845 2148 γενομένους
2876 2079 3070 2142 παῖδας
3115 2078 3413 2143 ἀποσώζων
3457 2080 3521 2133 τὸ
3552 2078 3768 2146 εὔνουν,

2190 2163 2511 2238 βουλόμενος
2539 2169 2735 2235 αὐτοὺς
2779 2171 2917 2242 πρὸς
2958 2172 3021 2224 τὸ
3061 2170 3340 2246 συμφέρον
3371 2173 3553 2238 αὐτοῖς
3593 2175 3771 2244 φιλεῖν

2186 2255 2322 2310 Θεὸν
2383 2258 2477 2312 καὶ
2530 2258 2802 2328 φιλεῖσθαι
2848 2262 2940 2316 ὑπ’
2986 2262 3172 2328 αὐτοῦ,
3220 2264 3320 2336 τὴν
3392 2265 3529 2336 πρὸς
3582 2262 3771 2335 φιλίαν

2187 2348 2350 2404 αὐτοῦ
2392 2351 2631 2419 ἄγουσαν
2664 2352 2919 2424 ἐξέφηνεν
2950 2353 3321 2421 όδὸν,διδάξας
3342 2356 3521 2420 ποίαις
3552 2356 3769 2428 ἀνθρώ-

2187 2460 2304 2495 πων
2356 2442 2622 2514 πράξεσιν
2676 2446 2706 2500 ό
2764 2446 2924 2518 μόνος
2968 2448 3062 2501 καὶ
3102 2448 3317 2502 πάντων
3341 2448 3604 2520 δεσπότης
3635 2448 3773 2512 Θεὸς

2186 2534 2560 2605 εὐφραίνεται,
2587 2537 2681 2591 καὶ
2710 2538 2779 2591 τὰ
2824 2539 3019 2611 ἐκείνῳ
3050 2539 3307 2594 δοκοῦντα
3338 2541 3575 2611 ἐκφήνας
3605 2540 3770 2611 νόμον

2188 2620 2400 2675 αἰώνιον
2463 2622 2631 2693 ὥρισε
2688 2625 2798 2687 τοῖς
2824 2624 2869 2655 ⁸⁸
2917 2624 3077 2690 ὅλοις,
3117 2626 3244 2698 μήθ’
3287 2626 3391 2680 ὑπὸ
3422 2626 3699 2698 πολεμίων
3726 2628 3771 2659 ⁸⁸

2185 2712 2569 2784 ἐμπρησθῆναι
2612 2714 2928 2786 δυνάμενον,
2984 2718 3109 2790 μήθ’
3167 2719 3272 2772 ὑπὸ
3337 2718 3567 2782 ἀσεϐοῦς
3622 2737 3771 2785 τινος

2187 2803 2663 2877 ὑπονοθευόμενον,
2715 2809 2851 2880 μήτε
2915 2810 2996 2863 ἐνὶ
3040 2810 3190 2882 τόπῳ
3245 2811 3768 2883 ἀποκεκρυμμένον,

2185 2895 2320 2950 ἀλλά
2351 2899 2516 2951 πᾶσιν
2548 2898 2958 2974 ἀναγνωσθῆναι
2988 2903 3303 2975 δυνάμενον.
3332 2900 3439 2958 ’Ἦν
3459 2900 3552 2957 οῦν
3582 2905 3772 2969 αὐτοῖς

2185 2988 2250 3043 ἐκ
2281 2989 2381 3061 τῆς
2408 2990 2730 3064 πειθαρχίας
2759 2994 2853 3048 τοῦ
2887 2995 3049 3066 νόμου
3085 2998 3264 3051 πάντα
3309 2996 3625 3067 ἄφθονα,τά
3656 2997 3771 3052 τῶν

2185 3084 2413 3155 καρπῶν
2459 3084 2742 3151 κάλλιστα,
2779 3086 2849 3140 τά
2903 3089 3066 3159 188
3109 3089 3217 3143 τῶν
3271 3089 3406 3144 ἐτῶν
3449 3090 3633 3145 τέλεια
3673 3092 3772 3146 καὶ

2187 3174 2367 3228 ἄλυπα
2416 3178 2511 3229 καὶ
2557 3179 2743 3239 ἄνοσα,
2798 3178 2935 3249 μετά
2963 3180 3142 3251 πάσης
3186 3181 3284 3252 τῆς
3324 3181 3433 3234 τῶν
3471 3182 3651 3253 ἀέρων
3687 3184 3772 3237 εὑ-

2186 3267 2419 3340 κρασίας
2440 3268 2610 3332 ἀδεῶς
2640 3269 2842 3341 δεδωρη
2852 3270 3007 3341 μένα.

2254 3378 2349 3435 Xl.
2379 3382 2441 3435 Οί
2470 3381 2525 3436 δὲ
2553 3382 2675 3436 ἐπεὶ
2698 3383 2772 3455 μή
2807 3383 3023 3456 πρῶτον
3066 3383 3173 3439 τῶν
3210 3387 3395 3440 κακῶν
3426 3386 3768 3461 ἐπειράσθη·

2188 3489 2309 3541 σαν,
2341 3475 2479 3546 πρὸς
2512 3474 2681 3548 αὐτὴν
2696 3476 2743 3508 ⁸⁸
2759 3476 2866 3529 τῶν
2923 3476 3141 3546 ἀγαθῶν
3171 3477 3377 3550 δωρεὰν
3420 3480 3767 3553 ἀναισθήτως

2185 3565 2417 3637 ἔχοντες,
2463 3566 2569 3621 ὑπὸ
2612 3566 2711 3640 τῆς
2756 3567 2987 3638 ἀφθόνου
3044 3569 3248 3641 τροφῆς
3299 3571 3393 3624 καὶ
3441 3573 3656 3645 τρυφῆς
3687 3574 3770 3638 είς

2184 3656 2507 3729 ἀχαριστίαν
2534 3657 2904 3731 ἐξετρέποντο,
2938 3658 3014 3724 ὡς
3042 3660 3280 3731 νομίσαι,
3316 3660 3512 3727 αὐτοὺς
3537 3663 3659 3734 μηδ’
3692 3662 3769 3718 ει-

2185 3766 2273 3802 ναι
2300 3749 2586 3821 Πρόνοιαν,
2616 3751 2739 3805 ἐπεὶ
2773 3750 2846 3823 μὴ
2879 3752 3143 3823 πρότερον
3174 3750 3549 3822 καμόντεςέπὶ
3568 3752 3771 3808 δικαιο-

2188 3839 2353 3913 σύνης
2383 3841 2460 3906 ὡς
2492 3841 2681 3914 μισθὸν
2723 3839 2793 3895 τά
2832 3840 3012 3910 ἀγαθά
3052 3841 3362 3913 εἰλήφεσαν,
3398 3842 3491 3897 ἆτε
3537 3842 3769 3914 μηδενὸς

2186 3933 2364 3987 αὐτῶν
2396 3933 2431 4005 ἢ
2461 3932 2621 3987 πάθει
2653 3934 2761 3987 τινὶ
2791 3932 2824 4005 ἢ
2854 3932 2994 4005 νόσῳ
3019 3930 3053 4003 ἢ
3087 3932 3221 4006 ἄλλῃ
3249 3933 3356 3987 τινὶ
3385 3932 3599 4005 ἀνάγκῃ
3630 3935 3769 3989 ὑπο-

2185 4025 2474 4090 πεσόντος*
2520 4026 2627 4089 ἵνα,
2662 4025 2738 4089 ὡς
2768 4021 3075 4097 ἀνθρώποις
3128 4024 3280 4094 φίλον
3326 4024 3472 4079 ἐστὶν
3512 4025 3617 4079 ὑπὸ
3660 4026 3767 4103 τῆς

2185 4118 2361 4188 κακῆς
2391 4115 2716 4189 διαμαρτίας
2733 4116 2784 4148 ⁸⁸
2813 4116 3159 4181 κακωθεῖσιν,
3190 4116 3402 4181 ἑαυτοῖς
3433 4118 3524 4171 τὸν
3577 4118 3766 4172 ἰᾶσθαι

2184 4209 2476 4281 δυνάμενον
2524 4207 2956 4281 περιδλέψωνται
3005 4207 3156 4262 Θεόν.
3204 4206 3364 4262 Ἀλλά
3412 4208 3520 4279 γὰρ
3558 4209 3767 4275 εὐθέως

2189 4298 2325 4369 μετά
2377 4296 2476 4371 τὴν
2508 4298 2571 4352 ἐκ
2603 4298 2701 4370 τῆς
2733 4297 2965 4367 ἀφοϐίας
2999 4298 3094 4352 καὶ
3127 4297 3316 4363 ἀδεοῦς
3340 4300 3555 4371 τρυφῆς
3588 4317 3767 4354 κατα-

2186 4390 2474 4462 φρόνησιν,
2503 4389 2691 4461 ὥσπερ
2720 4388 2776 4456 ἐξ
2807 4387 3070 4460 ἁρμονίας
3094 4388 3239 4454 τινὸς
3256 4390 3560 4454 ἀκολούθως
3587 4392 3691 4464 ἐφη
3702 4411 3767 4464 ρ-

512 4468 915 4529 consequenter
963 4458 1237 4528 adaptata,
1286 4457 1436 4528 justa
1481 4471 1577 4512 eos
1607 4455 1808 4511 invasit
1845 4455 2075 4526 punitio,

2191 4455 2478 4559 μοσμένης,
2525 4455 2707 4540 δικαία
2744 4455 3041 4548 τις-αὐτόῖς
3073 4484 3351 4556 ἀπήντησε
3394 4455 3654 4557 τιμωρίαν,
3680 4455 3766 4540 ’τὰ

516 4565 639 4621 quae
684 4551 825 4604 bona
862 4548 1085 4619 quidem
1117 4560 1179 4605 ut
1217 4549 1382 4605 noxia
1410 4547 1643 4622 expulit,
1671 4547 1814 4603 mala
1861 4561 1991 4603 vero
2023 4553 2082 4601 ut

516 4642 770 4714 adjutura
805 4649 992 4697 contra
1023 4641 1257 4697 induxit.

586 4843 702 4900 ΧΠ.
734 4842 868 4899 Nam
900 4858 968 4899 ex
1003 4843 1122 4900 coeli
1156 4842 1349 4899 incolis
1378 4842 1681 4914 'spiritibus
1722 4840 1781 4908 ii,
1822 4842 1915 4912 qui
1958 4842 2080 4897 infi-

2189 4578 2284 4650 μὲν
2302 4579 2407 4651 γὰρ
2433 4579 2477 4611 ⁸⁷
2505 4578 2684 4649 ἀγαθὰ
2709 4576 2782 4642 ὡς
2796 4578 3072 4649 βλάψαντα
3103 4576 3414 4642 ἀπωθοῦσα,
3436 4576 3504 4630 τά
3530 4577 3585 4630 δέ
3611 4578 3765 4633 κακὰ

2185 4670 2261 4736 ὡς
2292 4670 2646 4743 ὠφελήσαντα
2677 4670 3121 4742 ἀντεισφέρουσα.

2254 4844 2369 4899 ΧΠ.
2386 4844 2506 4899 Τῶν
2518 4844 2625 4916 γάρ
2650 4845 2740 4899 τὸν
2750 4843 2974 4917 οὐρανὸν
3002 4844 3351 4899 ἐνοικούντων
3361 4844 3408 4877 ⁸⁸
3430 4843 3764 4914 πνευμάτων

514 4955 659 4994 mam
725 4938 1000 5007 regionem
1062 4937 1311 4992 habitant
1366 4936 1561 5005 angeli,
1612 4935 1805 4990 oil'ensi
1863 4935 2076 5007 ingrato

2191 4937 2229 4990 οἱ
2256 4938 2677 5011 τὴν’κατωτάτω
2693 4937 2872 5010 χώραν
2894 4936 3277 4999 κατοικοῦντες
3327 4935 3567 5004 ἄγγελοι,
3592 4934 3767 5004 ἀχθε-

516 5029 798 5085 hominum
831 5041 954 5098 erga
1012 5029 1179 5081 Deum
1237 5028 1422 5081 animo
1477 5026 1771 5097 postulant,
1807 5026 1858 5080 in
1907 5028 2072 5081 vitam

2191 5029 2399 5094 τιθέντες
2452 5031 2543 5083 ἐπὶ
2595 5030 2799 5102 τῇτῶν
2853 5030 3153 5102 ἀνθρώπων
3185 5026 3417 5092 είςΘεὺν
3436 5026 3763 5097 ἀχαριστίᾳ,

516 5121 798 5177 hominum
832 5118 1016 5175 venire
1043 5118 1224 5186 liceat,
1258 5128 1319 5174 ut
1351 5130 1481 5173 vere
1508 5116 1758 5173 humines
1795 5115 1946 5183 facti,
1980 5133 2076 5187 per

2191 5121 2455 5175 αἰτοῦνται
2506 5124 2586 5187 εἰς
2635 5121 2724 5175 τὸν
2756 5120 3056 5194 ἀνθρώπων
3089 5120 3264 5175 ἐλθεῖν
3293 5119 3428 5191 βίον,
3466 5119 3553 5172 ἵνα
3584 5118 3767 5180 ὅντως

1783 5255 2018 5311 VAle
2060 5255 2463 5314 LECTIONES.

583 5361 630 5397 ⁸ο
656 5357 787 5411 Θεόν
812 5356 877 5420 Ο,
905 5366 967 5412 ttt
992 5354 1098 5428 legi
1126 5354 1281 5428 jubet
1301 5353 1424 5428 (ξι-ς
1454 5353 1542 5428 ,_in
1569 5352 1678 5428 cuj.
1705 5351 2019 5428 ῑοχιιιφεοῦ.
2063 5424 2075 5428 Α
2101 5354 2146 5428 ῗο
2172 5354 2261 5408 καί
2422 5358 2463 5394 ⁸⁸
2486 5358 2906 5428 ἀνακαλέσονται
2927 5355 3010 5428 (ἔκ
3050 5356 3095 5388 θ’
3118 5354 3409 5428 γενωμένῳ
3429 5352 3494 5428 ΟΓ
3571 5353 3617 5391 ⁸³
3640 5355 3761 5428 τοῖς

513 5427 712 5499 excidit
741 5444 827 5498 ap.
971 5423 1313 5499 (etltlilGQS,
1348 5423 1508 5499 {7:24)
1528 5424 1703 5499 οἰδ.-
1754 5427 1801 5460 ⁸⁸
1830 5424 1965 5499 μήτε
1987 5424 2244 5499 Δ’πολέμων
2278 5426 2319 5478 C
2349 5466 2363 5490 ,
2402 5428 2525 5499 μήθ’
2555 5429 2660 5482 ὑπὸ
2683 5427 2957 5499 πολεμίων
2986 5427 3029 5479 D
3060 5468 3074 5491 ,
3108 5423 3243 5499 μήτε
3267 5423 3571 5499 ίπολεμίοις
3588 5424 3752 5499 conj.

516 5495 555 5569 S
583 5538 597 5561 ,
629 5499 763 5568 μήτε
776 5493 1009 5569 ’πολέμῳ
1034 5496 1125 5569 Ο.η
1176 5499 1219 5531 σε
1258 5503 1357 5569 τήν
1384 5496 1444 5550 C.
1492 5493 1497 5495 ⁷
1522 5495 1567 5528 ⁸³
1589 5493 1655 5547 δι’
1681 5494 1794 5569 ἅμα

515 5564 898 5639 fend'it'contra
927 5564 1071 5638 leges
1094 5568 1292 5639 lingua:
1313 5564 1534 5639 'Grmcaa.
1568 5573 1621 5619 et
1640 5564 1782 5639 “quid
1838 5564 2017 5639 ἰᾶσθαι
2045 5565 2147 5620 sibi
2172 5567 2318 5629 velit.
2351 5568 2566 5623 dillicile
2595 5579 2678 5625 est
2721 5564 3026 5633 intellectu;
3051 5569 3287 5638 denique
3311 5564 3760 5639 περιϐλέπεσθαι

513 5637 787 5724 nog‘i'tl'em
819 5635 1107 5724 signiﬁcat,
1136 5635 1282 5724 quod
1313 5636 1595 5724 despicere.
1626 5635 2050 5724 (Eoujcetaverim
2073 5651 2195 5724 esse
2226 5638 2575 5724 scribendum
2603 5640 2772 5724 ἀδεῶς
2792 5639 2882 5724 τὸν
2920 5635 3748 5724 τιμωρεῖσθαιιδυνξάὶμενοκίξεα-

513 5705 892 5828 ἕξὲρέὲἒιεζτυῗῐ
911 5710 1063 5828 ἓεόν.
1095 5705 1101 5708 ⁷
1139 5705 1182 5749 ει
1206 5707 1315 5779 γάρ
1332 5705 1443 5765 om.
1475 5706 1519 5763 0
1550 5745 1565 5775 ,
1596 5707 1664 5762 ad
1695 5707 1806 5777 cuj.
1831 5721 1981 5761 oram
2009 5716 2263 5765 monetur
2291 5726 2307 5768 :
2343 5708 2641 5766 νοθείεται.
2716 5711 2763 5753 ιε
2790 5705 3140 5766 ἐνοικούντὼν
3167 5710 3227 5765 ει
3277 5705 3455 5781 (1698
3469 5715 3524 5764 ει
3554 5705 3759 5775 ne”,

549 5786 868 5835 ποικουντων
909 5786 968 5843 δ,
1441 5824 1447 5829 .

1803 5494 1952 5567 ρτὶας,
1980 5495 2044 5559 υ,
2077 5494 2142 5567 Si
2169 5514 2183 5549 :
2215 5494 2779 5554 Locus'niultil‘ariam
2811 5494 3125 5567 corruptus.
3162 5494 3385 5552 Dativus
3423 5494 3637 5567 ἑαυτοῖς
3663 5494 3759 5567 91³-
