4004 6332
535 287 646 344 235

1395 286 1453 340 S.
1491 285 1879 341 CLEMENTIS
1914 287 1932 341 Ι
1968 285 2133 341 RUM.
2173 284 2372 341 PONT.
2413 285 2641 342 OPERA
2676 284 2902 343 DUBIA.

3649 279 3753 335 256

524 388 710 475 utpote
744 416 810 459 ex
841 405 1048 474 angelis
1072 404 1198 470 orti,
1225 403 1432 474 angelis
1463 418 1592 459 vero
1625 404 1888 470 minores,
1917 411 1980 458 ut
2013 419 2081 458 ex

2185 403 2481 475 ἀνθρώπων
2513 403 2582 456 τὰ
2608 403 2838 474 μεγέθη,
2873 403 3100 474 ἐπείπερ
3127 401 3184 468 ἐξ
3216 400 3457 469 ἀγγέλων
3485 397 3754 468 ἐγένοντο,

520 497 738 552 feminis
768 496 957 566 geniti.
994 496 1136 552 Deus
1162 511 1326 566 ergo,
1361 509 1590 550 cernens
1622 495 1745 550 illos
1779 496 1845 549 ad
1887 495 2081 549 ferita»

518 599 625 643 tem
660 597 1040 657 exasperatos,
1069 587 1380 657 quibusque
1409 586 1476 641 ad
1507 587 1812 642 satietatem
1845 588 2083 644 mundus

517 697 628 736 non
676 680 945 737 sulliccret
977 681 1126 750 (nam
1156 680 1223 734 ad
1255 680 1538 734 hominum
1577 680 1986 749 proportionem
2029 689 2084 736 et

514 775 580 828 ad
609 789 740 828 usus
765 774 1036 827 humanos
1060 771 1315 827 conditus
1345 779 1429 825 est
1454 770 1648 840 orbis),
1681 785 1748 824 ne
1770 769 1946 824 victus
1970 770 2084 824 ino-

512 867 598 935 pia
636 867 700 920 ad
731 877 941 920 naturae
974 871 1366 934 repugnantem
1399 876 1554 916 esum
1597 861 1915 914 animalium
1948 874 2082 914 con-

515 959 651 1013 versi
684 959 926 1012 insontes
954 971 1076 1011 esse
1104 955 1439 1016 viderentur,
1473 953 1632 1023 quasi
1664 952 1718 1006 id
1748 968 1816 1008 ex
1843 953 2084 1009 necessi-

513 1059 620 1106 tate
649 1050 914 1105 auderent
939 1090 954 1114 ,
985 1049 1096 1103 illis
1130 1047 1273 1102 Deus
1305 1045 1654 1115 omnipotens
1694 1061 1895 1100 manna
1945 1043 2083 1114 pluit

508 1155 574 1193 cx
610 1139 758 1194 varia
796 1139 1128 1209 cupiditate,
1181 1147 1343 1208 atque
1379 1137 1527 1192 omni
1580 1138 1888 1194 desiderato
1928 1136 2080 1192 fruiti

508 1244 671 1299 sunt;
711 1243 766 1286 at
796 1234 896 1300 illi,
925 1234 996 1288 ob
1038 1233 1281 1303 spuriam
1316 1241 1567 1288 naturam
1614 1246 1753 1301 puro
1801 1233 1924 1288 cibo
1967 1247 2078 1287 non

505 1323 775 1388 delectati,
804 1324 979 1377 solum
1001 1323 1282 1392 sanguinis
1299 1331 1515 1392 gustum
1537 1321 1876 1391 appetebant.
1899 1320 2078 1388 Quare

503 1423 558 1467 et
584 1413 744 1481 primi
775 1428 967 1469 carnes
991 1417 1370 1484 degustarunt.

575 1679 712 1735 XVI.
754 1681 858 1748 Qui
890 1695 1021 1737 vero
1050 1696 1174 1738 cum
1207 1682 1315 1738 illis
1343 1682 1611 1754 degebant
1638 1683 1909 1751 homines,
1945 1696 2075 1740 tunc

2189 498 2431 567 ἀγγέλων
2463 498 2614 569 191
2640 499 2696 550 δὲ
2721 497 2994 559 ἐλάττους,
3030 494 3258 566 ἐπείπερ
3284 496 3347 546 ἐκ
3371 492 3642 561 γυναικῶν
3664 510 3758 562 γε-

2185 590 2408 659 γένηντο
2420 589 2496 641 ⁸⁶.“
2518 589 2575 642 Ὁ
2600 585 2692 641 οὖν
2719 588 2868 652 Θεὸς,
2905 585 3058 649 εἰδὼς
3086 585 3280 648 αὐτοὺς
3312 585 3448 655 πρὸς
3464 583 3526 636 τὸ
3555 583 3756 656 θηριῶο

2185 681 2275 742 δες
2302 679 2754 751 ἐξηγριωμένους,
2779 679 2874 733 καὶ
2907 677 3041 750 πρὸς
3073 678 3170 748 τὴν
3203 676 3408 729 ἐαυτῶν
3441 675 3757 748 πλησμονὴν

2183 771 2285 825 τὸν.
2307 771 2508 841 κόσμον
2539 771 2637 823 οὐκ
2670 769 2889 840 ἔχοντας
2908 770 2950 800 ⁸⁷
2984 770 3098 838 (llr)
3142 768 3385 838 αὐτάρκη
3437 767 3606 838 (πρὸς
3644 766 3756 836 γάρ

2186 861 2488 933 ἀνθρώπων
2515 861 2804 929 ἀναλογίαν
2843 860 3240 932 ἐδημιουργήθη
3281 860 3374 912 καὶ
3422 859 3616 930 χρῆσιν
3663 859 3757 911 άν-

2185 953 2521 1026 θρωπίνην),
2553 953 2641 1007 ἵνα
2689 953 2762 1023 μὴ
2808 951 2983 1022 ἐνδείᾳ
3018 952 3222 1023 τροφῆς
3243 951 3288 982 ⁸³
3327 950 3419 1004 ἐπὶ
3463 949 3560 1020 τὴν
3603 950 3756 1021 παρά

2184 1047 2346 1116 φύσιν
2371 1046 2477 1098 τῶν
2507 1044 2658 1108 ζώων
2692 1044 2854 1115 βορὰν
2880 1043 3200 1114 τρεπόμενοι
3222 1041 3499 1096 ἀνεύθυνοι
3525 1041 3752 1094 δοκῶσιν

2183 1134 2344 1202 εἶναι,
2377 1137 2454 1201 ὡς
2482 1137 2548 1190 δι’
2571 1137 2814 1208 ἀνάγκην
2840 1135 2995 1189 τοῦτο
3019 1134 3427 1206 τετολμηκότες,
3461 1133 3633 1205 μάννα
3659 1135 3755 1187 αύ-

2181 1235 2292 1294 τοῖς
2318 1233 2346 1284 ὁ
2376 1229 2776 1299 παντοδύναμος
2804 1228 2935 1291 Θεὸς
2966 1227 3314 1300 ἐπὼμὸρισεν
3327 1227 3374 1259 ⁸³
3406 1228 3469 1280 ἐκ
3503 1227 3753 1298 ποικίλης

2181 1321 2505 1393 ἐπιθυμίας,
2557 1324 2650 1375 καὶ
2694 1321 2892 1385 παντὸς
2923 1316 3091 1393 οὗπερ
3136 1319 3412 1375 ἐϐούλοντο
3443 1321 3750 1393 άπήλαυονο

2181 1417 2228 1469 οἱ
2272 1415 2315 1467 δ’
2335 1415 2380 1447 ⁹⁸
2413 1415 2515 1468 ὑπὸ
2548 1413 2699 1467 νόθου
2735 1414 2982 1483 φύσεως,
3023 1414 3102 1484 τῷ
3139 1413 3362 1484 καθαρῷ
3408 1415 3508 1485 τῆς
3544 1414 3753 1486 τροφῆς

2180 1509 2279 1562 οὐκ
2313 1510 2704 1581 ἀρεσκόμενοι,
2739 1509 2904 1580 μόνης
2942 1509 3054 1579 τῆς.
3084 1508 3193 1560 τῶν
3225 1507 3473 1579 αἱμάτων
3511 1507 3754 1576 γεύσεως

2181 1601 2473 1671 ἐγλίχοντο.
2503 1601 2594 1654 Διὸ
2623 1603 2713 1654 καὶ
2747 1601 2952 1672 πρῶτοι
2985 1599 3200 1672 σαρκῶν
3228 1600 3540 1668 ἐγεύσαντο.

2248 1692 2386 1748 XVI.
2415 1693 2552 1747 Οἱδέ
2576 1694 2669 1747 σὺν
2691 1693 2870 1754 αὐτοῖς
2891 1691 3164 1763 ἅνθρωποι
3183 1692 3243 1745 τὸ
3261 1693 3442 1763 ὅμοιον
3458 1691 3575 1744 τότε
3597 1690 3753 1762 πρῶ-

498 1773 925 1842 ριτίιηυιηπὶάθιη
970 1774 1319 1829 aemulatione
1366 1775 1514 1830 ducti
1567 1774 1834 1832 fecerunt.
1881 1778 1957 1832 Ita
1992 1779 2072 1833 vel

2175 1804 2263 1840 τον
2293 1790 2463 1839 ποιεῖν
2492 1786 2787 1858 ἐζήλωσαν.
2810 1785 2994 1848 Οὕτως
3012 1784 3120 1837 εἴτε
3144 1785 3337 1854 ἀγαθοὶ
3361 1785 3465 1838 εἴτε
3497 1786 3659 1839 κακοὶ
3685 1785 3750 1837 ού

500 1863 628 1918 boni
654 1863 736 1918 vel
755 1863 884 1918 mali
903 1878 1009 1918 non
1035 1865 1335 1932 nascimur,
1361 1865 1454 1919 sed
1482 1863 1678 1931 ﬁmus;
1703 1876 1758 1920 et
1778 1868 2068 1924 assuefacti

499 1955 591 2009 vix
621 1955 973 2010 retrahimur.
1003 1955 1174 2012 Porro
1203 1972 1330 2013 cum
1377 1958 1552 2012 bruta:
1593 1959 1898 2014 animantes
1938 1972 2067 2016 tunc

499 2046 814 2112 deficerent,
841 2047 998 2102 nothi
1025 2047 1278 2104 homines
1306 2049 1470 2104 etiam
1517 2049 1790 2106 humanas
1834 2051 2071 2106 ederunt

498 2156 694 2198 carnes
720 2157 734 2194 :
762 2157 868 2197 non
893 2142 1038 2196 enim
1060 2143 1173 2212 jam
1203 2143 1362 2213 longe
1383 2143 1611 2199 aberant
1635 2159 1666 2198 a
1693 2143 1942 2200 violanda
1967 2161 2066 2201 sua

500 2249 686 2302 carne,
712 2234 805 2305 qui
833 2234 986 2306 prius
1009 2233 1064 2288 in
1093 2234 1216 2290 aliis
1246 2233 1534 2304 speciebus
1560 2251 1782 2291 carnem
1814 2245 2068 2308 gustave-

497 2335 644 2381 rant.

481 2461 485 2468 .
568 2416 734 2471 XVII.
775 2417 880 2472 Per
914 2418 1146 2473 multum
1172 2435 1300 2475 vero
1328 2422 1649 2492 sanguinem
1681 2422 1863 2479 fusum
1898 2440 2066 2495 purus

496 2525 591 2564 aer
642 2511 859 2580 impuro
909 2510 1144 2567 foedatus
1192 2527 1394 2583 vapore
1431 2523 1487 2569 et
1539 2516 1835 2572 insalubris
1888 2517 2065 2573 factus

495 2604 676 2674 ipsum
701 2605 972 2675 spirantes
997 2605 1233 2660 reddidit
1258 2606 1468 2662 morbis
1498 2607 1788 2672 obnoxios,
1818 2618 1878 2663 ut
1907 2609 2064 2664 dein-

494 2711 623 2766 ceps
659 2697 909 2752 homines
955 2695 1235 2752 immaturi
1269 2698 1632 2753 morerentur.
1673 2698 1838 2752 Terra
1879 2711 2062 2754 autem

494 2787 620 2842 ideo
640 2788 796 2843 valde
818 2789 1022 2858 polluta
1050 2798 1178 2844 tunc
1199 2789 1437 2859 primum
1455 2789 1711 2844 animalia
1728 2800 1989 2845 venenata
2010 2799 2064 2846 et

494 2881 748 2936 nocentia
797 2880 924 2938 fecit
973 2881 1223 2936 ebullire.
1269 2880 1498 2936 Cunctis
1527 2896 1657 2952 ergo
1692 2882 1759 2936 ad
1793 2882 2063 2940 deteriora

491 2983 718 3043 propter
740 2971 886 3028 feros
916 2972 1191 3028 daemones
1223 2973 1589 3043 vergentibus,
1620 2972 1765 3030 Deus
1796 2975 1922 3032 illos
1952 2984 2065 3031 tan-

492 3080 658 3134 quam
689 3069 892 3119 malum
916 3063 1245 3119 fermentum
1276 3065 1465 3121 tollere
1487 3065 1748 3135 decrevit,
1769 3083 1836 3124 ne
1863 3084 1892 3123 a
1916 3069 2064 3125 malo

491 3156 702 3210 semine
753 3171 849 3226 per
901 3155 1100 3210 seriem
1143 3170 1484 3226 unaquaeque
1540 3168 1673 3214 aetas
1732 3161 2057 3230 praecedenti

494 3249 820 3316 assimilata,
845 3249 1160 3319 pariterque
1181 3249 1370 3318 impia,
1400 3248 1642 3306 futurum
1671 3253 2058 3309 salvandorum

491 3339 780 3393 hominum
813 3341 1073 3395 saeculum
1101 3341 1363 3396 aboleret.
1393 3341 1737 3414 Quapropter
1766 3354 2058 3416 postquam

496 3431 593 3485 uni
618 3433 734 3487 viro
766 3433 933 3504 justo,
962 3449 1084 3488 cum
1111 3435 1284 3490 tribus
1299 3451 1363 3490 ex
1389 3436 1484 3490 illo
1508 3437 1652 3492 natis
1675 3454 1911 3509 cumque
1933 3440 2058 3494 illo-

493 3539 620 3578 rum
661 3525 927 3582 uxoribus
957 3535 1120 3596 atque
1152 3526 1312 3591 ﬁliis,
1361 3537 1420 3582 ut
1479 3527 1534 3581 in
1595 3544 1722 3584 arca
1765 3531 2059 3587 evaderent

490 3615 944 3684 praenuntiasset,
981 3631 1180 3686 aquam
1217 3616 1408 3671 diluvii
1432 3615 1695 3687 immisit,
1719 3628 1778 3675 ut
1800 3623 2059 3679 omnibus

499 3708 863 3778 consumptis,
884 3707 1120 3763 mundus
1149 3716 1412 3779 purgatus
1446 3710 1496 3763 ei
1515 3749 1530 3775 ,
1563 3711 1657 3781 qui
1687 3711 1743 3765 in
1773 3727 1900 3768 arca
1937 3728 2057 3768 ser»

487 3809 648 3856 vatus
674 3798 875 3866 fuerat,
899 3800 952 3854 in
978 3799 1275 3854 secundum
1295 3799 1422 3854 vitae
1447 3801 1702 3857 humanae
1727 3803 2055 3874 principium

489 3910 666 3965 purus
699 3893 1035 3949 redderetur.
1067 3890 1245 3963 Atque
1275 3892 1350 3948 ita
1378 3895 1579 3950 evenit.

560 4070 747 4127 XVIII.
793 4071 931 4143 Quia
976 4087 1105 4141 ergo
1143 4079 1488 4127 mortuorum
1534 4072 1813 4143 gigantum
1860 4072 2057 4129 animm

485 4164 742 4219 humanis
771 4163 1059 4230 animabus
1089 4171 1251 4218 erant
1295 4163 1554 4233 majores,
1592 4173 1652 4217 ut
1682 4179 1805 4234 qua:
1850 4180 1918 4220 ex
1960 4181 2053 4220 ra-

485 4258 959 4324 tione.corporum
989 4253 1340 4319 excellerent,
1372 4262 1628 4323 tanquam
1659 4269 1858 4308 novum
1883 4269 2054 4324 genus

484 4364 688 4404 novum
721 4339 918 4402 nomen
950 4351 1297 4416 acceperunt.
1329 4342 1540 4408 Quibus
1573 4344 1956 4413 superstitibus
1994 4346 2049 4399 in

2171 1878 2567 1950 γεννώμεθα⁹¹,
2588 1878 2720 1931 ἀλλά
2753 1877 3028 1948 γινόμεθαο
3069 1879 3161 1932 καὶ
3192 1877 3491 1941 ἐθισθέντες
3507 1878 3746 1930 δυσαπο-

2173 1969 2424 2032 σπάστως
2455 1969 2668 2039 ἔχομεν.
2701 1967 2820 2020 Τῶν
2847 1967 2902 2020 δὲ
2932 1967 3137 2036 ἀλόγων
3159 1966 3310 2031 ζώων
3327 1967 3446 2020 τότε
3465 1967 3749 2021 ἐπιλιπόν-

2168 2079 2296 2125 των,
2316 2062 2364 2114 οἱ
2390 2060 2532 2114 νόθοι
2559 2060 2831 2132 ἄνθρωποι
2852 2060 2945 2112 καὶ
2975 2059 3327 2131 ἀνθρωπίνων
3347 2060 3560 2132 σαρκῶν
3586 2061 3748 2129 ἐγεύ-

2172 2172 2330 2210 σαντο
2350 2155 2416 2218 ’³,
2447 2154 2626 2207 ούκέτι
2655 2153 2762 2224 γάρ
2790 2153 2971 2216 αὐτοῖς
2996 2148 3064 2223 ἦν
3089 2153 3326 2223 μακράν,
3347 2154 3444 2223 τὴν
3474 2153 3594 2222 ίσην
3621 2153 3748 2206 δια-

2170 2247 2384 2320 φθεῖραι
2409 2246 2607 2312 σάρκα,
2634 2245 2892 2316 πρότερον
2921 2246 2982 2297 ἐν
3010 2245 3224 2316 ἑτέραις
3256 2248 3486 2317 μορφαῖς
3509 2245 3678 2316 αὐτῆς
3699 2245 3748 2277 ’³

2168 2338 2513 2408 γευσάμενοι.

2238 2427 2404 2482 XVII.
2445 2429 2566 2481 Ἐπὶ⁷
2588 2427 2645 2480 δέ
2682 2429 2747 2498 τῇ
2783 2426 2947 2497 πολλῇ
2976 2426 3083 2478 τῶν
3117 2425 3362 2497 αἱμάτων
3399 2426 3549 2499 ῥύσει
3581 2417 3746 2480 δ’κα-

2168 2520 2331 2591 θαρὸς
2359 2521 2467 2591 ἀὴρ
2501 2518 2792 2590 ἀκαθάρτῳ
2817 2517 3173 2589 ἀναθυμιάσει
3204 2517 3447 2589 μιανθεὶς
3469 2518 3563 2570 καὶ
3591 2519 3746 2590 νοσήι

2169 2629 2264 2674 σας
2285 2611 2411 2672 τοὺς
2431 2610 2794 2670 ἁναπνεοντας
2829 2607 2990 2659 αὑτὸν
3017 2606 3267 2670 νοσώδεις
3287 2606 3650 2679 ἀπειργάζετο
3670 2607 3743 2671 ’⁸,

2166 2703 2240 2766 ὡς
2272 2703 2398 2765 τοὺς
2431 2700 2750 2771 ἀνθρώπους
2783 2698 2969 2751 λοιπὸν
3002 2699 3210 2770 ἀώρους
3243 2699 3626 2770 ἀποθνήσκειν.
3672 2699 3743 2752 Ἦ

2163 2794 2220 2846 δέ
2271 2793 2343 2862 γῆ
2393 2794 2456 2844 ἐκ
2495 2791 2698 2844 τούτων
2735 2789 2890 2860 192
2927 2789 3131 2862 σφόδρα
3183 2789 3466 2860 μιανθεϊσα
3523 2788 3744 2860 πρῶτον

2163 2890 2284 2942 τότε
2315 2887 2383 2941 τὰ
2419 2886 2597 2940 ἰοϐόλα
2629 2887 2722 2938 καὶ
2755 2883 3059 2955 λυμαντικά
3094 2882 3209 2948 ζῶα
3249 2882 3591 2955 ἐξέϐρασεν..
3615 2883 3742 2936 Τῶν

2163 2977 2254 3036 οὖν
2278 2980 2492 3034 πάντων
2526 2979 2662 3050 πρὸς
2693 2977 2754 3030 τὸ
2779 2980 2959 3049 χεῖρον
2989 2976 3351 3047 χωρησάντων
3379 2974 3466 3028 διὰ
3498 2975 3623 3039 τοὺς
3648 2975 3746 3047 θη-

2166 3070 2375 3144 ριώδεις
2407 3069 2682 3140 δαίμονας,
2711 3072 2738 3122 ό
2763 3069 2892 3131 Θεὸς
2924 3067 3119 3130 αὐτοὺς
3151 3066 3339 3138 ὥσπερ
3361 3065 3534 3136 κακὴν
3559 3065 3743 3137 ζύμην

2164 3162 2364 3228 ἐξελεῖν
2396 3161 2728 3225 ἐϐουλεύετο,
2755 3159 2841 3212 ἵνα
2869 3157 2941 3228 μὴ
2968 3155 3076 3210 ἀπὸ
3109 3157 3318 3228 σπορᾶς
3347 3156 3521 3227 κακῆς
3538 3155 3584 3187 ³⁵
3614 3157 3747 3209 κατ’

2161 3255 2474 3311 ἀκολουθίαν
2521 3253 2723 3323 ἑκάστη
2775 3249 2937 3320 γενεά
2983 3251 3050 3319 τῇ
3102 3249 3208 3319 πρὸ
3250 3249 3418 3318 αὐτῆς
3450 3247 3740 3319 ἐξομοιού-

2165 3349 2297 3421 μένη
2318 3388 2332 3412 ,
2362 3347 2564 3419 ὁμοίως
2595 3344 2886 3404 ἀσεϐοῦσα,
2921 3342 3012 3394 τὸν
3058 3341 3314 3412 ἐσόμενον
3359 3341 3528 3394 αἰῶνα
3561 3339 3741 3403 σωζο-

2163 3441 2337 3513 μένων
2365 3437 2572 3509 ἀνδρῶν
2607 3435 2840 3509 κενὼσῃ.
2877 3433 3081 3488 Τούτου
3113 3432 3176 3504 δὴ
3210 3432 3391 3486 ἕνεκεν
3419 3431 3496 3486 ἐνί
3526 3449 3632 3484 τινι
3663 3433 3742 3485 δι-

2159 3534 2298 3605 καίῳ
2330 3531 2467 3604 μετά
2496 3530 2606 3584 τῶν
2634 3530 2692 3596 ἐξ
2726 3527 2891 3583 αὐτοῦ
2922 3525 3107 3598 τριῶν,
3145 3526 3240 3578 σὺν
3271 3528 3392 3588 ταῖς
3422 3523 3600 3577 αὐτῶν
3630 3541 3740 3592 γυ-

2159 3627 2348 3693 ναιξὶν,
2400 3624 2516 3692 ἅμα
2566 3625 2678 3684 τοῖς
2722 3620 2940 3683 υἱοῖςθθ,
2988 3621 3045 3671 ἐν
3089 3618 3317 3690 λάρνακι
3369 3613 3737 3680 διασώζεσθαι

2159 3716 2522 3790 προαγγείλας
2555 3712 2699 3783 ὕδωρ
2746 3714 2827 3774 εἰς
2859 3710 3240 3781 κατακλυσμὸν
3284 3709 3611 3773 ἐπέκλυσεν,
3640 3708 3738 3762 ἴνα

2158 3811 2374 3866 πάντων
2429 3807 2808 3863 ἀναλωθέντων
2870 3807 2899 3858 ὁ
2961 3804 3163 3874 κόσμος
3211 3799 3740 3872 κατεκκαθαρισθεὶς

2157 3903 2304 3975 αὐτῷ
2339 3901 2416 3974 τῷ
2459 3903 2516 3954 ἐν
2558 3899 2790 3970 λάρνακι
2833 3895 3149 3950 διασωθέντι
3185 3894 3265 3957 είς
3312 3892 3568 3964 δευτέραν
3613 3892 3740 3963 βίου

2155 3996 2327 4067 ἀρχὴν
2360 3993 2598 4065 καθαρὸς
2630 3989 2887 4060 ἀποδοθῇ,
2923 3987 3034 4040 Καὶ
3066 3985 3128 4056 δὴ
3162 3982 3334 4047 οὕτως
3368 3984 3602 4052 ἐγένετο.

2225 4085 2411 4141 XVIII.
2463 4083 2615 4138 Ἐπεὶ
2647 4076 2738 4135 οὖν
2765 4081 2820 4133 αἱ
2854 4078 2962 4131 τῶν
2993 4074 3302 4130 τεθνεώτων
3325 4075 3595 4144 γιγάντων
3622 4074 3735 4144 ψυ-

2155 4179 2248 4251 χαὶ
2275 4177 2381 4230 τῶν
2416 4173 2769 4247 ἀνθρωπίνων
2789 4171 2832 4201 ⁸⁷
2866 4168 3053 4240 ψυχῶν
3089 4167 3306 4238 μείζους
3335 4163 3495 4237 ἦσαν,
3532 4166 3626 4219 ᾶτε
3660 4166 3736 4238 δὴ

2154 4272 2248 4324 καὶ
2299 4272 2410 4331 τοῖς
2458 4265 2703 4336 σώμασιν
2737 4262 3129 4334 ὑπερέχουσαι,
3173 4259 3249 4322 ὡς
3267 4259 3314 4290 9³
3355 4257 3538 4312 καινὸν
3571 4256 3742 4326 γένος

2153 4361 2326 4432 καινῷ
2377 4360 2471 4414 καὶ
2515 4357 2592 4428 τῷ
2631 4356 2856 4427 ὀνόματι
2893 4350 3426 4425 προσηγορεύθησαν.
3463 4343 3558 4412 Οἷς
3602 4351 3735 4402 ἐπι-

483 4441 710 4505 mundo,
743 4455 850 4510 quo
872 4439 1037 4493 modo
1061 4437 1349 4492 vivendum
1373 4478 1388 4503 ,
1440 4451 1471 4490 a
1515 4435 1624 4491 Deo
1658 4452 1753 4506 per
1798 4438 2048 4509 angelum
2081 4481 2091 4534 Ι

2175 4454 2359 4516 ιοιποις
2388 4452 2467 4521 τῷ
2499 4449 2685 4520 κόσμῳ
2717 4447 2793 4509 ὡς
2824 4446 2905 4500 δεῖ
2936 4443 3108 4513 βιοῦν,
3142 4442 3249 4496 ὑπὸ
3287 4441 3421 4494 Θεοῦ
3453 4441 3523 4493 δι’
3554 4441 3734 4509 ἀγγέ-

485 4533 696 4589 saneita
718 4541 802 4585 est
825 4531 931 4585 lex.
960 4529 1098 4584 Cum
1133 4531 1277 4584 enim
1310 4537 1494 4584 essent
1519 4543 1714 4599 genere
1744 4533 1951 4600 spurii,
1982 4548 2049 4587 ex
2081 4529 2091 4534 ’

2175 4567 2240 4604 ,ου
2284 4546 2446 4617 νόμος
2497 4542 2727 4614 ὡρίσθη,
2786 4542 2979 4602 ὐντες
3025 4537 3133 4610 γάρ
3183 4534 3325 4589 νόθοι
3356 4533 3435 4605 τῷ
3466 4533 3612 4603 γένει
3661 4534 3738 4587 ἐκ

485 4625 610 4696 igne
645 4624 959 4695 angelorum
990 4631 1043 4677 et
1076 4622 1367 4676 mulierum
1395 4621 1682 4691 sanguine,
1701 4631 1755 4676 et
1780 4623 1903 4678 ideo
1933 4639 2056 4694 pro—

2175 4643 2319 4715 τυρὸς
2351 4639 2594 4709 ἀγγέλων
2622 4636 2714 4689 καὶ
2741 4634 2967 4704 αἵματος
2999 4630 3292 4701 γυναικῶν,
3328 4630 3420 4683 καὶ
3451 4628 3540 4682 διά
3563 4626 3734 4681 τοῦτο

485 4718 666 4788 prium
711 4715 984 4786 quoddam
1035 4728 1208 4783 genus
1248 4723 1433 4767 essent
1478 4715 1822 4784 concupituri
1850 4756 1865 4780 ,
1905 4716 2055 4785 justa

2175 4735 2282 4788 δίου
2316 4732 2459 4793 τινος
2490 4729 2677 4799 γένους
2727 4725 3008 4795 ἐπιθυμεῖν
3045 4721 3354 4793 μέλλοντες,
3387 4717 3580 4790 δικαίῳ
3615 4718 3736 4771 τινὶ

489 4811 672 4880 aliqua
703 4809 819 4878 lege
849 4804 1210 4877 praeoccupati
1257 4815 1405 4858 sunt.
1450 4804 1650 4860 Missus
1689 4807 1832 4861 enim
1868 4808 1934 4861 ad
1960 4822 2057 4862 eos

2175 4825 2571 4899 τροελήφθησαν
2620 4821 2785 4891 νόμῳ.
2865 4815 3206 4888 Ἐξεπέμφθη
3238 4815 3346 4886 γὰρ
3389 4814 3573 4874 αὐτοῖς
3616 4812 3735 4865 ὑπὸ

1784 5003 2018 5059 VARIAE
2052 5003 2452 5062 LECTIONES.

556 5127 600 5161 ³ο
622 5121 945 5192 γεγέννηντο
971 5120 1035 5178 0.
1112 5124 1157 5156 ⁸⁷
1179 5120 1253 5177 Ita
1281 5117 1517 5192 correxit
1531 5116 1584 5192 β
1613 5157 1628 5182 ,
1657 5131 1813 5192 ciuus
1830 5115 1966 5192 god.
2000 5117 2231 5187 ἔχοντες,
2262 5114 2408 5192 ut
2438 5189 2448 5192 _
2484 5112 2533 5192 "-
2567 5112 2640 5192 Ita
2669 5111 2788 5168 dedi
2813 5128 2878 5167 ex
2909 5109 3142 5192 conject.
3173 5107 3347 5192 ἐνδείᾳ
3375 5108 3602 5192 τροεξᾳῖς
3626 5104 3679 5192 ρ
3711 5147 3729 5171 ν

485 5175 912 5278 ὲνῆδιάτριοφῇᾨ.
939 5175 1141 5278 ,Ροδῐεθ
1165 5175 1496 5278 τραπόμενοι
1606 5175 1626 5272 ξ
1661 5175 1798 5270 89'Ita
1827 5186 1883 5240 S.
1909 5175 2064 5278 (Iader?
2082 5175 2306 5276 est'c'od.
2339 5186 2422 5278 Oi,
2435 5184 2803 5278 ἐπώχόρηὲεκ,
2833 5199 2918 5278 ag.
2945 5183 2986 5234 C
3011 5175 3423 5278 'gnévqptgsv};
3455 5175 3728 5278 ’g'ltgns';

482 5264 581 5316 οῖθ’
607 5264 667 5331 C,
687 5247 776 5317 Ὀί
800 5247 872 5300 ”⁹¹
899 5265 1000 5318 οὐκ
1026 5247 1368 5333 ἐγεννώμεθά
1391 5260 1450 5314 C.
1496 5257 1884 5333 _"‘éyeu_cov‘:o
1995 5256 2137 5333 Turn
2161 5258 2292 5333 ἰδίαν
2313 5247 2366 5333 p.
2402 5257 2520 5325 ἴσην
2545 5247 2633 5333 CL'
2676 5247 2728 5289 θλ
2753 5247 2903 5333 ItaﬂO
2950 5266 2998 5305 c.
3024 5250 3076 5332 .S
3107 5291 3120 5310 ,
3155 5247 3336 5333 αύτοίς
3472 5247 3731 5333 Subinde

479 5318 835 5404 γευσαμένοις
866 5333 926 5388 C.
1004 5318 1444 5404 ⁸δ’ἀπειργάζετο
1578 5318 1670 5404 0;,
1707 5327 2160 5404 anspydgesoﬁ.
2235 5330 2280 5404 "f
2314 5318 2426 5404 Vox
2477 5318 2652 5395 κακῆς
2712 5339 2742 5378 a
2929 5320 3241 5404 omissa‘i'n
3287 5327 3494 5404 textum
3540 5318 3731 5404 rediit

483 5387 548 5457 ("JK
578 5387 670 5459 Ο.ι
717 5387 763 5442 ³⁷⁸
791 5387 1001 5468 λσοιποῖς
1032 5404 1092 5460 C.
1169 5387 1227 5439 η’
1254 5387 1601 5456 ἀνθρωπείων
1634 5387 1696 5450 Ο.
1773 5387 1954 5461 ⁹⁸’“ιέἱι›ς⁷
1977 5398 2040 5454 0.
2076 5399 2217 5455 Idem
2251 5400 2442 5453 deinde
2474 5387 2918 5465 προσηγορεύθης
2945 5387 3026 5452 οἷς
3051 5389 3338 5460 ἐπηλύτοις
3387 5389 3505 5443 sine
3539 5387 3727 5441 inter-

481 5477 795 5544 punctione.

1782 5583 2145 5641 VARIORUM
2179 5581 2408 5636 ΝΟΤΑῦ.

540 5685 663 5755 ~(III)
698 5688 817 5739 Οὐκ
841 5687 1102 5755 ἔχοντες.
1125 5680 1365 5755 Ρπο-οὑκ
1399 5679 1635 5750 ἔχοντας.
1662 5677 1864 5755 Vitium
1887 5677 2042 5755 c_a!_|i-
2147 5674 2432 5755 disseritur
2459 5672 2525 5727 de
2547 5671 2929 5755 abstinentiaa
2962 5670 3216 5755 carnibus
3219 5686 3256 5755 Ii
3274 5676 3329 5755 et
3348 5675 3728 5725 adnectuntu!

477 5737 1200 5830 stabili,'n‘oniﬁbgiéphi.
1228 5751 1306 5808 Ex
1345 5737 1495 5807 more
1519 5737 1717 5822 autem
1744 5747 2043 5804 Ebionitice
2151 5746 2343 5801 fabulae
2363 5757 2590 5815 cognita:
2609 5743 2762 5814 juxta
2791 5757 2853 5798 ac
2875 5741 3180 5812 incognitae.
3217 5737 3355 5800 Cor.
