4004 6332
195 323 294 378 237

1229 319 1697 393 (ΖῌΞΜΕΝΤΙΝΑ.
1733 349 1802 360 —-
1837 317 2120 374 HOMlLlA
2160 318 2293 373 Vlll.

3337 325 3455 406 238;

193 438 283 492 τοῦ
311 434 516 490 Θεοῦθθ
545 435 769 505 ἄγγελός
804 453 888 500 τις
910 476 925 500 ,
970 437 1068 508 τὴν
1101 435 1266 490 αὑτοῦ
1317 435 1517 506 βουλὴν
1556 433 1759 505 μηνύωι

1874 441 1960 488 est
1985 449 2016 487 a
2049 432 2160 488 Deo
2185 432 2408 503 quidam
2439 433 2686 505 angelus,
2718 435 2865 492 illius
2898 437 3233 494 voluntatem
3257 437 3441 496 declao

195 531 283 585 καὶ
312 529 513 597 λέγων’

258 622 404 676 XIX.
447 621 588 677 Τάδε
627 622 774 675 δοκεῖ
816 622 896 692 τῷ
948 621 1302 691 παντεπόπτῃ
1340 619 1459 690 Θεῷ
1483 659 1496 681 ,
1548 620 1772 690 μηδενὸς

193 714 492 787 ἀνθρώπων
521 715 665 784 ὑμᾶς
692 713 986 785 κυριεύειν,
1016 712 1147 784 μηδέ
1176 712 1529 784 παρενοχλεῖν
1563 712 1769 782 μηδενὶ,

192 809 281 862 ἐὰν
327 809 404 878 μή
459 823 544 869 τις
576 803 717 858 ἐκὼν
765 804 954 858 ἐαυτὸν
987 805 1114 875 ὑμῖν
1155 801 1540 874 καταδουλώσῃ
1561 841 1574 864 ,
1615 801 1771 872 193

195 897 508 971 προσκυνῶν
559 897 705 967 ὑμᾶς
759 897 851 949 καὶ
900 895 1039 949 θύων
1088 896 1183 949 καὶ
1234 894 1477 948 σπένδων
1531 895 1622 946 καὶ
1670 893 1771 962 τῆς

194 989 460 1061 ὑμετέρας
492 987 926 1060 μεταλαμϐάνων
966 984 1248 1058 τραπέζης
1270 1029 1284 1048 ,
1315 985 1348 1056 ἦ
1378 985 1564 1057 ἕτερόν
1597 1002 1648 1037 τι
1695 978 1769 1037 ὧν

191 1082 246 1134 οὗ
276 1081 380 1152 χρὴ
415 1079 674 1142 ἐκτελῶν,
711 1078 744 1149 ἢ
787 1073 925 1150 αἷμα
961 1077 1120 1148 χέων,
1149 1077 1182 1148 ἢ
1219 1077 1438 1148 σαρκῶν
1470 1076 1677 1147 νεκρῶν
1701 1077 1767 1108 ¹⁰⁰

191 1174 498 1244 γεύομενος,
535 1173 569 1244 ἢ
610 1173 800 1244 θηρίου
843 1171 1097 1242 λειψάνου
1144 1173 1181 1241 ἢ
1232 1169 1440 1242 τμητοῦ
1475 1171 1507 1240 ἢ
1543 1168 1767 1223 πνικτοῦ

190 1268 221 1339 ἦ
260 1268 418 1322 ἄλλου
451 1265 608 1330 τινὸς
665 1266 977 1338 ἀκαθάρτου
1023 1265 1439 1337 ἐμπιπλάμενος
1463 1266 1502 1320 ί.
1550 1265 1669 1320 Τῶν
1711 1265 1768 1318 δὲ

189 1361 325 1430 νόμῳ
353 1358 476 1430 ἐμῷ
502 1357 952 1430 προσφευγόντων
982 1358 1044 1410 ού
1083 1356 1244 1426 μόνον
1270 1356 1330 1410 ού
1351 1355 1608 1426 ψαύσετε,
1632 1355 1768 1410 ἀλλὰ

190 1453 274 1503 καὶ
304 1451 472 1521 τιμὴν
504 1447 742 1512 δώσετε,
779 1449 872 1502 καὶ
908 1449 973 1500 ἐκ
1010 1445 1304 1526 προσώπου
1340 1445 1598 1514 φεύξεσθε
1619 1448 1661 1498 ².
1699 1447 1766 1500 ’Ὀ

186 1560 233 1594 τι
260 1541 366 1612 γὰρ
394 1541 462 1594 ἂν
493 1541 680 1604 αὐτοῖς
707 1539 936 1603 δικαίοις
964 1535 1085 1594 οὖσι
1116 1537 1237 1590 καθ’
1269 1536 1421 1608 ὑμῶν
1441 1537 1595 1608 δοκῇ,
1619 1536 1764 1592 τοῦθ’

187 1635 318 1704 apd;
340 1633 526 1703 δεήσει
559 1632 767 1685 παθεῖν.
806 1631 928 1684 Ἐὰν
958 1631 1015 1684 δέ
1045 1647 1192 1693 τινες
1216 1629 1360 1682 τῶν³
1393 1631 1516 1700 ἐμοὶ
1548 1647 1765 1701 προκει-

188 1725 348 1793 μένων
383 1723 797 1794 ἐξαμάρτωσιν,
830 1722 863 1792 ἢ
901 1721 1324 1793 μοιχευσάμενοι
1347 1718 1428 1789 δὴ
1465 1720 1765 1791 μαγεύσαν-

181 1779 323 1886 τεςῆ
358 1779 695 1885 ἁκάθάέτως
717 1779 1028 1885 βιώσαντεέ
1058 1813 1090 1884 ἢ
1135 1779 1263 1866 ἄλλο
1291 1827 1346 1864 τι
1522 1779 1644 1882 ἐμοὶ
1687 1812 1760 1883 μὴ
1794 1779 1836 1834 Β

179 1906 469 1960 δοκούντων
504 1907 833 1978 πράξαντες,
866 1905 988 1959 τότε
1034 1905 1092 1972 ἐξ
1134 1903 1280 1976 ἐμῆς
1323 1901 1624 1966 κελεύσεως
1657 1902 1763 1957 πά-

182 2017 320 2068 σχειν
359 2017 417 2051 τι
463 1999 668 2062 αὐτοὺς
699 1999 790 2067 ὑφ’
821 1997 974 2069 ὑμῶν
1006 1996 1039 2068 ἢ
1071 1997 1162 2066 ὑφ’
1199 1995 1404 2068 ἐτέρων
1445 1994 1645 2066 δεήσει’
1681 1988 1761 2058 οἷς

180 2092 265 2143 καὶ
298 2091 726 2162 μετανοήσασιν,
759 2088 858 2160 τὴν
895 2088 1179 2160 μετάνοιαν
1203 2088 1416 2159 κρίνας,
1453 2083 1562 2138 εἴτε
1595 2083 1759 2151 ἀξία⁸

177 2184 283 2234 ἐστὶ
332 2180 671 2252 συγγνώμης
701 2180 813 2234 εἴτε
847 2181 938 2234 καὶ
972 2178 1064 2245 οὓ,
1101 2179 1200 2250 τὴν
1229 2179 1501 2248 ἀπόφασιν
1536 2177 1759 2247 ποιήσο-

178 2292 291 2343 μαι.
326 2274 517 2328 Ταῦτα
553 2269 648 2327 οὖν
686 2271 1045 2346 μνημονεύειν
1093 2273 1187 2326 καὶ
1232 2274 1406 2325 ποιεῖν
1431 2271 1452 2302 ⁸
1483 2269 1756 2340 ὀφείλετε,

173 2366 230 2424 εὖ
266 2371 501 2433 εἰδότες,
529 2370 615 2422 ὅτι
647 2368 770 2421 οὐδέ
809 2368 865 2422 αἱ
899 2366 1225 2439 ἐνθυμήσεις
1255 2366 1410 2438 ὑμῶν
1442 2365 1624 2420 λαθεῖν
1655 2363 1756 2418 αὐ-

174 2465 272 2516 τὸν
308 2463 641 2533 δυνήσονται.

253 2553 376 2607 XX.
411 2553 635 2606 Τοιαῦτα
668 2551 1214 2625 παρακελευσάμενος
1241 2551 1424 2614 αὐτοῖς
1463 2549 1490 2602 ὁ
1525 2547 1757 2617 ἄγγελος

177 2647 493 2718 ἀπηλλάγη.
541 2644 722 2716 Ὑμεῖς
753 2645 810 2698 δέ
843 2644 924 2698 ἐτι
954 2644 1139 2698 τοῦτον
1172 2645 1416 2712 ἀγνοεῖτε
1444 2643 1534 2694 τὸν
1568 2642 1751 2712 νόμον,

173 2739 254 2791 ὅτι
289 2736 602 2810 προσκυνῶν
635 2754 720 2800 τις
749 2736 1004 2807 δαίμονας
1031 2736 1063 2807 ἥ
1095 2735 1237 2790 θύων
1269 2735 1300 2807 ἢ
1334 2735 1610 2807 τραπέζης
1656 2735 1754 2788 αύ-

174 2835 281 2894 τοῖς
317 2829 916 2892 λοινωνῶνύπύδουλος
967 2829 1149 2892 αὐτοῖς
1179 2828 1486 2898 γενόμενος,
1533 2827 1608 2890 ὡς
1650 2825 1755 2881 ὑπὸ

178 2923 354 2975 κακῶν
380 2920 663 2975 δεσποτῶν
695 2921 876 2992 πάσης
901 2921 999 2992 τῆς
1031 2920 1090 2986 ἐξ
1118 2920 1296 2974 αὐτῶν
1332 2920 1547 2991 μεθέξει
1578 2937 1752 2991 τιμω-

185 3017 312 3085 ρίας·
348 3023 443 3068 καὶ
464 3014 558 3068 διὰ
586 3014 688 3084 τὴν
721 3014 945 3082 ἄγνοιαν
971 3012 1174 3084 ταύτην
1197 3016 1310 3076 τοῖς
1338 3013 1515 3067 αὐτῶν
1550 3013 1754 3085 βωμοῖς

1875 539 2026 591 rans,
2053 525 2140 580 his
2163 526 2346 580 verbis
2371 543 2385 577 :

1945 615 2086 671 XIX.
2129 616 2256 672 Haec
2287 617 2401 672 visa
2435 627 2564 672 sunt
2589 619 2833 674 omnium
2870 621 3161 691 inspectori
3189 620 3319 688 Deo,
3343 636 3446 678 vos

1874 707 1928 761 in
1959 709 2232 764 neminem
2266 711 2554 765 hominum
2607 712 2905 780 dominari,
2953 731 3131 785 neque
3176 716 3274 770 ulli
3319 731 3441 770 mo-

1873 800 2084 855 lestiam
2120 801 2347 867 inferre,
2386 803 2491 858 nisi
2523 805 2649 874 quis
2677 805 2866 860 volens
2895 822 2955 860 se
2981 809 3137 864 vobis
3166 809 3220 863 iu
3268 809 3443 866 servi-

1871 902 2041 948 tutem
2075 893 2327 963 subjecit,
2359 895 2595 951 adorans
2632 912 2752 961 vos,
2783 907 2837 952 et
2882 899 3196 955 sacriﬁcans
3219 941 3235 966 ,
3275 912 3330 957 et
3371 903 3443 958 li-

1869 986 2030 1051 bans,
2061 996 2116 1042 et
2137 997 2331 1043 vestrae
2357 1004 2528 1043 ccenaa
2551 990 2842 1058 particeps,
2866 998 2963 1045 aut
2983 990 3261 1062 quidpiam
3288 993 3439 1049 aliud

1869 1077 2015 1147 quod
2045 1092 2156 1132 non
2179 1079 2368 1134 deceat
2393 1079 2701 1149 perliciens,
2725 1080 2809 1135 vel
2839 1078 3077 1136 fundens
3095 1082 3440 1153 sanguinem,

1867 1173 1953 1228 vel
1971 1171 2203 1241 gustatis
2217 1171 2447 1227 mortuis
2460 1172 2739 1240 carnibus,
2753 1173 2837 1227 vel
2851 1171 2976 1228 ferte
2990 1173 3255 1244 reliquiis,
3270 1187 3440 1244 secto,

1870 1261 2156 1329 sulfocato,
2171 1269 2265 1316 aut
2281 1261 2388 1316 alio
2409 1261 2693 1318 immundo
2709 1265 2966 1334 repletus.
2985 1264 3094 1321 Eos
3109 1281 3238 1322 vero
3257 1266 3347 1338 qui
3371 1268 3441 1324 ad

1866 1354 2038 1424 legem
2078 1368 2251 1408 meam
2285 1352 2629 1424 confugiunt,
2677 1369 2786 1410 non
2826 1357 2989 1412 modo
3027 1373 3137 1413 non
3183 1360 3440 1432 tangetis,

1868 1445 1964 1501 sed
1996 1455 2051 1500 et
2089 1445 2298 1501 honore
2339 1446 2614 1502 donabitis
2634 1488 2650 1513 ,
2679 1457 2734 1502 et
2769 1463 2954 1503 coram
2988 1448 3227 1520 fugietis.
3255 1450 3440 1518 Quod-

1866 1551 2083 1607 cunque
2110 1537 2256 1592 enim
2283 1537 2438 1608 ipsis,
2464 1546 2649 1608 utpote
2669 1538 2855 1608 justis,
2881 1549 3069 1596 contra
3095 1557 3194 1597 vos
3218 1543 3440 1612 placue-

1863 1629 1956 1695 rit,
2014 1629 2067 1684 id
2114 1644 2211 1685 vos
2261 1644 2485 1685 necesse
2519 1630 2625 1686 erit
2655 1631 2788 1700 pati.
2827 1631 2984 1696 Quod
3019 1633 3066 1688 si
3095 1635 3341 1705 nonnulli
3370 1651 3438 1691 ex

1864 1719 1992 1784 illis,
2007 1721 2100 1790 qui
2126 1721 2258 1776 mihi
2287 1721 2586 1788 adhaerent,
2608 1722 2932 1787 aberrarint,
2947 1725 3029 1780 vel
3046 1725 3434 1791 adulterantes,

1865 1812 1947 1866 vel
1981 1812 2217 1881 magiam
2258 1821 2608 1879 exercentes,
2648 1814 2734 1867 vel
2777 1814 2990 1885 impure
3028 1817 3305 1885 viventes,
3351 1821 3438 1875 vel

1864 1904 2068 1973 aliquid
2099 1904 2247 1959 aliud
2293 1919 2486 1960 eorum
2525 1919 2648 1975 qua:
2685 1905 2821 1960 mihi
2858 1907 3149 1976 displicent
3197 1913 3434 1979 Operati,
3475 1979 3478 1986 ι

1863 2003 1993 2051 tunc
2021 1997 2313 2066 oportebit,
2345 2006 2408 2052 ut
2439 1997 2541 2066 ipsi
2568 2011 2635 2051 ex
2656 1995 2814 2062 jussu
2844 2012 2966 2052 meo
2995 1997 3201 2067 aliquid
3227 1999 3437 2068 patian-

1862 2096 1950 2142 tur
1977 2097 2074 2143 aut
2104 2103 2131 2140 a
2169 2088 2344 2155 vobis,
2389 2097 2484 2143 aut
2512 2090 2580 2144 ab
2605 2090 2748 2146 aliis.
2789 2088 3000 2156 Quibus
3029 2099 3083 2144 et
3122 2092 3437 2159 paenitenti-

1860 2179 1987 2244 bus,
2026 2181 2402 2250 paenitentiam
2430 2182 2760 2250 ponderans,
2791 2197 2858 2236 an
2883 2196 2947 2237 ea
2979 2181 3195 2237 veniam
3221 2198 3439 2239 merea-

1868 2280 1960 2326 tur
1979 2286 2081 2326 nec
2111 2286 2209 2339 ne,
2239 2271 2562 2326 sententiam
2594 2272 2978 2343 pronuntiabo.
3011 2271 3137 2328 Haec
3182 2289 3314 2346 ergo
3343 2291 3435 2330 re-

1859 2369 2059 2423 ducere
2097 2367 2152 2421 in
2185 2368 2505 2422 memoriam
2530 2378 2584 2423 et
2609 2368 2788 2425 facere
2805 2369 3034 2437 debetis,
3057 2371 3226 2440 probe
3255 2373 3433 2442 gnari,

1859 2461 2004 2531 quod
2034 2474 2134 2514 nec
2155 2461 2509 2530 cogitationes
2539 2471 2733 2516 vestrae
2761 2477 2886 2517 eum
2914 2462 3088 2518 latere
3115 2474 3394 2534 poterunt.

1928 2551 2048 2606 XX.
2079 2551 2207 2607 Haec
2239 2561 2529 2623 postquam
2560 2553 2668 2609 illis
2709 2555 2972 2610 suasisset
2996 2557 3242 2626 angelus,
3267 2557 3426 2613 abiit.

1861 2642 1968 2700 Vos
1999 2651 2180 2700 autem
2228 2644 2408 2698 adhuc
2436 2644 2586 2699 illam
2627 2645 2891 2716 ignoratis
2931 2647 3126 2717 legem,
3159 2649 3305 2716 quod
3334 2649 3432 2719 qui

1857 2736 1988 2792 colit
2021 2736 2318 2801 daemones,
2352 2736 2437 2791 vel
2467 2736 2764 2804 sacriﬁcat,
2806 2738 2890 2793 vel
2915 2753 3042 2794 cum
3083 2737 3196 2794 illis
3237 2754 3430 2796 mensa

1856 2831 2246 2894 communicat,
2279 2828 2383 2884 sub
2413 2829 2729 2884 servitutem
2754 2845 2948 2886 eorum
2983 2831 3262 2899 redactus,
3299 2841 3430 2886 tan-

1856 2937 2020 2993 quam
2050 2937 2081 2977 a
2112 2922 2268 2977 malis
2296 2922 2535 2978 dominis
2565 2938 2757 2978 omnes
2787 2939 2852 2978 ex
2883 2923 2992 2979 illis
3033 2923 3171 2980 feret
3195 2929 3427 2996 'pmnas.

1857 3014 1922 3070 Et
1953 3023 2171 3085 propter
2217 3015 2359 3070 hanc
2403 3016 2792 3086 ignorantiam,
2820 3016 2914 3087 qui
2962 3018 3031 3072 ad
3072 3033 3261 3074 eorum
3302 3035 3428 3078 aras

183 3110 612 3182 προσψθαρέντες
659 3109 755 3161 καὶ
787 3107 966 3161 αὐτῶν
1005 3106 1452 3178 ἐκπληρωθέντες
1498 3107 1602 3160 ὑπὸ
1650 3107 1751 3180 τὴν

1863 3109 2160 3179 perniciose
2185 3109 2498 3166 accessistis
2525 3117 2691 3180 atque
2718 3110 2788 3165 iis
2815 3111 3014 3180 expleti
3043 3111 3198 3179 estis,
3242 3113 3428 3170 venis-

186 3202 348 3254 αὐτῶν
394 3201 561 3273 ι,θά
591 3199 840 3265 ἐξουσίαν
885 3198 1166 3268 γεγόνατε,
1223 3199 1316 3252 καὶ
1362 3200 1525 3253 παντὶ
1565 3198 1751 3271 τρόπῳ

189 3293 519 3365 ὑϐριζόμενοι
564 3292 635 3346 τὰ
667 3289 897 3362 σώματα
941 3291 1204 3360 ἀγνοεῖτε.
1253 3290 1467 3344 Είδέναι
1508 3291 1566 3344 δέ
1605 3291 1751 3362 ὑμᾶς

189 3390 279 3460 χρὴ
307 3391 386 3442 ὅτι
432 3387 742 3451 ούδενὸςιοί
772 3385 1023 3456 δαίμονες
1068 3384 1280 3456 ἔχουσιν
1327 3385 1608 3451 ἐξουσίαν.
1654 3383 1750 3438 ἐὰν

195 3484 257 3553 μὴ
288 3482 546 3555 πρότερόν
580 3498 665 3544 τις
696 3479 878 3542 αὐτοῖς
901 3477 1242 3550 όμοδίαιτοςτ
1275 3477 1517 3547 γένηται.
1560 3477 1751 3529 Ὁπότε

192 3578 294 3631 ούδέ
323 3580 349 3630 ό
376 3578 558 3632 αὐτῶν
592 3576 775 3647 ἄρχων
809 3571 961 3644 παρὰ
990 3572 1080 3625 τὸν
1110 3571 1216 3624 ὑπὸ
1239 3569 1333 3624 τοῦ
1355 3569 1489 3624 Θεοῦ
1513 3571 1632 3622 κατ’
1655 3570 1752 3623 αὑ-

194 3668 283 3720 τῶν
313 3668 628 3738 κινούμενον
648 3666 672 3697 ⁸
703 3663 867 3736 νόμον
911 3664 1082 3716 ποιεῖν
1114 3679 1169 3715 τι
1210 3659 1452 3723 δύναται,
1485 3658 1566 3712 διὸ
1598 3656 1751 3724 ἐξου-

198 3760 299 3811 σίαν
326 3761 466 3822 τινὸς
497 3760 602 3812 οὐκ
644 3756 757 3828 ἔχει
794 3755 868 3828 μὴ
902 3755 1375 3826 προσκυνήσαντος
1408 3752 1586 3806 αὐτόν·
1635 3751 1749 3805 ἀλλ’

195 3851 296 3904 οὐδὲ
325 3851 506 3905 λαϐεῖν
526 3867 614 3913 τις
645 3849 776 3920 παρ’
800 3847 979 3900 αὐτῶν
1009 3845 1230 3900 δύναταί
1261 3865 1313 3902 τι
1343 3841 1416 3900 ῶν
1452 3846 1614 3908 θέλει,
1637 3846 1749 3901 ἀλλ’

198 3943 296 3996 οέδέ
328 3944 590 4015 βλαὸἧναι
631 3940 807 4004 οὐδὲν,
857 3939 933 4003 ώς
968 3939 1176 3992 ἐκεῖθεν
1224 3938 1492 3994 δυνασθε⁹
1535 3939 1744 4011 μαθεῖν.

255 4036 384 4092 XXI.
415 4036 508 4106 Τῷ
545 4035 657 4106 γὰρ
689 4035 788 4105 τῆς
832 4031 1111 4095 εὐσεϐείας
1139 4031 1296 4103 ἡμῶν
1333 4029 1542 4101 βασιλεῖ
1583 4049 1750 4103 προσ-

202 4129 308 4200 ἦὶθέ
355 4149 484 4185 ποτε
526 4131 556 4182 ό
602 4128 935 4200 πρόσκαιρος
987 4125 1260 4197 βασιλεὺς,
1311 4125 1466 4180 καὶίο
1512 4125 1572 4178 ού
1631 4125 1750 4196 βίαν

203 4224 363 4288 ποιῶν,
386 4226 447 4277 ού
475 4223 586 4294 γάρ
619 4221 768 4291 ἐξῆν,
793 4219 928 4273 ἀλλὰ
957 4219 1276 4292 προτρέπων
1306 4219 1400 4271 καὶ
1420 4215 1748 4282 ἀναπείθων,

200 4317 266 4368 ὅτι
303 4318 361 4370 τὸ
397 4315 686 4387 πεισθῆναι
731 4314 824 4366 ἐπὶ
861 4313 927 4383 τῇ
952 4313 992 4343 ¹¹
1022 4311 1254 4366 ἑκάστου
1303 4313 1478 4364 κεῖται
1511 4310 1748 4382 ἐξουσίᾳ.

202 4409 490 4479 Πῳσελθὼν
537 4404 652 4472 οὖν,
700 4407 776 4470 ὼς
810 4404 919 4458 τῶν
969 4403 1247 4476 παρόντων
1279 4403 1354 4457 ὢν
1385 4404 1428 4434 ’³
1465 4403 1747 4474 βασιλεὺς,

1849 3202 1920 3258 tis
1936 3202 2040 3258 sub
2055 3207 2244 3257 eoru'm
2258 3209 2585 3272 potestatem
2607 3220 2620 3256 :
2645 3210 2831 3258 etcum
2847 3217 3076 3274 corpora
3095 3207 3244 3259 omni
3256 3207 3422 3264 modo

1850 3294 2053 3351 fuerint
2069 3296 2414 3350 contumelia!
2435 3295 2668 3366 objecta,
2684 3296 2928 3352 nescitis.
2954 3295 3106 3353 Scire
3129 3306 3310 3353 autem
3328 3315 3429 3356 vos

1852 3397 2085 3458 oportet,
2117 3389 2172 3442 in
2196 3389 2402 3443 nullum
2429 3390 2702 3445 daemones
2725 3389 2924 3445 habere
2955 3399 3299 3461 potestatem,
3321 3393 3428 3449 nisi

1851 3481 1974 3550 quis
1988 3481 2136 3549 prius
2148 3481 2373 3536 conviva
2386 3496 2572 3536 eorum
2589 3481 2769 3536 fuerit.
2787 3481 3235 3553 Quandoquidem
3252 3499 3430 3554 neque

1850 3572 2102 3643 princeps
2118 3573 2332 3628 illorum
2359 3573 2564 3643 aliquid
2581 3583 2760 3644 potest
2777 3573 2956 3630 facere
2978 3583 3170 3630 contra
3199 3575 3370 3646 legem
3393 3591 3428 3630 a

1851 3665 1964 3720 Deo
1995 3665 2049 3720 in
2080 3681 2174 3721 eos
2201 3667 2387 3721 latam.
2414 3665 2595 3733 Quare
2636 3668 2843 3723 nullius
2870 3668 3035 3723 habet
3072 3678 3422 3738 potestatem,

1851 3757 1945 3826 qui
1973 3773 2080 3812 non
2108 3758 2285 3829 ipsum
2314 3758 2644 3813 adoraverit.
2680 3758 2787 3812 Sed
2818 3774 2917 3814 nec
2947 3760 3071 3830 quis
3112 3769 3291 3830 potest
3317 3760 3423 3813 ali-

1851 3851 1981 3921 quid
2028 3866 2240 3914 eorum,
2292 3865 2414 3920 qua:
2443 3851 2611 3920 cupit,
2643 3851 2713 3905 ab
2757 3851 2866 3906 illis
2908 3855 3196 3922 consequi,
3244 3868 3424 3923 neque

1851 3944 2015 3999 etiam
2053 3943 2175 3997 laedi
2206 3942 2498 4009 ullatenus,
2528 3951 2590 3996 ut
2619 3943 2821 3999 isthinc
2843 3944 3056 3999 discere
3085 3946 3335 4015 potestis.

1919 4034 2063 4089 XXI.
2115 4033 2252 4089 Nam
2303 4034 2371 4089 ad
2418 4043 2667 4089 nostrum
2698 4035 2916 4105 pietatis
2957 4051 3138 4107 regem
3187 4037 3424 4092 accessit

1853 4128 2146 4199 aliquando
2172 4128 2483 4198 temporalis
2512 4143 2632 4192 rex,
2665 4142 2774 4183 non
2803 4128 2856 4181 vi
2880 4126 3046 4192 facta,
3071 4143 3248 4198 neque
3272 4131 3422 4184 enim

1850 4219 2069 4287 licebat,
2098 4220 2190 4275 sed
2225 4219 2452 4274 hortans
2480 4229 2535 4274 et
2569 4219 2827 4283 suadens,
2861 4220 2990 4290 quia
3021 4223 3336 4290 persuaderi
3364 4223 3422 4280 in

1854 4312 2290 4382 uniuscujusque
2323 4312 2486 4366 situm
2529 4319 2614 4366 est
2653 4311 2902 4366 arbitrio.
2938 4310 3217 4369 Accedens
3259 4330 3420 4386 ergo,

1855 4413 2110 4458 utrerum
2128 4403 2476 4473 praesentium
2498 4418 2612 4468 rex,
2631 4403 2694 4457 ad
2717 4401 3020 4457 futurarum
3041 4420 3231 4474 regem
3246 4405 3383 4461 dixit
3404 4426 3418 4462 :

297 4502 402 4555 τῶν
439 4470 744 4574 μελλόντων
795 4496 1005 4567 βασιλεῖ
1050 4470 1174 4568 ἐφηο
1211 4498 1389 4550 Πᾶσαι
1421 4470 1480 4548 αῖ
1510 4495 1604 4549 τοῦ
1654 4495 1749 4549 νῦν

1863 4495 2046 4552 Omnia
2079 4470 2362 4566 praesentis
2407 4495 2595 4549 mundi
2634 4510 2800 4566 regna
2835 4495 2971 4549 mihi
3018 4470 3325 4566 subjacent,
3367 4509 3423 4555 et

201 4593 378 4665 κόσμου
421 4594 692 4665 βασιλεῖαι
739 4590 1054 4644 ὑπόκεινται
1087 4590 1230 4662 ἐμοὶ,
1286 4589 1367 4643 ἔτι
1398 4607 1458 4642 τε
1491 4591 1518 4642 ό
1551 4589 1749 4660 χρυσὸς

1863 4602 2108 4660 prazterca
2188 4603 2382 4642 aurum
2441 4595 2497 4640 et
2556 4595 2841 4656 argentum
2904 4602 3207 4658 omnesque
3258 4589 3422 4646 istius

202 4687 280 4740 καὶ
308 4691 335 4741 ὁ
363 4689 597 4760 ἄργυρος
618 4688 713 4741 καὶ
741 4689 890 4741 πᾶσα
916 4689 950 4758 ἡ
981 4685 1160 4757 τρυφὴ
1191 4681 1284 4737 τοῦ
1322 4683 1527 4754 κόσμου
1557 4682 1746 4735 τούτου

1863 4681 2039 4738 mundi
2067 4681 2274 4737 deliciae
2301 4680 2404 4735 sub
2434 4693 2553 4733 mea
2600 4690 2728 4734 sunt
2769 4689 3060 4748 potestate,
3105 4697 3278 4751 quare
3320 4698 3416 4737 ca-

201 4781 288 4833 ὑπὸ
331 4786 444 4844 ταῖς
474 4783 635 4852 ἐμαῖς
666 4781 812 4834 ἐστὶν
855 4779 1136 4846 ἐξουσίαις
1171 4777 1253 4831 διὸ
1283 4777 1462 4831 πεσὼν
1505 4773 1746 4848 προσκύ-

1863 4776 1986 4831 iens
2007 4775 2172 4830 adora
2203 4788 2307 4838 me,
2329 4782 2383 4827 et
2405 4772 2546 4827 dabo
2575 4771 2670 4826 tibi
2688 4785 2750 4826 ea
2769 4770 2972 4824 omnia.
2994 4769 3119 4826 Hzec
3144 4787 3308 4841 porro
3332 4774 3418 4827 di-

199 4875 338 4944 νηαόν
372 4875 588 4946 panni.
609 4873 768 4928 δώσω
800 4889 880 4926 σοι
915 4872 1090 4926 πάντα
1114 4870 1306 4924 ταῦτα.
1337 4869 1524 4924 Ταῦτα
1551 4869 1609 4922 δὲ
1632 4867 1748 4921 ἐλε-

1863 4868 2030 4933 cebat,
2078 4866 2206 4935 quia
2256 4871 2502 4930 noverat,
2538 4861 2682 4932 quod
2732 4870 2855 4932 post
2905 4861 3278 4917 adorationem
3314 4864 3416 4918 ha-

198 4981 277 5032 γεν
307 4967 474 5031 εἰδὼς,
507 4968 591 5021 ὅτι
626 4966 766 5037 μετὰ
791 4965 852 5018 τὸ
872 4965 914 4996 ¹³
955 4965 1326 5036 προσκυνῆσαι
1358 4962 1453 5016 καὶ
1490 4963 1588 5034 τὴν
1620 4963 1742 5015 κατ’

1863 4959 2066 5015 buisset
2112 4957 2166 5011 in
2220 4956 2370 5010 illum
2405 4963 2747 5026 potestatem,
2781 4953 2970 5023 sicque
3004 4964 3059 5010 et
3103 4954 3287 5008 futuro
3318 4955 3417 5010 ho-

197 5059 342 5113 αὑτοῦ
387 5055 529 5130 εἶχεν
579 5059 859 5124 ἐξουσίαν,
912 5057 1006 5110 καὶ
1038 5054 1179 5108 οὕτω
1209 5055 1250 5085 ¹⁸
1293 5055 1392 5126 τῆς
1451 5052 1750 5124 μελλούσης

1863 5066 1989 5107 nore
2018 5065 2082 5106 ac
2111 5065 2279 5121 regno
2305 5047 2588 5119 privasset.
2615 5045 2685 5100 At
2709 5046 2804 5116 qui
2835 5046 3017 5101 omnia
3049 5047 3276 5112 sciebat,
3301 5061 3410 5100 non

194 5150 334 5222 δόξης
362 5155 454 5205 καὶ
487 5150 767 5222 βασιλείας
797 5149 959 5203 αὐτὸν
982 5136 1272 5220 ηἀφῄρει.
1311 5149 1420 5202 Καὶ
1457 5147 1633 5201 πάντα
1672 5146 1748 5198 εί-

1863 5147 2018 5203 modo
2048 5145 2197 5199 illum
2230 5157 2338 5197 non
2367 5141 2631 5206 adoravit,
2685 5139 2778 5195 sed
2810 5154 2908 5194 nec
2940 5139 3234 5209 quidquam
3270 5137 3413 5191 illius

194 5242 284 5308 δὼς
313 5247 370 5298 οὐ
398 5246 560 5317 μόνον
591 5243 752 5298 αὑτὸν
777 5243 838 5296 ού
873 5239 1294 5313 προσεκύνησεν,
1334 5239 1448 5293 ἀλλ’
1482 5238 1602 5292 οὐδὲ
1637 5236 1747 5290 τῶν

1863 5237 2126 5293 donorum
2155 5233 2326 5288 voluit
2349 5231 2612 5300 accipere.
2647 5227 2720 5285 Se
2781 5229 2924 5284 enim
2951 5243 3073 5283 cum
3106 5229 3221 5284 suis
3257 5227 3410 5296 oppi.

1472 5372 1707 5428 VARME
1747 5369 2151 5427 LECTIONES.

251 5478 405 5548 ποτε
432 5474 597 5530 αὐτοῦ
622 5489 676 5548 p.
707 5469 933 5548 eadem?
959 5467 1093 5548 Θεολῦ
1115 5466 1179 5523 Ο.
1211 5469 1280 5548 [ου
1297 5466 1506 5538 νεκρῶν
1533 5466 1997 5548 praetermiserunt
2141 5461 2282 5526 (edd.
2292 5460 2493 5548 (569?.
2503 5461 2670 5548 Περι)
2695 5468 2753 5548 et
2859 5455 3418 5548 Subigdeggﬁpg‘fﬁ:

199 5541 237 5620 β
257 5522 390 5620 ἐξ
883 5538 1022 5620 Tum
1049 5537 1244 5620 θνητος)
1277 5554 1330 5608 p.
1375 5522 1584 5618 τμητόῦ
1737 5539 1753 5567 ³
1790 5522 2274 5620 ἐμπιμπλώμενος-
2290 5531 2377 5620 (ᾖ
2413 5522 2628 5620 l’;lt\an0
2750 5530 2807 5620 ξ
2837 5522 3186 5620 ,1
3199 5522 3413 5620 EL§ub~

202 5599 302 5672 inde
362 5599 445 5671 ότί
595 5599 629 5646 ’³
662 5613 772 5667 τῶν
793 5626 904 5667 om.
938 5608 1002 5664 Ο.
1136 5599 1154 5640 λ
1183 5599 1582 5731 ἐξαὲιαρτῶσιν,
1614 5607 1647 5676 ἢ
1679 5599 2067 5675 μοιχησάμενοι
2092 5599 2153 5657 C.
2254 5612 2274 5644 ι
2296 5601 2382 5668 άξι
2410 5601 2608 5682 (εἰςλί).
2685 5609 2706 5638 ⁸
2744 5603 2912 5652 ποιεῖν
2938 5599 3136 5650 excidit
3161 5611 3246 5665 ap.

204 5690 218 5719 τ
240 5689 521 5731 sanam-Lm
545 5684 608 5731 0,
684 5685 706 5714 ⁸
737 5682 989 5731 κείμενον
1015 5678 1077 5731 0.
1111 5678 1249 5731 Tum
1313 5680 1342 5730 ι’
1368 5679 1396 5730 ό
1433 5675 1494 5731 C.
1571 5683 1592 5715 ο
1621 5677 1842 5730 δύνασαι
1867 5676 1926 5729 C.
2030 5673 2072 5705 ’θ
2102 5673 2194 5727 καί
2220 5681 2536 5731 transcrnpsn
2572 5688 2635 5726 ex
2675 5668 2740 5725 Ο.
2847 5671 2885 5699 ¹²
2918 5669 2983 5731 τῇ
3011 5665 3072 5731 S,
3106 5665 3171 5728 Ο,
3228 5682 3319 5718 του

209 5690 255 5706 "
330 5689 372 5703 ’δ’
432 5706 460 5719 -
737 5682 823 5712 --’
1331 5675 1393 5698 “'
1571 5675 1675 5715 ον
1826 5694 1835 5713 ι

209 5684 658 5824 vastata
684 5675 1326 5823 ζητεῖιῖξενεὲέηξειιῖδι
1343 5675 1504 5799 ιετξδ
1527 5741 1591 5802 0.
1621 5676 1996 5823 δήιοι-ωε..

2030 5673 2072 5705 ὀ
2102 5673 2194 5727 καί
2220 5668 2536 5740 transcripsi
2572 5688 2635 5726 ex
2675 5668 2740 5740 Ο,

2097 5745 2138 5780 ¹⁸
2175 5742 2246 5796 Ita
2285 5739 2323 5795 S
2355 5783 2367 5806 ,
2407 5735 2595 5794 ἑαυτόν
2622 5741 2682 5808 C,
2711 5735 2773 5797 0.

2847 5671 2885 5699 ¹¹
2918 5669 2983 5737 τῇ
3011 5665 3072 5731 S,
3106 5663 3319 5728 0,'to'3
3347 5665 3409 5722 Ο.
3511 5719 3514 5722 .
