4004 6332
561 286 668 344 239

1375 286 1434 342 S.
1471 286 1862 344 CLEMENTIS
1898 289 1918 342 I
1958 289 2123 344 IlOM.
2166 288 2364 344 PONT.
2391 289 2620 344 OPERA
2657 289 2886 350 DUBIA.

3709 296 3820 351 ειο

566 407 834 477 gneravit,
863 401 1008 472 quod
1035 410 1139 465 cst,
1163 414 1272 454 non
1298 401 1465 457 licere
1491 404 1720 471 posthac
1748 404 2044 473 quidquam
2067 403 2136 457 ab

2241 401 2331 456 ὑπ’
2359 403 2523 456 αὑτοῦ
2567 402 2868 474 δεδομένων
2891 405 2934 437 ⁸⁸
2969 406 3152 461 λαϐεῖν
3196 425 3250 462 τι
3299 407 3581 480 ἠθέλησενο
3625 409 3824 463 ἑαυτὸν

566 499 688 567 ipso
723 496 1044 552 traditorum
1072 492 1157 548 vel
1185 501 1425 563 tangere.
1462 493 1762 566 Respondit
1786 511 1958 567 ergo:
1996 494 2138 549 Scri-

562 600 710 659 ptum
747 596 846 652 est,
889 585 1166 640 Dominum
1192 583 1359 640 Deum
1401 595 1552 640 tuum
1593 588 1926 654 revereberis,
1969 597 2018 640 ct
2053 587 2135 641 illi

563 683 664 738 sali
687 682 877 736 servies
908 692 956 734 ιι.

632 963 798 1019 XXII.
837 963 1106 1022 Caeterum
1139 963 1430 1032 impiorum
1470 976 1590 1027 rex,
1621 976 1746 1014 cum
1792 976 1973 1034 regem
2017 961 2137 1032 pio-

561 1073 684 1112 rum
716 1057 783 1110 ad
817 1072 971 1111 suam
1013 1055 1283 1110 adducere
1323 1056 1655 1109 voluntatem
1700 1053 1996 1123 plurimum
2042 1070 2139 1108 co-

564 1159 728 1204 natus
754 1157 899 1203 esset
937 1162 1036 1202 nec
1065 1148 1353 1218 potuisset,
1381 1147 1542 1201 tinem
1575 1145 1724 1213 fecit,
1759 1157 1813 1202 et
1843 1147 1894 1200 in
1924 1146 2134 1216 reliqua

562 1241 674 1294 vita
709 1241 860 1294 illum
911 1239 1183 1294 nitebatur
1219 1249 1461 1309 captare.
1503 1236 1614 1293 Vos
1657 1253 1786 1292 vero
1813 1238 2135 1308 prteﬂnitam

565 1331 881 1402 ignorantes
927 1331 1099 1403 legem
1154 1333 1226 1386 ob
1256 1331 1400 1385 mala
1445 1345 1610 1400 opera
1660 1331 1764 1385 sub
1815 1330 1963 1384 illius
2003 1331 2138 1384 estis

563 1431 849 1494 potestate.
877 1420 1147 1488 Quocirca
1177 1436 1406 1490 corpore
1440 1430 1494 1475 et
1522 1421 1707 1475 anima
1745 1420 2014 1474 maculam
2045 1436 2137 1491 ge-

564 1516 726 1570 ritis:
760 1525 814 1570 et
843 1515 897 1568 in
932 1514 1182 1585 przesenti
1209 1513 1428 1584 quidem
1467 1529 1499 1568 a
1529 1512 1736 1569 morbis
1783 1521 1838 1567 et
1871 1512 2136 1568 daemoni-

2239 496 2348 566 γὰρ
2381 495 2477 548 σὺν
2507 499 2620 560 τοῖς
2654 497 2847 551 ἑαυτοῦ
2874 499 3323 571 κατενεχύραζεν,
3367 503 3504 574 ὅπερ
3542 503 3710 566 ἐστὶν,
3742 504 3825 576 μὴ

2239 585 2439 649 ἐξεῖναι
2482 587 2577 641 τοῦ
2623 588 2811 642 λοιποῦ
2858 590 2968 644 τῶν
3018 591 3168 663 αὐτῷ
3191 594 3230 625 ⁸⁷
3263 593 3634 648 ἀποδοθέντων
3683 596 3826 666 μηδὲ

2237 677 2443 747 ψαῦσαι
2501 679 2656 750 195
2713 681 2815 735 ἔτι.
2876 683 3337 756 Ἀποκρινάμενος
3379 683 3472 740 οῦν
3521 687 3644 760 ἔφη’
3705 688 3826 742 Γέ-

2239 785 2510 838 γραπται,
2564 775 2786 841 Κύριον
2831 775 2936 828 τὸν
2989 776 3136 830 Θεόν
3180 793 3297 832 σου
3343 779 3680 848 φοϐηθήσῃ,
3721 779 3829 834 καὶ

2239 863 2398 930 αὐτῷ
2429 868 2780 933 λατρεύσεις
2802 868 2988 936 μόνῳ.

2310 956 2476 1011 XXII.
2505 958 2650 1029 Πλὴν
2683 960 2710 1011 ὁ
2741 959 2848 1012 τῶν
2880 961 3090 1013 ἀσεϐῶν
3109 961 3153 992 ¹⁸
3182 961 3436 1031 βασιλεὺς
3465 961 3606 1016 κατά
3647 962 3829 1018 πολλὰ

2237 1049 2328 1102 τὸν
2340 1049 2447 1104 τῶν
2467 1051 2706 1105 εὐσεϐῶν
2720 1052 2944 1124 βασιλέα
2964 1054 3099 1128 πρὸς
3116 1055 3176 1108 τὸ
3199 1055 3392 1108 ἑαυτοῦ
3411 1052 3657 1127 βούλημα
3678 1073 3830 1128 παρ-

2239 1142 2394 1211 άγειν
2447 1144 2786 1216 πειρώμενος
2836 1149 2929 1200 καὶ
2997 1149 3071 1220 μὴ
3119 1148 3370 1221 δυνηθεὶς
3403 1149 3448 1180 ¹⁹
3496 1149 3780 1203 ἐπαύσατο
3807 1190 3824 1214 ,

2239 1235 2374 1308 πρὸς
2405 1237 2476 1290 τὰ
2506 1238 2668 1292 λοιπά
2695 1239 2794 1311 τῆς
2827 1239 3098 1305 πολιτείας
3129 1241 3382 1315 θηρεύειν
3411 1243 3574 1296 αὐτὸν
3611 1245 3831 1313 ἐπιχει-

2241 1329 2368 1400 ρῶν.
2424 1329 2612 1402 Ὑμεῖς
2650 1332 2707 1385 δὲ
2737 1332 2827 1386 τὸν
2867 1334 3257 1405 προορισθέντα
3289 1336 3452 1406 νόμον
3498 1336 3829 1405 ἀγνοοῦντες

2237 1421 2324 1474 διὰ
2371 1424 2479 1478 τῶν
2530 1426 2715 1479 κακῶν
2757 1427 3008 1499 πράξεων
3058 1426 3162 1481 ὑπὸ
3203 1429 3303 1500 τὴν
3357 1429 3605 1493 ὲξουσίαν
3653 1429 3826 1484 αὑτοῦ

2238 1511 2510 1582 ἐγένεσθε.
2545 1517 2636 1570 Διὺ
2690 1518 2848 1588 σῶμα
2897 1519 2991 1572 καὶ
3023 1519 3200 1592 ψυχὴν
3250 1520 3566 1592 ὲμιάνθητε·
3619 1523 3715 1575 καὶ
3766 1524 3829 1575 ὲν

563 1608 670 1663 bus
720 1607 1036 1667 illudimini.
1069 1607 1123 1662 in
1170 1605 1356 1663 futuro
1383 1615 1564 1660 autem
1609 1605 1901 1662 animabus
1943 1605 2140 1676 punie-

2241 1605 2450 1679 μὲν-τῷ
2485 1611 2714 1682 παρόντι
2747 1611 2852 1665 ὑπό
2880 1629 2938 1665 τε
2972 1613 3158 1667 παθῶν
3190 1614 3284 1667 καὶ
3313 1614 3580 1685 δαιμόνων
3603 1614 3829 1686 ἐνυϐρί-

564 1699 724 1755 mini.
771 1697 888 1754 Hoc
931 1713 1060 1752 vero
1103 1712 1212 1752 non
1259 1712 1358 1752 vos
1380 1697 1480 1752 soli
1527 1697 1598 1751 ab
1636 1695 1943 1767 ignorantia
1989 1695 2135 1766 passi

2241 1695 2418 1764 ζεσθε,
2445 1703 2502 1754 ὲν
2529 1702 2585 1754 δὲ
2617 1703 2694 1773 τῷ
2729 1702 2972 1774 μέλλοντι
2991 1706 3036 1736 ²⁰
3073 1704 3175 1769 τάς
3205 1705 3384 1776 ψυχὰς
3415 1705 3828 1778 κολασθησομέ-

563 1793 718 1860 estis,
749 1793 842 1848 sed
874 1803 927 1848 et
956 1790 1204 1846 nonnulli
1230 1805 1297 1843 ex
1328 1799 1516 1844 nostra
1545 1798 1732 1860 gente,
1765 1788 1859 1858 qui
1890 1788 1944 1842 in
1979 1787 2138 1842 malis

2241 1806 2336 1853 νας
2366 1791 2536 1856 ἕξετε.
2571 1793 2740 1848 Τοῦτο
2765 1795 2820 1849 δὲ
2853 1796 2951 1866 οὐχ
2979 1798 3136 1868 ὑμεῖς
3164 1796 3314 1869 μόνοι
3345 1798 3449 1852 ὑπὸ
3480 1798 3702 1867 ἀγνοίας
3727 1817 3828 1852 πε-

563 1883 824 1954 operibus
855 1899 882 1938 a
918 1884 1141 1938 malitim
1171 1883 1308 1938 duce
1360 1882 1634 1952 occupati,
1678 1891 1866 1950 postea
1890 1880 2039 1936 velut
2068 1879 2136 1934 ad

563 1991 778 2033 coenam
807 1991 838 2031 a
863 1985 1017 2046 patre
1041 1976 1136 2030 filii
1171 1976 1390 2046 nuptias
1421 1975 1733 2030 celebrante
1762 1973 1999 2041 invitati,
2026 1989 2135 2026 non

563 2070 886 2125 obedierunt
916 2069 966 2123 δ.
1023 2067 1080 2122 In
1119 2067 1301 2124 locum
1343 2077 1522 2123 autem
1546 2081 1760 2132 eorum,
1791 2068 1884 2137 qui
1915 2076 2139 2137 propter

563 2162 974 2232 occupationem
1025 2162 1448 2232 denegaverant,
1491 2161 1584 2231 qui
1630 2160 1741 2215 tilio
1782 2159 2001 2230 nuptias
2043 2174 2138 2214 ce-

560 2253 810 2310 lebrabat
840 2263 992 2324 pater
1019 2268 1116 2322 per
1141 2252 1387 2307 veritatis
1415 2251 1743 2323 Prophetam
1770 2251 1933 2322 jussit
1953 2251 2132 2316 nobis,

561 2353 627 2400 ut
656 2345 929 2416 progressi
978 2345 1044 2399 ad
1075 2345 1256 2399 exitus
1279 2345 1513 2408 viarum,
1548 2344 1600 2397 id
1642 2353 1727 2398 est
1782 2344 1847 2398 ad
1891 2357 2009 2408 vos,
2049 2342 2135 2396 in-

563 2439 858 2493 dueremus
903 2452 1094 2506 puram
1138 2447 1342 2492 vestem
1389 2436 1706 2505 nuptialem,
1750 2451 1870 2504 quae
1918 2443 2001 2489 est
2036 2434 2135 2488 ha-

561 2528 785 2599 ptisma,
809 2527 954 2597 quod
979 2528 1031 2580 in
1063 2527 1438 2582 remissionem
1470 2528 1528 2582 tit
1551 2537 1898 2596 peccatorum
1926 2533 2135 2579 vestro-

566 2635 710 2687 rum,
740 2628 796 2674 et
822 2629 881 2673 ut
915 2619 1090 2674 bonos
1113 2619 1166 2673 in
1210 2618 1303 2674 Dei
1337 2634 1548 2673 comam
1592 2617 1812 2672 inducat
1839 2631 1908 2671 ex
1952 2615 2131 2686 ι)ωηὶ-

561 2711 752 2775 tentia,
784 2711 910 2767 licet
939 2711 1096 2766 initio
1121 2711 1192 2766 ab
1217 2710 1394 2781 epulis
1425 2708 1723 2764 abfuerint.

2241 1883 2489 1951 πόνθατε,
2524 1885 2661 1940 ἀλλὰ
2705 1888 2798 1942 καί
2830 1906 2976 1952 τινες
3005 1890 3099 1944 τοῦ
3134 1890 3404 1963 ἡμετέρου
3443 1891 3650 1955 ἔθνους,
3683 1892 3824 1945 οἵτι-

2239 1991 2328 2038 νες
2361 1966 2452 2030 ἐπὶ
2484 1982 2682 2044 κακαῖς
2715 1981 2980 2053 πράξεσιν
3007 1982 3112 2037 ὑπὸ
3135 1983 3230 2037 τοῦ
3261 1984 3360 2056 τῆς
3389 1983 3588 2047 κακίας
3614 1984 3825 2055 ἠγεμό-

2238 2085 2329 2131 νος
2356 2071 2776 2143 προληφθέντες,
2821 2075 3014 2129 ἔπειτα
3051 2075 3240 2148 ῶσπερ
3279 2077 3372 2130 ἐπὶ
3389 2078 3430 2108 ²¹
3464 2077 3678 2129 δεῖπνον
3711 2074 3828 2129 ὑπὸ

2240 2162 2446 2232 πατρὸς
2475 2163 2578 2234 υίῷ
2607 2165 2888 2230 τελοῦντος
2917 2168 3126 2239 γάμους
3155 2168 3445 2240 κληθέντες
3473 2168 3570 2239 οὐχ
3591 2169 3636 2199 ’³
3671 2168 3821 2238 ὑπή-

2241 2269 2462 2307 κουσαν.
2507 2256 2649 2310 Ἀντί
2678 2258 2734 2311 δὲ
2767 2259 2875 2313 τῶν
2903 2261 3318 2332 ἀπειθησάντων
3349 2261 3438 2314 διὰ
3468 2259 3567 2331 τὴν
3600 2257 3822 2329 Πρόλη-

2239 2343 2331 2413 ψιν
2361 2347 2388 2398 ὁ
2412 2347 2538 2412 τοὺς
2567 2349 2778 2421 γάμους
2800 2351 2878 2422 τῷ
2899 2353 3002 2424 υἱῷ
3032 2353 3202 2407 τελῶν
3237 2355 3418 2426 πατὴρ
3444 2353 3532 2407 διὰ
3551 2353 3645 2406 τοῦ
3678 2371 3819 2425 προσ

2242 2437 2410 2507 φήτου
2443 2440 2542 2512 τῆς
2581 2442 2835 2514 ἀληθείας
2869 2446 3156 2500 ἐκέλευσεν
3192 2449 3347 2519 ἡμῖν,
3395 2448 3475 2510 εἰς
3507 2445 3605 2510 τάς
3640 2445 3820 2512 διεξὸ-

2240 2526 2362 2592 δους
2393 2531 2498 2585 τῶν
2531 2534 2666 2588 ὁδῶν
2695 2536 2958 2603 ἐλθοῦσιν,
2993 2541 3021 2593 ὃ
3049 2542 3164 2593 ἐστι
3193 2541 3330 2612 πρὸς
3375 2541 3538 2611 ὑμᾶς,
3574 2539 3825 2610 καθαρὸν

2241 2620 2444 2695 ἔνδυμα
2484 2627 2662 2699 γάμου
2709 2632 3041 2703 περιϐαλεῖν,
3081 2634 3217 2704 ὅπερ
3265 2634 3382 2686 ἐστὶ
3432 2633 3737 2704 βάπτισμα,
3789 2633 3820 2686 ὃ

2241 2715 2322 2778 εἰς
2363 2717 2554 2787 ἄφεσιν
2585 2721 2800 2790 ίγίνεται
2833 2725 2940 2777 τῶν
2991 2727 3392 2797 πεπραγμένων
3432 2728 3556 2798 ὑμῖν
3591 2725 3820 2787 κακῶν,

563 2803 659 2857 καὶ
676 2803 722 2834 ³³
757 2805 884 2866 τοὺς
925 2802 1162 2872 ἀγαθοὺς
1210 2805 1290 2864 εἰς
1316 2801 1378 2854 τὸ
1409 2799 1546 2854 Θεοῦ
1575 2799 1786 2852 δεῖπνον
1829 2797 2069 2866 εἰσάγειν
2090 2801 2136 2832 ’⁵
2166 2802 2230 2857 ὲκ
2259 2807 2363 2878 τῆς
2407 2813 2789 2882 μεταμελείας,
2841 2816 2890 2868 εἰ
2931 2817 3028 2869 καὶ
3061 2818 3160 2889 τὴν
3197 2817 3371 2888 ἀρχὴν
3411 2797 3824 2889 ἀπελείφθησαν

560 2897 661 2968 τῆς
692 2897 940 2968 εὐωχίας.

633 2990 822 3046 XXIII.
863 2989 921 3044 Si
955 2989 1121 3044 vultis
1153 2987 1336 3058 itaque
1363 2995 1424 3041 ut
1453 2985 1596 3040 tiatis
1621 2985 2008 3040 vestimentum
2050 2985 2135 3039 di-

2308 2995 2470 3068 196
2494 2997 2681 3054 XXIII.
2717 3003 2957 3076 Ἔνδυμα
2989 3001 3082 3060 οὖν
3124 3009 3172 3061 εἰ
3207 3007 3458 3079 βούλεσθε
3479 3007 3524 3040 ’⁸
3558 3005 3820 3076 γενέσθαι

561 3083 674 3140 vini
699 3083 943 3152 spiritus,
966 3080 1237 3136 enitimini
1263 3079 1442 3150 primo
1467 3092 1672 3132 exuere
1696 3076 1974 3132 sordidam
1999 3093 2131 3147 pra:-

560 3173 930 3243 sumptionem
955 3181 1216 3237 vestram,
1245 3185 1370 3241 qua:
1397 3177 1483 3224 est
1508 3168 1830 3224 immundus
1869 3167 2094 3238 spiritus
2111 3209 2130 3234 ,

562 3273 619 3320 et
647 3263 919 3334 impurum
953 3262 1274 3318 amiculum.
1306 3258 1425 3316 Non
1450 3259 1682 3331 potestis
1711 3268 1894 3315 autem
1917 3259 2024 3314 alia
2045 3274 2134 3314 ra-

561 3356 712 3412 tione
732 3355 1025 3426 deponere,
1056 3351 1160 3408 nisi
1194 3351 1348 3422 prius
1379 3351 1434 3406 in
1465 3350 1627 3406 bonis
1670 3349 1981 3405 actionibus
2031 3347 2134 3402 ba-

560 3446 843 3520 ptizemini
872 3463 886 3500 :
921 3455 1086 3516 atque
1135 3443 1210 3499 ita
1243 3442 1367 3515 puri
1394 3457 1623 3512 corpore
1643 3451 1698 3497 et
1738 3440 1922 3497 anima
1957 3439 2132 3495 cII‘ecti

561 3540 750 3594 futuro
799 3545 1062 3608 perpetuo
1089 3549 1258 3606 regno
1291 3532 1570 3589 fruemini.
1624 3531 1794 3604 Igitur
1839 3547 1938 3586 nec
1974 3531 2134 3586 idolis

562 3628 790 3694 credite,
813 3642 912 3682 nec
935 3642 1137 3684 mensa:
1157 3641 1348 3681 eorum
1375 3625 1603 3694 impurae
1621 3623 1913 3694 participes
1935 3629 2132 3686 estote,

563 3734 674 3772 non
709 3716 961 3784 occidite,
1007 3731 1114 3771 non
1162 3715 1490 3779 adulteratc,
1537 3730 1642 3767 non
1693 3712 1818 3766 odio
1844 3711 2133 3781 prosequi-

561 3810 697 3864 mini
723 3823 864 3879 quos
894 3824 1002 3862 non
1031 3807 1206 3872 decet,
1243 3821 1350 3862 non
1379 3804 1581 3860 furtum
1611 3804 1790 3871 facile,
1817 3819 1994 3874 neque
2016 3819 2135 3857 om-

562 3901 695 3954 nino
723 3899 994 3969 capessite
1027 3898 1134 3952 ulla
1183 3913 1350 3968 prava
1379 3895 1647 3952 facinora.
1681 3894 1941 3964 Alioquin
1988 3893 2135 3949 I‘utu-

563 4008 750 4046 rorum
777 4007 874 4062 spe
905 3991 1101 4061 privati
1126 3991 1180 4044 in
1207 3990 1458 4060 praesenti
1484 3988 1704 4058 quidem
1737 3987 1935 4042 s:rculo
1961 4001 1988 4040 a
2019 4002 2136 4040 ma-

561 4085 630 4140 lis
654 4087 999 4140 dretnonibus
1029 4093 1085 4140 et
1108 4099 1137 4138 a
1163 4085 1420 4154 gravibus
1450 4082 1657 4137 morbis
1687 4081 2040 4147 vexabimini,
2077 4080 2134 4134 in

560 4176 748 4233 futuro
776 4188 956 4232 autem
987 4177 1129 4247 ignis
1163 4176 1352 4230 aeterni
1385 4174 1573 4230 feretis
1619 4174 1966 4244 supplicium.
2001 4171 2134 4239 Quae

560 4284 691 4340 ergo
740 4270 897 4324 hodie
925 4268 1082 4324 vobis
1114 4268 1257 4323 dicta
1289 4275 1438 4332 sunt,
1478 4266 1764 4321 sntliciant.
1812 4265 1888 4320 De
1937 4275 2132 4320 caetero

562 4361 658 4429 qui
683 4373 920 4416 vestrum
949 4359 1156 4416 morbis
1180 4359 1540 4420 atllictamini.
1565 4359 1631 4413 ad
1659 4358 2025 4427 recipiendam
2049 4373 2132 4412 sa-

561 4453 789 4507 nitatem
818 4463 1056 4520 manete,
1083 4468 1151 4506 ex
1179 4452 1301 4507 aliis
1332 4467 1483 4519 vero,
1513 4449 1606 4520 qui
1637 4449 1822 4514 vultis,
1845 4465 1975 4506 cum
1997 4464 2130 4520 pace
2161 4475 2208 4536 υ

561 4547 724 4600 abite.

632 4783 819 4840 XXIV.
857 4783 982 4839 Ilaec
1010 4800 1132 4839 cum
1163 4785 1411 4851 dixisset,
1455 4799 1645 4839 omnes
1675 4791 2130 4854 permanserunt,

559 4879 653 4934 alii
683 4888 740 4932 ut
762 4886 1102 4944 curarentur,
1131 4878 1220 4932 alii
1254 4886 1314 4932 ut
1333 4877 1576 4931 viderent
1601 4892 1695 4930 eos
1719 4875 1812 4948 qui
1838 4877 2126 4931 sanitatem

559 4972 882 5040 reciperent.
930 4967 1122 5023 Petrus
1165 4978 1344 5022 autem
1375 4967 1641 5022 duntaxat
1688 4969 1973 5037 imponens
2015 4967 2123 5023 illis

2236 3089 2378 3144 θείου
2411 3093 2745 3165 Πνεύματος,
2785 3099 3121 3153 σπουδάσατε
3158 3099 3368 3173 πρῶτον
3402 3099 3734 3153 ἐκδύσασθαι
3753 3100 3818 3153 τὸ

2236 3182 2482 3255 ῥυπαρὸν
2531 3185 2684 3258 ὑμῶν
2742 3190 3061 3263 πρόλημμα,
3109 3193 3246 3265 ὅπερ
3293 3193 3440 3244 ἐστὶν
3504 3191 3821 3261 ἀκάθαρτον

2235 3276 2472 3348 πνεῦμα,
2502 3282 2595 3334 καὶ
2623 3283 2816 3354 μιαρὸν
2849 3283 3180 3359 περίϐλημα.
3216 3285 3384 3340 Τοῦτο
3417 3286 3476 3338 δὲ
3507 3285 3606 3339 οὐκ
3639 3284 3818 3346 άλλως

2234 3369 2602 3428 ἀποδύσασθαι
2649 3376 2897 3442 δύνασθε,
2949 3380 3048 3434 ἐὰν
3092 3381 3167 3453 μὴ
3206 3381 3470 3454 πρότερον
3498 3380 3590 3434 ἐπὶ
3619 3380 3817 3442 καλαῖς

2235 3467 2467 3540 πράξεσι
2492 3469 2842 3543 βαπισθῆτε·
2870 3473 2963 3528 καὶ
2989 3472 3132 3530 οὕτω
3155 3475 3382 3547 καθαροὶ
3410 3472 3619 3546 σώματί
3639 3490 3699 3527 τε
3720 3473 3816 3528 καὶ

2233 3562 2375 3634 ψυχῇ
2409 3564 2687 3635 γενόμενοι
2720 3565 2818 3637 τῆς
2863 3567 3128 3639 ἐσομένης
3157 3568 3326 3622 ἀϊδίου
3356 3565 3634 3639 βασιλείας
3677 3567 3818 3618 ἀπο·-

2235 3656 2459 3709 λαύσετε
2481 3658 2547 3710 ’⁸.
2591 3659 2742 3728 Μήτε
2775 3654 2868 3712 οὖν
2897 3659 3134 3724 εἰδώλοις
3169 3659 3472 3724 πιστεύετε,
3506 3661 3642 3731 μήτε
3676 3676 3817 3731 τρα-

2236 3750 2405 3821 πέζης
2439 3752 2620 3817 αὐτοῖς
2652 3757 2956 3807 κοινωνεῖτε
2993 3756 3214 3827 μιαρᾶς,
3257 3757 3330 3826 μὴ
3365 3754 3683 3825 φονεύσητε,
3737 3755 3816 3826 μὴ

2238 3846 2538 3916 μοιχεύετε,
2567 3848 2639 3919 μὴ
2665 3849 2930 3920 μισήσητε
2951 3848 3047 3914 οὒς
3076 3850 3149 3920 μὴ
3169 3849 3395 3913 δίκαιον,
3423 3851 3496 3921 μὴ
3525 3845 3818 3913 κλέπτε-τε,

2238 3939 2371 4010 μηδὲ
2424 3943 2621 4004 κακαῖς
2645 3941 2688 3972 ³⁷
2737 3943 2878 3994 τισὶν
2931 3941 3068 4005 ὅλως
3117 3941 3380 4014 πράξεσιν
3428 3941 3813 3997 ὲπιὸάλλεσθε.

2249 4035 2400 4089 Ἐπεὶ
2420 4037 2528 4088 τῶν
2560 4033 2829 4105 ἐσομένων
2855 4033 3075 4102 ἀγαθῶν
3106 4033 3458 4105 στερηθέντες
3477 4036 3577 4106 τῆς
3597 4035 3816 4098 ἐλπίδος

2235 4128 2291 4181 ὲν
2327 4127 2425 4199 μὲν
2458 4127 2533 4198 τῷ
2564 4127 2789 4198 παρόντι
2819 4128 2921 4180 ὑπό
2945 4144 3004 4179 τε
3038 4127 3222 4180 κακῶν
3245 4127 3510 4198 δαιμόνων
3543 4128 3636 4180 καὶ
3659 4128 3819 4198 χαλε-

2236 4220 2352 4274 πῶν
2388 4219 2722 4290 παθημάτων
2760 4219 3238 4292 συνελασθήσεσθε,
3274 4221 3330 4272 ἐν
3357 4220 3415 4272 δὲ
3455 4219 3534 4290 τῷ
3566 4222 3821 4292 ἐσομένῳ

2235 4311 2394 4366 αἰῶνι
2421 4307 2573 4383 ἀϊδίῳ
2605 4311 3000 4382 κολασθήσεσθε
3025 4312 3173 4384 πυρί.
3209 4311 3290 4364 Τὰ
3320 4313 3417 4382 μὲν
3443 4308 3535 4365 οὖν
3567 4315 3820 4384 σήμερον

2237 4406 2364 4476 ὑμῖν
2412 4405 2640 4478 ῥηθέντα
2684 4403 2970 4476 αὐτάρκως
3014 4403 3146 4474 ἔχει.
3188 4405 3387 4457 Λοιπὸν
3429 4404 3509 4468 δὲ,
3558 4405 3712 4475 ὑμῶν
3759 4408 3816 4459 οἱ

2240 4499 2337 4570 μὲν
2363 4500 2408 4531 ’³
2441 4499 2545 4552 ὑπὸ
2590 4499 2928 4570 παθημάτων
2973 4497 3285 4567 ὀχλούμενοι
3334 4497 3469 4567 πρὸς
3513 4499 3614 4570 τὴν
3665 4498 3813 4553 ἴασιν

2238 4592 2630 4665 παραμείνατε,
2665 4592 2772 4646 τῶν
2802 4592 2858 4646 δὲ
2891 4591 3069 4646 ἄλλων
3091 4592 3140 4644 οἰ
3175 4589 3489 4662 βουλόμενοι
3509 4595 3624 4664 μετ’
3655 4595 3813 4666 εἰρή-

2235 4704 2332 4758 νης
2362 4685 2679 4758 πορεύεσθε.

2305 4779 2494 4834 XXIV.
2525 4779 2710 4834 Ταῦτα
2749 4776 2912 4831 αὐτοῦ
2940 4777 3181 4841 εἰπόντος
3210 4777 3260 4830 oi
3301 4777 3501 4842 πάντες
3535 4779 3811 4851 παρέμει-

2236 4890 2356 4937 ναν,
2384 4872 2434 4925 οἱ
2469 4873 2566 4944 μὲν
2597 4871 2690 4925 τοῦ
2716 4870 3112 4943 θεραπευθῆναι
3145 4871 3324 4943 χάριν,
3361 4874 3410 4925 οἱ
3445 4872 3500 4926 δέ
3533 4873 3628 4926 τοῦ
3666 4875 3812 4927 ἱστο-

2239 4966 2396 5038 ρῆσαι
2446 4967 2571 5029 τοὺς
2618 4964 2718 5036 τῆς
2768 4964 3063 5036 θεραπείας
3115 4966 3589 5036 ἐπιτυγχάνοντας.
3651 4965 3710 5019 Ὀ
3751 4966 3812 5019 δὲ

559 5081 756 5120 manus
791 5073 844 5117 et
878 5071 1133 5134 precatus
1157 5061 1368 5116 sanavit
1393 5079 1408 5114 :
1432 5061 1587 5126 adeo,
1618 5070 1678 5114 ut
1699 5061 1790 5131 qui
1821 5059 2002 5115 subito
2023 5074 2123 5114 cu-

2241 5059 2434 5131 [Ῑέτρος
2477 5059 2576 5124 τάς
2615 5063 2802 5132 χεῖρας
2832 5059 3013 5122 αὐτοῖς
3047 5057 3255 5122 ἐπιθείς
3305 5059 3460 5112 μόνον
3512 5059 3606 5113 καὶ
3641 5059 3807 5126 εὐξά-

632 5191 658 5219 ι
689 5177 879 5234 Matth.
911 5193 998 5245 tv;
1031 5175 1164 5232 Luc.
1195 5191 1268 5231 tv.
1344 5175 1372 5216 δ
1401 5173 1594 5232 Matth.
1623 5191 1758 5230 χιιι.

1859 5287 2092 5343 ἾΑΒΙᾸΞ
2126 5285 2526 5343 LECTIONES.

635 5389 680 5426 ⁸⁸
701 5387 1002 5458 δεδομένων
1043 5384 1097 5458 in
1145 5393 1279 5458 text.
1316 5382 1495 5458 recepi
1520 5379 1668 5458 c._0.
1744 5381 1791 5419 ‘7
1811 5380 1962 5458 αύτῴ
2000 5380 2328 5458 itonlegitur
2359 5380 2412 5458 in
2563 5379 2621 5434 S.
2653 5377 2789 5433 Tum
2818 5377 2953 5458 _I'ort.
2986 5377 3090 5458 leg.
3121 5376 3198 5458 ἔτι
3219 5393 3313 5458 τι..
3354 5375 3646 5458 DeindeC
3683 5394 3804 5434 nou

557 5471 704 5516 recte
733 5447 893 5512 ver'tit
934 5456 1295 5526 oppignerauit
1341 5463 1395 5508 et
1442 5447 1505 5506 ab
1565 5447 2072 5526 ipso_tradi_to'rttrp.
2111 5447 2332 5526 Vertere
2381 5450 2612 5526 debebat
2636 5469 2656 5526 _:
2710 5447 3238 5526 gppigtteruuissetet
3293 5447 3413 5526 ipsi
3436 5449 3800 5526 traditarum.

561 5533 605 5563 "
629 5529 840 5591 ἀσεϐῶς
866 5527 915 5583 Ο·
1001 5519 1077 5580 in
1116 5541 1288 5593 marg.
1333 5539 1442 5579 sec.
1498 5519 1646 5577 man.
1670 5521 1818 5584 ’ἴσως
1842 5519 2100 5593 εὐσεϐῶν.
2181 5520 2223 5593 ‘f
2250 5521 2344 5574 καὶ⁵
2381 5523 2429 5593 -ἡ

557 5602 604 5632 ³⁸
635 5601 731 5669 οὐχ
760 5589 882 5653 add.
932 5614 981 5653 c.
1012 5595 1080 5651 0.
1135 5596 1198 5669 1’
1223 5589 1408 5669 κακῶν
1455 5595 1548 5669 καὶ
1738 5592 2018 5669 “Asnam
2193 5589 2320 5669 "_et
2348 5591 2401 5669 ﬁ

559 5659 890 5739 conjectura,
925 5677 1101 5739 textus
1124 5666 1184 5724 Ci
1234 5664 1535 5719 ἐϐούλεσθε.
1614 5661 1756 5718 "Ita
1781 5659 1832 5716 0
1873 5671 1926 5718 et
1949 5659 2114 5733 Epit.
2149 5677 2202 5718 c.
2229 5663 2287 5729 4,
2337 5659 2687 5733 ἀπολαύσητε
2723 5659 2783 5716 C.

558 5736 789 5797 accessit
834 5753 902 5794 ex
951 5736 1019 5794 0.

2434 5515 2786 5590 δυνηθείςίίῖ.⁷
2836 5515 2887 5550 ’³ο
2920 5521 3033 5582 τοῖς
3063 5517 3346 5590 μέλλουσιν
3514 5519 3558 5549 ³⁸
3589 5519 3696 5590 ὑπό
3725 5518 3794 5573 0.

2406 5587 2652 5690 esse.
2674 5589 2762 5690 ορ
2888 5587 3570 5690 secessere;
3603 5589 3652 5690 ι
3727 5607 3798 5690 ξι

2920 5663 2937 5693 ⁷
2967 5659 3047 5730 μὴ
3071 5658 3356 5722 δεκασταῖς
3380 5656 3447 5713 0.
3525 5656 3570 5692 ⁸⁸
3603 5661 3656 5712 οἰ
3690 5661 3802 5731 μὲν
