4004 6332
526 329 627 384 ειν

1310 322 1367 377 S.
1397 315 1782 374 CLEMENTIS
1818 315 1838 368 I
1875 315 2039 370 ROM.
2081 313 2280 369 ΡΟΝΤ.
2324 315 2550 368 OPERA
2590 316 2817 373 DUBIA.

3657 321 3763 376 248

525 448 828 518 plausLDus,
853 458 1089 517 quorum
1130 441 1302 511 gratia
1357 438 1571 507 decepti
1609 439 1762 493 stulti
1812 433 2082 492 homines,

2192 426 2294 480 λῶν
2325 445 2385 480 τε
2420 429 2513 482 καὶ
2546 430 2769 498 κρότων,
2806 425 2880 484 ῶν
2915 431 3183 502 προφάσει
3213 432 3261 487 οί
3295 433 3508 504 ἀνόητοι
3541 434 3766 488 ἀπατὼ-

523 544 775 616 quamvis
805 557 973 613 regno
1015 554 1114 594 suo
1154 536 1390 600 sublato,
1419 550 1449 588 a
1478 531 1931 589 concurrentibus
1976 543 2087 583 non

523 640 796 696 desistunt
825 631 1340 705 superstitionibus:
1375 629 1429 682 in
1462 634 1672 683 tantum
1715 623 1929 678 veritati
1962 637 2089 691 pro—

523 745 643 807 pter
663 733 994 800 voluptatem
1025 740 1265 782 errorem
1323 721 1636 793 praferunt.
1696 719 1800 786 Qui
1855 727 1910 773 et
1965 725 2090 786 post

522 829 801 904 crapulam
826 824 894 879 ad
918 837 1044 878 aras
1071 827 1406 876 contractam
1426 815 1684 869 emittunt
1714 811 1974 874 ululatus,
2004 810 2090 863 ni-

523 902 724 977 mirum
757 917 937 973 anima
961 931 1026 969 ex
1053 911 1342 983 profundo.
1372 908 1520 962 velut
1544 907 1597 960 in
1645 904 1874 960 somniis
1903 945 1919 968 ,
1955 902 2090 972 ipsis

524 1011 923 1084 praenuntiante
939 1007 1178 1061 futuram
1195 1005 1261 1059 de
1279 1003 1478 1058 talibus
1492 997 1750 1070 operibus
1772 996 2086 1050 vindictam.

601 1195 731 1250 VIII.
762 1195 897 1250 Cum
925 1207 1056 1262 ergo
1084 1189 1268 1244 multa:
1303 1187 1356 1240 in
1400 1185 1508 1239 vita
1559 1184 1919 1253 praeterierint
1961 1182 2091 1237 reli-

525 1291 733 1360 giones,
767 1287 1031 1342 adsumus
1062 1283 1188 1336 boni
1214 1279 1582 1350 negotiatores
1613 1274 1892 1344 religionis
1920 1289 1950 1328 a
1975 1290 2092 1327 ma-

525 1381 730 1437 ioribus
758 1377 916 1433 nobis
945 1375 1156 1431 tradita:
1196 1381 1250 1427 et
1279 1381 1526 1434 servata),
1553 1385 1672 1424 eam
1707 1367 1862 1423 vobis
1889 1382 2088 1436 appor-

523 1483 724 1539 tantcs,
754 1471 912 1541 quasi
939 1468 1149 1525 semina
1180 1465 1434 1535 stirpium
1461 1461 1840 1526 ostendentes,
1889 1475 1955 1516 ac
1988 1459 2090 1514 sub

522 1576 704 1621 vestra
729 1571 994 1632 ponentes
1021 1571 1251 1614 censura
1299 1563 1354 1610 et
1401 1562 1691 1624 potestate.
1733 1551 1890 1617 Quod
1934 1550 2088 1606 vobis

526 1657 779 1728 placebit,
837 1654 1039 1723 eligite.
1089 1649 1147 1704 Si
1192 1665 1322 1720 ergo
1359 1658 1545 1704 nostra
1578 1644 1928 1716 dclegeritis,
1978 1659 2087 1698 non

524 1756 700 1806 solum
729 1749 1002 1802 daemones
1029 1752 1082 1798 et
1113 1743 1333 1798 morbos
1357 1742 1425 1796 ab
1451 1742 1516 1795 iis
1541 1740 1818 1794 immissos
1842 1738 2090 1809 poteritis
2117 1778 2162 1834 Β

520 1839 773 1906 ell’ugere,
805 1835 898 1890 sed
928 1834 1124 1906 l‘ugatis
1154 1835 1402 1904 utrisque
1439 1842 1493 1889 et
1524 1848 1555 1887 a
1596 1831 1936 1888 daemonibus
1965 1846 2099 1901 sup-

518 1929 730 2000 pliciter
769 1927 942 2000 rogati
988 1927 1163 1991 etiam
1195 1925 1394 1981 futuris
1445 1925 1605 1981 bonis
1649 1932 1910 1995 perpetuo
1953 1921 2103 1978 frue-

522 2021 677 2076 mini.

593 2099 682 2152 IX.
713 2097 968 2167 Alioquin
1015 2107 1205 2151 contra
1232 2096 1284 2150 in
1315 2095 1419 2151 bac
1445 2094 1662 2165 quidem
1708 2095 1819 2149 vita
1855 2110 1952 2164 per
1975 2095 2086 2150 dte-

522 2205 714 2246 mo‘nes
745 2189 1020 2244 atrocibus
1045 2188 1251 2244 morbis
1279 2187 1609 2255 illudemini;
1655 2188 1874 2258 quando
1906 2197 2088 2243 autem

525 2283 720 2336 anima:
767 2289 1015 2336 vestrzee
1065 2294 1294 2349 corpore
1343 2279 1674 2349 migrabunt,
1731 2279 1784 2332 in
1823 2289 2087 2333 aeternum

523 2389 715 2444 pmnas
741 2373 972 2437 solvent,
1008 2371 1250 2441 profecto
1273 2387 1380 2424 non
1405 2372 1549 2440 quod
1575 2370 1717 2425 Deus
1743 2370 2084 2437 condemnet,

523 2466 618 2522 sed
652 2466 793 2536 quod
820 2466 960 2519 mala
989 2479 1150 2533 opera
1175 2464 1278 2518 hoc
1308 2463 1925 2533 mereanturjudicium.
1952 2463 2085 2519 Nam

522 2560 800 2614 daemones
830 2566 1095 2627 potestate
1124 2572 1219 2626 per
1246 2556 1379 2625 ipsis
1409 2556 1666 2610 traditum
1699 2557 1880 2610 cibum
1926 2572 2085 2612 acce-

521 2662 633 2724 pta,
666 2650 862 2705 vestris
904 2649 1160 2702 manibus
1211 2647 1266 2700 in
1318 2654 1497 2701 veStra
1538 2646 1906 2700 immittuntur
1959 2662 2086 2700 eor-

521 2759 675 2813 pora.
741 2740 844 2795 Ubi
901 2741 1045 2794 enim
1105 2739 1382 2792 latuerunt
1423 2737 1596 2791 multo
1627 2746 1886 2805 tempore,
1919 2737 2082 2791 etiam

521 2853 646 2891 eum
670 2835 852 2889 anima
881 2831 1323 2888 conimiscentur.
1351 2828 1417 2881 Et
1453 2839 1671 2897 propter
1703 2828 2084 2898 negligentiam

520 2943 736 2994 eorum,
769 2927 862 2996 qui
892 2925 994 2980 sibi
1023 2922 1307 2993 providere
1324 2929 1540 2974 autnon
1565 2919 1824 2988 cogitant,
1856 2927 1951 2972 aut
1975 2935 2084 2974 non

517 3020 730 3082 volunt,
753 3015 1069 3072 eorumdem
1093 3013 1296 3077 anima,
1320 3026 1444 3066 cuin
1469 3025 1498 3062 a
1524 3023 1751 3078 corpore
1779 3018 2082 3079 separatur,

517 3110 748 3168 daan'ioni
780 3111 930 3163 unita
975 3106 1286 3162 necessario
1315 3104 1386 3159 ab
1432 3117 1496 3157 eo
1542 3102 1594 3156 in
1649 3103 1767 3158 loca
1805 3118 1928 3173 quae
1969 3103 2084 3172 ipse
2109 3128 2152 3186 ο

517 3205 636 3258 vult
687 3201 948 3256 defertur.
997 3199 1264 3268 Quodque
1293 3197 1680 3267 gravissimum
1728 3206 1830 3262 est,
1863 3196 2083 3265 quando

517 3295 574 3350 in
595 3295 841 3349 omnium
873 3290 1348 3347 consummatione
1378 3289 1589 3344 dzemon
1609 3289 1786 3358 primo
1819 3289 1870 3341 in
1894 3287 2082 3356 expia-

518 3389 684 3444 tionis
709 3388 888 3457 ignem
925 3385 1156 3440 traditus
1191 3383 1376 3447 fuerit,
1403 3397 1626 3438 necesse
1649 3388 1752 3447 est,
1790 3391 1850 3435 ut
1879 3383 1926 3435 ei
1957 3381 2081 3452 qui-

518 3481 640 3537 dem
673 3477 932 3549 permista
969 3477 1149 3530 anima
1175 3473 1458 3529 infandum
1492 3473 1546 3526 in
1573 3473 1793 3528 modum
1833 3483 2080 3539 vexetur,

518 3579 730 3634 daemon
757 3589 886 3630 vero
915 3574 1162 3646 gaudeat.
1188 3570 1282 3626 Illa
1310 3569 1602 3640 siquidem,
1631 3585 1754 3640 qua:
1781 3586 1846 3626 cx
1878 3571 2085 3629 lumine

518 3680 621 3736 est,
653 3678 965 3724 extraneam
1008 3666 1149 3737 ignis
1181 3664 1454 3720 ﬂammam
1486 3679 1596 3719 non
1653 3662 1834 3718 ferens
1865 3672 2084 3732 torque-

521 3774 643 3829 tur;
675 3762 764 3816 liic
790 3768 994 3824 autem,
1023 3758 1116 3828 qui
1163 3758 1218 3812 in
1273 3757 1491 3828 generis
1521 3757 1605 3811 sui
1635 3764 1717 3811 est
1753 3755 2080 3822 substantia,

516 3862 673 3918 valde
713 3861 947 3925 laztatur,
972 3874 1097 3913 cum
1119 3857 1315 3911 animae
1345 3856 1414 3910 ab
1437 3856 1556 3925 ipso
1585 3853 1861 3926 deglutitze
1887 3853 2082 3907 vincu-

516 3959 628 4012 luu.
661 3955 840 4011 factus
893 3953 964 4008 sit
991 3961 1155 4022 ruptu
1188 3949 1589 4006 difﬁcillimum.

583 4153 654 4207 Χ.
688 4152 843 4220 Quod
903 4159 1084 4204 autem
1133 4148 1410 4202 dazmones
1453 4147 1692 4217 gestiunt
1744 4147 1800 4201 in
1852 4161 2080 4216 corpora

516 4247 800 4301 hominum
824 4246 1049 4308 intrare,
1076 4242 1190 4296 haec
1215 4257 1378 4295 causa
1405 4250 1508 4295 est.
1542 4238 1680 4293 Cum
1709 4239 1819 4293 sint
1854 4240 2080 4309 spiritus

516 4347 569 4391 et
600 4346 856 4406 appetant
880 4335 1032 4390 cibos
1055 4341 1108 4387 et
1130 4341 1294 4402 potus
1323 4348 1386 4386 ac
1411 4332 1714 4397 libidinem,
1750 4347 1849 4386 nec
1870 4333 2083 4401 possint

2193 537 2362 590 μενοι,
2392 522 2568 576 καίτοι
2599 524 2699 594 τῆς
2733 523 3008 594 βασιλείας
3040 527 3218 579 αὐτῶν
3236 527 3643 599 ἀφαιρεθείσης,
3665 532 3767 584 αύ-

2187 614 2270 666 τοὶ
2296 613 2405 666 τῶν
2439 615 2806 670 συνελθουσῶν
2830 618 2878 649 ⁸⁸
2895 618 2996 691 θρη
3006 619 3200 673 σκειῶν
3219 621 3318 674 οὐκ
3337 621 3724 676 ἀπολείπονται
3747 639 3764 655 ⁸

2188 706 2280 758 ἐπὶ
2328 707 2580 761 τοσοῦτον
2625 710 2725 780 τῆς
2758 710 3034 782 ἀληθείας,
3069 712 3157 766 διὰ
3201 714 3246 744 ⁸³
3276 714 3377 785 τὴν
3411 715 3766 787 ἡδυπάθειαν,

2191 799 2562 871 προετίμησαν
2593 802 2694 872 τὴν
2724 803 2928 874 πλάνην
2962 805 3028 859 ³⁸.
3065 807 3128 860 Οἳ
3162 807 3254 860 καὶ
3290 807 3428 878 μετά
3463 809 3631 880 μέθην
3657 829 3768 864 πα·-

2194 891 2464 964 ραϐὡμιον
2489 894 2916 963 ἐπολολύζουσιν,
2951 900 3049 970 τῆς
3067 900 3244 974 ψυχῆς
3263 905 3327 956 ἐκ
3349 903 3545 974 βάθους
3576 905 3770 978 ῶσπερ

2187 982 2254 1035 δι’
2287 984 2511 1056 ὀνείρων
2545 988 2727 1052 αὐτοῖς
2756 990 2855 1061 τὴν
2892 991 3188 1062 μέλλουσαν
3222 996 3313 1048 ἐπὶ
3338 999 3460 1059 ταῖς
3491 997 3770 1062 τοιαύταις

2191 1076 2368 1129 αὐτῶν
2403 1079 2630 1148 πράξεσι
2666 1085 3141 1159 προαγγελλούσης
3170 1088 3460 1160 τιμωρίαν.

2262 1168 2397 1226 VIII.
2433 1173 2648 1226 Πολλῶν
2681 1171 2773 1228 οὖν
2802 1177 2860 1229 ἐν
2897 1176 2996 1248 βίῳ
3028 1179 3413 1250 παρελθουσῶν
3459 1181 3770 1253 θρησκειῶν

2192 1262 2471 1334 πάρεσμεν
2505 1267 2758 1339 φέροντες
2791 1269 2936 1339 ὑμῖν,
2967 1273 3015 1323 οἱ
3051 1272 3240 1340 ἀγαθοὶ
3275 1273 3503 1347 ἔμποροι
3535 1277 3600 1330 ἐκ
3632 1295 3770 1348 προ-

2189 1356 2360 1423 γόνων
2408 1360 2538 1428 ἡμῖν
2594 1361 2991 1433 παραδοθείσης
3041 1365 3133 1418 καὶ
3210 1365 3575 1439 φυλαχθείσης
3625 1370 3768 1442 θρησ-

2192 1449 2378 1513 σκείας
2411 1451 2476 1515 ”,
2511 1452 2587 1516 ὡς
2617 1453 2904 1525 σπέρματα
2936 1457 3115 1525 φυτῶν
3129 1458 3437 1525 δεικνύντες
3469 1462 3564 1515 καί¹
3580 1464 3674 1516 ἐπὶ
3694 1468 3768 1536 τῇ

2191 1540 2429 1614 ὑμετέρᾳ
2456 1544 2633 1616 κρίσει
2663 1547 2753 1598 καὶ
2778 1546 2995 1620 ἐξουσίᾳ
3024 1549 3280 1615 τιθέντες.
3317 1553 3390 1606 Τὸ
3409 1554 3538 1624 ὑμῖν
3573 1554 3769 1610 δοκοῦν

2191 1631 2529 1699 ἐπιλέξασθε.
2581 1635 2704 1689 Ἐὰν
2741 1637 2840 1708 μὲν
2861 1635 2954 1694 οὖν
2987 1641 3055 1694 τὰ
3102 1643 3347 1716 ἡμέτερα
3375 1646 3423 1678 ⁵⁸
3455 1647 3669 1719 ἕλησθε,
3699 1650 3765 1703 οὐ

2195 1723 2351 1792 μόνον
2379 1725 2426 1756 δ’
2457 1725 2716 1797 δαίμονας
2769 1732 2859 1784 καὶ
2888 1731 2956 1785 τὰ
2985 1734 3048 1787 ὲκ
3080 1734 3357 1807 δαιμόνων
3395 1738 3540 1812 πάθη
3571 1745 3769 1810 φυγεῖν

2188 1811 2497 1886 δυνήσεσθε,
2554 1820 2713 1889 202
2745 1821 2880 1876 ἀλλά
2931 1825 3085 1879 αὐτοὶ
3113 1827 3250 1881 αὐτὰ
3279 1829 3324 1860 ⁶⁰
3346 1811 3767 1899 φυγαδεύοντες,

2188 1906 2282 1958 καὶ
2303 1907 2671 1980 ἰκετευόμενοι
2708 1913 2801 1966 ὑπ’
2818 1916 3017 1981 αὐτῶν,
3039 1919 3261 1974 καὶτῶν
3285 1923 3459 1977 εἰσαεὶ
3485 1924 3768 1997 ἐσομένων

2188 1997 2407 2067 ἀγαθῶν
2440 2001 2791 2058 ἀπολαύσετε.

2258 2089 2347 2144 ΙΧ.
2393 2093 2607 2162 Ἐπείγε
2638 2097 2942 2153 τούναντίον
2968 2101 3025 2154 ἐν
3056 2101 3156 2173 μὲν
3175 2103 3253 2176 τῷ
3286 2105 3380 2160 νῦν
3398 2107 3496 2178 βίῳ
3525 2109 3631 2163 ὑπὸ
3649 2111 3771 2164 δαι-

2191 2182 2366 2252 μόνων
2398 2184 2706 2252 ἀλλοκότοις
2739 2190 2968 2245 πάθεσιν
3014 2194 3440 2268 ἐνυϐριζόμενοι,
3478 2201 3570 2254 ἐπὶ
3602 2205 3673 2272 τῇ
3699 2204 3770 2255 ἐκ

2186 2273 2279 2326 τοῦ
2315 2275 2563 2348 σώματος
2610 2281 2894 2356 ἀπαλλαγῇ
2929 2286 3021 2339 καὶ
3051 2287 3149 2352 τὰς
3174 2289 3350 2361 ψυχὰς
3376 2293 3548 2346 εἰσαεὶ
3596 2297 3766 2348 κολα-

2191 2366 2527 2438 σθησομένας
2548 2370 2718 2436 ἕξετε,
2753 2374 2820 2428 τὰ
2845 2375 3019 2448 ἀληθῆ
3055 2379 3167 2453 (22)
3197 2382 3259 2434 οὐ
3292 2381 3428 2436 Θεοῦ
3463 2387 3767 2441 καταδικά-

2187 2458 2390 2525 ζοντος,
2421 2462 2556 2516 ἀλλά
2584 2466 2766 2520 κακῶν
2802 2467 3052 2542 πράξεων
3090 2473 3344 2545 τοιαύτην
3381 2476 3619 2547 ἐχουσῶν
3642 2482 3767 2552 κρί-

2189 2568 2291 2605 σιν.
2317 2554 2379 2606 Οἱ
2411 2555 2518 2626 γὰρ
2543 2556 2811 2628 δαίμονες,
2833 2561 2921 2615 διὰ
2946 2565 3044 2635 τῆς
3063 2563 3246 2631 αὐτοῖς
3263 2566 3616 2640 ἀποδοθείσης
3638 2589 3768 2643 τρο-

2188 2643 2293 2735 φῆς
2319 2644 2558 2708 ἐξουσίαν
2591 2649 2822 2719 ἔχοντες,
2859 2655 2963 2708 ὑπὸ
2993 2657 3100 2710 τῶν
3129 2659 3407 2732 ὑμετέρων
3448 2664 3648 2735 χειρῶν
3680 2669 3768 2732 εἰς

2185 2734 2253 2786 τὰ
2287 2736 2524 2829 ὑμέτερα
2557 2743 2912 2815 είσκρίνονται
2949 2748 2990 2779 ⁶¹
3026 2749 3268 2821 σώματα.
3300 2730 3766 2829 -Ἑνδομυχήσανξ

2305 2826 2413 2895 γὰρ
2429 2831 2606 2903 πολλῷ
2639 2835 2717 2905 τῷ
2737 2837 2912 2909 χρόνῳ
2928 2842 3019 2895 καὶ
3033 2846 3098 2914 τῇ
3119 2844 3264 2917 ψυχῇ
3285 2826 3670 2920 ἀνακίρνανται
3691 2853 3760 2906 ⁸⁸.

2185 2918 2302 3018 Ka‘t
2349 2920 2436 2973 διὰ
2636 2928 2895 2999 ἀμέλειαν
2939 2934 3047 2988 τῶν
3098 2938 3308 3003 ἑαυτοῖς
3339 2940 3399 2991 ⁸³.
3418 2918 3632 3013 βοηθεῖν
3683 2946 3764 3018 μὴ

2185 3010 2446 3067 νοούντων
2479 3015 2512 3086 ἢ
2549 3020 2642 3072 καὶ
2677 3022 2750 3094 μὴ
2786 3023 3140 3104 βουλομένων,
3203 3032 3406 3088 τούτων
3447 3037 3626 3091 αὐτῶν
3667 3010 3763 3094 ἐπί

2184 3106 2249 3205 τῇ
2272 3105 2375 3205 ,τοῦ
2429 3107 2678 3205 σωματος
2717 3115 2869 3170 λύσει
2908 3121 2942 3191 ἡ
2973 3120 3119 3194 ψυχὴ
3150 3123 3228 3196 τῷ
3253 3126 3463 3199 δαίμονι
3503 3130 3764 3205 ἡνωμένη

2187 3198 2432 3293 ἀνάγκην
2464 3202 2576 3273 ἔχει
2626 3208 2886 3280 φέρεσθαι
2924 3214 3014 3266 ὑπ’
3043 3216 3206 3270 αὑτοῦ
3240 3220 3320 3283 είς
3349 3198 3459 3286 οὓς
3510 3198 3761 3293 βούλεται

2184 3290 2398 3392 τόπους.
2430 3293 2504 3347 Τὸ
2534 3295 2590 3348 δὲ
2613 3298 2829 3355 πάντων
2879 3303 3260 3375 χαλεπώτατον
3280 3352 3295 3375 ,
3331 3311 3468 3367 ἐπὰν
3501 3290 3546 3346 δι
3591 3315 3650 3368 ἐν

2184 3382 2292 3436 τῶν
2330 3385 2466 3440 ὅλων
2514 3392 2792 3466 συντελείᾳ
2822 3396 2851 3447 ό
2881 3396 3088 3469 δαίμων
3115 3400 3184 3454 τὰ
3223 3403 3413 3474 πρῶτα
3445 3406 3527 3470 είς
3554 3407 3617 3461 τὸ
3657 3382 3764 3463 καιζ

2187 3475 2366 3548 θαῖρον
2401 3479 2510 3552 πῦρ
2533 3482 2787 3558 ἀποδοθῇ,
2819 3489 2852 3559 ἡ
2877 3492 3243 3562 συγκραθεῖσα
3261 3495 3410 3568 αὐτῷ
3425 3496 3570 3570 ψυχὴ
3591 3500 3762 3570 ἀνάγ-

2185 3588 2287 3644 κην
2319 3572 2431 3644 ἔχει
2457 3577 2594 3648 αὐτὴ
2619 3578 2717 3648 μὲν
2749 3581 3076 3655 ἀπορρήτως
3102 3586 3441 3654 κολάζεσθαι,
3493 3592 3521 3644 ὁ
3551 3592 3608 3645 δὲ
3637 3593 3760 3647 δαί-

2188 3681 2301 3755 μων
2332 3667 2573 3737 ἥδεσθαι.
2623 3671 2685 3723 Ἠ
2715 3673 2824 3745 γὰρ
2857 3676 2920 3728 ἐκ
2948 3678 3123 3745 φωτὸς
3155 3675 3308 3745 οὖσα,
3342 3683 3441 3753 τὴν
3459 3680 3761 3755 ἀλλόφυλον

2182 3754 2276 3808 τοῦ
2309 3758 2480 3829 πυρὸς
2513 3759 2685 3830 φλόγα
2728 3765 2802 3834 μὴ
2837 3765 3074 3837 φέρουσα
3097 3809 3112 3834 ,
3149 3769 3514 3840 βασανίζεται,
3548 3781 3576 3831 ό
3607 3754 3662 3831 δὲ
3699 3783 3759 3833 ἐν

2183 3849 2246 3919 τῇ
2282 3849 2377 3901 τοῦ
2409 3850 2601 3918 γένους
2632 3853 2793 3908 αὑτοῦ
2815 3855 2891 3911 ῶν
2918 3859 3093 3932 οὐσίᾳ,
3127 3865 3377 3933 μεγάλως
3433 3869 3640 3940 ἥδεται,
3677 3873 3759 3925 δε-

2185 3945 2320 4016 σμὸς
2348 3946 2646 4021 δύσρηκτος
2666 3952 2952 4024 γενόμενος
2991 3957 3089 4028 τῆς
3129 3958 3219 4010 ὑπ’
3248 3959 3407 4013 αὐτοῦ
3457 3965 3759 4035 συμποθείιη

2185 4054 2284 4109 σης
2317 4039 2362 4071 ⁸⁵
2393 4041 2587 4112 ψυχῆς.

2250 4149 2318 4206 Χ.
2351 4154 2422 4205 Τὸ
2453 4153 2508 4206 δὲ
2539 4157 2584 4189 ⁸⁵
2599 4156 2724 4220 τοὺς
2753 4158 3010 4230 δαίμονας
3027 4163 3305 4234 γλίχεσθαι
3343 4168 3424 4230 είς
3441 4166 3509 4220 τά
3526 4169 3634 4222 τῶν
3658 4171 3756 4224 ἀν-

2183 4243 2652 4315 θρώπωνείσδύειν
2673 4249 2831 4320 203
2853 4251 3093 4323 σώματα,
3112 4256 3257 4308 αίτία
3281 4256 3438 4329 αὕτη.
3462 4259 3756 4331 Πνεύματα

2182 4336 2332 4402 ὄντες
2356 4342 2448 4392 καὶ
2473 4341 2572 4411 τὴν
2603 4342 2896 4414 ἐπιθυμίαν
2929 4346 3144 4417 ἔχοντες
3177 4351 3256 4413 είς
3277 4349 3459 4421 βρωτά
3493 4353 3583 4406 καὶ
3612 4355 3756 4408 ποτὰ

517 4445 730 4498 capere,
751 4430 1039 4498 quia,eum
1068 4427 1293 4496 spiritus
1316 4427 1447 4492 sint,
1478 4424 1723 4494 indigent
1743 4439 2075 4496 organorum
2109 4468 2110 4473 η

2192 4430 2273 4482 καὶ
2309 4433 2608 4498 συνουσίαν,
2661 4435 3092 4508 μεταλαμϐάνειν
3124 4438 3179 4492 δὲ
3227 4441 3300 4513 μὴ
3351 4441 3634 4512 δυνάμενοι
3665 4444 3755 4499 διὰ

517 4518 584 4570 ad
615 4533 773 4571 usum
804 4517 1266 4581 necessariorum,
1300 4517 1352 4570 in
1380 4516 1665 4570 hominum
1694 4515 2076 4586 ingrediuntur

2192 4521 2240 4573 τὸ
2268 4521 2550 4593 πνεύματα
2583 4521 2720 4580 εἶναι
2747 4529 2841 4582 καὶ
2877 4529 2919 4560 ⁸⁷
2953 4529 3158 4584 δεῖσθαι
3189 4533 3433 4604 ὀργάνων
3469 4534 3577 4589 τῶν
3614 4538 3754 4607 πρὸς

517 4623 746 4678 corpora
774 4645 790 4673 ,
839 4616 899 4662 ut
947 4617 1204 4678 tanquam
1242 4608 1609 4662 ministrantia
1645 4607 1887 4661 membra
1937 4609 2080 4663 nacti

2192 4615 2276 4686 τὴν
2309 4617 2500 4688 χρῆσιν
2559 4619 2897 4688 ἐπιτηδείων,
2958 4623 3039 4686 εἰς
3069 4623 3139 4677 τὰ
3183 4624 3484 4697 ἀνθρώπων
3517 4627 3750 4682 εἰσίασιν

517 4719 639 4774 quae
662 4701 886 4771 cupiunt
911 4702 1125 4771 possint
1147 4701 1413 4768 obtinere,
1449 4703 1562 4757 sive
1604 4702 1784 4764 cibos,
1819 4716 1915 4770 per
1943 4701 2077 4756 den-

2192 4705 2425 4777 ςώματα,
2463 4709 2567 4774 ἵνα,
2602 4709 2791 4783 ὥσπερ
2825 4713 3241 4784 ὑπουργούντων
3284 4718 3528 4790 ὀργάνων
3559 4722 3751 4792 τυχόν-

516 4806 600 4851 tes
654 4793 912 4855 hominis,
963 4793 1078 4848 sive
1129 4793 1434 4861 libidinem,
1473 4810 1568 4864 per
1603 4793 1858 4864 genitalia
1907 4794 2072 4850 illius.

2192 4815 2286 4863 τες,
2319 4793 2394 4854 ὧν
2430 4799 2671 4856 θέλουσιν
2716 4803 2990 4876 ἐπιτυχεῖν
3021 4808 3233 4865 δυνατοὶ
3258 4803 3409 4878 ῶσιν,
3461 4813 3571 4867 εἴτε
3605 4813 3752 4886 βρω-

1709 4919 1711 4922 ⁴
1811 4929 2044 4985 ῩΑΒΙᾹΞ
2084 4931 2481 4993 LECTIONES.

584 5028 631 5064 εδ
655 5023 1030 5093 παρελθουσῶν
1084 5024 1147 5079 Ο.
1247 5024 1292 5057 ³⁸
1324 5024 1409 5076 διὰ
1461 5023 1660 5078 excidit
1701 5037 1733 5078 e
1775 5037 1981 5080 recens.
2042 5026 2740 5093 Clerico-Sclnvegleriana.

627 5040 1030 5116 "TtaPEA‘UOUO'th
1084 5040 1147 5079 υ.
1240 5040 1409 5116 facta
1461 5040 1660 5116 exeunt
1701 5040 1981 5116 e‘recnens.
2042 5040 2740 5116 glericOTSclnvegleriana.
2845 5041 2892 5074 ³⁸
2918 5040 3062 5095 Fort.
3119 5043 3221 5115 leg.
3261 5046 3361 5116 τῆς
3397 5046 3608 5116 πλάνης
3683 5049 3744 5106 S.

517 5097 560 5132 “
602 5089 972 5192 (ξειῐῑῖῖδξξεξῐεῖὲ
980 5110 1060 5192 '1'.
1085 5094 1474 5192 ῖῆξξὲἒεὶῖσξν
1673 5093 2036 5192 φυλαξςὲξίῑαιι
2049 5096 2362 5192 θετιῑδξείετξ
2379 5089 2617 5192 3L3“:
2754 5108 2840 5192 ιι·
2868 5089 2948 5192 δέ.
2965 5089 3380 5192 “’⁸ῖνὲῖ›’ῖέιρὲἕὲι.
3405 5089 3750 5192 Ξξῖὲἑῖψσὶῖεὶ

515 5163 718 5264 Tuta:
750 5164 846 5264 μὲγ
875 5162 973 5264 οὖη
992 5163 1061 5218 τὰ
1089 5162 1332 5264 ἤιξτξξκι
1353 5165 1478 5264 ἀδελ
1499 5164 1550 5216 in
1576 5162 1640 5250 ρ.
1737 5169 1782 5202 ’⁸
1814 5162 2239 5264 μένοχονέοόηὶι.
2267 5173 2516 5264 ctiamﬂS,
2551 5162 2744 5264 μένους
2766 5177 2826 5231 C.
2846 5162 2949 5264 Λάο
2977 5162 3746 5252 τοιάῧεέἇῖέίᾶοὲοἶἷξε-ξᾶἶῖ

518 5236 560 5278 6'
583 5235 656 5287 Ita
683 5233 720 5287 S
749 5233 764 5298 ,
797 5233 1203 5305 είσκρίνεταιῐῖ,
1236 5233 1300 5288 Ο.
1377 5235 1419 5267 δ’
1447 5234 1606 5287 ἀνακί
1675 5233 1830 5288 ανται
1861 5234 1925 5302 S,
1945 5234 1988 5290 0
2019 5277 2034 5301 ,
2063 5233 2398 5311 ἀνακίρνατα
2425 5233 2513 5298 (λ’
2551 5233 2611 5277 ’⁸⁸
2638 5233 2820 5310 αὐτοῖς
2845 5248 2909 5303 Ο.
2986 5233 3198 5308 ita;
3324 5233 3570 5311 ’δ”ιτέῖ

518 5309 564 5344 ⁸³
587 5305 952 5358 συμποθείσης
971 5306 1031 5358 1)-
1077 5304 1122 5358 Ο
1151 5345 1166 5358 .
1193 5305 1569 5358 συμπαθείσης
1704 5307 1798 5358 aui
1837 5307 1982 5358 coni.
2014 5313 2410 5358 συμπανείσηρ,
2489 5323 2536 5355 σε
2562 5316 2656 5358 τοῦ
2687 5317 2742 5358 δέ
2769 5320 2955 5358 ερνίιιίι
2991 5297 3407 5358 ςηιιιςοηηέηηρ
3433 5296 3608 5358 ’ριηηε
3686 5303 3741 5358 ..³

518 5304 1032 5397 ξέῗυμεξρὶθείσηςί),
1053 5304 1122 5397 ίρ
1151 5304 1640 5397 ,Ιρυῂμπαθείσηςαϐ
2013 5304 2411 5397 ξδἰδιι.παιγ;εξίσηςἔ
2489 5323 2536 5397 0f
2562 5316 2656 5397 θεοῦ
2669 5317 2743 5397 δέ
2768 5304 2960 5397 scribit
2991 5304 3410 5397 Sebliemawn'nuvs

517 5371 795 5459 £66,369.
836 5371 1134 5462 ne‘cie.'.cr.
1163 5371 1320 5429 Hom.
1378 5391 1449 5442 IV,
1500 5371 1549 5430 9'.
1580 5371 1639 5430 s.
1671 5371 1800 5430 Dein
1835 5371 2114 5433 ὁθοὲιτῶν
2147 5371 2289 5436 ἱιιὈ.
2349 5371 2411 5416 ’έτ
2435 5387 2527 5439 καί
2563 5388 2622 5455 s,
2664 5385 2708 5441 0
2738 5371 3430 5464 ,idciéidei-éiiii'SKéTB
3461 5371 3745 5469 ’ἱὲὲἴὶγιὶἱί

517 5461 799 5516 πνευματα
825 5446 953 5499 ὂντα
979 5445 1203 5499 δεισθαι.

1801 5580 2165 5638 VARIORUM
2201 5583 2430 5641 ΝΟΤίΕ.

559 5668 1204 5766 hinec)
1228 5673 1369 5766 male
1392 5675 1561 5766 vertit,
1583 5693 1594 5726 :
1611 5678 2049 5766 gera‘nortnuod
2083 5677 2220 5736 Deus
2246 5683 2575 5752 (condemnet.
2627 5687 2828 5746 Eodem
2860 5690 3020 5746 modo
3053 5690 3121 5743 τὰ
3154 5689 3324 5766 ἁληθῆ
3355 5690 3737 5766 animos”

518 5751 814 5811 usurpatur
842 5744 987 5800 hom.
1024 5763 1101 5815 ιι,
1140 5745 1223 5816 12,
1252 5745 1360 5817 29;
1391 5761 1501 5814 xw,
1531 5744 1579 5801 7.
1611 5744 1687 5804 S..
1725 5747 1978 5803 DRESSEL.
