4004 6332
199 342 296 400 149

1245 326 1702 384 CLEMENTINA.
1737 350 1811 370 —-
1845 314 2126 374 HOMILIA
2161 311 2258 370 IX.

3320 294 3428 352 250

199 456 300 513 τῶν
329 453 423 508 διά
451 451 563 506 τῶν
589 450 636 484 ⁸⁸
667 447 958 522 ἀνθρώπου
1005 445 1230 501 ὀδόντων
1254 485 1269 511 ,
1315 445 1427 498 εἴτε
1461 442 1764 504 συνουσίας,
1796 489 1798 499 .

1903 433 2026 489 inde
2054 432 2126 488 ad
2145 425 2414 502 fugandos
2437 422 2716 479 daemonas
2739 411 3070 471 abstinentia
3089 418 3142 466 et
3157 406 3430 480 jejunium

200 548 278 603 διὰ
306 545 422 600 τῶν
456 542 670 598 ἐκείνου
732 540 966 597 αἰδοίων.
1003 537 1163 593 Ὅθεν
1189 537 1326 609 πρὸς
1369 539 1471 610 τὴν
1511 535 1620 590 τῶν
1656 534 1771 588 δαι-

203 643 373 716 μόνων
391 639 574 711 φυγὴν
601 639 636 709 ἡ
665 635 846 690 ἔνδεια
871 634 967 688 καὶ
993 635 1026 705 ἡ
1054 631 1275 704 νηστεία
1307 630 1402 686 καὶ
1432 631 1466 702 ὴ
1509 626 1772 697 κακουχια

200 731 528 788 οἰκειότατόν
551 731 667 784 ἐστι
704 727 974 800 βοήθημα.
1007 725 1070 778 Ei
1091 723 1201 795 γὰρ
1225 722 1319 776 τοῦ
1343 720 1773 794 μεταλαμῦἀνειν

201 826 351 898 χάριν
385 823 730 896 εἰσέρχονται
781 821 862 883 εἰς
910 816 1198 890 ἀνθρώπου
1235 816 1413 888 σῶμα,
1459 813 1700 885 δηλονότι
1727 811 1772 844 ⁸⁸

200 914 464 987 κακουχίᾳ
496 911 907 984 φυγαδεύονται.
950 908 1086 962 Ἀλλ’
1119 908 1304 977 ἐπειδὴ
1349 906 1464 960 ἔνια
1505 904 1776 974 δεινότερα

199 1007 537 1077 τυγχάνοντα
554 1003 971 1076 προσφιλονεικὴ
979 1019 1166 1066 σαντα,
1179 1000 1355 1054 καίτοι
1369 996 1609 1071 τιμωροῦ
1619 1013 1772 1068 μενα,

200 1102 268 1171 τῷ
291 1099 701 1171 τιμωρουμένῳ
743 1095 1037 1168 προσμένει
1074 1092 1324 1164 σώματι,
1357 1089 1445 1145 διὰ
1482 1088 1638 1143 τοῦτο
1670 1087 1775 1159 χρὴ

202 1190 573 1264 προσφεύγειν
601 1187 721 1260 Θεῷ
742 1189 930 1257 εὐχαῖς
962 1186 1057 1240 καὶ
1089 1184 1359 1257 δεήσεσιν,
1405 1181 1778 1253 ἀπεχομένους

204 1284 381 1353 πάσης
417 1283 466 1314 ⁷⁸
517 1279 829 1350 ἀκαθάρτου
875 1275 1230 1350 προφάσεως,
1268 1275 1414 1338 ὅπως
1455 1274 1490 1345 ἡ
1516 1273 1610 1326 τοῦ
1642 1271 1777 1326 Θεοῦ

205 1377 333 1459 χεὶρ-ηΙ
353 1377 440 1439 εἰς
461 1373 611 1426 ῐασιν
637 1370 804 1425 αὑτοῦ
840 1368 1136 1441 ἐπιψαῦσαι
1167 1366 1388 1437 δυνηθῇ,
1411 1365 1486 1428 ὡς
1511 1362 1673 1434 ἁγνοῦ
1688 1364 1780 1417 καὶ

206 1483 571 1529 πιστευοντος.

265 1557 361 1614 XI.
404 1559 498 1610 Δεῖ
513 1556 571 1610 δὲ
592 1555 686 1608 καὶ
718 1554 776 1608 ὲν
805 1555 923 1617 ταῖς
950 1552 1136 1622 εὐχαῖς
1153 1549 1213 1603 τὸ
1240 1545 1414 1618 τιΘεῷ
1437 1563 1780 1619 προσπεφευ-

210 1651 356 1718 γὲναι
389 1648 700 1718 ὁμολογεῖν,
732 1646 826 1699 καὶ
841 1641 1315 1716 διαμαρτύρασθαι
1348 1641 1394 1672 τ’
1414 1640 1512 1711 τὴν
1542 1637 1636 1692 τοῦ
1669 1637 1784 1690 δαί-

216 1760 366 1815 μονος
395 1743 501 1794 οὐκ
524 1740 815 1805 ἀπάθειαν,
842 1737 978 1792 ἀλλά
1014 1735 1320 1806 βραδυτῆτα
1356 1731 1432 1765 ’³ο
1471 1730 1648 1784 πάντα
1675 1728 1780 1799 γὰρ

1873 539 1928 585 οι
1950 497 2232 583 afﬁictatio
2250 516 2595 590 aptissimum
2627 520 2710 566 est
2753 508 3042 566 auxilium.
3097 501 3157 558 Si
3187 500 3332 557 enim
3366 497 3438 553 ad

1873 615 2164 674 fruendum
2209 607 2592 680 ingrediuntur
2644 602 2698 656 in
2728 613 2930 668 corpus
2963 593 3225 658 hominis,
3282 595 3438 660 patet

1875 712 1998 766 illos
2043 703 2220 777 fugari
2251 700 2563 757 afﬂictione.
2597 692 2798 748 Verum
2829 689 2956 758 quia
2999 685 3221 757 quidam
3267 680 3439 737 mole—

1875 803 2094 867 stiores,
2120 797 2212 853 ubi
2237 789 2636 853 contenderint,
2667 781 2918 855 quamvis
2941 779 3142 834 fuerint
3163 771 3438 845 castigati,

1873 907 2056 954 tamen
2106 893 2160 946 i'n
2211 888 2477 958 castigato
2527 893 2758 950 corpore
2800 879 3142 946 permanent,
3201 868 3324 922 ideo
3371 864 3439 919 ad

1881 986 2046 1040 Deum
2103 987 2318 1052 oportet
2371 972 2664 1043 confugere
2702 965 2959 1039 precibus
2986 973 3040 1018 et
3075 959 3436 1023 orationibus,

1878 1088 2042 1148 atque
2091 1071 2247 1129 omni
2273 1070 2484 1139 impura
2519 1061 2808 1119 occasione
2839 1052 3186 1118 abstinendo,
3235 1061 3296 1103 ut
3347 1046 3443 1101 Dei

1879 1146 2079 1226 manus
2109 1168 2164 1220 in
2195 1165 2343 1218 illius
2374 1159 2662 1216 sanitatem
2683 1152 2856 1225 possit
2875 1146 3156 1213 accedere,
3182 1152 3446 1212 tanquam

1879 1262 2005 1335 puri
2030 1276 2094 1316 ac
2117 1256 2307 1312 ﬁdelis.

1952 1546 2046 1603 XI.
2085 1543 2310 1614 Oportet
2348 1546 2528 1594 autem
2567 1533 2621 1588 in
2653 1527 2908 1601 precibus
2957 1519 3202 1578 conﬁteri
3257 1513 3446 1572 confu-

1886 1647 2030 1718 gisse
2057 1612 2157 1696 nos
2184 1637 2252 1692 ad
2299 1635 2491 1698 Deum,
2540 1637 2703 1697 atque
2735 1630 2994 1677 attestare
3044 1612 3307 1670 daemonis
3341 1624 3450 1663 non

1889 1701 2242 1794 indolentiam
2275 1725 2412 1795 ,sed
2463 1721 2812 1781 tarditatem;
2866 1720 3061 1768 cuncta
3117 1707 3259 1765 enim
3308 1701 3452 1758 ﬁdeli

216 1793 540 1815 Γνντπίηίί
803 1793 814 1805 ι
1015 1793 1064 1806 ιι
1238 1793 1248 1805 .
1689 1793 1699 1798 ν
1753 1793 1764 1799 -

211 1837 280 1907 τῷ
303 1833 621 1889 πιστεύοντι
669 1832 911 1900 γίνεται,
942 1826 1258 1884 ἀπιστοῦντι
1308 1826 1367 1880 δὲ
1411 1824 1583 1878 οὐδέν.
1628 1821 1786 1875 Ὅθεν

1903 1830 2050 1892 liunt,
2075 1793 2283 1878 inﬁdeli
2308 1829 2441 1871 vero
2466 1810 2622 1866 nihil.
2655 1805 2809 1861 Unde
2832 1801 2932 1873 ipsi
2957 1800 3253 1860 daemones,
3285 1793 3456 1848 scien-

215 1929 358 1982 αὐτοὶ
372 1929 422 1980 οἱ
441 1926 719 1996 δαίμονες,
755 1922 953 1986 εἰδότες
971 1914 1046 1974 ὧν
1063 1917 1416 1990 ἐπικρατοῦσι
1435 1917 1536 1986 τῆς
1557 1915 1790 1976 πίστεως

215 2023 304 2092 τὴν
336 2020 638 2091 ποσότητα,
669 2015 1033 2085 ἀναλογοῦσαν
1062 2010 1446 2083 ὲπιμετροῦσιν
1477 2007 1657 2062 αὐτῶν
1693 2005 1792 2077 τὴν

218 2114 495 2184 ἐπιμονήν.
543 2109 643 2163 Διά
685 2108 845 2162 τοῦτο
889 2109 1002 2170 τοῖς
1046 2103 1365 2159 ἀπιστοῦσιν
1425 2101 1789 2171 ἐπιμένουσιν,

219 2208 322 2268 τοῖς
355 2205 412 2257 δὲ
444 2201 761 2264 δυσπίστως
793 2197 1241 2270 ἐμϐραδύνουσιν,
1265 2197 1378 2258 τοῖς
1405 2193 1461 2246 δὲ
1482 2190 1794 2245 παντάπασι

225 2297 539 2350 πιστεύσασι
562 2295 656 2348 καὶ
687 2289 746 2346 εὖ
777 2290 938 2364 204
972 2291 1298 2362 πράττουσιν
1319 2287 1438 2341 οὐδὲ
1459 2285 1594 2357 πρὸς
1625 2284 1794 2357 ῥοπὴν

230 2388 370 2460 ὧρας
399 2390 627 2441 συνεῖναι
649 2385 922 2438 δύνανται.
940 2383 1002 2436 Ἠ
1022 2381 1129 2453 γὰρ
1147 2381 1294 2451 ψυχὴ
1313 2380 1378 2449 τῇ
1397 2377 1532 2448 πρὸς
1560 2375 1688 2428 Θεὸν
1705 2373 1797 2427 πίε

237 2498 343 2533 στει
367 2480 442 2541 ὡς
455 2480 528 2540 εἱς
540 2478 726 2539 ῦδατος
743 2474 904 2544 φύσιν
916 2491 944 2526 τ
954 2475 1185 2546 ραπεῖσα
1199 2471 1288 2523 τὸν
1301 2469 1528 2540 δαίμονα
1545 2468 1618 2529 ὡς
1639 2483 1796 2520 σπιν-

236 2571 373 2641 θῆρα
407 2569 568 2640 πυρὸς
595 2566 1002 2620 ἀποσϐέννυσιν.
1028 2563 1288 2634 Κάματος
1308 2557 1398 2614 οῦν
1421 2561 1566 2613 ἐστιν
1587 2558 1800 2626 ἑκάστῳ

232 2661 537 2732 ἐπινοηθῆναι
568 2661 616 2690 ⁷⁸
645 2659 746 2730 τὴν
782 2655 875 2709 τοῦ
909 2654 1101 2708 ἑαυτοῦ
1133 2653 1385 2724 δαίμονος
1412 2651 1608 2722 φυγήν.
1657 2649 1802 2701 Ἀνα-

230 2755 542 2826 κιρνάμενοι
575 2749 685 2823 γὰρ
716 2751 836 2812 ταῖς
854 2748 1072 2818 ψυχαῖς,
1108 2746 1257 2808 ὅπως
1274 2761 1360 2807 τις
1384 2743 1484 2814 τῆς
1501 2740 1664 2796 αὑτοῦ
1699 2758 1804 2793 σω-

229 2848 415 2919 τηρίας
448 2845 701 2917 ἀμελήσῃ
732 2842 803 2906 ⁷⁸,
842 2841 1164 2911 ἐνθυμήσεις
1199 2837 1335 2909 πρὸς
1365 2836 1400 2890 ἃ
1437 2834 1724 2906 βούλονται
1755 2832 1802 2866 ’⁸

233 2939 622 2995 ὑποϐάλλουσιν
658 2938 738 2999 εἰς
769 2935 859 2988 τὸν
893 2933 1122 2986 ἑκάστου
1145 2930 1289 2985 νοῦν.

294 3031 409 3090 ΧΠ.
451 3029 618 3082 Ὅθεν
649 3025 857 3091 πολλοὶ,
887 3025 987 3077 οὑκ
1007 3021 1206 3082 ειδότες
1239 3020 1402 3075 πόθεν
1434 3015 1802 3090 ὲνεργοῦνται,

1892 1927 1974 1974 tes
2011 1927 2202 1972 eorum
2224 1896 2366 1981 quos
2405 1905 2655 1961 obtinent
2683 1899 2804 1955 ﬁdei
2834 1895 3212 1968 quantitatem,
3243 1903 3308 1942 ex
3330 1900 3458 1956 pro—

1892 2009 2139 2082 portione
2163 2018 2320 2059 suam
2349 2000 2650 2055 metiuntur
2679 1990 3041 2048 mansionem.
3095 1979 3367 2048 Quocirca
3401 1977 3458 2030 in

1894 2099 2208 2157 inﬁdelibus
2239 2096 2616 2167 perseverant,
2650 2086 2705 2140 in
2745 2083 2814 2138 iis
2839 2087 3020 2136 autem
3048 2074 3144 2146 qui
3176 2084 3318 2143 aegre
3339 2083 3462 2124 cre-

1895 2192 2031 2249 dunt
2060 2188 2448 2248 immorantur;
2490 2193 2615 2235 cum
2641 2176 2711 2230 iis
2734 2188 2883 2235 vero,
2917 2168 3008 2240 qui
3039 2165 3257 2237 penitus
3285 2157 3462 2216 credi-

1896 2287 2094 2341 derunt
2118 2289 2172 2335 et
2198 2283 2386 2333 sancte
2417 2273 2628 2337 vivunt,
2653 2282 2756 2322 nec
2774 2263 2844 2318 ad
2870 2267 3211 2316 momentum
3252 2262 3464 2321 tempo«

1895 2377 1975 2431 ris
1995 2377 2227 2444 possunt
2260 2364 2587 2422 consistere.
2621 2360 2818 2413 Anima
2842 2356 3041 2427 quippe
3068 2364 3164 2420 per
3209 2346 3368 2401 ﬁdem
3406 2343 3463 2395 in

1898 2466 2068 2520 Deum
2092 2459 2250 2533 quasi
2281 2457 2334 2511 in
2365 2469 2520 2524 aqua:
2547 2459 2796 2506 naturam
2820 2458 3108 2508 conversa,
3161 2440 3465 2494 daemonem

1899 2557 2046 2611 velut
2073 2531 2364 2609 scintillam
2397 2545 2540 2616 ignis
2566 2539 2885 2609 exstinguit.
2947 2534 3128 2587 Labor
3165 2531 3349 2597 itaque
3382 2533 3468 2579 est

1900 2647 2219 2716 unicuique,
2245 2650 2308 2702 ut
2338 2638 2606 2705 intelligat
2636 2630 2900 2687 daemonis
2928 2627 3014 2681 sui
3039 2625 3247 2693 fugam.
3282 2617 3469 2688 Siqui-

1901 2738 2025 2795 dem
2056 2710 2183 2791 cum
2215 2732 2503 2787 animabus
2531 2722 2832 2793 conjuncti,
2868 2735 2977 2790 quo
3007 2713 3206 2784 aliquis
3236 2710 3467 2766 salutem

1905 2848 2059 2890 suam
2087 2827 2342 2898 negligat,
2366 2821 2728 2892 cogitationes
2755 2815 2821 2870 ad
2846 2827 2968 2884 qua:
2991 2809 3180 2864 volunt
3203 2806 3258 2858 in
3285 2802 3471 2871 cujus-

1905 2943 2011 3000 que
2035 2933 2272 2980 mentem
2299 2919 2574 2990 injiciunt.

1976 3017 2095 3073 XII.
2127 3016 2311 3083 Quare
2341 2989 2523 3075 multi,
2580 3003 2886 3060 nescientes
2936 2996 3080 3052 unde
3116 2989 3471 3062 inspirentur,

234 3128 344 3187 ταῖς
363 3123 477 3176 τῶν
511 3120 780 3193 δαιμόνων
812 3118 1008 3180 κακαῖς
1041 3081 1798 3185 ὑποϐαλλομέναις’.ἐπινοίαις

1906 3110 2093 3184 pravis
2141 3108 2451 3164 daemonum
2507 3092 2953 3168 suggestionibus
2980 3097 3238 3155 tanquam
3281 3081 3478 3135 animae

2493 3193 2499 3194 κ
2805 3184 2816 3194 .
2907 3191 2914 3194 _
3019 3179 3058 3194 η
3113 3192 3161 3194 ,_
3411 3171 3475 3194 μ,

235 3216 304 3279 ὡς
331 3214 411 3285 τῷ
451 3215 554 3285 τῆς
584 3213 760 3283 ψυχῆς
791 3209 970 3264 αὐτῶν
1019 3206 1263 3279 λογισμῷ
1314 3205 1664 3260 συντίθενται.
1716 3203 1807 3256 Διὸ

237 3307 364 3378 πρὸς
395 3306 528 3367 τοὺς
561 3303 752 3368 σώζειν
786 3301 982 3363 αὐτοὺς
1011 3285 1340 3370 δυναμένους
1374 3296 1546 3351 ἐλθεῖν
1584 3293 1811 3366 ὀκνηρό-

237 3414 375 3469 τεροι
428 3395 696 3464 γίνονται,
747 3393 836 3446 καὶ
893 3390 1090 3453 αὐτοὺς
1122 3389 1167 3421 ⁷⁷
1202 3373 1295 3441 ὑπ’
1333 3385 1509 3438 αὐτῶν
1547 3383 1654 3437 τῶν
1693 3384 1810 3436 ὲνε-

240 3486 535 3559 ερεώντων
563 3484 828 3555 δαιμόνων
853 3479 1267 3550 ἀναλισκόμενοι
1320 3475 1626 3544 ἀγνοοῦσιν.
1675 3471 1810 3525 ’Υπδ

245 3581 336 3652 μὲν
366 3574 464 3631 οῦν
496 3577 604 3630 τῶν
637 3578 760 3638 ταῖς
789 3573 987 3644 ψυχαῖς
1023 3570 1204 3626 αὐτῶν
1235 3567 1670 3639 ὲνδομυχούντων
1701 3566 1814 3619 δαι-

247 3671 415 3741 μόνων
447 3667 740 3722 ἐπιδίδοται
774 3667 954 3730 αὐτοῖς
985 3663 1351 3734 ἐνθυμεῖσθαι,
1386 3662 1461 3723 ὼς
1479 3659 1538 3712 οὐ
1567 3656 1816 3728 δαίμονος

246 3760 612 3833 ἐνοχλοῦντος,
675 3757 810 3811 ἀλλὰ
858 3756 1178 3827 σωματικῆς
1214 3755 1390 3816 νόσου,
1452 3747 1560 3804 οἷον
1600 3751 1633 3820 ἢ
1685 3748 1817 3819 ῦλης

247 3850 510 3922 δριμείας,
544 3849 580 3919 ἦ
614 3847 811 3918 χολῆς,
856 3846 889 3918 ἢ
941 3844 1281 3915 φλέγματος,
1340 3844 1372 3914 ἢ
1407 3842 1634 3912 αἵματος
1683 3841 1819 3910 ἀμε-

249 3943 394 4014 τρίας
418 3941 490 4006 ’⁸,
513 3941 548 4012 ἢ
589 3941 849 4011 μήνιγγος
882 3937 1210 4008 φλεγμονῆς,
1237 3935 1269 4007 ἦ
1304 3935 1463 3988 ἄλλου
1485 3933 1648 3997 τινός.
1671 3933 1734 3986 Εἰ
1763 3932 1819 3984 δὲ

254 4040 531 4096 καὶτοῦτο
559 4035 648 4110 ἦν,
689 4038 797 4091 οὐδ’
833 4035 964 4090 αὐτὸ
1006 4031 1346 4104 ἀπήλλακται
1393 4028 1642 4098 δαίμονος
1684 4020 1824 4087 εἶδος

256 4129 402 4189 εἶναι.
442 4135 508 4186 Ἢ
543 4132 650 4205 γὰρ
686 4128 914 4185 καθόλου
948 4127 1042 4180 καὶ
1073 4123 1282 4194 γεώδης
1311 4122 1455 4193 ψυχὴ
1479 4161 1494 4184 ,
1527 4119 1674 4191 αἰτίᾳ
1709 4116 1821 4189 (25)

256 4230 466 4282 πάντων
500 4225 606 4279 τῶν
641 4223 861 4296 βρωτῶν
908 4219 1274 4291 διικνουμένη,
1306 4215 1409 4269 ὑπὸ
1456 4215 1555 4285 τῆς
1586 4211 1826 4276 πλείονος

1911 3219 2024 3261 suae
2080 3193 2506 3257 considerationi
2572 3184 2941 3246 consentiunt.
3015 3179 3358 3248 Quapropter
3409 3171 3479 3228 ad

1912 3297 2036 3352 illos
2057 3292 2360 3355 adeundos,
2392 3285 2487 3357 qui
2519 3285 2669 3352 ipsos
2703 3291 2921 3335 servare
2944 3273 3181 3344 possint,
3214 3270 3354 3323 ﬁunt
3389 3281 3480 3322 so-

1913 3390 2164 3462 gniores;
2193 3397 2418 3452 eosque.
2441 3377 2509 3432 ab
2536 3369 2924 3430 insidiantibus
2949 3362 3290 3421 daemonibus
3313 3355 3480 3427 capti,

1916 3450 2187 3550 ignorant.
2245 3450 2432 3541 Itaque
2460 3482 2556 3538 per
2594 3467 2827 3520 latentes
2870 3461 2925 3514 in
2971 3470 3160 3514 eorum
3195 3450 3484 3508 animabus

1915 3573 2190 3627 daemones
2221 3565 2379 3620 datur
2408 3560 2516 3615 illis
2549 3554 2801 3624 intelligi,
2829 3567 2888 3607 se
2912 3568 3019 3605 non
3054 3565 3085 3603 a
3115 3549 3363 3602 daemone
3395 3556 3484 3594 ve-

1917 3662 2056 3727 xari,
2088 3658 2182 3715 sed
2214 3672 2244 3710 a
2268 3652 2512 3724 corporis
2552 3648 2768 3708 morbo,
2793 3643 3028 3712 exempli
3071 3639 3245 3711 gratia
3285 3637 3370 3690 vel
3417 3633 3486 3686 ab

1919 3758 2031 3814 acri
2061 3751 2311 3815 materia,
2335 3747 2419 3802 vel
2470 3759 2501 3798 a
2531 3742 2658 3803 bile,
2686 3738 2771 3793 vel
2807 3751 2836 3790 a
2866 3733 3059 3805 pituita
3079 3771 3094 3794 ,
3125 3730 3208 3784 vel
3255 3744 3284 3781 a
3319 3724 3487 3779 nimio

1921 3847 2206 3918 sanguine,
2236 3841 2322 3894 vel
2353 3837 2420 3891 ab
2448 3834 2784 3889 inflammata
2807 3825 3016 3881 cerebri
3041 3821 3379 3879 membrana,
3401 3814 3488 3868 vel

1922 3942 1990 3996 ab
2021 3909 2129 3993 alio
2158 3930 2449 4004 quopiam.
2506 3923 2664 3991 Quod
2718 3917 2820 3974 etsi
2854 3924 3030 3981 esset,
3091 3925 3267 3980 neque
3309 3909 3488 3977 ipsum

1922 4029 2194 4087 desineret
2216 4037 2338 4079 esse
2363 4015 2630 4074 daemonis
2647 4010 2875 4082 species.
2901 4002 3238 4062 Universalis
3260 3999 3406 4053 enim
3425 4009 3491 4050 ac

1927 4114 2202 4174 terrestris
2220 4112 2422 4176 anima,
2450 4115 2671 4177 propter
2697 4115 2892 4157 omnes
2911 4097 3064 4152 cibos
3087 4098 3400 4163 penetrans,
3423 4101 3492 4140 ex

1926 4210 2099 4268 nimio
2130 4207 2388 4262 alimento
2424 4197 2589 4254 nimis
2615 4203 2921 4263 assumpta,
2956 4191 3074 4260 ipsa
3115 4183 3334 4256 quidem
3372 4177 3492 4232 uni-

263 4270 462 4282 ’τ’-ὀων
511 4270 601 4279 'w'
641 4270 852 4296 ιἿ-ν--πν
915 4270 1172 4291 --ην-ννςν
1240 4270 1273 4290 ,ν
1513 4270 1551 4285 ,-

258 4322 458 4394 τροφῆς
492 4319 585 4372 ἐπὶ
615 4318 797 4369 πλεῖον
829 4312 1257 4386 προσληφθεῖσα,
1288 4307 1422 4378 αὑτὴ
1454 4307 1550 4378 μὲν
1583 4305 1658 4369 ὡς
1697 4322 1798 4374 συγ

1930 4313 2017 4358 tur
2040 4297 2256 4371 spiritui
2285 4303 2542 4362 tanquam
2567 4287 2734 4348 afﬁni,
2754 4286 2858 4339 hoc
2884 4291 2968 4337 est
2993 4275 3234 4333 bominis
3263 4270 3489 4331 animat;

2058 4390 2071 4394 ’
2317 4386 2327 4394 ⁸
2486 4390 2495 4394 ‘
2536 4381 2548 4392 ⁸
2685 4385 2727 4394 -μ
2793 4387 3030 4394 -μΑ----..-
3060 4375 3136 4394 -..ι
3217 4378 3340 4394 ﬂ...“
3379 4375 3489 4394 κη..-

259 4417 398 4483 γενεῖ
413 4412 627 4466 ἑνοῦται
647 4408 725 4479 τῷ
756 4407 884 4461 πνεῦ
893 4424 1042 4477 ματι,
1063 4407 1196 4476 ὅπερ
1213 4401 1522 4472 205ὲστὶν
1543 4397 1826 4470 ἀνθρώπου

1930 4390 2281 4464 quod'autem
2317 4386 2370 4438 in
2405 4381 2738 4437 nutrimento
2785 4387 3032 4430 crassum
3057 4375 3158 4433 est,
3216 4357 3340 4419 cum
3379 4375 3498 4414 σοι-υ

273 4453 627 4483 ⁶θ1⁶ηυ⁷ν⁹⁹ν⁹
658 4453 722 4479 ’νβ’
763 4453 1042 4477 ""'t"""'
1066 4453 1190 4476 ""t‘
1213 4453 1371 4472 υνυ
1647 4453 1658 4470 I

262 4506 419 4578 ψυχὴ,
455 4505 515 4559 τὸ
547 4503 604 4555 δὲ
638 4502 736 4572 τῆς
767 4500 970 4572 τροφῆς
1007 4497 1206 4561 ὑλῶδες
1247 4495 1326 4566 τῷ
1376 4493 1584 4565 σώματι
1634 4491 1797 4544 mea

1903 4508 1904 4518 ι
1934 4501 2062 4558 pore
2086 4482 2299 4537 unitum
2324 4485 2384 4531 ut
2406 4489 2566 4546 grave
2591 4471 2665 4526 illi
2692 4467 3017 4536 relinquitur
3041 4473 3333 4518 venenum.
3353 4453 3499 4520 Quo-

2107 4574 2118 4578 “
2322 4569 2354 4578 ”“
2465 4566 2478 4578 ⁸
2695 4570 2708 4578 Α
2742 4560 2763 4578 l"
2815 4558 3023 4578 ...-I!n--

267 4599 335 4660 ὡς
365 4597 534 4659 δεινὸς
554 4593 701 4664 αῦτῴ
721 4590 1068 4646 ὑπολείπεται
1103 4589 1197 4653 ἰός.
1233 4587 1324 4641 Διὸ
1350 4587 1442 4639 ἐπὶ
1487 4584 1700 4638 πάντων
1731 4601 1829 4638 κα-

267 4691 348 4743 λὸν
373 4692 406 4760 ἡ
435 4687 756 4758 αὐτάρκεια.

333 4779 466 4833 XIII.
501 4777 661 4840 Τινὲς
677 4776 733 4829 δὲ
754 4776 860 4828 τῶν
893 4772 1214 4843 κακούργων
1243 4770 1514 4843 δαιμόνων
1540 4768 1713 4832 ἄλλως
1741 4770 1828 4821 ὲν-

273 4869 598 4942 εδρεὺουσιν.
635 4868 746 4940 Τὴν
766 4866 940 4937 ἀρχὴν
965 4864 1085 4918 οὐδὲ
1111 4865 1194 4918 ὅτι
1214 4863 1260 4896 ⁷⁸
1287 4862 1425 4916 εἰσὶν
1456 4860 1827 4932 ἐμφαίνοντες,

1936 4579 2080 4636 circa
2107 4574 2160 4628 in
2189 4569 2443 4627 omnibus
2465 4566 2607 4620 bona
2631 4570 2714 4618 est
2739 4558 3046 4630 frugalitas.

2001 4753 2144 4810 XIII.
2179 4747 2282 4804 Alii
2305 4760 2438 4802 vero
2463 4739 2863 4798 malitiosorum
2896 4735 3206 4789 daemonum
3239 4729 3504 4786 insidian-

1936 4860 2022 4906 tur
2045 4847 2222 4903 aliter.
2251 4839 2576 4896 Nullatenus
2597 4833 2744 4890 enim
2768 4827 3120 4885 manifestant
3141 4842 3218 4892 se,
3233 4839 3300 4878 ne
3316 4829 3506 4878 contra

1567 5016 1801 5074 VARIzE
1838 5005 2235 5071 LECTIONES.

347 5129 393 5165 ⁸³
418 5127 544 5190 τοῦς
561 5126 621 5180 C.
643 5122 783 5177 Tum
812 5119 886 5173 id.
925 5117 1140 5190 ὀδόντας
1166 5121 1220 5170 et
1251 5111 1328 5190 1rd“
1338 5111 1544 5190 ἐκείνου
1587 5111 1778 5190 αἰδοῖῇ
1856 5106 2104 5190 οοῌδῆλον
2116 5101 2226 5190 ηὸτι
2243 5093 2336 5190 HC;

1541 5198 1609 5233 τα
1638 5180 1700 5234 C.
1735 5179 1871 5232 Tum
1898 5177 1954 5229 δέ
1977 5169 2086 5228 om.
2115 5169 2180 5224 0.

1590 5290 1604 5312 ,
1625 5258 1684 5303 ut
1708 5248 1879 5303 voluit
1908 5247 1966 5301 S.
2006 5246 2034 5315 β

285 5199 327 5237 τ’
349 5199 422 5268 τῷ
448 5181 562 5253 CF"
586 5188 1051 5303 διαμαρτύρεσθαι
1078 5185 1143 5240 0.
1217 5184 1271 5224 ⁷⁸
1303 5181 1500 5303 amas».

289 5267 470 5303 lum-m1
502 5265 548 5303 n
643 5271 690 5302 1t!
713 5261 849 5303 ὴηςλ
893 5276 972 5303 σει
995 5257 1058 5303 0-
1133 5262 1180 5294 Ίσ
1211 5252 1302 5303 Βού
1336 5269 1486 5303 ονται

288 5252 476 5322 ἑαυτοῦ
502 5265 568 5322 0.
643 5252 694 5302 τέ
713 5252 972 5333 ἀμελήσει
995 5257 1058 5311 0.
1113 5262 1180 5333 ’⁷⁸
1210 5252 1486 5333 βοῦλοχται

2441 5091 2487 5129 το
2519 5091 2575 5146 Ci
2622 5105 2681 5145 τε
2727 5093 2851 5142 ante
2903 5083 3084 5153 πάσης
3140 5078 3306 5153 omisi
3352 5091 3401 5130 e.
3441 5073 3504 5153 O_.

2243 5143 2645 5233 τίνέκνοηθῆναι
2666 5158 2726 5213 C.
2759 5155 2957 5233 Deinde
2981 5143 3075 5206 τοῦ
3099 5154 3154 5204 ἐν
3172 5148 3317 5233 αὐτῷ
3342 5162 3393 5215 p.
3415 5143 3508 5233 eo?

2039 5235 2333 5297 ούλεταιϐ.
2413 5215 2679 5288 ττίιῖδ.
2707 5227 3072 5297 τουςᾉοϋείιιιρ
3107 5215 3328 5297 accentu
3385 5215 3505 5297 cod.

288 5281 470 5350 ἑαυτου
502 5281 568 5322 U.
644 5281 690 5302 ⁷ο
713 5281 972 5333 αμεΛησει
995 5281 1058 5311 υ.
1138 5281 1180 5294 η
1210 5281 1486 5324 puumku
1517 5281 1561 5304 υ
1590 5290 1604 5312 ,
1628 5281 1684 5303 ut
1714 5281 1879 5303 vluuu.
1909 5281 1966 5301 υ.
2006 5281 2251 5315 γυνη-η.-
2278 5281 2333 5290 ν.
2495 5281 2570 5288 η..
2623 5281 2678 5287 η-
2814 5281 2829 5290 ν
2987 5281 2997 5293 ,

286 5341 363 5400 (ἶι,
390 5341 476 5409 qui
509 5334 840 5409 καὶτούτους
873 5326 1172 5409 proposuit,
1202 5323 1328 5386 τούς
1359 5320 1422 5377 0.
1497 5323 1544 5358 ’⁸
1577 5319 1812 5391 ἀμετρία
1834 5318 1897 5373 0.
1973 5318 2018 5350 ⁷³
2043 5314 2148 5368 Pro
2172 5310 2254 5362 ὅτι
2278 5305 2317 5363 S
2370 5303 2474 5375 legi
2502 5307 2617 5363 vult
2643 5299 2797 5364 ὅλως.
2824 5291 3179 5351 Tuminserui
3205 5288 3340 5340 εἰσιν
3363 5302 3412 5340 c.
3443 5281 3506 5340 0.

294 5393 486 5465 Dein'de
526 5410 561 5479 ὴ
601 5393 889 5461 delendum
923 5393 1076 5468 putat
1118 5393 1177 5450 s.

1568 5499 1935 5560 VARIORUM
1965 5496 2198 5557 ΝΟΤᾸΞ.

359 5639 470 5707 (25)
498 5636 567 5692 S:

301 5757 492 5836 mihi;
516 5757 824 5836 Essenis'et
850 5767 1122 5829 Ebionmis
1151 5764 1362 5838 (Wincr
1382 5803 1398 5833 ,
1445 5758 1700 5816 Zeitschr.
1733 5757 1838 5828 [ἠν.

657 5630 745 5687 διὰ
769 5627 910 5698 conj.
945 5625 1195 5698 Neander
1229 5628 1400 5698 gnosl.
1444 5619 1588 5688 Syu.
1628 5632 1682 5687 p.
1706 5615 1840 5698 #8.

297 5686 666 5775 vdééuh‘aieta
683 5719 746 5775 ex
756 5686 970 5775 plicévit
991 5686 1299 5775 Crednfrj'is
1323 5692 1376 5746 in
1393 5686 1847 5775 commentatione

1952 5613 2093 5667 wiss.
2134 5609 2316 5664 Theol.
2356 5607 2514 5676 1829)
2546 5623 2598 5677 p.
2625 5605 2750 5662 282.
2787 5603 2892 5658 τῶι
2914 5609 3039 5657 ante
3064 5593 3282 5669 βρωτῶν
3308 5593 3512 5650 adscri-

1954 5684 2036 5755 psi
2061 5700 2107 5740 c.
2141 5679 2204 5738 Ο.
2251 5681 2502 5735 Dnnssu.
