4004 6332
509 316 608 374 ἳ51

1353 311 1410 369 8.
1446 311 1829 368 CLEMENTIS
1865 314 1886 368 Ι
1916 313 2079 370 ROM.
2121 314 2320 372 ΡΟΝΤ.
2356 315 2583 374 OPERA
2619 320 2844 378 DUBlA.

3617 329 3712 387 Si)?

511 433 636 490 illos
648 431 968 495 adhibeatur
981 429 1582 502 diligentia,opportune
1594 431 2071 496 antem,occasiont

2185 430 2335 496 ὅπως
2365 434 2401 504 ἠ
2427 435 2547 487 κατ’
2581 435 2763 490 αὐτῶν
2786 435 2986 507 σπουδὴ
3013 437 3087 508 μὴ
3117 437 3360 509 γένηται,
3388 439 3634 513 εὐκαίρως
3659 446 3710 500 δὲ

495 523 833 586 ‘irae,amoris
861 530 955 578 aut
973 521 1194 577 alterius
1209 521 1510 590 cujuspiam
1537 531 1756 591 repente
1767 538 1860 577 seu
1883 521 2078 593 gladio,

509 628 606 667 seu
633 612 840 682 laqueo,
861 626 956 666 seu
998 609 1314 681 praecipitio,
1369 624 1463 664 seu
1493 611 1600 665 alio
1619 613 1854 680 quodam
1882 623 2076 668 contu-

508 705 726 759 meliam
759 704 1002 758 inferunt
1040 701 1278 770 corpori,
1301 709 1354 754 et
1380 701 1432 754 in
1467 702 1571 756 [ine
1595 703 1865 772 punitioni
1897 705 2072 774 subji-

507 795 661 850 ciunt
688 800 938 864 deceptas
967 795 1033 848 ab
1065 793 1198 862 ipsis
1224 808 1413 848 eorum
1457 797 1689 862 animas,
1743 797 2075 867 quibuscum

507 889 660 944 fuere
689 871 959 960 pet-misti,
1011 888 1150 942 sicut
1177 887 1439 955 diximus,
1490 891 1738 946 abeundo
1794 893 1847 945 in
1895 893 2074 963 ignem

505 980 890 1048 expiatorium.
917 977 1018 1031 Alii
1051 992 1179 1032 vero
1211 979 1459 1036 homines
1481 980 1638 1034 aliter
1668 980 1896 1036 insidias
1924 981 2073 1051 passi

507 1086 616 1124 non
646 1070 908 1124 accedunt
940 1071 1006 1124 ad
1034 1088 1156 1138 nos,
1187 1071 1394 1140 decepti
1447 1071 1812 1141 malignorum
1859 1071 2066 1124 daemo-

507 1177 637 1216 num
687 1161 1139 1230 inspirationibus
1169 1204 1184 1229 ,
1241 1171 1499 1232 tanquam
1550 1178 1580 1215 a
1627 1162 1733 1216 diis
1782 1161 1914 1230 ipsis
1968 1163 2070 1216 ista

506 1260 726 1322 propter
755 1252 1066 1322 religionem
1097 1269 1225 1323 erga
1261 1268 1356 1308 eos
1383 1254 1679 1322 patiantur.
1709 1254 1922 1321 possint
1943 1269 2072 1309 vero

507 1361 602 1415 per
643 1346 912 1400 sacriﬁcia
944 1347 996 1399 in
1024 1346 1253 1414 gratiam
1298 1362 1421 1400 cum
1458 1346 1526 1400 iis
1576 1346 1773 1408 redire,
1812 1346 2070 1416 quodque

505 1451 617 1488 non
663 1437 894 1490 debeant
923 1437 1081 1490 nobis
1128 1437 1405 1503 accedere,
1434 1437 1525 1492 sed
1555 1446 1742 1492 contra
1799 1437 1986 1508 fugere
2007 1454 2072 1495 ac

507 1533 631 1588 odio
684 1536 960 1603 prosequi.
1020 1534 1218 1605 Sicque
1249 1537 1481 1590 oderunt
1507 1552 1571 1589 ac
1627 1534 1902 1608 refugiunt
1955 1550 2068 1602 eos,

508 1623 598 1691 qui
633 1625 844 1680 illorum
864 1626 1044 1693 potius
1074 1627 1644 1697 miserentur,quique
1676 1627 1797 1682 illos
1819 1630 1885 1683 ad
1906 1629 2070 1684 bene-

509 1713 630 1768 ﬁcia
662 1715 1047 1784 insequuntur.

2181 521 2348 594 ὀργῆς
2368 525 2660 594 προφάσει,
2675 526 2896 598 ἔρωτος,
2919 527 2951 598 ἢ
2973 527 3134 580 ἄλλου
3169 527 3330 592 τινὸς,
3355 529 3470 598 ἤτοι
3496 531 3539 562 ⁸⁸
3557 532 3704 601 ξίφει,

2178 613 2215 683 ἦ
2248 613 2444 686 βρόχῳ,
2493 617 2524 687 ἢ
2559 618 2806 689 κρημνῷ,
2838 618 2869 690 ἢ
2924 618 3094 689 ἑτέρῳ
3147 618 3253 671 τινὶ
3287 619 3344 671 τὸ
3375 619 3524 690 σῶμα
3549 623 3707 691 αἰφνι-

2176 702 2304 766 δίως
2325 705 2712 778 ἐνυϐρίζουσιν,
2731 709 2824 761 καὶ
2847 710 2926 772 είς
2953 707 3102 771 τέλος
3125 708 3571 780 κολασθησομένας
3589 713 3703 766 καθ-

2178 791 2442 845 εστῶσιθί
2509 795 2616 847 τῶν
2682 795 3136 869 άνακεκραμένων
3172 796 3269 859 τὰς
3313 798 3646 869 ήπατημένας
3665 802 3706 833 ⁸²

2175 882 2360 946 αὐτοῖς
2387 883 2581 954 ψυχὰς,
2615 886 2693 950 ὡς
2736 887 2964 959 ἔφαμεν,
3021 890 3102 952 είς
3131 889 3191 941 τὸ
3222 888 3516 960 καθάρσιον.
3547 894 3709 964 χωρή-

2176 991 2368 1040 σαντες
2423 976 2551 1048 πῦρ.
2617 978 2797 1032 Ἄλλοι
2855 981 2910 1033 δὲ
2969 980 3141 1044 ἄλλως
3205 981 3593 1052 ἐνεδρευὸμενοι
3650 985 3706 1037 οὐ

2175 1068 2459 1138 προσίασιν
2492 1070 2641 1140 ἡμῖν,
2685 1072 2804 1134 ταῖς
2841 1071 2947 1124 τῶν
2979 1071 3300 1142 κακούργων
3343 1071 3598 1141 δαιμόνων
3627 1075 3703 1126 ἐν·

2175 1158 2471 1231 θυμήσεσιν
2491 1161 2861 1233 ἀπατώμενοι,
2883 1164 2959 1226 ὡς
2991 1163 3096 1216 ὑπὸ
3130 1162 3228 1234 μὲν
3257 1161 3364 1214 τῶν
3397 1161 3528 1214 θεῶν
3549 1162 3715 1216 αὐτῶν.

2171 1247 2349 1302 ταῦτα
2405 1251 2704 1320 πάσχοντες
2759 1250 2849 1305 διὰ
2880 1252 2979 1322 τὴν
3024 1251 3162 1322 πρὸς
3224 1252 3421 1314 αὐτοὺς
3451 1250 3710 1321 ἀμέλειαν,

2173 1340 2383 1405 θυσίαις
2403 1341 2460 1394 δὲ
2487 1342 2682 1405 αὐτοὺς
2711 1341 3046 1395 διαλλάσσειν
3069 1342 3377 1413 δυνάμενοι,
3410 1344 3500 1398 καὶ
3532 1344 3607 1396 ὅτι
3645 1343 3710 1415 μὴ

2173 1430 2276 1500 χρὴ
2309 1431 2506 1494 αὐτοὺς
2538 1432 2667 1501 ἡμῖν
2699 1432 2999 1502 προσιέναι,
3028 1431 3163 1484 ἀλλὰ
3190 1433 3487 1486 τούναντίον
3510 1434 3717 1503 φεύγειν

2164 1517 2260 1571 καὶ
2306 1519 2504 1588 μισεῖν.
2535 1518 2646 1572 Καὶ
2685 1518 2833 1590 ὁμῶς
2857 1518 2903 1555 ⁸³
2933 1519 3150 1590 μισοῦσι
3183 1521 3278 1574 καὶ
3321 1519 3571 1591 φεύγουσι
3597 1524 3709 1587 τοὺς

2167 1608 2366 1680 μᾶλλον
2397 1608 2677 1675 ἐλεοῦντας
2713 1610 2761 1643 ⁸⁸
2787 1611 2883 1666 καὶ
2927 1612 3016 1665 ἐπ’
3054 1613 3345 1685 εὐεργεσίᾳ
3386 1615 3575 1680 αὐτοὺς
3602 1615 3713 1669 διώ-

2164 1717 2378 1766 κοντας.

576 1805 718 1859 XIV.
767 1775 900 1861 Dium
948 1807 1241 1876 igiturnos
1293 1812 1417 1866 odio
1457 1812 1657 1867 habent
1711 1821 1764 1866 et
1820 1811 2070 1882 fugiunt,

2245 1808 2380 1863 XIV.
2415 1809 2715 1875 Μισοῦντες
2745 1806 2838 1865 οῦν
2870 1811 2962 1864 καὶ
2996 1811 3288 1880 φεύγοντες
3312 1811 3456 1882 ἡμᾶς
3493 1807 3716 1878 ἐνεδρεύ-

509 1898 727 1952 insidiis
777 1909 1130 1970 appetuntur,
1181 1903 1352 1971 ignari
1400 1903 1544 1958 unde
1599 1905 1734 1972 ipsis
1772 1905 2072 1975 contingat,

508 1998 569 2044 ut
596 1991 869 2045 contraria
912 1993 1071 2046 saluti
1108 2009 1221 2048 suae
1254 1987 1510 2049 sentiant.
1559 1993 1746 2064 Neque
1772 1996 1915 2048 enim
1941 2010 2062 2061 nos,

507 2083 553 2136 si
579 2083 752 2137 nolint
780 2084 847 2138 ad
883 2084 1113 2139 salutem
1145 2085 1500 2154 prependere,
1534 2101 1727 2157 cogere
1752 2102 1846 2141 eos
1871 2101 2072 2155 possu-

505 2188 650 2236 mus,
681 2173 806 2243 quia
838 2181 1043 2229 tantam
1086 2191 1230 2231 nune
1253 2192 1361 2231 non
1395 2177 1657 2232 habemus
1708 2178 1761 2231 in
1790 2178 1937 2247 ipsos
1967 2193 2067 2248 po-

509 2272 791 2328 testatem,
837 2280 1013 2334 neque
1064 2265 1164 2334 ipsi
1216 2282 1247 2320 a
1297 2267 1491 2334 seipsis
1541 2283 1762 2336 pravam
1809 2268 2071 2323 daemonis

508 2352 920 2422 inspirationem
975 2368 1203 2424 possunt
1258 2356 1558 2427 intelligere
1589 2373 1601 2407 :
1637 2358 1888 2411 nesciunt
1924 2358 2069 2412 enim

508 2445 650 2499 unde
681 2445 785 2499 sibi
812 2447 1074 2500 malorum
1123 2458 1484 2518 suggerantur
1511 2448 1887 2513 cogitationes.
1933 2447 2071 2504 Sunt

507 2546 686 2590 autem
714 2537 810 2603 illi,
852 2554 991 2606 quos
1014 2538 1286 2592 daemones
1309 2556 1415 2608 qua
1446 2539 1640 2593 volunt
1670 2539 1842 2594 forma
1900 2555 2069 2609 appa~

509 2636 714 2694 rentes,
750 2636 974 2682 terrent.
1049 2629 1324 2683 Interdum
1371 2644 1500 2683 vero
1555 2630 1774 2698 :egrotis
1829 2630 2069 2684 remedia

505 2718 889 2786 praescribunt.
931 2717 1108 2786 Atque
1136 2719 1209 2772 ita
1267 2719 1334 2772 ab
1365 2719 1453 2782 iis.
1485 2735 1624 2788 quos
1659 2720 1809 2789 prius
1852 2720 2074 2789 decepe-

506 2818 653 2875 runt,
695 2810 918 2863 deorum
965 2810 1224 2865 honorem
1286 2820 1583 2880 reportant.
1643 2811 1708 2865 Et
1763 2812 1908 2880 quod
1956 2811 2069 2866 da:-

506 2915 697 2954 mones
732 2901 879 2966 sint,
927 2901 1126 2954 multos
1178 2903 1338 2966 latet,
1390 2918 1498 2955 non
1560 2911 1739 2956 tamen
1789 2918 1889 2957 nos
1920 2946 1934 2969 ,
1973 2902 2068 2972 qui

504 3007 694 3045 eorum
759 2993 962 3047 scimus
993 2993 1334 3062 mysterium,
1369 3007 1534 3061 quam
1579 2994 1648 3048 ob
1697 3009 1922 3049 causam
1956 2995 2070 3050 haec

505 3080 729 3147 faciant,
761 3093 822 3136 ut
842 3083 895 3136 in
925 3083 1148 3137 somniis
1162 3098 1219 3136 se
1242 3082 1629 3140 transforment
1655 3085 1916 3140 adversus
1944 3086 2065 3141 illos
2089 3106 2138 3170 ρ

504 3176 596 3244 qui
650 3174 704 3226 in
742 3188 931 3227 eorum
996 3182 1123 3228 sunt
1193 3183 1478 3244 potestate,
1535 3184 1588 3232 et
1661 3177 1797 3232 alios
1847 3179 2062 3247 quidem

505 3273 766 3329 terreant,
823 3266 960 3320 alios
995 3281 1122 3320 vero
1166 3277 1426 3321 moneant
1482 3270 1722 3324 oraculis
1764 3279 1816 3324 et
1844 3279 2070 3338 poscant

505 3357 793 3422 sacriﬁcia,
835 3372 898 3411 ac
944 3371 1126 3411 secum
1150 3358 1295 3412 vesci
1323 3358 1572 3429 jubeant,
1602 3376 1709 3430 quo
1734 3360 1949 3414 illorum
1975 3362 2068 3416 de-

505 3449 736 3520 glutiant
764 3449 997 3504 animas.

576 3543 721 3613 XVJ,
744 3543 1213 3609 Quemadmodum
1270 3544 1417 3599 enim
1468 3544 1593 3599 tetri
1639 3554 1918 3614 serpentes
1966 3561 2067 3603 suo

506 3636 680 3689 halitu
741 3649 992 3704 passeres
1044 3632 1467 3698 attrahunt,.‘sie
1520 3643 1574 3688 et
1622 3634 1897 3690 dmmones
1933 3651 2066 3701 eos,

503 3729 596 3798 qui
646 3743 847 3783 mensae
889 3727 1106 3780 illorum
1159 3726 1449 3796 participes
1501 3735 1648 3790 sunt,
1704 3742 1799 3796 per
1827 3727 1980 3782 cibos
2009 3737 2065 3782 et

504 3830 665 3891 potus
696 3821 1047 3886 cumfmente
1083 3834 1272 3874 eorum
1330 3822 1610 3891 temperati
1659 3822 1726 3876 ad
1778 3821 2072 3878 suam'tra—

2173 1919 2343 1967 ονται,
2369 1903 2469 1956 οὐκ
2497 1903 2695 1966 ειδότες
2727 1903 2888 1957 πόθεν
2915 1904 3096 1966 αὐτοῖς
3121 1901 3192 1955 τά
3227 1901 3442 1955 ἐναντία
3465 1903 3528 1972 τῇ
3555 1898 3717 1954 αὐτῶν

2175 1993 2415 2065 σωτηρίᾳ
2465 1997 2677 2064 φρονεῖν
2706 1995 2933 2063 γίνεταισ
2985 1992 3107 2046 οὔτε
3167 1992 3280 2064 γὰρ
3333 1994 3490 2064 ἡμεῖς
3542 1992 3719 2053 αὐτοὺς

2176 2082 2250 2153 μὴ
2303 2081 2655 2154 βουλομένους
2695 2084 2830 2155 πρὸς
2889 2082 3158 2154 σωτηρίαν
3203 2082 3396 2136 νεῦσαι
3453 2080 3719 2152 βιάσασθαι

2171 2172 2464 2244 δυνάμεθα,
2495 2177 2616 2228 ἐπεὶ
2652 2175 2724 2245 μὴ
2747 2175 3012 2244 τοσαύτην
3053 2173 3147 2227 νῦν
3179 2176 3303 2227 κατ’
3337 2171 3512 2228 αὐτῶν
3543 2171 3724 2242 ἔχομεν

2173 2263 2436 2332 ἐξουσίαν,
2469 2265 2592 2319 οὔτε
2624 2266 2776 2319 αὐτοὶ
2817 2266 2908 2334 ἀφ’
2931 2265 3134 2318 ἑαυτῶν
3162 2266 3266 2336 τὴν
3294 2265 3468 2336 κακὴν
3495 2263 3584 2316 τοῦ
3617 2261 3720 2344 δαί-

2175 2374 2334 2428 μονος
2369 2356 2662 2428 ἐνθύμησιν
2691 2358 2877 2426 νοῆσαι
2897 2355 3169 2420 δύνανται,
3191 2357 3258 2408 οὐ
3287 2355 3395 2427 γὰρ
3427 2354 3596 2408 ἴσασιν
3612 2356 3721 2407 ὅθεν

2171 2449 2351 2512 αὐτοῖς
2386 2449 2547 2518 206
2567 2449 2622 2501 αἱ
2646 2446 2756 2502 τῶν
2771 2448 2952 2500 κακῶν
2977 2447 3303 2518 ἐνθυμήσεις
3333 2445 3726 2501 ὑποϐάλλονται.

2170 2541 2320 2593 Εἰσὶν
2347 2538 2402 2591 δέ
2437 2538 2545 2609 (ιιι)
2576 2530 2741 2602 οῦτοι,
2767 2537 2860 2596 οὓς
2891 2539 2939 2589 οἱ
2996 2535 3246 2606 δαίμονες
3287 2536 3408 2590 καθ’
3435 2536 3497 2600 ἃς
3525 2535 3722 2606 βούλον‹

2168 2648 2257 2682 ται
2311 2627 2522 2699 μορφὰς
2578 2626 2990 2696 ἐπιφαινόμενοι
3031 2624 3312 2694 φοϐοῦσιν.
3354 2625 3504 2679 Ἔσθ⁹
3543 2626 3625 2678 ὅτε
3669 2624 3726 2677 δὲ.

2170 2722 2264 2775 καὶ
2293 2725 2405 2784 τοῖς
2437 2718 2652 2773 νοσοῦσι
2683 2718 2977 2790 Θεραπείας
3011 2717 3422 2780 συντάσσουσιν,
3454 2716 3544 2770 καὶ
3566 2715 3722 2777 οὕτως

2170 2815 2282 2875 τοῖς
2305 2808 2780 2882 προηπατημένοις
2815 2808 2954 2861 θεῶν
2987 2807 3142 2874 δόξαν
3192 2809 3574 2879 ἀποφέρονται.
3624 2807 3722 2858 Καὶ

2167 2904 2292 2965 τοὺς
2313 2894 2792 2971 δαίμοναςθδῂεῖναι
2827 2899 2953 2962 τοὺς
2972 2897 3195 2962 πολλοὺς
3217 2897 3584 2961 λανθάνουσιν,
3604 2894 3734 2953 ἀλλὰ.

2168 2996 2264 3064 οὐχ
2277 2997 2308 3065 ή
2319 2969 2424 3064 μᾶς
2436 2992 2560 3054 τοὺς
2575 2969 2778 3054 εἰδότας
2798 2990 2974 3044 αὐτῶν
2989 2989 3049 3042 τὸ
3073 2991 3286 3060 μυστήρ
3299 2990 3556 3053 ιον,’τίνος
3579 2987 3730 3040 ἕνεκα.

2169 3083 2387 3136 τοιαῦτα
2429 3083 2781 3153 πράττουσιν,
2825 3079 3045 3142 ἑαυτοὺς
3093 3079 3208 3132 κατ’
3247 3079 3393 3150 ὄναρ
3411 3078 3528 3132 καθ’
3549 3072 3619 3131 ὧν
3643 3075 3731 3146 τὴν

2169 3175 2410 3243 ἐξουσίαν
2439 3174 2618 3244 ἔχουσι
2637 3171 3126 3244 μεταμορφοῦντες,
3140 3170 3348 3235 καὶοῢς
3365 3171 3460 3242 μὲν
3475 3166 3728 3239 φοϐοῦσιν,

2169 3262 2249 3332 οἷς
2273 3268 2329 3320 δὲ
2362 3263 2757 3338 χρηματίζουσι
2800 3265 2894 3317 καὶ
2927 3263 3116 3326 θυσίας
3147 3262 3447 3315 ἀπαιτοῦσι
3499 3261 3589 3315 καὶ
3621 3276 3731 3312 συν-

2169 3357 2448 3410 επιᾶσθαι
2507 3354 2815 3410 κελεύουσιν
2838 3394 2853 3420 ,
2911 3355 2996 3407 ἵνα
3028 3353 3204 3410 αὐτῶν
3242 3352 3352 3416 τὰς
3382 3351 3556 3423 ψυχάς
3606 3368 3728 3421 συμ-

2169 3453 2396 3506 πίνωσιν
2427 3452 2492 3507 ⁸⁸.

2237 3543 2354 3599 XV.
2399 3544 2485 3608 Ὧς
2516 3542 2624 3614 γὰρ
2650 3543 2698 3595 οἱ
2731 3542 2894 3596 δεινοὶ
2927 3541 3080 3610 ὄφεις
3110 3544 3223 3604 τοῖς
3252 3543 3440 3596 αὐτῶν
3467 3541 3728 3610 πνεύμασι

2168 3638 2296 3701 τοὺς
2357 3634 2646 3708 στρούθους
2700 3634 3058 3699 ἐπισπῶνται,
3097 3634 3236 3687 οὕτω
3268 3636 3367 3688 καὶ
3419 3634 3570 3688 αὐτοὶ
3613 3631 3728 3692 τοὺς

2170 3723 2681 3796 μεταλαμϐάνοντας
2717 3727 2818 3797 τῆς
2859 3727 3038 3782 αὐτῶν
3081 3728 3387 3801 τραπέζης,
3417 3730 3505 3783 διά
3540 3744 3601 3796 γε
3632 3724 3731 3778 τῶν

2166 3814 2387 3886 βρωτῶν
2418 3817 2514 3870 καὶ
2545 3817 2724 3871 ποτῶν
2765 3817 3164 3890 άνακραθέντες
3201 3817 3385 3874 αὐτῶν
3421 3819 3500 3891 τῷ
3530 3816 3633 3884 νῷ,
3657 3816 3732 3878 εἰς

505 3913 644 3979 hum
695 3913 1064 3975 voluntatem,
1124 3911 1585 3969 transformantes
1643 3931 1704 3969 se
1762 3913 1816 3968 in
1863 3915 2071 3970 somnis

2172 3907 2223 3960 τὸ
2250 3905 2377 3960 ἴδιον
2399 3907 2578 3960 αὐτῶν
2600 3909 2644 3940 ⁸⁷
2673 3907 3007 3965 ἐπισπῶνται
3032 3908 3300 3980 βούλημα,
3334 3907 3732 3981 μεταμορφοῦν-

503 4003 656 4072 juxta
709 4005 912 4058 formas
970 4004 1408 4069 simulacrorum,
1447 4013 1507 4058 ut
1545 4019 1784 4060 errorem
1818 4013 2068 4075 augeant.

2172 4014 2250 4064 τες
2275 4000 2498 4063 ἑαυτοὺς
2527 4001 2645 4054 κατ’
2675 4001 2806 4073 ὄναρ
2828 4001 2967 4058 κατὰ
2995 4000 3092 4066 τὰς
3115 4000 3222 4055 τῶν
3252 4000 3461 4067 ξοάνων
3500 4001 3639 4063 ἰδέας
3666 3998 3708 4030 ⁸⁸

506 4093 641 4149 Nam
691 4095 1042 4150 simulacrum
1099 4110 1276 4164 neque
1324 4096 1525 4150 animal
1580 4107 1682 4162 est,
1729 4112 1902 4167 neque
1938 4097 2071 4152 divi-

2173 4096 2260 4149 ἵνα
2291 4093 2390 4166 τὴν
2437 4092 2644 4162 πλάνην
2684 4090 3010 4162 αὐξήσωσιν.
3080 4089 3153 4143 Τδ
3203 4089 3313 4160 γὰρ
3379 4090 3567 4155 ξόανον
3621 4085 3734 4139 οὔτε

509 4203 638 4241 num
689 4188 852 4242 habet
904 4187 1190 4257 spiritum;
1223 4189 1318 4256 qui
1367 4204 1497 4243 vero
1547 4190 1795 4258 apparuit
1835 4190 2069 4258 daemon,

2173 4183 2310 4251 ζῶόν
2361 4186 2530 4247 ἐστιν,
2592 4181 2716 4235 οὔτε
2782 4181 2922 4234 θεῖον
2967 4180 3079 4252 ἔχει
3121 4180 3361 4251 πνεῦμα,
3414 4183 3443 4235 ὁ
3476 4181 3533 4234 δὲ
3560 4177 3734 4247 ὀφθεὶς

509 4278 690 4346 specie
735 4279 942 4333 abusus
999 4286 1102 4332 est.
1171 4277 1314 4344 Quot
1364 4278 1615 4334 similiter
1669 4280 1919 4337 homines
1975 4296 2071 4352 per

2172 4276 2374 4348 δαίμων
2420 4277 2487 4346 τῇ
2542 4275 2719 4346 μορφῇ
2768 4273 3136 4344 ἀπεχρήσατο.
3173 4272 3336 4324 Πόσοι
3361 4274 3406 4305 ⁸9
3441 4273 3560 4326 κατ’
3613 4270 3736 4335 ὄναρ

509 4369 781 4425 somnium
831 4369 900 4423 ab
951 4368 1072 4423 aliis
1109 4369 1211 4424 visi
1244 4378 1373 4424 sunt
1437 4377 1490 4424 et
1548 4369 1689 4424 inter
1733 4370 2068 4441 vigilandum

2172 4367 2367 4440 ὁμοίως
2421 4367 2596 4430 ἄλλοις
2626 4365 2903 4437 ὤφθησαν,
2939 4367 3031 4418 καὶ
3065 4364 3210 4435 ῦπαρ
3257 4357 3737 4436 συναντήσαντες⁹“

508 4458 657 4513 obvii
701 4457 872 4524 facti,
925 4457 1176 4528 factaque
1244 4457 1654 4527 comparatione
1711 4439 1835 4513 cum
1894 4461 2070 4515 somni

2176 4439 2424 4531 αλλήλοις
2457 4459 2593 4532 πρὸς
2639 4459 2839 4512 τὸκατ’
2871 4457 3002 4529 ὄναρ
3064 4455 3474 4520 άντιϐάλλοντες
3523 4456 3584 4507 οὐ
3620 4469 3737 4506 συν-

508 4549 652 4616 viso,
695 4563 805 4603 non
846 4551 1299 4604 consonuerunt?
1328 4549 1477 4605 Adeo
1524 4558 1586 4605 ut
1607 4550 1936 4607 insomnium
1967 4552 2073 4608 hoc

508 4640 620 4712 iam
666 4655 772 4694 non
817 4639 890 4694 sit
941 4639 1232 4710 apparitio,
1268 4640 1361 4695 sed
1411 4641 1656 4697 accessio
1687 4641 1772 4696 vel
1800 4641 2066 4698 daemonis

459 4732 596 4786 vel
631 4735 825 4786 anima:
851 4744 905 4798 ει,
971 4747 1093 4801 qua:
1141 4747 1208 4786 ex
1252 4732 1611 4801 praesentibus
1666 4741 1720 4786 et
1778 4732 2069 4802 cupiditate

2177 4552 2460 4625 εφώνησαν
2480 4569 2494 4618 ;
2513 4551 2652 4604 ὥστε
2682 4550 2781 4604 οὐκ
2811 4549 3062 4618 ἕτι207
3076 4548 3207 4619 ὄναρ
3236 4545 3738 4617 ἐπιφάνεια⁹¹ἐκεῖ-

2175 4647 2236 4701 νό
2261 4646 2428 4709 ἐστιν,
2462 4642 2574 4698 ἀλλ’
2607 4641 2640 4712 ἢ
2675 4639 2924 4711 δαίμονός
2971 4640 3118 4691 ἐστιν
3150 4639 3183 4710 ἦ
3218 4637 3398 4711 ψυχῆς
3424 4638 3494 4691 τά
3527 4639 3574 4670 θ’
3621 4639 3738 4689 ἐπι-

2177 4738 2492 4809 γεννήματα
2520 4735 2637 4797 τοῖς
2669 4730 2925 4803 παριοῦσι
2958 4728 3140 4798 φόϐοις
3187 4729 3281 4782 καὶ
3313 4728 3582 4798 ἐπιθυμίᾳ
3610 4727 3739 4779 am-

584 4857 612 4886 ⁸
632 4844 1029 4916 Congruentius
1057 4843 1245 4900 Graeco
1267 4853 1570 4900 verteretur
1603 4863 1616 4899 :
1653 4861 1768 4914 qua:
1795 4846 2016 4900 instanti
2040 4849 2217 4906 timori
2249 4848 2324 4903 vel
2359 4845 2641 4917 cupiditati
2673 4844 2873 4914 formas
2900 4842 3168 4896 attribuit.
3199 4840 3358 4894 EDIT.
3389 4839 3637 4896 Punon.

1813 4937 2045 4992 VARUS
2085 4939 2483 4996 LECTIONES.

586 5031 634 5103 ’Β
657 5029 692 5102 ἦ
712 5046 772 5103 τε
801 5029 842 5103 (ζ
873 5030 1018 5103 ,Λῆτε
1045 5029 1123 5103 S._
1174 5030 1219 5103 εξ
1239 5029 1562 5103 καθεστᾶσιν
1606 5030 1646 5086 C
1688 5029 2052 5103 ,καθιστᾶσιν
2075 5029 2132 5086 S.
2209 5031 2648 5103 "ﬂnampévogg
2669 5032 2730 5083 0.
2767 5101 2774 5103 _
2807 5025 2944 5103 "Ita
2973 5024 3012 5080 S
3041 5023 3175 5103 1qui.
3205 5023 3377 5088 οὕτως
3399 5023 3743 5103 εοηῖηόμίως

515 5099 651 5164 (1.0.
680 5099 690 5102 ’
733 5099 780 5132 ⁸⁸
801 5099 1060 5167 exeam;
1085 5101 1147 5156 Ο.
1205 5102 1250 5133 ⁸⁸
1272 5103 1398 5165 τοὺς
1422 5101 1504 5154 δαί
1551 5117 1678 5163 ova;
1699 5100 1817 5153 dedi
1839 5115 1903 5155 ex
1921 5102 2130 5156 con'ect

515 5172 578 5226 τὸ
597 5172 845 5226 δαίμονες
868 5171 925 5225 S.
987 5173 1032 5205 ⁸⁸
1045 5172 1381 5226 συιιπίνωσιν
1408 5170 1469 5226 S.
1497 5119 1550 5226 8
1571 5211 1586 5226 .
1619 5170 1972 5226 συμπίνουσιν

1571 5211 1586 5238 ,
1619 5210 1970 5238 νυΓ-ι-οννυνυν
2010 5210 2070 5226 ν,

515 5172 578 5226 τὸ
597 5172 845 5244 δαίμονες
987 5173 1032 5205 ⁸⁸
1045 5172 1381 5244 συμπίνωσιν
1401 5170 1540 5244 δ,ᾼο
1571 5211 1586 5238 ,
1619 5170 1972 5244 συμπίνουσιν

2143 5163 2188 5204 ⁸7⁷
2216 5173 2282 5226 δι’
2310 5163 2491 5226 αὐτῶν
2599 5163 2726 5224 ἴδιον
2757 5163 3009 5223 αὐτῶνθ.
3086 5166 3131 5197 ⁸⁸
3157 5163 3332 5238 εἰδέας
3358 5163 3420 5218 C.

2135 5141 2172 5164 .,
2189 5089 2550 5173 τοῦ’δαίμο’νος
2687 5101 2778 5170 qui
2804 5089 3066 5173 _copj.;:ot3
3087 5089 3452 5173 “Salppyaguut
3473 5089 3557 5173 est
3581 5089 3739 5173 ρ’,

3502 5164 3548 5196 ⁸³
3582 5163 3655 5217 Ita
3679 5160 3719 5214 C

519 5260 579 5297 ex
607 5228 840 5312 conject:
862 5243 916 5297 in
944 5228 1332 5311 marg.',1r660tg
1363 5228 1534 5296 id.'in
1574 5228 1773 5312 textu1
1804 5250 1866 5312 ut
1897 5239 1960 5312 Ο.
2036 5241 2081 5273 ⁸ο
2111 5240 2187 5296 Ita
2216 5244 2268 5296 in
2295 5259 2464 5309 marg.
2488 5228 2528 5296 (ξ
2562 5283 2578 5306 ,
2605 5241 2696 5311 qui
2719 5241 2771 5293 in
2793 5246 2938 5312 textu
2968 5236 3558 5306 ὑπερσυναντήσαντες,
3588 5243 3648 5287 ιιι
3677 5228 3738 5284 Ο.

520 5315 559 5348 ⁸⁸
583 5306 865 5384 ἐπιφανείη
905 5313 966 5368 0.
1029 5306 1153 5367 “ea
1174 5313 1368 5368 melius
1395 5306 1634 5369 abesset.
1658 5309 1716 5365 S.
1743 5309 2198 5384 Deindenapqiggi
2223 5313 2295 5384 ρ,
2316 5306 2664 5384 ex_eonject2,
2698 5309 2867 5379 παρία
2891 5309 2945 5360 in
2971 5317 3137 5361 textu.

1828 5379 2192 5439 VARIOBUM
2219 5381 2446 5437 NOTAE.

592 5473 706 5544 (24)
739 5473 1042 5532 Cotelerius
1082 5475 1135 5529 in
1172 5475 1423 5531 versione
1456 5475 1804 5530 vehementer
1846 5475 2066 5530 labitur.

521 5543 787 5616 Caeterum
812 5545 999 5616 Graeca
1035 5561 1250 5616 quoque
1277 5546 1418 5600 haud
1449 5561 1578 5616 sana
1611 5555 1759 5616 sunt.
1813 5544 2069 5600 Fortasse

522 5614 682 5668 verba
710 5616 845 5669 εἰσιν
876 5615 932 5670 δέ
961 5614 1216 5672 mutanda
1239 5626 1366 5672 sunt
1397 5617 1450 5669 in
1473 5614 1662 5679 ἄλλους
1684 5614 1741 5668 δέ
1770 5616 1857 5669 cui
1884 5629 2070 5669 emen-

521 5683 729 5758 dationi
765 5687 920 5758 iidem
947 5686 1075 5742 facit
1099 5687 1523 5758 Recognttionum
1551 5686 1707 5748 liber,
1723 5685 1879 5758 cujus
1905 5700 2065 5755 para-

526 5753 736 5823 phrasis
767 5755 877 5811 haec
923 5758 1181 5814 estzAliis
1223 5753 1380 5813 étiam
1432 5759 1687 5813 (Immone:
1728 5753 1929 5810 inrisit
1980 5771 2071 5825 per

2183 5476 2414 5530 diversas
2453 5476 2706 5544 imagines
2743 5479 3053 5544 apparentes
3119 5467 3383 5544 interdum
3428 5463 3608 5544 minus
3634 5458 3742 5544 .ξῇ-

2177 5547 2394 5600 tendunt
2422 5587 2437 5609 ,
2468 5530 2732 5599 interdum
2758 5530 3074 5614 A'segiitatet
3109 5538 3425 5609 pollicentur
3464 5535 3566 5614 (iv,
3590 5530 3740 5614 7.192.

2175 5615 2286 5672 Cfr.
2333 5603 2472 5670 inira
2497 5631 2545 5670 c.
2602 5615 2689 5668 M.
2752 5612 2810 5667 S.
2843 5611 2974 5666 Post
3018 5603 3162 5664 οὗτοι
3187 5614 3458 5664 commate
3477 5603 3742 5666 distinxi.

2179 5686 2558 5767 assumpsique
2583 5685 2676 5748 οὖς
2696 5699 2761 5761 ex
2788 5681 2854 5737 0.
2896 5679 3154 5736 DassssL.
