4004 6332
268 354 372 410 335

262 565 444 630 γεῖσα,
503 562 573 614 δι’
603 561 650 593 ’⁸
704 562 928 633 ὀνείρων
985 562 1085 625 τὰς
1134 561 1277 626 ἰδέας
1302 561 1648 615 ἀποκυῑσκει.
1677 560 1740 612 Εἰ
1780 558 1835 611 δὲ

258 653 332 706 τὰ
364 651 532 717 ξόανα
560 653 733 707 οἴεσθε
762 653 838 716 ὡς
870 652 1082 724 ἔμπνοα
1138 654 1448 724 ὑπάρχοντα
1492 651 1559 704 τὰ
1615 649 1837 704 τοιαῦτα

256 746 507 815 ἐνεργεῖν
564 743 854 807 δύνασθαι,
898 744 991 797 ἐπὶ
1035 743 1201 812 ζυγοῦ
1248 744 1641 813 ἐπιστήσαντες
1678 739 1835 804 αὐτὰ,

260 835 379 887 [σου
411 834 563 897 ὄντος
589 834 684 887 τοῦ
708 834 948 897 κανόνος,
968 835 1030 888 τὸ
1060 834 1383 905 ἀντίρροπον
1403 834 1495 886 ἐπὶ
1524 834 1622 903 τῆς
1646 832 1838 903 ἐτέρας

259 927 600 995 πλάστιγγος
641 926 827 990 θέντες
848 967 863 990 ,
897 925 1165 990 ἀξιώσατε
1214 926 1351 979 αύτά
1384 925 1416 996 ἢ
1452 924 1714 995 ὁλκότερα
1746 940 1838 992 γε-

256 1020 446 1074 νέσθαι
482 1020 515 1091 ῆ
546 1020 872 1090 κουφότερα,
906 1019 1002 1071 καὶ
1032 1017 1204 1079 οὔτως
1236 1016 1329 1071 ὲάν
1352 1017 1596 1087 γένηται,
1628 1014 1839 1085 ἐμπνοά

257 1115 426 1165 ἐστιν*
472 1110 587 1164 ἀλλ’
618 1112 680 1164 οὐ
698 1111 923 1179 γίνεται·
960 1110 1009 1162 εἰ
1044 1109 1100 1161 δὲ
1130 1108 1308 1171 ἐσται,
1335 1106 1487 1160 οὔπω
1521 1106 1583 1159 τὸ
1630 1104 1838 1158 τοιοῦτο

256 1202 382 1265 θεός
412 1204 584 1255 ἐστιν.
620 1203 729 1255 Καὶ
751 1200 859 1272 γάρ
879 1200 1124 1272 δακτύλῳ
1142 1200 1392 1271 δαίμονος
1408 1195 1836 1266 τοῦτονγενέσθαι

256 1295 505 1348 δύναται.
523 1293 631 1347 Καὶ
647 1292 925 1364 σκώληκες
939 1292 1233 1354 κινοῦνται,
1265 1290 1358 1342 καί¹
1370 1289 1480 1342 θεοὶ
1490 1288 1551 1341 ού
1566 1287 1832 1355 λέγονται.

346 1384 489 1440 XVI.
532 1386 654 1438 Ὀτι
686 1384 744 1438 δὲ
775 1384 910 1456 πρὸς
939 1382 1039 1447 τάς
1073 1380 1370 1454 προλήψεις
1400 1382 1436 1450 ἡ
1470 1380 1699 1432 ἑκάστου
1736 1378 1837 1447 ψυ-

259 1477 327 1546 χὴ
355 1474 501 1537 ἰδέας
524 1475 569 1506 ³³
598 1473 873 1543 δαιμόνων
906 1471 1258 1535 ἀπεικονίζει,
1292 1471 1385 1523 καὶ
1408 1470 1505 1539 οὺχ
1527 1470 1576 1521 οἰ
1599 1468 1828 1538 λεγόμε-

258 1583 338 1618 νοι
374 1564 490 1619 θεοὶ
524 1564 921 1632 ἐπιφαίνονται,
955 1562 1124 1632 σαφές
1156 1564 1305 1615 ἐστιν
1343 1562 1407 1614 ὲκ
1436 1558 1531 1612 τοῦ
1563 1560 1834 1622 Ἰουδαίοις

263 1657 334 1726 μὴ
367 1654 775 1725 ἐπιφαίνεσθαι.
825 1653 963 1707 Ἀλλ’
1016 1654 1133 1725 ἐρεῖ
1161 1669 1248 1716 τις
1272 1668 1286 1682 ·
1326 1651 1451 1714 Πῶς
1482 1646 1575 1709 οὖν
1613 1668 1832 1721 χρημα-

257 1749 465 1811 τίζουσι
520 1746 589 1800 τά
648 1747 913 1817 μέλλοντα
975 1744 1475 1817 προσημαίνοντες;
1530 1744 1624 1797 καὶ
1678 1742 1834 1796 τοῦτο

256 1838 448 1908 ψεῦδός
481 1841 648 1891 ἐστιν.
683 1837 923 1891 Δεδόσθω
953 1837 1010 1890 δὲ
1043 1836 1294 1907 ἀλήθειαν
1315 1836 1361 1867 ³⁸
1386 1831 1544 1900 εἶναι,
1578 1833 1729 1889 οὔπω
1776 1835 1836 1888 τὸ

256 1930 465 1984 τοιοῦτο
492 1930 614 1994 θεός
647 1931 815 1983 ἐστιν·
848 1929 910 1983 οὔ
934 1927 1043 1999 γάρ
1069 1927 1123 1981 εἰ
1148 1945 1202 1999 τι
1235 1928 1278 1960 ⁸⁷
1321 1926 1664 1997 μαντεύεται,
1714 1926 1836 1989 θεός

257 2024 426 2075 ἐστιν·
465 2024 551 2075 ὅτι
584 2023 680 2075 καὶ
715 2020 961 2083 πύθωνες
1008 1997 1383 2089 μαντεύονται,
1418 2018 1532 2072 ἀλλ’
1567 2018 1656 2086 ὑφ’
1678 2017 1835 2088 ήμῶν

255 2096 328 2177 ώς
356 2114 615 2183 δαίμονες
639 2110 1015 2182 ὲκριζούμενοι
1061 2100 1472 2179 ᾠυγαδεύονται.
1548 2106 1687 2159 Ἀλλ’
1722 2108 1838 2177 έρεῖ

255 2224 335 2269 τις
354 2224 368 2235 ο
406 2206 606 2268 Ἑνίοις
627 2201 921 2274 θεραπείας
944 2201 1394 2273 προστάσσουσιν.
1427 2198 1637 2261 Ψεῦδός
1656 2200 1799 2251 ἐστιν
1815 2214 1829 2227 ·

255 2298 484 2351 δεδόσθω
510 2297 565 2350 δὲ
599 2295 774 2358 οὔτως
802 2294 966 2364 ἔχειν,
996 2292 1148 2347 οὔπω
1178 2293 1241 2345 τὸ
1265 2284 1474 2345 τοιοῦτο
1502 2291 1623 2353 θεός
1656 2292 1828 2343 ἐστιν·

260 2390 352 2440 καὶ
408 2386 517 2457 γάρ
567 2385 744 2455 ίατροὶ
776 2383 961 2436 ἰῶνται
996 2382 1240 2445 πολλοὺς,
1277 2382 1370 2434 καὶ
1402 2380 1514 2433 θεοὶ
1545 2381 1646 2433 ούκ
1674 2380 1831 2433 εἰσίν.

278 2478 441 2529 Ἀλλά
498 2494 651 2548 φησιν
676 2492 689 2507 ⁸
758 2476 930 2545 ἰατροὶ
970 2474 1031 2527 ού
1067 2474 1282 2536 πάντως
1344 2473 1527 2527 ἰῶνται
1572 2472 1831 2536 ἐκείνους,

266 2564 342 2621 ὦν
373 2568 473 2636 τὴν
505 2567 755 2637 πρόνοιαν
799 2563 1105 2626 ποιοῦνται,
1151 2557 1296 2616 οὔτοι
1327 2562 1385 2614 δὲ
1417 2563 1513 2616 καὶ
1565 2562 1835 2634 χρηματί-

262 2675 453 2719 σαντες
478 2658 640 2727 208
668 2655 873 2710 ἰῶνται.
922 2655 1057 2708 Ἀλλ’
1084 2654 1258 2708 ἴσασιν
1289 2655 1337 2706 οἰ
1357 2653 1609 2724 δαίμονες
1639 2653 1707 2706 τά
1748 2653 1834 2707 όν-

250 2766 361 2812 τως
403 2750 540 2820 πρὸς
570 2749 801 2802 ἕκαστον
859 2746 1031 2810 πάθος
1062 2746 1534 2818 προσοικειωμένα
1557 2745 1603 2776 ’⁸
1636 2743 1827 2815 βοηθή-

252 2858 417 2911 ματα·
454 2840 538 2892 διὸ
575 2841 748 2911 ἰατροὶ
788 2839 1147 2910 ἐπιστήμονες
1177 2836 1357 2890 ἰᾶσθαι
1395 2835 1702 2905 δυνάμενοι,
1738 2838 1834 2888 καὶ

249 2931 421 2986 ταῦτα
453 2931 526 2984 τὰ
559 2932 606 2962 ⁹⁹
638 2931 741 2985 ὑπὸ
768 2929 1068 3002 ἀνθρώπων
1119 2928 1328 3000 [σθῆναι
1361 2928 1653 2998 δυνάμενα,
1698 2925 1835 2981 ἀλλά

251 3024 342 3079 καὶ
378 3021 623 3092 μαντικά
651 3022 779 3075 ὅντα
820 3022 915 3075 καί
956 3020 1131 3073 εἰδότα
1164 3019 1293 3073 πότε
1324 3018 1552 3072 ἕκαστον
1581 3018 1639 3085 ἐξ
1673 3018 1832 3071 αύτο-

1329 349 1789 406 CLEMENTINA.
1824 378 1895 392 —-
1928 345 2209 403 HOMILIA
2244 345 2335 401 IX.

262 464 515 541 διδούσης
549 487 649 533 τας
678 469 819 535 ἰδέας
847 472 917 526 ’³.
971 472 1004 542 ἡ
1042 470 1150 543 γάρ
1180 511 1195 534 ,
1232 471 1381 542 φόϐῳ
1411 471 1501 524 τὸν
1536 469 1659 523 νοῦν
1700 468 1833 539 πλη-

1939 466 2145 520 formas
2200 480 2291 520 seu
2360 462 2511 520 ideas
2584 464 2902 534 exprimit:

3393 354 3496 409 254

2950 466 3040 522 illa
3094 468 3239 523 enim
3306 469 3500 524 timore

1939 569 2171 615 mentem
2213 557 2456 627 perculsa
2499 572 2596 627 per
2623 557 2859 627 quietem
2910 559 3059 617 ideas
3108 561 3270 629 parit.
3317 564 3373 617 Si
3399 578 3499 619 au-

1939 665 2047 710 tem
2102 652 2427 708 existimatis
2453 660 2683 717 statuas,
2711 661 2897 720 utpote
2929 654 3079 708 vivas
3120 667 3173 709 et
3204 654 3497 724 spirantes,

1938 747 2045 801 ista
2073 759 2235 814 posse
2290 740 2519 809 efﬁcere,
2572 743 2626 796 in
2657 743 2925 813 aequilibri
2975 754 3179 800 statera
3228 746 3494 815 imponite

1935 853 2030 893 eas
2078 846 2133 890 et
2179 836 2233 890 in
2267 836 2431 889 altera
2464 835 2618 890 lance
2646 851 2745 905 par
2790 837 3002 906 pondus
3031 838 3311 903 collocate,
3343 847 3501 893 tunc-

1936 946 2043 1001 que
2082 937 2269 998 rogate
2316 929 2437 983 illas
2488 936 2547 982 ut
2596 928 3004 997 aut‘graviores
3054 928 3185 983 Iiant
3209 940 3303 985 aut
3325 930 3497 985 levio-

1938 1035 2049 1087 res,
2106 1027 2270 1088 atque
2318 1019 2365 1072 si
2412 1018 2487 1072 ita
2519 1017 2777 1083 evenerit,
2809 1020 3043 1073 vivunt:
3083 1020 3177 1074 sed
3230 1035 3339 1073 non
3374 1036 3500 1075 eve-

1936 1111 2091 1167 niet:
2136 1110 2281 1181 quod
2332 1110 2435 1165 etsi
2493 1108 2667 1171 ﬁeret,
2736 1109 2978 1164 nondum
3036 1111 3349 1178 bujusmodi
3412 1128 3500 1169 res

1936 1213 2078 1258 esset
2112 1216 2335 1256 numen.
2382 1199 2591 1254 Etenim
2634 1200 2896 1254 dasmonis
2931 1201 3179 1270 digitqiid
3219 1202 3356 1257 edici
3398 1220 3500 1272 po-

1937 1301 2063 1349 test.
2093 1291 2382 1347 Etvermcs
2415 1300 2725 1355 moventur,
2768 1307 2871 1346 nec
2902 1303 3079 1346 tamen
3115 1293 3371 1348 dicuntur
3401 1295 3499 1349 dii.

2004 1382 2148 1436 XVI.
2177 1381 2328 1449 Quod
2353 1392 2533 1436 autem
2576 1398 2639 1438 ex
2672 1382 3064 1452 anticipatione
3095 1384 3275 1438 anima
3311 1386 3503 1441 unius-

1937 1475 2205 1545 cujusque
2230 1474 2385 1531 ideas
2434 1474 2741 1529 daemonum
2770 1474 3020 1544 cllingat,
3064 1491 3174 1530 non
3222 1492 3351 1531 vero
3406 1478 3501 1547 qui

1935 1566 2189 1622 dicuntur
2235 1567 2309 1621 dii
2364 1575 2680 1636 appareant,
2722 1566 2929 1621 clarum
2987 1576 3071 1621 est
3119 1582 3188 1621 ex
3232 1582 3298 1622 eo
3353 1567 3499 1637 quod

1935 1673 1966 1712 a
2023 1656 2231 1714 Iudaeis
2275 1672 2384 1712 non
2439 1667 2758 1711 cernuntur.
2816 1656 2919 1712 Sed
2973 1658 3193 1727 objiciet
3257 1659 3498 1728 aliquis:

1936 1748 2056 1815 Quo
2089 1749 2251 1803 modo
2276 1747 2440 1817 igitur
2462 1762 2725 1816 responsa
2754 1749 2905 1811 dant,
2924 1748 3103 1802 futura
3132 1748 3503 1817 praenuntian-

1940 1841 2070 1895 tes?
2119 1838 2185 1893 Et
2233 1840 2337 1893 hoc
2390 1836 2586 1892 falsum
2642 1848 2765 1904 cst;
2800 1839 2893 1894 sed
2947 1854 3136 1894 verum
3199 1854 3320 1894 esse
3370 1854 3504 1893 cou-

1937 1932 2180 1995 cedatur,
2230 1931 2471 1984 nondum
2504 1930 2558 1984 id
2589 1930 2730 1986 deus
2777 1940 2875 1988 est.
2928 1928 3046 1985 Non
3085 1930 3254 1997 enim,
3298 1930 3501 2000 siquid

1935 2022 2285 2089 vaticinatur,
2316 2022 2450 2077 deus
2478 2032 2579 2077 est.
2612 2022 2749 2078 Nam
2773 2032 2826 2079 et
2846 2022 3119 2095 Pythones
3146 2022 3496 2092 praesagiunt,

1937 2130 2123 2169 verum
2159 2129 2189 2168 a
2227 2114 2406 2178 nobis,
2460 2124 2520 2168 ut
2544 2115 2857 2178 daemones,
2912 2114 3172 2168 eradicati
3222 2113 3499 2184 fugantur.

1936 2205 2005 2258 At
2048 2205 2191 2260 dicet
2229 2203 2498 2273 quispiam
2536 2223 2549 2258 :
2582 2203 2868 2259 Nonnullis
2906 2204 3149 2258 remedia
3206 2203 3477 2257 tribuunt.

1935 2295 2161 2351 Falsum
2227 2302 2349 2358 cst;
2404 2294 2498 2349 sed
2552 2295 2625 2349 ita
2677 2294 2877 2349 habere
2927 2294 3296 2360 concedatur,
3356 2308 3497 2347 non-

1934 2386 2063 2441 dum
2095 2386 2149 2440 id
2185 2394 2265 2440 est
2306 2386 2461 2440 deus.
2518 2384 2728 2440 Etenim
2789 2386 2984 2440 medici
3028 2384 3228 2440 multos
3279 2394 3495 2449 curant,

1935 2493 2035 2532 nec
2087 2478 2161 2531 dii
2210 2486 2357 2532 sunt.
2430 2477 2575 2541 Sed,
2637 2476 2834 2545 inquit,
2885 2476 3081 2531 medici
3141 2491 3250 2531 non
3304 2490 3495 2529 omnes

1936 2567 2057 2623 illos
2089 2576 2305 2633 sanant,
2332 2582 2563 2635 quorum
2612 2582 2799 2621 curam
2842 2567 3169 2635 suscipiunt,
3202 2567 3257 2620 hi
3287 2580 3411 2620 vero
3443 2573 3499 2619 et

1935 2674 2032 2729 per
2070 2660 2289 2714 oracula
2321 2666 2536 2713 sanant.
2565 2658 2634 2711 At
2661 2658 2843 2713 sciunt
2869 2659 3144 2713 daemones
3167 2701 3181 2724 ,
3222 2672 3344 2727 qua:
3368 2671 3496 2711 vere

1936 2751 2003 2805 ad
2060 2765 2504 2820 unumquemque
2552 2751 2802 2805 morbum
2855 2758 2978 2819 apta
3037 2758 3165 2803 sunt
3232 2750 3491 2803 remedia.

1936 2843 2114 2908 Quare
2163 2857 2285 2896 cum
2353 2841 2463 2897 sint
2494 2841 2647 2910 periti
2697 2841 2922 2905 medici,
2970 2838 3175 2894 mederi
3231 2839 3495 2904 valentes,

1936 2932 2097 3002 idque
2120 2932 2346 2997 morbis,
2374 2931 2465 3001 qui
2493 2936 2560 2985 ab
2586 2931 2896 2984 hominibus
2924 2941 3155 2999 possunt
3182 2929 3432 2999 cognosci
3450 2941 3501 2995 ι,

1935 3038 2169 3093 cumque
2204 3032 2350 3076 vates
2377 3022 2503 3086 sint,
2530 3022 2812 3089 sciantque
2843 3019 3061 3089 quando
3089 3020 3323 3088 quisque
3349 3034 3499 3071 mor-

255 3114 423 3183 μάτου
457 3112 843 3183 θεραπεύεται,
863 3111 984 3165 τότε
1014 3111 1372 3165 συντάσσουσι
1392 3110 1491 3174 τὰς
1514 3110 1831 3181 θεραπείας,

1940 3116 2042 3169 bus
2070 3130 2135 3169 ex
2170 3128 2228 3168 se
2261 3114 2378 3182 ipso
2404 3122 2645 3179 curetur,
2670 3112 2743 3166 ita
2785 3113 2918 3165 dant
2948 3110 3185 3165 remedia
3215 3150 3231 3177 ,
3288 3118 3347 3163 ut
3397 3109 3502 3164 sibi

251 3206 334 3260 ῐνα
364 3206 598 3268 ἑαυτοὺς
624 3204 1026 3275 ὲπιγράφωσιν.

316 3293 487 3347 XVII.
538 3294 692 3347 Ἐπεὶ
722 3292 809 3345 διά
841 3292 894 3345 τί
926 3292 994 3324 ¹⁰⁰
1027 3291 1165 3363 μετά
1200 3292 1367 3345 πολὺν
1396 3292 1589 3363 χρόνον
1620 3308 1837 3363 χρημα-

253 3385 460 3450 τίζουσι
515 3385 618 3449 τὰς
654 3385 864 3450 ίάσεις;
913 3383 1000 3439 διά
1030 3384 1204 3449 τίδὲ,
1238 3385 1287 3437 εἰ
1328 3385 1504 3438 πάντα
1560 3382 1834 3447 δύνανται,

254 3479 381 3532 ἄνευ
433 3476 533 3530 τοῦ
596 3475 924 3547 προσφέρειν
964 3475 1058 3527 τι²
1092 3474 1190 3545 τὴν
1245 3474 1387 3528 ἴασιν
1419 3475 1481 3529 οὔ
1516 3475 1832 3539 ποιοῦνται;

254 3572 389 3635 τίνος
421 3572 482 3625 δὲ
516 3571 698 3637 ἕνεκα,
723 3570 833 3622 τισὶ
874 3568 971 3639 μὲν
1003 3567 1319 3639 εὐξαμένοις
1342 3567 1635 3639 θεραπείας
1667 3585 1835 3640 προσ-

254 3665 564 3727 τάσσουσιν,
600 3661 761 3724 ἐνίοις
784 3660 840 3713 δὲ
866 3660 974 3713 ἐσθ’
997 3661 1084 3715 ὅτε
1109 3661 1201 3714 καὶ
1232 3661 1579 3731 οἰκειοτέροις
1601 3655 1750 3714 οὖσιν
1772 3660 1832 3712 ού

255 3752 713 3825 χρηματίζουσινς
735 3750 909 3813 οὔτως
927 3751 1125 3804 ὁπόταν
1147 3750 1204 3817 ἐξ
1233 3750 1538 3821 αὐτομάτου
1565 3750 1832 3822 θεραπεία

261 3845 422 3917 μέλλῃ
449 3842 720 3912 γίνεσθαι,
755 3842 1205 3911 ἐπαγγέλλονται,
1239 3841 1324 3894 ἵνα
1355 3841 1579 3905 ἑαυτοὺς
1612 3842 1836 3913 ἐπιγρά-

256 3934 443 4003 ψωσιν.
480 3933 663 3986 Ἀλλοι
694 3932 750 3985 δὲ
782 3934 1106 4004 νοσήσαντες
1140 3932 1234 3985 καὶ
1266 3930 1555 4002 εὐξάμενοι
1590 3930 1649 3996 ἐξ
1675 3932 1834 3985 αύτο-

264 4028 427 4098 μάτου
485 4025 836 4094 ὑγιάναντες,
869 4024 961 4087 οὒς
1009 4023 1435 4087 ἐπεκαλέσαντο,
1477 4022 1793 4093 ἐπέγραψαν
1817 4061 1831 4087 ,

261 4120 348 4172 καὶ
378 4118 710 4187 ἀναθήματα
757 4114 1038 4185 ἐποίησαν.
1077 4115 1139 4166 Οἰ
1195 4114 1379 4184 μέντοι
1413 4129 1476 4181 γε
1515 4114 1632 4183 μετ’
1667 4111 1832 4183 εὐχὴν

261 4211 700 4281 διαφωνήσαντες
730 4207 829 4271 τὰς
882 4206 1181 4276 ἀποτυχίας
1223 4204 1500 4259 ἀναθεῖναι
1549 4203 1611 4256 οὐ
1640 4203 1831 4256 δύναν-

261 4318 364 4354 ται.
416 4301 567 4373 Πλὴν
610 4300 659 4352 εἰ
691 4300 739 4352 οἰ
800 4299 1082 4367 συγγενεῖς
1137 4295 1246 4348 τῶν
1305 4292 1612 4348 τεθνεώτων
1650 4293 1683 4365 ἢ
1718 4294 1738 4324 ¹
1773 4292 1831 4360 ἐξ

264 4392 435 4445 αὐτῶν
478 4408 627 4455 τινες
653 4387 989 4462 άνεξήτησαν
1018 4388 1039 4420 ³
1071 4386 1171 4451 τάς
1215 4386 1546 4456 ἀποτυχίας,
1581 4384 1833 4448 πλείονας

1935 3214 2189 3261 eventum
2229 3205 2550 3259 attribuant.

2008 3295 2170 3351 XVII.
2223 3296 2479 3364 Alioquin
2500 3309 2595 3349 cur
2624 3304 2746 3365 post
2797 3294 3028 3348 multum
3082 3293 3343 3363 temporis
3375 3308 3505 3363 pro-

1936 3389 2160 3444 mittunt
2189 3387 2552 3443 curationes?
2581 3385 2693 3441 Cur
2749 3401 2878 3439 vero
2927 3386 2971 3439 si
3006 3394 3201 3440 cuncta
3253 3394 3503 3467 possunt.

1937 3481 2141 3551 absque
2193 3480 2270 3535 rei
2320 3479 2552 3548 alicujus
2594 3477 2904 3532 admotione
2935 3491 3043 3531 non
3087 3477 3322 3531 reddunt
3361 3477 3504 3531 sani-

1937 3580 2099 3626 tatem
2129 3571 2153 3623 ?
2201 3569 2375 3636 Quam
2419 3570 2580 3623 etiam
2622 3568 2692 3623 ob
2718 3583 2938 3622 causam
2972 3568 3251 3623 nonnullis
3280 3566 3502 3636 quidem

1936 3661 2283 3731 precantibus
2316 3661 2554 3716 remedia
2604 3661 2909 3728 imperant,
2958 3660 3285 3728 quibusdam
3346 3674 3499 3725 vero,

1926 3750 2310 3820 interdumque
2337 3749 2510 3819 magis
2540 3747 2925 3811 familiaribus,
2971 3763 3078 3802 non
3110 3749 3243 3803 dant
3273 3762 3505 3817 respon-

1922 3843 2025 3898 sa?
2054 3842 2274 3897 Scilicet
2299 3840 2519 3912 quando
2560 3839 2768 3895 sanitas
2805 3840 2948 3894 ultro
2985 3840 3356 3909 recuperanda
3398 3847 3503 3904 est,

1918 3934 2267 3996 pollicentur,
2311 3943 2368 3987 ut
2396 3932 2497 3988 sibi
2542 3932 2881 3987 sanationem
2910 3932 3200 3987 vindicent.
3239 3932 3346 3986 Alii
3375 3947 3506 3988 vero

1933 4026 2142 4099 agroti,
2174 4033 2295 4095 post
2344 4039 2532 4089 preces
2555 4037 2685 4077 casu
2737 4033 2955 4094 recepta
2983 4023 3236 4089 sanitate,
3270 4021 3335 4075 iis
3362 4035 3504 4091 quos

1933 4118 2319 4171 invocaverant
2381 4111 2794 4181 adscripserunt
2852 4122 2906 4168 et
2953 4112 3180 4167 donaria
3230 4113 3503 4182 appendeo

1934 4216 2081 4263 runt.
2149 4206 2252 4273 Qui
2307 4212 2486 4260 autem
2520 4213 2643 4275 post
2667 4215 2854 4260 votum
2880 4205 3091 4274 decepti
3131 4204 3500 4274 exspirarunt,

1939 4299 2239 4358 infortunia
2282 4313 2390 4352 non
2419 4307 2650 4367 possunt
2670 4297 2941 4353 dedicare.
2983 4298 3136 4363 Quod
3164 4299 3208 4353 si
3257 4308 3503 4353 mortuo-

1935 4408 2056 4447 rum
2086 4390 2271 4448 alﬁnes
2299 4392 2384 4447 vel
2409 4405 2601 4445 eorum
2642 4389 2834 4459 aliqui,
2870 4391 3087 4460 quoties
3103 4390 3215 4445 voti
3239 4392 3323 4447 sui
3352 4408 3505 4446 com-

265 4481 325 4533 ἂν
357 4483 645 4553 εύρήκειτε
701 4478 799 4542 τὰς
836 4476 1137 4547 ἀποτυχίας
1183 4474 1293 4528 τῶν
1326 4474 1347 4506 ⁸
1394 4472 1829 4543 ἐπιτευγμάτων.

1939 4490 2095 4553 potes
2124 4483 2252 4538 facti
2284 4497 2391 4536 non
2408 4480 2629 4548 fuerint,
2656 4480 2996 4551 indagarent,
3015 4481 3173 4551 plura
3189 4482 3505 4538 inveniretis

280 4573 409 4631 Ἀλλ’
440 4572 619 4635 οὐδεὶς
651 4567 1084 4643 προειλημμένος
1124 4565 1307 4628 αὑτοῖς
1348 4563 1439 4619 τὸν
1488 4564 1606 4617 κατ’
1654 4561 1833 4615 αὐτῶν

272 4664 483 4735 ἔλεγχον
538 4662 773 4731 ὲκφάναι
815 4659 996 4724 θέλει,
1058 4656 1372 4727 αἰδούμενος
1405 4654 1439 4725 ἢ
1473 4652 1833 4724 φοϐούμενος,

271 4756 398 4812 ἀλλὰ
426 4752 756 4816 τούναντίον,
784 4750 853 4805 τὰ
885 4748 1053 4803 πιστά
1097 4746 1277 4804 αὐτῶν
1324 4746 1652 4817 ἀτοπήματα
1704 4760 1835 4812 συγ-

273 4845 573 4915 κρύϐουσιν.

338 4958 494 5029 209
527 4954 714 5010 XVIII.
754 4953 916 5007 Πόσοι
947 4951 1004 5006 δὲ
1034 4950 1127 5004 καὶ
1159 4949 1582 5020 καταψεύδονται
1612 4963 1828 5019 χρημα-

1936 4576 2162 4631 adversa
2203 4588 2366 4645 quam
2411 4587 2692 4643 prospera.
2741 4570 2847 4627 Sed
2892 4573 3077 4628 nullus
3110 4572 3178 4628 iis
3218 4589 3505 4643 praeoccu-

1937 4676 2093 4737 patus
2119 4680 2305 4722 eorum
2330 4663 2768 4734 redargutionem
2793 4662 2910 4717 vult
2959 4663 3146 4733 eloqui
3175 4705 3191 4731 ,
3241 4664 3503 4718 reveritus

1936 4766 2032 4812 aut
2062 4766 2331 4824 metuens,
2355 4757 2466 4811 imo
2495 4764 2706 4822 contra,
2727 4753 3006 4825 explorata
3028 4754 3247 4810 illorum
3270 4754 3505 4811 crimina

1940 4850 2238 4905 occultant.

2010 4940 2199 4995 XVIII.
2241 4940 2412 5006 Quam
2442 4938 2594 4993 multi
2627 4952 2754 4992 vero
2783 4945 2835 4991 et
2871 4937 3091 4991 oracula
3134 4937 3506 4992 ementiuntur

338 5113 360 5141 ⁸
383 5110 581 5185 Legere
608 5107 824 5164 mallem
853 5119 978 5161 cum
1000 5102 1267 5160 Cotelerio
1301 5101 1500 5163 curari,
1537 5110 1591 5155 et
1621 5098 1674 5152 in
1699 5097 1833 5153 Grazi

1935 5096 2149 5161 αθῆναι.
2181 5094 2335 5150 Eon.
2364 5094 2603 5150 ΡΑτιιοι..

1559 5256 1793 5314 VARUS
1834 5251 2234 5309 LECTIONES.

340 5428 566 5492 ⁹³είδέας
586 5428 650 5485 C.
724 5426 772 5459 ”
792 5426 883 5480 διά
911 5423 968 5478 C.
991 5456 1006 5471 .
1048 5422 1094 5456 ⁸³
1120 5421 1294 5485 είδέας
1324 5421 1387 5477 C.
1439 5420 1485 5453 "
1505 5419 1585 5492 lla
1615 5420 1883 5492 scriptura
1910 5419 2031 5492 cod.
2067 5416 2247 5473 Ottob.
2280 5374 2742 5492 explicanda_esse
2766 5410 2996 5492 videtuﬁr.
3013 5399 3508 5492 gccusagigofe‘us

276 5469 698 5569 esseriavn'i‘v‘i‘dit
726 5469 1037 5567 δ,ἶὶήὸὲά
1056 5469 1883 5614 vulgofv’rlt‘ort:ﬁgitﬁgit
1915 5469 1970 5522 ἦ
1982 5469 2457 5569 *προσωκειώιίενα
2485 5486 2545 5537 0.
2604 5484 2647 5514 9"
2670 5483 2738 5535 τά
2762 5482 2902 5566 delet
2931 5479 2985 5534 S.
3013 5475 3147 5529 Tum
3184 5470 3390 5557 ἰαθῆναι
3420 5469 3462 5522 (1
3490 5505 3507 5532 ν

278 5569 517 5614 tamen
556 5567 638 5614 Cl-
674 5568 899 5614 Lahllllr
932 5562 1157 5614 Schwea
1179 5578 1306 5614 erus
1339 5561 1481 5614 uuod
1526 5560 1592 5614 ad
1626 5562 1910 5614 lectionem
1949 5559 2224 5614 Cotelern.
2254 5588 2322 5599 -—
2346 5556 2543 5609 Deinde
2574 5550 2806 5614 μαντικὰ
2831 5568 2957 5603 οντα
2977 5547 3068 5599 καί
3096 5544 3271 5595 εἰδοτα
3297 5541 3362 5593 ad
3401 5542 3507 5614 dat-

278 5562 517 5638 ἰασθῆναι
556 5567 638 5621 Cl.
674 5562 1157 5638 Labitur'Scbweg

273 5632 454 5694 monas
488 5638 954 5706 referendumgest,
998 5634 1066 5688 de
1083 5632 1296 5706 quibus
1332 5646 1471 5706 saepe

1179 5541 1306 5617 erus
1339 5541 1910 5632 qhéd"5d°l‘c_éiiqd¢m
1949 5541 2224 5632 Cotelerii.
2254 5541 2543 5609 -—'Dcinde
2574 5550 2806 5624 μαντικὰ
2831 5551 2957 5632 ὄντα
2977 5541 3382 5632 καίηείδὸτ-αηξλιιῃ

1669 5611 2074 5700 {saginam
2089 5611 2465 5700 iprteccss‘ertt,
2514 5611 2704 5700 neutro
2727 5636 2917 5700 genere
2938 5616 3174 5700 loquitur
3197 5619 3382 5700 auctor
3400 5611 3509 5700 lin-

276 5655 454 5694 monas
488 5645 954 5697 rcl'erendum'est,
998 5645 1066 5688 de
1097 5645 1296 5703 quibus
1332 5646 1493 5701 saepe,
1566 5646 1681 5685 uas:
1723 5645 1791 5683 τα
1829 5645 2074 5700 οαιμονια
2112 5645 2465 5697 ριίεοοδεοιηιι,
2514 5645 2704 5679 llt‘UU'O
2727 5645 2987 5693 generem
3030 5645 3165 5670 υιιυι
3197 5645 3371 5695 aut..."

276 5710 543 5765 Ilziliarum
593 5707 770 5778 Supra
802 5692 851 5760 οἶ
884 5704 967 5771 10,
1002 5712 1056 5758 et
1082 5702 1220 5757 infra
1247 5718 1295 5755 c.
1329 5701 1415 5765 19,
1445 5645 1597 5754 Ξθὲ.
1676 5700 1744 5731 ¹⁰⁰
1765 5698 2013 5753 δύνανται
2078 5740 2090 5752 .
2116 5698 2201 5751 διὰ
2232 5697 2282 5748 τί
2314 5698 2373 5749 0.
2405 5693 2542 5749 Tum
2580 5695 2717 5747 idem
2745 5690 2906 5743 πολὺν
2931 5645 3115 5759 χρόνον
3138 5698 3340 5767 χρονον
3376 5696 3481 5751 χρη

276 5778 570 5822 ωιτίἷηυτι-
718 5775 832 5822 tet:
861 5778 919 5822 0.
1009 5775 1028 5804 ³
1048 5772 1078 5822 ἦ
1109 5772 1315 5822 addidit
1345 5770 1408 5822 Ι).
1516 5773 1537 5801 ³
1559 5769 1921 5822 συνεζήτησαν
1952 5770 2012 5822 C.
2039 5716 2167 5822 Best
2198 5764 2493 5822 άποτυγίας
2513 5778 2790 5822 perperam
2827 5769 3023 5822 puncto
3047 5759 3481 5822 lllilel‘ldtSIlltM.‘

2082 5786 2115 5822 0

718 5775 832 5839 ιτις
861 5778 919 5829 o.
1009 5772 1080 5843 si}
1109 5772 1315 5843 addidit
1345 5770 1408 5825 ι).

276 5778 571 5847 perlimat.

1516 5773 1537 5801 ³
1559 5769 1921 5840 συνεζήτησαν
1952 5770 2012 5824 C.

2119 5778 2167 5822 st
2198 5764 2493 5837 ἀποτυχίας
2512 5778 2790 5837 perperam
2825 5754 3023 5831 puncto
3047 5754 3488 5829 uiajoridisttnse

276 5838 370 5905 rat.
410 5838 605 5906 Ictum
634 5846 867 5909 restituit
888 5843 967 5921 ⁸Ι).
998 5838 1135 5899 Tum
1166 5842 1445 5917 εὑρήκειτε
1475 5839 1535 5913 S,
1560 5838 1621 5908 Ο,
1652 5838 1917 5919 εὑρήκητε
1944 5840 2003 5901 C.
2081 5839 2213 5914 ‘_rﬁv
2236 5840 2291 5892 Ο.
