4004 6332
538 343 647 401 335
1413 342 1469 397 S.
1508 338 1894 397 CLEMENTIS
1925 341 1944 395 l
1987 339 2150 396 ROM.
2186 340 2387 397 PONT.
2425 340 2653 397 ()PERA
2689 342 2916 399 DUBIA.
3671 348 3764 404 256

541 458 965 528 curationesque
1015 472 1080 512 ex
1130 456 1321 512 iisdem
1370 455 1578 523 factas,
1621 472 1759 527 quas
1792 454 2104 525 juramehtis

2221 455 2451 526 τισμοὺς
2499 456 2593 507 καὶ
2643 455 2937 527 θεραπείας
2981 454 3041 521 ἐξ
3086 453 3269 509 αὐτῶν
3311 454 3761 524 ἀποτελεσθείσας,

541 567 763 623 quoque
792 550 1159 606 conﬁrmant?
1197 548 1348 616 Quot
1388 560 1567 604 autem
1598 547 1845 602 mercede
1881 547 2027 615 ipsos
2057 560 2104 600 se

2220 548 2316 602 καὶ
2347 546 2547 611 ταύτας
2596 547 2939 618 βεϐαιοῦνται
2990 547 3129 619 μετά
3170 548 3379 619 ὂρκων;
3426 546 3574 602 πόσοι
3603 549 3653 602 δέ
3682 551 3763 604 ἐπὶ

544 642 908 705 tradiderunt,
962 641 1055 710 qui
1106 642 1431 696 commentis
1477 639 1807 709 quibusdam
1853 636 2114 692 nonnulla

540 743 735 803 sponte
782 732 931 802 passi
973 742 1138 802 atque
1167 732 1243 786 ita
1287 732 1641 802 praedicantes
1672 786 1678 793 ,
1707 746 1831 785 cum
1862 745 1893 784 e
1922 729 2115 783 morbo

539 840 639 895 per
694 826 998 880 remedium
1049 824 1457 891 convaluerint,
1512 824 1737 879 oraculo
1786 823 2112 893 promissam

540 916 712 971 fuisse
740 918 1029 971 sanitatem
1075 926 1349 981 asserunt,
1381 925 1443 971 ut
1472 916 1727 971 stolidum
1760 915 1964 970 cultum
1995 923 2112 970 sta-

542 1004 772 1060 biliant?
800 1004 973 1071 Quam
1018 1006 1186 1060 multa
1242 1021 1403 1076 porro
1450 1020 1516 1059 cx
1560 1005 1667 1060 illis
1702 1004 1970 1075 principio
2015 1019 2113 1075 per

540 1099 808 1169 magicam
853 1108 1022 1153 artem
1074 1107 1292 1168 peracta
1344 1107 1505 1167 sunt,
1560 1108 1621 1153 ut
1654 1113 1751 1168 per
1799 1098 2011 1153 somnia
2059 1104 2114 1152 et

536 1193 763 1247 oracula
828 1192 1291 1261 prmdicerentur?
1343 1202 1579 1245 attamen
1653 1192 1813 1260 longo
1869 1200 2111 1260 tempore

538 1286 655 1339 haec
681 1300 900 1355 quoque
932 1284 1083 1339 fraus
1122 1285 1307 1339 desiit.
1345 1282 1490 1349 Quot
1521 1293 1700 1337 autem
1741 1282 1852 1351 jam
1892 1283 1993 1335 ista
2020 1282 2112 1336 tir-

538 1392 690 1432 mare
739 1376 1019 1447 cupientes
1066 1377 1357 1446 prastigiis
1409 1376 1678 1430 utuntur?
1731 1375 2000 1429 Caeterum
2065 1376 2111 1430 si

536 1468 669 1539 quid
702 1468 1031 1523 vaticinatur
1055 1469 1136 1523 vel
1167 1476 1342 1531 curat,
1374 1483 1481 1521 non
1528 1468 1582 1522 id
1614 1468 1795 1521 statim
1839 1468 1975 1522 deus
2003 1476 2105 1522 est.

606 1556 749 1614 XIX.
788 1557 923 1612 Nam
958 1559 1100 1614 Deus
1123 1559 1307 1614 omnia
1338 1567 1534 1627 potest.
1570 1558 1618 1612 ls
1649 1559 1791 1612 enim
1822 1568 1906 1613 cst
1932 1558 2110 1612 bonus

535 1664 601 1704 ac
635 1650 848 1720 justus,
880 1666 1026 1705 nunc
1058 1651 1111 1704 in
1144 1659 1370 1706 cunctos
1416 1652 1646 1719 patiens,
1694 1659 1752 1703 ut
1786 1650 1879 1719 qui
1924 1650 2109 1705 volue-

534 1742 665 1808 rint,
697 1744 1015 1811 pmnitcntia
1047 1743 1114 1797 de
1160 1744 1318 1797 malis
1366 1759 1395 1797 a
1433 1758 1491 1797 se
1536 1743 1843 1797 commissis
1889 1752 2010 1797 acta
2053 1752 2107 1799 et

533 1838 643 1887 vita
671 1834 757 1902 pie
781 1842 1076 1900 transacta,
1106 1849 1170 1888 eo
1192 1834 1279 1888 die
1306 1848 1416 1903 quo
1440 1835 1695 1888 universa
1718 1834 2107 1903 judicahuntur

533 1938 633 1994 pro
673 1925 868 1978 merito
901 1924 1225 1994 percipiant.
1278 1923 1620 1994 Quapropter
1665 1941 1809 1980 nunc
1862 1926 2105 1995 incipite,

534 2024 754 2085 propter
800 2016 998 2070 bonam
1040 2018 1427 2087 cognitionem,
1458 2018 1703 2087 persuasi
1740 2033 1769 2072 a
1803 2018 1933 2081 Deo,
1971 2020 2109 2073 resi-

532 2114 676 2162 stere
702 2108 898 2162 vestris
942 2108 1124 2177 pravis
1160 2108 1549 2177 cupiditatibus
1578 2117 1631 2162 et
1660 2108 2103 2177 cogitationibus,

524 2214 643 2270 quo
690 2200 911 2270 possitis
941 2200 1197 2270 primani,
1245 2216 1367 2267 qua:
1414 2200 1655 2253 humano
1695 2200 1875 2270 generi
1907 2200 2107 2256 tradita

529 2289 655 2356 fuit,
704 2292 996 2346 salutarem
1044 2291 1445 2345 observantiam
1492 2307 1765 2347 revocare.
1826 2292 1918 2349 Sic
1960 2293 2104 2348 enim

527 2384 687 2438 vobis
735 2383 999 2438 continuo
1051 2383 1301 2437 orientur
1331 2384 1494 2448 bona,
1520 2385 1720 2453 quibus
1762 2387 2000 2457 acceptis
2038 2386 2107 2441 ab

526 2476 867 2545 experientia
925 2477 1195 2530 malorum
1247 2477 1504 2547 deinceps
1560 2478 1866 2533 cessabitis.
1911 2478 2017 2533 Sed
2055 2480 2105 2535 ei

526 2568 624 2637 qui
680 2568 828 2621 dedit
877 2568 1018 2638 agite
1068 2568 1292 2639 gratias,
1320 2584 1445 2622 cum
1486 2570 1636 2639 pacis
1677 2586 1801 2641 rege
1843 2580 2104 2641 perpetuo

528 2658 886 2713 inell‘abilium
946 2660 1215 2713 bonorum
1267 2676 1491 2730 regnum
1540 2661 1800 2715 habituri.
1856 2661 1913 2715 In
1966 2678 2104 2732 prte-

527 2750 667 2805 senti
722 2767 872 2815 vero,
918 2752 1137 2820 perenni
1196 2751 1417 2806 [lumine
1454 2752 1537 2807 vel
1593 2752 1743 2807 fonte
1793 2762 1886 2807 aut
1939 2755 2101 2808 etiam

527 2844 665 2897 mari
695 2844 789 2898 loti
823 2843 875 2896 in
912 2856 993 2898 ter
1040 2845 1189 2898 beata
1224 2845 1567 2898 invocatione
1615 2859 1722 2899 non
1773 2847 1948 2901 solum
1980 2848 2103 2900 lati-

530 2941 705 2987 tantes
736 2934 789 2986 in
821 2934 975 2987 vobis
1014 2934 1238 3003 spiritus
1281 2934 1526 3002 poteritis
1557 2934 1844 3001 expellere,
1876 2935 1968 2988 sed
1998 2934 2100 3003 ipsi

528 3041 638 3079 non
672 3026 905 3094 amplius
936 3026 1300 3095 delinquendo
1325 3035 1376 3080 et
1408 3025 1517 3079 Deo
1546 3026 1848 3079 indubitate
1875 3028 2100 3082 creden-

2220 638 2396 709 μισθῷ
2429 639 2653 702 ἑαυτοὺς
2684 638 2973 703 ἐξέδωκαν,
3006 639 3073 692 δι’
3094 639 3251 693 ἐνίων
3282 639 3527 693 ἐπινοιῶν
3559 640 3765 711 πάσχειν

2215 729 2339 783 τινά
2372 730 2776 801 ἀναδεξάμενοι,
2810 732 2904 786 καὶ
2934 730 3106 795 οὕτως
3136 731 3486 803 κηρύξαντες,
3520 732 3683 785 αὐτῶν
3709 732 3765 787 τὸ

2217 822 2389 886 πάθος
2422 822 2743 895 ἀντιπαθεία
2774 824 3333 885 ἀποκατασταθέντες,
3358 824 3764 895 κεχρηματίσθαι

2214 914 2369 986 ⁵-τὴν
2404 915 2701 986 θεραπείαν
2749 915 3028 984 λέγουσιν,
3064 914 3151 969 ἵνα
3197 915 3259 968 τὸ
3305 914 3620 985 ἀναίσθητον
3659 917 3763 969 ἐπι-

2214 1005 2468 1075 γράψωσι
2504 1005 2785 1077 σέϐασμας
2819 1008 2959 1060 πόσα
2989 1006 3044 1059 δὲ
3065 1005 3245 1059 αὐτῶν
3278 1006 3344 1060 ἐκ
3373 1006 3645 1077 καταρχῆς
3676 1025 3765 1077 μα.

2212 1098 2340 1167 γικῇ
2391 1097 2554 1169 τέχνῃ
2599 1095 2884 1167 ἐτελέσθη,
2942 1097 3029 1151 ἵνα
3072 1096 3387 1168 όνειροπολῇ
3432 1098 3526 1149 καὶ
3571 1115 3765 1169 χρημα-

2211 1187 2369 1259 τίζῃ;
2410 1189 2501 1241 καὶ
2532 1189 2686 1258 ὅμως
2732 1186 2926 1260 μακρῷ
2959 1188 3134 1260 χρόνῳ
3178 1190 3273 1241 καὶ
3318 1186 3489 1241 ταῦτα
3529 1186 3766 1259 διεφώνη-

2214 1298 2324 1333 σεν.
2359 1280 2521 1332 Πόσοι
2556 1280 2614 1333 δέ
2656 1280 2751 1335 νῦν
2785 1282 2806 1310 ⁵
2832 1281 2905 1333 τά
2945 1280 3169 1334 τοιαῦτα
3212 1281 3501 1352 κρατύνειν
3545 1281 3766 1345 θέλοντες

2211 1372 2593 1443 γοητεύουσιν;
2630 1374 2776 1446 Πλὴν
2810 1374 2909 1426 ούκ
2933 1374 2986 1425 εἴ
3012 1391 3067 1425 τι
3098 1374 3117 1404 ’⁷
3158 1374 3417 1443 μαντικόν
3450 1374 3593 1425 ἐστιν
3622 1373 3654 1445 ἢ
3686 1374 3765 1426 θε-

2216 1465 2563 1535 ραπευτικὸν,
2598 1466 2754 1519 τοῦτο
2786 1466 2907 1529 θεός
2934 1466 3100 1517 ἐστιν.

2282 1558 2419 1613 XIX.
2477 1560 2534 1611 '0
2566 1560 2675 1631 γὰρ
2719 1559 2850 1622 Θεὸς
2897 1558 3072 1612 πάντα
3112 1558 3355 1611 δύναται.
3403 1558 3633 1620 Ἐκεῖνος
3672 1556 3766 1629 γάρ

2208 1650 2353 1705 ἐστιν
2387 1652 2589 1719 ἀγαθὸς
2622 1652 2713 1704 καὶ
2744 1650 2968 1715 δίκαιος,
2996 1650 3258 1719 νῦνχπᾶσι
3296 1650 3672 1723 μακροθυμῶν,
3692 1650 3768 1711 ἵνα

2208 1743 2257 1794 οἱ
2290 1742 2598 1812 βουλόμενοι
2627 1742 2711 1811 ἐφ’
2727 1736 2807 1804 οἷς
2838 1740 3077 1812 ἔπραξαν
3109 1743 3303 1804 κακοῖς
3332 1740 3769 1812 μεταμεληθέντες

2137 1811 2181 1870 Β
2210 1811 2304 1885 καῖ
2346 1811 2523 1894 καλῶς
2555 1831 2577 1863 ⁸
2605 1811 3049 1901 πολιτευσάμενοι
3073 1870 3088 1895 ,
3123 1833 3181 1884 ἐν
3224 1830 3417 1903 ἡμέρᾳ
3514 1830 3577 1883 τὰ
3608 1831 3769 1892 πάντα

2221 1924 2462 1996 κρίνεται
2489 1922 2595 1976 τῶν
2628 1924 2650 1955 ⁸
2682 1926 2801 1977 κατ’
2819 1922 2975 1988 ἀξίαν
3005 1921 3409 1977 ἀπολαύσωσιν.
3446 1923 3535 1975 Διὸ
3565 1922 3653 1975 νῦν
3679 1924 3766 1993 ἄρ-

2211 2014 2393 2079 ξασθε,
2424 2014 2633 2085 ἀγαθῆς
2666 2014 2917 2084 γνώσεως
2949 2014 3099 2086 αἰτίᾳ
3131 2014 3253 2084 Θεῷ
3284 2014 3611 2085 πειθόμενοι,
3640 2016 3768 2068 ἀντι-

2207 2107 2385 2175 λέγειν
2416 2106 2568 2177 ὑμῶν
2599 2110 2717 2170 ταῖς
2741 2109 2939 2169 κακαῖς
2970 2105 3293 2176 ἐπιθυμίαις
3313 2106 3408 2159 καὶ
3433 2107 3670 2173 ἐννοίαις,
3692 2107 3765 2158 ἵνα

2208 2198 2468 2269 δυνηθῆτε
2506 2198 2939 2252 ἀνακαλέσασθαι
2970 2198 3071 2270 τὴν
3114 2198 3344 2270 πρώτην
3390 2202 3458 2271 τῇ
3505 2198 3765 2269 ἀνθρωπό-

2206 2310 2327 2363 τητι
2375 2290 2769 2363 παραδοθεῖσαν
2822 2291 2866 2322 ¹⁰
2931 2292 3195 2362 σωτήριον
3257 2291 3572 2363 θρησκείαν.
3628 2288 3766 2343 Οὕτω

2206 2384 2316 2456 γὰρ
2349 2387 2478 2455 ὑμῖν
2510 2383 2741 2455 ἐξαυτῆς
2776 2385 2816 2416 ¹¹
2847 2383 3097 2437 ἀνατελεῖ
3124 2383 3193 2438 τά
3223 2384 3407 2454 ἀγαθά
3426 2424 3441 2449 ,
3476 2385 3512 2438 ἀ
3542 2401 3654 2438 τινα
3684 2382 3767 2436 λα-

2206 2477 2391 2540 ϐόντες
2425 2479 2619 2548 πεῖραν
2659 2477 2767 2529 τῶν
2803 2476 2987 2529 κακῶν
3030 2476 3123 2528 τοῦ
3168 2476 3364 2530 λοιποῦ
3414 2476 3760 2546 καταλείψετε.

2220 2569 2378 2622 Ἀλλὰ
2416 2568 2493 2639 τῷ
2532 2568 2783 2621 δεδωκότι
2817 2569 2979 2637 210
3010 2568 3457 2640 εὐχαριστήσατε,
3500 2568 3639 2641 μετά
3680 2565 3763 2618 τοῦ

2204 2660 2303 2729 τῆς
2336 2660 2559 2729 εἰρήνης
2595 2657 2856 2728 βασιλέως
2899 2660 3072 2710 εἰσαεὶ
3114 2659 3221 2711 τῶν
3274 2656 3597 2731 ἀπορρήτων
3631 2658 3764 2727 βασι-

2203 2748 2450 2813 λεύοντες
2486 2750 2528 2779 ¹¹
2565 2748 2800 2818 ἀγαθῶν.
2859 2750 2944 2802 Ἐν
2984 2749 3041 2802 δὲ
3073 2748 3150 2819 τῷ
3192 2750 3446 2821 παρόντι,
3483 2750 3681 2819 ἀεννάῳ
3723 2747 3761 2779 ί³

2203 2842 2432 2912 ποταμῷ
2464 2841 2496 2913 ἢ
2526 2843 2673 2912 πηγῇ
2702 2840 2823 2894 ἐπεί
2856 2858 2917 2909 γε
2944 2841 3046 2895 κᾶν
3081 2841 3324 2915 θαλάσσῃ
3358 2842 3762 2912 ἀπολουσάμενοι

2204 2934 2295 2985 ἐπὶ
2328 2936 2392 3004 τῇ
2426 2932 2801 3004 τρισμακαρίᾳ
2852 2934 3185 3005 ἐπονομασίᾳ
3228 2936 3293 2987 ού
3333 2936 3490 3006 μόνον
3534 2934 3601 2987 τὰ
3639 2933 3765 2986 ἐνδο-

2206 3025 2475 3097 μυχοῦντα
2507 3027 2635 3095 ὑμῖν
2668 3024 2951 3095 πνεύματα
2996 3025 3267 3079 ἀπελάσαι
3326 3026 3640 3097 δυνήσεσθε,
3668 3022 3765 3077 ἀλλ’

526 3127 610 3174 tes
638 3119 869 3173 aliorum
904 3120 1077 3172 malos
1108 3119 1331 3186 spiritus
1361 3134 1425 3172 ac
1463 3118 1800 3173 truculentos
1824 3119 2098 3176 dtemones

2204 3116 2355 3169 αὐτοὶ
2415 3116 2609 3185 μηκέτι
2644 3115 3047 3186 ἁμαρτάνοντες
3092 3118 3185 3170 καὶ
3230 3117 3365 3188 Θεῷ
3410 3116 3768 3178 ἀνενδοιάστως

527 3227 829 3281 gravesque
859 3210 1079 3263 morbos
1114 3210 1363 3279 abigetis.
1398 3208 1464 3263 Et
1490 3210 1761 3263 interdum
1796 3211 1887 3265 ubi
1917 3212 2096 3266 solum

526 3302 872 3371 inspexeritis
907 3318 1038 3367 vos,
1080 3301 1308 3371 fugient.
1349 3299 1666 3368 Agnoscunt
1693 3301 1836 3355 enim
1880 3316 1974 3357 eos
2003 3303 2098 3372 qui

525 3409 586 3449 se
620 3392 943 3447 tradiderint
972 3391 1100 3446 Deo.
1136 3391 1315 3457 Quare
1346 3392 1679 3446 honorantes
1703 3406 1798 3447 eos
1833 3407 1897 3447 ac
1940 3393 2098 3446 veriti

527 3486 766 3556 fugiunt,
795 3484 940 3538 sicut
973 3483 1086 3535 heri
1118 3482 1351 3547 vidistis,
1384 3497 1495 3551 quo
1527 3482 1689 3535 modo
1735 3498 1857 3537 cum
1886 3482 2109 3552 egodis—

526 3576 770 3629 tulissem
834 3581 957 3642 post
986 3573 1371 3626 allocutionem
1404 3586 1562 3626 orare
1591 3586 1691 3639 pro
1720 3571 1785 3627 iis
1831 3572 1924 3642 qui
1953 3588 2101 3625 mor-

524 3666 611 3719 bis
644 3665 1061 3727 alllictabantur,
1098 3664 1373 3717 daemones
1417 3673 1639 3732 propter
1666 3663 1931 3718 honorem
1975 3665 2100 3719 reli-

526 3757 701 3826 gionis
734 3755 1111 3809 exclamarunt
1156 3763 1210 3807 et
1263 3769 1329 3831 nc
1378 3770 1543 3825 parvo
1587 3755 1805 3823 quidem
1858 3765 2100 3826 tempore

524 3854 821 3917 potuerunt
843 3846 1131 3901 sustinere.

596 4021 713 4077 XX.
756 4022 929 4076 Nolite
976 4038 1104 4093 ergo
1139 4020 1415 4085 arbitrari,
1455 4037 1553 4077 nos
1594 4022 1818 4077 alterius
1846 4038 1967 4078 esse
1997 4039 2097 4077 na-

524 4123 680 4179 turaa,
709 4114 940 4183 ideoque
981 4114 1257 4167 daemonas
1304 4130 1413 4167 non
1467 4114 1674 4168 timere.
1731 4114 1907 4169 Unius
1951 4116 2097 4169 enim

521 4203 882 4273 ejusdemque
911 4204 1193 4259 vobiscum
1240 4221 1431 4260 sumus
1480 4215 1721 4269 naturae,
1750 4216 1804 4261 at
1835 4224 1940 4262 non
1972 4209 2099 4263 reli~

524 4294 720 4360 gionis.
746 4293 927 4357 Quare
958 4295 1113 4348 vobis
1156 4311 1264 4347 non
1304 4296 1533 4349 multum
1556 4338 1570 4361 ,
1600 4297 1694 4351 sed
1724 4299 1947 4354 omnino
1978 4315 2095 4355 me-

524 4382 689 4437 liores
714 4399 811 4438 vos
840 4401 1060 4455 quoque
1090 4386 1206 4439 ﬁeri
1238 4386 1443 4442 similes
1488 4404 1595 4441 non
1633 4388 1959 4459 invidemus,
1988 4391 2097 4447 imo

2201 3204 2544 3268 πιστεύοντες
2586 3204 2655 3258 τὰ
2686 3205 2860 3259 ἄλλων
2893 3206 3040 3259 κακά
3072 3207 3498 3279 πνεύματακαὶ
3540 3208 3766 3279 δαιμόνια

2198 3295 2411 3365 χαλεπά
2455 3296 2551 3349 σὺν
2583 3298 2696 3359 τοῖς
2727 3296 2919 3359 δεινοῖς
2951 3297 3178 3351 πάθεσιν
3209 3299 3538 3355 ἀπελάσετε.
3586 3299 3764 3353 Ἐνίοτε

2197 3387 2256 3441 δὲ
2310 3388 2467 3458 μόνον
2512 3388 2790 3442 ἐνιδόντων
2824 3390 2865 3420 ⁸⁸
2898 3389 3052 3461 ὑμῶν
3098 3391 3412 3464 φεύξονται.
3462 3396 3628 3447 Ἰσασι
3667 3391 3762 3462 γὰρ

2198 3480 2324 3544 τοὺς
2368 3481 2772 3546 ἀποδεδωκότας
2817 3484 3045 3547 ἐαυτοὺς
3086 3484 3166 3555 τῷ
3205 3485 3352 3557 Θεῷ.
3390 3488 3478 3541 Διὸ
3520 3486 3763 3558 τιμῶντες

2200 3572 2395 3635 αὐτοὺς
2428 3572 2796 3644 πεφοϐημένοι
2840 3573 3158 3644 φεύγουσιν,
3202 3574 3398 3650 ὥσπερ
3431 3578 3581 3648 ἐχθὲς
3614 3576 3655 3607 ⁸⁸
3676 3577 3762 3628 έωο

2202 3662 2427 3733 ράκατε,
2463 3663 2579 3726 πῶς
2612 3664 2743 3734 ἐμοῦ
2769 3665 3098 3737 ἀναθεμένου
3125 3666 3261 3737 μετὰ
3287 3670 3394 3742 τὴν
3428 3668 3760 3742 προσομιλίαν

2200 3754 2457 3821 εὔξασθαι
2493 3757 2631 3829 ὑπὲρ
2674 3756 2785 3810 τῶν
2833 3758 3148 3828 πασχόντων
3198 3758 3341 3813 αὐτὰ
3388 3761 3456 3815 τά
3505 3760 3664 3831 πάθη,
3699 3759 3758 3829 τῇ

2199 3846 2336 3918 πρὸς
2367 3847 2467 3918 τὴν
2494 3846 2789 3919 θρησκείαν
2823 3852 2954 3920 τιμῇ
2988 3848 3311 3921 ἀνέκραγεν,
3351 3853 3603 3925 βραχεῖαν
3628 3852 3759 3924 ὥραν

2201 3935 2383 4001 στέξαι
2414 3937 2488 4008 μὴ
2514 3937 2825 4007 δυνηθέντα.

2267 4024 2386 4081 XX.
2436 4028 2527 4099 Μὴ
2576 4026 2667 4081 οὖν
2714 4029 2967 4101 νομίσητε
3017 4032 3098 4085 ὅτι
3145 4032 3305 4102 ἡμεῖς
3352 4035 3518 4105 ἄλλης
3566 4033 3757 4105 φύσεως

2199 4119 2353 4183 ὄντες
2382 4121 2523 4175 κατὰ
2554 4121 2710 4174 τοῦτο
2751 4123 3007 4194 δαίμονας
3037 4126 3098 4178 ού
3148 4122 3484 4197 φοϐούμεθα.
3520 4129 3626 4199 Τῆς
3662 4125 3758 4197 γὰρ

2200 4212 2369 4283 αὐτῆς
2418 4214 2545 4283 ὑμῖν
2594 4214 2761 4283 ἐσμεν
2801 4214 3034 4284 φύσεως,
3086 4218 3281 4271 ἀλλὀὐ
3324 4217 3632 4292 θρησκείας.
3678 4218 3758 4271 Arb

2201 4305 2353 4375 ὑμῶν
2401 4306 2461 4357 οὐ
2511 4307 2642 4360 πολὺ
2662 4346 2677 4371 ,
2727 4308 2861 4362 ἀλλά
2908 4309 2969 4363 τὸ
3012 4312 3120 4363 πᾶν
3153 4311 3462 4381 κρείττονες
3502 4314 3646 4377 ὄντες
3675 4312 3760 4365 καὶ

2202 4398 2346 4467 ὑμᾶς
2375 4396 2418 4428 ⁸⁸
2447 4397 2719 4461 τοιούτους
2750 4398 3003 4467 γενέσθαι
3035 4401 3095 4454 οὐ
3130 4400 3452 4475 φθονοῦμεν,
3482 4404 3615 4460 ἀλλὰ
3642 4402 3757 4455 τού-

524 4484 713 4527 eontra
744 4477 1032 4530 consilium
1072 4479 1298 4543 damus,
1330 4479 1483 4549 gnari
1510 4479 1650 4548 quod
1682 4480 1734 4534 hi
1772 4497 1963 4539 omnes
1999 4501 2093 4541 eos

2204 4487 2402 4541 ναντίον
2450 4488 2883 4562 συμϐουλεύομεν
2902 4530 2917 4555 ,
2960 4490 3157 4556 ειδότες
3195 4493 3275 4547 ὅτι
3305 4496 3433 4561 τοὺς
3464 4495 3580 4566 Θεῷ
3606 4510 3759 4566 προσ-

523 4564 616 4633 qni
647 4563 759 4618 Deo
790 4568 1069 4636 conjuncti
1100 4578 1246 4634 sunt,
1278 4570 1520 4642 ignotum
1556 4572 1865 4643 mirumque
1893 4576 1948 4630 in
1974 4592 2096 4631 mo-

524 4657 656 4711 dum
681 4657 953 4713 honorant
985 4675 1049 4713 ac
1076 4671 1345 4717 metuunt.

596 4749 738 4803 XXI.
782 4751 935 4806 Sicut
967 4754 1111 4807 enim
1147 4754 1378 4811 Caesaris
1402 4756 1621 4813 tribuno
1646 4759 1873 4829 subjecti
1900 4761 2099 4820 milites

524 4852 746 4913 pr0pter
771 4858 919 4910 eum,
951 4846 1045 4914 qui
1076 4855 1395 4915 potestatem
1438 4849 1619 4920 dedit,
1644 4850 1699 4905 ei
1736 4852 1830 4921 qui
1860 4862 2098 4923 potesta-

528 4942 632 4990 tem
668 4936 894 5004 accepit,
938 4937 1198 4992 honorem
1233 4938 1507 5007 deferunt,
1551 4942 1606 4995 in
1644 4951 1875 5009 tantum,
1912 4953 1975 4999 ut
2004 4946 2099 5016 qui

528 5028 802 5097 praepositi
848 5037 977 5082 sunt
1020 5030 1203 5085 dicant
1233 5032 1390 5096 huic,
1439 5035 1584 5101 veni,
1620 5044 1674 5089 et
1701 5036 1910 5103 veniat,
1941 5046 1997 5091 et
2021 5038 2100 5091 al-

530 5120 651 5185 teri,
681 5120 837 5186 vade,
896 5129 951 5176 et
974 5121 1137 5177 vadat
1162 5137 1186 5164 ει
1218 5140 1232 5176 :
1266 5125 1345 5181 sic
1385 5133 1440 5181 et
1468 5127 1562 5196 qui
1596 5143 1656 5183 se
1679 5127 1791 5183 Deo
1815 5129 2102 5187 tradiderit

599 5245 625 5274 α
656 5232 846 5288 Matth.
872 5249 992 5301 vm,
1025 5233 1078 5291 9.

2200 4578 2573 4644 οικε,ιωθέντας
2617 4580 2786 4634 ταῦτα
2834 4582 3009 4636 πάντα
3051 4582 3342 4652 ἀγνώστως
3403 4587 3636 4658 προτιμᾷ
3674 4582 3757 4637 καὶ

2204 4673 2469 4743 φοϐεῖται.

2273 4763 2411 4818 XXI.
2450 4765 2656 4836 Ὅνπερ
2705 4764 2811 4837 γὰρ
2858 4766 3060 4837 τρόπον
3098 4769 3377 4842 Καίσαρος
3420 4770 3674 4843 χιλιάρχῳ
3710 4766 3755 4820 οἱ

2200 4857 2547 4928 ὑποκείμενοι
2581 4859 2905 4929 στρατιῶται
2928 4857 3017 4911 διά
3042 4858 3143 4931 τὴν
3173 4860 3268 4914 τοῦ
3301 4862 3591 4925 δεδωκότος
3618 4857 3755 4923 ἐξού-

2202 4949 2324 5003 σίαν
2384 4950 2475 5003 τὸν
2524 4950 2780 5022 εἰληφότα
2829 4950 2999 5004 οἴδασι
3058 4954 3258 5024 τιμᾷν,
3312 4954 3559 5007 τοσοῦτον
3605 4950 3749 5021 21],

2200 5041 2327 5094 ὥστ’
2350 5043 2415 5097 ἂν
2448 5045 2572 5107 τοὺς
2603 5043 2911 5113 ἐφεστῶτας
2942 5044 3120 5113 λέγειν
3151 5046 3354 5117 τούτῳ,
3383 5046 3525 5105 ἐλθὲ,
3560 5045 3646 5098 καὶ
3673 5042 3753 5112 ἕρ-

2201 5154 2353 5207 χεται
2388 5137 2451 5201 ¹⁷,
2474 5137 2568 5190 καὶ
2589 5136 2751 5208 ἄλλῳ,
2779 5137 3032 5202 πορεύου,
3068 5139 3160 5191 καὶ
3192 5138 3480 5210 πορεύεται
3506 5139 3567 5169 “-
3593 5134 3752 5194 οὕτως

1830 5333 2063 5388 VARUE
2104 5334 2503 5390 LECTIONES.

577 5424 600 5522 ς
630 5423 781 5522 Ita}?
806 5441 870 5522 cl.)
894 5425 951 5480 S.
982 5426 1447 5522 κξιχρηματεξσθαι
1614 5429 1636 5461 ⁸
1657 5428 1753 5522 νῦιν
1779 5429 2098 5522 transcripsi
2127 5445 2202 5522 e‘x'
2226 5429 2291 5487 0.
2366 5431 2519 5522 ζούκ
2553 5430 2610 5485 εἴ
2633 5450 2684 5487 τι
2782 5449 2828 5487 c.
2866 5434 2927 5522 ρ,
2959 5435 3078 5522 οὐχί
3116 5455 3166 5522 τι
3196 5436 3257 5493 C.
3336 5438 3359 5522 ξ
3387 5436 3587 5522 καληῶς,
3621 5431 3753 5502 quod

506 5496 633 5573 exii.
678 5497 800 5573 cod.
832 5496 986 5573 Reg.‘
1000 5496 1319 5573 §04._'deest
1351 5498 1411 5573 _i_n
1441 5508 1674 5566 utroque
1709 5498 1868 5573 Hom.
1910 5496 2117 5573 codice.
2146 5503 2628 5573 Μεταμεληοέντες
2657 5505 2749 5558 καὶ
2772 5496 3001 5560 κατὰτὸ
3026 5496 3269 5573 ’ἀρέσκον
3295 5511 3442 5573 αὐτῷ

510 5522 633 5553 I31".
678 5522 800 5552 CUU.
832 5522 962 5567 ιιιιδ.
1006 5522 1128 5557 ους».
1167 5522 1319 5553 υυεδι
1360 5522 1411 5552 ΙΙΙ
1442 5522 1674 5566 υιιυψιυ
1712 5522 1868 5553 110111.
1910 5522 2117 5556 CUUICC.
2146 5522 2405 5573 ΜεταμιΞΑ

510 5568 672 5639 habet
707 5566 849 5639 Epit.
882 5583 930 5623 c.
956 5567 1044 5622 66.
1122 5569 1142 5600 ’
1166 5567 1272 5621 τῶν
1300 5568 1600 5637 adjungnnt
1624 5570 1743 5623 cod.
1776 5569 1905 5636 Reg.
1935 5570 2037 5639 80.5
2068 5580 2123 5626 et
2149 5570 2295 5639 Epit.
2325 5588 2374 5627 c.
2406 5522 2439 5628 ἓ

3478 5507 3754 5577 βιώσαντες
3792 5517 3800 5525 ·

2442 5574 2493 5628 6.
2573 5575 2617 5650 ‘f
2645 5577 3040 5650 παραδοθεῖσαν
3076 5567 3295 5650 ἐντολήν
3324 5567 3445 5637 cod.
3474 5567 3604 5650 Reg.
3634 5573 3749 5630 806.

582 5635 640 5715 ἐξ
667 5632 837 5715 αὐτῆς
952 5639 1079 5715 Dein
1106 5632 1580 5715 πεῖρανρξ-πείρᾳ
1606 5639 1679 5715 C,_
1699 5640 1756 5693 υ.
1799 5711 1810 5715 _
1835 5632 1977 5715 “illa
2000 5638 2044 5694 Ο
2070 5651 2123 5696 et
2146 5632 2276 5715 β’οκ
2300 5644 2555 5712 conject.,
2585 5632 2991 5715 βασιλευοῦντες
3021 5648 3092 5701 id.
3124 5650 3175 5702 in
3206 5632 3749 5715 ιέέιῦξάπολάλύοντες

510 5705 803 5791 ἕρπε).Αᾴ
823 5710 925 5791 m”
953 5710 1131 5791 ἀενάῳ
1162 5705 1223 5765 (3⁷.
1251 5783 1264 5791 _
1304 5710 1345 5741 "’
1384 5705 1638 5791 optasse
1669 5711 2066 5791 leg.é1ro'_g*c¢_:w‘_
2083 5712 2195 5791 sola
2222 5705 2895 5791 Βηξδεὴρία-ῥιίορςιζιιητιιζ
2929 5705 3144 5791 vertunt
3182 5705 3445 5791 Recognit.
3480 5716 3660 5791 ινη52.
3692 5705 3741 5769 S.
3780 5784 3781 5787 η

511 5764 704 5847 ι¹¹’χθές
730 5780 790 5831 Ο.
823 5778 961 5834 Tum
990 5764 1219 5839 fortasse
1251 5783 1351 5853 leg.
1382 5764 1804 5853 émOzjtévou,US.
1885 5782 1927 5813 “
1956 5781 2097 5853 ὑμᾶς
2128 5764 2189 5852 S,

3129 5791 3169 5822 ³⁸
3198 5790 3521 5864 πορεύεσθαι
3549 5790 3611 5847 Ο.
