4004 6332
295 325 405 382 257
1404 326 1862 390 CLEMENTINA.
1903 362 1971 374 —-
2007 332 2287 392 IIOMILIA
2323 334 2416 394 IX.
3440 355 3550 417 133

293 439 393 491 καὶ
439 438 470 490 ό
515 435 637 509 Θεῷ
686 434 877 493 ἑαυτὸν
921 437 1174 507 ἀποδοὺς,
1229 440 1420 507 πιστὸς
1448 441 1841 516 ὣν,δαίμοσίοι

1943 451 1962 511 ι
1989 454 2180 516 estque
2207 447 2402 516 fidelis,
2445 449 2785 510 daemonibus
2815 467 2882 513 ac
2923 459 3127 518 morbis
3165 463 3432 522 duntaxat
3463 468 3548 524 lo-

291 533 388 586 καὶ
419 531 623 585 πάθεσι
657 532 816 602 μόνον
861 531 1036 601 λέγων
1082 531 1338 588 ἀκούεται
1357 573 1372 600 ,
1408 536 1502 589 καί¹
1533 535 1841 607 ὒποχωροῦε

1975 549 2151 612 quens
2193 538 2436 608 auditur,
2487 550 2542 596 et
2589 545 2850 602 recedunt
2895 548 3189 618 daemones,
3243 557 3338 626 qui
3375 560 3551 617 multo

287 624 568 694 δαίμονες,
614 626 749 679 πολὺ
797 626 1136 698 ἰσχυρότεροι
1175 625 1330 690 δντες
1373 626 1481 682 τῶν
1524 628 1871 684 κελευόντων.

301 713 594 787 Ἀφράστῳ
652 714 761 787 γάρ
810 716 1035 788 δυνάμει
1081 715 1172 770 τὸν
1223 716 1453 771 ἑκάστου
1505 717 1630 773 νοῦν
1679 721 1708 772 ό
1743 719 1874 784 Θεὸς

284 806 590 859 ύποτάσσει
625 799 670 874 ᾧ
707 807 971 877 βούλεται.
1020 808 1107 871 Ὠς
1146 808 1256 880 γὰρ
1286 809 1377 862 τὸν
1417 810 1674 883 Καίσαρα
1708 812 1874 881 πεφό-

281 897 480 966 ϐηνται
513 896 647 951 δντα
683 898 968 969 ἄνθρωπον
996 899 1179 953 πολλοὶ
1211 901 1477 971 ἡγεμόνες
1510 903 1650 973 μετὰ
1683 904 1871 957 πασῶν

277 986 389 1040 τῶν
426 988 791 1058 παρεμϐολῶν
822 990 914 1043 καὶ
946 990 1173 1054 πόλεων,
1189 991 1288 1062 τῆς
1311 989 1544 1046 ἑκάστου
1578 994 1807 1063 καρδίας
1825 995 1868 1028 ¹⁹

275 1078 385 1130 τῶν
444 1079 584 1132 ὅλων
629 1081 812 1135 εἰκόνα
860 1084 1129 1154 προτιμᾷν
1175 1083 1524 1156 σπευδούσης
1573 1085 1708 1138 Θεοῦ
1759 1086 1869 1159 γάρ

275 1169 444 1241 βουλῇ
481 1170 554 1224 τά
585 1169 764 1227 πάντα
807 1173 1172 1245 δεδουλωμένα
1217 1171 1365 1246 φόϐῳ
1397 1176 1496 1248 τὴν
1542 1177 1718 1231 αίτίαν
1765 1179 1866 1232 οὐκ

272 1257 440 1313 οἶδενο
493 1259 640 1317 οὕτω
672 1266 764 1317 καὶ
795 1265 887 1318 τὸν
928 1265 1045 1336 Θεῷ
1078 1265 1489 1338 προσφεύγοντα
1522 1269 1616 1322 καὶ
1655 1270 1753 1341 τὴν
1783 1271 1864 1324 διε-

272 1355 439 1407 καίαν
475 1354 663 1408 πίστιν
697 1355 884 1428 ὥσπερ
929 1357 1112 1410 εἰκόνα
1152 1357 1316 1411 αὑτοῦ
1350 1361 1408 1411 ὲν
1440 1362 1506 1431 τῇ
1551 1361 1717 1415 αὑτοῦ
1762 1362 1862 1432 βα·-

273 1440 546 1504 στάζοντα
579 1443 776 1515 καρδία
809 1446 984 1498 πάντα
1014 1445 1084 1498 τὰ
1117 1446 1389 1502 παθοποιὰ
1424 1450 1705 1522 πνεύματα
1728 1456 1863 1525 τιμᾷ

270 1531 362 1584 καὶ
399 1531 620 1602 φεύγει,
658 1539 858 1606 φυσικῇ
893 1536 998 1588 τινὶ
1027 1537 1130 1608 ὁδῷ
1159 1538 1532 1611 πεφοϐημένα.

336 1623 510 1677 XXII.
566 1625 705 1679 Ἀλλ’
728 1627 873 1697 ὅμως
922 1627 1027 1681 κᾶν
1077 1629 1123 1660 ¹⁰
1175 1631 1374 1695 πάντες
1419 1633 1671 1704 δαίμονες
1721 1633 1861 1705 μετὰ

271 1718 490 1771 πάντων
525 1720 636 1771 τῶν
671 1720 855 1774 παθῶν
907 1722 1051 1792 ὑμᾶς
1103 1725 1410 1794 φεύγωσιν,
1463 1728 1561 1780 οὐκ
1607 1728 1754 1782 ἐστιν
1797 1732 1857 1783 ἑν

268 1809 442 1880 τούτῳ
470 1807 623 1881 μόνῳ
659 1812 700 1842 ²¹
734 1813 962 1884 χαίρειν,
996 1814 1109 1868 ἀλλ’
1130 1817 1186 1869 ἑν
1216 1817 1294 1887 τῷ
1325 1817 1394 1869 δι’
1421 1819 1740 1890 εύαρεστίαν
1789 1819 1856 1874 τὰ

268 1901 506 1970 ὀνόματα
541 1902 696 1972 ὑμῶν
739 1905 798 1956 ἑν
841 1903 1052 1976 οὐρανῷ
1097 1907 1172 1969 ὡς
1216 1908 1302 1960 ἀεὶ
1347 1906 1562 1971 ζώντων
1615 1911 1854 1984 ἀναγρα-

268 1994 454 2063 φῆναι.
495 1991 660 2046 Οὕτω
699 1995 794 2046 καὶ
834 1992 894 2046 τὸ
924 1995 1066 2049 θεῖον
1096 1998 1250 2066 ἅγιον
1282 1999 1505 2070 Πνεῦμα
1536 2001 1737 2070 χαίρει,
1771 2003 1851 2055 ὅτι

267 2083 355 2136 τδν
388 2085 623 2138 θάνατον
657 2084 937 2157 νενίκηκεν
970 2087 1272 2160 ἄνθρωπος·
1307 2089 1367 2143 τὸ
1399 2091 1508 2164 γὰρ
1531 2095 1574 2124 ²¹
1595 2094 1852 2164 δαίμονας

267 2176 591 2243 φυγαδεύειν
644 2177 863 2248 είςτὴν
909 2177 1066 2232 ἄλλου
1112 2178 1254 2233 ἴασιν
1293 2181 1519 2258 γίνεται.
1567 2182 1749 2238 Ταῦτα
1795 2185 1851 2238 δὲ

265 2267 517 2338 λέγομεν,
549 2269 650 2339 οὐχ
681 2269 757 2332 ὡς
789 2269 1106 2341 ἀρνούμενοι
1137 2273 1200 2325 τὸ
1234 2273 1310 2350 μὴ
1353 2273 1460 2335 δεῖν
1504 2275 1682 2339 ἄλλοις
1721 2276 1848 2348 βοη-

270 2360 402 2422 θεῖν,
438 2361 549 2413 ἀλλ’
570 2362 652 2414 ὃτι
686 2361 760 2432 μὴ
794 2363 898 2433 χρὴ
931 2364 1024 2417 ἐπὶ
1043 2365 1214 2435 τούτῳ
1251 2367 1599 2436 τυφωθέντας
1641 2368 1848 2423 ἑαυτῶν

276 2453 514 2522 ἀμελεῖν.
562 2454 819 2510 Ἔσθ’ὃτε
855 2455 910 2508 δέ
939 2456 983 2487 ’³
1004 2473 1152 2519 τινας
1197 2458 1428 2527 ἀνόμους
1458 2460 1656 2530 ἄνδρας
1685 2462 1846 2531 212

273 2542 522 2614 δαίμονες
552 2544 808 2615 φεύγουσι
832 2546 896 2600 δι’
929 2547 1097 2617 ὄνομα
1126 2549 1323 2619 τίμιονο
1359 2552 1451 2604 καὶ
1481 2551 1844 2622 ἑνεδρεύονται

270 2636 300 2688 ὅ
333 2654 388 2689 τε
420 2636 699 2702 ἀπελάσας
728 2638 821 2691 καὶ
840 2640 867 2692 ό
887 2640 1193 2711 ιστορήσας.
1222 2641 1279 2693 '0
1312 2641 1408 2711 μὲν
1438 2643 1735 2708 ἀπελάσας,
1769 2644 1845 2708 ὼς

262 2726 349 2780 διὰ
377 2727 725 2799 δικαιοσύνην
753 2731 1125 2802 προτιμηθεὶς,
1161 2732 1258 2784 ούκ
1291 2732 1444 2797 εἰδὼς
1475 2734 1568 2787 τοῦ
1593 2735 1844 2806 δαίμονος

259 2820 317 2873 τὸ
337 2823 674 2894 κακοῦργονο
711 2824 828 2894 ἅμα
859 2841 918 2876 τε
963 2824 1070 2896 γὰρ
1102 2826 1161 2877 τὺ
1193 2825 1362 2896 ὄνομα
1389 2827 1705 2899 τετίμηκεν,
1748 2829 1843 2884 καὶ

256 2916 319 2983 τῇ
342 2917 489 2984 φυγῇ
523 2913 617 2966 τὸν
650 2914 817 2986 ἀσεϐῆ
846 2917 924 2978 εἰς
953 2915 1126 2986 οἴησιν
1154 2917 1500 2988 δικαιοσύνης
1529 2917 1840 2990 περιϐαλὼν

253 3004 342 3056 τοῦ
391 3004 468 3074 μὴ
520 3008 800 3074 μετανοεῖν
844 3007 1140 3079 ἠπάτησεν.
1195 3008 1252 3061 '0
1299 3009 1355 3062 δὲ
1406 3011 1714 3082 ἱστορήσας,
1763 3011 1839 3076 ὡς

1975 623 2231 684 fortiores
2265 640 2396 686 sunt
2419 631 2758 703 jubentibus.
2805 637 3066 698 lnefl‘abilt
3093 623 3291 716 quippe
3323 649 3378 704 vi
3403 648 3549 710 Deus

1973 729 2208 774 mentem
2237 721 2576 796 singulorum
2606 728 2791 784 subdit
2822 732 2912 786 cui
2936 733 3068 789 vult.
3109 735 3245 793 Nam
3280 743 3548 810 quemad-

1972 810 2194 866 modum
2245 813 2534 884 Caasarem,
2575 818 2667 888 qui
2716 819 2883 874 homo
2923 832 3027 888 est,
3078 836 3328 884 metuunt
3375 832 3544 890 duces

1971 899 2192 969 plurimi
2237 917 2363 958 cum
2393 907 2650 964 omnibus
2679 912 2876 967 castris
2907 921 2961 968 et
3003 915 3249 986 urbibus,
3295 921 3543 993 singulo-

1969 1007 2094 1047 rum
2124 994 2287 1048 corde
2330 996 2620 1068 imaginem
2675 1001 2895 1058 Domini
2939 1016 3263 1063 cunctorum
3292 1015 3542 1070 venerari

1968 1099 2297 1154 properante
2324 1106 2337 1142 :
2367 1087 2460 1144 Dei
2491 1091 2756 1162 siquidem
2784 1096 3062 1153 voluntate
3103 1102 3286 1157 omnia
3338 1104 3542 1162 timore

1967 1172 2022 1226 in
2053 1177 2366 1232 servitutem
2392 1180 2607 1235 redacta
2643 1197 2865 1238 causam
2903 1187 3155 1242 nesciunt
3182 1205 3194 1241 :
3230 1191 3304 1260 ita
3330 1201 3384 1246 et
3413 1209 3540 1250 eum

1965 1264 2060 1331 qui
2088 1263 2155 1318 ad
2177 1263 2345 1320 Deum
2377 1269 2642 1339 confugit,
2674 1279 2729 1326 et
2771 1271 2929 1329 ﬁdem
2955 1275 3179 1346 justam,
3213 1281 3358 1336 velut
3392 1282 3540 1342 ilIius

1963 1352 2276 1426 imaginem,
2309 1357 2362 1412 in
2409 1361 2572 1417 corde
2612 1374 2823 1432 portat,
2855 1370 3036 1423 cuncti
3085 1373 3400 1429 morborum
3438 1391 3538 1433 au-

1961 1454 2140 1500 ctores
2169 1447 2394 1516 spiritus
2418 1450 2688 1508 honorant
2709 1464 2762 1510 et
2784 1454 3019 1528 fugiunt,
3043 1463 3277 1517 naturali
3299 1466 3536 1534 quadam

1959 1535 2168 1590 ratione
2203 1541 2494 1607 perterriti.

2028 1623 2194 1680 XXII.
2226 1627 2475 1684 Attamen
2503 1631 2630 1688 licet
2667 1635 2850 1692 cuncti
2890 1637 3164 1697 daemones
3192 1657 3317 1699 cum
3347 1645 3532 1701 omni-

1958 1715 2061 1771 bus
2090 1719 2298 1774 morbis
2333 1737 2431 1776 vos
2463 1722 2690 1794 fugiant,
2719 1727 2774 1781 in
2801 1743 2866 1784 eo
2894 1731 3010 1787 solo
3039 1746 3147 1787 non
3177 1742 3262 1790 est
3291 1738 3534 1806 gauden-

1886 1801 1928 1856 B
1956 1808 2107 1873 dum,
2133 1810 2225 1864 sed
2266 1810 2320 1864 in
2351 1826 2416 1866 eo
2439 1814 2584 1883 quod
2625 1826 2845 1887 propter
2880 1819 3280 1891 beneplacitum
3296 1801 3532 1884 nomina

1953 1903 2136 1950 vestra
2159 1897 2215 1952 in
2244 1901 2405 1970 coelo,
2438 1912 2696 1975 tanquam
2731 1922 2945 1979 semper
2970 1911 3292 1978 viventium,
3320 1917 3530 1973 descri-

1952 1994 2047 2054 pta
2090 1997 2238 2048 sunt.
2283 1990 2376 2048 Sic
2419 1996 2580 2050 etiam
2633 2010 2854 2056 sanctus
2894 2001 2990 2057 Dei
3036 2004 3270 2074 Spiritus
3307 2008 3526 2078 gaudet,

1953 2079 2099 2146 quod
2153 2084 2317 2138 homo
2361 2096 2592 2143 mortem
2639 2091 2864 2162 vicerit;
2909 2110 3036 2150 nam
3071 2098 3221 2167 quod
3253 2100 3529 2158 daemones

1951 2167 2230 2242 fugantur,
2272 2176 2325 2229 in
2357 2177 2580 2235 alterius
2624 2183 2912 2239 sanitatem
2947 2187 3024 2242 ﬁt.
3061 2186 3189 2244 Haec
3230 2206 3358 2246 vero
3387 2192 3526 2248 dici-

1951 2277 2097 2330 mus,
2128 2279 2236 2318 non
2265 2268 2425 2337 quasi
2451 2285 2715 2340 negemus
2744 2274 2867 2330 aliis
2899 2291 3020 2332 esse
3066 2281 3522 2351 succurrendum,

1950 2353 2043 2406 sed
2075 2355 2200 2424 quia
2228 2373 2338 2412 non
2369 2371 2603 2430 oportet,
2634 2373 2694 2419 ut
2719 2380 2839 2420 eam
2867 2367 2936 2422 ob
2961 2384 3076 2424 rem
3109 2372 3235 2426 elati
3277 2375 3520 2445 negliga-

1948 2458 2072 2498 mus
2110 2461 2228 2501 nos.
2271 2448 2548 2522 Contingit
2586 2466 2768 2512 autem
2796 2460 3109 2531 aliquando,
3155 2472 3216 2519 ut
3244 2465 3522 2525 daemones

1945 2535 2097 2590 viros
2127 2539 2392 2606 quosdam
2421 2543 2616 2612 impios
2649 2547 2860 2619 fugiant
2894 2563 3114 2623 propter
3147 2560 3518 2614 venerandum
3594 2543 3599 2547 ”

1945 2643 2164 2698 nomen,
2203 2641 2439 2704 tuncque
2464 2637 2676 2694 insidiis
2717 2654 3043 2713 appetuntur
3070 2658 3124 2702 et
3162 2651 3257 2719 qui
3297 2654 3518 2722 expellit

1943 2729 1996 2774 et
2019 2721 2112 2790 qui
2143 2725 2318 2779 cernit
2349 2744 2364 2780 :
2405 2729 2498 2797 qui
2541 2733 2777 2802 expellit,
2803 2737 2957 2804 quasi
3001 2751 3223 2808 propter
3244 2721 3514 2810 justitiam

1944 2807 2108 2866 fuerit
2135 2811 2460 2885 honoratus,
2491 2823 2742 2878 nesciens
2789 2826 3049 2884 dmmonis
3089 2831 3393 2899 malitiam;
3438 2834 3516 2889 si-

1943 2900 2055 2953 mul
2085 2903 2228 2958 enim
2263 2921 2327 2960 ac
2355 2923 2551 2965 nomen
2583 2913 2791 2970 honore
2815 2930 3136 2986 prosecutus
3163 2932 3267 2985 est,
3305 2933 3361 2979 et
3386 2924 3514 2989 fuga

1939 3005 2040 3047 sua
2076 2994 2301 3065 impium
2351 2999 2406 3054 in
2458 3003 2770 3071 opinionem
2815 3008 3040 3078 justitiae
3091 3012 3295 3083 injecit,
3347 3027 3513 3087 atque

251 3096 467 3148 εὐσεϐεῖ
521 3098 970 3168 συγχρησάμενος
1012 3098 1090 3169 τῷ
1141 3099 1505 3165 ἀπελάσαντι,
1555 3101 1693 3174 πρὸς
1739 3102 1838 3174 τὴν

1943 3084 2014 3140 ita
2045 3087 2111 3140 ad
2154 3090 2530 3158 pmnitentiam
2581 3111 2692 3150 non
2735 3101 2997 3169 agendam
3044 3102 3236 3160 fraude
3268 3084 3508 3166 induitit.

250 3186 440 3257 ὁμοίαν
485 3189 760 3242 πολιτείαν
796 3190 1032 3254 σπεύσας
1062 3192 1370 3246 ἀπόλλυται.
1423 3193 1620 3247 Ἐνίοτε
1654 3194 1710 3247 δὲ
1741 3197 1836 3248 καὶ⁹

248 3280 374 3342 τοὺς
409 3279 488 3351 μὴ
523 3280 643 3352 Θεῷ
672 3282 1098 3353 προσκειμένους
1125 3285 1321 3356 ὅρκους
1353 3286 1573 3354 φεύγειν
1605 3285 1833 3358 ὑποκρί-

248 3386 452 3434 νονται,
496 3372 585 3424 ἵνα
614 3372 992 3444 ἀπατήσειν-τες
1018 3375 1232 3442 αὐτοὺς,
1274 3377 1361 3430 ὅτε
1397 3377 1660 3442 θέλουσιν,
1706 3377 1832 3432 άνέ-

249 3457 417 3512 λωσιν
450 3461 518 3516 ³⁵.

311 3701 512 3757 XXIII.
555 3704 664 3756 Καὶ
690 3702 847 3757 τοῦτο
877 3701 968 3759 οὖν
997 3704 1138 3777 ὑμᾶς
1166 3704 1361 3760 εἰδέναι
1394 3707 1713 3779 βουλόμεθα,
1745 3711 1824 3765 ὅτι

246 3793 336 3847 ἑὰν
381 3798 457 3866 μή
483 3813 567 3858 τις
602 3796 793 3848 ἑαυτὸν
826 3795 964 3850 ἑκὼν
1006 3799 1051 3829 ’⁵
1079 3797 1295 3870 δαίμοσι
1334 3799 1518 3852 δοῦλον
1549 3800 1717 3872 ἐκδῷ,
1750 3803 1826 3866 ὡς

243 3882 433 3953 τάχιον
469 3884 648 3947 εἶπον,
674 3887 700 3938 ὁ
721 3885 927 3957 δαίμων
960 3888 1216 3959 τὴν-κατ’
1237 3889 1402 3943 αὐτοῦ
1447 3889 1693 3956 ἐξουσίαν
1725 3893 1824 3946 οὐκ

244 3974 377 4044 ἔχει.
420 3977 557 4030 Ἕνα
597 3976 691 4032 οὖν
736 3978 867 4032 Θεὸν
917 3979 1092 4032 σέϐειν
1134 3979 1372 4051 ἑλόμενοι
1418 3983 1511 4035 καὶ
1548 3983 1825 4055 τραπέζης

242 4065 513 4138 δαιμόνων
540 4071 903 4141 άποσχόμενοι
939 4073 1032 4125 καὶ
1076 4072 1427 4144 σωφροσύνην
1459 4075 1598 4144 μετὰ
1637 4076 1824 4146 φιλαν-

243 4156 492 4230 θρωπίας
539 4163 634 4215 καὶ
664 4163 1004 4235 δικαιοσύνης
1047 4165 1427 4236 ἀναδεξάμενοι
1459 4170 1552 4222 καὶ
1591 4187 1823 4240 τρισμα-

241 4251 411 4320 καρία
443 4252 782 4324 ἑπονομασίᾳ
827 4256 905 4316 είς
933 4255 1123 4324 ἄφεσιν
1157 4257 1438 4328 ἁμαρτιῶν
1487 4258 1822 4329 βαπτισάμε-

239 4359 334 4406 νοι,
374 4343 454 4413 τῷ
485 4342 534 4373 ³⁸
559 4345 683 4395 ὅσον
720 4345 945 4398 δύνασθε
986 4347 1078 4398 ἐπὶ
1120 4348 1180 4400 τὸ
1227 4349 1428 4401 τέλειον
1460 4350 1560 4419 τῆς
1601 4350 1820 4418 ἁγνείας

1940 3175 2043 3242 Qui
2081 3193 2208 3234 vero
2235 3183 2429 3251 cernit,
2465 3185 2592 3239 dum
2634 3192 3020 3267 commercium
3051 3195 3213 3252 habet
3252 3215 3377 3255 cum
3407 3217 3509 3258 ex-

1935 3268 2171 3338 pellente
2196 3279 2455 3344 tanquam
2486 3292 2610 3332 cum
2653 3279 2874 3338 homine
2912 3285 3024 3353 pio,
3051 3289 3119 3342 ad
3151 3290 3388 3347 similem
3425 3295 3508 3350 vi-

1934 3360 2093 3415 vendi
2141 3363 2405 3420 rationem
2458 3365 2723 3425 festinans
2770 3374 2929 3442 perit.
2964 3375 3236 3435 Interdum
3281 3399 3411 3440 vero
3450 3394 3508 3442 et

1932 3465 2049 3514 eos,
2096 3453 2188 3523 qui
2232 3456 2299 3509 ad
2350 3455 2518 3512 Deum
2558 3475 2663 3514 non
2710 3462 2952 3521 referunt
2996 3469 3387 3543 adjurationes,
3418 3477 3507 3532 fu-

1931 3558 2055 3612 gere
2103 3545 2393 3617 simulant,
2446 3558 2506 3604 ut
2551 3551 2840 3622 deceptos,
2893 3574 3019 3614 cum
3062 3564 3263 3634 velint,
3308 3567 3502 3625 interi-

1930 3643 2100 3688 mant.

1999 3724 2182 3780 XXIII.
2228 3728 2292 3782 Et
2344 3729 2448 3816 hoc
2493 3732 2657 3802 igitur
2701 3750 2797 3790 vos
2838 3739 2978 3793 scire
3029 3743 3312 3812 volumus,
3353 3749 3500 3816 quod

1927 3815 2032 3870 nisi
2062 3821 2187 3886 quis
2215 3811 2407 3888 spont'e
2449 3836 2508 3876 se
2550 3824 2728 3893 ipsum
2756 3825 3096 3886 daemonibus
3136 3849 3352 3889 servum
3385 3845 3499 3892 tra-

1924 3905 2038 3971 dat,
2064 3911 2522 3976 quemadmodum
2555 3915 2669 3969 dixi
2718 3916 2898 3984 modo,
2931 3919 3142 3976 daamon
3175 3939 3284 3978 non
3331 3926 3496 3983 habet

1921 4007 2244 4066 potestatem
2282 4003 2336 4057 in
2369 4019 2516 4069 enm.
2551 4006 2738 4078 Itaque
2773 4003 2939 4067 unius
2978 4011 3074 4068 Dei
3113 4017 3321 4072 cultum
3375 4032 3495 4072 am-

1921 4089 2084 4159 plexi,
2125 4092 2432 4149 daemonum
2473 4113 2659 4154 mensa
2698 4101 3048 4169 abstinentes,
3079 4109 3489 4176 temperantiam

1921 4193 2046 4234 cum
2074 4182 2412 4240 humanitate
2457 4201 2521 4241 ac
2548 4187 2762 4257 justitia
2797 4193 3095 4247 consectati
3123 4204 3175 4248 et
3224 4204 3305 4249 ter
3329 4197 3491 4253 beata

1921 4272 2265 4328 invocatione
2304 4274 2359 4329 in
2404 4277 2782 4334 remissionem
2823 4292 3172 4350 peccatorum
3205 4285 3490 4356 baptizati,

1917 4379 2018 4433 pro
2050 4364 2257 4420 viribus
2282 4367 2346 4421 ad
2369 4369 2622 4436 puritatis
2660 4370 3044 4440 perfectionem
3072 4391 3168 4430 vos
3201 4377 3488 4445 tradendo,

242 4433 472 4498 ἑαυτοὺς
503 4435 804 4488 ἐπιδιδόναι·
841 4437 907 4501 ³⁷,
941 4437 1168 4490 δύνασθε
1202 4438 1473 4502 κολάσεως
1508 4441 1675 4495 ἀϊδίου
1719 4445 1814 4514 ῥυ-

1943 4455 2141 4509 ιοιρειίε
2192 4456 2259 4510 ab
2290 4465 2491 4512 aeterna
2531 4460 2666 4528 eripi
2713 4461 3060 4517 damnatione
3083 4504 3099 4528 ,
3134 4474 3188 4519 et
3217 4465 3486 4522 bonorum

243 4525 461 4587 σθέντες
518 4526 755 4579 αἰωνίων
819 4527 1039 4596 ἀγαθῶν
1094 4528 1415 4600 κληρονόμοι
1459 4533 1810 4602 καταστῆναι.

243 4612 424 4666 Ταῦτα
453 4613 625 4667 εἰπὼν
651 4618 764 4679 τοῖς
795 4617 898 4669 ὑπὸ
938 4617 1122 4671 παθῶν
1155 4619 1495 4690 ὀχλουμένοις
1536 4622 1816 4693 προσιέναι

241 4703 556 4768 ἐκέλευσεν,
580 4705 673 4757 καὶ
703 4705 873 4770 οὕτως
904 4709 1086 4762 πολλοὶ
1124 4710 1286 4782 πείρᾳ
1326 4711 1434 4764 τῶν
1466 4711 1618 4781 ἐχθὲς
1651 4713 1696 4746 ⁸⁸
1723 4712 1814 4766 θε-

244 4796 621 4866 ραπευθέντων
669 4799 1079 4871 συνεληλυθότες
1119 4802 1424 4873 προσῄεσαν
1452 4805 1513 4861 η.
1541 4805 1596 4856 Ὁ
1627 4804 1681 4856 δὲ
1714 4804 1813 4869 τὰς

239 4891 428 4959 χεῖρας
460 4891 645 4954 αὐτοῖς
677 4891 883 4955 ἐπιθεὶς
914 4894 1012 4946 καὶ
1056 4892 1349 4963 εὐξάμενος
1395 4896 1623 4967 ἐξαυτῆς
1658 4897 1811 4949 ἰασά-

246 5000 429 5051 μενος,
473 4985 851 5058 ἑντειλάμενος
897 4988 1055 5057 213
1102 4990 1284 5054 αὐτοῖς
1328 4992 1422 5043 καὶ
1468 4994 1581 5055 1:07.;
1633 4993 1812 5056 ἄλλοις

243 5074 558 5147 ὀρθρίτερον
607 5078 654 5111 ⁸⁸
709 5079 1075 5150 συνεδρεύειν,
1134 5081 1292 5145 αὐτὸς
1351 5081 1676 5154 λουσάμενος
1721 5084 1815 5137 καὶ

242 5166 449 5237 τροφῆς
484 5167 821 5238 μεταλαϐὼν,
853 5168 1115 5226 ὕπνωσεν.

1921 4554 2244 4600 :eternorum
2306 4548 2561 4603 constitui
2597 4551 2858 4606 luet-edes.
2899 4551 3030 4618 Quae
3077 4563 3363 4624 postquam
3402 4557 3487 4611 di-

1920 4635 2110 4704 xisset,
2142 4652 2236 4693 eos
2261 4638 2354 4708 qui
2391 4640 2802 4710 :egritudinibus
2842 4645 3358 4714 vexabanturjussit
3392 4662 3486 4702 ac-

1919 4726 2131 4793 cedere,
2160 4737 2212 4782 et
2235 4728 2308 4782 ita
2347 4728 2502 4783 multi
2532 4740 2750 4800 propter
2790 4747 2903 4799 eos,
2933 4749 3076 4802 quos
3103 4734 3363 4791 hesterno
3393 4736 3483 4793 die

1918 4827 2138 4873 curatos
2170 4819 2433 4887 viderant,
2468 4823 2779 4891 congregati
2823 4835 3189 4880 accesserunt.
3224 4827 3315 4882 Ille
3353 4843 3483 4884 vero

1917 4909 2189 4977 impositis
2218 4927 2379 4980 super
2407 4927 2502 4966 eos
2546 4914 2800 4968 manibus
2825 4925 2878 4969 et
2908 4923 3161 4984 precatus
3188 4917 3477 4974 confestim

1917 5001 2150 5067 sanavit,
2183 5004 2543 5074 praecepitque
2578 5020 2701 5060 cum
2735 5007 2836 5074 iis,
2865 5016 2978 5062 tum
3010 5008 3158 5072 aliis,
3182 5019 3242 5064 ut
3277 5010 3476 5080 majori

1911 5106 2071 5145 mane
2114 5095 2508 5150 convenirent:
2548 5106 2710 5168 atque
2745 5099 2911 5167 lotus,
2962 5100 3194 5171 ciboque
3232 5109 3474 5169 sumpto,

1908 5195 2101 5237 somno
2137 5199 2194 5238 se
2219 5186 2460 5254 tradidit,

1549 5309 1784 5366 VARIE
1823 5311 2220 5374 LECTIONES.

317 5393 358 5422 ”
380 5391 510 5449 Post
533 5395 760 5509 καρδίας
781 5395 822 5450 C
873 5395 1218 5453 inserendum
1251 5407 1402 5468 putat
1424 5398 1523 5452 τοῦ
1549 5403 1626 5454 vel
1651 5401 1806 5455 Θεοῦ.
1837 5402 1949 5457 Cfr.
1979 5422 2026 5461 e.
2149 5411 2296 5466 hom.
2334 5429 2409 5479 χι,
2441 5414 2530 5468 24.
2562 5413 2816 5474 Fortasse
2838 5418 2945 5471 τῶν
2971 5419 3104 5472 ὅλων
3139 5419 3468 5476 mutandum

324 5463 412 5509 τὸν
437 5463 572 5509 Θεοῦ
602 5498 615 5509 ι
646 5503 660 5509 -
735 5464 781 5496 ’θ
809 5464 880 5509 [In
917 5466 960 5509 ﬂ
1004 5484 1050 5509 n,
1083 5483 1255 5509 murac
1290 5468 1348 5509 (ἶί
1433 5470 1483 5509 in
1512 5471 1666 5509 nnina
1702 5479 1844 5509 Invln
1879 5476 1970 5509 Vn!
2044 5479 2063 5509 Ι
2110 5481 2322 5509 ..;...-..n
2392 5487 2436 5509 an
2461 5487 2530 5509 1.-
2564 5487 2736 5509 ι,.-,--..
2774 5503 3071 5509 ,Α-.-η-.ηη-
3118 5499 3268 5509 -._---
3316 5507 3388 5509 ω,

245 5461 299 5514 in
324 5463 412 5514 τὸν
437 5463 572 5516 Θεοῦ
601 5461 660 5518 S.

735 5464 883 5538 "Ita
910 5466 960 5538 VO
1004 5484 1055 5522 c.
1083 5464 1266 5538 marg;
1290 5468 1351 5522 Ci
1381 5511 1395 5533 ,
1433 5470 1484 5523 in
1512 5471 1668 5538 cujus
1702 5479 1844 5526 textu
1879 5476 1989 5529 καί.

2107 5481 2340 5558 μόνον-Ο.
2392 5487 2436 5518 ’⁸
2461 5487 2536 5558 Ita
2564 5487 2740 5558 locum
2766 5503 3076 5558 corrupzum
3114 5499 3276 5558 atque
3314 5507 3472 5546 matt-

243 5546 364 5628 gulf:
393 5535 580 5628 sapavi
604 5549 655 5588 c.
685 5533 750 5615 Οἶ
773 5537 872 5628 Ap;
898 5537 937 5591 C
981 5547 1067 5628 lest
1091 5533 1232 5619 φτὼ
1261 5539 1321 5591 τὸ
1353 5539 1492 5628 θεῖον
1531 5533 1783 5628 ἐγιονκιιε
1810 5545 2034 5628 conject:
2060 5533 2198 5628 Θεοῦ
2222 5554 2398 5628 ’ἅγιον
2424 5557 2509 5628 vel
2549 5557 2681 5610 Θεοῦ
2709 5533 2961 5628 ὀνόματατ
3003 5574 3108 5612 non
3168 5533 3304 5626 δρας
3358 5571 3466 5616 est.

244 5601 290 5701 ξ’
389 5605 717 5701 “gnatam;
733 5606 792 5701 li"
822 5604 869 5701 (ἐ
893 5649 908 5674 ν
930 5608 1018 5701 ad;
1031 5609 1330 5701 egi-{9‘3"},
1350 5610 1473 5701 ξιάοθ
1500 5601 1892 5701 ..ξδ’θελτῂωσξ
1909 5601 2180 5701 ’ἦνελῶσιν
2293 5601 2304 5623 ⁸
2351 5627 2393 5701 :5
2411 5625 2553 5701 ἑκών
2583 5629 2761 5682 addidi
2874 5628 3180 5701 0,subittde
3205 5601 3344 5701 Ξκδῷ
3381 5631 3418 5684 S
3446 5669 3469 5696 ,

242 5670 418 5775 statim
440 5672 500 5739 c,
529 5672 593 5775 oc.
672 5673 874 5775 unas
896 5670 1116 5775 itare;
1147 5676 1212 5732 ο.
1288 5679 1674 5775 gagates;
1706 5670 1764 5734 o.
1845 5683 1888 5714 ιε
1904 5686 2028 5756 χθές
2055 5670 2120 5745 οξ
2136 5670 2324 5748 "vita
2350 5670 2558 5754 0‘th
2583 5670 3470 5775 magis;ti""z‘aéga;:;;,;:

245 5757 340 5797 ρον
362 5741 421 5796 Cl
466 5755 519 5798 et
547 5744 587 5798 S
615 5785 634 5811 ,
664 5745 761 5814 qui
785 5746 869 5802 hic
896 5755 948 5803 et
977 5741 1117 5803 infra
1145 5749 1348 5806 mavult
1389 5741 1781 5831 ὀρθριαίτερον.
