4004 6332
507 296 608 355 ὣς,

1084 406 1367 465 HOMILIA
1399 408 1468 463 Χ.

577 500 617 555 ι.
651 498 836 555 Tertio
878 499 1060 568 itaque
1107 498 1249 567 apud
1282 495 1543 565 Tripolim
1578 494 1666 551 die
1706 492 1979 550 maturius
2038 508 2069 548 e

507 607 699 647 somno
736 590 1031 646 suscitatus
1064 588 1257 643 Petrus
1285 589 1584 658 ingreditur
1622 587 1674 640 in
1706 587 1948 651 hortum,
1976 584 2069 638 ubi

508 683 696 752 ingens
738 689 853 736 erat
900 696 1054 751 aqua:
1086 680 1508 748 receptaculum,
1547 679 1599 731 in
1633 678 1775 747 quod
1816 677 2072 732 continue

507 772 740 842 plurima
764 770 964 825 ﬂuebat
992 769 1157 823 unda.
1190 768 1268 822 Ibi
1304 768 1448 823 lotus
1483 769 1671 836 sicque
1714 777 1901 837 postea
1943 783 2069 837 pre—

505 875 661 919 catus
705 862 952 917 consedit
996 878 1010 915 :
1066 876 1166 915 nos
1210 874 1341 914 vero
1392 859 1852 913 circumsedentes
1904 873 1971 913 ac
2016 858 2071 911 in

505 971 630 1009 eum
662 953 1034 1022 respicientes,
1060 954 1217 1020 quasi
1248 950 1343 1019 qui
1390 950 1594 1019 aliquid
1637 949 2072 1005 desideraremus

505 1043 717 1108 audire,
747 1041 1185 1095 animadverteris
1212 1039 1352 1093 dixit
1386 1057 1401 1093 :

572 1133 641 1188 ll.
671 1132 838 1187 Multa
862 1132 997 1186 mihi
1026 1131 1241 1186 videtur
1269 1145 1391 1185 esse
1423 1129 1724 1186 diaerentia
1751 1129 1891 1184 inter
1918 1128 2073 1199 igna-

503 1242 599 1281 ros
627 1233 681 1281 et
727 1233 991 1279 errantes.
1043 1222 1147 1289 Qui
1192 1223 1338 1277 enim
1370 1224 1625 1293 ‘ignorat,
1673 1221 1889 1276 videtur
1937 1219 2072 1275 mihi

506 1318 702 1373 similis
730 1332 853 1373 esse
883 1315 1094 1370 homini
1117 1316 1183 1369 ad
1210 1315 1525 1384 praeclaram
1555 1315 1828 1369 civitatem
1851 1323 2074 1383 pergere

506 1410 738 1474 nolenti,
770 1408 988 1463 inscitia
1023 1407 1294 1461 bonorum
1321 1407 1394 1459 ibi
1427 1405 1772 1474 positorum;
1822 1406 1917 1473 qui
1944 1416 2073 1457 vero

505 1510 674 1567 errat,
721 1498 930 1554 homini
975 1496 1170 1552 scienti
1220 1495 1440 1565 quidem
1488 1495 1725 1549 civitatis
1758 1495 1931 1557 bona,
1979 1492 2075 1548 sed

505 1592 599 1662 qui
624 1592 677 1645 in
711 1591 904 1645 itinere
933 1596 1188 1657 suscepto
1219 1587 1469 1641 semitam
1510 1586 1806 1640 mutaverit
1845 1584 2075 1652 ideoque

506 1682 793 1738 aberrarit.
841 1681 922 1734 Ad
974 1696 1096 1736 eum
1154 1679 1316 1747 igitur
1364 1678 1585 1732 modum
1634 1686 1765 1746 puto
1822 1690 2072 1745 magnam

1383 295 1441 350 S.
1479 292 1859 350 CLEMENTIS
1892 291 1911 349 1
1954 292 2113 353 ROM.
2146 290 2343 349 PONT.
2385 290 2612 348 OPERA
2652 289 2880 349 DUBIA.

2100 412 2150 469 Α

3610 305 3702 362 260

2742 405 2996 461 'OMIAIA
3025 402 3058 459 Γ
3100 406 3157 454 ³⁸.

2240 498 2382 568 Ι.Τῇ
2422 500 2519 569 μέν
2549 490 2641 553 οὗν
2682 497 2741 551 ἐν
2770 499 3039 569 ὶΤριπόλει
3083 497 3239 572 τρίτῃ
3283 501 3454 573 ἡμέρᾳ
3496 503 3708 575 ὀρθρίτερ

2174 608 2263 663 ρον
2295 591 2339 622 ³²
2385 591 2443 657 ἐξ
2484 592 2653 644 ὕπνου
2700 592 2945 661 ἐγερθεὶς
2983 592 3011 643 6
3054 592 3253 663 Πέτρος
3304 594 3380 655 εἰς
3428 595 3514 647 τὸν
3554 598 3710 667 κῆπον

2172 682 2343 752 εἰσῄει
2376 682 2441 747 ⁸³,
2482 682 2607 735 ἔνθα
2637 678 2703 753 ἦν
2748 682 3047 753 ὑδροχοεῖον
3092 683 3250 753 μέγα,
3301 684 3378 746 εἰς
3408 684 3435 737 ὃ
3475 685 3712 756 διηνεκῶς

2172 773 2422 826 πλούσιον
2457 773 2644 844 ἔρρεεν
2677 772 2839 844 ὕδωρ.
2889 774 3033 827 Ἐκεῖ
3065 776 3413 846 λουσάμενος,
3448 775 3538 829 εἷθ’
3562 772 3716 842 οὑτως

2172 860 2464 931 εὐξάμενος
2494 861 2781 931 ἐκαθέσθη,
2814 863 2963 932 ἡμᾶς
3006 862 3063 915 δὲ
3096 864 3603 935 περικαθεζομένους
3633 868 3716 919 καὶ

2171 951 2251 1015 εἰς
2284 951 2445 1005 αὑτὸν
2479 949 2817 1016 ἀτενίζοντας
2844 951 3031 1023 ὥσπερ
3062 954 3289 1008 ἀκοῦσαί
3318 973 3370 1008 τι
3392 954 3718 1026 βουλομένους

2173 1041 2374 1105 συνεὶς,
2398 1041 2525 1113 ἔφη’

2243 1129 2306 1183 ll.
2343 1132 2516 1203 Πολλή
2544 1148 2632 1203 μοι
2665 1132 2813 1185 δοκεῖ
2845 1127 2981 1185 εἶναι
3014 1134 3249 1206 διαφορά
3277 1135 3385 1188 τῶν
3410 1134 3721 1204 ἀγνοούντων

2172 1222 2309 1293 πρὸς
2355 1225 2484 1285 τοὺς
2521 1222 2987 1294 πεπλανημένους.
3042 1226 3100 1279 'O
3135 1226 3241 1298 γάρ
3273 1227 3478 1295 ἀγνοῶν
3511 1227 3723 1279 ἐοικέναι

2176 1331 2265 1384 μοι
2293 1314 2437 1367 δοκεῖ
2470 1315 2619 1384 ἀνδρὶ
2652 1314 2738 1368 ἐπ’
2771 1316 3167 1388 εὑθηνουμένην
3199 1318 3352 1370 πόλιν
3388 1318 3460 1389 μὴ
3490 1319 3657 1389 ὁρμᾷν
3687 1320 3726 1351 ³⁵

2176 1403 2509 1475 βουληθέντι,
2551 1405 2636 1458 διὰ
2678 1405 2738 1458 τὸ
2788 1406 2998 1474 ἀγνοεῖν
3030 1406 3097 1459 τὰ
3129 1408 3247 1460 ἐκεῖ
3284 1407 3443 1471 καλά,
3489 1410 3517 1461 6
3560 1408 3613 1461 δὲ
3644 1426 3729 1464 περ

2174 1496 2513 1565 πλανημένος
2547 1496 2768 1567 μαθόντι
2804 1497 2902 1567 μὲν
2924 1496 2993 1549 τά
3031 1498 3171 1550 κατά
3206 1499 3308 1569 τὴν
3346 1498 3495 1551 πόλιν
3545 1500 3728 1567 ἀγαθὰ,

2174 1588 2230 1640 ἐν
2264 1587 2321 1640 δὲ
2354 1586 2431 1657 τῷ
2462 1588 2637 1659 όρμᾷν
2671 1588 2813 1641 κατὰ
2844 1588 2939 1659 τὴν
2983 1589 3099 1641 ὁδὸν
3131 1588 3319 1659 τρίϐον
3352 1590 3731 1661 παραλλάξαντι

2175 1679 2267 1731 καὶ
2293 1678 2381 1731 διὰ
2410 1678 2567 1731 τοῦτο
2596 1678 2947 1748 πλανωμένῳ.
2975 1679 3161 1742 Οὕτως
3192 1676 3290 1733 οὖν
3328 1699 3415 1751 μοι
3442 1681 3582 1734 δοκεῖ
3616 1682 3732 1733 πολ-

506 1788 626 1828 esse
654 1772 1009 1828 differentiam
1042 1771 1182 1824 inter
1214 1770 1484 1824 idolorum
1511 1769 1748 1823 cultores
1776 1777 1828 1823 et
1851 1783 1946 1822 eos
1978 1768 2069 1835 qui

2174 1769 2270 1841 λὴν
2314 1768 2574 1840 διαφορὰν
2620 1765 2890 1822 εἶναιτῶν
2936 1770 3126 1823 εἴδωλα
3167 1772 3432 1824 σεϐόντων
3468 1773 3597 1841 πρὸς
3621 1773 3734 1835 τοὺς

506 1866 561 1920 in
598 1879 726 1918 vera
768 1864 1026 1934 religione
1058 1869 1306 1932 peccant.
1347 1855 1483 1914 Nam
1525 1860 1791 1914 idolorum
1835 1860 2073 1914 cultores

504 1956 671 2011 vitam
695 1964 954 2010 aeternam
989 1944 1262 2017 nesciunt,
1296 1967 1461 2021 quam
1488 1950 1611 2006 ideo
1640 1966 1739 2005 nec
1774 1958 2070 2021 appetunt:

505 2046 653 2117 quod
701 2047 845 2101 enim
904 2046 1179 2114 ignorant,
1233 2058 1345 2097 non
1403 2051 1635 2113 possunt
1688 2041 1933 2112 diligere.
1968 2040 2073 2108 Qui

506 2147 685 2193 autem
731 2153 902 2191 unum
955 2136 1123 2190 Deum
1173 2134 1356 2189 colere
1400 2135 1503 2189 sibi
1546 2142 1987 2204 proposuerunt,
2020 2142 2075 2189 et

503 2240 759 2285 aeternam
823 2227 985 2281 vitam
1032 2225 1190 2281 bonis
1236 2225 1415 2279 datam
1453 2226 1627 2280 edocti
1675 2234 1820 2291 sunt,
1866 2224 2072 2295 siquid

504 2330 693 2375 contra
734 2320 1067 2375 voluntatem
1096 2319 1189 2375 Dei
1215 2329 1310 2374 aut
1336 2318 1669 2373 crediderint
1700 2328 1793 2371 aut
1825 2316 2069 2385 fecerint,

410 2479 416 2484 ι
505 2410 881 2466 assimilantur
900 2410 968 2465 iis
993 2409 1085 2480 qui
1114 2424 1180 2464 ex
1207 2408 1459 2478 supplicii
1490 2408 1705 2462 civitate
1748 2417 2067 2476 eruperunt,

504 2512 567 2558 ut
589 2502 837 2559 venirent
878 2502 968 2565 ad,
998 2503 1189 2557 urbem
1242 2500 1539 2568 felicitatis,
1587 2510 1750 2569 atque
1801 2500 1995 2555 itinere
2039 2512 2071 2553 a

502 2602 651 2649 recta
682 2594 769 2648 via
801 2594 1142 2649 aberrarunt.

573 2681 659 2737 ΙΙΙ.
693 2681 817 2737 Haec
841 2698 963 2738 cum
1006 2685 1165 2740 nobis
1193 2684 1549 2749 edissereret,
1582 2682 1860 2752 ingressus
1906 2687 1989 2735 est
2024 2680 2070 2736 is

504 2773 599 2843 qui
648 2771 717 2828 ad
766 2773 1085 2843 hujusmodi
1149 2773 1431 2829 referenda
1479 2771 1781 2826 destinatus
1833 2781 1949 2824 erat
2003 2783 2071 2825 ex

504 2864 732 2927 nostris,
765 2871 825 2917 ut
854 2864 1129 2918 nuntiaret
1159 2863 1234 2917 illi
1272 2882 1285 2917 :
1321 2877 1517 2932 magna
1558 2862 1843 2915 hominum
1886 2859 2071 2913 multi-

504 2954 655 3021 tudo,
680 2955 897 3010 domine
928 2954 1001 3008 mi
1034 2954 1211 3020 Petre,
1244 2970 1342 3023 pro
1368 2953 1578 3008 foribus
1609 2961 1734 3006 stat.
1783 2951 1914 3021 Ejus
1940 2966 2068 3022 ergo

504 3048 768 3118 permissu
804 3046 1026 3101 intravit
1063 3062 1257 3116 magna
1289 3046 1570 3102 hominum
1614 3044 1937 3113 frequentia.
1976 3045 2068 3098 llle
2094 3080 2136 3137 Ο

501 3152 632 3193 vero
662 3151 890 3206 surgens
921 3145 975 3190 et
1004 3137 1056 3189 in
1084 3136 1201 3190 basi
1237 3136 1491 3189 hesterna
1520 3136 1751 3205 positus,
1785 3150 1906 3188 cum
1940 3134 2067 3187 reli~

503 3227 682 3299 gionis
711 3227 819 3280 ritu
850 3227 1157 3289 salutasset,
1207 3226 1344 3280 dixit
1378 3244 1392 3279 :
1431 3226 1547 3291 Dei,
1579 3226 1837 3280 creatoris
1865 3226 1985 3279 coeli
2016 3233 2069 3279 et

504 3327 663 3373 terra:
712 3319 1067 3386 omniumque
1114 3317 1181 3371 iis
1224 3326 1607 3371 contentorum
1658 3317 1739 3384 (ut
1776 3332 1937 3370 verus
1970 3332 2066 3370 nos

500 3409 687 3465 docuit
713 3408 999 3478 propheta)
1030 3408 1098 3462 ad
1142 3408 1434 3478 imaginem
1458 3416 1511 3462 et
1549 3408 1615 3462 ad
1657 3394 2065 3463 similitudinem

503 3501 669 3553 homo
701 3497 900 3564 factus,
923 3499 1253 3554 constitutus
1281 3507 1363 3552 est
1389 3508 1449 3552 ut
1478 3499 1771 3568 imperaret
1804 3514 1869 3554 ac
1892 3499 2067 3553 domi-

501 3600 745 3659 naretur,
776 3591 899 3645 dico
930 3599 1109 3644 autem
1156 3590 1211 3643 in
1249 3604 1312 3645 ea
1345 3605 1465 3660 quae
1506 3590 1713 3645 suntin
1749 3606 1892 3655 aere,
1923 3602 2064 3646 terra
2120 3654 2129 3659 ,

499 3690 555 3738 et
580 3682 770 3752 aquis,
808 3680 1265 3751 quemadmodum
1319 3695 1386 3735 ex
1439 3681 1555 3750 ipsa
1588 3695 1647 3735 re
1692 3695 1917 3736 cernere
1960 3690 2061 3738 cst.

498 3771 636 3827 Nam
684 3773 948 3827 industria
988 3787 1084 3826 sua
1113 3788 1234 3843 qua:
1276 3771 1332 3825 in
1372 3787 1499 3826 aere
1536 3785 1826 3827 versantur
1856 3773 2061 3842 dejicit,

499 3880 620 3935 quae
647 3865 701 3919 in
730 3864 1001 3935 profundo
1023 3866 1227 3935 degunt
1255 3864 1485 3930 extollit,
1515 3880 1635 3933 quae
1683 3873 1881 3919 terram
1915 3865 2063 3920 inco-

499 3958 620 4012 lunt
646 3966 897 4022 venatur,
926 3956 1177 4026 quamvis
1220 3956 1417 4011 robore
1455 3956 1685 4029 multum
1710 3972 1775 4012 eo
1801 3966 2063 4027 praestan-

497 4048 1000 4117 tiora,elephantos
1041 4047 1264 4116 inquam
1292 4054 1347 4100 et
1389 4046 1577 4102 leones
1608 4062 1672 4101 ac
1711 4047 1797 4102 bis
1839 4048 2055 4102 similia.

568 4138 658 4193 ιν.
684 4139 935 4205 Quandiu
966 4153 1094 4208 ergo
1122 4138 1304 4208 justus
1338 4138 1579 4201 exstitit,
1618 4138 1869 4193 omnibus
1902 4138 2060 4194 malis

498 4231 746 4299 superior
772 4230 894 4296 fuit,
929 4247 992 4285 ac
1022 4231 1170 4285 velut
1205 4230 1260 4283 in
1303 4244 1529 4299 corpore
1565 4229 1857 4284 immortali
1897 4246 2063 4300 expe-

498 4323 789 4376 rimentum
825 4322 1032 4377 doloris
1074 4336 1269 4391 capere
1316 4337 1425 4376 non
1471 4328 1699 4390 poterat.
1741 4319 1841 4375 Ubi
1876 4331 2056 4376 autem

2174 1859 2231 1911 ἐν
2262 1857 2541 1929 θεοσεϐείᾳ
2567 1856 2897 1927 ἀλωμένους.
2935 1858 3002 1909 Oi’
3030 1875 3089 1910 τε
3115 1858 3226 1928 γὰρ
3268 1858 3462 1911 εἴδωλα
3506 1858 3731 1921 σέϐοντες

2173 1949 2423 2020 ἀγνοοῦσι
2446 1949 2542 2021 τὴν
2563 1948 2777 2003 αἰώνιον
2799 1948 2961 2019 ζωὴν,
2997 1943 3057 2003 οὗ
3077 1951 3286 2007 εἵνεκεν
3320 1950 3441 2002 οὑδὲ
3473 1950 3734 2020 ὀρέγονται

2173 2046 2361 2115 αὐτῆς·
2406 2044 2434 2097 ὃ
2466 2042 2573 2113 γὰρ
2608 2044 2681 2113 μὴ
2712 2042 2908 2105 ἴσασιν,
2942 2043 3158 2113 ἀγαπᾷν
3190 2043 3254 2094 οὑ
3295 2042 3560 2095 δύνανται.
3602 2042 3659 2093 υἱ
3684 2040 3733 2094 δὲ

2171 2135 2261 2188 τὸν
2295 2133 2457 2204 214
2486 2133 2581 2185 ἕνα
2612 2131 2740 2183 Θεὸν
2772 2130 2946 2183 σέϐειν
2980 2132 3220 2201 ἑλόμενοι
3249 2133 3346 2185 καὶ
3374 2131 3583 2185 αἰώνιον
3607 2131 3736 2200 ζωὴν

2172 2229 2283 2290 τοῖς
2318 2225 2540 2295 ἀγαθοῖς
2561 2224 2847 2294 δεδομένην
2869 2223 3268 2294 μεμαθηκότες,
3303 2224 3397 2277 ἐάν
3424 2243 3475 2276 τι
3509 2223 3650 2295 παρά
3676 2221 3736 2275 τὰ

2171 2316 2432 2371 δοκοῦντα
2456 2315 2534 2385 τῷ
2557 2314 2673 2384 Θεῷ
2700 2315 2732 2384 ἢ
2758 2314 3114 2367 πιστεύσωσιν
3138 2314 3170 2385 ἢ
3194 2316 3520 2384 ποιήσωσιν,
3547 2313 3737 2366 ἐοίκασι

2170 2411 2281 2471 τοῖς
2310 2407 2408 2478 τὴν
2429 2407 2472 2438 ³⁸
2495 2406 2592 2477 μὲν
2610 2406 2759 2459 πόλιν
2774 2407 2872 2478 τῆς
2893 2405 3157 2477 τιμωρίας
3179 2405 3559 2477 ἐκϐεϐηκόσιν,
3581 2406 3737 2459 ἐλθεῖν

2171 2497 2227 2550 δέ
2259 2500 2337 2562 εἰς
2368 2498 2465 2569 τὴν
2513 2498 2911 2569 εὑθηνουμένην
2943 2499 2986 2528 ³⁸
3007 2496 3444 2569 [ἐπιθυμοῦσιν],
3476 2498 3569 2551 καὶ
3596 2499 3648 2550 ἐν
3679 2500 3738 2567 τῇ

2169 2590 2272 2662 ὁδῷ
2297 2590 2396 2659 τῆς
2420 2588 2633 2652 εὐθείας
2665 2588 3028 2659 πλανηθεῖσιν.

2240 2681 2325 2736 lll.
2363 2680 2546 2735 Ταῦτα
2568 2680 2730 2735 αὑτοῦ
2756 2680 3135 2752 διαλεγομένου
3161 2681 3301 2751 ἡμῖν
3333 2681 3505 2754 εἰσῄει
3536 2699 3618 2745 τις
3648 2680 3745 2733 τῶν

2170 2774 2451 2846 ἡμετέρων
2480 2776 2508 2826 6
2554 2774 2645 2826 ἐπί
2684 2772 2760 2843 τῷ
2802 2771 3164 2841 ἀπαγγέλλειν
3207 2773 3367 2844 αὑτῷ
3416 2774 3487 2827 τά
3540 2772 3743 2826 τοιαῦτα

2170 2865 2521 2938 καθεστηκὼς
2544 2865 2715 2935 λέγων
2735 2866 2800 2896 ³⁷⁸
2830 2865 3011 2917 πολλοὶ
3030 2865 3194 2935 ὄχλοι,
3231 2866 3398 2937 κύριέ
3426 2883 3527 2937 μου
3560 2865 3741 2937 Πέτρε,

2172 2959 2276 3030 πρὸ
2299 2957 2405 3010 τῶν
2441 2956 2617 3028 θυρῶν
2654 2957 2963 3027 ἑστήκασιν.
3004 2955 3437 3026 Ἐπιτρέψαντος
3467 2952 3558 3009 οὖν
3590 2950 3741 3008 αύτοῦ

2172 3052 2335 3114 πολὺς
2355 3049 2669 3119 ἐπεισῆλθεν
2689 3049 2859 3119 ὄχλος.
2899 3048 2954 3099 'O
2972 3048 3026 3100 δὲ
3048 3047 3299 3119 ἐγερθεὶς
3322 3050 3418 3102 καὶ
3441 3052 3506 3120 τῇ
3532 3048 3679 3119 ἐχθὲς
3702 3047 3741 3077 ⁸⁸

2172 3140 2324 3211 βάσει
2357 3138 2598 3200 ἐπιστὰς,
2635 3137 2712 3206 τῷ
2742 3138 2840 3207 τῆς
2872 3137 3179 3200 θεοσεϐείας
3219 3138 3336 3192 ἔθει
3385 3136 3747 3210 προσαγορεύ-

2172 3248 2288 3295 σας,
2323 3231 2447 3299 ἐφη·
2496 3229 2629 3281 Θεοῦ
2660 3228 2752 3281 τοῦ
2797 3228 2886 3281 τὸν
2917 3228 3141 3300 ούρανὸν
3187 3230 3479 3295 κτίσαντος
3522 3233 3613 3285 καὶ
3652 3232 3743 3301 τὴν

2168 3320 2268 3389 γῆν
2308 3321 2400 3372 καὶ
2428 3318 2601 3371 πάντα
2632 3317 2700 3371 τὰ
2721 3320 2776 3370 ἐν
2809 3320 2988 3381 αὑτοῖς
3023 3320 3409 3389 πεποιηκότος,
3445 3322 3522 3383 ὡς
3560 3323 3587 3374 ὀ
3620 3323 3743 3390 άλη-

2169 3409 2265 3480 θὴς
2291 3409 2421 3479 ἡμῖν
2456 3408 2642 3478 εἴρηκε
2660 3407 2704 3437 ³³
2732 3409 3029 3478 προφήτης,
3053 3407 3385 3480 όᾶνθρωπος
3420 3412 3541 3464 κατ’
3572 3410 3743 3463 εἰκόνα

2167 3500 2261 3552 καὶ
2294 3499 2414 3551 καθ’
2442 3498 2696 3567 ὁμοίωσιν
2730 3496 2967 3565 γεγονὼς
3000 3499 3188 3568 ἄρχειν
3232 3516 3293 3552 τε
3334 3503 3431 3554 καὶ
3480 3499 3745 3572 κυριεύειν

2166 3589 2488 3659 κατεστάθη,
2531 3589 2672 3657 λέγω
2716 3586 2772 3641 δὲ
2805 3588 2910 3640 τῶν
2936 3589 2991 3640 ἐν
3013 3590 3131 3660 ἀέρι
3169 3590 3262 3642 καὶ
3296 3596 3369 3663 γῇ
3408 3595 3503 3646 καὶ
3545 3593 3743 3655 ὕδασιν,

2165 3680 2239 3741 ὡς
2268 3679 2312 3711 ⁸ο
2337 3679 2394 3745 ἐξ
2441 3679 2603 3732 αὑτοῦ
2649 3678 2743 3733 τοῦ
2776 3681 3094 3752 πράγματος
3123 3680 3235 3733 ἐστι
3277 3684 3538 3749 συνιδεῖν,
3574 3685 3652 3736 ὅτι
3682 3686 3743 3753 τῇ

2163 3769 2354 3823 ἑαυτοῦ
2408 3772 2617 3823 συνέσει
2665 3771 2733 3824 τὰ
2778 3772 2875 3842 μὲν
2909 3774 2965 3823 ἐν
3005 3771 3125 3842 ἀέρι
3167 3771 3324 3842 φέρει
3353 3775 3529 3840 κάτω,
3582 3776 3651 3828 τά
3690 3776 3744 3827 ἐν

2165 3859 2310 3932 βυθῷ
2337 3861 2527 3929 ἀνάγει
2559 3861 2689 3925 ἀνω,
2722 3862 2791 3915 τὰ
2819 3863 2875 3914 ἐν
2902 3864 2970 3932 γῇ
3003 3861 3245 3933 ἀγρεύει,
3281 3866 3380 3917 καί
3416 3866 3502 3919 τοί
3534 3883 3597 3934 γε
3629 3866 3746 3918 κατ’

2162 3954 2332 4025 ἀλκὴν
2366 3954 2529 4007 αὑτοῦ
2578 3954 2755 4024 πολλῷ
2804 3954 3021 4024 μείζονα
3053 3953 3201 4017 ὄντα,
3248 3953 3396 4023 λέγω
3431 3956 3494 4010 δὲ
3526 3958 3746 4026 ἐλέφαν-

2160 4062 2259 4109 τας
2292 4047 2385 4099 καὶ
2415 4046 2633 4109 λέοντας
2656 4046 2747 4099 καὶ
2777 4045 2846 4097 τά
2864 4044 3074 4107 τούτοις
3108 4048 3474 4120 παραπλήσια
3509 4050 3576 4103 ⁵⁸.

2229 4135 2319 4189 1V.
2360 4136 2485 4189 Ὅτε
2518 4135 2614 4206 μέν
2643 4152 2723 4187 τοι
2764 4135 2967 4199 δίκαιος
3013 4135 3327 4207 ἐτύγχανεν,
3380 4139 3481 4193 καὶ
3531 4140 3745 4193 πάντων

2160 4226 2494 4298 παθημάτων
2528 4224 2795 4287 ἀνώτατος
2827 4224 2986 4295 215
3010 4220 3095 4295 ἦν,
3129 4226 3203 4288 ὼς
3234 4227 3499 4300 ἀθανάτῳ
3535 4229 3747 4301 σώματι

2158 4318 2253 4372 τοῦ
2284 4319 2466 4387 ἀλγεῖν
2486 4321 2678 4390 πεῖραν
2710 4317 2891 4371 λαϐεῖν
2915 4317 2987 4387 μὴ
3015 4317 3326 4387 δυνάμενος,
3358 4322 3453 4374 ὅτε
3488 4322 3547 4375 δέ
3568 4323 3749 4392 ἦμαρ-

496 4412 760 4482 peccavit,
794 4413 936 4467 sicut
984 4413 1070 4466 die
1119 4413 1375 4467 hesterno
1420 4422 1475 4468 et
1528 4413 1680 4466 illum
1724 4415 2057 4482 praecedente

2171 4429 2269 4475 cev,
2311 4411 2386 4473 ὡς
2414 4410 2568 4480 ἐχθὲς
2612 4408 2656 4440 δ’
2700 4410 2793 4461 καὶ
2833 4411 2897 4479 τῇ
2944 4407 3049 4476 πρὸ
3092 4407 3261 4479 αὐτῆς
3306 4410 3634 4484 ἐδείξαμεν,
3674 4413 3750 4475 ὼς

498 4501 856 4568 ostendimus,
888 4512 1145 4572 tanquam
1175 4503 1348 4559 factus
1393 4520 1583 4559 servus
1611 4506 1816 4574 peccati
1845 4506 2056 4561 cunctis

496 4591 942 4663 perpessionibus
992 4594 1265 4663 subjacuit
1310 4604 1365 4649 et
1411 4596 1668 4651 omnibus
1714 4594 1873 4651 bonis
1907 4596 2055 4665 justo

492 4683 702 4753 judicio
729 4684 971 4753 privatus
999 4693 1101 4740 est.
1134 4683 1289 4740 Haud
1323 4686 1469 4739 enim
1499 4702 1715 4756 aequum
1749 4686 1961 4750 fuisset,
1996 4696 2054 4741 ut

496 4775 685 4830 relicto
714 4776 903 4829 dature
947 4775 1073 4830 data
1111 4777 1255 4846 apud
1293 4777 1532 4846 ingratos
1569 4786 1867 4832 manerent.
1899 4776 2053 4833 Unde

494 4878 592 4934 per
644 4873 1058 4933 exsuperantem
1104 4867 1567 4931 misericordiam,
1600 4871 1723 4938 ’quo
1769 4884 1876 4923 una
1923 4883 2048 4924 cum

496 4955 767 5033 prioribus
792 4955 976 5011 futura
998 4970 1216 5027 quoque
1236 4968 1437 5013 aeterna
1458 4960 1860 5029 perciperemus
1883 4961 2046 5027 bona,

2156 4502 2339 4565 δοῦλος
2383 4500 2621 4570 γεγονὼς
2660 4502 2760 4571 τῆς
2800 4502 3074 4573 ἁμαρτίας
3121 4505 3282 4556 πᾶσιν
3329 4504 3587 4559 ὑπέπεσε
3635 4509 3748 4568 τοῖς

2156 4594 2491 4665 παθήμασιν,
2532 4592 2748 4645 πάντων
2780 4591 2960 4645 καλῶν
2993 4594 3176 4664 δικαίᾳ
3214 4594 3391 4665 κρίσει
3430 4596 3745 4668 στερηθείς.

2155 4685 2228 4738 Οὑ
2262 4684 2369 4755 γὰρ
2403 4682 2618 4751 εὑλογον
2638 4677 2726 4753 ἦν,
2760 4681 2852 4734 τοῦ
2881 4681 3169 4745 δεδωκότος
3210 4682 3747 4752 ἐγκαταλειφθέντος

2152 4775 2221 4829 τὰ
2276 4774 2493 4827 δοθέντα
2549 4772 2880 4844 παραμένειν
2931 4775 3043 4835 τοῖς
3088 4772 3420 4844 ἀγνώμοσιν.
3469 4774 3640 4828 Ὅθεν
3687 4772 3747 4842 ἐξ

2156 4864 2595 4939 ὑπερϐαλλούσης
2624 4862 2785 4916 αὑτοῦ
2818 4864 3216 4935 εὐσπλαγχνίας
3247 4866 3383 4938 πρὸς
3424 4866 3494 4919 τὸ
3530 4867 3745 4919 ἀπολα-

2156 4957 2268 5011 ϐεῖν
2289 4957 2332 4988 ⁸³
2353 4956 2499 5027 ἡμᾶς
2531 4954 2644 5025 ἅμα
2668 4955 2779 5017 τοῖς
2800 4953 3030 5026 πρώτοις
3062 4956 3153 5009 καὶ
3172 4956 3238 5010 τὰ
3269 4957 3511 5027 ἐσόμενα
3540 4957 3743 5011 αἰώνια

1789 5140 2022 5197 VARUE
2060 5136 2457 5196 LECTIONES.

572 5254 611 5335 ³)
625 5254 821 5336 δεκάτη
847 5252 909 5307 Ο.
977 5254 1384 5336 ³ξόρθριώτερον
1407 5254 1469 5336 (ξι
1514 5264 1567 5310 et
1592 5254 1650 5310 S.
1714 5256 1758 5288 ³³
1776 5256 1946 5336 εἰσῄει
2124 5296 2139 5321 ,
2164 5256 2321 5336 είσίε]ζ
2344 5251 2886 5336 (ξητμιῐλὺδροχοεῖον
2917 5252 2955 5307 S
2983 5292 2997 5317 ,
3026 5252 3303 5336 689016193).
3328 5251 3477 5336 C.O..
3532 5255 3581 5287 “
3601 5256 3742 5336 ἐρᾷν

494 5314 536 5399 ς)
573 5324 644 5399 _in
679 5314 846 5399 textu,
879 5324 1022 5399 quod
1043 5314 1103 5399 _i'_n
1131 5314 1306 5399 ξηαπ-εξ
1340 5327 1653 5399 ead._man.
1677 5314 1932 5399 portes-it
1972 5314 2039 5399 in
2070 5314 2257 5399 ὁρμᾷν.
2291 5314 2866 5399 διιὺίῐιόθῆβουληθέντι
2898 5340 2963 5377 ex
2985 5314 3223 5399 conject1
3245 5324 3306 5377 Ci
3338 5365 3355 5399 ._
3381 5326 3511 5399 cuj;
3544 5314 3742 5399 textus

495 5390 797 5470 βούλεσθαι,
824 5390 969 5470 utp.
1229 5390 1338 5449 o‘m.
1466 5394 1605 5449 Tum
1641 5396 1782 5470 idem
1828 5390 2201 5470 ἐκϐεϐηκόσιν,
2237 5404 2295 5450 ut
2332 5392 2489 5470 conj.
2516 5390 2602 5470 ς,

2640 5392 2693 5465 in
2722 5393 2831 5465 cuj.
2872 5402 3017 5465 testu
3053 5392 3437 5465 _é5c§e6or;x6crt.
3462 5392 3743 5448 Subinde

495 5462 696 5547 inserui
698 5464 776 5547 ,δέ
802 5480 864 5547 ε..
890 5462 951 5518 Ο.
988 5462 1484 5547 η³⁶¹εὑθυνουμένην
1508 5469 1570 5547 0,
1601 5465 1709 5547 cui.
1748 5466 1954 5547 lacunae
1997 5462 2345 5547 subsequent}
2377 5462 2625 5547 inscripsi
2664 5462 3088 5547 '[é'ttteuttogctv].
3131 5462 3470 5547 ρεὶηᾱετῆς
3502 5464 3742 5547 εὐθείας

491 5530 565 5582 id.
609 5548 657 5585 c.
698 5533 738 5584 ἰ)
767 5574 783 5597 ,
815 5534 913 5635 την
951 5533 1159 5588 εὑθείαν
1198 5536 1260 5591 C.
1320 5530 1508 5588 ’³⁷τῶν
1546 5536 1624 5605 ήμ

492 5598 671 5635 "vn;-
705 5606 745 5635 n
840 5605 859 5634 s
904 5604 977 5635 ,ειρ
1005 5605 1204 5635 ,ιδ-οε..
1236 5604 1451 5635 δίκην...
1494 5607 1623 5635 αυτ..

549 5600 671 5683 χθές
705 5606 764 5657 ο·
840 5600 882 5635 ³⁶
903 5604 977 5683 ab;
1003 5605 1204 5683 ᾁληθῂς
1236 5604 1451 5683 εῖρηὶεεν

1626 5530 1824 5606 ετέρων
1857 5536 1948 5606 ἐπὶ
1990 5538 2067 5606 τῷ
2103 5530 2425 5606 ἀπαγγελεῖν
2451 5532 2616 5601 αύτῷ,
2654 5530 2693 5585 δ’
2719 5531 2788 5585 τά
2818 5530 3040 5606 τοιαῦτα
3054 5530 3429 5606 ’καθεστηκὼς
3450 5534 3647 5606 λέγειν

1494 5602 1623 5676 ἡμῖν
1657 5602 1731 5658 (ἓξ
1796 5606 1839 5637 ⁸ο
1863 5605 2001 5661 Vbb.
2040 5602 2323 5676 ὑδασινὼς
2356 5604 2438 5657 bis
2469 5613 2685 5676 exarata
2722 5610 2851 5676 sunt
2905 5602 2970 5676 in_
3123 5604 3265 5676 f‘ita
3288 5602 3347 5676 ⁷οᾃ
3373 5617 3439 5676 _c.
3471 5603 3541 5658 Cl
3578 5645 3593 5665 .
3622 5604 3740 5657 τῶν

489 5671 695 5732 τούτοις
716 5671 1106 5748 παραπλησίων
1133 5671 1194 5733 C.
1225 5734 1233 5742 ,
1269 5671 1312 5709 ⁵³
1326 5671 1450 5747 χθές
1483 5671 1547 5730 ο;
1618 5675 1663 5707 ⁸³
1684 5676 1819 5747 πρὸς
1842 5676 1902 5730 τὸ
1934 5675 2223 5732 ἀπολαύειν
2246 5676 2287 5731 (ὲ
2346 5688 2412 5730 ex
2440 5672 2697 5743 conject.,
2737 5673 2871 5743 πρὸς
2904 5671 2980 5743 τῷ
3013 5673 3301 5727 ἀπολαύειν
3337 5673 3406 5730 id.
3444 5676 3505 5727 in
3548 5685 3733 5729 textu.
