4004 6332
241 308 332 365 261
1310 293 1769 354 CLEMENTINA.
1801 323 1871 332 ——
1904 289 2187 346 lIOMlLlA
2225 288 2295 343 X.

3376 288 3483 346 962

239 419 440 490 ἀγαθὰ,
475 419 568 476 τὸν
594 416 758 474 αὑτοῦ
789 415 1000 488 ἔπεμψε
1025 415 1322 489 προφήτην.
1376 417 1419 464 0
1451 413 1508 466 δὲ
1531 409 1805 482 προφήτης

1915 420 2073 459 suum
2111 404 2261 459 misit
2284 401 2627 472 prophetam.
2658 401 2764 466 Qui
2799 400 3058 473 propheta
3093 401 3249 457 nobis
3276 415 3479 472 praece-

239 512 371 584 πρδς
406 512 552 582 ὑμᾶς
594 511 770 578 λέγειν
816 511 945 580 ἡμῖν
974 510 1020 539 ⁵⁵
1059 507 1095 561 ὃ.
1137 507 1218 560 δεῖ
1246 506 1461 576 φρονεῖν
1494 502 1589 556 καὶ
1633 503 1806 554 ποιεῖν

237 601 556 654 ἑνετειλατο.
611 597 832 651 Ἔλεσθε
880 593 994 659 οὖν,
1038 596 1067 649 ὃ
1108 597 1200 648 ἐπὶ
1243 597 1308 665 τῇ
1355 593 1597 664 ὑμετέρᾳ
1632 593 1806 643 κεῖται

237 691 472 763 ἐξουσίᾳ.
525 692 593 743 Ἀ
643 690 740 761 μὲν
783 685 875 743 οὖν
907 689 987 742 δεῖ
1030 689 1278 760 φρονεῖν,
1325 687 1441 739 ἐστὶ
1483 683 1673 738 ταῦτα·
1720 683 1808 736 τὸν

236 785 409 837 πάντα
441 782 776 853 πεποιηκότα
812 779 987 833 σέϐειν
1018 779 1170 832 Θεὸνο
1205 778 1262 832 ὃν
1297 777 1361 830 ἂν
1389 774 1697 846 ἀπολάϐητε
1730 772 1808 844 τῷ

235 874 321 945 νῷ,
371 875 466 926 ἀπ’
524 872 571 904 ⁸⁸
620 871 783 926 αὑτοῦ
836 870 1176 942 ἀπολήψεσθε
1230 869 1345 940 ἃμα
1393 869 1506 931 τοῖς
1575 865 1808 938 πρώτοις

236 966 415 1027 καλοῖς
448 963 544 1018 καὶ
576 962 644 1015 τά
675 962 906 1034 ἐσόμενα
930 961 1123 1015 αἰώνια
1157 959 1356 1030 ἀγαθά.

297 1054 360 1110 Υ.
403 1056 595 1108 Πεῖσαι
630 1049 724 1107 οὖν
762 1055 983 1118 ἑαυτοὺς
1015 1053 1152 1126 πρὸς
1174 1053 1244 1107 τά
1277 1053 1619 1125 συμφέροντα
1649 1051 1788 1122 δυνή-

237 1148 411 1213 σεσθε,
443 1147 648 1219 ἐάνπερ
677 1145 755 1217 τῷ
777 1146 1139 1217 έμφωλεύοντι
1160 1146 1219 1199 ὲν
1247 1148 1315 1216 τῇ
1339 1145 1579 1216 ὑμετέρᾳ
1610 1143 1806 1214 καρδίᾳ

233 1240 383 1311 δεινῷ
436 1239 559 1308 δφει
601 1239 788 1310 ὥσπερ
835 1238 1122 1309 ἐπᾴδοντες
1166 1237 1380 1307 λέγητεο
1437 1238 1654 1305 Κύριον
1701 1234 1808 1288 τὸν

238 1330 379 1385 Θεὸν
416 1314 760 1398 φοϐηθήάῃ,
789 1327 888 1382 καὶ
918 1326 1077 1392 αὐτῷ
1106 1327 1270 1398 μόνῳ
1295 1327 1646 1392 λατρεύσεις
1714 1325 1808 1378 Ἐκ

234 1420 426 1482 παντὸς
445 1414 540 1472 οὖν
561 1417 817 1488 λογισμοῦ
840 1417 1104 1488 συμφέρει
1144 1417 1204 1470 τὸ
1236 1415 1394 1469 αὑτὸν
1437 1417 1594 1490 μόνον
1624 1414 1805 1484 φοϐεῖ-

238 1512 368 1576 σθαι,
392 1512 494 1580 οὐχ
516 1511 592 1575 ὡς
617 1511 801 1565 ἄδικον
817 1551 831 1575 ,
861 1512 973 1565 ἀλλ’
998 1513 1073 1576 ὡς
1100 1512 1324 1565 δίκαιον.
1358 1511 1468 1563 Καὶ
1489 1513 1595 1581 γὰρ
1623 1509 1807 1564 ἄδικόν

235 1622 306 1669 τις
335 1606 609 1674 φοϐεῖται,
648 1607 721 1678 μὴ
759 1605 956 1668 ἀδίκως
999 1603 1278 1675 ἀναιρεθῇ,
1331 1604 1422 1658 καὶ
1450 1603 1542 1656 τὸν
1581 1603 1804 1668 δίκαιον,

240 1698 302 1769 μὴ
327 1697 374 1728 ⁸⁸
409 1698 659 1770 ἁμαρτία
701 1696 971 1770 φωραθεὶς
1009 1697 1318 1767 τιμωρηθῇ.
1347 1695 1582 1748 Δύνασθε
1616 1690 1707 1748 οὖν
1750 1696 1806 1746 ἐν

1908 500 2006 569 pit,
2039 506 2098 552 ut
2129 498 2436 551 diceremus
2475 495 2630 550 vobis
2669 510 2792 564 qua:
2833 496 3038 549 sentire
3075 503 3128 548 et
3182 494 3360 550 facere
3389 497 3482 549 de-

1907 589 2103 644 beatis.
2138 587 2332 658 Eligite
2358 601 2491 657 ergo
2521 597 2576 640 et
2601 587 2890 656 capessite.
2933 585 2988 640 Id
3030 587 3083 639 in
3114 596 3291 640 vestra
3316 586 3481 640 silum

1906 689 1989 737 est
2031 687 2316 750 potestate.
2369 676 2632 746 Equidem
2683 693 2804 748 quae
2856 675 3059 732 sentire
3106 677 3337 742 debetis,
3378 677 3480 732 ista

1907 783 2036 830 sunt
2073 773 2356 828 :omnium
2405 781 2683 827 auctorem
2731 770 2902 825 Deum
2931 772 3204 838 venerari,
3237 787 3397 840 quem
3435 771 3483 826 si

1905 875 2084 920 mente
2110 864 2454 934 receperitis,
2494 864 2563 918 ab
2606 863 2725 933 ipso
2765 877 2889 917 cum
2932 862 3205 932 prioribus
3235 877 3482 917 commo-

1905 956 1991 1012 dis
2022 956 2202 1010 futura
2231 970 2451 1025 quoque
2482 963 2741 1025 perpetua
2771 955 2914 1008 bona
2941 953 3373 1022 consequemini.

1977 1047 2041 1102 ν.
2069 1047 2296 1102 Vosmet
2324 1047 2491 1116 igitur
2535 1047 2602 1101 ad
2649 1047 2803 1101 utilia
2848 1044 3103 1116 poteritis
3131 1045 3479 1113 persuadere,

1907 1141 1952 1196 si
1985 1139 2050 1194 ad
2083 1140 2384 1197 latitantem
2420 1139 2474 1193 in
2509 1147 2692 1194 vestro
2735 1138 2899 1193 corde
2939 1137 3223 1191 horridum
3257 1152 3484 1207 serpen-

1910 1245 2014 1288 tem
2049 1234 2197 1288 velut
2240 1234 2583 1288 incantantes
2633 1233 2881 1287 dixeritis
2931 1251 2944 1286 :
2993 1232 3275 1285 Dominum
3316 1231 3484 1285 Deum

1909 1327 2238 1390 revereberis,
2293 1336 2343 1380 et
2395 1325 2478 1379 illi
2531 1327 2634 1379 soli
2707 1327 2896 1379 servies
2961 1338 3010 1380 ι.
3062 1325 3138 1379 Ex
3193 1335 3300 1379 tota
3354 1339 3484 1395 ergo

1907 1427 2091 1474 mente
2118 1419 2373 1482 convenit
2400 1435 2526 1474 eum
2561 1419 2742 1474 solum
2772 1419 2968 1484 vereri,
2999 1435 3105 1472 non
3129 1427 3189 1472 ut
3209 1419 3483 1488 iniquum,

1909 1513 2001 1566 sed
2033 1521 2091 1565 ut
2116 1511 2348 1581 justum.
2408 1510 2620 1565 Etenim
2672 1511 2920 1580 iniquum
2970 1510 3093 1579 quis
3129 1523 3366 1575 veretur,
3416 1524 3485 1563 ne

1911 1603 2096 1673 inique
2132 1605 2199 1660 de
2230 1605 2409 1660 medio
2441 1603 2682 1667 tollatur,
2718 1602 2928 1672 justum
2974 1617 3124 1664 vero,
3172 1617 3240 1656 ne
3273 1602 3328 1654 in
3357 1616 3483 1670 pcco

1910 1704 2032 1750 cato
2075 1696 2452 1766 deprehensus
2488 1711 2678 1766 poenas
2723 1697 2832 1751 det.
2884 1697 3115 1753 Potestis
3162 1697 3344 1766 itaque
3390 1711 3485 1764 per

332 1761 472 1861 πρὸς
502 1761 666 1844 αὑτὸν
691 1761 838 1860 φόεῷ
860 1761 1198 1842 πολλῶν-τῷν
1215 1761 1527 1840 ﬁrmatam
1556 1787 1598 1818 ⁸⁷
1630 1787 1805 1840 ἀπαλ-

1910 1787 2158 1841 timorem
2188 1804 2314 1858 erga
2345 1788 2496 1841 illum
2539 1788 2778 1857 effugere
2817 1790 3016 1844 multos
3056 1789 3249 1844 noxios
3283 1799 3481 1842 metus.

239 1881 449 1952 λαγῆναι
472 1881 674 1950 φόϐων.
703 1881 834 1934 Ἕνα
853 1880 960 1951 γὰρ
978 1879 1068 1932 τὸν
1090 1878 1306 1932 πάντων
1327 1878 1510 1950 κύριον
1532 1878 1624 1931 καὶ
1647 1894 1805 1947 ποιη-

238 1973 319 2042 τὴν
349 1971 446 2026 ἐὰν
477 1973 555 2044 μὴ
581 1972 815 2043 φοϐῆσθε
848 1972 911 2036 ⁸⁸,
939 1971 1153 2025 πάντων
1174 1971 1282 2022 τῶν
1305 1969 1489 2022 κακῶν
1513 1968 1685 2021 δοῦλοι
1716 1971 1806 2021 ἐπὶ

239 2067 293 2133 τῇ
313 2065 476 2135 216
503 2063 714 2116 ἑαυτῶν
751 2063 922 2136 βλάϐῃ
954 2061 1159 2122 ἔσεσθε,
1190 2060 1403 2128 λέγωδὲ
1433 2061 1697 2131 δαιμόνων
1713 2062 1804 2113 καὶ

242 2155 370 2223 παθη
381 2155 570 2224 μάτων
595 2155 689 2208 καὶ
712 2154 910 2217 παντὸς
932 2155 1029 2222 οἴῳ
1056 2152 1098 2183 ⁸³
1119 2153 1182 2223 δή
1203 2168 1308 2204 τινι
1336 2151 1520 2221 τρόπῳ
1551 2150 1806 2220 βλάπτειν

236 2248 546 2318 δυναμένου.

305 2333 389 2391 Ἡ.
422 2338 808 2410 Θαρσήσαντες
849 2333 941 2392 οὖν
985 2337 1208 2408 πρόσιτε
1254 2337 1301 2368 ⁸ο
1334 2337 1412 2408 τῷ
1446 2337 1583 2409 Θεῷ,
1627 2338 1677 2391 οἱ
1709 2337 1806 2409 τὴν

241 2429 404 2501 ἀρχὴν
437 2431 529 2482 ἐπὶ
556 2431 634 2502 τῷ
662 2432 879 2484 πάντων
911 2432 1098 2502 ἄρχειν
1140 2430 1234 2482 καὶ
1275 2431 1548 2502 κυριεύειν
1579 2448 1807 2500 γεγενηά

250 2521 409 2590 μένοι,
440 2522 658 2584 οἵτινες
708 2521 857 2592 ἔχετε
900 2521 1064 2574 αὑτοῦ
1103 2522 1160 2574 ὲν
1197 2521 1294 2592 μὲν
1343 2521 1420 2593 τῷ
1467 2521 1677 2591 σώματι
1709 2523 1807 2593 τὴν

245 2612 436 2676 εἰκόνα,
484 2613 681 2682 ὁμοίως
723 2630 783 2665 τε
825 2612 976 2683 ἔχετε
1014 2615 1072 2671 έν
1106 2615 1185 2685 τῷ
1217 2614 1292 2685 νῷ
1324 2615 1423 2684 τῆς
1461 2613 1684 2687 γνώμης
1709 2616 1807 2686 τὴν

239 2704 536 2776 δμοιάτητα.
585 2705 738 2758 Ἐπεὶ
770 2700 864 2758 οὖν
895 2705 1110 2774 ἀλόγοις
1139 2704 1298 2770 ζώοις
1347 2707 1560 2760 ἐοικότα
1593 2707 1636 2738 ⁵⁸
1667 2706 1807 2777 πρά-

236 2798 408 2862 ξαντες
440 2800 511 2852 ὲκ
530 2798 634 2870 τῆς
661 2798 838 2868 ψυχῆς
870 2797 1066 2870 [ὑμῶν]
1103 2800 1148 2830 ⁵¹
1182 2801 1279 2871 τὴν
1315 2797 1603 2870 ἀνθρώπου
1624 2800 1805 2872 ψυχὴν

233 2885 565 2948 ἀπωλέσατε,
587 2884 778 2955 ὥσπερ
822 2889 991 2957 χοῖροι
1033 2888 1312 2958 γενόμενοι
1345 2888 1612 2959 δαιμόνων
1653 2891 1808 2962 αἰτή-

235 2993 368 3045 ματα
379 2978 662 3046 ἐγένεσθε.
701 2977 823 3030 Ἐάν
843 2975 934 3032 οὖν
949 2979 1042 3032 τοῦ
1063 2979 1195 3032 Θεοῦ
1218 2980 1380 3050 νόμον
1395 2980 1720 3053 ἀναδέξησθε
1737 2984 1804 3047 ⁵³,

230 3066 494 3139 ἄνθρωποι
536 3069 768 3137 γίνεσθε.
806 3069 878 3121 Οὐ
905 3068 1013 3139 γάρ
1041 3063 1148 3121 οἷον
1189 3069 1401 3137 ἀλόγοις
1431 3071 1575 3123 ἔστιν
1607 3072 1801 3125 εἰπεῖν’

232 3162 305 3214 Οὐ
334 3161 678 3229 φονεύσεις,
724 3162 794 3214 οὐ
815 3162 1176 3229 μοιχεύσεις,
1207 3161 1279 3214 οὐ
1309 3161 1579 3230 κλέψεις,
1617 3163 1712 3216 καὶ
1737 3163 1806 3216 τά

230 3254 357 3324 ἑξῆς.
426 3255 523 3306 Διὸ
577 3253 653 3323 μὴ
699 3253 1000 3323 φθονήσητε
1049 3254 1260 3315 ἑαυτοῖς
1313 3255 1393 3316 εἰς
1435 3254 1534 3325 τὴν
1584 3253 1806 3325 πρώτην

227 3345 653 3417 ἀνακαλούμενοι
696 3344 954 3397 εἰσελθεῖν
1002 3344 1279 3413 εὐγένειαν
1321 3343 1386 3397 ⁵⁸.
1437 3344 1666 3398 Δυνατδν
1697 3345 1805 3416 γάρ

228 3435 376 3501 ἔστιν,
433 3438 533 3490 ἐὰν
577 3435 658 3508 τῷ
687 3435 809 3506 Θεῷ
838 3436 968 3507 {(25)
1017 3435 1104 3490 διὰ
1143 3436 1254 3489 τῶν
1302 3434 1520 3504 ἀγαθῶν
1555 3436 1806 3507 πράξεων

226 3523 587 3596 ἐξομωωθῆτε
636 3526 701 3579 ⁸⁵.
733 3526 842 3578 Καὶ
870 3525 956 3578 διὰ
987 3527 1085 3597 τὴν
1122 3526 1414 3598 ὁμοιότητα
1450 3527 1556 3579 υἱοὶ
1596 3526 1805 3580 ἐκείνου

226 3609 350 3668 εἶναι
396 3614 752 3685 λογισθέντες
805 3615 1018 3669 πάντων
1064 3615 1317 3670 δεσπόται
1363 3617 1804 3687 ἀποκαταστῆναι

222 3704 539 3778 δυνήσεσθε.

287 3797 393 3854 VII.
423 3796 707 3869 Ἀρξασθε
744 3792 837 3852 οὖν
870 3799 1195 3854 ἀποδύεσθαι
1225 3801 1334 3854 τῶν
1367 3799 1540 3855 κενῶν
1572 3800 1804 3856 εἰδώλων

221 3893 337 3956 τοὺς
388 3891 718 3955 ὲπιόλαὸεῖς
757 3893 982 3961 φόϐους,
1025 3894 1170 3956 ὅπως
1217 3893 1316 3964 τὴν
1365 3894 1546 3948 ἄδικον
1597 3894 1804 3967 φύγητε

222 3981 482 4038 δουλείαν.
519 3968 788 4035 Δεσπάτάι
823 3982 932 4052 γὰρ
976 3983 1261 4052 γεγόνασιν
1307 3982 1460 4054 ὑμῶν
1492 3985 1708 4048 ἐκεῖνοι,
1755 3986 1804 4039 οἶ

224 4076 306 4129 καὶ
327 4078 409 4140 εἰς
445 4075 678 4138 δούλους
701 4076 828 4146 ὑμῖν
861 4076 1120 4145 ἄχρηστοι
1153 4077 1524 4147 τυγχάνουσιν.
1561 4078 1719 4147 Λέγω
1747 4078 1804 4131 δὲ

223 4168 336 4238 περὶ
378 4168 527 4238 ὕλης
571 4167 682 4220 τῶν
731 4164 952 4236 ἀψύχων
995 4167 1325 4236 ἀγαλμάτων
1367 4169 1474 4223 τῶν
1508 4169 1641 4241 μηδὲ
1670 4172 1805 4242 πρὸς

220 4257 272 4310 τὸ
295 4257 579 4312 δουλεύειν
608 4256 738 4326 ὑμῖν
777 4257 1236 4328 χρησιμευὸντων.
1280 4258 1417 4314 Οὔτε
1458 4260 1566 4331 γάρ
1594 4261 1802 4326 ἀκούει,

125 4361 130 4364 ·
219 4350 328 4403 οὔτε
345 4352 568 4421 βλέπει,
585 4348 708 4402 οὔτε
734 4349 1064 4415 αἰσθάνεται,
1081 4349 1196 4404 ἀλλ’
1209 4350 1329 4404 οὐδὲ
1345 4353 1449 4423 μὴν
1464 4353 1507 4384 ⁵⁸
1520 4352 1803 4424 κινηθῆναι

1909 1877 2088 1933 Unum
2118 1881 2261 1934 enim
2287 1889 2609 1936 cunctorum
2643 1881 2926 1935 dominum
2955 1890 3008 1936 et
3035 1883 3346 1936 Creatorem
3377 1881 3483 1937 nisi

1907 1971 2168 2037 timeatis,
2227 1974 2473 2026 omnium
2520 1971 2797 2027 malorum
2856 1974 2999 2026 servi
3052 1988 3247 2042 magno
3298 1983 3483 2026 vestro

1908 2063 2260 2119 incommodo
2287 2066 2460 2131 eritis,
2493 2065 2802 2120 daemonum
2840 2065 3059 2134 inquam
3087 2073 3141 2118 et
3165 2064 3481 2118 morborum

1906 2159 2194 2229 omnisque
2220 2160 2298 2214 rei
2329 2176 2448 2228 qua:
2484 2161 2668 2230 aliquo
2702 2161 2864 2216 modo
2895 2168 3074 2231 potest
3100 2171 3319 2214 nocere.

1977 2331 2064 2386 Vl.
2097 2331 2234 2387 Cum
2258 2332 2454 2387 fiducia
2479 2347 2608 2402 ergo
2633 2331 2892 2388 ad‘Deum
2917 2333 3177 2396 accedite,
3211 2334 3305 2403 qui
3335 2335 3486 2404 prin-

1907 2424 2047 2493 cipio
2077 2422 2143 2476 ad
2174 2421 2386 2477 cunctis
2427 2421 2805 2489 imperandum
2843 2431 2896 2477 et
2930 2423 3322 2478 dominandum
3354 2423 3484 2479 facti

1904 2512 2058 2567 eStis.
2085 2511 2189 2576 Qui
2221 2511 2390 2581 ipsius
2415 2509 2570 2565 fertis
2599 2511 2655 2564 in
2679 2525 2910 2581 corpore
2941 2513 3253 2583 imaginem,
3285 2517 3487 2584 pariter

1905 2601 2090 2656 feratis
2123 2601 2177 2655 in
2213 2611 2394 2656 mente
2423 2601 2702 2656 sententia:
2732 2602 3169 2659 similitudinem.
3211 2604 3480 2671 Quoniam

1906 2695 2071 2765 igitur
2094 2693 2356 2750 facientes
2387 2694 2591 2748 similia
2621 2709 2746 2749 cum
2789 2696 2966 2752 brutis
3010 2699 3386 2754 animantibus
3415 2717 3484 2754 ex

1905 2787 2087 2839 anima
2110 2793 2294 2840 vestra
2333 2787 2632 2840 humanam
2667 2788 2906 2842 animum
2936 2789 3276 2858 perdidistis,
3310 2792 3486 2846 instar

1904 2893 2197 2947 porcorum
2255 2879 2431 2936 effecti
2483 2882 2794 2936 daemonum
2855 2882 2983 2938 facti
3030 2883 3216 2940 fuistis
3270 2887 3481 2956 petitio.

1905 2970 2092 3042 Itaque
2130 2973 2174 3028 si
2229 2971 2325 3028 Dei
2371 2973 2543 3045 legem
2600 2975 2958 3044 receperitis,
3011 2976 3153 3033 ﬁetis
3205 2978 3484 3036 homines.

1832 3107 1874 3165 C
1910 3060 2096 3133 Neque
2118 3065 2263 3120 enim
2315 3065 2494 3120 brutis
2538 3067 2910 3124 animantibus
2955 3070 3060 3124 dici
3106 3079 3284 3140 potest
3313 3091 3326 3126 :
3360 3070 3485 3125 Non

1910 3156 2132 3221 occides,
2184 3173 2286 3209 non
2334 3158 2682 3224 adulterabis,
2758 3176 2860 3212 non
2906 3161 3169 3229 furuberis
3214 3160 3264 3224 ιι,
3304 3173 3358 3217 et
3399 3178 3489 3216 sc-

1907 3248 2148 3316 quentia.
2177 3247 2358 3314 Quare
2395 3264 2462 3304 ne
2484 3250 2639 3304 vobis
2677 3251 3004 3318 invideatis,
3039 3262 3100 3307 ut
3141 3253 3211 3308 ad
3251 3254 3486 3323 primam

1911 3341 2150 3395 revocati
2186 3343 2472 3398 introeatis
2494 3343 2857 3400 nobilitatem.
2874 3345 3017 3401 Fieri
3041 3347 3184 3402 enim
3209 3347 3261 3402 id
3284 3355 3484 3417 potest,

1908 3433 1955 3486 si
1985 3432 2096 3488 Deo
2130 3449 2226 3503 per
2251 3435 2395 3490 bona
2436 3451 2602 3506 opera
2651 3436 2860 3493 similes
2893 3438 3226 3494 efﬁciamini.
3275 3441 3340 3496 Et
3390 3458 3487 3511 per

1908 3526 2321 3581 similitudinem
2362 3527 2460 3582 filii
2494 3529 2615 3598 ejus
2647 3544 2768 3584 esse
2797 3532 3054 3601 reputati,
3088 3533 3143 3587 in
3171 3532 3483 3589 dominium

1906 3627 2226 3674 cunctorum
2265 3620 2476 3675 restitui
2513 3622 2782 3690 poteritis.

1978 3799 2088 3855 VII.
2123 3800 2349 3872 Incipite
2393 3816 2524 3872 ergo
2569 3802 2842 3870 deponere
2889 3815 3156 3858 vanorum
3211 3805 3482 3860 idolorum

1905 3895 2100 3949 noxios
2151 3904 2352 3958 metus,
2407 3903 2466 3949 ut
2521 3895 2766 3962 iniquam
2817 3894 3093 3964 effugiatis
3139 3898 3481 3954 servitutem.

1907 3985 2121 4040 Domini
2161 4001 2396 4055 namque
2427 3986 2590 4040 vestri
2616 3984 2746 4039 facti
2771 3994 2900 4040 sunt
2924 3985 3022 4050 illi,
3053 3987 3148 4056 qui
3177 3999 3230 4041 et
3259 3988 3328 4042 ad
3360 4004 3480 4043 ser-

1904 4077 2098 4132 vitium
2144 4078 2298 4132 vobis
2346 4076 2578 4131 fuissent
2621 4075 2859 4131 inutiles.
2915 4075 3137 4146 Loquor
3183 4085 3364 4132 autem
3415 4080 3484 4134 de

1905 4169 2135 4224 materia
2191 4169 2562 4222 inanimorum
2611 4167 3079 4236 simulacrorum,
3128 4185 3250 4239 quae
3297 4185 3366 4227 ne
3413 4172 3482 4227 ad

1906 4261 2254 4318 serviendum
2280 4259 2503 4330 quidem
2531 4259 2688 4314 vobis
2737 4261 2863 4315 usui
2903 4275 3026 4316 esse
3060 4245 3309 4331 possunt.
3342 4261 3482 4318 Nam

1906 4366 2083 4420 neque
2113 4351 2360 4417 audiunt,
2413 4365 2590 4420 neque
2636 4349 2842 4416 vident,
2874 4367 3052 4421 neque
3082 4355 3344 4420 sentiunt,
3387 4361 3482 4409 sed

217 4441 370 4512 217
403 4442 661 4496 δύναται.
680 4441 744 4493 Εἰ
766 4439 873 4511 γὰρ
909 4439 1156 4510 βούλεταί
1174 4458 1256 4504 τις
1284 4442 1436 4513 ὑμῶν
1468 4441 1640 4506 οὕτως
1668 4445 1800 4514 ὁρᾷν

1910 4457 2004 4497 nec
2029 4451 2260 4512 possunt
2290 4443 2516 4498 moveri.
2545 4446 2626 4496 An
2653 4444 2799 4498 enim
2828 4443 2990 4498 vellet
3009 4445 3207 4514 aliquis
3235 4455 3481 4501 vestrum

216 4530 285 4593 ὡς
307 4535 436 4604 ὁρᾷ,
466 4533 572 4585 καὶ
602 4529 820 4584 ἀκούειν
856 4531 931 4594 ὡς
957 4531 1165 4596 ἀκούει,
1205 4532 1300 4585 κα)⁸
1335 4533 1682 4588 αἰσθάνεσθαι
1709 4535 1803 4588 καὶ

217 4623 480 4678 κινεῖσθαι
504 4639 520 4687 ;
554 4620 670 4674 ἀλλ’
691 4620 856 4692 ἀπείη
886 4619 1108 4695 τοιαύτῃ
1123 4620 1354 4693 λοιδορία
1370 4621 1626 4696 λοιδορεῖν
1641 4623 1798 4679 πάνθ’

283 4808 307 4836 ι
334 4798 542 4856 Matth.
571 4813 647 4866 tv,
682 4797 769 4853 ιο.
838 4794 1050 4852 1'Eitod.
1083 4814 1174 4864 xx,
1203 4797 1303 4865 l5;
1341 4794 1534 4854 Matth.
1571 4814 1685 4866 xix,
1717 4799 1803 4856 18.

1911 4535 1990 4591 sic
2019 4535 2202 4590 videre
2233 4543 2292 4589 ut
2324 4535 2530 4599 vident,
2579 4543 2635 4590 et
2681 4536 2873 4591 audire.
2912 4545 2973 4592 ut
2999 4537 3251 4606 audiunt,
3281 4548 3336 4594 et
3358 4555 3482 4594 sen—

1909 4628 2033 4697 tire,
2070 4637 2124 4684 et
2156 4627 2398 4684 moveri?
2429 4627 2532 4684 Sed
2565 4629 2706 4684 absit
2740 4629 2844 4685 hac
2891 4631 3225 4687 contumelia
3270 4631 3484 4689 allicere

1523 4935 1758 4990 VARle
1798 4934 2204 4995 LECTIONES.

278 5073 800 5154 ﬂammam;
841 5073 992 5154 ἡμᾶς
1019 5071 1154 5154 aee:
1174 5070 1331 5154 ..ὑμᾶς
1362 5070 1538 5140 λέγειν
1563 5073 1690 5154 ore
1725 5075 1801 5154 υτ,
1846 5075 1891 5109 ⁸⁸
1909 5075 1990 5154 In:
2016 5075 2058 5154 ρ
2084 5117 2104 5154 ι
2135 5075 2226 5154 ὁδ’
2251 5077 2316 5154 (ἒ.
2346 5075 2407 5154 Οε
2434 5142 2461 5154 ρ
2487 5079 2532 5154 ‘3
2553 5077 2700 5154 Fort-
2729 5079 3038 5154 addendam
3063 5081 3146 5152 ἐφ’
3174 5090 3292 5154 post
3321 5080 3478 5154 MS-

209 5141 255 5176 "
275 5141 570 5222 ὲπιλαόῷν
593 5141 642 5197 0⁷
684 5141 942 5222 ⁷ἰη“ιεξι⁷ιι-,
975 5141 1281 5222 ὲπιϐλαὸῷν
1309 5143 1558 5222 iit-marg.
1591 5144 1637 5175 ⁵⁸
1654 5143 1734 5222 Ita
1769 5145 1806 5198 S
1832 5187 1849 5212 ,
1887 5147 2139 5222 φοϐεῖσθε
2171 5148 2248 5222 C,_
2263 5141 2324 5203 ΟΖ
2367 5142 2469 5222 “ti:
2492 5149 2567 5222 C.
2594 5147 2808 5222 fp°_lrta70
2853 5160 2907 5205 et
2929 5150 2970 5222 β
3019 5168 3086 5207 ex
3104 5141 3360 5222 conject...
3382 5141 3479 5206 'id.

210 5218 476 5288 προσεῖτε
509 5215 766 5288 intexto.
847 5213 988 5288 “Alta
1014 5213 1157 5288 conj_.
1186 5213 1226 5267 C
1257 5253 1272 5276 ,
1301 5213 1409 5288 cuj_.
1444 5213 1976 5288 textussolxarefut
2003 5215 2142 5288 0,S
2190 5219 2394 5274 :Porro
2418 5213 2482 5272 ὲκ
2506 5219 2688 5274 addidi
2715 5221 2783 5274 de
2817 5220 3074 5288 conject.,
3111 5213 3234 5278 curri
3262 5213 3480 5276 nullum

207 5269 360 5338 aliud
391 5284 706 5341 remedium
737 5284 978 5337 invenire
1001 5269 1320 5353 potuissem.
1369 5269 1409 5336 ἶ]
1463 5285 1714 5339 emendat
1738 5269 1998 5412 τῖὸψυχῇι.

210 5353 436 5410 lacuna.
509 5355 557 5386 ⁸³
582 5353 907 5412 ἀναδέξασθε
947 5357 1006 5408 0.
1045 5354 1093 5386 “
1113 5355 1358 5412 ἀγένειαν
1390 5355 1445 5406 Ο.
1503 5354 1552 5384 ⁸⁵
1575 5354 1785 5412 έξομοιο
1821 5359 1915 5412 ἦτε
1990 5398 1998 5411 .

1821 5376 1915 5428 ητε
1944 5376 2003 5412 υ.

210 5353 436 5410 lacuna.
509 5355 557 5386 ⁸³
582 5353 907 5420 ἀναδέξασθε
947 5357 1006 5408 0.
1045 5354 1093 5386 “
1113 5355 1358 5422 ἀγένειαν
1390 5355 1471 5424 οη
1503 5354 1552 5384 ⁸⁵
1575 5353 1785 5424 ἐξομοιο

2434 5142 2461 5166 τ’

2076 5287 2129 5390 5':
2158 5290 2256 5391 τῇς
2298 5290 2491 5378 ψυχῆς
2535 5305 2586 5360 p.
2638 5290 2737 5413 της
2771 5289 2883 5371 ψυχ
2917 5287 3006 5362 [ἧς
3035 5292 3211 5364 ὑμῶν]
3255 5292 3318 5373 ς,
3360 5293 3482 5347 sine

2155 5377 2250 5413 μιν
2272 5359 2331 5413 Cl
2385 5370 2437 5413 et
2460 5361 2498 5413 ὅ
2527 5402 2540 5413 .
2567 5376 2660 5413 aut
2708 5370 2817 5413 emt
2838 5363 2955 5413 vult
2987 5365 3481 5413 why—coniectura

2153 5359 2250 5430 μέν
2272 5359 2332 5432 Cl
2385 5359 2437 5432 et
2460 5360 2498 5414 S
2527 5359 2544 5427 ,⁷
2567 5361 2660 5430 qui
2687 5359 2817 5432 [egit
2838 5359 2955 5417 vult
2987 5359 3481 5432 uina—conjectura

208 5441 296 5495 ap.
329 5426 373 5480 (Σ
439 5426 561 5496 jam
597 5426 687 5480 ‘liu
715 5439 990 5494 expressa,
1036 5426 1324 5479 accedente
1352 5425 1414 5478 0.
1448 5422 1746 5497 διιὺίηάεῆ
1779 5422 1885 5498 γάρ
1909 5444 1962 5498 p.
2004 5430 2052 5483 εἰ
2079 5422 2186 5500 γάρ
2212 5430 2356 5502 conj.
2396 5430 2453 5484 S.

438 5578 452 5590 ,
1534 5519 1898 5577 VARIORUM
1947 5521 2178 5578 ΝΟΤιιΕ.

280 5616 590 5693 (Ξὸὲ-Ἑᾲκ
621 5615 700 5693 τῷ
735 5615 875 5693 Θεῷ,
907 5613 1018 5693 Hoc
1045 5626 1205 5693 c_apu_t
1233 5631 1359 5693 cum
1384 5616 1495 5693 25ζ
1505 5628 1560 5669 et
1588 5615 1776 5672 homil.
1805 5631 1921 5691 seq.
1956 5619 1989 5676 4
2019 5634 2081 5677 ac
2115 5621 2298 5677 homil.
2332 5639 2428 5691 xu,
2484 5623 2574 5693 26,
2632 5624 2849 5693 delibat
2893 5624 3055 5682 simul
3110 5623 3480 5680 Damascenis:

212 5701 333 5757 up.
381 5682 533 5758 Περὶ
563 5682 910 5757 ἀγαθοεργῶν
936 5686 1029 5739 καὶ
1058 5682 1421 5754 ἀγαθοποιῶν.
1457 5687 1597 5743 Cor.

1840 5809 1860 5817 ι,
1881 5797 1954 5813 ἐι-α
1978 5807 1985 5815 ,ι
