4004 6332
239 336 340 390 269

1373 323 1913 383 ΟιΕΜΕΝΤΙΝᾹ.-
1942 322 2221 377 IIOMILIA
2266 322 2307 376 Χ

3386 329 3489 386 370

239 452 286 503 oi
316 449 374 503 δὲ
402 448 625 518 τράγον,
660 449 709 500 οἱ
731 448 787 502 δὲ
815 449 1098 521 αἴλουρον,
1128 448 1178 501 οἱ
1204 446 1260 500 δὲ
1302 446 1425 515 ὅφιν
1446 444 1514 507 ’⁸,
1547 441 1681 497 me
1730 440 1823 494 καὶ

1926 438 2130 505 didere,
2164 440 2253 494 alii
2290 440 2523 505 hircum,
2558 439 2650 494 alii
2681 438 2866 506 (clem,
2896 440 2990 496 alii
3020 451 3353 512 serpentem,
3397 452 3491 500 sed

242 542 394 613 ἰχθὺν
442 542 537 594 καὶ
567 541 825 612 κρόμμυα
863 542 955 594 κα)⁵
983 539 1236 611 γαστρῶν
1267 536 1552 607 πνεύματα
1578 535 1673 589 καὶ
1698 533 1820 605 ὀχε-

238 634 362 695 τοὺς
383 631 494 702 (27)
524 634 613 686 καὶ
645 632 855 701 ἀλόγων
876 631 1029 696 ζώων
1057 630 1215 703 μέλη.
1256 629 1367 683 Καὶ
1394 627 1570 691 ἄλλοις
1610 626 1825 698 μυρίοις

238 722 380 775 πάνυ
410 724 656 792 αἰσχροῖς
688 722 861 792 ἁτοπή
871 738 1051 792 μασιν.

306 812 470 882 223
513 810 674 865 XVII.
710 811 895 865 Ταῦτα
925 811 1019 865 τοῦ
1048 811 1257 883 Πέτρου
1292 808 1539 872 είπόντος
1566 807 1821 877 ἐγέλασεν

236 905 263 956 ὁ
294 902 657 975 παρεστηκὼς
683 903 855 974 ὄχλος.
885 904 993 957 Καὶ
1013 905 1040 955 ὀ
1074 903 1278 974 Πέτρος
1308 902 1412 973 ἔφη
1448 902 1584 973 πρὸς
1616 902 1705 954 τὸν
1731 901 1823 968 γέ-

237 994 401 1048 λωτα·
438 996 479 1047 Γ
483 995 640 1048 ελᾶτε
678 996 834 1066 ὑμεῖς
872 994 941 1048 τὰ
984 995 1229 1059 ἐκείνων,
1261 996 1361 1047 οὑκ
1398 993 1597 1056 εἰδότες
1641 990 1822 1061 πολλῷ

237 1087 438 1158 μᾶλλον
503 1088 594 1140 ὑπ’
646 1087 869 1140 ἐκείνων
915 1086 1232 1159 γελώμενοι.
1278 1086 1423 1157 Πλὴν
1469 1084 1539 1137 τὰ
1578 1082 1821 1154 ἀλλήλων

234 1181 453 1248 γελᾶτε,
486 1179 553 1232 τά
581 1179 690 1252 γὰρ
720 1180 826 1233 ἴδια
858 1180 961 1233 ὑπὸ
986 1179 1272 1251 συνηθείας
1300 1179 1477 1249 κακῆς
1503 1180 1582 1241 είς
1605 1176 1821 1246 ἀπάτην

233 1271 499 1342 ἀχθέντες
524 1272 585 1325 ού
624 1271 871 1341 βλέπετε.
902 1274 1020 1326 Ὅτι
1054 1272 1111 1325 δὲ
1142 1272 1311 1335 ὅντως
1343 1270 1518 1343 ὀρθῶς
1554 1270 1621 1301 ¹⁰⁰
1650 1286 1819 1322 κατα-

235 1364 429 1416 γελᾶτε
478 1364 587 1416 τῶν
634 1364 978 1431 Αἰγυπτίων,
1026 1363 1301 1434 σύμφημι,
1348 1362 1469 1415 ἐπεὶ
1510 1361 1678 1430 ἄλογα
1706 1360 1821 1427 ζῶα

234 1455 442 1523 λογικοὶ
475 1456 629 1519 ὄντες
666 1456 1102 1527 προσκυνοῦσιν,
1134 1455 1203 1508 τὰ
1249 1455 1464 1518 πάντως
1497 1454 1816 1525 θνήσκοντα.

236 1547 358 1609 Πῶς
386 1547 443 1599 δὲ
474 1548 717 1599 κάκεῖνοι
745 1547 897 1617 ὑμῶν
927 1546 1336 1615 καταγελῶντες
1365 1546 1633 1614 λέγουσιν,
1660 1544 1822 1597 ἀκού-

238 1656 384 1692 σατε·
406 1641 622 1709 Ἡμεῖς,
668 1641 893 1709 φασὶνίί,
925 1641 972 1693 εί
1011 1639 1103 1693 καὶ
1144 1638 1446 1710 θνήσκοντα
1488 1636 1822 1709 προσκυνού-

242 1750 357 1804 μεν,
390 1731 534 1785 ἀλλά
561 1748 625 1799 γε
648 1733 668 1763 ⁸
701 1732 802 1786 κᾶν
832 1732 1073 1803 ζήσαντα
1099 1748 1229 1783 ποτε
1250 1770 1264 1795 ,
1299 1732 1456 1801 ὑμεῖς
1480 1730 1537 1783 δὲ
1560 1731 1628 1783 τά
1659 1729 1820 1801 μηδέ-

240 1843 364 1878 ποτε
387 1826 635 1895 ζήσαντα
666 1823 907 1876 σέϐεσθε.
939 1823 1081 1893 Πρὸς
1105 1823 1332 1887 τούτοις,
1364 1822 1546 1891 φασὶν,
1568 1819 1662 1873 τοῦ
1700 1819 1817 1883 ἐνὸς

241 1915 368 1967 Θεοῦ
398 1915 572 1985 τιμᾷν
622 1913 864 1977 θέλοντες
904 1914 1001 1985 τὴν
1054 1912 1263 1985 μορφὴν
1312 1912 1408 1966 κει)⁸
1455 1911 1529 1983 μὴ
1572 1910 1821 1983 εὑρόντες

244 2008 362 2059 ποία
393 2006 570 2067 ἐστὶν,
621 2006 802 2057 πᾶσαν
838 2007 1049 2076 μορφὴν
1088 2006 1361 2076 προτιμᾷν
1406 2003 1675 2074 εἱλόμεθα’
1727 2004 1822 2055 καὶ

244 2097 382 2165 ὅμως
415 2095 652 2148 τοιαῦτά
679 2112 799 2148 τινα
830 2095 1076 2164 λέγοντες
1116 2095 1399 2167 ὀρθότερον
1433 2095 1584 2166 ὑμῶν
1623 2096 1820 2149 οἴονται

244 2193 475 2261 φρονεῖν.

310 2280 498 2335 XVIII.
538 2281 631 2334 Διὸ
674 2281 769 2334 καὶ
806 2282 963 2353 ὑμεῖς
998 2280 1358 2353 άποκρίνεσθε
1383 2281 1405 2313 ³
1437 2282 1573 2352 πρὸς
1602 2280 1817 2343 αὑτούς·

248 2373 538 2436 Ψεύδεσθε,
560 2374 622 2426 ού
652 2374 761 2446 γὰρ
794 2378 925 2445 τιμῇ
955 2377 1020 2445 τῇ
1047 2375 1184 2446 πρὸς
1212 2375 1301 2427 τὸν
1323 2374 1489 2437 ὅντως
1531 2373 1662 2426 Θεὸν
1688 2372 1825 2425 αὑτὰ

260 2466 500 2529 σέϐεσθε,
524 2469 698 2521 πᾶσαν
730 2466 839 2539 γὰρ
869 2467 935 2520 ἂν
964 2466 1178 2539 μορφὴν
1212 2469 1593 2539 προσεκυνεῖτε
1614 2466 1664 2517 oi
1690 2465 1827 2517 πάν-

258 2578 364 2625 τες,
404 2563 499 2632 οὐχ
527 2563 598 2625 ὡς
627 2564 882 2615 ἐποιεῖτεο
920 2562 967 2614 oi
1001 2563 1102 2631 μὲν
1152 2560 1262 2633 γὰρ
1308 2560 1459 2632 ὑμῶν
1502 2558 1826 2632 κρόμμυονδ

260 2655 646 2726 ὑπονοήσαντες
686 2650 825 2708 εἶναι
866 2653 927 2707 τὸ
957 2653 1098 2706 θεῖον
1142 2654 1235 2706 καὶ
1262 2652 1498 2724 γαστρὸς
1541 2651 1824 2721 πνεύματα

251 2748 495 2809 σέϐοντες
527 2745 921 2817 πολεμοῦσινδ·
963 2745 1058 2799 καὶ
1094 2744 1265 2808 οὑτως
1299 2744 1500 2815 ὁμοίως
1541 2744 1589 2795 οἱ
1626 2743 1826 2805 πάντες

246 2844 301 2895 ἓν
328 2859 378 2893 τι
424 2841 870 2912 προτιμήσαντες
904 2838 973 2892 τὰ
1006 2836 1178 2893 ἄλλων
1219 2837 1413 2906 ψέγετε
1434 2877 1447 2888 .
1479 2836 1728 2907 Διαφόρῳ
1769 2835 1825 2889 δὲ

246 2933 432 3005 γνώμη
478 2932 580 2986 τοῦ
625 2932 788 2985 αὑτοῦ
836 2930 975 2995 ζώου
1006 2928 1185 3001 μελῶν
1231 2929 1288 2993 ὃς
1334 2930 1432 3000 μὲν
1476 2927 1603 2983 ἄλλο
1656 2926 1823 2991 σέϐει,

246 3024 427 3094 ἕτερος
454 3023 515 3074 δὲ
544 3022 607 3074 τὸ
628 3021 648 3051 ⁶
677 3019 841 3091 224
880 3021 1082 3091 ἕτερον.
1118 3018 1263 3090 Πλὴν
1293 3017 1471 3071 αὑτῶν
1508 3018 1587 3072 ἔτι
1624 3018 1693 3071 τά
1730 3017 1825 3071 τοῦ

243 3116 400 3190 ὀρθοῦ
428 3113 700 3185 λογισμοῦ
731 3113 1001 3175 πνέοντες,
1022 3110 1328 3182 αἰδούμενοι
1351 3111 1443 3163 ἐπὶ
1469 3110 1548 3181 τῷ
1578 3110 1826 3182 προδήλῳ

243 3211 477 3284 αἰσχρῷ,
516 3212 601 3273 είς
641 3206 968 3280 ἀλληγορίας
1011 3205 1187 3259 αὑτάτ
1219 3206 1372 3275 ἄγειν
1406 3205 1723 3275 πειρῶνται,
1758 3204 1824 3257 δι’

242 3304 436 3374 ἑτέρας
487 3298 746 3361 ἀπονοίας
794 3297 864 3350 τὰ
910 3298 1012 3368 τῆς
1055 3296 1271 3367 ἀπάτης
1321 3296 1499 3350 αὑτῶν
1552 3296 1827 3367 θανάσιμα

244 3393 539 3465 κρατύνειν
593 3390 921 3461 βουλόμενοι.
964 3390 1150 3459 Ὅμως
1199 3386 1333 3440 mi.“
1373 3385 1471 3450 τὰς
1502 3386 1827 3459 ἀλληγορίας

244 3484 621 3554 διελέγξαιμεν
643 3483 664 3513 ⁹
698 3481 785 3544 ἂν,
816 3479 975 3551 εἴπερ
1010 3481 1127 3533 ἐκεῖ
1162 3474 1302 3551 ἦμεν
1325 3517 1341 3543 ,
1374 3470 1449 3531 ὧν
1480 3477 1541 3532 τὸ
1575 3478 1827 3531 τοσοῦτον

246 3578 429 3650 μωρὸν
464 3576 810 3646 ἐπεκράτησε
844 3572 1032 3636 πάθος,
1055 3573 1131 3635 ὡς
1156 3572 1198 3603 ¹⁰
1230 3571 1491 3643 μεγίστην
1517 3574 1583 3643 τῇ
1616 3570 1829 3643 ἐπινοίᾳ

243 3671 546 3741 ἐμποιῆσαι
577 3667 749 3721 νόσον.
782 3664 855 3718 Οὐ
881 3664 988 3735 γάρ
1016 3664 1123 3735 χρὴ
1150 3663 1251 3735 τὴν
1281 3662 1628 3735 ἐμπλαστρον
1656 3679 1827 3733 προσ-

242 3764 433 3833 φέρειν
463 3760 558 3814 ἐπὶ
588 3759 652 3811 τὸ
678 3757 911 3826 ὑγιεινὸν
953 3756 1118 3827 μέρος
1142 3754 1237 3808 τοῦ
1274 3754 1521 3826 σώματος
1540 3794 1554 3817 ,
1594 3753 1707 3807 ἀλλ’
1735 3753 1827 3807 ἐπὶ

240 3856 300 3907 τὸ
328 3855 569 3924 πάσχον.
605 3851 758 3904 Ἐπεὶ
788 3845 881 3903 οὖν
924 3851 1081 3921 ὑμεῖς
1123 3848 1211 3902 διὰ
1241 3847 1335 3902 τοῦ
1369 3847 1596 3916 γελάσαι
1631 3846 1700 3899 τὰ
1729 3848 1827 3899 Αἰ-

240 3947 493 4014 γυπτίων
528 3944 762 4013 ἐφάνητε
809 3942 884 4013 μὴ
929 3940 1254 4003 παθόντες¹¹
1292 3939 1361 3993 τὰ
1405 3939 1655 4003 ἐκείνων,
1699 3938 1828 4009 περὶ

242 4034 298 4092 οὗ
329 4040 504 4110 ὑμεῖς
530 4037 571 4067 ¹²
611 4034 941 4097 πεπόνθατε,
979 4032 1197 4101 εὑλογον
1228 4029 1295 4105 ἧν
1326 4032 1567 4102 παρόντα
1602 4048 1668 4101 με
1700 4031 1828 4101 ὑμῖν

240 4133 335 4202 τὴν
367 4132 525 4183 ἴασιν
555 4128 649 4183 τοῦ
682 4131 739 4181 ὲν
768 4130 894 4198 ὑμῖν
927 4127 1130 4189 πάθους
1163 4126 1442 4195 παρέχειν.

304 4222 463 4278 XIX.
520 4223 577 4274 '0
611 4220 741 4273 Θεὸν
775 4218 952 4272 σέϐειν
995 4216 1317 4289 αἱρούμενος
1352 4216 1458 4288 πρὸ
1490 4216 1706 4270 πάντων
1748 4217 1826 4269 εί-

237 4316 389 4369 εέναι
423 4312 653 4383 ὀφείλει.
687 4312 740 4364 τί
781 4310 937 4381 μόνον
964 4312 1062 4381 τῆς
1092 4308 1224 4361 Θεοῦ
1256 4308 1470 4377 φύσεως
1499 4308 1625 4360 ἴδιόν
1659 4310 1825 4371 ἐστιν,

242 4406 270 4457 δ
296 4408 449 4479 ἄλλῳ
485 4407 771 4475 προσεῖναι
803 4402 1082 4465 ἀδύνατον,
1108 4401 1215 4463 ἵνα,
1243 4403 1321 4463 εἰς
1344 4399 1406 4453 τὸ
1442 4400 1635 4471 ἰδίωμα
1663 4400 1828 4454 αὑτοῦ

1923 540 1977 583 et
2010 532 2211 599 piscem
2241 540 2295 585 et
2321 547 2483 601 cepas
2513 541 2568 586 et
2594 531 2800 586 ventris
2828 534 3068 602 crepitus
3105 544 3159 589 et
3192 535 3412 590 cloacas
3438 547 3496 592 et

1925 623 2209 677 brutarum
2233 623 2592 677 animantium
2624 624 2891 678 membra.
2928 624 2995 678 Et
3027 626 3175 680 mille
3206 627 3330 682 aliis
3358 630 3492 682 sub-

1924 711 2179 767 diderunt
2209 713 2338 767 illud
2370 728 2568 767 nomen
2609 714 2794 784 pravis
2825 715 3275 783 turpitudinibus.

1992 803 2155 858 XVII.
2197 803 2322 859 llzec
2345 805 2557 861 dicente
2592 804 2777 869 Petro,
2814 805 2937 860 risit
2959 807 3320 875 quae'astabat
3350 808 3492 862 mulo

1922 897 2119 952 titudo.
2156 897 2223 952 Et
2263 898 2460 953 Petrus
2510 899 2576 953 ad
2613 899 2784 953 risum
2816 899 2952 953 dixit
2986 917 2998 952 :
3037 897 3245 954 Ridetis
3274 899 3493 954 illorum

1924 990 2284 1056 sententiam,
2338 990 2645 1045 nescientes
2700 992 2871 1045 multo
2926 992 3101 1062 magis
3146 1008 3241 1046 vos
3277 992 3345 1045 ab
3388 993 3495 1046 illis

1922 1081 2162 1136 irrideri.
2196 1083 2451 1137 Attamen
2482 1083 2575 1138 alii
2622 1082 2855 1137 aliorum
2896 1100 2983 1138 res
3023 1083 3320 1149 deridetis,
3369 1100 3495 1138 nam

1921 1175 2199 1245 proprias,
2225 1192 2321 1246 per
2348 1176 2549 1230 malam
2573 1177 3028 1232 consuetudinem
3052 1178 3107 1231 in
3136 1176 3383 1232 fraudem
3414 1178 3497 1231 in-

1923 1268 2094 1335 ducti,
2134 1283 2242 1322 non
2274 1269 2521 1323 cernitis.
2550 1268 2706 1335 Quod
2738 1286 2870 1327 vero
2902 1281 3049 1327 recte
3078 1271 3371 1344 Egyptios
3415 1275 3494 1327 ir-

1922 1362 2149 1418 rideatis
2201 1364 2378 1418 fateor
2420 1382 2435 1417 :
2480 1364 2923 1434 quandoquidem
2974 1366 3232 1421 animalia
3286 1367 3497 1423 ratione

1922 1455 2164 1510 carentia
2196 1456 2299 1525 ipsi
2324 1456 2536 1511 ratione
2560 1457 2770 1527 praediti
2795 1458 3049 1526 adorant,
3075 1475 3248 1529 eaque
3271 1463 3497 1515 omnino

1922 1551 2201 1605 mortalia.
2237 1550 2360 1618 Quo
2415 1552 2578 1607 modo
2626 1562 2808 1607 autem
2840 1562 2893 1608 ct
2944 1553 3021 1608 illi
3054 1569 3151 1608 vos
3199 1554 3498 1610 deridendo

1923 1641 2237 1712 loquantur,
2267 1644 2471 1699 audite.
2497 1643 2629 1711 Nos,
2648 1645 2926 1714 inquiunt,
2951 1646 3055 1700 etsi
3083 1647 3335 1702 mortalia
3357 1646 3494 1702 ado-

1923 1752 2146 1800 remus,
2207 1746 2390 1791 tamen
2447 1753 2570 1807 qua:
2619 1739 2915 1807 aliquando
2947 1740 3207 1794 vixerunt
3242 1758 3256 1795 :
3310 1749 3366 1794 at
3396 1754 3496 1795 vos

1920 1843 2044 1898 qua:
2070 1844 2352 1898 nunquam
2382 1829 2635 1883 vixerunt
2662 1830 2861 1885 colitis.
2881 1830 2961 1884 Ad
2976 1831 3111 1897 haec,
3137 1831 3310 1897 aiunt,
3330 1832 3494 1886 unius

1922 1920 2017 1974 Dei
2067 1920 2341 1975 honorare
2394 1922 2642 1976 volentes
2689 1920 2946 1988 formam,
2997 1938 3100 1977 nec
3153 1922 3492 1981 invenientes

1921 2012 2100 2082 qualis
2124 2029 2187 2068 ea
2217 2014 2309 2081 sit,
2334 2028 2553 2068 omnem
2588 2013 2820 2068 formam
2847 2014 3128 2070 colendam
3155 2018 3489 2073 censuimus.

1921 2100 2096 2155 Porro
2129 2102 2443 2171 bujusmodi
2491 2104 2742 2174 quaedam
2783 2104 2952 2161 locuti
2999 2106 3205 2161 rectius
3245 2107 3401 2163 vobis
3433 2122 3495 2162 se

1923 2200 2117 2263 putant
2152 2194 2377 2249 sentire.
2465 2224 2470 2231 -

1997 2283 2182 2339 XVIII.
2222 2284 2562 2358 Quapropter
2584 2298 2640 2343 et
2667 2304 2762 2345 vos
2785 2290 2852 2345 iis
2874 2291 3193 2359 respondete
3221 2310 3235 2346 :
3271 2291 3494 2348 Falsum

1924 2376 2129 2445 dicitis,
2170 2393 2279 2435 non
2314 2379 2462 2433 enim
2492 2381 2546 2434 in
2580 2381 2843 2437 honorem
2880 2383 2993 2437 veri
3034 2382 3129 2440 Dei
3165 2386 3346 2441 colitis
3379 2387 3493 2450 illa,

1926 2469 2055 2539 quia
2099 2484 2290 2525 omnes
2321 2486 2540 2526 omnem
2587 2472 2891 2528 adoraretis
2925 2472 3156 2530 formam
3192 2484 3247 2531 et
3288 2492 3399 2532 non
3436 2486 3497 2531 ut

1926 2560 2125 2616 facitis.
2153 2559 2288 2615 Nam
2309 2562 2407 2631 qui
2432 2572 2673 2619 vestrum
2703 2579 2893 2634 cepam
2919 2580 3039 2622 esse
3069 2582 3269 2623 numen
3300 2570 3495 2624 existi-

1926 2662 2100 2719 mant,
2126 2662 2181 2708 et
2217 2654 2311 2723 qui
2345 2654 2535 2709 colunt
2562 2656 2769 2711 ventris
2798 2658 3060 2727 crepitus,
3096 2661 3235 2714 inter
3263 2676 3323 2716 se
3352 2662 3491 2717 bella

1927 2754 2142 2817 gerunt,
2169 2746 2444 2817 similique
2475 2748 2639 2802 modo
2672 2750 2876 2813 cuncti,
2904 2766 3075 2805 unum
3104 2752 3235 2822 quid
3269 2757 3495 2810 maximi

1926 2835 2213 2904 facientes,
2246 2846 2570 2893 czeterorum
2607 2838 2813 2894 cultum
2864 2841 3207 2910 improbatis.
3236 2841 3496 2900 Variante

1930 2943 2153 2998 quoque
2197 2930 2467 2985 sententia
2517 2946 2584 2985 ex
2637 2932 2898 2987 membris
2944 2933 3189 3003 ejusdem
3240 2936 3495 2994 animalis

1928 3036 2073 3075 unus
2100 3036 2269 3075 unum
2300 3031 2612 3089 veneratur,
2638 3023 2782 3079 alius
2804 3024 2974 3079 aliud.
2992 3023 3095 3080 Sed
3122 3034 3175 3080 et
3200 3026 3345 3082 inter
3370 3029 3496 3086 illos

1928 3113 2134 3182 aliqui,
2174 3113 2269 3182 qui
2303 3114 2481 3170 adhuc
2529 3114 2733 3184 aliquid
2773 3114 2929 3171 home
2974 3118 3173 3173 mentis
3215 3121 3494 3189 retinent,

1928 3205 2317 3261 erubescentes
2362 3207 2430 3260 de
2504 3205 2793 3261 minil‘csta
2847 3208 3185 3278 turpitudine
3244 3211 3497 3267 nituntur

1929 3305 2127 3351 cuncta
2164 3296 2231 3351 ad
2270 3297 2558 3368 allegorias
2588 3298 2828 3364 trahere,
2853 3307 2909 3354 et
2946 3314 3042 3369 per
3077 3302 3240 3356 aliam
3273 3303 3498 3360 demen-

1928 3387 2060 3442 tiam
2112 3388 2305 3442 volunt
2357 3388 2566 3443 erroris
2618 3388 2706 3443 sui
2764 3390 3095 3447 conﬁrmare
3150 3393 3495 3451 mortiferum

1928 3480 2102 3535 virus.
2136 3479 2405 3534 Caeterum
2442 3478 2858 3535 confutaremus
2891 3491 2946 3536 et
2969 3484 3277 3554 allegorias,
3310 3488 3355 3542 si
3384 3488 3496 3545 illic

1929 3585 2208 3636 essemus,
2256 3585 2491 3640 quarum
2519 3571 2657 3625 adeo
2684 3572 2913 3626 invaluit
2958 3573 3124 3627 stulta
3158 3574 3371 3631 aﬂ‘cctio
3394 3620 3410 3644 ,
3437 3592 3499 3633 ut

1928 3664 2231 3718 maximum
2287 3663 2473 3717 animo
2516 3664 2787 3718 creaverit
2837 3666 3111 3719 morbum.
3169 3665 3288 3721 Non
3346 3671 3496 3725 enim

1929 3762 2143 3825 oportet
2181 3753 2539 3822 emplastrum
2576 3752 2781 3809 inferre
2808 3755 2862 3808 in
2892 3766 3100 3824 partem
3132 3759 3377 3826 corporis
3406 3775 3496 3815 sa-

1929 3861 2078 3911 nam,
2111 3844 2205 3899 sed
2238 3843 2293 3898 in
2327 3845 2652 3899 morbidam.
2688 3845 3138 3915 Quandoquidem
3176 3849 3341 3918 igitur
3372 3867 3493 3916 vos,

1929 3936 2154 3991 ridendo
2168 3933 2507 4006 Egyptiaca,
2523 3935 2841 3990 declarastis
2855 3951 2950 3990 vos
2968 3936 3108 3991 idem
3128 3939 3272 4006 quod
3292 3940 3369 3993 illi
3386 3955 3493 3995 non

1927 4033 2062 4102 pati,
2083 4031 2230 4085 circa
2258 4031 2311 4085 id
2337 4030 2517 4099 inquo
2532 4044 2629 4085 vos
2649 4032 2946 4101 :egrotatis,
2965 4047 3181 4101 aequum
3206 4044 3290 4088 est
3314 4044 3372 4089 ut
3394 4050 3495 4105 ego

1929 4138 2112 4179 coram
2146 4122 2301 4177 vobis
2337 4120 2634 4175 remedium
2671 4122 2837 4177 vestri
2874 4124 3047 4177 morbi
3092 4126 3382 4193 praebeam.

1998 4214 2141 4269 XIX.
2184 4213 2287 4280 Qui
2346 4213 2512 4268 Deum
2555 4214 2732 4268 colere
2781 4214 2916 4280 vult,
2954 4226 3079 4270 ante
3125 4219 3311 4273 omnia
3354 4222 3497 4277 scire

1929 4307 2088 4363 debet
2144 4305 2274 4375 quid
2323 4305 2499 4359 solum
2546 4305 2745 4359 divinze
2796 4316 3003 4359 natura:
3052 4310 3333 4376 proprium
3389 4311 3494 4374 sit,

1928 4400 2074 4471 quod
2105 4398 2262 4454 alteri
2300 4413 2407 4451 non
2446 4396 2616 4467 possit
2666 4396 2878 4462 inesse;
2915 4407 2972 4451 ut
3019 4398 3073 4451 in
3110 4401 3498 4469 proprietatem

242 4500 584 4553 ἀποϐλέπων
619 4498 712 4550 καὶ
736 4495 862 4566 παρ’
884 4495 1053 4566 ἑτέρῳ
1084 4493 1214 4547 αὑτὸ
1237 4492 1312 4564 μὴ
1341 4494 1629 4563 εὑρίσκων,
1658 4496 1823 4567 ἑτέρῳ

1937 4492 2059 4562 ejus
2088 4490 2406 4561 respiciens,
2438 4503 2667 4558 eamque
2694 4503 2803 4543 non
2839 4489 3111 4558 reperiens
3140 4492 3281 4561 apud
3303 4494 3495 4558 alium,

242 4592 304 4643 το
321 4592 365 4622 ’³
391 4590 509 4661 θεῷ
524 4585 663 4641 εἶναι
688 4587 761 4657 μὴ
780 4585 1031 4656 άπατηθῇ
1059 4583 1239 4638 δοῦναί
1274 4600 1424 4637 ποτε.
1447 4585 1602 4637 Ἐστι
1618 4584 1677 4637 δὲ
1700 4585 1828 4639 ἴδιον

237 4682 405 4746 Θεοῦ,
428 4679 627 4735 τοῦτον
662 4678 818 4749 μόνον
847 4672 1004 4740 εἶναι,
1033 4675 1108 4738 ὡς
1138 4675 1354 4728 πάντων
1387 4675 1634 4745 ποιητὴν,
1658 4674 1831 4741 οὑτως

1932 4602 2211 4658 nunquam
2262 4584 2453 4641 fraude
2512 4586 2803 4640 inducatur
2846 4586 2911 4640 ad
2952 4586 3296 4641 tribuendam
3344 4587 3499 4641 alteri

1934 4680 2294 4736 divinitatem.
2324 4677 2419 4733 Est
2446 4688 2627 4733 autem
2658 4678 2941 4748 proprium
2972 4676 3105 4734 Dei;
3138 4678 3291 4733 illum
3320 4679 3498 4733 solum

1526 4792 1760 4847 VARle
1796 4795 2197 4852 LECTIONES.

306 4912 352 4943 ”
369 4908 611 4983 bynvﬂo.
638 4909 775 4983 'I‘nm
792 4909 880 4983 “id.
922 4911 1072 4980 ἰσχὺν
1098 4909 1191 4983 καὶ
1215 4906 1454 4983 κρύμυα.
1569 4907 1732 4983 Plura
1758 4913 2030 4983 congessit
2056 4912 2121 4965 de
2157 4912 2256 4965 hac
2276 4910 2652 4983 {Egyptiornm
2685 4911 3075 4983 superstitione
3100 4908 3495 4983 CJadRecOgn.

235 4997 291 5053 ξ.
329 4979 432 5035 ‘20.
474 4979 566 5013 ’ίοο
589 4979 763 5053 ὀρθῶς
784 4980 953 5053 ὀντως
976 4979 1042 5053 0.
1105 4979 1225 5053 fita

1331 4971 1345 5042 ζ
1390 4978 1737 5058 (margo.
1791 4971 1944 5058 "ait?
1970 4982 2189 5058 οὑν-Ο..
2230 4982 2251 5013 ³
2274 4971 2456 5058 Ιιεινὲξ,
2484 4971 2859 5058 ξιποκρίνασθε
2893 4983 2953 5058 tl,
2987 4980 3062 5058 O._
3087 4971 3497 5058 __"__xpdp.uovv0.

236 5051 387 5107 Tum
428 5053 594 5105 καὶοῖ
620 5048 671 5121 p.
701 5050 795 5123 καί
823 5052 925 5123 legi
957 5050 1069 5104 vult
1099 5048 1155 5104 S.
1228 5050 1249 5123 ξ
1276 5048 1487 5123 ποιούσι
1525 5053 1586 5123 0.
1630 5048 1765 5123 Tum
1811 5053 1963 5123 ὑμῶν
1990 5069 2039 5122 p.
2065 5051 2267 5122 ὁμοίως
2303 5052 2449 5123 conj.
2483 5050 2559 5123 S.
2613 5048 2713 5123 fed
2753 5053 2921 5123 textui
2942 5048 2945 5049 ν
2970 5051 3179 5123 reddidi
3207 5048 3498 5123 postquam

237 5124 525 5177 omissum
558 5118 676 5175 erat
701 5137 731 5175 a
765 5120 822 5174 S.
855 5118 997 5174 Idem
1029 5121 1279 5191 proponit
1299 5119 1442 5191 τινές
1472 5118 1653 5191 [ni-tt.
1732 5122 1752 5153 ⁷
1777 5118 1917 5177 αὑτά
1939 5118 2003 5177 0⁷
2028 5118 2161 5177 etin
2193 5138 2363 5191 marg.
2389 5122 2431 5175 Ο
2462 5163 2476 5185 ,
2506 5122 2675 5184 αὑτάς
2702 5122 2773 5175 id.
2803 5121 2857 5175 in
2895 5132 3062 5177 textu.
3089 5118 3226 5175 Tum
3256 5118 3500 5182 ἐπινοίας

227 5209 325 5329 ili.

238 5333 459 5403 f’Tum
485 5334 645 5403 ὑμεῖς
680 5334 744 5389 Ο,
772 5344 826 5386 et
848 5330 915 5385 ex
935 5330 1161 5403 conject.
1186 5330 1227 5384 Ο
1252 5330 1404 5403 ,ςιιυί
1440 5330 1494 5384 in
1528 5341 1672 5386 textu
1700 5334 1861 5402 ὑμᾶς.

326 5193 601 5255 ἀπονοίας
630 5197 690 5245 0.
757 5192 836 5264 f6
864 5191 960 5261 μέν
986 5206 1036 5264 p.
1066 5191 1215 5264 ὅμως
1239 5190 1331 5264 καί
1359 5195 1420 5242 0.
1495 5190 2138 5264 1[διηλέγξοιμενο.,Μιξηι
2169 5207 2279 5264 om.
2302 5190 2369 5264 τά
2385 5202 2510 5264 ante
2532 5192 2800 5264 τοσοῦτον.

328 5280 361 5340 e
389 5259 876 5340 saltetnfagoﬁcov
905 5261 1081 5340 pwpr
1104 5259 1452 5340 ἐπεκράτησε
1473 5260 1535 5313 τὺ
1558 5259 1748 5340 πάθος.
1786 5259 2058 5340 '_‘°o'u;__S._
2072 5263 2223 5340 deest
2253 5259 2400 5340 inﬂO,
2434 5261 2515 5340 C,_
2544 5261 2700 5340 ’ὥστε
2720 5263 2980 5340 _Gallanil.

2827 5192 2984 5258 Quod
3011 5193 3056 5247 si
3090 5192 3305 5246 retineri
3340 5192 3497 5252 velis.

3066 5263 3105 5293 ¹¹
3129 5258 3404 5319 πείθοντες
3430 5260 3493 5312 C.

1937 5333 2068 5404 ¹⁸τῷ
2087 5331 2131 5404 7C
2163 5374 2179 5399 ,
2211 5350 2292 5403 τῳ
2311 5331 2349 5386 S
2376 5331 2393 5395 ,
2417 5332 2517 5404 qui
2544 5332 2668 5387 lect.
2711 5334 2892 5387 Ottob.
2918 5333 3029 5401 jam
3056 5332 3369 5404 suspicatus
3392 5340 3496 5384 est.

234 5402 395 5459 Idem
423 5401 921 5473 interpungcndum
952 5401 1166 5456 censuit
1191 5410 1249 5454 ut
1277 5401 1715 5471 interpunximus
1741 5401 1795 5457 ’c.
1824 5404 1887 5458 0.
1920 5405 2020 5473 Ap.
2041 5401 2095 5457 'C
2158 5401 2361 5473 puncto
2395 5402 2710 5458 distinctum
2747 5412 2831 5458 cst
2861 5412 2983 5474 post
3004 5401 3168 5455 ἐστίν.

1565 5516 1872 5575 VARIORU
1881 5519 1929 5573 M
1966 5518 2196 5573 NOTAE}.

310 5610 447 5682 (27)
488 5609 724 5665 Ruﬁnus
759 5629 783 5682 :_
815 5609 1043 5663 cloacas.
1069 5606 1220 5663 Vcrti
1262 5608 1632 5682 etiampotest
1667 5625 1834 5682 canas

230 5679 341 5746 les,
362 5679 537 5743 ritas,
562 5698 730 5750 aquas
750 5680 1079 5733 decurrentes
1105 5696 1166 5732 ac
1193 5695 1391 5750 semper
1413 5680 1652 5748 ﬂuentes,
1674 5679 1827 5746 juxta

232 5757 387 5815 ωυα
421 5748 651 5808 Czesarii
696 5750 861 5817 ReSp.
896 5753 961 5805 ad
994 5750 1256 5819 lntcrrog.
1292 5748 1396 5803 I9;
1433 5750 1569 5820 Παρ¹
1603 5750 1832 5824 Ἕλλησι

1941 5610 2138 5680 κοῆναι
2174 5613 2266 5664 καὶ
2311 5613 2568 5689 κρόμμυα
2611 5614 2705 5666 καὶ
2741 5612 2974 5683 γαστρὸς
3008 5610 3287 5681 πνεύματα
3320 5629 3500 5739 μεμὲ-

1941 5661 2087 5739 νότες
2117 5682 2487 5739 ἐκθειὰζονται
2520 5685 2580 5739 C.
2625 5683 2763 5739 Tum
2823 5683 3036 5739 ὲγθοοῖς
3067 5698 3120 5739 ι).
3158 5682 3404 5739 αίσγροίς
3479 5721 3496 5737 .

1938 5661 2580 5806 ιδξέξέὲέθέίάέέιίέάῖ-
2613 5661 2764 5739 "id":
2781 5661 3125 5755 magis:
3144 5661 3496 5754 mea.
