4004 6332
525 324 623 378 271
1387 323 1443 377 S.
1482 322 1870 379 CLEMENTIS
1907 322 1923 376 Ι
1968 322 2131 378 ROM.
2174 323 2375 379 PONT.
2416 323 2647 380 OPERA
2673 320 2902 383 DUBIA.
3637 337 3732 394 272

526 454 669 501 esse,
709 446 768 493 ut
796 437 1040 492 omnium
1078 447 1403 505 creatorem,
1444 439 1514 493 ita
1552 449 1606 493 et
1645 439 1933 508 Optimum.
1986 439 2090 493 Po-

2150 453 2169 501 ι
2195 440 2289 493 καὶ
2322 442 2623 512 κρείττονα.
2658 442 2918 515 Κρείττόν
2952 442 3068 496 ἐστι
3099 442 3328 515 δυνάμει
3359 446 3453 515 μὲν
3480 447 3536 501 τὸ
3569 451 3731 507 ποιοῦν

526 532 732 587 tentius
758 532 960 603 quippe
991 539 1076 586 est
1105 532 1249 601 quod
1284 529 1413 585 facit
1449 546 1537 596 eo,
1567 532 1711 601 quod
1754 532 1846 598 ﬁt;
1880 531 2092 601 magni-

2190 531 2283 584 τοῦ
2318 534 2638 605 ποιευμένου
2659 534 2722 599 ’⁸,
2757 534 2895 606 πρὸς
2930 534 3165 605 μέγεθος
3196 534 3255 587 τὸ
3279 535 3495 608 ἄπειρον
3521 539 3609 592 τοῦ
3642 558 3716 593 πει

524 624 730 691 tudine,
763 625 911 694 quod
958 623 1229 678 infinitum
1260 632 1364 689 est,
1404 623 1604 690 finitis;
1637 624 1815 693 specie
1842 624 2091 693 pulcher-

2193 624 2557 694 περασμένου”
2596 625 2731 698 πρὸς
2762 620 2899 689 εἶδος
2931 625 2993 677 τὸ
3026 625 3443 698 εὐμορφότατον,
3490 629 3614 698 πρὸς
3650 632 3721 684 εύο

523 717 724 770 rimum
755 732 769 781 ;
804 714 1061 770 felicitate
1098 714 1511 782 beatissimum;
1559 725 1737 770 mente
1760 714 2092 785 perfectissi-

2189 713 2468 783 δαιμονίαν
2497 715 2556 768 τὸ
2593 716 3024 788 μακαριώτατον,
3055 716 3215 786 225
3250 715 3382 787 πρὸς
3427 716 3541 770 νοῦν
3570 718 3623 771 τὸ
3657 736 3719 772 τει

524 824 697 862 mum.
730 805 990 862 Similiter
1027 815 1207 862 autem
1238 816 1293 862 et
1325 808 1379 861 in
1424 806 1545 862 aliis
1584 808 1699 877 ipse
1742 808 2088 875 incompara-

2189 799 2459 854 λειότατον
2483 803 2545 855 ιδ.
2598 803 2826 875 Ὁμοίως
2857 804 2913 856 δὲ
2956 805 3050 858 καὶ
3084 807 3141 857 ἐν
3177 808 3290 867 τοῖς
3328 805 3500 869 ἀλλοις
3529 808 3673 872 αὐτὸς
3696 808 3731 841 ⁸⁸

520 900 702 955 biliter
730 901 953 954 eminet.
991 899 1128 954 Cum
1158 913 1286 970 ergo
1306 940 1320 965 ,
1372 900 1516 953 sicut
1553 898 1702 966 dixi,
1728 897 1823 953 Dei
1859 898 1930 953 sit
1956 913 2087 967 pro-

2188 890 2588 963 ἀπαραϐλήτως
2606 895 2703 965 τὴν
2726 895 2997 967 ὑπεροχὴν
3020 895 3153 966 ἔχει.
3190 896 3339 950 Ἐπεὶ
3366 891 3479 961 οῦν,
3508 898 3578 961 ὡς
3592 900 3731 971 ἔφην,

518 993 724 1062 prium,
745 994 958 1048 cunctis
980 1009 1101 1049 esse
1132 993 1436 1060 meliorem,
1469 994 1537 1047 ab
1562 993 1680 1062 ipso
1705 1004 1884 1046 autem
1912 990 2088 1046 factus

2192 983 2321 1036 [διον
2356 983 2489 1037 Θεοῦ
2532 985 2593 1038 τὸ
2636 987 2799 1041 αὐτὸν
2838 984 2977 1040 εἶναι
3009 988 3117 1042 τῶν
3157 988 3294 1041 ὅλων
3329 990 3619 1059 κρείττονα,
3654 991 3732 1043 ὑπ’

520 1083 627 1148 sit,
659 1083 752 1151 qui
790 1083 974 1137 omnia
1007 1082 1387 1152 complectitur
1430 1081 1690 1147 mundus,
1722 1083 1937 1149 penitus
1986 1095 2085 1134 ne-

2186 1077 2349 1130 αὺτοῦ
2381 1077 2437 1129 δὲ
2469 1080 2497 1130 ὁ
2537 1078 2713 1131 πάντα
2750 1080 3016 1151 περιέχων
3049 1081 3237 1149 γέγονε
3280 1081 3499 1152 κόσμος,
3544 1082 3734 1151 ἀνάγκη

517 1173 763 1227 cessario
794 1172 901 1227 dici
939 1172 1117 1237 debet,
1146 1173 1353 1227 nullam
1380 1187 1562 1226 rerum
1594 1171 1662 1225 ab
1688 1185 1755 1225 eo
1777 1182 2083 1225 creatarum

2188 1169 2336 1221 πᾶσα
2372 1168 2585 1236 λέγειν,
2638 1168 2802 1239 μηδὲν
2822 1170 2860 1201 ¹⁷
2913 1168 3002 1221 ὑπ’
3063 1171 3225 1223 αὐτοῦ
3273 1172 3569 1239 γεγονότων
3606 1171 3736 1242 αὐτῷ

519 1279 682 1333 posse
710 1278 833 1318 cum
870 1264 988 1333 ipso
1020 1262 1255 1318 conferri
1284 1273 1338 1318 et
1366 1263 1659 1333 exaequari.

1649 1302 1659 1316 .
2184 1258 2443 1311 δύνασθαι
2470 1258 2567 1329 τὴν
2603 1257 2723 1327 ἴσην
2756 1258 2898 1312 ἔχειν
2928 1260 3230 1331 σύγκρισιν.

588 1354 705 1408 XX.
746 1354 919 1409 Porro
948 1355 1207 1423 mundus,
1247 1356 1341 1424 qui
1376 1369 1484 1408 non
1518 1356 1602 1409 εει
1641 1354 2084 1424 incomparabilis

2254 1350 2372 1404 XX.
2426 1351 2483 1403 Ὀ
2516 1352 2572 1403 δὲ
2606 1351 2680 1422 μὴ
2709 1352 2846 1421 ἔχων
2884 1352 2944 1403 τὸ
2976 1352 3357 1422 ἁπαράὸλητον
3388 1354 3481 1406 καὶ
3518 1354 3737 1427 ἀνυπέρ-

517 1460 571 1502 ct
620 1449 856 1503 eximius
907 1457 1070 1519 atque
1120 1448 1268 1503 omni
1318 1464 1383 1502 ex
1423 1457 1575 1518 parte
1616 1449 1763 1502 nullo
1811 1440 2079 1517 indigens,

2182 1441 2376 1513 ϐλητον
2411 1443 2505 1495 καὶ
2548 1443 2721 1513 πάντη
2753 1442 3012 1495 πάντοθεν
3053 1444 3298 1508 ἀνενδεὲς
3335 1445 3498 1508 αὐτὸς
3524 1442 3651 1499 εἷναι
3683 1449 3735 1501 ού

518 1541 660 1596 Deus
694 1556 815 1596 esse
844 1542 1051 1611 nequit.
1087 1540 1183 1595 Sin
1207 1556 1336 1596 vero
1370 1550 1518 1596 totus
1542 1541 1803 1606 mundus,
1826 1541 1881 1594 in
1908 1556 2084 1610 quan-

2182 1534 2419 1587 δύναται.
2456 1536 2521 1587 Et
2545 1534 2601 1587 δὲ
2633 1537 2662 1587 δ
2689 1536 2797 1603 πᾶς
2818 1535 3019 1605 κόσμος
3044 1532 3366 1589 τοῦτο’νεῖναι
3406 1536 3466 1589 ού
3517 1537 3738 1603 δύναται,

518 1645 631 1687 tum
664 1632 915 1687 conditus
942 1631 1065 1700 fuit,
1098 1630 1240 1687 Deus
1283 1648 1405 1688 esse
1438 1632 1646 1703 nequit,
1670 1641 1875 1703 quanto
1910 1633 2082 1703 magis

2182 1626 2316 1679 καθὸ
2332 1627 2639 1695 γεγένηται,
2659 1626 2809 1697 πόσῳ
2832 1628 2873 1657 ⁸⁸
2889 1643 2951 1695 γε
2972 1627 3169 1697 μᾶλλον
3196 1628 3267 1679 τὰ
3294 1628 3455 1698 μόρια
3472 1628 3629 1681 αὐτοῦ
3653 1631 3740 1682 οὐκ

516 1722 660 1779 illius
691 1732 872 1793 partes
898 1740 1005 1779 non
1038 1734 1182 1780 recte
1212 1725 1305 1779 Dei
1344 1740 1541 1779 nomen
1564 1724 1863 1793 accipient?
1891 1723 2079 1781 Partes

2183 1717 2248 1770 ἀν
2291 1717 2524 1786 εὐλόγως
2564 1717 2787 1788 κληθείη
2822 1718 2984 1782 Θεός;
3021 1719 3202 1789 Μὸρια
3235 1719 3294 1772 δὲ
3332 1719 3476 1787 λέγω
3510 1722 3630 1782 τοὺς
3661 1722 3739 1789 ὑφ’

515 1825 694 1868 autem
727 1815 871 1879 dico,
911 1830 1048 1884 quos
1080 1815 1288 1869 vocatis
1318 1815 1470 1880 deos,
1522 1815 1779 1868 nimirum
1816 1829 1882 1868 ex
1918 1830 2074 1881 auro,

2182 1808 2333 1877 ὑμῶν
2374 1808 2695 1879 λεγομένους
2724 1809 2901 1872 θεοὺς,
2950 1814 3013 1865 ἐκ
3059 1812 3100 1841 ¹⁹
3136 1810 3343 1882 χρυσοῦ
3379 1813 3473 1864 καὶ
3496 1812 3738 1883 ἀργύρου,

514 1916 759 1977 argento,
792 1923 919 1973 tere,
970 1905 1169 1975 lapide,
1211 1906 1295 1960 vel
1339 1905 1445 1959 alia
1488 1920 1817 1974 quacunque
1850 1906 2079 1960 materia

2178 1900 2378 1971 χαλκοῦ
2403 1918 2460 1952 τε
2490 1903 2582 1954 καὶ
2614 1900 2809 1972 λίθουῆ
2835 1902 2928 1955 καὶ
2948 1902 3004 1967 ἐξ
3031 1902 3195 1972 ἄλλης
3222 1903 3355 1973 ῦλης
3382 1904 3684 1974 ἡστινοσοῦν
3703 1905 3742 1934 ’°

515 2000 710 2066 factos,
765 1998 1095 2068 insuperque
1139 1997 1384 2052 mortalis
1422 2012 1616 2052 manus
1652 1998 1886 2067 cpilicia.
1922 2000 2077 2053 Atta-

2178 1992 2455 2060 γεγονότα,
2484 1993 2577 2046 καὶ
2602 1992 2775 2046 ταῦτα
2807 1993 2910 2044 ὑπὸ
2935 1992 3134 2063 θνητῆς
3166 1995 3353 2066 χειρὸς
3376 1995 3742 2067 δεδημιουργη-

513 2106 637 2144 men
682 2089 963 2144 videamus
993 2099 1272 2160 prmterea,
1327 2088 1561 2158 qualiter
1604 2104 1701 2158 per
1745 2103 1807 2143 os
1843 2089 2079 2145 hominis

2182 2084 2335 2154 μένα.
2374 2085 2564 2154 Ὅμως
2605 2084 2661 2136 δὲ
2706 2084 2843 2155 πρὸς
2865 2084 3034 2137 ταῦτα
3080 2084 3283 2155 ἴδωμεν
3318 2089 3385 2151 ²¹,
3418 2083 3504 2140 οἷα
3554 2087 3617 2141 δι’
3658 2088 3741 2140 ἀν·-

512 2183 859 2252 importuuus
888 2195 1112 2250 serpens
1138 2180 1391 2250 deceptos
1418 2178 1823 2235 inductionibus
1852 2178 2074 2234 inliciat.

2179 2174 2396 2246 θρώπου
2428 2176 2693 2247 στόματος
2716 2177 2744 2227 ὁ
2769 2176 2939 2239 δεινὸς
2967 2176 3089 2245 δφις
3114 2177 3431 2247 φαρμάσσει
3462 2181 3574 2242 τοῖς
3610 2179 3744 2231 ὲπει-

1196 2253 1227 2295 ”.
1275 2339 1284 2340 κ
1321 2338 1329 2340 -
1429 2336 1443 2340 -
1675 2338 1684 2340 _
1899 2337 1908 2340 _
1958 2336 1988 2340 η
2177 2270 2339 2337 γμοῖς
2368 2269 2413 2298 ³¹
2448 2269 2570 2332 τοὺς
2600 2268 3075 2340 ἐξαπατωμένους.

583 2338 722 2395 XXI.
775 2338 972 2395 Dicunt
991 2339 1135 2394 enim
1178 2338 1381 2393 multi:
1424 2336 1482 2391 In
1515 2338 1718 2392 nostris
1761 2336 2077 2394 numinibus

2223 2336 2389 2412 XXI.
2430 2359 2661 2428 Λέγουσι
2716 2360 2823 2432 γὰρ
2863 2336 2915 2413 δι
2963 2361 3164 2414 πολλοίο
3223 2362 3347 2417 Τῶν
3406 2363 3746 2435 σεϐασμάτων

509 2450 620 2488 non
649 2446 845 2487 aurum
889 2444 1065 2500 neque
1099 2438 1385 2500 argentum
1421 2444 1522 2485 nec
1556 2430 1763 2500 lignum
1807 2441 1900 2486 aut
1938 2432 2077 2499 lapi-

2176 2451 2331 2521 ἡμῶν
2374 2450 2603 2521 σέϐομεν
2646 2452 2707 2504 οὐ
2748 2430 2837 2505 τόν
2863 2452 3070 2524 Δχρυσὸν
3098 2453 3219 2506 esse
3254 2456 3348 2508 τὸν
3375 2430 3613 2527 ἄργυρον
3636 2455 3745 2509 οὐδὲ

506 2524 628 2578 dem
659 2522 995 2578 adoramus:
1026 2521 1231 2577 scimus
1280 2536 1516 2591 namque
1572 2533 1627 2578 et
1664 2538 1762 2578 nos
1804 2524 1905 2579 ista
1937 2524 2071 2580 nihil

2177 2542 2330 2608 ξύλον
2363 2537 2396 2609 ἢ
2425 2542 2592 2596 λίθονο
2634 2544 2788 2615 ἴσμεν
2824 2521 2930 2615 γὰρ
2967 2546 3060 2598 καὶ
3094 2548 3257 2617 ἡμεῖς
3293 2548 3379 2600 ὅτι
3410 2521 3583 2600 ταῦτα
3612 2547 3750 2601 οὐδέν

500 2630 649 2680 esse,
680 2623 873 2685 praeter
897 2612 1193 2667 inanimam
1222 2613 1500 2667 materiem
1531 2622 1585 2669 et
1614 2616 1862 2670 mortalis
1900 2617 2076 2671 homi-

2174 2635 2318 2688 ἐστιν
2370 2634 2403 2705 ἢ
2451 2634 2653 2705 ἄψυχος
2694 2612 2796 2708 ’ὕλη
2838 2612 2947 2690 Dxa-4.1
3002 2612 3301 2709 ἀνθρωπου
3352 2638 3549 2708 θνητοῦ
3579 2636 3751 2708 τέχνη’

508 2708 593 2761 nis
642 2706 975 2773 artificium,
1032 2706 1125 2761 sed
1174 2706 1424 2775 spiritum
1469 2706 1562 2775 qui
1613 2707 1668 2761 in
1702 2707 1808 2763 illis
1852 2709 2070 2777 residet,

2174 2724 2306 2779 ἀλλά
2346 2725 2406 2778 τὸ
2447 2727 2733 2781 κατοικοῦν
2764 2730 2821 2782 ὲν
2857 2728 3038 2791 αὐτοῖς
3066 2728 3314 2799 πνεῦμα,
3342 2730 3502 2782 τοῦτο
3531 2727 3647 2783 θεὸν
3675 2727 3754 2779 λέ-

505 2801 666 2855 deum
699 2798 1019 2856 asserimus.
1063 2797 1197 2853 Vide
1239 2798 1343 2853 ista
1388 2797 1778 2867 proferentium
1822 2801 2073 2872 maligni-

2171 2833 2357 2887 γομεν.
2397 2819 2538 2888 Ὅρα
2582 2822 2690 2872 τῶν
2731 2819 2902 2872 ταῦτα
2957 2819 3220 2889 λεγόντων
3258 2820 3370 2892 ’τὴν
3413 2819 3748 2891 κακοήθειαν.

506 2901 669 2947 tatem
701 2910 714 2947 :
743 2908 868 2947 nam
898 2891 1047 2961 quia,
1073 2890 1217 2960 quod
1246 2900 1488 2961 apparet,
1520 2891 1768 2946 convinci
1792 2891 1947 2948 facile
1971 2910 2070 2963 po-

2184 2912 2335 2965 Ἑπεὶ
2369 2911 2475 2983 γὰρ
2498 2911 2558 2965 τὸ
2589 2912 2910 2981 φαινόμενον
2946 2910 3258 2979 εὐέλεγκτόν
3305 2890 3481 2977 ἐστιν,
3508 2914 3590 2966 ὅτι
3614 2912 3754 2965 οὐδέν

503 2991 627 3049 test,
673 2982 818 3053 quod
862 2981 999 3036 nihil
1030 2981 1119 3047 sit,
1154 2981 1220 3036 ad
1256 2981 1307 3036 id
1332 2982 1476 3051 quod
1504 2996 1612 3037 non
1638 2983 1852 3038 videtur
1877 2986 2070 3039 contu-

2172 3006 2337 3076 226
2358 2981 2525 3069 ἐστιν,
2554 3004 2857 3073 κατέφυγον
2882 3006 2973 3057 ἐπὶ
2997 3002 3058 3055 τὸ
3084 3003 3347 3074 ἀόρατον,
3376 3005 3455 3068 ὡς
3477 3005 3565 3058 ἐπ’
3586 3001 3752 3076 ἀδήλῳ

504 3076 681 3145 aiunt,
709 3072 867 3144 quasi
904 3073 960 3127 in
994 3088 1052 3127 re
1088 3072 1290 3127 incerta
1330 3083 1600 3142 nequeant
1639 3075 1931 3130 confutari.
1960 3074 2069 3131 Νοε-

2172 3072 2276 3146 Si
2293 3072 2622 3163 ξλεγχθῆναι
2666 3072 2738 3163 μὴ
2774 3093 3074 3163 δυνάμενοι.
3116 3072 3263 3164 Πλὴν
3310 3072 3753 3166 συνομολογοῦσιν

502 3167 713 3222 hiscum
744 3174 925 3220 tamen
953 3179 1018 3219 ex
1049 3174 1201 3234 parte
1226 3164 1315 3219 isti
1346 3168 1692 3233 confitentur,
1719 3167 1864 3236 quod
1903 3168 2053 3223 dimi-

2170 3185 2297 3255 ἡμῖν
2340 3184 2389 3236 οἱ
2406 3145 2648 3236 ,τοιόῦτοι
2666 3145 2777 3235 ⁸ἐπὶ
2805 3145 3022 3254 μέρους,
3046 3145 3127 3236 δτι
3160 3145 3229 3235 τόΙ
3246 3145 3601 3255 ἥμισύ

503 3258 653 3313 dium
675 3257 1094 3312 simulacrorum
1114 3271 1339 3312 suorum
1370 3256 1505 3312 deus
1528 3273 1636 3313 non
1666 3259 1756 3323 sit,
1787 3260 1878 3314 sed
1902 3276 2066 3316 sensu

2175 3278 2348 3341 αὐτοῖς
2396 3277 2700 3349 ἱδρυμάτων
2736 3277 2855 3340 θεὸς
2899 3278 2998 3329 οὐκ
3042 3276 3217 3341 ἐστιν,
3269 3277 3393 3330 ἀλλ’
3437 3277 3756 3348 ἀναίσθητος

502 3365 697 3406 carens
726 3349 975 3403 materia.
1032 3346 1291 3418 Superest
1343 3348 1528 3419 igitur,
1582 3358 1643 3404 ut
1686 3351 1934 3420 probent,
1959 3367 2066 3423 qua

2172 3372 2286 3444 ὕλη.
2335 3346 2534 3425 Λοιπὸν
2581 3372 2637 3424 δὲ
2671 3372 3039 3443 περιλείπεται
3089 3370 3254 3436 δεῖξαι
3305 3373 3513 3437 αὐτοὺς
3546 3374 3612 3438 ’³,

503 3442 714 3497 ratione
733 3442 1028 3497 credamus
1062 3441 1116 3495 in
1150 3441 1257 3496 illis
1280 3442 1488 3497 versari
1509 3442 1754 3498 divinum
1788 3445 2061 3515 spiritum.

2176 3462 2491 3534 πιστεύομεν
2517 3462 2597 3514 ὃτι
2638 3461 2776 3514 θεῖον
2815 3461 2925 3530 ἔχει
2967 3460 3199 3530 πνεῦμα.
3241 3461 3389 3515 Ἀλλ’
3426 3462 3690 3529 ἐπιδεῖξαι
3714 3460 3757 3491 ⁸⁵

502 3533 703 3589 Verum
731 3533 787 3587 id
812 3534 883 3587 ita
905 3548 1024 3587 esse
1044 3532 1199 3587 nobis
1224 3532 1908 3603 nequeuntdemonstrare,
1937 3536 2064 3606 quia

2171 3558 2296 3627 ἡμῖν
2328 3532 2404 3608 οῦ
2427 3554 2677 3607 δύνανται
2714 3554 2795 3606 ὅτι
2831 3554 2996 3617 ἐστὶν,
3033 3553 3154 3605 ἐπεὶ
3183 3553 3256 3624 μή
3304 3556 3480 3609 ἐστιν.
3529 3555 3640 3609 Καὶ
3660 3552 3752 3606 αὺ-

502 3641 612 3681 non
649 3633 751 3681 est.
809 3623 875 3680 Et
918 3624 1054 3694 ipsis
1092 3624 1407 3696 apparuisse
1453 3640 1562 3680 non
1614 3628 1907 3682 credimus.
1954 3626 2067 3684 Nos

2176 3623 2276 3710 τοῖς
2332 3645 2629 3717 ἑωρακέναι
2680 3645 2740 3696 οὐ
2789 3643 3131 3713 πιστεύομεν.
3193 3623 3396 3715 Ἡμεῖς
3449 3646 3639 3708 αὐτοῖς
3678 3644 3757 3696 ὅτι

500 3715 610 3771 illis
667 3730 732 3771 ea
776 3714 1021 3771 divinum
1068 3715 1319 3784 spiritum
1372 3731 1476 3771 non
1518 3716 1718 3772 habere
1767 3734 1862 3787 per
1902 3733 2065 3788 argu-

2172 3738 2303 3793 θεῖον
2336 3714 2434 3792 obit
2482 3738 2593 3809 ἔχει
2622 3736 2838 3808 πνεῦμα
2859 3737 2925 3802 ’⁸,
2963 3736 3059 3799 τὰς
3087 3714 3398 3803 ἀποδείξεις
3421 3738 3753 3809 παρέξομεν,

498 3815 684 3863 menta
730 3807 1120 3877 probabimus,
1178 3816 1240 3861 ut
1280 3807 1526 3862 veritatis
1584 3808 1833 3872 studiosi,
1880 3809 2063 3864 audita

2177 3832 2311 3895 Ξπως
2345 3832 2440 3883 τοῦ
2473 3807 2647 3884 δοιιεῖν
2684 3828 2820 3883 αὐτὰ
2854 3827 3061 3899 ἔμπνοα
3087 3823 3225 3882 εἶναι
3265 3832 3320 3883 oi
3365 3807 3694 3901 cptlaitﬁiist;
3714 3827 3758 3859 "

496 3897 871 3955 confutatione
905 3895 1179 3965 opinionis
1215 3911 1279 3951 ea
1316 3896 1509 3965 spiritu
1540 3896 1765 3966 praedita
1788 3894 2063 3951 afﬁrmau-

2175 3922 2251 3974 τὸν
2288 3921 2504 3993 ἔλεγχον
2537 3921 2864 3983 ἀκούσαντες
2886 3894 3005 3989 *τῆς
3045 3919 3357 3985 λυσσώδους
3379 3894 3393 3901 ⁷
3414 3894 3680 3984 ὑπονοίας
3716 3918 3756 3950 ²¹

500 3996 587 4059 tis,
615 4004 645 4043 a
677 3988 896 4043 rabioso
918 4003 1102 4043 errore
1125 4003 1183 4043 se
1204 3996 1470 4043 avertant.

1020 4004 1102 4043 ore
1125 4003 1183 4043 se
1204 3996 1470 4043 avertant.
2161 3988 2601 4083 ἀποτραέτῶνται,

566 4108 731 4164 XXII.
771 4106 956 4161 Primo
984 4102 1204 4173 quidem
1241 4100 1288 4156 si
1316 4116 1379 4155 ea
1407 4102 1555 4156 velut
1577 4100 1827 4171 spiritum
1856 4100 2062 4156 haben-

2231 4103 2393 4159 XXII.
2431 4103 2503 4156 Τὸ
2539 4104 2637 4175 μὲν
2669 4103 2732 4175 δὴ
2766 4104 2997 4176 πρῶτον,
3032 4105 3080 4157 εἰ
3124 4104 3199 4167 ὡς
3234 4102 3466 4175 ἔμπνοα
3499 4106 3634 4161 ὄντα
3675 4105 3762 4159 σέ-

494 4205 572 4261 tia
619 4200 827 4265 colitis,
880 4196 1042 4252 etiam
1088 4195 1438 4264 antiquorum
1482 4194 1763 4248 hominum
1811 4193 2058 4263 sepulcra

2181 4193 2319 4247 iecOs
2352 4192 2510 4255 αὐτὰ,
2554 4194 2646 4245 καὶ
2674 4193 2719 4223 ²⁸
2758 4193 2989 4246 αἰωνίων
3035 4194 3273 4265 ἀρχαίων
3320 4195 3549 4266 τάφους
3591 4212 3762 4268 προσ-

495 4293 759 4359 adoratis,
781 4304 920 4360 quos
946 4289 1002 4343 in
1028 4285 1280 4342 confesso
1294 4294 1376 4341 est
1398 4285 1640 4339 divinum
1667 4300 1775 4340 non
1802 4286 2059 4341 habuisse

2180 4287 2398 4345 ιυνεῖτε,
2432 4282 2539 4336 τῶν
2592 4283 3039 4353 ὁμολογουμένως
3084 4285 3235 4338 οὐδὲν
3268 4288 3312 4317 ³⁸
3351 4287 3592 4359 πνεῦμα
3619 4288 3761 4340 θεῖον

495 4388 770 4460 spiritum.
800 4384 877 4438 ita
908 4397 1082 4452 neque
1127 4382 1180 4435 in
1221 4381 1325 4436 hoc
1364 4395 1492 4435 vera
1532 4379 1838 4449 loquimini.
1888 4379 2058 4435 Porro

2181 4376 2484 4446 ,σχηκότων.
2513 4374 2696 4438 Οὕτως
2728 4375 2846 4427 οὐδὲ
2878 4376 3017 4429 κατά
3052 4375 3208 4429 τοῦτο
3248 4377 3584 4448 ἀληθεύετε.
3610 4378 3762 4452 Πλὴν

494 4484 541 4537 si
576 4493 701 4533 vere
741 4476 1011 4546 spirarent
1056 4482 1237 4528 vestra
1273 4472 1519 4536 numina,
1549 4486 1645 4540 per
1683 4486 1741 4526 se
1771 4486 2053 4526 moverem

2181 4468 2205 4518 ,ἰ
2231 4467 2395 4530 ὅντως
2421 4468 2631 4537 ἔμπνοα
2661 4462 2728 4537 ἦν
2759 4466 2830 4520 τὰ
2880 4467 3195 4539 σεϐάσματα
3239 4468 3423 4539 ὑμῶν,
3484 4472 3584 4540 ἀφ’
3630 4474 3762 4525 ἑαυ-

492 4585 602 4637 tur,
648 4583 837 4624 vocem
867 4566 1192 4629 emitterent,
1224 4579 1453 4619 araneas
1491 4564 1790 4619 insidentes
1831 4563 2051 4633 ablega-

2182 4560 2262 4613 ’ῶν
2314 4559 2379 4614 ἂν
2417 4560 2663 4622 ἐκινεῖτο,
2716 4561 2895 4630 φωνὴν
2948 4561 3014 4614 ἂν
3069 4557 3234 4631 εἶχεν,
3283 4563 3385 4634 τὴν
3425 4565 3520 4617 ἐπ’
3572 4567 3763 4629 αὐτοῖς

492 4673 634 4730 rent,
674 4660 1017 4716 insidiatores
1044 4673 1173 4713 suos
1205 4666 1259 4711 et
1293 4656 1438 4711 fures
1469 4657 1767 4727 abigerent,
1797 4657 2054 4711 donario-

2185 4650 2397 4722 ιράχνην
2428 4650 2726 4713 ἀπεσείετο,
2764 4650 2889 4712 τοὺς
2927 4650 3104 4713 αὐτοῖς
3136 4651 3535 4707 ἐπιϐουλεῦσαι
3575 4655 3766 4708 θέλον·

492 4770 612 4809 rum
643 4750 925 4822 praedones
968 4746 1127 4803 facile
1173 4750 1714 4817 comprehenderent.
1763 4746 1883 4801 Jam
1924 4762 2053 4802 vero

2183 4758 2255 4804 ra;
2300 4740 2394 4794 ml.
2426 4740 2751 4802 κλέπτοντας
2783 4740 3077 4793 ἀπεωθεῖτο
3126 4743 3212 4807 ἂν,
3259 4746 3384 4808 τοὺς
3432 4746 3510 4799 τὰ
3560 4748 3764 4819 ἀναθή-

492 4844 628 4901 nihil
669 4843 865 4897 horum
896 4837 1105 4894 faciunt
1144 4838 1241 4903 dii,
1280 4838 1370 4893 sed
1403 4838 1576 4892 instar
1612 4852 1830 4892 reorum
1861 4845 2050 4891 custo-

2184 4851 2303 4887 ιατα
2335 4832 2715 4895 ἀποσυλῶντας
2758 4832 3152 4903 συνελάμϐανεν
3178 4835 3242 4888 ἀν
3283 4836 3513 4908 ῥᾳδίως.
3547 4841 3673 4894 Νῦν
3706 4841 3765 4894 δὲ

492 4938 735 5001 diuntur,
762 4931 1063 5003 praesertim
1100 4930 1195 5002 qui
1226 4937 1354 4986 sunt
1384 4930 1541 4999 pretii
1587 4930 1835 4999 majoris,
1859 4944 2051 4999 quem-

2185 4924 2353 4978 ούτων
2397 4922 2546 4977 οὐδὲν
2591 4920 2852 4987 ποιοῦσιν,
2906 4922 3017 4975 ἀλλ’
3074 4924 3117 4956 ³ο
3174 4925 3250 4988 ὡς
3283 4927 3612 4995 κατὰδικοι,
3664 4930 3762 4983 καὶ

489 5028 786 5087 admodum
833 5023 1100 5096 principio
1153 5022 1411 5078 diximus.
1469 5021 1611 5088 Quid
1646 5022 1814 5090 enim,
1863 5037 2047 5077 nonne

2185 5016 2383 5069 ,άλιστα
2425 5013 2794 5087 οίτιμιώτεροι
2834 5015 3033 5081 αὐτῶν,
3088 5018 3478 5089 φρουροῦνται,
3539 5025 3627 5091 ὡς
3667 5027 3766 5080 καὶ

1745 5156 1980 5212 VARUE
2020 5154 2418 5213 LECTIONES.

569 5296 880 5372 ίξκρείττων
898 5294 1048 5372 ἔστιν
1072 5293 1168 5364 μὲν
1188 5294 1412 5372 δυνάμει
1443 5293 1537 5372 τοῦ
1562 5298 1734 5372 ποιεῖν
1757 5295 1851 5372 τοῦ
1874 5295 2061 5372 λοιποῦ
2085 5297 2124 5351 C
2155 5337 2170 5361 ,
2188 5297 2435 5372 κρεῖττόν
2458 5298 2570 5350 ἐστι
2602 5296 2699 5368 μὲν
2723 5298 2947 5370 δυνάμει
2974 5299 3034 5353 τὸ
3060 5298 3246 5372 ποιοῦν
3270 5298 3364 5353 τοῦ
3388 5302 3646 5372 ποιητοῦ
3670 5303 3715 5355 D
3746 5343 3763 5365 ,

490 5365 733 5439 κρεῖττόν
757 5367 871 5419 ὲστι
894 5366 1117 5435 δυνάμει
1145 5365 1243 5434 μὲν
1276 5366 1336 5417 τὸ
1363 5365 1549 5419 ποιοῦν
1565 5366 1659 5419 τοῦ
1688 5367 1969 5429 ποιοῦντος
1996 5371 2037 5421 Ο
2067 5409 2081 5431 ,
2103 5365 2264 5438 quam
2306 5368 2552 5421 ultimam
2595 5365 2782 5423 vocem
2828 5365 3074 5425 converti
3106 5372 3161 5424 in
3204 5365 3573 5441 ποιουμένοῦ.
3609 5373 3766 5429 Tum

490 5436 922 5473 mrnvunnnéumi
947 5451 978 5473 η
1025 5436 1438 5473 ecwcnﬂﬂnéumi
1464 5436 1502 5473 Π
1572 5437 2018 5473 ηενιηιυηηέυηιις
2058 5454 2085 5473 n
2127 5438 2185 5473 (TI
2287 5438 2330 5469 1⁵
2351 5437 2696 5473 φεῖεηῖνι-ηη-Αυ
2721 5441 2759 5473 l‘_
2862 5442 2903 5472 ια
2922 5440 3102 5473 κείς-ΑΩ
3203 5443 3242 5473 1⁸1
3274 5440 3385 5473 νιιιι
3434 5442 3547 5473 εἰη-’⁵
3583 5446 3763 5473 ιη’.-λη

488 5436 922 5509 περαινασμένου
947 5451 998 5503 p.
1025 5436 1438 5505 πεπερασμένου
1464 5436 1503 5489 C
1534 5475 1548 5501 ,
1572 5437 2018 5507 περαινομένου8
2058 5436 2208 5493 c.Cl.
2287 5438 2330 5469 "
2351 5437 2696 5491 τελειώτατον
2721 5441 2780 5493 C.
2862 5442 2903 5472 ¹⁶
2921 5441 3050 5493 αὑτό
3066 5440 3123 5495 S.
3203 5443 3242 5473 ”
3274 5436 3404 5495 Vbi).
3434 5442 3547 5494 ὑπ’
3580 5446 3763 5497 αὐτου

562 5511 589 5560 ὁ
615 5508 789 5559 πάντα
821 5506 1085 5579 περιέχων
1112 5506 1546 5579 γέγονεκὸσμος,
1566 5507 1792 5579 Δἀνάγκη
1821 5510 1966 5560 πᾶσα
1987 5508 2180 5579 λέγειν,
2212 5508 2375 5579 μηδέν
2402 5526 2506 5562 non
2520 5518 2735 5563 exstant
2772 5512 2823 5564 in
2850 5514 2910 5564 Ο.
3005 5513 3047 5543 ³⁸
3069 5510 3312 5574 ἀνενδεὲς
3335 5510 3477 5574 Θεὸς
3508 5509 3666 5567 εἶναι
3697 5514 3763 5566 οὐ
3806 5548 3810 5551 ~

485 5576 864 5656 ngatgtmae’
886 5576 1482 5656 ὃ,γεγένηταικπόσερ(ξ.ζ
1539 5576 1581 5607 ²⁹
1598 5576 1802 5656 ἐκλοῐῐι.
1959 5578 2106 5656 ’ξλιω
2143 5576 2339 5656 scripsi
2366 5580 2511 5656 duce
2525 5582 2728 5656 Ottob,
2754 5583 2845 5656 q_ui
2878 5581 3046 5656 habet
3061 5582 3323 5656 τινοσοῦν.
3494 5584 3543 5637 C
3580 5584 3767 5656 -τινὸς

486 5642 897 5735 οῦν..βοειιίιηι
918 5642 1031 5715 jam
1051 5642 1198 5727 'viilit
1226 5644 1312 5735 8λ
1363 5642 1631 5735 έχςδωμεν
1655 5648 1711 5735 ΟΛ
1744 5665 1797 5732 ς.
1900 5688 1915 5713 ,
1952 5642 2283 5735 εἴδωμενισ.
2365 5651 2409 5680 ³⁸
2430 5642 2733 5735 ,ὑπειγμοξς
2876 5722 2887 5735 .
2915 5652 2959 5682 ³³
2991 5654 3176 5735 αὐτοῖς
3213 5655 3275 5706 Ο.
3318 5642 3767 5735 “Wars-caeliae

488 5718 578 5797 0._
608 5716 886 5797 ["7tvsupa
921 5716 1246 5797 ascripsiex
1266 5716 1333 5797 Ὀ.
1351 5788 1362 5797 _
1410 5716 1459 5797 2⁸
1484 5716 1798 5797 φιλαληθεῖς
1820 5718 1899 5797 Ο..
1952 5720 1993 5749 ’⁷
2016 5716 2276 5797 ἀπονοίας
2310 5720 2559 5797 _c_o_nj._D.
2588 5716 2840 5797 Subinde
2864 5722 3291 5797 arto-c‘pangv'car
3312 5725 3396 5797 O._
3432 5723 3490 5797 ξ⁸
3510 5716 3769 5797 Legit!

486 5786 578 5839 καί
602 5785 721 5856 (cur
749 5784 954 5857 etiam).
985 5784 1041 5841 S.
1075 5784 1313 5845 Subinde
1340 5785 1639 5858 ἀνθρώπων
1665 5784 1716 5857 p.
1748 5789 1978 5845 αἰωνίων
2004 5789 2125 5860 conj
2157 5790 2241 5862 _C.
2308 5792 2351 5822 ¹⁹
2368 5784 2813 5864 ὁμολογουμένως
2853 5791 2928 5854 ὡς
2964 5784 3084 5846 ούδέ
3108 5792 3169 5848 C.
3254 5795 3297 5826 ⁸⁰
3318 5790 3455 5848 ἀλλά
3489 5795 3566 5849 Ο.
