4004 6332
261 308 364 365 τε

1372 308 1830 366 CLEMENTINA.
1868 338 1936 347 -—
1965 310 2242 367 IIOMILIA
2283 310 2349 365 Χ.

3404 317 3510 370 274

255 427 349 496 τὴν
372 425 549 497 ἀρχὴν
584 428 903 501 εἰρήκαμεν.
936 428 1000 481 Τί
1026 428 1082 482 δὲ
1108 427 1168 481 οὑ
1199 428 1395 499 φόρους
1428 431 1519 483 καὶ
1549 430 1679 499 τέλη
1704 430 1835 502 ὑπὲρ

1948 430 2222 501 principes
2254 447 2282 485 a
2329 431 2485 485 vobis
2533 431 2732 487 tributa
2770 441 2823 487 et
2852 433 3134 504 vectigalia
3173 448 3271 503 pro
3297 434 3362 488 iis
3393 437 3509 489 exi-

256 515 430 569 αὑτῶν
459 518 781 572 ἀπαιτοῦσιν
807 520 951 590 ὑμᾶς
981 519 1029 571 οξ
1050 518 1323 581 δυνάσται,
1351 519 1425 581 ὡς
1458 518 1626 572 πολλὰ
1650 538 1841 591 καρπι-

255 604 513 677 ζομένους
537 609 643 661 τῶν
668 612 810 674 ἐκεῖ;
837 610 889 662 τί
912 611 967 663 δέ
992 612 1051 663 οὑ
1086 612 1343 681 πολλάκις
1368 609 1472 663 ὑπὸ
1504 609 1774 681 πολεμίων
1796 610 1837 643 ³⁸

253 698 633 771 διηρπάγησαν
665 703 824 772 227
858 703 953 756 καὶ
996 702 1373 775 συντριϐέντες
1403 701 1835 773 διενεμήθησαν;

253 793 379 862 Οὐχὶ
409 794 505 845 καὶ
554 793 662 846 τῶν
689 794 792 859 ἔξω
832 794 1243 867 θρησκευόντων
1283 795 1439 850 αὑτοὶ
1474 792 1632 846 πλέον
1672 794 1721 846 οἱ
1763 794 1839 846 ἱε-

254 888 381 955 ρεῖς,
426 887 521 938 ἐπὶ
569 889 636 957 τῇ
690 887 948 959 ἀχρήστῳ
999 888 1266 959 θρησκείᾳ
1300 888 1509 941 ἑαυτῶν
1563 904 1838 956 κατεγνω-

251 977 423 1040 κότες,
458 978 574 1031 τῶν
608 979 970 1050 ἀναθημάτων
1003 980 1173 1033 πολλὰ
1203 978 1590 1051 ὑφαιροῦνταις

312 1067 505 1122 XXIII.
547 1070 677 1133 Ναὶ,
730 1071 911 1140 φησὶν,
961 1070 1095 1125 ἀλλὰ
1142 1070 1364 1143 προνοίᾳ
1400 1070 1578 1125 αὑτῶν
1619 1070 1834 1140 ἐφωρά-

251 1156 433 1226 θησαν.
486 1159 699 1223 Ψεῦδος
744 1163 908 1215 ἐστιν.
960 1162 1123 1215 Πόσοι
1176 1162 1284 1233 γὰρ
1325 1162 1425 1215 οὑκ
1476 1162 1834 1234 ἐφωράθησαν

250 1248 457 1313 αὑτῶν;
499 1250 563 1301 Εἰ
590 1248 645 1301 δὲ
672 1250 759 1303 διὰ
791 1252 850 1303 τὸ
883 1252 1058 1316 ἐνίους
1093 1254 1443 1323 συνειλῆφθαι
1476 1254 1701 1325 δύναμιν
1740 1255 1835 1307 αὑ-

249 1339 364 1401 τοὺς
392 1339 438 1368 ⁸²
465 1339 614 1409 ἔχειν
652 1340 921 1408 λέγουσιν,
976 1342 1363 1413 πεπλὰνηνται.
1412 1344 1521 1397 Καὶ
1576 1344 1682 1414 γὰρ
1726 1342 1834 1396 τῶν

250 1429 625 1500 τυμϐωρύχων
648 1431 794 1493 τινὲς
833 1431 930 1501 μὲν
968 1433 1332 1503 εὑρίσκονται,
1374 1436 1515 1496 τινὲς
1548 1434 1603 1486 δὲ
1648 1434 1837 1487 λανθά-

252 1540 443 1577 νουσιν.
475 1524 572 1575 καὶ
593 1524 655 1575 οὑ
681 1525 851 1595 δήπου
886 1542 948 1593 γε
982 1529 1045 1597 τῇ
1082 1528 1188 1581 τῶν
1214 1527 1421 1598 νεκρῶν
1447 1528 1672 1597 δυνάμει
1700 1528 1744 1558 ³³
1784 1530 1832 1580 οἱ

254 1612 642 1682 συλληφθέντες
692 1616 1068 1687 ἐφωράθησαν.
1136 1616 1388 1672 Τοιοῦτόν
1432 1636 1482 1671 τι
1560 1620 1653 1671 καὶ
1706 1621 1833 1689 περ)⁵

252 1706 363 1767 τοὺς
422 1705 830 1776 κλεπτομένους
898 1709 993 1760 καὶ
1058 1708 1399 1779 συλωμένους
1460 1708 1614 1772 θεοὺς
1686 1709 1831 1762 ἔστιν

253 1796 367 1865 ἡμῖν
424 1798 591 1849 νοεῖν.
662 1796 839 1861 Ἀλλὰ,
895 1798 1092 1868 φησὶν,
1140 1800 1200 1852 οὑ
1250 1799 1670 1870 πεφροντίκασιν
1725 1800 1831 1852 τῶν
1862 1775 1905 1829 Β

253 1884 441 1950 ξοάνων
500 1886 684 1940 αὑτῶν
724 1889 773 1940 οἱ
811 1891 869 1941 ἐν
900 1890 1082 1953 αὐτοῖς
1116 1890 1267 1953 ὄντες
1309 1890 1437 1944 θεοί.
1475 1890 1537 1942 Τί
1571 1886 1662 1944 οὖν
1695 1890 1833 1944 αὐτὰ

254 1978 394 2047 ὑμεῖς
428 1996 497 2050 τη
508 1979 725 2050 μελεῖτε
754 1983 1053 2052 σμήχοντες
1086 1983 1178 2035 καὶ
1211 1982 1502 2045 πλύνοντες
1528 1984 1621 2037 καί
1646 1982 1834 2035 καθαί-

257 2084 439 2137 ροντες,
470 2071 882 2139 στεφανοῦντες,
937 2071 1286 2136 ἐπιθύοντες;
1343 2071 1541 2142 Διόπερ
1587 2071 1833 2127 ἐντεῦθεν

256 2161 571 2229 συννοήσατε
626 2160 791 2231 μηδὲν
826 2161 869 2238 ³ξ⁶
910 2160 1054 2231 ὀρθῷ
1094 2161 1340 2231 λογισμῷ
1388 2162 1685 2225 ποιοῦντες.
1747 2163 1832 2226 Ὡς

254 2249 346 2320 γὰρ
364 2253 473 2311 τοῖς
499 2253 715 2320 νεκροῖς
740 2250 1067 2317 ἐπικλαίετε,
1092 2250 1233 2305 οὕτω
1252 2252 1345 2307 καὶ
1361 2255 1471 2316 τοῖς
1505 2252 1648 2315 θεοῖς
1679 2251 1831 2323 ὑμῶν

255 2340 495 2394 ὲπιθύετε
532 2343 626 2394 καὶ
661 2342 935 2396 σπένδετε.

327 2473 515 2528 XXIV.
553 2476 745 2528 Οὐκέτι
785 2476 882 2546 μὲν
923 2494 1003 2530 τοι
1035 2478 1194 2531 τοῦτο
1234 2480 1355 2533 οὐδὲ
1396 2482 1474 2552 τῷ
1499 2481 1595 2535 τοῦ
1624 2482 1832 2535 Καίσα-

264 2582 351 2635 ρος
378 2569 471 2618 καὶ
513 2566 614 2619 τῶν
659 2568 752 2621 ὑπ’
787 2569 947 2622 αὑτὸν
974 2570 1231 2635 ἐξουσιῶν
1268 2578 1548 2643 συμφωνεῖ
1579 2574 1832 2645 παραδεί-

258 2674 433 2726 γματι,
469 2659 746 2730 διοικητὰς
779 2662 980 2724 αὐτοὺς
1014 2661 1210 2730 λέγειν,
1257 2664 1416 2717 ὁπότε
1460 2666 1617 2735 ὑμεῖς
1657 2665 1832 2719 αὑτῶν

250 2748 345 2818 τὴν
389 2752 571 2804 πᾶσαν
627 2751 868 2804 ποιεῖσθε
910 2753 1185 2823 πρόνοιαν,
1239 2754 1313 2818 ὡς
1354 2759 1633 2828 προεῖπον,
1693 2757 1834 2811 κατά

251 2841 415 2895 πάντα
453 2842 824 2912 τημελοῖωτες
855 2845 981 2915 ὑμῖν
1030 2844 1073 2875 ³⁸
1118 2846 1187 2898 τὰ
1234 2847 1517 2918 ἱδρύματα.
1548 2849 1694 2902 arma
1725 2850 1834 2923 γὰρ

247 2932 386 2985 οὐδὲν
421 2934 707 3003 δυνάμενα
747 2936 899 2988 οὐδὲν
935 2940 1098 2991 ποιεῖ.
1159 2939 1309 2991 Ἐπεὶ
1355 2940 1544 2994 εἴπατε
1580 2944 1733 3013 ἡμῖν,
1781 2944 1832 2996 τί

246 3023 556 3090 διοικοῦσιν,
581 3026 637 3079 τί
670 3026 884 3080 ποιοῦσι
905 3030 1166 3095 τοιοῦτον,
1196 3032 1379 3086 ὁποῖόν
1410 3050 1462 3085 τι
1492 3034 1541 3086 οἱ
1577 3033 1716 3087 κατὰ
1745 3036 1834 3088 τό-

1942 535 2109 593 gunt,
2165 526 2312 591 quod
2381 528 2615 581 multum
2674 526 2798 581 inde
2863 527 3215 582 emolumenti
3284 527 3514 597 capitis?

1941 612 2134 669 Nonne
2164 631 2305 684 saepe
2346 616 2416 671 ab
2456 617 2705 671 hostibus
2735 617 2873 687 rapti
2902 628 3049 681 sunt,
3073 629 3127 674 et
3156 629 3280 688 post
3311 620 3521 677 fractu-

1942 720 2057 758 ram
2084 705 2408 777 distributi?
2443 706 2633 761 Nonne
2663 709 2782 776 plus
2810 723 2972 777 quam
3004 711 3262 777 cultores,
3293 712 3387 781 qui
3424 729 3523 769 εκ-

1941 805 2022 851 tra
2054 806 2201 865 sunt,
2255 799 2357 868 ipsi
2390 798 2710 869 plerumque
2739 799 3069 867 sacerdotes,
3115 817 3174 857 se
3220 804 3286 859 de
3336 803 3523 860 inutili

1939 888 2092 943 cultu
2124 892 2473 956 damnantes,
2506 889 2820 960 subripiunt
2841 892 3012 947 multa
3036 893 3300 949 donaria?

2008 1080 2197 1137 XXIII.
2236 1082 2315 1139 ita
2354 1094 2456 1151 est,
2504 1086 2649 1142 dicet
2683 1086 2903 1157 aliquis,
2944 1088 3038 1143 sed
3074 1089 3300 1144 deorum
3333 1088 3500 1160 ριν)νί

1938 1172 2121 1228 dentia
2166 1174 2257 1229 isti
2307 1176 2559 1232 homines
2603 1177 2926 1247 deprehensi
2970 1188 3119 1234 sunt.
3148 1178 3366 1233 Falsum
3406 1189 3512 1237 est.

1938 1264 2080 1331 Quot
2118 1264 2264 1320 enim
2316 1282 2506 1321 eorum
2552 1281 2664 1321 non
2709 1277 2839 1323 sunt
2871 1269 3230 1337 deprehensi?
3263 1269 3420 1335 Quod
3465 1273 3512 1325 si

1936 1371 2002 1412 ex
2046 1355 2411 1427 quorumdam
2459 1358 2947 1425 comprehensione
2995 1357 3127 1413 deos
3191 1366 3512 1427 potestatem

1939 1447 2137 1501 habere
2159 1448 2513 1514 concludunt,
2551 1456 2757 1502 errant.
2792 1447 3005 1503 Etenim
3037 1464 3101 1504 ex
3138 1450 3513 1518 sepulcrorum

1936 1538 2297 1593 eﬁ‘ossoribus
2344 1539 2594 1594 nonnulli
2648 1539 3003 1594 inveniuntur
3048 1548 3103 1596 et
3148 1542 3396 1594 nonnulli
3441 1541 3516 1595 la-

1936 1639 2071 1697 tent,
2106 1632 2425 1700 neutiquam
2479 1640 2662 1685 tamen
2700 1639 3047 1685 mortuorum
3091 1632 3377 1699 potestatis
3405 1640 3512 1698 est,

1935 1724 2081 1793 quod
2107 1723 2182 1777 illi
2211 1724 2516 1793 capiantur.
2549 1723 2675 1777 Pari
2724 1724 2887 1778 modo
2931 1724 2997 1779 de
3034 1724 3246 1781 furibus
3285 1725 3515 1779 deorum

1936 1818 2195 1873 debemus
2231 1833 2472 1875 censere.
2519 1816 2647 1880 Sed,
2684 1818 2916 1883 dicetur,
2941 1834 3129 1872 curam
3176 1834 3284 1871 non
3319 1825 3517 1887 gerunt

1936 1910 2357 1965 simulacrorum
2393 1925 2643 1975 suorum,
2674 1910 2768 1979 qui
2811 1910 2864 1963 in
2906 1909 2985 1964 eis
3016 1910 3257 1965 resident
3283 1910 3378 1964 dii.
3404 1910 3516 1964 Cur

1934 2016 2064 2070 ergo
2094 2016 2193 2057 vos
2241 2018 2305 2057 ea
2356 2003 2581 2065 curatis,
2630 2003 3023 2069 abstergentes,
3076 2002 3342 2066 lavantes,
3385 2018 3524 2071 pur-

1935 2102 2144 2162 gentes,
2173 2103 2503 2148 coronantes
2530 2103 2583 2148 et
2606 2093 2893 2147 sacriﬁciis
2920 2093 3161 2149 colentes
3186 2096 3209 2146 ?
3243 2093 3513 2159 Quocirca

1934 2182 2061 2236 inde
2090 2191 2358 2252 reputate,
2409 2198 2507 2237 vos
2546 2195 2693 2239 recta
2724 2185 2932 2239 ratione
2972 2200 3079 2237 non
3108 2200 3287 2254 agere.
3312 2184 3515 2249 Quem-

1935 2275 2231 2329 admodum
2270 2276 2414 2331 enim
2457 2286 2705 2331 mortuos
2766 2276 3006 2345 deﬁetis,
3062 2277 3137 2331 ita
3182 2287 3238 2333 et
3291 2277 3397 2333 diis
3416 2292 3511 2333 ve-

1935 2366 2064 2421 stris
2095 2366 2415 2421 sacriﬁcatis
2444 2376 2497 2421 et
2518 2366 2722 2422 libatis.

2005 2473 2194 2527 XXIV.
2238 2474 2501 2544 Equidem
2543 2492 2651 2529 non
2690 2478 2925 2545 amplius
2947 2477 3079 2532 illud
3109 2478 3361 2535 convenit
3386 2493 3511 2533 cum

1934 2568 2184 2636 exemplo
2222 2567 2457 2622 Caesaris
2487 2577 2541 2621 ct
2564 2578 2891 2637 potestatum
2923 2571 3026 2625 sub
3056 2570 3149 2624 illo
3187 2571 3512 2639 positarum,

1935 2660 2067 2714 deos
2120 2660 2301 2714 dicere
2353 2659 2883 2727 administratorcs,..
2935 2661 3376 2731 quandoquidem
3446 2664 3512 2718 iis

1937 2766 2155 2806 omnem
2204 2767 2391 2806 curam
2438 2752 2770 2821 impenditis,
2820 2753 2963 2808 sicut
3001 2753 3113 2822 jam
3160 2753 3295 2819 dixi,
3321 2754 3373 2807 in
3393 2768 3507 2808 om-

1937 2845 2101 2900 nibus
2131 2844 2287 2898 vobis
2317 2843 2564 2898 foventes
2601 2844 2914 2899 simulacra.
2945 2844 3063 2913 Ipsa
3087 2844 3233 2898 enim
3263 2860 3389 2905 cum
3429 2843 3486 2897 ni

1938 2934 2014 2987 hil
2061 2934 2290 3003 possint,
2344 2932 2479 2985 nihil
2530 2931 2756 2987 faciunt.
2805 2932 3060 3001 Alioquin
3108 2931 3273 2985 dicite
3328 2929 3507 2992 nobis,

1936 3026 2195 3095 quidnam
2220 3025 2623 3089 administrent,
2648 3024 2774 3093 quid
2806 3024 3118 3093 hujusmodi
3138 3031 3323 3093 agant,
3353 3022 3513 3091 quale

248 3133 336 3170 πον
367 3117 710 3189 ἡγούμενοι;
759 3119 811 3171 τί
856 3119 912 3173 δὲ
968 3122 1250 3193 ἐνεργοῦσι
1281 3124 1538 3189 τοιοῦτον,
1584 3129 1763 3180 ὁποῖον
1786 3129 1834 3180 οἱ

1940 3126 2109 3188 agunt
2150 3118 2395 3171 locorum
2444 3116 2721 3185 praefecti?
2745 3116 2886 3181 Quid
2917 3131 3045 3171 vero
3068 3117 3173 3170 tale
3196 3122 3510 3184 operentur,

243 3210 327 3263 τοῦ
358 3210 504 3264 Θεοῦ
548 3212 811 3282 ἁστέρες;
849 3214 897 3265 εξ
945 3216 1018 3284 μή
1066 3217 1230 3286 228
1268 3235 1320 3270 τι
1365 3219 1663 3287 φαίνουσιν,
1699 3220 1774 3284 ὡς
1808 3223 1837 3273 ὁ

244 3300 410 3369 ἥλιος,
457 3296 547 3365 οἷς
588 3302 818 3373 λύχνους
866 3303 1023 3372 ὑμεῖς
1055 3305 1290 3371 amere;
1320 3308 1408 3378 Μὴ
1444 3308 1508 3370 ³⁸,
1548 3309 1737 3380 ὥσπερ
1767 3309 1838 3363 τὰ

244 3390 363 3462 νέφη
378 3391 583 3455 ὑετοὺς
604 3393 783 3463 φέρει,
812 3395 906 3446 καὶ
926 3394 1078 3447 αὑτοὶ
1099 3396 1285 3467 φέρειν
1303 3398 1542 3468 ὄμϐρους
1563 3400 1833 3468 δύνανται,

244 3485 284 3534 οἱ
314 3484 457 3554 pri-‘5‘;
491 3486 721 3546 ἑαυτοὺς
756 3488 921 3537 κινεῖν
960 3486 1272 3557 δυνάμενοι,
1306 3489 1398 3541 ἐὰν
1448 3492 1519 3560 μὴ
1562 3490 1834 3561 ἄνθρωποι

240 3576 641 3641 ἐπιλὰὅυνιται;
696 3578 767 3629 Ἦ
810 3580 1055 3648 καρποὺς
1106 3581 1437 3651 παρέχονται
1476 3585 1600 3646 τοὺς
1641 3586 1837 3647 αὑτοὺς

238 3670 295 3738 τῇ
320 3672 387 3740 γῇ
403 3672 532 3731 τοῖς
548 3669 732 3731 πόνοις
760 3669 932 3738 ὑμῶν,
958 3663 1038 3732 οἷς
1062 3670 1251 3734 θυσίας
1274 3673 1313 3703 ³⁷
1338 3676 1638 3743 χορηγεῖτε;
1655 3674 1837 3738 Οὕτως

236 3758 375 3811 οὐδὲν
398 3760 689 3812 δύνανται.

302 3873 470 3929 XXV.
521 3875 589 3927 ΕΞ
630 3874 686 3926 δὲ
724 3874 817 3926 καὶ
858 3877 1031 3927 ποιεῖν
1078 3893 1128 3928 τι
1174 3876 1444 3939 ἐδύναντο,
1500 3878 1599 3931 οὑκ
1634 3879 1700 3932 ἃν
1739 3881 1837 3933 αὑ-

238 3968 353 4031 τοὺς
376 3967 570 4039 ὀρθῶς
623 3966 777 4028 θεοὺς
828 3966 1062 4033 ἐλέγετε,
1110 3968 1270 4019 ὁπότε
1314 3969 1434 4019 οὐδὲ
1475 3970 1541 4021 τὰ
1600 3974 1836 4039 στοιχεῖα

240 4058 524 4129 ὀνομάζειν
556 4058 733 4125 ἔξεστι
761 4058 934 4122 θεοὺς,
968 4058 1033 4111 δι’
1069 4053 1142 4111 ὧν
1184 4059 1250 4111 τὰ
1288 4060 1468 4127 ἀγαθὰ
1503 4066 1831 4132 χορηγεῖται.

250 4150 402 4205 Ἀλλὰ
438 4152 546 4205 τὸν
583 4150 743 4222 μόνον
788 4148 1023 4214 τάξαντα
1061 4150 1217 4212 αὐτὰ,
1261 4151 1396 4222 πρὸς
1432 4153 1529 4222 τὴν
1564 4153 1833 4224 ἡμετέραν

238 4245 425 4315 χρῆσιν
466 4244 718 4297 ἐκτελεῖν
758 4244 827 4297 τὰ
865 4243 1061 4307 πάντα,
1082 4245 1175 4297 καὶ
1208 4244 1533 4297 κελεύσαντα
1566 4246 1834 4317 ἀνθρώπῳ

238 4338 566 4408 ὑπηρετεῖν,
604 4337 765 4407 μόνον
800 4335 945 4407 ὀρθῷ
971 4335 1113 4406 λόγῳ
1139 4336 1268 4388 Θεὸν
1292 4337 1643 4408 ὀνομάζομεν.
1685 4334 1758 4392 Ob
1786 4339 1831 4369 ³⁸

237 4427 328 4497 τῆς
353 4428 692 4499 εὐεργεσίας
726 4430 884 4498 ὑμεῖς
913 4427 985 4498 μὴ
1012 4426 1386 4497 αἰσθανόμενοι
1418 4427 1484 4480 τὰ
1517 4430 1643 4499 ὑμῖν
1670 4429 1830 4483 δοῦλα

1939 3207 2099 3278 quale
2130 3206 2221 3259 Dei
2252 3207 2431 3259 astra?
2468 3205 2549 3258 An
2583 3206 2765 3259 lucent
2791 3204 2932 3259 sicut
2965 3205 3065 3269 sol,
3094 3204 3294 3274 quibus
3335 3204 3507 3258 lucer-

1937 3315 2038 3353 nas
2062 3296 2390 3352 acccnditis?
2426 3295 2733 3349 Possuntue
2771 3304 2828 3349 ut
2868 3295 3040 3348 nubes
3078 3294 3304 3347 imbrem
3332 3291 3510 3346 ferunt

1940 3389 2011 3443 ita
2042 3398 2096 3442 ct
2130 3388 2236 3457 ipsi
2288 3386 2525 3455 pluviam
2567 3386 2729 3453 dare,
2764 3386 2857 3454 qui
2905 3401 2972 3441 ne
3024 3385 3171 3454 ipsos
3199 3384 3418 3455 quidem
3449 3397 3509 3439 se

1938 3496 2158 3534 movere
2201 3480 2401 3543 valent,
2446 3477 2548 3532 nisi
2586 3478 2655 3531 ab
2710 3477 3025 3530 hominibus
3070 3476 3522 3545 prehendat-tur?

1938 3576 2077 3629 Num
2121 3584 2277 3628 terra:
2306 3588 2402 3640 pro
2423 3570 2704 3624 laboribus
2742 3570 2939 3624 vestris
2960 3584 3056 3623 eos
3087 3570 3234 3637 ipsos
3270 3568 3507 3636 przebent

1939 3670 2170 3733 fruetus,
2216 3666 2416 3734 quibus
2466 3662 2515 3715 ei
2574 3662 2841 3715 sacriﬁcia
2886 3660 3187 3715 exhibetis?
3238 3659 3328 3713 Sic
3378 3658 3509 3711 nihil

1938 3769 2183 3831 possunt.

2008 3870 2172 3924 XXV.
2218 3869 2321 3925 Sed
2352 3869 2452 3922 ctsi
2484 3867 2724 3920 valerent
2754 3863 2957 3932 aliquid
2991 3862 3190 3926 facere,
3224 3874 3332 3913 non
3363 3865 3515 3917 recte»

1936 3983 2031 4022 eos
2076 3967 2327 4021 diceretis
2373 3965 2542 4027 deos,
2597 3962 2856 4032 quoniam
2916 3976 3015 4014 nec
3068 3959 3191 4012 licet
3239 3960 3505 4011 elementa

1936 4057 2067 4111 deos
2093 4056 2383 4125 appellare,
2425 4070 2515 4123 per
2570 4068 2691 4120 qua:
2735 4050 3154 4119 suppeditantur
3192 4049 3352 4102 bona.
3400 4047 3505 4102 Sed

1935 4166 2059 4204 eum
2093 4149 2269 4202 solum
2332 4156 2479 4201 recta
2526 4145 2735 4199 ratione
2778 4142 2946 4197 Deum
2991 4141 3367 4203 nominamus,
3413 4138 3527 4209 qui

1937 4257 2075 4296 unus
2103 4241 2367 4294 elementa
2408 4237 2698 4297 ordinavit,
2732 4242 2788 4288 ut
2812 4234 2878 4288 ad
2899 4242 3145 4288 nostrum
3187 4246 3345 4285 usum
3373 4245 3496 4285 cun-

1934 4346 2018 4389 cta
2060 4334 2400 4403 perﬁcerent,
2438 4330 2642 4398 quique
2676 4327 2928 4396 przeeepit
2968 4325 3230 4381 inservire
3276 4323 3504 4378 homini.

1934 4427 2105 4495 Cujus
2143 4439 2241 4479 vos
2298 4422 2621 4476 beneﬁcium
2676 4434 2785 4473 non
2835 4418 3151 4484 sentientes,
3200 4432 3320 4486 qua:
3351 4415 3509 4470 vobis

236 4520 667 4591 ἀπονεμηθέντα
696 4523 934 4589 στοιχεῖα
970 4518 1089 4571 καθ’
1118 4519 1295 4572 αὑτῶν
1319 4521 1599 4585 δεσπόζειν
1631 4523 1828 4593 ἀνηγο-

1940 4534 2091 4574 serva
2133 4515 2331 4569 tributa
2383 4520 2511 4565 sunt
2545 4512 2832 4573 clcmcnta,
2880 4507 3133 4562 dominos
3159 4516 3372 4562 vestros
3417 4520 3506 4559 re-

237 4612 492 4681 ρεὺσατε.
532 4611 646 4666 Καὶ
682 4612 735 4664 τί
775 4612 903 4683 περὶ
940 4610 1214 4681 στοιχείων
1251 4612 1331 4665 δεῖ
1369 4612 1583 4682 λέγειν;
1644 4615 1830 4667 Ὁπότε

231 4706 321 4757 καὶ
353 4706 553 4775 ἄψυχα
587 4705 877 4775 ἀγάλματα
910 4704 1265 4773 πεποιηκότες
1301 4706 1363 4757 οὑ
1404 4706 1561 4777 μόνον
1596 4725 1834 4779 προσκυ-

230 4800 393 4859 νεῖτε,
426 4798 553 4852 ἀλλ’
580 4798 657 4860 ὡς
677 4797 853 4850 δοῦλοι
879 4799 1025 4851 κατὰ
1050 4799 1225 4851 πάντα
1252 4800 1435 4861 αὑτοῖς
1468 4801 1833 4870 ὑποτετάχθαι

226 4886 472 4951 ἀξιοῦτε,
508 4888 611 4940 Διὰ
643 4889 819 4951 τοῦτο,
860 4888 941 4940 δι”
960 4882 1033 4942 ῶν
1070 4891 1512 4960 παρεφρονήσατε
1542 4890 1607 4953 ³⁸,
1642 4891 1829 4961 δαίμο-

230 4995 311 5031 σιν
349 4980 667 5050 ὑποχείριοι
695 4980 973 5047 γεγόνατε.
1018 4980 1160 5049 Πλὴν
1197 4980 1283 5033 διὰ
1320 4982 1419 5051 τῆς
1448 4984 1527 5044 εἰς
1550 4983 1710 5035 αὑτὸν
1742 4984 1831 5035 τὸν

226 5069 360 5123 Θεὸν
395 5070 762 5138 ἐπιγνώσεως
805 5073 871 5124 ἐκ
913 5070 1037 5123 τῶν-
1079 5070 1257 5123 καλῶν
1302 5072 1550 5143 πράξεων
1602 5072 1827 5127 δύνασθε

1935 4608 2249 4667 nuntiastis.
2287 4605 2351 4659 Et
2385 4603 2515 4673 quid
2550 4603 2615 4657 de
2652 4602 2939 4657 elementis
2967 4602 3202 4670 loquor?
3228 4601 3364 4655 Cum
3398 4600 3508 4655 ina-

1937 4702 2083 4754 nima
2136 4713 2352 4767 quoque
2397 4697 2574 4764 signa.
2622 4710 2745 4763 (piae
2802 4693 3133 4756 fabricastis,
3181 4708 3289 4746 non
3341 4694 3506 4747 modo

1936 4792 2191 4854 adoretis,
2234 4790 2329 4844 sed
2368 4798 2424 4843 et
2451 4789 2595 4840 velut
2622 4786 2763 4840 servi
2789 4787 3012 4839 omnino
3050 4785 3157 4839 illis
3188 4785 3385 4854 subjici
3411 4801 3506 4840 cu-

1938 4886 2121 4954 piatis.
2154 4884 2276 4938 ldco
2306 4899 2400 4952 per
2423 4882 2752 4937 dementiam
2782 4890 3017 4933 vestram
3048 4879 3250 4934 redacti
3280 4880 3414 4934 estis
3450 4878 3505 4932 in

1939 4983 2244 5047 dmmonum
2274 4987 2612 5049 potestatem.
2647 4976 2846 5030 Verum
2896 4990 2991 5043 per
3034 4975 3364 5045 agnitionem
3409 4973 3503 5028 Dei

1937 5083 1989 5129 ct
2025 5075 2164 5127 bona
2192 5086 2356 5140 opera
2398 5067 2623 5139 potestis
2659 5068 2855 5121 iterutn
2902 5064 3017 5121 heri
3048 5066 3499 5134 eiﬁci,etdaamo-

1529 5228 1761 5283 VARIxE
1802 5226 2198 5281 LECTIONES.

286 5387 327 5417 ³¹
349 5385 1079 5458 Ιιιιϐνὶηῑηπτςηπολέμων
1109 5385 1162 5439 in
1196 5394 1366 5450 textu,
1399 5392 1537 5442 utU.
1604 5388 1649 5419 ³³
1672 5389 1865 5452 αὐτούς
1895 5388 1931 5443 S
1976 5391 2017 5442 Ο
2046 5431 2061 5453 ,
2097 5389 2319 5453 ἑαυτούς
2334 5390 2393 5444 C.
2464 5389 2509 5420 ³’
2530 5387 2844 5458 δύναμιν,οί
2871 5388 3160 5458 mendose.
3204 5384 3249 5458 ’ξ
3274 5383 3407 5455 μηδέ
3439 5381 3502 5437 C.

228 5455 274 5530 ’ξ
292 5458 463 5529 ὑμῶν
500 5457 562 5511 C.
634 5458 677 5530 ³⁴ξ
704 5455 830 5530 [λεδ.
868 5457 900 5526 ἦ
1060 5457 1101 5487 ³⁷
1126 5458 1480 5530 παρεχοντακ
1506 5458 1596 5510 τὸν
1618 5459 1778 5511 αὑτὸν
1807 5461 2017 5530 πρόπον
2046 5461 2143 5530 τῆς
2170 5461 2273 5529 γῆς
2296 5465 2406 5523 τοῖς
2435 5460 2615 5521 πόνοις
2640 5455 2795 5527 ὑμεῖς
2828 5457 3017 5530 ϐ-υσίας
3040 5455 3357 5530 conjecitet
3383 5468 3504 5530 ver-

230 5523 389 5615 sione
412 5529 705 5615 expressit
737 5523 823 5615 (ξ’,
853 5523 1302 5615 παρέχονται,ἒᾷὶί
1336 5529 1602 5615 τροτπονιῄ
1639 5529 1741 5597 γῆ;
1767 5523 1879 5615 τοῖς
1893 5523 2283 5615 πόνοιςξκκτξλ.
2318 5530 2359 5581 Ι)
2442 5523 2791 5615 παρέχονται,
2812 5524 3105 5615 ρξςααὺτοῖς
3126 5523 3504 5606 τῆςχῆςοτοῦς

227 5597 333 5718 {vel
354 5593 616 5668 πόρους),
645 5593 809 5650 κ.τ.λ.
847 5593 1194 5665 proposuerit
1226 5596 1284 5649 S.
1342 5593 1456 5652 ³⁸οὗ
1484 5593 1607 5652 add.
1643 5593 1776 5652 c.'0.
1826 5600 1868 5630 ³⁹
1888 5600 1976 5653 διὰ
1997 5599 2155 5653 τοῦτο
2183 5602 2409 5663 ἑαυτοὺς
2437 5600 2502 5653 δι’
2524 5593 2679 5652 om
2718 5598 2778 5651 C.
2812 5598 2866 5651 Si
2902 5596 3129 5658 ἑαυτούς
3152 5593 3375 5649 retineri
3412 5608 3501 5647 ve-

248 5668 316 5718 is-
348 5668 655 5718 ιλ-ιωιιάιιιη
682 5682 805 5718 esse
833 5666 1045 5718 videtur
1074 5676 1296 5718 auclore
1328 5666 1383 5718 S.
1424 5686 1435 5718 :
1464 5669 1805 5718 ὑπονειοίους
1834 5680 2188 5718 πεποιήκατε-
2218 5680 2279 5718 nt
2304 5672 2650 5718 nemnsativus
2674 5668 2899 5718 ἑαυτούς
2933 5667 3153 5718 habeat.
3193 5665 3340 5718 unde
3364 5679 3468 5718 neu
3494 5696 3497 5699 <

248 5668 316 5741 is,
348 5665 655 5741 legendum
682 5666 1296 5741 csse_vitletttr_auetore
1328 5666 1435 5741 S._:
1464 5669 1805 5740 ὑποχειρίους
1834 5680 2189 5741 πεποιήκατε,
2218 5680 2279 5726 ut
2304 5668 2899 5741 accusativuséaurod;
2933 5667 3153 5735 habeat,
3193 5665 3340 5721 unde
3363 5679 3468 5734 pen
3494 5696 3497 5699 <

214 5735 351 5807 vdeat
362 5779 389 5807 ,
412 5734 498 5793 au
510 5746 532 5792 t
544 5737 704 5793 etiam
735 5735 861 5813 xui):
875 5734 1097 5802 ἑαυτούς
1121 5738 1526 5808 corrigrndum.
