4004 6332
217 282 320 339 277

1303 268 1762 336 CLEMENTINA.
1802 307 1870 317 -
1907 273 2183 332 noun.“
2208 275 2294 329 x1.

3353 271 3474 328 278"

217 402 286 466 ὡς
317 401 434 473 πῦρ
487 401 827 474 χερσευσᾶσῃ
862 401 1069 476 ἀρούρῃ
1115 402 1401 470 ἐπαφεῖναι
1436 397 1592 467 231
1628 397 1788 468 δυνη-

1904 407 2006 452 tem
2057 405 2317 459 vestram,
2376 393 2532 462 quasi
2569 392 2744 462 ignem
2791 391 2843 445 in
2889 405 3082 446 arvum
3140 389 3457 456 silvescens,

215 492 362 564 θῆτε.
396 494 458 546 Εἰ
497 493 596 563 μὲν
627 489 718 546 οὗν
763 494 864 546 οὐκ
913 494 1064 565 ἔχετε
1112 493 1320 546 δίκαιον
1353 489 1482 562 πῦρ,
1516 490 1614 560 τὴν
1648 487 1789 542 κατὰ

214 582 317 636 τῶν
381 583 569 637 κακῶν
624 584 924 655 ἐπιθυμιῶν
992 583 1158 656 ὀργὴν
1203 581 1366 651 λέγω,
1433 579 1632 651 μάθετε
1684 577 1790 631 ἀπὸ

215 673 382 728 ποίων
412 673 595 728 καλῶν
622 675 668 706 ⁸⁵
703 674 1077 746 ὲνηδρεύθητε,
1124 673 1219 726 καὶ
1258 671 1394 745 πρὸς
1441 671 1600 724 ποίαν
1632 669 1791 723 κόλα-

215 783 296 820 σιν
348 767 771 838 κατηρτίσθητε,
821 767 914 820 καὶ
958 765 1062 822 ὑπὸ
1125 765 1270 829 τίνος
1315 762 1652 836 ἠπατήθητε,
1699 760 1792 815 καὶ

212 857 386 923 οὕτως
424 835 581 929 ὑμῶν
612 860 641 912 6
673 835 797 922 νοῦς
827 857 1019 930 νήψας,
1054 858 1147 911 καὶ
1179 835 1366 928 ὥσπερ
1409 854 1520 927 πῦρ
1552 854 1656 908 ὑπὸ
1692 853 1792 924 τῆς

209 947 302 1002 τοῦ
353 948 672 1020 πέμψαντος
722 950 868 1020 ἡμᾶς
913 947 1260 1012 διδασκαλίας
1293 946 1546 1017 ὲξαφθείς
1576 946 1656 1008 εἰς
1701 945 1794 1014 ὀρ-

211 1042 332 1112 γὴν,
366 1041 438 1094 τὰ
489 1041 638 1095 κακὰ
665 1043 711 1073 ⁵⁸
738 1042 836 1113 τῆς
892 1041 1184 1112 ἐπιθυμίας
1245 1039 1518 1094 ἀναλῶσαι
1567 1035 1788 1107 δυνηθῇ.

209 1129 550 1184 Πιστεύσατέ
585 1149 694 1202 μοι,
725 1132 806 1185 ὅτι
838 1131 1159 1202 θελήσαντες
1217 1129 1396 1184 πάντα
1448 1124 1791 1198 κατορθῶσαι

207 1221 526 1292 δυνήσεσθε.

274 1310 366 1364 IV.
407 1312 549 1366 Θεοῦ
584 1313 678 1366 τοῦ
712 1313 941 1385 ἀοράτου
989 1311 1110 1365 ἐστὲ
1144 1310 1325 1365 εἰκών.
1369 1307 1530 1364 Ὅθεν
1556 1311 1605 1362 οί
1639 1310 1793 1362 εὐσε-

208 1402 320 1456 ϐεῖν
350 1404 672 1477 βουλόμενοι
703 1407 777 1478 μὴ
824 1406 892 1459 τὰ
921 1405 1113 1459 εἴδωλα
1145 1403 1456 1473 λεγέτωσαν
1492 1400 1629 1454 Θεοῦ
1650 1399 1795 1452 είκό-

207 1514 270 1550 να
284 1497 330 1526 ⁸⁸
361 1493 528 1560 εἶναι,
547 1499 642 1551 καὶ
656 1497 744 1551 διὰ
765 1497 922 1551 τοῦτο
949 1497 1060 1550 δεῖν
1093 1497 1234 1550 αὐτὰ
1265 1493 1463 1548 σέϐειν.
1481 1490 1661 1545 Εἰκὼν
1686 1491 1795 1563 γὰρ

208 1589 339 1643 θεοῦ
370 1592 401 1644 ό
429 1591 738 1662 ἄνθρωπος.
789 1589 845 1644 '0
875 1593 954 1654 εἰς
981 1590 1112 1643 Θεὸν
1133 1587 1376 1643 εὐσεϐεῖν
1400 1586 1567 1640 θέλων
1589 1584 1795 1657 ἅνθρω-

210 1699 304 1735 πον
338 1683 658 1753 εὐεργετεῖ,
694 1683 776 1735 ὅτι
809 1684 988 1736 εἰκόνα
1019 1681 1155 1736 Θεοῦ
1188 1681 1249 1734 τὸ
1282 1677 1567 1751 ἀνθρώπου
1593 1677 1794 1748 βαστά-

211 1775 285 1839 ζει
320 1749 510 1845 σῶμα.
544 1773 656 1844 Τὴν
703 1775 760 1827 δὲ
793 1774 1085 1846 ὁμοιότητα
1115 1773 1296 1826 οὐκέτι
1336 1749 1562 1833 πάντες,
1597 1769 1794 1830 ἁλλ’δτ,
1830 1749 1870 1803 Β

211 1867 416 1937 ἀγαθῆς
443 1866 630 1936 ψυχῆς
659 1869 688 1920 ὁ
720 1866 957 1937 καθαρὸς
989 1865 1132 1930 νοῦς.
1181 1865 1326 1936 Πλὴν
1355 1865 1430 1928 ὡς
1463 1865 1620 1934 ἡμεῖς
1651 1860 1796 1914 οἴδα-

215 1976 305 2028 μεν
351 1960 452 2010 τὸν
503 1957 792 2029 ἄνθρωπον
836 1960 957 2011 κατ’
1017 1957 1196 2011 εἰκόνα
1243 1957 1336 2010 καί
1381 1955 1499 2009 καθ’
1545 1955 1800 2026 ὁμοίωσιν

213 2045 471 2114 γεγονότα
497 2045 597 2099 τοῦ
624 2045 782 2109 Θεοῦ,
813 2047 893 2110 εἰς
921 2047 1108 2100 τοῦτον
1139 2048 1280 2117 ὑμᾶς
1303 2044 1546 2100 εὐσεϐεῖν
1565 2045 1608 2076 ⁸⁸
1640 2043 1799 2112 λέγοο

215 2151 326 2203 μεν,
358 2135 451 2188 ἵνα
485 2137 568 2199 εἰς
599 2133 754 2198 Θεὸν,
785 2128 955 2207 οὗπέρ
985 2137 1130 2189 ἐστιν
1161 2134 1347 2197 εἰκὼν,
1384 2135 1416 2204 ἠ
1451 2133 1610 2204 χάρις
1653 2131 1799 2199 λογι-

216 2226 329 2297 σθῇ.
361 2227 546 2298 Τιμὴν
580 2222 673 2281 οῦν
717 2231 784 2300 τῇ
815 2228 909 2281 τοῦ
941 2227 1076 2282 Θεοῦ
1109 2229 1276 2281 εἰκόνι
1307 2269 1322 2291 ,
1355 2228 1491 2299 ὅπερ
1523 2226 1676 2279 ἐστὶν
1709 2225 1803 2278 ἄν-

216 2315 792 2389 θρωπος,προσφέρειν
825 2318 905 2372 δεῖ
935 2318 1138 2382 οὕτως,
1185 2319 1435 2373 πεινῶντι
1461 2318 1688 2390 τροφὴν,
1718 2317 1798 2371 δι-

220 2407 385 2476 ψῶντι
419 2407 598 2472 ποτὸν,
633 2410 1028 2481 γυμνητεύοντι
1048 2410 1092 2442 ⁸⁹
1122 2409 1352 2481 ἔνδυμα,
1389 2409 1631 2463 νοσοῦντι
1665 2409 1800 2480 πρό-

229 2516 400 2560 νοιαν,
418 2498 566 2569 ξένῳ
594 2501 822 2572 στέγην,
853 2501 947 2554 καὶ
969 2501 1048 2572 τῷ
1080 2501 1137 2553 ὲν
1162 2502 1352 2572 εἱρκτῇ
1380 2500 1493 2553 δντι
1523 2499 1802 2568 ἐπιφαινό-

227 2605 382 2658 μενον
403 2589 449 2620 ⁸⁸
469 2588 682 2660 βοηθεῖν
719 2593 796 2654 ὡς
814 2591 1035 2646 δυνατόν
1069 2593 1236 2644 ἐστιν.
1260 2593 1369 2644 Καὶ
1395 2591 1484 2644 ἵνα
1507 2592 1581 2662 μὴ
1599 2590 1660 2644 τὸ
1678 2583 1800 2643 κατ’

221 2676 356 2744 εἶδος
381 2681 542 2750 λέγω,
582 2682 760 2736 πάντα
789 2683 891 2737 ὅσα
921 2682 1095 2754 ἐαυτῷ
1107 2700 1190 2746 τις
1213 2682 1526 2746 θέλεικαλὰ,
1541 2682 1803 2745 ὡσαύτως

215 2772 352 2844 ἄλλῳ
380 2773 640 2844 χρῄζοντι
675 2775 979 2847 παρεχέτω,
997 2777 1091 2830 καὶ
1103 2776 1263 2847 232
1277 2774 1396 2828 τότε
1427 2776 1574 2846 αὐτῷ
1605 2777 1686 2839 εἰς
1701 2775 1801 2846 τὴν

211 2864 301 2918 τοῦ
351 2864 494 2918 Θεοῦ
543 2866 731 2920 εἰκόνα
790 2867 1144 2939 εὐσεϐήσαντι
1177 2867 1396 2921 δύναται
1423 2867 1627 2936 ἀγαθὸς
1652 2867 1799 2936 λογι-

215 2955 403 3026 σθῆναι
440 2955 664 3027 μισθός·
703 2950 748 3024 ᾧ
775 2958 915 3029 λόγῳ
952 2961 1000 3012 εἰ
1033 2960 1127 3012 καὶ
1156 2957 1329 3012 ταῦτα
1357 2962 1528 3012 ποιεῖν
1561 2959 1634 3030 μὴ
1668 2960 1800 3013 ἀνα-

212 3046 427 3118 δέξηται
453 3048 523 3114 ⁶¹,
580 3048 656 3112 ὡς
688 3049 966 3120 ἆμελήσας
997 3050 1098 3120 τῆς
1130 3050 1334 3114 εἰκόνος
1383 3051 1795 3122 κολασθήσεται.

281 3156 342 3209 ν.
388 3153 520 3212 Οῒον
570 3153 663 3212 οῦν
696 3158 809 3212 ἔστι
857 3159 1033 3229 λέγειν
1071 3162 1233 3226 ποτὲ,
1267 3162 1348 3214 ὅτι
1392 3162 1671 3226 εὐσεϐείας
1698 3162 1798 3232 τῆς
1825 3153 1866 3178 υ

213 3251 284 3313 εἰς
314 3250 459 3303 Θεὸν
490 3251 653 3322 χάριν
688 3253 864 3305 πᾶσαν
898 3254 1111 3328 μορφὴν
1131 3254 1175 3284 ⁸³
1224 3255 1501 3325 σεϐόμενοι
1527 3295 1540 3318 ,
1571 3255 1660 3307 τὸν
1703 3254 1798 3308 ἄν-

213 3340 433 3415 θρωπον
469 3342 570 3412 τὴν
594 3343 762 3406 ὅντως
791 3343 975 3398 εἰκόνα
988 3345 1123 3398 Θεοῦ
1151 3345 1280 3399 ὄντα
1308 3347 1365 3398 ὲν
1395 3348 1558 3399 πᾶσιν
1588 3344 1800 3417 ἐνυϐρί-

213 3429 327 3496 ζετε
351 3433 426 3496 ⁸³,
461 3434 800 3502 φονεύοντες,
839 3436 1199 3506 μοιχεύοντες,
1235 3437 1556 3501 κλέπτοντες
1584 3437 1677 3490 καὶ
1703 3453 1800 3490 κα-

211 3523 274 3578 τὰ
321 3524 502 3578 πολλὰ
536 3525 671 3580 ἄλλα
722 3527 1108 3598 ἁτιμάζοντες;
1178 3528 1373 3600 Ἐχρῆν
1419 3529 1475 3582 δὲ
1521 3529 1642 3599 μηδ’
1676 3528 1733 3580 ἒν
1756 3527 1800 3559 ⁸⁸

213 3618 385 3668 κακὸν
420 3616 685 3688 πράττειν
709 3658 723 3682 ,
750 3617 815 3670 δι’
851 3619 878 3672 ὃ
915 3619 1204 3690 ἄνθρωπος
1243 3619 1489 3673 λυπεῖται
1511 3620 1586 3650 ⁸⁸·
1619 3619 1712 3672 νῦν
1743 3619 1800 3672 δὲ

213 3708 396 3761 πάντα
431 3709 723 3779 πράττετε,
747 3709 813 3762 δι’
831 3708 866 3763 ἃ
886 3710 930 3740 ⁸⁸
951 3709 1047 3763 ἄνθ
1058 3728 1236 3782 ρωπος
1257 3710 1470 3782 ἀθυμεῖ,
1491 3711 1673 3765 ἀδικία
1692 3709 1800 3782 γὰρ

213 3801 301 3853 καὶ
330 3800 552 3871 ἀθυμία
584 3801 812 3869 γίνεται.
847 3800 942 3854 Διὰ
971 3801 1127 3855 τοῦτο
1167 3804 1416 3873 φονεύετε
1447 3804 1489 3835 ⁸⁷
1519 3805 1613 3856 καὶ
1642 3805 1803 3872 ἀφαι-

215 3891 401 3960 ρεῖσθε
434 3893 504 3944 τὰ
536 3891 726 3955 αὐτοῦ,
759 3895 850 3946 καί
878 3895 979 3947 ὅσα
1013 3895 1146 3948 ἄλλα
1180 3894 1313 3959 ῐστε,
1349 3898 1491 3968 ειπερ
1527 3896 1715 3948 παθεῖν
1740 3896 1800 3950 οὐ

213 3981 422 4036 θέλετε.
458 3983 649 4054 Ὑμεῖς
669 3983 725 4036 δὲ
752 3984 963 4056 ἑρπετῷ
989 4003 1095 4038 τινι
1122 3987 1412 4058 κακούργῳ
1443 3989 1578 4059 πρὸς
1606 3989 1803 4043 κακίαν

214 4076 601 4146 ἁπατηθέντες
635 4076 858 4148 ὑπονοίᾳ
893 4076 1152 4130 πολυθέου
1185 4078 1455 4147 γνώσεως,
1489 4083 1567 4144 εἰς
1591 4082 1690 4152 μὲν
1705 4081 1803 4152 τὴν

213 4163 391 4230 ὅντως
413 4167 620 4230 εἰκόνα,
653 4169 790 4240 ὅπερ
821 4170 968 4222 ἐστὶν
999 4169 1302 4243 ἄνθρωπος,
1333 4172 1608 4238 ἀσεϐεῖτε,
1640 4175 1719 4238 είς
1745 4175 1803 4228 δὲ

213 4260 275 4312 τὰ
309 4260 629 4332 ᾶ-ναίσθητα
661 4262 905 4315 εὐσεϐεῖν
933 4263 1158 4316 δοκεῖτε.

1890 489 2120 559 possitis
2164 485 2477 540 immittere.
2537 484 2595 538 Si
2647 498 2775 554 ergo
2824 497 2933 537 non
2994 481 3205 538 habetis
3246 481 3455 551 justum

1893 581 2106 650 ignem.
2168 578 2306 632 iram
2365 575 2488 631 dico
2547 574 2810 628 adversus
2871 572 3194 642 cupiditates
3247 571 3455 635 malas,

1891 667 2307 724 animadvertite
2333 680 2363 719 a
2388 663 2642 735 qualibus
2669 661 2828 717 bonis
2859 676 2955 732 per
2991 661 3218 717 insidi-as
3246 660 3461 715 abstra-

1892 761 1964 817 cti
1995 758 2233 825 fueritis,
2260 757 2327 811 ad
2354 755 2518 827 quale
2545 753 2872 824 supplicium
2916 753 3200 822 praparati
3222 761 3277 808 et
3297 766 3327 805 a
3350 765 3459 822 qua

1891 867 1952 907 re
1979 848 2212 906 seducti.
2246 848 2425 917 Atque
2463 845 2536 901 ita
2586 859 2741 898 mens
2781 849 2964 898 vestra
2997 843 3180 897 sobria
3211 841 3374 907 facta,
3405 849 3462 896 ct

1891 942 2050 1015 quasi
2082 941 2224 1012 ignis
2257 956 2288 994 a
2313 938 2565 995 doctrina
2609 936 2732 1007 ejus
2765 935 2862 1006 qui
2892 935 3046 990 misit
3074 949 3176 990 nos
3204 934 3462 1014 incensus

1893 1033 1963 1088 ad
2015 1031 2382 1097 iracundiam,
2439 1028 2636 1098 poterit
2687 1025 3038 1097 cupiditatem
3113 1039 3460 1080 consumere.

1894 1123 2024 1179 Mihi
2071 1122 2311 1187 credite,
2371 1119 2535 1175 modo
2601 1118 2816 1183 velitis,
2873 1115 3123 1188 poteritis
3174 1115 3464 1170 emendare

1894 1229 2112 1276 cuneta.

1963 1309 2054 1364 IV.
2088 1308 2180 1364 Dei
2207 1308 2297 1380 qui
2329 1307 2477 1363 cerni
2517 1306 2708 1377 nequit
2745 1304 2926 1374 imago
2969 1302 3124 1359 estis.
3177 1299 3330 1356 Unde
3369 1301 3468 1370 qui

1894 1401 1982 1471 pie
2013 1401 2196 1456 vivere
2244 1400 2472 1469 cupiunt
2491 1437 2506 1463 ,
2543 1413 2612 1452 ne
2641 1396 2828 1451 dicant
2883 1393 3022 1453 idola
3053 1407 3173 1448 esse
3200 1390 3296 1446 Dei
3324 1390 3468 1444 ima-

1897 1495 2075 1565 ginem
2095 1534 2110 1559 ,
2140 1492 2370 1561 ideoque
2398 1490 2504 1545 coli
2537 1505 2601 1544 ea
2646 1496 2920 1559 Oportere.
2973 1485 3109 1540 Nam
3158 1482 3253 1538 Dei
3286 1483 3490 1550 imago.

1898 1585 2064 1640 homo
2094 1593 2198 1639 est.
2224 1583 2330 1650 Qui
2365 1584 2419 1637 in
2449 1582 2618 1636 Deum
2647 1580 2735 1650 pie
2765 1595 2824 1634 se
2861 1592 3047 1649 gerere
3080 1576 3225 1644 vult,
3257 1572 3470 1630 homini

1899 1676 2171 1733 benefacit
2193 1718 2208 1743 ,
2240 1677 2370 1746 quia
2405 1673 2502 1728 Dei
2535 1673 2828 1744 imaginem
2859 1677 3041 1741 portat
3065 1667 3304 1723 hominis
3339 1681 3467 1721 cor-

1899 1787 2036 1843 pus;
2090 1769 2501 1826 similitudinem
2549 1782 2680 1822 vero
2729 1781 2838 1820 non
2890 1779 3082 1818 omnes
3115 1769 3338 1833 gerunt,
3375 1763 3470 1817 sed

1899 1866 2058 1920 bona:
2080 1863 2274 1918 anima:
2295 1876 2430 1932 pura
2452 1875 2628 1915 mens.
2661 1858 2936 1923 Attamen,
2967 1855 3095 1925 quia
3132 1870 3232 1909 nos
3265 1854 3483 1910 scimus.

1901 1957 2179 2014 hominem
2215 1954 2415 2009 factum
2439 1952 2609 2008 fuisse
2640 1952 2708 2006 ad
2731 1950 3025 2020 imaginem
3047 1957 3101 2002 et
3122 1947 3189 2002 ad
3215 1945 3472 2004 similitu-

1901 2049 2082 2105 dinem
2098 2048 2214 2114 Dei,
2229 2047 2508 2102 hortamur
2525 2045 2645 2100 sitis
2666 2059 2792 2114 erga
2821 2042 2972 2096 illum
3003 2040 3104 2110 pii,
3125 2048 3183 2092 ut
3203 2039 3259 2093 in
3279 2036 3468 2100 Deum,

1901 2141 2060 2211 cujus
2101 2149 2184 2195 est
2228 2141 2443 2212 imago,
2474 2137 2646 2208 gratia
2685 2135 2974 2191 referatur.
3021 2133 3296 2188 Honorem
3339 2147 3496 2203 ergo-

1902 2231 2128 2304 imagini
2160 2230 2275 2298 Dei,
2312 2230 2364 2285 id
2393 2238 2479 2284 est
2508 2228 2739 2295 homini,
2765 2226 2978 2281 deferre
3001 2233 3215 2295 oportet
3246 2225 3391 2280 hunc
3416 2224 3499 2278 in-

1901 2324 2128 2379 modum
2145 2363 2160 2388 ,
2190 2320 2482 2392 przebendo
2507 2319 2776 2374 esurienti
2798 2318 3003 2385 cibum,
3029 2316 3232 2372 sitienti
3259 2323 3472 2386 potum,

1904 2417 2052 2470 nudo
2083 2415 2463 2470 indumentum
2483 2453 2500 2478 ,
2539 2425 2686 2479 aagro
2719 2408 3118 2479 providentiam
3140 2449 3154 2472 ,
3187 2405 3500 2478 peregrino-

1906 2515 2132 2570 tectum,
2161 2506 2216 2560 in
2249 2518 2474 2559 carcere
2510 2502 2692 2572 posito
2722 2501 3089 2556 visitationem
3117 2515 3181 2554 ac
3214 2515 3312 2570 pro
3345 2499 3476 2553 viri.

1902 2595 2007 2650 bus
2029 2595 2314 2650 auxilium.
2343 2591 2410 2646 Et
2427 2606 2494 2646 ne
2515 2591 2726 2660 singula
2748 2605 3059 2646 recenseam
3089 2609 3102 2645 :
3134 2603 3478 2659 quaecunque

1904 2686 2106 2757 aliquis
2141 2686 2247 2742 sibi
2277 2685 2554 2741 desiderat
2583 2684 2727 2740 bona
2753 2724 2770 2748 ,
2796 2683 2950 2737 alteri
2983 2682 3245 2756 indigenti
3276 2681 3477 2750 pariter

1905 2780 2128 2834 tribuat.
2157 2778 2422 2848 Tuncque
2448 2777 2552 2848 ipsi
2578 2819 2594 2843 ,
2629 2776 2684 2829 in
2740 2773 2834 2829 Dei
2875 2774 3169 2844 imaginem
3218 2773 3476 2844 pietatem

1903 2871 2176 2928 exercenti
2205 2911 2219 2935 ,
2250 2871 2392 2925 bona
2439 2878 2619 2941 potest
2663 2868 2918 2938 imputari
2968 2881 3177 2922 ωσι-ωε
3204 2884 3218 2921 :
3247 2880 3354 2936 qua
3384 2881 3475 2920 ra-

1903 2958 2051 3012 tione
2073 2997 2088 3022 ,
2124 2957 2170 3012 si
2203 2958 2306 3012 ista
2338 2955 2518 3012 facere
2541 2963 2790 3020 recuset,
2822 2955 2980 3026 quasi
3007 2955 3101 3026 qui
3135 2963 3479 3025 contempse-

1904 3051 1976 3104 rit
2007 3049 2332 3121 imaginem,
2363 3050 2637 3120 punietur.

1971 3163 2038 3218 ν.
2080 3164 2160 3218 An
2192 3164 2358 3236 igitur
2383 3164 2491 3220 dici
2523 3173 2739 3235 potest,
2777 3173 2999 3236 prepter
3045 3165 3302 3236 pietatem
3349 3179 3479 3235 erga

1900 3257 2070 3313 Deum
2125 3257 2232 3314 coli
2285 3273 2506 3313 onmem
2561 3257 2794 3314 formam
2820 3301 2834 3320 .
2871 3259 2916 3314 si
2950 3259 3224 3313 hominem
3248 3299 3264 3325 ,
3295 3273 3478 3314 veram

1902 3351 1996 3407 Dei
2027 3351 2342 3420 imaginem,
2380 3352 2434 3407 in
2459 3353 2716 3411 omnibus
2742 3350 3071 3408 contumelia
3109 3349 3344 3417 allicitis,
3380 3365 3479 3406 oc-

1900 3443 2156 3508 cidendo,
2177 3443 2559 3510 adulterando,
2589 3443 2846 3509 iurando,
2879 3443 2935 3498 in
2973 3441 3160 3498 multis
3189 3441 3310 3498 aliis
3334 3443 3478 3498 indi-

1902 3551 2004 3608 gne
2033 3536 2392 3607 accipiendo?
2428 3533 2725 3606 Oportebat
2761 3547 2944 3593 autem
2970 3551 3037 3590 ne
3062 3551 3230 3589 unum
3258 3535 3476 3605 quidem

1902 3627 2105 3681 malum
2131 3627 2477 3680 committere
2506 3666 2521 3691 ,
2549 3640 2645 3694 per
2691 3625 2837 3694 quod
2891 3625 3052 3681 homo
3101 3623 3475 3690 contristetur;

1902 3733 2052 3773 nunc
2085 3732 2214 3771 vero
2245 3725 2440 3771 cuncta
2471 3713 2648 3771 facitis
2678 3714 2879 3785 quibus
2919 3714 3083 3768 homo
3122 3713 3361 3785 angitur.
3393 3712 3480 3768 ln-

1899 3806 2046 3877 juria
2080 3806 2224 3861 enim
2251 3805 2414 3860 etiam
2449 3799 2700 3858 anxietas
2723 3805 2800 3857 iit.
2829 3801 2954 3858 Ideo
2981 3803 3288 3858 interiicitis
3313 3812 3367 3857 et
3388 3817 3479 3857 res

1905 3899 2052 3954 illius
2101 3897 2329 3953 aufertis
2377 3905 2430 3952 et
2466 3910 2809 3966 quaecunque
2841 3895 2945 3949 alia
2980 3894 3133 3948 scitis
3157 3935 3172 3960 ,
3203 3909 3326 3964 quae
3368 3909 3477 3948 non

1904 3994 2068 4049 vultis
2098 3993 2229 4064 pati.
2267 3992 2376 4047 Vos
2412 4001 2590 4046 autem
2625 4006 2654 4046 a
2686 3990 2926 4060 maligno
2963 3988 3196 4058 quodam
3233 3998 3481 4059 serpente

1906 4087 1973 4141 ad
2003 4086 2272 4140 malitiam
2322 4083 2576 4154 decepti,
2634 4099 2731 4154 per
2781 4081 3146 4152 suspicionem
3198 4081 3483 4136 sententia:

1905 4179 2110 4233 multos
2131 4179 2264 4234 deos
2293 4177 2624 4244 inducentis,
2645 4175 2699 4230 in
2727 4190 2849 4229 vera
2876 4175 3092 4246 quidem
3123 4174 3356 4244 imagine
3383 4190 3479 4229 seu

1909 4273 2130 4328 homine
2166 4271 2316 4340 impii
2343 4270 2475 4326 estis
2498 4311 2513 4337 ,
2544 4269 2596 4324 in
2632 4268 2797 4324 rebus
2837 4281 2967 4323 vero
3009 4283 3173 4326 sensu
3209 4267 3481 4324 destitutis

1907 4361 1981 4432 pii
2014 4360 2166 4415 vobis
2192 4360 2471 4414 videmini.

287 4438 374 4493 Vl.
419 4438 586 4501 Τινὲς
613 4437 670 4490 δὲ
707 4439 981 4507 λέγουσιν,
1015 4442 1063 4493 εί
1108 4441 1181 4512 μὴ
1231 4441 1420 4512 ἤθελεν
1456 4445 1594 4498 αὐτὰ
1630 4441 1767 4500 εἶναι
1789 4485 1801 4509 ,

1982 4451 2074 4507 γι.
2104 4450 2365 4506 Nonnulli
2399 4461 2578 4507 autem
2618 4452 2836 4520 dicunt,
2882 4451 2927 4507 si
2959 4450 3222 4508 noluisset
3250 4449 3394 4506 Deus
3418 4466 3482 4505 ea

215 4535 313 4586 οὐκ
347 4534 417 4587 ἂν
467 4528 537 4603 ἦν
563 4575 578 4597 ,
630 4531 744 4585 ἀλλ’
782 4533 1092 4606 ἀνῃρεῖτο⁶⁸
1122 4536 1206 4588 ἄν.
1237 4537 1384 4608 Φημὶ
1430 4537 1614 4606 κάγὼ,
1649 4539 1810 4594 τοῦτο

218 4627 441 4689 πάντως
476 4624 668 4689 ἔσται,
700 4625 824 4678 ὅταν
857 4626 1055 4691 πάντες
1097 4629 1195 4699 τὴν
1237 4629 1417 4682 αὐτῶν
1469 4631 1605 4702 πρὸς
1647 4633 1808 4686 αὐτὸν

214 4719 436 4783 δείξωσι
484 4717 806 4789 προαίρεσιν
829 4758 844 4781 ,
893 4721 986 4773 καὶ
1016 4719 1189 4784 οὕτως
1220 4721 1426 4793 ἀλλαγὴ
1462 4723 1556 4775 τοῦ
1589 4723 1684 4776 νῦν
1715 4743 1808 4793 γε-

214 4817 448 4886 νήσεται
486 4815 714 4884 κόσμου.
749 4813 894 4884 Πλὴν
926 4815 974 4866 εἰ
1007 4817 1098 4868 καὶ
1129 4797 1299 4879 οὕτως
1327 4815 1546 4888 ἠθέλετε
1570 4817 1613 4848 ⁸³
1647 4819 1806 4872 αὐτὸν

219 4909 471 4978 ποιῆσαι,
496 4907 584 4959 ἵνα
620 4906 786 4977 μηδὲν
812 4906 920 4960 τῶν
943 4909 1429 4979 προσκυνουμένων
1461 4909 1622 4980 233
1637 4911 1809 4982 ὑπῆρ-

1911 4558 2069 4610 csse,
2095 4544 2283 4614 utique
2318 4558 2425 4598 non
2459 4544 2822 4611 exstitissent,
2862 4543 2956 4600 sed
2989 4543 3222 4598 fuissent
3247 4542 3480 4597 sublata.

1911 4636 2024 4708 Ego
2074 4651 2295 4707 quoque
2337 4635 2543 4701 fateor,
2577 4635 2629 4690 id
2667 4637 2890 4691 omnino
2933 4635 3211 4698 futurum,
3263 4633 3498 4704 quando,

1913 4743 2105 4784 omnes
2126 4742 2282 4782 suam
2316 4742 2444 4797 erga
2487 4726 2657 4782 Deum
2712 4727 3052 4782 ostenderint
3101 4726 3434 4782 voluntatem
3466 4769 3502 4793 ,,

1913 4832 2140 4892 tumque
2169 4822 2332 4892 hujus
2359 4822 2544 4876 mundi
2598 4821 2716 4876 fore
2765 4821 3143 4876 mutationem.
3201 4818 3485 4876 Verumta-

1917 4929 2064 4981 men,
2097 4914 2315 4969 etiamsi
2340 4914 2506 4969 vultis
2547 4914 2701 4969 illum
2728 4915 2802 4969 ita
2827 4912 3006 4969 facere
3043 4923 3103 4968 ut
3127 4912 3264 4968 nihil
3294 4927 3481 4966 eorum

1495 5041 1731 5098 VARUS
1770 5041 2168 5101 LECTIONES.

289 5133 341 5163 "
364 5129 528 5185 Haud
582 5131 725 5184 male
768 5130 810 5182 D
876 5131 1102 5202 corrigit
1163 5133 1270 5186 ὑπὸ
1327 5135 1493 5188 ποίων
1543 5135 1726 5188 κακῶν
1791 5143 1851 5188 ut
1918 5135 2059 5191 infra
2121 5139 2268 5194 hom.
2337 5156 2423 5202 xu,
2492 5139 2577 5193 ll.

1048 5202 1094 5273 ‘3
1125 5205 1338 5273 εἰκόνας
1406 5206 1510 5273 leg.
1586 5214 1773 5260 censet
1837 5204 1891 5259 S.

217 5202 364 5257 κατά
424 5203 480 5254 in
541 5210 713 5262 textu,
777 5210 836 5256 ut
891 5204 953 5254 0.

216 5276 278 5325 0.
359 5273 434 5342 7”
483 5271 863 5342 γυμνιτεύοντι
925 5274 984 5325 Ο.
1053 5272 1098 5304 ⁸⁸
1148 5272 1224 5328 Ita
1267 5280 1308 5328 0
1382 5290 1430 5329 C.
1466 5271 1533 5328 VS.

1593 5275 1955 5354 (cfr._hont._
1995 5293 2117 5346 xu,
2176 5280 2302 5354 5‘2),
2369 5275 2779 5354 ἐπιφαινόμενοί
2857 5281 2922 5354 β.

2677 5139 2811 5211 "ita
2876 5141 3021 5211 conj,
3053 5139 3159 5211 CV,
3209 5136 3301 5211 qui
3353 5137 3478 5211 03".“

2391 5209 2437 5241 ⁸⁸
2459 5209 2675 5264 ἀσεϐεῖν
2725 5210 2870 5281 ὑμᾶς
2933 5205 3007 5281 ρξ’
3041 5209 3184 5280 ὑμᾶς
3225 5205 3484 5259 ἐὐσεϐεῖν

2391 5281 2779 5348 ,πιφαινόμενοι
2859 5281 2922 5336 C.
3019 5275 3372 5348 ⁶¹ἁναδέξητε
3405 5279 3480 5348 ΑΟ.

1994 5207 2037 5238 ⁵⁷
2052 5208 2188 5262 ἀλλὰ
2241 5216 2302 5265 0.

217 5344 263 5372 "
286 5341 622 5396 Addendum
651 5343 774 5394 ὲστε
798 5351 925 5411 post
960 5345 1192 5415 μορφήν.
1224 5344 1282 5399 S.
1319 5345 1456 5400 Tum
1493 5348 1586 5399 τοῦ
1601 5341 1666 5415 τ).
1700 5347 1798 5398 τόν
1826 5347 1885 5400 0.
1915 5341 2122 5404 Forsan
2158 5341 2506 5405 scribendum
2540 5341 2702 5406 est'e‘
2723 5369 2751 5403 ν
2789 5351 2882 5404 τοῦ
2926 5351 3093 5412 ὄντως
3133 5347 3266 5400 Θεοῦ
3297 5341 3485 5398 εἰκόνα

214 5412 369 5464 ὂντα.
438 5412 484 5442 ⁸³
507 5411 882 5464 ὲνυϐοίζοντες
907 5411 968 5464 C.
1060 5415 1104 5445 “
1127 5415 1288 5464 μηδὲν
1314 5432 1366 5464 n-
1400 5415 1520 5464 tri-6’
1551 5417 1608 5464 ἓν
1631 5418 1692 5464 0-
1745 5387 2022 5464 δ’λυπεῖτε
2051 5422 2112 5464 0-
2185 5421 2229 5452 ⁶⁶
2252 5422 2286 5464 ἢ
2327 5420 2385 5464 ς-
2436 5425 2478 5464 tt
2508 5463 2517 5464 ,
2546 5423 2575 5464 ὃ
2595 5424 2656 5464 IL
2685 5369 2829 5464 Ἰκηη
2866 5422 2958 5464 καὶ
3003 5420 3068 5464 ἄν
3111 5434 3163 5464 n-
3195 5417 3287 5464 καί
3318 5416 3479 5464 idem.

247 5429 369 5493 ντα.
438 5411 882 5493 ⁸³-ὲνυϐρίςοπξς
907 5411 997 5493 _
1016 5411 1104 5493 _'“
1125 5411 1288 5493 μηδὲν
1314 5432 1366 5486 p.
1387 5415 1520 5493 ’μηδ’
1733 5411 1790 5493 1'
1803 5416 2022 5493 λυπεῖτε
2051 5422 2112 5474 0.
2168 5421 2229 5493 g“
2252 5422 2288 5476 ἄ
2327 5420 2387 5493 S,
2436 5425 2478 5493 0
2506 5463 2520 5487 ,
2546 5423 2657 5483 ἆυ.
2689 5411 2829 5493 Tum
2848 5422 2958 5493 καὶ
3003 5411 3287 5493 ἄνζνε-καί
3308 5416 3479 5493 idem.

218 5482 386 5536 Dein.
418 5483 513 5535 τοῦ
541 5499 593 5553 p.
624 5481 786 5535 τοῦτο
952 5489 998 5521 ⁸⁷
1016 5482 1094 5537 Ita
1127 5481 1166 5538 S
1189 5481 1212 5552 ’,
1242 5481 1534 5555 φονεύεσθε
1555 5487 1620 5548 C,
1651 5487 1712 5540 0.
1733 5485 1869 5540 Tum
1897 5488 1932 5539 ἀ
1978 5491 2249 5562 αιρεῖσθαι
2270 5494 2329 5546 0.
2359 5481 2726 5546 ῡείιιὰεήὲστίν
2753 5507 2805 5561 p.
2834 5491 2944 5547 ἴστε
2975 5481 3128 5558 cond
3147 5487 3208 5540 D.
3284 5485 3328 5520 ι’
3351 5485 3482 5557 ἀνῄ-

220 5569 362 5612 ρητο
390 5554 454 5605 Ο.
490 5553 684 5608 Postea
713 5555 940 5612 ascripsi
965 5555 1166 5612 πάντες
1197 5573 1247 5612 c.
1282 5557 1493 5612 eodem.
1575 5555 1829 5612 “0610):.
1868 5505 2130 5612 είῖέλετε
2164 5562 2227 5612 C.
2264 5562 2342 5612 Ac
2382 5560 2424 5612 D
2478 5562 2826 5612 scribendum
2871 5560 3094 5612 nutabat
3134 5556 3273 5612 πλὴν
3318 5558 3364 5608 εί
3393 5559 3482 5610 καί

220 5569 362 5624 (ag-.0
390 5554 454 5624 0.
475 5553 684 5624 Postea
713 5553 940 5624 ascripsi
965 5555 1166 5618 πάντες
1197 5553 1264 5612 οξ
1282 5557 1493 5612 eodem.
1575 5557 1619 5589 ⁶⁹
1637 5555 1829 5620 οῦτως,
1868 5559 1916 5609 εἰ

1979 5556 2130 5614 έλετε
2164 5562 2227 5616 C.
2264 5562 2342 5618 Ac
2382 5560 2424 5615 D
2478 5556 2826 5618 scribendum
2869 5556 3094 5630 putabat
3134 5556 3273 5630 πλὴν
3300 5558 3364 5630 Δεί
3393 5556 3485 5610 καὶ

216 5623 652 5733 λόῃτωῇἓέλετε
685 5623 1118 5696 αὐτὺνποιῆσαιο
1167 5625 1530 5683 Verumtamen
1571 5626 1618 5680 εἰ
1660 5629 1737 5681 sic
1775 5627 1933 5683 vultis
1974 5647 2091 5685 eum
2121 5633 2294 5705 facere
2323 5632 2386 5689 5.
2407 5631 2527 5690 Mea
2564 5633 2782 5733 qu'idcm
2815 5623 3077 5688 sententia
3123 5623 3409 5684 delendum
3437 5630 3486 5682 εἰ

217 5702 350 5762 post
381 5692 542 5765 πλήν.
