4004 6332
473 251 582 306 279

1231 279 1234 282 ~
1328 247 1386 302 5.
1431 243 1824 302 CLEMENTIS
1856 244 1877 300 ι
1916 243 2080 301 ROM.
2113 243 2312 300 ΡΟΝΤ.
2352 242 2580 298 OPERA
2615 240 2845 299 DUBIA.

3605 236 3719 294 280.

471 387 595 442 qua:
613 372 912 429 adorantur
929 373 1186 444 supersit,
1211 373 1374 429 dicite
1391 373 1550 429 nobis
1569 374 1698 444 quid
1722 389 1902 430 rerum
1925 387 2034 428 non

2135 388 2230 442 χεν
2251 409 2266 436 ,
2299 369 2488 426 εἴπατε
2529 372 2659 442 ἡμῖν
2677 407 2694 433 ,
2725 366 2780 420 τί
2809 363 2917 417 τῶν
2946 361 3117 415 ὅντων
3143 359 3242 412 οὐκ
3271 353 3671 444 ὲθρῃσκεύσατε
3689 394 3708 420 ,

471 465 743 522 adorastis
760 466 782 518 ?
797 463 987 520 Nonne
1011 465 1105 520 alii
1127 480 1194 520 ex
1215 465 1371 521 vobis
1393 466 1587 528 solem,
1607 466 1696 520 alii
1717 466 1926 532 lunam,
1944 465 2034 518 alii

469 572 671 628 aquam
691 599 707 622 ,
743 565 943 612 terram
976 557 1098 622 alii,
1143 557 1228 612 vel
1271 565 1518 623 montes,
1550 557 1632 612 vel
1667 558 1924 622 arbores,
1953 557 2037 610 vel

469 649 678 705 semina
697 690 714 714 ,
745 648 840 704 alii
869 651 1035 705 etiam
1063 649 1339 704 hominem
1367 691 1383 715 ,
1412 658 1473 704 ut
1501 649 1557 703 in
1598 648 1831 720 IEgypto
1852 688 1868 714 ,
1899 647 2034 702 ado-

451 755 467 791 l
496 742 627 796 aut?
658 740 914 811 Oportuit
933 756 1070 811 ergo
1101 739 1270 795 Deum
1303 741 1437 795 nihil
1461 740 1788 809 relinquere,
1821 741 1915 796 sed
1939 755 2036 796 ne-

449 849 573 903 que
602 849 701 889 vos
737 835 906 904 ipsos,
935 841 996 888 ut
1020 834 1156 888 nihil
1186 843 1332 889 esset
1351 834 1496 904 quod
1537 835 1829 900 coleretur,
1859 848 2035 904 neque

447 943 480 995 q
504 927 611 982 uod
639 927 860 981 coleret.
885 924 1025 980 Vere
1048 926 1151 980 hoc
1173 926 1290 980 ﬁeri
1319 934 1472 996 optat
1495 926 1588 995 qui
1610 926 1753 980 intra
1781 940 1876 982 vos
1904 926 2035 981 latet

462 1021 737 1092 pessimus
784 1036 1042 1090 serpens,
1077 1036 1176 1075 nec
1225 1020 1401 1088 parcit
1419 1019 1592 1076 vobis.
1643 1017 1748 1074 Sed
1800 1033 1910 1074 non
1956 1019 2032 1073 ita

461 1113 586 1166 erit.
614 1110 762 1166 Nihil
802 1112 948 1166 enim
978 1121 1165 1182 peccat
1194 1110 1328 1164 illud
1355 1149 1369 1174 ,
1406 1110 1554 1180 quod
1598 1109 1890 1174 adoretur,
1919 1110 2029 1163 vim

460 1203 663 1274 quippe
693 1204 900 1273 patitur
931 1203 1000 1257 ab
1027 1203 1336 1258 adoratore.
1361 1200 1495 1255 Nam
1527 1202 1651 1256 licet
1675 1202 1748 1256 ab
1769 1201 2028 1257 omnibus

459 1294 776 1350 hominibus
803 1295 1063 1364 injustum
1087 1293 1292 1349 feratur
1308 1293 1596 1364 judicium,
1622 1303 1676 1348 at
1699 1310 1807 1350 non
1839 1310 1869 1348 a
1891 1293 2024 1352 Deo.

461 1388 741 1458 Siquidem
773 1403 988 1458 mquum
1023 1404 1132 1442 non
1160 1396 1281 1454 est,
1317 1397 1376 1442 ut
1407 1387 1550 1442 idem
1583 1388 1909 1458 supplicium
1941 1403 2028 1442 re-

459 1481 656 1548 cipiat,
691 1478 784 1548 qui
816 1479 1019 1548 patitur
1046 1487 1101 1532 et
1130 1479 1226 1546 qui
1257 1476 1413 1542 facit,
1456 1486 1816 1547 praeterquam
1846 1477 1896 1532 si
1933 1477 2024 1532 ille

457 1574 604 1628 ultro
627 1571 884 1626 admittat
915 1571 1093 1626 solius
1117 1571 1326 1626 honore
1348 1570 1657 1640 dignissimi
1681 1571 1969 1627 honorem.

2141 463 2252 531 Οὐχ
2270 463 2320 515 οἱ
2351 461 2448 532 μὲν
2471 460 2624 531 ὑμῶν
2656 459 2746 512 τὸν
2774 455 2944 527 ἥλιον,
2972 453 3023 506 οἱ
3042 450 3098 504 δὲ
3130 448 3374 519 σελήνην,
3394 447 3444 499 oi
3465 445 3522 498 δὲ
3543 443 3712 516 ὕδωρ,

2139 554 2192 606 ol
2212 553 2269 606 δὲ
2287 553 2412 623 γῆν,
2434 554 2484 606 οἱ
2515 552 2572 605 δὲ
2589 549 2660 604 τὰ
2678 549 2800 620 ὅρη,
2823 550 2870 601 οι
2890 546 2947 600 δὲ
2971 541 3132 614 φυτά,
3161 542 3211 595 οἱ
3229 539 3287 593 δὲ
3312 537 3380 590 τὰ
3398 537 3708 609 σπέρματα,

2139 647 2191 699 οἱ
2218 644 2276 698 δὲ
2307 644 2401 698 καὶ
2433 643 2736 715 ἄνθρωπον,
2772 639 2848 702 ὡς
2877 639 2933 692 ὲν
2964 633 3222 704 Αἰγύπτῳ
3242 670 3257 695 ,
3283 627 3710 701 προσκυνοῦσιν;

2150 734 2345 806 Ἐχρῆν
2376 730 2469 787 οὖν
2500 732 2588 786 τὸν
2609 731 2742 786 Θεὸν
2765 727 2931 800 μηδὲν
2951 727 3130 788 ἐᾶσαι,
3156 721 3290 776 ἀλλά
3314 720 3448 793 μηδὲ
3480 719 3712 790 ὐμᾶςτο,

2136 827 2224 880 ἵνα
2257 824 2419 896 μηδὲν
2443 823 2506 878 ἂν
2532 819 2600 895 ἦν
2629 822 2690 875 τὸ
2712 817 3199 893 προσκυνούμενον,
3227 814 3364 886 μήτε
3389 812 3449 864 τὸ
3481 827 3714 882 προσκυ-

2134 916 2285 972 νοῦν..
2329 913 2571 986 Ἀληθῶς
2605 912 2765 966 τοῦτο
2796 909 3049 980 γενέσθαι
3086 906 3332 979 βούλεται
3353 905 3398 935 ⁷¹
3430 905 3459 956 6
3485 903 3540 956 ἐν
3580 903 3712 971 ὑμῖν

2130 1005 2302 1069 δεινὸς
2335 1003 2640 1074 ὲνδομυχῶν
2661 1003 2706 1032 ⁷³
2740 1000 2880 1070 ὄφις,
2903 999 2960 1062 ὃς
2991 998 3053 1051 οὐ
3080 995 3316 1066 φείδεται
3348 991 3523 1063 ὑμῶν.
3570 989 3710 1046 Ἀλλ’

2131 1095 2228 1166 οὐχ
2273 1092 2444 1156 οὕτως
2477 1092 2709 1146 ἕσταιτδ.
2755 1089 2920 1144 Οὐδὲν
2961 1087 3069 1158 γὰρ
3111 1082 3412 1158 ἁμαρτάνει
3441 1081 3503 1136 τὸ
3536 1098 3712 1154 προσ-

2129 1187 2292 1241 κυνού
2302 1189 2480 1257 μενονί
2513 1184 2636 1254 βίαν
2661 1181 2770 1254 γὰρ
2785 1181 2984 1251 πάσχει
2998 1180 3104 1234 ὐπὸ
3121 1177 3216 1231 τοῦ
3234 1177 3555 1253 προσκυνεῖν
3571 1173 3709 1228 αὐτὸ

2130 1278 2395 1340 θέλοντος.
2429 1277 2494 1330 Εἰ
2526 1275 2634 1346 γὰρ
2667 1274 2772 1328 ὐπὸ
2812 1272 3026 1326 πάντων
3072 1266 3370 1356 ἀνθρώπων
3397 1265 3587 1356 esse;
3618 1264 3708 1356 γί-

2127 1385 2275 1422 νεται
2319 1367 2531 1437 κρίσις,
2565 1363 2677 1418 ἀλλ’
2722 1363 2822 1432 οὐχ
2869 1361 2974 1414 ὐπὸ
3022 1354 3192 1412 Θεοῦ(
3226 1357 3300 1411 Οὐ
3348 1354 3457 1427 γάρ
3500 1354 3711 1407 δίκαιόν

2130 1461 2250 1512 ὲστι
2281 1459 2378 1528 τὴν
2413 1457 2581 1528 αὐτὴν
2613 1451 2880 1525 τιμωρίαν
2908 1447 3263 1513 ἀναδέξασθαι
3288 1445 3380 1499 τὸν
3429 1443 3712 1514 πάσχοντα

2124 1537 2333 1608 καὶτὸν
2364 1548 2696 1618 διαθέμενον,
2731 1542 2887 1608 ἐκτὸς
2919 1542 2967 1595 εἰ
2997 1542 3070 1612 μὴ
3094 1539 3255 1604 αὐτὸς
3279 1536 3419 1592 ἑκὼν
3447 1537 3714 1609 ἀναδέξη-

2123 1659 2214 1700 ται
2236 1641 2282 1673 ⁷⁸
2313 1642 2411 1712 τὴν
2439 1639 2534 1693 τοῦ
2569 1639 2732 1710 μόνου
2765 1633 3095 1707 τιμιωτάτου
3127 1631 3314 1702 τιμήν.

528 1751 636 1806 γη.
680 1751 786 1806 Sed
812 1793 834 1818 ,
877 1750 1087 1821 inquit,
1119 1751 1402 1820 oportebat
1448 1766 1546 1807 eos
1595 1753 1690 1824 qui
1720 1754 1948 1810 adorant
1990 1772 2022 1811 a

2169 1697 2295 1788 Ἵγιι.
2328 1697 2506 1796 ius,
2525 1697 2707 1802 φήσὶν,
2728 1697 2891 1801 ὲχρῆν
2910 1726 3104 1789 αὐτοὺς
3127 1697 3260 1787 τούς
3269 1697 3711 1796 προσκυνοῦντας

453 1858 585 1897 vero
610 1841 721 1897 Deo
749 1840 964 1911 periuri,
995 1856 1064 1896 ne
1091 1840 1232 1895 alius
1259 1839 1363 1895 hoc
1389 1839 1610 1896 faceret.
1642 1839 1839 1898 Verum
1871 1857 1940 1896 an
1963 1857 2024 1898 es

455 1935 568 1989 Deo
601 1933 904 2004 sapientior
925 1972 940 1996 ,
967 1942 1027 1988 ut
1055 1933 1104 1987 ei
1127 1972 1144 1996 ,
1181 1941 1440 2002 tanquam
1473 1933 1812 2003 prudentior,
1840 1935 2026 1992 consi-

453 2026 590 2080 lium
629 2026 763 2081 des?
793 2024 958 2080 Novit
999 2025 1132 2095 quid
1177 2025 1361 2082 faciat.
1412 2025 1630 2081 Tolerat
1660 2027 1806 2082 enim
1835 2043 2026 2083 omnes

453 2115 672 2186 impios,
706 2103 852 2170 velut
883 2115 1197 2172 misericors
1224 2127 1278 2173 et
1307 2118 1572 2190 benignus
1597 2130 1770 2188 pater,
1820 2119 2022 2186 sciens,

451 2220 518 2262 ex
551 2205 734 2275 impiis
767 2205 890 2274 pios
935 2206 1076 2263 lieri.
1119 2205 1187 2262 Et
1227 2207 1386 2262 multi
1415 2222 1446 2264 e
1490 2207 1798 2264 cultoribus
1839 2224 2022 2270 rerum

452 2297 791 2367 impurarum
817 2315 882 2354 ac
912 2315 1076 2355 sensu
1102 2300 1436 2366 carentium,
1459 2300 1730 2366 conversi,
1758 2315 1823 2356 ea
1846 2302 2026 2358 colere

452 2399 740 2445 cessarunt
775 2399 832 2444 et
869 2392 1190 2461 delinquere
1216 2433 1232 2460 ,
1270 2403 1431 2463 atque
1463 2393 1605 2461 apud
1633 2408 1822 2448 verum
1853 2392 2022 2450 Deum

451 2495 548 2552 per
572 2497 765 2552 preces
791 2481 1105 2539 Graecorum
1127 2500 1349 2555 quoque
1377 2485 1533 2541 multi
1557 2485 1753 2541 salvati
1779 2495 1929 2540 sunt.

521 2725 658 2782 Vill.
697 2729 766 2782 At
800 2727 940 2782 Deus
960 2728 1227 2798 principio
1251 2729 1534 2800 oportebat
1554 2729 1784 2798 ellicere,
1823 2740 1880 2787 ut
1909 2734 2023 2788 uul-

450 2821 664 2892 lateuus
696 2819 764 2874 de
796 2821 997 2874 talibus
1021 2820 1408 2892 cogitaremus.
1445 2819 1568 2878 llaec
1598 2822 1841 2879 dicentes
1869 2825 2021 2896 igno-

450 2914 609 2980 ratis,
643 2913 775 2983 quid
806 2913 879 2968 sit
905 2913 1130 2969 libertas
1159 2913 1418 2979 arbitrii,
1467 2923 1523 2969 et
1576 2931 1680 2986 qua
1717 2916 1926 2990 ratione
1950 2920 2022 2974 sit

2124 1826 2464 1899 ἀναιρεῖσθαι
2497 1825 2603 1878 ὐπὸ
2633 1822 2727 1876 τοῦ
2757 1822 2925 1883 ὅντως
2947 1818 3106 1883 Θεοῦ,
3140 1817 3228 1871 ἵνα
3253 1816 3412 1880 ἄλλος
3439 1813 3600 1891 τοῦτο.
3629 1815 3714 1886 μὴ

2125 1920 2274 1990 ποιῇ.
2323 1917 2456 1970 Ἀλλ’
2490 1918 2590 1969 οὐκ
2613 1915 2658 1946 ⁷⁵
2692 1910 2740 1968 εἷ
2775 1912 3080 1984 σοφώτερος
3105 1909 3200 1963 τοῦ
3232 1907 3400 1975 Θεοῦ,
3435 1907 3524 1961 ἵνα
3553 1905 3710 1976 αὐτῷ

2123 2010 2200 2074 ὡς
2233 2007 2636 2082 φρονιμώτερος
2666 2002 2892 2076 γνώμην
2925 2003 3049 2078 δῷς.
3085 1996 3238 2055 Οἶδεν
3285 1999 3314 2053 6
3364 2001 3523 2054 ποιεῖ.
3561 1999 3710 2052 Hist

2123 2099 2232 2170 γὰρ
2264 2102 2321 2154 ὲν
2361 2098 2586 2169 ἀσεϐείᾳ⁹
2633 2091 2753 2150 οῦσι
2801 2093 3174 2166 μακροθυμεῖ,
3224 2091 3299 2155 ὡς
3341 2089 3584 2160 ἐλεήμων
3609 2087 3713 2144 καὶ

2125 2190 2505 2261 φιλάνθρωπος
2546 2189 2766 2261 πατὴρ,
2815 2185 2969 2248 εἰδὼς
3001 2186 3082 2238 ὅτι
3128 2185 3221 2238 καὶ
3263 2182 3323 2248 ἐξ
3365 2181 3578 2236 ἀσεϐῶν
3623 2179 3709 2233 εὐ-

2125 2281 2303 2346 σεϐεῖς
2352 2282 2610 2350 γίνονται.
2665 2280 2775 2335 Καὶ
2823 2277 3000 2331 αὐτῶν
3044 2277 3154 2331 τῶν
3187 2275 3451 2330 σεϐόντων
3499 2271 3570 2326 τά
3614 2272 3705 2325 al-

2125 2375 2264 2447 σχρά
2296 2375 2390 2429 καὶ
2419 2373 2722 2444 ἀναίσθητα
2753 2371 2938 2424 πολλοὶ
2971 2369 3242 2440 νήψαντες
3268 2366 3336 2420 τά
3368 2367 3465 2438 μὲν
3485 2365 3532 2398 ⁷⁸
3561 2364 3710 2420 αὐτὰ

2125 2467 2304 2521 σέϐειν
2343 2467 2436 2520 καὶ
2463 2466 2798 2536 ἁμαρτάνειν
2829 2464 3135 2520 ἐπαύσαντο
3153 2459 3279 2539 ,στῷ
3302 2460 3358 2513 δὲ
3387 2459 3554 2521 ὄντως
3580 2457 3716 2529 eaq.

2123 2559 2260 2631 πρὸς
2291 2562 2411 2622 ταῖς
2445 2557 2631 2628 εὐχαῖς
2670 2555 2938 2628 [ἐχόμενοι
2983 2550 3187 2622 πολλοὶ]
3227 2553 3272 2584 ⁷⁷
3307 2552 3416 2618 καὶ⁸
3442 2549 3706 2622 Ἕλληνες

2123 2651 2425 2722 ἐσώθησαν.

2191 2741 2356 2814 234
2395 2740 2528 2796 Vill.
2569 2739 2728 2794 Ἀλλά
2754 2739 2855 2810 τὴν
2882 2739 2929 2770 ⁷⁸
2960 2738 3132 2810 ἀρχὴν
3172 2737 3278 2790 ἔδει
3312 2737 3532 2808 ποιῆσαι
3552 2736 3707 2807 ἡμᾶς

2123 2833 2258 2904 μηδὲ
2291 2833 2427 2897 ὅλως
2462 2833 2591 2904 περὶ
2632 2831 2890 2884 τοιούτων
2929 2827 3277 2900 ἐνθυμεῖσθαι
3305 2827 3374 2881 τ’.
3398 2825 3583 2881 Ταῦτα
3607 2826 3668 2879 λέ
3687 2855 3704 2866 ς

2118 2945 2306 2997 γοντες
2329 2928 2573 2994 ἀγνοεῖτε
2595 2925 2648 2977 τί
2670 2925 2786 2977 ἐστι
2815 2923 2876 2975 τὸ
2896 2920 3261 2986 αὐτεξούσιον,
3286 2919 3382 2974 καὶ
3404 2919 3519 2982 πῶς
3537 2919 3704 2972 δυνα-

447 3005 707 3078 possibile
737 3021 863 3061 vere
910 3005 1084 3060 honos
1110 3020 1254 3060 esse.
1285 3004 1423 3084 Quia
1469 3005 1564 3076 qui
1602 3021 1705 3063 suo
1739 3011 2017 3080 proposito

2124 3022 2208 3075 τόν
2226 3020 2338 3090 (28)
2358 3021 2502 3072 ἐστιν
2523 3015 2761 3085 ἀγαθοὺς
2780 3014 2858 3086 τῷ
2879 3015 2991 3067 ὄντι
3016 3009 3174 3067 εἶναι.
3206 3014 3372 3068 Ὄτιὸ
3393 3010 3498 3082 ἰδίᾳ
3513 3027 3705 3082 προαι-

447 3098 627 3152 bonus
656 3105 758 3160 est,
788 3111 914 3150 vere
938 3105 1022 3151 est
1056 3096 1250 3163 bonus,
1279 3097 1373 3166 qui
1403 3111 1530 3152 vero
1562 3098 1630 3154 ab
1662 3101 1768 3156 alio
1794 3112 2014 3161 coactus

2124 3086 2264 3184 ρέσει
2403 3109 2604 3177 ἀγαθὸς
2628 3107 2796 3170 ὅντως
2825 3105 3026 3175 ἀγαθός
3049 3107 3196 3158 ἐστιν
3217 3145 3230 3168 ,
3258 3104 3286 3156 6
3316 3103 3371 3156 δὲ
3396 3105 3482 3174 ὐφ’
3507 3101 3702 3171 ἐτέρου

448 3188 508 3243 ﬁt
529 3187 729 3252 bonus,
749 3202 874 3241 vere
887 3202 994 3241 non
1013 3198 1114 3255 est,
1141 3189 1398 3258 quoniam
1424 3205 1530 3245 non
1557 3193 1772 3262 propria
1791 3193 2014 3252 electio—-

448 3294 516 3334 ne
545 3288 628 3334 est
660 3278 804 3349 quod
828 3287 930 3334 est.
966 3279 1106 3334 Cum
1140 3295 1271 3350 ergo
1316 3282 1752 3356 uniuscujusque
1788 3287 2014 3345 libertas

447 3371 692 3440 perﬁciat
716 3386 840 3426 vere
884 3371 1086 3426 bonum
1115 3413 1130 3439 ,
1180 3381 1233 3426 et
1256 3387 1380 3428 vere
1410 3376 1612 3429 malum
1643 3389 1932 3448 perpetret,
1957 3383 2014 3438 in

449 3482 780 3538 unoquoque
829 3465 946 3521 ﬁeri
976 3468 1123 3536 quod
1160 3467 1445 3523 inimicum
1472 3469 1558 3524 vel
1587 3473 1731 3542 quod
1774 3475 2015 3531 amicum

445 3566 530 3614 est
554 3597 570 3622 ,
603 3573 699 3628 per
727 3573 908 3612 rerum
957 3573 1294 3628 operumque
1340 3560 1657 3617 occasiones
1687 3564 1908 3620 molitus
1932 3573 2017 3621 est

445 3651 612 3708 Deus.
634 3648 776 3716 Non,
804 3649 1004 3722 inquit,
1030 3651 1123 3705 sed
1151 3651 1411 3723 quidquid
1448 3654 1750 3723 cogitamus
1780 3655 1893 3726 ipse
1915 3674 2015 3715 nos

445 3745 580 3800 facit
615 3743 874 3818 cogitare.
920 3741 1182 3797 Desinite.
1228 3742 1341 3798 Cur
1390 3746 1628 3816 amplius
1663 3747 2014 3818 blasphema-

443 3839 539 3904 tis,
566 3837 660 3906 qui
687 3836 791 3890 hoc
811 3834 1030 3889 dicitis?
1052 3833 1108 3890 Si
1137 3835 1283 3890 enim
1311 3852 1494 3905 omne,
1520 3840 1665 3909 quod
1689 3841 2014 3912 cogitamus,

443 3931 515 3986 ab
547 3929 664 4000 ipso
691 3929 862 3986 menti
887 3937 1085 3984 nostra:
1110 3928 1428 3999 inspiratur,
1464 3931 1642 4002 ipsum
1677 3935 1858 3992 dicitis
1881 3954 2015 3992 cau-

445 4039 564 4078 sam
596 4016 1043 4088 fornicationum,
1079 4021 1368 4076 libidinum
1404 4065 1419 4091 ,
1455 4027 1696 4081 avaritia:
1728 4031 2014 4102 omnisque

442 4115 814 4186 blasphemiae.
834 4113 1055 4169 Cessate
1075 4114 1422 4183 maledicere,
1449 4117 1541 4185 qui
1571 4117 1779 4174 debetis
1797 4121 2015 4178 benedi-

443 4221 588 4272 cere,
640 4205 799 4276 cique
843 4213 1083 4266 omnem;
1109 4204 1375 4274 impertiri
1434 4206 1719 4264 honorem.
1774 4210 1884 4268 Nec
1928 4214 2012 4268 di-

444 4297 620 4351 catis:
650 4297 791 4351 Deus
823 4295 1030 4349 honore
1057 4310 1162 4348 non
1187 4293 1409 4363 indiget.
1443 4293 1702 4360 Quamvis
1755 4302 1898 4355 enim
1926 4303 2014 4358 ille

2116 3205 2328 3276 ἀνάγκῃ
2348 3204 2394 3235 ⁸ο
2428 3199 2629 3271 ἀγαθὸς
2660 3199 2945 3268 γενόμενος
2970 3197 3134 3259 ὅντως
3166 3196 3264 3248 οὐκ
3296 3195 3439 3248 ἔστιν
3459 3233 3474 3256 ,
3503 3194 3586 3247 ὅτι
3621 3192 3703 3263 μὴ

2119 3297 2225 3366 ἰδίᾳ
2257 3291 2573 3365 προαιρέσει
2606 3290 2753 3344 ἐστὶν
2783 3289 2811 3342 ὃ
2840 3291 3008 3342 ἐστιν.
3043 3287 3194 3340 Ἑπεὶ
3237 3282 3328 3340 οῦν
3359 3284 3419 3338 τὸ
3463 3284 3698 3338 ἑκάστου

2114 3387 2394 3459 ἐλεύθερον
2427 3383 2677 3439 ἀποτελεῖ
2697 3383 2758 3436 τὸ
2789 3382 2955 3445 ὅντως
2987 3379 3186 3450 ἀγαθὸν
3205 3419 3219 3443 ,
3254 3379 3346 3433 καὶ
3378 3376 3611 3432 δεικνύει
3634 3377 3703 3429 τὸ

2115 3483 2286 3544 ὅντως
2308 3479 2498 3542 κακὸν,
2524 3479 2581 3530 ὲν
2612 3476 2824 3546 ἑκάστῳ
2849 3473 3100 3544 γενέσθαι
3131 3472 3322 3543 ἐχθρὸν
3353 3471 3388 3540 ἢ
3423 3469 3574 3539 φίλον
3601 3468 3703 3523 διὰ

2113 3574 2222 3628 τῶν
2255 3570 2559 3626 ὑποθέσεων
2591 3569 2618 3622 6
2650 3567 2781 3632 Θεὸς
2812 3567 3209 3638 ἐμηχανήσατο.
3234 3561 3331 3628 Οὐ,
3356 3561 3539 3634 φησὶν,
3559 3558 3702 3614 ἀλλὰ

2116 3665 2222 3719 πᾶν
2251 3664 2279 3717 ὃ
2313 3658 2689 3733 ἐνθυμούμεθα
2710 3699 2724 3724 ,
2759 3656 2918 3720 αὐτὸς
2947 3658 3095 3728 ἡμᾶς
3121 3657 3262 3708 ποιεῖ
3288 3656 3445 3707 νοεῖν.
3477 3650 3694 3705 Παύσα-

2117 3757 2230 3810 σθε.
2283 3755 2348 3810 Τί
2398 3753 2578 3806 πλεῖον
2624 3751 2992 3822 βλασφημεῖτε
3026 3749 3074 3800 οἱ
3111 3746 3267 3800 τοῦτο
3309 3745 3594 3814 λέγοντες;
3627 3743 3695 3795 Ei

2114 3849 2220 3920 γάρ
2254 3849 2360 3902 πᾶν
2389 3849 2416 3900 ὅ
2437 3863 2489 3900 τι
2521 3844 2586 3898 ἂν
2607 3845 2648 3875 ⁸⁸
2685 3841 3206 3914 ὲνθυμηθῶμεν,ἀπ’
3244 3836 3407 3893 αὐτοῦ
3439 3834 3698 3908 ὲνεργού-.

2117 3941 2292 4013 μεθα,
2350 3938 2511 3994 αὐτὸν
2557 3937 2728 3990 αἴτιον
2775 3935 2960 4003 λέγετε
3009 3931 3270 4005 πορνειῶν
3300 3970 3314 3997 ,
3363 3927 3695 3997 ἀσελγειῶν,

2116 4029 2432 4097 πλεονεξιῶν
2449 4028 2541 4082 καὶ
2566 4027 2746 4096 πάσης
2776 4023 3136 4094 βλασφημίας.
3170 4020 3456 4076 Παύσασθε
3487 4020 3699 4089 δυσφης

2118 4126 2342 4197 μοῦντες
2367 4165 2380 4188 ,
2410 4125 2458 4176 οἱ
2496 4123 2758 4192 εὐφημεῖν
2790 4119 2884 4173 καὶ¹
2923 4119 3100 4171 πᾶσαν
3126 4115 3287 4186 τιμὴν
3319 4111 3465 4183 αυτῷ
3494 4112 3696 4167 ἀπονέ-

2120 4235 2240 4288 μειν
2285 4215 2606 4285 ὀφείλοντες.
2652 4211 2763 4265 Καὶ
2799 4211 2873 4281 μὴ
2919 4209 3135 4277 λέγετε’
3174 4208 3285 4260 Οὐκ
3319 4205 3692 4268 ὲπιδικάζεται

2124 4313 2151 4362 6
2183 4308 2317 4369 Θεὸς
2359 4305 2541 4376 τιμῆς.
2570 4304 2633 4356 Εἰ
2665 4301 2774 4372 γάρ
2826 4300 2985 4363 αὐτὸς
3018 4298 3228 4360 οὐδενὸς
3281 4293 3646 4359 ὲπιδικάζεται
3672 4335 3692 4358 ,

445 4386 647 4442 nullius
697 4388 973 4460 indigeat,
1026 4395 1262 4441 attamen
1318 4387 1620 4455 debuistis,
1670 4393 2012 4463 respiciendo

2124 4395 2234 4448 ἀλλ’
2269 4390 2360 4448 οῦν
2411 4411 2472 4463 γε
2497 4390 2642 4462 ὑμᾶς
2659 4392 2883 4463 ⁸²ὲχρῆν
2922 4392 3000 4454 εἰς
3047 4390 3108 4442 τὸ
3137 4389 3342 4442 δίκαιον
3373 4385 3692 4458 ἀφορῶντας

1719 4529 1952 4586 νΛΒΙίΕ
1991 4530 2414 4595 ΙᾸΞΟἹΊΟΝΕΒ.¹

519 4613 565 4688 ἶο
595 4611 680 4688 μὴν
726 4613 785 4666 δὲ
838 4615 1100 4688 ἡμᾶς-
1197 4616 1804 4688 τ¹βούλεται’γενέσθαι
1858 4623 1920 4676 C.

2000 4631 2044 4660 τ’
2071 4626 2144 4680 Ita
2188 4626 2230 4677 Ο
2321 4631 2374 4676 et
2426 4636 2491 4675 ex
2541 4619 2769 4687 conject.
2812 4617 2852 4670 (Σ
2883 4658 2898 4681 ,
2928 4618 2979 4671 in
3004 4617 3114 4686 cuj.
3145 4615 3700 4687 textu_év60p0tx€by.

447 4684 494 4763 [³
520 4684 635 4763 Eget
665 4687 736 4763 (ξι
763 4751 784 4763 θ
805 4684 856 4722 ’³
881 4684 1268 4763 ἀναδέξητελο.
1296 4756 1308 4763 _
1344 4687 1478 4763 "lla
1599 4705 1649 4743 c.
1694 4688 1732 4744 S
1759 4730 1774 4763 ,
1801 4692 1937 4747 ἀλλά
1965 4695 2036 4749 Οὖῖ

2124 4699 2149 4749 ἰ.
2227 4693 2345 4746 τετὸ
2375 4693 2471 4763 μέν
2497 4691 2557 4744 C.
2585 4684 2893 4763 Tnm_6v1:ec
2919 4704 2970 4756 p.
3000 4684 3166 4763 βντως
3191 4686 3274 4763 Cl.
3304 4684 3492 4763 Falsus
3519 4684 3604 4741 est
3623 4685 3670 4740 S

444 4753 510 4807 de
534 4751 599 4806 C.

444 4823 578 4900 tioni
611 4823 923 4900 respondet.
1001 4824 1047 4855 ⁷⁸
1070 4823 1182 4875 ἀλλ’
1212 4827 1273 4879 οὐ
1300 4829 1341 4878 Ο
1369 4867 1384 4888 ,
1414 4828 1506 4897 qui
1557 4823 1770 4897 signum
1814 4832 2036 4898 interro;

2129 4837 2183 4890 di
2230 4831 2390 4887 habet
2430 4838 2551 4899 post
2605 4823 2772 4899 ἡμᾶς.
2814 4823 2897 4858 ’⁷⁸
2931 4823 3246 4897 ἐνθυμεῖσθε
3275 4829 3332 4880 0.

689 4757 736 4789 ⁷⁷
762 4751 980 4828 Lacuna
1002 4751 1517 4828 cod_._q0ttﬁob0niani
1549 4758 1621 4813 ita
1649 4751 1882 4828 expleta,
1924 4768 2318 4821 sententiarum
2352 4751 2547 4822 nexus,
2585 4776 2673 4828 ap.
2706 4757 2767 4812 C.
2814 4751 3178 4828 perturbatus,
3196 4757 3320 4828 jam
3347 4755 3548 4828 logices
3593 4772 3692 4828 r_a-

3433 4825 3453 4856 °
3480 4825 3556 4878 lta
3597 4825 3687 4890 8,,

433 4888 680 4977 ᾅεάγκης
945 4903 990 4936 ⁸¹
1015 4905 1087 4977 ,ἄν
1111 4906 1312 4977 excidit
1355 4888 1689 4976 ex'utraq'ue
1729 4903 1925 4961 Clerici
1957 4888 2036 4958 edi

2124 4888 2196 4958 ne
2228 4914 2282 4957 el.
2325 4888 2502 4973 ηυδε.
2575 4888 2837 4960 v'iia'CI.
2871 4906 3017 4977 ἡμᾶς
3049 4888 3161 4962 oc.
3198 4905 3261 4963 c.
3295 4906 3461 4965 Iidem
3497 4888 3712 4966 deinde

432 4963 600 5017 πᾶσιν
631 4963 799 5038 ἡμᾶς,
833 4971 916 5026 Cl.
947 4976 1110 5030 πᾶσιν
1135 4975 1298 5045 ὑμᾶς·

1751 5062 2107 5124 VARIORUM
2148 5063 2375 5120 NOTAE.

507 5145 618 5225 (28)
651 5145 761 5199 Kal
793 5144 918 5225 πῶς
947 5146 1368 5225 61.vratdr._ls_ta
1415 5150 1706 5225 Clementis
1749 5155 1826 5208 sit:
1870 5158 2010 5225 apud

437 5214 731 5292 Mairii'nuin
767 5216 1114 5292 proferuntur
1145 5236 1158 5271 :
1190 5219 1264 5270 υύ
1287 5219 1517 5292 Δδυνατόν
1545 5240 1664 5275 τινα
1693 5214 2011 5292 ἁγαθὸνέἷ-

437 5304 522 5367 ναι
538 5287 784 5367 βεϐαίιυς,
800 5289 845 5338 εί
877 5288 950 5358 μὴ
968 5287 1122 5367 κατά⁵
1136 5289 1449 5367 προαίρεσιν
1479 5294 1702 5346 οἰκείαν.
1723 5287 1778 5347 Ὁ
1797 5296 1904 5367 γὰρ
1922 5298 2010 5366 ὐφ’

438 5357 626 5433 ἑτέρου
675 5358 920 5433 ἀνάγκης
941 5357 1504 5433 ίάγαθὸςίγενόμενος,
1539 5363 1636 5433 οὐκ
1661 5357 2009 5433 ἀγαθός.”ὐτι

441 5426 513 5502 Hii
543 5428 657 5502 i336;
698 5428 1007 5502 προαιρέσει
1049 5429 1212 5502 ἐστὶν,
1247 5430 1274 5481 'o'
1320 5426 1592 5502 iactv.in
1636 5426 1742 5502 γάρ
1780 5426 2007 5492 ἑκάστου

438 5495 753 5569 ἐλεύθερον(
775 5495 1034 5569 ἀποτελεῖ
1055 5498 1117 5550 τὸ
1169 5498 1337 5562 ὅντως
1370 5501 1590 5568 ἀγαθὸν,
1644 5495 1736 5557 καλ
1777 5505 2008 5561 δεικνύει

437 5564 497 5642 τὸ
529 5564 696 5642 ὅντιυς
743 5568 1106 5642 κακόνηὌθεν
1137 5564 1746 5642 ιδιάητῶνύποθέσεων
1783 5575 2003 5642 τούτων,

437 5635 820 5712 ἐμηχανήσατο
847 5643 876 5693 6
915 5640 1046 5702 Θεὸς
1078 5635 1388 5711 φανερῶσαι
1415 5643 1511 5712 τὴν
1551 5643 1776 5697 ἑκάστου
1826 5635 2004 5699 ὁιάθελ

441 5703 716 5764 σιν.Ὲὶεῆ
746 5727 844 5763 non
887 5721 1050 5771 potest
1090 5703 1145 5763 ut
1174 5703 1446 5784 quisquam
1470 5703 1544 5767 sit
1584 5725 1881 5770 constanter
1910 5717 2000 5773 bo-

2114 5175 2233 5221 nus,
2267 5159 2370 5210 nisi
2399 5173 2463 5210 ex
2499 5155 2664 5208 animi
2695 5155 2776 5208 sui
2805 5153 3070 5225 proposito
3108 5156 3346 5223 proprio.
3393 5155 3497 5220 Qui
3537 5155 3684 5210 enim

2114 5229 2177 5281 ab
2207 5229 2372 5281 altero
2400 5242 2463 5279 ea:
2501 5221 3000 5295 necessitatefactus
3039 5221 3115 5279 est
3152 5221 3337 5289 bonus,
3381 5225 3542 5295 bonus
3575 5242 3692 5279 non

2112 5309 2220 5360 est;
2256 5299 2377 5366 quia
2415 5314 2514 5350 non
2553 5311 2616 5349 ea:
2651 5293 2894 5352 instituto
2920 5297 3008 5365 sit,
3036 5297 3172 5366 quod
3196 5307 3293 5350 est.
3319 5293 3509 5366 Libera
3537 5297 3677 5349 enim

2113 5365 2359 5436 cujusque
2383 5369 2642 5430 voluntas,
2677 5367 2813 5438 quod
2857 5384 3028 5422 revera
3065 5365 3252 5419 bonum
3289 5377 3378 5438 rest
3416 5365 3682 5438 efficit,iet

2111 5455 2284 5492 revera
2323 5438 2519 5490 malum
2549 5440 2807 5499 ostendit;
2840 5438 2973 5491 unde
3000 5439 3132 5494 Deus
3159 5454 3248 5505 per
3280 5437 3410 5505 istas
3444 5437 3650 5489 occasio

2112 5525 2197 5581 nes
2225 5507 2385 5581 voluit
2409 5509 2656 5581 cujusque
2667 5508 3003 5581 affectionem
3025 5504 3512 5581 patefacereLQuaj,
3537 5507 3678 5581 inter

2115 5579 2405 5633 Clementis
2451 5573 2681 5632 Romani
2714 5573 2860 5643 talia,
2909 5573 3157 5648 leguntur
3207 5579 3261 5632 in
3313 5575 3525 5648 Eclogis
3582 5573 3674 5648 do.

2116 5648 2432 5719 Damasceni
2458 5663 2590 5703 mss.
2633 5648 2840 5719 collegii
2865 5644 3269 5706 Claiomontani
3316 5644 3544 5719 caprc
3579 5644 3681 5711 h9—

2111 5719 2248 5774 mine
2274 5728 2320 5772 et
2350 5717 2610 5776 libertate.
2633 5717 2768 5775 Cor.
