  <div class='ocr_page' id='page_1' title='image "/cluster/home/n/w/nwhite01/storage/ocr_20150623/2/hvd.32044073501249/146.png"; bbox 0 0 4004 6332; ppageno 0'>
   <div class='ocr_carea' id='block_1_1' title="bbox 196 253 297 309">
    <p class='ocr_par' dir='ltr' id='par_1_1' title="bbox 196 253 297 309">
     <span class='ocr_line' id='line_1_1' title="bbox 196 253 297 309; baseline 0 0"><span class='ocrx_word' id='word_1_1' title='bbox 196 253 297 309; x_wconf 73' lang='grc'><strong>281</strong></span> 
     </span>
    </p>
   </div>
   <div class='ocr_carea' id='block_1_2' title="bbox 1259 257 2231 333">
    <p class='ocr_par' dir='ltr' id='par_1_2' title="bbox 1259 257 2231 333">
     <span class='ocr_line' id='line_1_2' title="bbox 1259 257 2231 333; baseline 0.003 -20"><span class='ocrx_word' id='word_1_2' title='bbox 1259 257 1697 314; x_wconf 79' lang='lat' dir='ltr'><strong>CLEMENTINA</strong></span> <span class='ocrx_word' id='word_1_3' title='bbox 1722 289 1790 299; x_wconf 95' lang='lat'><strong><em>—</em></strong></span> <span class='ocrx_word' id='word_1_4' title='bbox 1819 258 2231 333; x_wconf 55' lang='grc' dir='ltr'>Ηοιιιιιλω.</span> 
     </span>
    </p>
   </div>
   <div class='ocr_carea' id='block_1_3' title="bbox 3340 261 3447 317">
    <p class='ocr_par' dir='ltr' id='par_1_3' title="bbox 3340 261 3447 317">
     <span class='ocr_line' id='line_1_3' title="bbox 3340 261 3447 317; baseline 0 0"><span class='ocrx_word' id='word_1_5' title='bbox 3340 261 3447 317; x_wconf 69' lang='grc' dir='ltr'><strong>2εὲ</strong></span> 
     </span>
    </p>
   </div>
   <div class='ocr_carea' id='block_1_4' title="bbox 192 370 1772 450">
    <p class='ocr_par' dir='ltr' id='par_1_4' title="bbox 192 370 1772 448">
     <span class='ocr_line' id='line_1_4' title="bbox 192 370 1772 448; baseline 0.005 -24"><span class='ocrx_word' id='word_1_6' title='bbox 192 370 373 439; x_wconf 67' lang='grc' dir='ltr'>τὸν,ὲν</span> <span class='ocrx_word' id='word_1_7' title='bbox 406 371 578 424; x_wconf 78' lang='grc' dir='ltr'>πᾶσιν</span> <span class='ocrx_word' id='word_1_8' title='bbox 611 370 769 441; x_wconf 64' lang='grc' dir='ltr'>ὐμᾶςῐ</span> <span class='ocrx_word' id='word_1_9' title='bbox 843 371 1274 446; x_wconf 74' lang='grc' dir='ltr'><strong>εὐεργετήσαντα</strong></span> <span class='ocrx_word' id='word_1_10' title='bbox 1302 376 1605 448; x_wconf 80' lang='grc' dir='ltr'>εὐχαρίστῳ</span> <span class='ocrx_word' id='word_1_11' title='bbox 1633 378 1772 448; x_wconf 88' lang='grc' dir='ltr'>ἀμεί-</span> 
     </span>
    </p>
   </div>
   <div class='ocr_carea' id='block_1_5' title="bbox 1874 370 3446 450">
    <p class='ocr_par' dir='ltr' id='par_1_5' title="bbox 1882 377 3446 450">
     <span class='ocr_line' id='line_1_5' title="bbox 1882 377 3446 450; baseline -0.001 -16"><span class='ocrx_word' id='word_1_12' title='bbox 1882 381 2212 450; x_wconf 72' lang='lat' dir='ltr'><strong>aequitatem,</strong></span> <span class='ocrx_word' id='word_1_13' title='bbox 2245 393 2405 444; x_wconf 88' lang='lat' dir='ltr'><strong>eum,</strong></span> <span class='ocrx_word' id='word_1_14' title='bbox 2436 377 2530 447; x_wconf 85' lang='lat' dir='ltr'><strong>qui</strong></span> <span class='ocrx_word' id='word_1_15' title='bbox 2559 377 2815 435; x_wconf 85' lang='lat' dir='ltr'><strong>omnibus</strong></span> <span class='ocrx_word' id='word_1_16' title='bbox 2844 392 2943 434; x_wconf 85' lang='lat' dir='ltr'><strong>vos</strong></span> <span class='ocrx_word' id='word_1_17' title='bbox 2964 377 3253 434; x_wconf 72' lang='lat' dir='ltr'><strong>cumulavit</strong></span> <span class='ocrx_word' id='word_1_18' title='bbox 3277 377 3446 433; x_wconf 82' lang='lat' dir='ltr'><strong>bene-</strong></span> 
     </span>
    </p>
   </div>
   <div class='ocr_carea' id='block_1_6' title="bbox 193 460 603 531">
    <p class='ocr_par' dir='ltr' id='par_1_6' title="bbox 193 460 603 531">
     <span class='ocr_line' id='line_1_6' title="bbox 193 460 603 531; baseline -0.002 -17"><span class='ocrx_word' id='word_1_19' title='bbox 193 460 400 531; x_wconf 71' lang='grc' dir='ltr'>ψασθαι</span> <span class='ocrx_word' id='word_1_20' title='bbox 427 464 603 531; x_wconf 83' lang='grc' dir='ltr'>φωνῇ.</span> 
     </span>
    </p>
   </div>
   <div class='ocr_carea' id='block_1_7' title="bbox 270 551 1781 632">
    <p class='ocr_par' dir='ltr' id='par_1_7' title="bbox 270 551 1781 632">
     <span class='ocr_line' id='line_1_7' title="bbox 270 551 1781 632; baseline 0.007 -28"><span class='ocrx_word' id='word_1_21' title='bbox 270 551 360 605; x_wconf 68' lang='grc' dir='ltr'>ιχ.</span> <span class='ocrx_word' id='word_1_22' title='bbox 420 552 609 621; x_wconf 84' lang='grc' dir='ltr'>Ἀλλὰ,</span> <span class='ocrx_word' id='word_1_23' title='bbox 655 554 851 625; x_wconf 76' lang='grc' dir='ltr'>φησὶν,</span> <span class='ocrx_word' id='word_1_24' title='bbox 887 558 1132 627; x_wconf 84' lang='grc' dir='ltr'>κρεῖττον</span> <span class='ocrx_word' id='word_1_25' title='bbox 1165 556 1455 629; x_wconf 78' lang='grc' dir='ltr'>ποιοῦμεν,</span> <span class='ocrx_word' id='word_1_26' title='bbox 1484 560 1599 630; x_wconf 77' lang='grc' dir='ltr'><strong>ἅμα</strong></span> <span class='ocrx_word' id='word_1_27' title='bbox 1634 560 1781 632; x_wconf 83' lang='grc' dir='ltr'>αὐτῷ</span> 
     </span>
    </p>
   </div>
   <div class='ocr_carea' id='block_1_8' title="bbox 201 646 1781 720">
    <p class='ocr_par' dir='ltr' id='par_1_8' title="bbox 201 646 1781 720">
     <span class='ocr_line' id='line_1_8' title="bbox 201 646 1781 720; baseline 0.004 -22"><span class='ocrx_word' id='word_1_28' title='bbox 201 646 296 698; x_wconf 73' lang='grc' dir='ltr'>καὶ</span> <span class='ocrx_word' id='word_1_29' title='bbox 341 647 513 698; x_wconf 80' lang='grc' dir='ltr'>πᾶσιν</span> <span class='ocrx_word' id='word_1_30' title='bbox 561 646 1028 717; x_wconf 69' lang='grc' dir='ltr'><strong>εὐχαριστοῦντες.</strong></span> <span class='ocrx_word' id='word_1_31' title='bbox 1097 649 1253 704; x_wconf 82' lang='grc' dir='ltr'>Ἀλλά</span> <span class='ocrx_word' id='word_1_32' title='bbox 1313 650 1485 704; x_wconf 88' lang='grc' dir='ltr'>ταῦτα</span> <span class='ocrx_word' id='word_1_33' title='bbox 1535 651 1781 720; x_wconf 80' lang='grc' dir='ltr'>λέγοντες</span> 
     </span>
    </p>
   </div>
   <div class='ocr_carea' id='block_1_9' title="bbox 193 736 1780 815">
    <p class='ocr_par' dir='ltr' id='par_1_9' title="bbox 193 736 1780 815">
     <span class='ocr_line' id='line_1_9' title="bbox 193 736 1780 815; baseline 0.007 -27"><span class='ocrx_word' id='word_1_34' title='bbox 193 736 292 789; x_wconf 81' lang='grc' dir='ltr'><strong>οὐκ</strong></span> <span class='ocrx_word' id='word_1_35' title='bbox 327 736 444 788; x_wconf 79' lang='grc' dir='ltr'>ἴστε</span> <span class='ocrx_word' id='word_1_36' title='bbox 475 737 575 807; x_wconf 81' lang='grc' dir='ltr'><strong>τὴν</strong></span> <span class='ocrx_word' id='word_1_37' title='bbox 605 738 726 793; x_wconf 84' lang='grc' dir='ltr'>καθ’</span> <span class='ocrx_word' id='word_1_38' title='bbox 760 739 913 810; x_wconf 88' lang='grc' dir='ltr'>ὐμῶν</span> <span class='ocrx_word' id='word_1_39' title='bbox 944 740 1253 811; x_wconf 77' lang='grc' dir='ltr'>ἐπιϐουλήν.</span> <span class='ocrx_word' id='word_1_40' title='bbox 1304 743 1390 806; x_wconf 80' lang='grc' dir='ltr'>Ὠς</span> <span class='ocrx_word' id='word_1_41' title='bbox 1422 744 1551 815; x_wconf 81' lang='grc' dir='ltr'>γὰρ,</span> <span class='ocrx_word' id='word_1_42' title='bbox 1579 745 1780 799; x_wconf 78' lang='grc' dir='ltr'>ὁπόταν</span> 
     </span>
    </p>
   </div>
   <div class='ocr_carea' id='block_1_10' title="bbox 191 826 1782 905">
    <p class='ocr_par' dir='ltr' id='par_1_10' title="bbox 191 826 1782 905">
     <span class='ocr_line' id='line_1_10' title="bbox 191 826 1782 905; baseline 0.007 -26"><span class='ocrx_word' id='word_1_43' title='bbox 191 826 286 879; x_wconf 77' lang='grc' dir='ltr'>ἕνα</span> <span class='ocrx_word' id='word_1_44' title='bbox 322 828 603 898; x_wconf 80' lang='grc' dir='ltr'>κάμνοντα</span> <span class='ocrx_word' id='word_1_45' title='bbox 637 830 816 883; x_wconf 79' lang='grc' dir='ltr'>πολλοὶ</span> <span class='ocrx_word' id='word_1_46' title='bbox 860 832 1031 901; x_wconf 75' lang='grc' dir='ltr'>ἰατροὶ</span> <span class='ocrx_word' id='word_1_47' title='bbox 1061 831 1379 902; x_wconf 80' lang='grc' dir='ltr'>θεραπεύειν</span> <span class='ocrx_word' id='word_1_48' title='bbox 1410 836 1782 905; x_wconf 75' lang='grc' dir='ltr'>ἐπαγγέλλων-</span> 
     </span>
    </p>
   </div>
   <div class='ocr_carea' id='block_1_11' title="bbox 190 918 1778 993">
    <p class='ocr_par' dir='ltr' id='par_1_11' title="bbox 190 918 1778 993">
     <span class='ocr_line' id='line_1_11' title="bbox 190 918 1778 993; baseline 0.008 -21"><span class='ocrx_word' id='word_1_49' title='bbox 190 918 281 973; x_wconf 73' lang='grc' dir='ltr'><strong>ται</strong></span> <span class='ocrx_word' id='word_1_50' title='bbox 300 921 349 951; x_wconf 80' lang='grc'><strong>⁸³</strong></span> <span class='ocrx_word' id='word_1_51' title='bbox 388 921 555 991; x_wconf 78' lang='grc' dir='ltr'>μηδὲν</span> <span class='ocrx_word' id='word_1_52' title='bbox 589 922 748 992; x_wconf 75' lang='grc'><strong>235</strong></span> <span class='ocrx_word' id='word_1_53' title='bbox 768 924 1073 993; x_wconf 85' lang='grc' dir='ltr'>δυνάμενοι,</span> <span class='ocrx_word' id='word_1_54' title='bbox 1094 922 1173 987; x_wconf 76' lang='grc' dir='ltr'>εἷς</span> <span class='ocrx_word' id='word_1_55' title='bbox 1205 926 1262 978; x_wconf 81' lang='grc' dir='ltr'>δέ</span> <span class='ocrx_word' id='word_1_56' title='bbox 1293 944 1377 990; x_wconf 85' lang='grc' dir='ltr'><strong>τις</strong></span> <span class='ocrx_word' id='word_1_57' title='bbox 1405 928 1572 991; x_wconf 80' lang='grc' dir='ltr'>ὅντως</span> <span class='ocrx_word' id='word_1_58' title='bbox 1598 930 1778 984; x_wconf 84' lang='grc' dir='ltr'>ίᾶσθαι</span> 
     </span>
    </p>
   </div>
   <div class='ocr_carea' id='block_1_12' title="bbox 187 1012 1779 1090">
    <p class='ocr_par' dir='ltr' id='par_1_12' title="bbox 187 1012 1779 1090">
     <span class='ocr_line' id='line_1_12' title="bbox 187 1012 1779 1090; baseline 0.004 -23"><span class='ocrx_word' id='word_1_59' title='bbox 187 1012 491 1083; x_wconf 77' lang='grc' dir='ltr'>δυνάμενος</span> <span class='ocrx_word' id='word_1_60' title='bbox 519 1014 618 1084; x_wconf 82' lang='grc' dir='ltr'>τὴν</span> <span class='ocrx_word' id='word_1_61' title='bbox 644 1014 807 1067; x_wconf 86' lang='grc' dir='ltr'>αὐτοῦ</span> <span class='ocrx_word' id='word_1_62' title='bbox 838 1014 1109 1069; x_wconf 78' lang='grc' dir='ltr'>ἀντίδοτον</span> <span class='ocrx_word' id='word_1_63' title='bbox 1133 1016 1205 1087; x_wconf 82' lang='grc' dir='ltr'><strong>μὴ</strong></span> <span class='ocrx_word' id='word_1_64' title='bbox 1229 1019 1547 1090; x_wconf 72' lang='grc' dir='ltr'>προσφέρει,</span> <span class='ocrx_word' id='word_1_65' title='bbox 1564 1019 1779 1089; x_wconf 89' lang='grc' dir='ltr'>λογισά-</span> 
     </span>
    </p>
   </div>
   <div class='ocr_carea' id='block_1_13' title="bbox 191 1106 1776 1181">
    <p class='ocr_par' dir='ltr' id='par_1_13' title="bbox 191 1106 1776 1181">
     <span class='ocr_line' id='line_1_13' title="bbox 191 1106 1776 1181; baseline 0.004 -23"><span class='ocrx_word' id='word_1_66' title='bbox 191 1124 352 1177; x_wconf 74' lang='grc' dir='ltr'>μενος</span> <span class='ocrx_word' id='word_1_67' title='bbox 383 1107 468 1159; x_wconf 86' lang='grc' dir='ltr'>ὅτι</span> <span class='ocrx_word' id='word_1_68' title='bbox 491 1145 507 1169; x_wconf 88' lang='grc'><strong>,</strong></span> <span class='ocrx_word' id='word_1_69' title='bbox 541 1106 607 1160; x_wconf 83' lang='grc' dir='ltr'><strong>ἂν</strong></span> <span class='ocrx_word' id='word_1_70' title='bbox 640 1107 801 1171; x_wconf 81' lang='grc' dir='ltr'>αὐτὸς</span> <span class='ocrx_word' id='word_1_71' title='bbox 833 1106 1165 1181; x_wconf 80' lang='grc' dir='ltr'>θεραπεύσῃ,</span> <span class='ocrx_word' id='word_1_72' title='bbox 1195 1108 1343 1162; x_wconf 76' lang='grc' dir='ltr'>ἄλλοι</span> <span class='ocrx_word' id='word_1_73' title='bbox 1366 1111 1776 1181; x_wconf 71' lang='grc' dir='ltr'>ἐπιγράφονται,</span> 
     </span>
    </p>
   </div>
   <div class='ocr_carea' id='block_1_14' title="bbox 186 1195 1778 1273">
    <p class='ocr_par' dir='ltr' id='par_1_14' title="bbox 186 1195 1778 1273">
     <span class='ocr_line' id='line_1_14' title="bbox 186 1195 1778 1273; baseline 0.004 -25"><span class='ocrx_word' id='word_1_74' title='bbox 186 1195 327 1249; x_wconf 81' lang='grc' dir='ltr'>οῦτω</span> <span class='ocrx_word' id='word_1_75' title='bbox 360 1198 458 1250; x_wconf 73' lang='grc' dir='ltr'><strong>καὶ</strong></span> <span class='ocrx_word' id='word_1_76' title='bbox 491 1199 519 1250; x_wconf 99' lang='lat'><strong>6</strong></span> <span class='ocrx_word' id='word_1_77' title='bbox 552 1197 683 1260; x_wconf 78' lang='grc' dir='ltr'>Θεὸς</span> <span class='ocrx_word' id='word_1_78' title='bbox 705 1238 719 1262; x_wconf 91' lang='grc'><strong>,</strong></span> <span class='ocrx_word' id='word_1_79' title='bbox 758 1198 895 1267; x_wconf 88' lang='grc' dir='ltr'><strong>μετά</strong></span> <span class='ocrx_word' id='word_1_80' title='bbox 929 1197 1134 1252; x_wconf 85' lang='grc' dir='ltr'>πολλῶν</span> <span class='ocrx_word' id='word_1_81' title='bbox 1162 1199 1485 1270; x_wconf 78' lang='grc' dir='ltr'>ἀξιούμενος</span> <span class='ocrx_word' id='word_1_82' title='bbox 1521 1201 1627 1254; x_wconf 86' lang='grc' dir='ltr'><strong>τῶν</strong></span> <span class='ocrx_word' id='word_1_83' title='bbox 1675 1221 1778 1273; x_wconf 82' lang='grc' dir='ltr'>μη-</span> 
     </span>
    </p>
   </div>
   <div class='ocr_carea' id='block_1_15' title="bbox 186 1287 1778 1363">
    <p class='ocr_par' dir='ltr' id='par_1_15' title="bbox 186 1287 1778 1363">
     <span class='ocr_line' id='line_1_15' title="bbox 186 1287 1778 1363; baseline 0.004 -24"><span class='ocrx_word' id='word_1_84' title='bbox 186 1287 273 1340; x_wconf 76' lang='grc' dir='ltr'><strong>δὲν</strong></span> <span class='ocrx_word' id='word_1_85' title='bbox 305 1288 651 1357; x_wconf 75' lang='grc' dir='ltr'>δυναμένων,</span> <span class='ocrx_word' id='word_1_86' title='bbox 686 1290 785 1341; x_wconf 87' lang='grc' dir='ltr'><strong>οὐκ</strong></span> <span class='ocrx_word' id='word_1_87' title='bbox 816 1288 1114 1359; x_wconf 81' lang='grc' dir='ltr'>εὐεργετεῖ.</span> <span class='ocrx_word' id='word_1_88' title='bbox 1150 1290 1213 1343; x_wconf 90' lang='grc' dir='ltr'>Τί</span> <span class='ocrx_word' id='word_1_89' title='bbox 1238 1287 1350 1357; x_wconf 82' lang='grc' dir='ltr'>οὖν,</span> <span class='ocrx_word' id='word_1_90' title='bbox 1382 1294 1565 1363; x_wconf 76' lang='grc' dir='ltr'>φησὶν,</span> <span class='ocrx_word' id='word_1_91' title='bbox 1599 1294 1626 1345; x_wconf 88' lang='grc' dir='ltr'><strong>ό</strong></span> <span class='ocrx_word' id='word_1_92' title='bbox 1648 1294 1778 1357; x_wconf 78' lang='grc' dir='ltr'>Θεὸς</span> 
     </span>
    </p>
   </div>
   <div class='ocr_carea' id='block_1_16' title="bbox 188 1378 1779 1456">
    <p class='ocr_par' dir='ltr' id='par_1_16' title="bbox 188 1378 1779 1456">
     <span class='ocr_line' id='line_1_16' title="bbox 188 1378 1779 1456; baseline 0.003 -22"><span class='ocrx_word' id='word_1_93' title='bbox 188 1379 279 1434; x_wconf 70' lang='grc' dir='ltr'><strong>ἐπὶ</strong></span> <span class='ocrx_word' id='word_1_94' title='bbox 319 1378 505 1449; x_wconf 82' lang='grc' dir='ltr'>τούτῳ</span> <span class='ocrx_word' id='word_1_95' title='bbox 546 1380 879 1448; x_wconf 84' lang='grc' dir='ltr'>ἀγανακτεῖ,</span> <span class='ocrx_word' id='word_1_96' title='bbox 935 1381 1029 1434; x_wconf 78' lang='grc' dir='ltr'><strong>ἐάν</strong></span> <span class='ocrx_word' id='word_1_97' title='bbox 1071 1398 1134 1450; x_wconf 89' lang='grc' dir='ltr'><strong>γε</strong></span> <span class='ocrx_word' id='word_1_98' title='bbox 1171 1382 1336 1436; x_wconf 87' lang='grc' dir='ltr'>αὐτοῦ</span> <span class='ocrx_word' id='word_1_99' title='bbox 1393 1383 1779 1456; x_wconf 86' lang='grc' dir='ltr'>θεραπεύοντος</span> 
     </span>
    </p>
   </div>
   <div class='ocr_carea' id='block_1_17' title="bbox 188 1468 1776 1545">
    <p class='ocr_par' dir='ltr' id='par_1_17' title="bbox 188 1468 1776 1545">
     <span class='ocr_line' id='line_1_17' title="bbox 188 1468 1776 1545; baseline 0.005 -23"><span class='ocrx_word' id='word_1_100' title='bbox 188 1468 342 1532; x_wconf 79' lang='grc' dir='ltr'>ἄλλος</span> <span class='ocrx_word' id='word_1_101' title='bbox 386 1470 762 1541; x_wconf 71' lang='grc' dir='ltr'>ἐπιγράφηται</span> <span class='ocrx_word' id='word_1_102' title='bbox 783 1470 868 1536; x_wconf 69' lang='grc'><strong>⁸⁵;</strong></span> <span class='ocrx_word' id='word_1_103' title='bbox 919 1472 1100 1542; x_wconf 82' lang='grc' dir='ltr'>Φημὶ,</span> <span class='ocrx_word' id='word_1_104' title='bbox 1134 1474 1182 1526; x_wconf 88' lang='grc' dir='ltr'><strong>εί</strong></span> <span class='ocrx_word' id='word_1_105' title='bbox 1216 1474 1309 1527; x_wconf 74' lang='grc' dir='ltr'><strong>καὶ</strong></span> <span class='ocrx_word' id='word_1_106' title='bbox 1343 1475 1416 1545; x_wconf 86' lang='grc' dir='ltr'>μὴ</span> <span class='ocrx_word' id='word_1_107' title='bbox 1451 1477 1776 1544; x_wconf 81' lang='grc' dir='ltr'>ἀγανακτεῖ,</span> 
     </span>
    </p>
   </div>
   <div class='ocr_carea' id='block_1_18' title="bbox 190 1554 1775 1635">
    <p class='ocr_par' dir='ltr' id='par_1_18' title="bbox 190 1554 1775 1635">
     <span class='ocr_line' id='line_1_18' title="bbox 190 1554 1775 1635; baseline 0.005 -23"><span class='ocrx_word' id='word_1_108' title='bbox 190 1558 299 1612; x_wconf 83' lang='grc' dir='ltr'>ἀλλ’</span> <span class='ocrx_word' id='word_1_109' title='bbox 334 1554 429 1613; x_wconf 83' lang='grc' dir='ltr'><strong>οῦν</strong></span> <span class='ocrx_word' id='word_1_110' title='bbox 456 1576 522 1627; x_wconf 89' lang='grc' dir='ltr'><strong>γε</strong></span> <span class='ocrx_word' id='word_1_111' title='bbox 555 1560 617 1613; x_wconf 84' lang='grc' dir='ltr'><strong>οὐ</strong></span> <span class='ocrx_word' id='word_1_112' title='bbox 641 1559 780 1613; x_wconf 79' lang='grc' dir='ltr'>θέλει</span> <span class='ocrx_word' id='word_1_113' title='bbox 803 1560 847 1592; x_wconf 81' lang='grc'><strong>⁸⁸</strong></span> <span class='ocrx_word' id='word_1_114' title='bbox 875 1560 973 1633; x_wconf 76' lang='grc' dir='ltr'>τῆς</span> <span class='ocrx_word' id='word_1_115' title='bbox 994 1561 1209 1634; x_wconf 84' lang='grc' dir='ltr'><strong>ἀπάτης</strong></span> <span class='ocrx_word' id='word_1_116' title='bbox 1233 1565 1487 1635; x_wconf 84' lang='grc' dir='ltr'>συνεργὸς</span> <span class='ocrx_word' id='word_1_117' title='bbox 1508 1566 1775 1633; x_wconf 81' lang='grc' dir='ltr'>γενέσθαι.</span> 
     </span>
    </p>
   </div>
   <div class='ocr_carea' id='block_1_19' title="bbox 191 1650 1779 1727">
    <p class='ocr_par' dir='ltr' id='par_1_19' title="bbox 191 1650 1779 1727">
     <span class='ocr_line' id='line_1_19' title="bbox 191 1650 1779 1727; baseline 0.004 -24"><span class='ocrx_word' id='word_1_118' title='bbox 191 1650 363 1704; x_wconf 71' lang='grc' dir='ltr'>Αὐτοῦ</span> <span class='ocrx_word' id='word_1_119' title='bbox 384 1652 498 1721; x_wconf 81' lang='grc' dir='ltr'>γὰρ</span> <span class='ocrx_word' id='word_1_120' title='bbox 527 1651 983 1723; x_wconf 80' lang='grc' dir='ltr'>εὐεργετήσαντος</span> <span class='ocrx_word' id='word_1_121' title='bbox 1000 1654 1094 1708; x_wconf 72' lang='grc' dir='ltr'><strong>καὶ</strong></span> <span class='ocrx_word' id='word_1_122' title='bbox 1113 1654 1174 1706; x_wconf 82' lang='grc' dir='ltr'><strong>τὸ</strong></span> <span class='ocrx_word' id='word_1_123' title='bbox 1197 1655 1360 1724; x_wconf 83' lang='grc' dir='ltr'>μηδὲν</span> <span class='ocrx_word' id='word_1_124' title='bbox 1383 1656 1611 1727; x_wconf 84' lang='grc' dir='ltr'>ποιῆσαν</span> <span class='ocrx_word' id='word_1_125' title='bbox 1627 1656 1779 1710; x_wconf 81' lang='grc' dir='ltr'>εἴδω-</span> 
     </span>
    </p>
   </div>
   <div class='ocr_carea' id='block_1_20' title="bbox 1882 471 2778 539">
    <p class='ocr_par' dir='ltr' id='par_1_20' title="bbox 1882 471 2778 539">
     <span class='ocr_line' id='line_1_20' title="bbox 1882 471 2778 539; baseline -0.002 -13"><span class='ocrx_word' id='word_1_126' title='bbox 1882 471 2043 533; x_wconf 88' lang='lat' dir='ltr'><strong>liciis,</strong></span> <span class='ocrx_word' id='word_1_127' title='bbox 2082 479 2232 539; x_wconf 88' lang='lat' dir='ltr'><strong>grata</strong></span> <span class='ocrx_word' id='word_1_128' title='bbox 2260 471 2598 524; x_wconf 82' lang='lat' dir='ltr'><strong>remunerari</strong></span> <span class='ocrx_word' id='word_1_129' title='bbox 2626 484 2778 524; x_wconf 88' lang='lat' dir='ltr'><strong>voce.</strong></span> 
     </span>
    </p>
   </div>
   <div class='ocr_carea' id='block_1_21' title="bbox 1952 558 3446 631">
    <p class='ocr_par' dir='ltr' id='par_1_21' title="bbox 1952 558 3446 631">
     <span class='ocr_line' id='line_1_21' title="bbox 1952 558 3446 631; baseline 0 -18"><span class='ocrx_word' id='word_1_130' title='bbox 1952 560 2045 615; x_wconf 82' lang='grc' dir='ltr'>ΙΧ.</span> <span class='ocrx_word' id='word_1_131' title='bbox 2086 559 2190 614; x_wconf 85' lang='lat' dir='ltr'><strong>Sed</strong></span> <span class='ocrx_word' id='word_1_132' title='bbox 2214 598 2229 621; x_wconf 90' lang='lat'><strong>,</strong></span> <span class='ocrx_word' id='word_1_133' title='bbox 2264 558 2476 628; x_wconf 77' lang='lat' dir='ltr'><strong>inquit,</strong></span> <span class='ocrx_word' id='word_1_134' title='bbox 2510 559 2705 614; x_wconf 86' lang='lat' dir='ltr'><strong>melius</strong></span> <span class='ocrx_word' id='word_1_135' title='bbox 2750 558 3015 629; x_wconf 80' lang='lat' dir='ltr'><strong>facimus,</strong></span> <span class='ocrx_word' id='word_1_136' title='bbox 3046 561 3138 631; x_wconf 87' lang='lat' dir='ltr'><strong>qui</strong></span> <span class='ocrx_word' id='word_1_137' title='bbox 3174 560 3225 615; x_wconf 88' lang='lat' dir='ltr'><strong>ei</strong></span> <span class='ocrx_word' id='word_1_138' title='bbox 3263 560 3446 615; x_wconf 86' lang='lat' dir='ltr'><strong>omni-</strong></span> 
     </span>
    </p>
   </div>
   <div class='ocr_carea' id='block_1_22' title="bbox 1879 651 3447 724">
    <p class='ocr_par' dir='ltr' id='par_1_22' title="bbox 1879 651 3447 724">
     <span class='ocr_line' id='line_1_22' title="bbox 1879 651 3447 724; baseline -0.002 -14"><span class='ocrx_word' id='word_1_139' title='bbox 1879 655 2093 724; x_wconf 84' lang='lat' dir='ltr'><strong>basque</strong></span> <span class='ocrx_word' id='word_1_140' title='bbox 2124 652 2288 707; x_wconf 85' lang='lat' dir='ltr'><strong>simul</strong></span> <span class='ocrx_word' id='word_1_141' title='bbox 2327 652 2541 721; x_wconf 84' lang='lat' dir='ltr'><strong>gratias</strong></span> <span class='ocrx_word' id='word_1_142' title='bbox 2568 653 2799 722; x_wconf 79' lang='lat' dir='ltr'><strong>agimus.</strong></span> <span class='ocrx_word' id='word_1_143' title='bbox 2829 651 3025 708; x_wconf 85' lang='lat' dir='ltr'><strong>Verum</strong></span> <span class='ocrx_word' id='word_1_144' title='bbox 3054 655 3167 709; x_wconf 72' lang='lat' dir='ltr'><strong>haec</strong></span> <span class='ocrx_word' id='word_1_145' title='bbox 3214 654 3447 709; x_wconf 89' lang='lat' dir='ltr'><strong>dicendo</strong></span> 
     </span>
    </p>
   </div>
   <div class='ocr_carea' id='block_1_23' title="bbox 1881 744 3448 815">
    <p class='ocr_par' dir='ltr' id='par_1_23' title="bbox 1881 744 3448 815">
     <span class='ocr_line' id='line_1_23' title="bbox 1881 744 3448 815; baseline -0.003 -14"><span class='ocrx_word' id='word_1_146' title='bbox 1881 763 1990 801; x_wconf 91' lang='lat' dir='ltr'><strong>non</strong></span> <span class='ocrx_word' id='word_1_147' title='bbox 2030 744 2332 815; x_wconf 85' lang='lat' dir='ltr'><strong>intelligitis</strong></span> <span class='ocrx_word' id='word_1_148' title='bbox 2367 751 2605 797; x_wconf 90' lang='lat' dir='ltr'><strong>structas</strong></span> <span class='ocrx_word' id='word_1_149' title='bbox 2628 744 2780 798; x_wconf 87' lang='lat' dir='ltr'><strong>vobis</strong></span> <span class='ocrx_word' id='word_1_150' title='bbox 2811 744 3053 798; x_wconf 82' lang='lat' dir='ltr'><strong>insidias.</strong></span> <span class='ocrx_word' id='word_1_151' title='bbox 3083 745 3448 808; x_wconf 82' lang='lat' dir='ltr'><strong>Quemadmo-</strong></span> 
     </span>
    </p>
   </div>
   <div class='ocr_carea' id='block_1_24' title="bbox 1880 831 3445 903">
    <p class='ocr_par' dir='ltr' id='par_1_24' title="bbox 1880 831 3445 903">
     <span class='ocr_line' id='line_1_24' title="bbox 1880 831 3445 903; baseline -0.004 -11"><span class='ocrx_word' id='word_1_152' title='bbox 1880 838 2007 899; x_wconf 87' lang='lat' dir='ltr'><strong>dum</strong></span> <span class='ocrx_word' id='word_1_153' title='bbox 2034 836 2179 890; x_wconf 90' lang='lat' dir='ltr'><strong>cnim</strong></span> <span class='ocrx_word' id='word_1_154' title='bbox 2212 876 2227 899; x_wconf 90' lang='lat'><strong>,</strong></span> <span class='ocrx_word' id='word_1_155' title='bbox 2254 833 2475 903; x_wconf 89' lang='lat' dir='ltr'><strong>quando</strong></span> <span class='ocrx_word' id='word_1_156' title='bbox 2502 847 2670 885; x_wconf 91' lang='lat' dir='ltr'><strong>unum</strong></span> <span class='ocrx_word' id='word_1_157' title='bbox 2695 847 2897 901; x_wconf 78' lang='lat' dir='ltr'><strong>:egrum</strong></span> <span class='ocrx_word' id='word_1_158' title='bbox 2924 831 3079 885; x_wconf 89' lang='lat' dir='ltr'><strong>multi</strong></span> <span class='ocrx_word' id='word_1_159' title='bbox 3114 832 3327 897; x_wconf 88' lang='lat' dir='ltr'><strong>medici,</strong></span> <span class='ocrx_word' id='word_1_160' title='bbox 3350 833 3445 902; x_wconf 89' lang='lat' dir='ltr'><strong>qui</strong></span> 
     </span>
    </p>
   </div>
   <div class='ocr_carea' id='block_1_25' title="bbox 1880 923 3445 996">
    <p class='ocr_par' dir='ltr' id='par_1_25' title="bbox 1880 923 3445 996">
     <span class='ocr_line' id='line_1_25' title="bbox 1880 923 3445 996; baseline -0.003 -14"><span class='ocrx_word' id='word_1_161' title='bbox 1880 928 2018 983; x_wconf 88' lang='lat' dir='ltr'><strong>nihil</strong></span> <span class='ocrx_word' id='word_1_162' title='bbox 2046 935 2297 996; x_wconf 89' lang='lat' dir='ltr'><strong>possunt,</strong></span> <span class='ocrx_word' id='word_1_163' title='bbox 2334 924 2665 995; x_wconf 89' lang='lat' dir='ltr'><strong>promittunt</strong></span> <span class='ocrx_word' id='word_1_164' title='bbox 2694 939 2908 987; x_wconf 88' lang='lat' dir='ltr'><strong>curare,</strong></span> <span class='ocrx_word' id='word_1_165' title='bbox 2937 938 3109 988; x_wconf 89' lang='lat' dir='ltr'><strong>unus,</strong></span> <span class='ocrx_word' id='word_1_166' title='bbox 3135 923 3227 991; x_wconf 91' lang='lat' dir='ltr'><strong>qui</strong></span> <span class='ocrx_word' id='word_1_167' title='bbox 3258 938 3445 978; x_wconf 78' lang='lat' dir='ltr'><strong>revera</strong></span> 
     </span>
    </p>
   </div>
   <div class='ocr_carea' id='block_1_26' title="bbox 1880 1014 3445 1090">
    <p class='ocr_par' dir='ltr' id='par_1_26' title="bbox 1880 1014 3445 1090">
     <span class='ocr_line' id='line_1_26' title="bbox 1880 1014 3445 1090; baseline -0.004 -18"><span class='ocrx_word' id='word_1_168' title='bbox 1880 1028 2056 1090; x_wconf 90' lang='lat' dir='ltr'><strong>potest</strong></span> <span class='ocrx_word' id='word_1_169' title='bbox 2082 1017 2309 1081; x_wconf 85' lang='lat' dir='ltr'><strong>mederi,</strong></span> <span class='ocrx_word' id='word_1_170' title='bbox 2339 1014 2639 1070; x_wconf 87' lang='lat' dir='ltr'><strong>remedium</strong></span> <span class='ocrx_word' id='word_1_171' title='bbox 2668 1029 2828 1069; x_wconf 91' lang='lat' dir='ltr'><strong>suum</strong></span> <span class='ocrx_word' id='word_1_172' title='bbox 2851 1029 2958 1067; x_wconf 93' lang='lat' dir='ltr'><strong>non</strong></span> <span class='ocrx_word' id='word_1_173' title='bbox 2990 1014 3236 1084; x_wconf 80' lang='lat' dir='ltr'><strong>porrigit,</strong></span> <span class='ocrx_word' id='word_1_174' title='bbox 3260 1029 3445 1067; x_wconf 80' lang='lat' dir='ltr'><strong>secum</strong></span> 
     </span>
    </p>
   </div>
   <div class='ocr_carea' id='block_1_27' title="bbox 1879 1104 3443 1178">
    <p class='ocr_par' dir='ltr' id='par_1_27' title="bbox 1879 1104 3443 1178">
     <span class='ocr_line' id='line_1_27' title="bbox 1879 1104 3443 1178; baseline -0.003 -15"><span class='ocrx_word' id='word_1_175' title='bbox 1879 1117 2159 1178; x_wconf 78' lang='lat' dir='ltr'><strong>reputans,</strong></span> <span class='ocrx_word' id='word_1_176' title='bbox 2184 1106 2351 1176; x_wconf 92' lang='lat' dir='ltr'><strong>quod,</strong></span> <span class='ocrx_word' id='word_1_177' title='bbox 2373 1104 2474 1160; x_wconf 90' lang='lat' dir='ltr'><strong>etsi</strong></span> <span class='ocrx_word' id='word_1_178' title='bbox 2496 1104 2608 1173; x_wconf 89' lang='lat' dir='ltr'><strong>ipse</strong></span> <span class='ocrx_word' id='word_1_179' title='bbox 2630 1105 2923 1168; x_wconf 81' lang='lat' dir='ltr'><strong>sanaverit,</strong></span> <span class='ocrx_word' id='word_1_180' title='bbox 2947 1104 3271 1158; x_wconf 82' lang='lat' dir='ltr'><strong>attribuctnr</strong></span> <span class='ocrx_word' id='word_1_181' title='bbox 3292 1104 3443 1158; x_wconf 85' lang='lat' dir='ltr'><strong>aliis:</strong></span> 
     </span>
    </p>
   </div>
   <div class='ocr_carea' id='block_1_28' title="bbox 1882 1196 3446 1266">
    <p class='ocr_par' dir='ltr' id='par_1_28' title="bbox 1882 1196 3446 1266">
     <span class='ocr_line' id='line_1_28' title="bbox 1882 1196 3446 1266; baseline -0.003 -13"><span class='ocrx_word' id='word_1_182' title='bbox 1882 1199 1957 1254; x_wconf 91' lang='lat' dir='ltr'><strong>ita</strong></span> <span class='ocrx_word' id='word_1_183' title='bbox 1991 1209 2047 1254; x_wconf 90' lang='lat' dir='ltr'><strong>et</strong></span> <span class='ocrx_word' id='word_1_184' title='bbox 2077 1198 2251 1263; x_wconf 91' lang='lat' dir='ltr'><strong>Deus,</strong></span> <span class='ocrx_word' id='word_1_185' title='bbox 2283 1213 2391 1251; x_wconf 90' lang='lat' dir='ltr'><strong>una</strong></span> <span class='ocrx_word' id='word_1_186' title='bbox 2420 1214 2543 1253; x_wconf 91' lang='lat' dir='ltr'><strong>cum</strong></span> <span class='ocrx_word' id='word_1_187' title='bbox 2586 1198 2773 1251; x_wconf 89' lang='lat' dir='ltr'><strong>multis</strong></span> <span class='ocrx_word' id='word_1_188' title='bbox 2793 1196 2884 1266; x_wconf 91' lang='lat' dir='ltr'><strong>qui</strong></span> <span class='ocrx_word' id='word_1_189' title='bbox 2922 1196 3058 1249; x_wconf 86' lang='lat' dir='ltr'><strong>nihil</strong></span> <span class='ocrx_word' id='word_1_190' title='bbox 3107 1205 3334 1265; x_wconf 88' lang='lat' dir='ltr'><strong>possunt</strong></span> <span class='ocrx_word' id='word_1_191' title='bbox 3358 1210 3446 1249; x_wconf 89' lang='lat' dir='ltr'><strong>ro-</strong></span> 
     </span>
    </p>
   </div>
   <div class='ocr_carea' id='block_1_29' title="bbox 1880 1287 3443 1361">
    <p class='ocr_par' dir='ltr' id='par_1_29' title="bbox 1880 1287 3443 1361">
     <span class='ocr_line' id='line_1_29' title="bbox 1880 1287 3443 1361; baseline -0.003 -16"><span class='ocrx_word' id='word_1_192' title='bbox 1880 1299 2059 1359; x_wconf 80' lang='lat' dir='ltr'><strong>gatus,</strong></span> <span class='ocrx_word' id='word_1_193' title='bbox 2090 1306 2197 1345; x_wconf 89' lang='lat' dir='ltr'><strong>non</strong></span> <span class='ocrx_word' id='word_1_194' title='bbox 2227 1298 2446 1361; x_wconf 74' lang='lat' dir='ltr'><strong>praestat</strong></span> <span class='ocrx_word' id='word_1_195' title='bbox 2475 1289 2823 1344; x_wconf 89' lang='lat' dir='ltr'><strong>benelicium.</strong></span> <span class='ocrx_word' id='word_1_196' title='bbox 2867 1287 3007 1353; x_wconf 85' lang='lat' dir='ltr'><strong>Quid</strong></span> <span class='ocrx_word' id='word_1_197' title='bbox 3055 1303 3215 1357; x_wconf 85' lang='lat' dir='ltr'><strong>ergo,</strong></span> <span class='ocrx_word' id='word_1_198' title='bbox 3249 1287 3443 1357; x_wconf 88' lang='lat' dir='ltr'><strong>inquit,</strong></span> 
     </span>
    </p>
   </div>
   <div class='ocr_carea' id='block_1_30' title="bbox 1882 1378 3447 1452">
    <p class='ocr_par' dir='ltr' id='par_1_30' title="bbox 1882 1378 3447 1452">
     <span class='ocr_line' id='line_1_30' title="bbox 1882 1378 3447 1452; baseline -0.001 -19"><span class='ocrx_word' id='word_1_199' title='bbox 1882 1380 2024 1435; x_wconf 91' lang='lat' dir='ltr'><strong>Deus</strong></span> <span class='ocrx_word' id='word_1_200' title='bbox 2054 1382 2244 1435; x_wconf 81' lang='lat' dir='ltr'><strong>idenne</strong></span> <span class='ocrx_word' id='word_1_201' title='bbox 2281 1381 2617 1452; x_wconf 69' lang='lat' dir='ltr'><strong>indignatur,</strong></span> <span class='ocrx_word' id='word_1_202' title='bbox 2650 1379 2729 1443; x_wconf 89' lang='lat' dir='ltr'><strong>si,</strong></span> <span class='ocrx_word' id='word_1_203' title='bbox 2767 1394 2892 1434; x_wconf 89' lang='lat' dir='ltr'><strong>cum</strong></span> <span class='ocrx_word' id='word_1_204' title='bbox 2928 1379 3041 1447; x_wconf 89' lang='lat' dir='ltr'><strong>ipse</strong></span> <span class='ocrx_word' id='word_1_205' title='bbox 3066 1386 3237 1443; x_wconf 88' lang='lat' dir='ltr'><strong>curet,</strong></span> <span class='ocrx_word' id='word_1_206' title='bbox 3276 1378 3447 1433; x_wconf 87' lang='lat' dir='ltr'><strong>ascri-</strong></span> 
     </span>
    </p>
   </div>
   <div class='ocr_carea' id='block_1_31' title="bbox 1880 1468 3453 1539">
    <p class='ocr_par' dir='ltr' id='par_1_31' title="bbox 1880 1468 3453 1539">
     <span class='ocr_line' id='line_1_31' title="bbox 1880 1468 3453 1539; baseline -0.003 -13"><span class='ocrx_word' id='word_1_207' title='bbox 1880 1471 2038 1526; x_wconf 88' lang='lat' dir='ltr'><strong>batur</strong></span> <span class='ocrx_word' id='word_1_208' title='bbox 2070 1470 2260 1523; x_wconf 85' lang='lat' dir='ltr'><strong>alteri?</strong></span> <span class='ocrx_word' id='word_1_209' title='bbox 2286 1468 2628 1539; x_wconf 79' lang='lat' dir='ltr'><strong>Respondeo,</strong></span> <span class='ocrx_word' id='word_1_210' title='bbox 2662 1469 2789 1523; x_wconf 90' lang='lat' dir='ltr'><strong>licet</strong></span> <span class='ocrx_word' id='word_1_211' title='bbox 2821 1484 2926 1522; x_wconf 93' lang='lat' dir='ltr'><strong>non</strong></span> <span class='ocrx_word' id='word_1_212' title='bbox 2957 1468 3283 1538; x_wconf 78' lang='lat' dir='ltr'><strong>indignetur.</strong></span> <span class='ocrx_word' id='word_1_213' title='bbox 3313 1477 3453 1523; x_wconf 72' lang='lat' dir='ltr'><strong>atta-</strong></span> 
     </span>
    </p>
   </div>
   <div class='ocr_carea' id='block_1_32' title="bbox 1880 1558 3443 1630">
    <p class='ocr_par' dir='ltr' id='par_1_32' title="bbox 1880 1558 3443 1630">
     <span class='ocr_line' id='line_1_32' title="bbox 1880 1558 3443 1630; baseline -0.003 -11"><span class='ocrx_word' id='word_1_214' title='bbox 1880 1579 2005 1619; x_wconf 88' lang='lat' dir='ltr'><strong>men</strong></span> <span class='ocrx_word' id='word_1_215' title='bbox 2035 1578 2140 1616; x_wconf 90' lang='lat' dir='ltr'><strong>non</strong></span> <span class='ocrx_word' id='word_1_216' title='bbox 2179 1563 2293 1616; x_wconf 83' lang='lat' dir='ltr'><strong>vult</strong></span> <span class='ocrx_word' id='word_1_217' title='bbox 2318 1578 2441 1617; x_wconf 91' lang='lat' dir='ltr'><strong>esse</strong></span> <span class='ocrx_word' id='word_1_218' title='bbox 2471 1562 2675 1615; x_wconf 88' lang='lat' dir='ltr'><strong>erroris</strong></span> <span class='ocrx_word' id='word_1_219' title='bbox 2704 1560 2942 1630; x_wconf 88' lang='lat' dir='ltr'><strong>adjutor.</strong></span> <span class='ocrx_word' id='word_1_220' title='bbox 2975 1558 3269 1629; x_wconf 89' lang='lat' dir='ltr'><strong>Postquam</strong></span> <span class='ocrx_word' id='word_1_221' title='bbox 3297 1562 3443 1616; x_wconf 89' lang='lat' dir='ltr'><strong>enim</strong></span> 
     </span>
    </p>
   </div>
   <div class='ocr_carea' id='block_1_33' title="bbox 1882 1649 3448 1722">
    <p class='ocr_par' dir='ltr' id='par_1_33' title="bbox 1882 1649 3448 1722">
     <span class='ocr_line' id='line_1_33' title="bbox 1882 1649 3448 1722; baseline -0.001 -17"><span class='ocrx_word' id='word_1_222' title='bbox 1882 1653 1995 1722; x_wconf 91' lang='lat' dir='ltr'><strong>ipse</strong></span> <span class='ocrx_word' id='word_1_223' title='bbox 2023 1651 2289 1707; x_wconf 79' lang='lat' dir='ltr'><strong>benefecit</strong></span> <span class='ocrx_word' id='word_1_224' title='bbox 2314 1694 2328 1717; x_wconf 91' lang='lat'><strong>,</strong></span> <span class='ocrx_word' id='word_1_225' title='bbox 2361 1652 2521 1706; x_wconf 88' lang='lat' dir='ltr'><strong>etiam</strong></span> <span class='ocrx_word' id='word_1_226' title='bbox 2550 1651 2779 1716; x_wconf 91' lang='lat' dir='ltr'><strong>idolum,</strong></span> <span class='ocrx_word' id='word_1_227' title='bbox 2807 1650 2949 1719; x_wconf 89' lang='lat' dir='ltr'><strong>quod</strong></span> <span class='ocrx_word' id='word_1_228' title='bbox 2975 1649 3108 1703; x_wconf 84' lang='lat' dir='ltr'><strong>nihil</strong></span> <span class='ocrx_word' id='word_1_229' title='bbox 3133 1651 3242 1720; x_wconf 84' lang='lat' dir='ltr'><strong>egit</strong></span> <span class='ocrx_word' id='word_1_230' title='bbox 3268 1690 3282 1712; x_wconf 90' lang='lat'><strong>,</strong></span> <span class='ocrx_word' id='word_1_231' title='bbox 3321 1659 3448 1703; x_wconf 90' lang='lat' dir='ltr'><strong>tan-</strong></span> 
     </span>
    </p>
   </div>
   <div class='ocr_carea' id='block_1_34' title="bbox 189 1739 1772 1819">
    <p class='ocr_par' dir='ltr' id='par_1_34' title="bbox 189 1743 1772 1819">
     <span class='ocr_line' id='line_1_34' title="bbox 189 1743 1772 1819; baseline 0.004 -24"><span class='ocrx_word' id='word_1_232' title='bbox 189 1743 275 1796; x_wconf 88' lang='grc' dir='ltr'><strong>λον</strong></span> <span class='ocrx_word' id='word_1_233' title='bbox 308 1744 388 1807; x_wconf 85' lang='grc' dir='ltr'><strong>ῶς</strong></span> <span class='ocrx_word' id='word_1_234' title='bbox 431 1744 661 1816; x_wconf 79' lang='grc' dir='ltr'>δυνηθὲν</span> <span class='ocrx_word' id='word_1_235' title='bbox 706 1744 1008 1800; x_wconf 84' lang='grc' dir='ltr'>πιστοῦται.</span> <span class='ocrx_word' id='word_1_236' title='bbox 1058 1746 1215 1800; x_wconf 82' lang='grc' dir='ltr'>Ἀλλά</span> <span class='ocrx_word' id='word_1_237' title='bbox 1266 1746 1417 1815; x_wconf 86' lang='grc' dir='ltr'>κάγώ</span> <span class='ocrx_word' id='word_1_238' title='bbox 1468 1750 1606 1819; x_wconf 83' lang='grc' dir='ltr'>φημί</span> <span class='ocrx_word' id='word_1_239' title='bbox 1657 1766 1772 1816; x_wconf 81' lang='grc' dir='ltr'>σοι,</span> 
     </span>
    </p>
   </div>
   <div class='ocr_carea' id='block_1_35' title="bbox 1874 1739 3441 1819">
    <p class='ocr_par' dir='ltr' id='par_1_35' title="bbox 1880 1739 3441 1814">
     <span class='ocr_line' id='line_1_35' title="bbox 1880 1739 3441 1814; baseline -0.003 -17"><span class='ocrx_word' id='word_1_240' title='bbox 1880 1759 2042 1814; x_wconf 88' lang='lat' dir='ltr'><strong>quam</strong></span> <span class='ocrx_word' id='word_1_241' title='bbox 2094 1741 2283 1797; x_wconf 73' lang='lat' dir='ltr'><strong>ellicax</strong></span> <span class='ocrx_word' id='word_1_242' title='bbox 2335 1742 2493 1795; x_wconf 79' lang='lat' dir='ltr'><strong>[idem</strong></span> <span class='ocrx_word' id='word_1_243' title='bbox 2541 1741 2757 1809; x_wconf 89' lang='lat' dir='ltr'><strong>accipit.</strong></span> <span class='ocrx_word' id='word_1_244' title='bbox 2812 1739 2917 1795; x_wconf 88' lang='lat' dir='ltr'><strong>Sed</strong></span> <span class='ocrx_word' id='word_1_245' title='bbox 2955 1748 3008 1793; x_wconf 90' lang='lat' dir='ltr'><strong>et</strong></span> <span class='ocrx_word' id='word_1_246' title='bbox 3038 1754 3137 1808; x_wconf 77' lang='lat' dir='ltr'><strong>ego</strong></span> <span class='ocrx_word' id='word_1_247' title='bbox 3170 1739 3265 1793; x_wconf 91' lang='lat' dir='ltr'><strong>tibi</strong></span> <span class='ocrx_word' id='word_1_248' title='bbox 3296 1740 3441 1804; x_wconf 89' lang='lat' dir='ltr'><strong>dico,</strong></span> 
     </span>
    </p>
   </div>
   <div class='ocr_carea' id='block_1_36' title="bbox 190 1834 1776 1912">
    <p class='ocr_par' dir='ltr' id='par_1_36' title="bbox 190 1834 1776 1912">
     <span class='ocr_line' id='line_1_36' title="bbox 190 1834 1776 1912; baseline 0.005 -25"><span class='ocrx_word' id='word_1_249' title='bbox 190 1837 233 1887; x_wconf 82' lang='grc' dir='ltr'><strong>εί</strong></span> <span class='ocrx_word' id='word_1_250' title='bbox 260 1835 306 1866; x_wconf 75' lang='grc'>⁸⁸</span> <span class='ocrx_word' id='word_1_251' title='bbox 344 1834 422 1905; x_wconf 74' lang='grc' dir='ltr'>μὴ</span> <span class='ocrx_word' id='word_1_252' title='bbox 458 1836 703 1904; x_wconf 82' lang='grc' dir='ltr'>φυσικῶς</span> <span class='ocrx_word' id='word_1_253' title='bbox 732 1836 952 1908; x_wconf 69' lang='grc' dir='ltr'>ἠδίκητο</span> <span class='ocrx_word' id='word_1_254' title='bbox 995 1838 1130 1910; x_wconf 82' lang='grc' dir='ltr'>πρὸς</span> <span class='ocrx_word' id='word_1_255' title='bbox 1175 1838 1474 1911; x_wconf 77' lang='grc' dir='ltr'>ἀναίσθητα</span> <span class='ocrx_word' id='word_1_256' title='bbox 1505 1841 1776 1912; x_wconf 81' lang='grc' dir='ltr'>ἐπτοημέ-</span> 
     </span>
    </p>
   </div>
   <div class='ocr_carea' id='block_1_37' title="bbox 192 1926 1777 2002">
    <p class='ocr_par' dir='ltr' id='par_1_37' title="bbox 192 1926 1777 2002">
     <span class='ocr_line' id='line_1_37' title="bbox 192 1926 1777 2002; baseline 0.003 -23"><span class='ocrx_word' id='word_1_257' title='bbox 192 1944 273 1989; x_wconf 80' lang='grc' dir='ltr'><strong>νος</strong></span> <span class='ocrx_word' id='word_1_258' title='bbox 304 1927 444 1995; x_wconf 71' lang='lat'><strong>(29),</strong></span> <span class='ocrx_word' id='word_1_259' title='bbox 473 1926 605 1990; x_wconf 75' lang='grc' dir='ltr'>ἴσως</span> <span class='ocrx_word' id='word_1_260' title='bbox 620 1926 685 1979; x_wconf 81' lang='grc' dir='ltr'><strong>ἂν</strong></span> <span class='ocrx_word' id='word_1_261' title='bbox 728 1928 820 1981; x_wconf 75' lang='grc' dir='ltr'><strong>καὶ</strong></span> <span class='ocrx_word' id='word_1_262' title='bbox 849 1928 1007 1982; x_wconf 88' lang='grc' dir='ltr'>τοῦτο</span> <span class='ocrx_word' id='word_1_263' title='bbox 1046 1930 1454 2000; x_wconf 80' lang='grc' dir='ltr'>ὐπομεμενήκει</span> <span class='ocrx_word' id='word_1_264' title='bbox 1474 1947 1487 1961; x_wconf 76' lang='grc' dir='ltr'><strong>ο</strong></span> <span class='ocrx_word' id='word_1_265' title='bbox 1507 1931 1585 1983; x_wconf 78' lang='grc' dir='ltr'><strong>διὸ</strong></span> <span class='ocrx_word' id='word_1_266' title='bbox 1602 1933 1777 2002; x_wconf 72' lang='grc' dir='ltr'>νήψα-</span> 
     </span>
    </p>
   </div>
   <div class='ocr_carea' id='block_1_38' title="bbox 192 2018 1777 2090">
    <p class='ocr_par' dir='ltr' id='par_1_38' title="bbox 192 2018 1777 2090">
     <span class='ocr_line' id='line_1_38' title="bbox 192 2018 1777 2090; baseline 0.003 -19"><span class='ocrx_word' id='word_1_267' title='bbox 192 2034 249 2071; x_wconf 84' lang='grc' dir='ltr'><strong>τε</strong></span> <span class='ocrx_word' id='word_1_268' title='bbox 274 2019 390 2084; x_wconf 79' lang='grc'><strong>(50)</strong></span> <span class='ocrx_word' id='word_1_269' title='bbox 425 2018 567 2089; x_wconf 80' lang='grc' dir='ltr'>ὑπὲρ</span> <span class='ocrx_word' id='word_1_270' title='bbox 594 2019 692 2089; x_wconf 82' lang='grc' dir='ltr'>τῆς</span> <span class='ocrx_word' id='word_1_271' title='bbox 722 2020 993 2090; x_wconf 80' lang='grc' dir='ltr'>σωτηρίας</span> <span class='ocrx_word' id='word_1_272' title='bbox 1025 2020 1093 2073; x_wconf 85' lang='grc' dir='ltr'>τὰ</span> <span class='ocrx_word' id='word_1_273' title='bbox 1122 2020 1317 2089; x_wconf 79' lang='grc' dir='ltr'>εῦλογα</span> <span class='ocrx_word' id='word_1_274' title='bbox 1350 2024 1510 2075; x_wconf 84' lang='grc' dir='ltr'>νοεῖν.</span> <span class='ocrx_word' id='word_1_275' title='bbox 1557 2023 1612 2075; x_wconf 88' lang='lat'><strong>&#39;0</strong></span> <span class='ocrx_word' id='word_1_276' title='bbox 1645 2022 1777 2086; x_wconf 81' lang='grc' dir='ltr'>Θεὸς</span> 
     </span>
    </p>
   </div>
   <div class='ocr_carea' id='block_1_39' title="bbox 194 2109 1777 2184">
    <p class='ocr_par' dir='ltr' id='par_1_39' title="bbox 194 2109 1777 2184">
     <span class='ocr_line' id='line_1_39' title="bbox 194 2109 1777 2184; baseline 0.004 -23"><span class='ocrx_word' id='word_1_277' title='bbox 194 2109 292 2180; x_wconf 67' lang='grc' dir='ltr'>γὰρ</span> <span class='ocrx_word' id='word_1_278' title='bbox 324 2110 583 2179; x_wconf 80' lang='grc' dir='ltr'>ἀνενδεὴς</span> <span class='ocrx_word' id='word_1_279' title='bbox 622 2109 697 2163; x_wconf 87' lang='grc' dir='ltr'>ὣν</span> <span class='ocrx_word' id='word_1_280' title='bbox 740 2110 899 2173; x_wconf 82' lang='grc' dir='ltr'>αὐτὸς</span> <span class='ocrx_word' id='word_1_281' title='bbox 926 2112 1139 2176; x_wconf 77' lang='grc' dir='ltr'>οὐδενὸς</span> <span class='ocrx_word' id='word_1_282' title='bbox 1171 2113 1377 2176; x_wconf 87' lang='grc' dir='ltr'>δεῖται,</span> <span class='ocrx_word' id='word_1_283' title='bbox 1402 2112 1524 2166; x_wconf 82' lang='grc' dir='ltr'>οὐτε</span> <span class='ocrx_word' id='word_1_284' title='bbox 1548 2114 1777 2184; x_wconf 80' lang='grc' dir='ltr'>βλάπτε-</span> 
     </span>
    </p>
   </div>
   <div class='ocr_carea' id='block_1_40' title="bbox 192 2199 1771 2275">
    <p class='ocr_par' dir='ltr' id='par_1_40' title="bbox 192 2199 1771 2275">
     <span class='ocr_line' id='line_1_40' title="bbox 192 2199 1771 2275; baseline 0.003 -22"><span class='ocrx_word' id='word_1_285' title='bbox 192 2216 293 2253; x_wconf 73' lang='grc' dir='ltr'>ται.</span> <span class='ocrx_word' id='word_1_286' title='bbox 358 2199 545 2269; x_wconf 82' lang='grc' dir='ltr'>Ἠμῶν</span> <span class='ocrx_word' id='word_1_287' title='bbox 594 2200 703 2271; x_wconf 88' lang='grc' dir='ltr'><strong>γάρ</strong></span> <span class='ocrx_word' id='word_1_288' title='bbox 735 2201 853 2254; x_wconf 81' lang='grc' dir='ltr'>ἐστι</span> <span class='ocrx_word' id='word_1_289' title='bbox 879 2201 939 2253; x_wconf 86' lang='grc' dir='ltr'><strong>τὸ</strong></span> <span class='ocrx_word' id='word_1_290' title='bbox 982 2202 1301 2270; x_wconf 84' lang='grc' dir='ltr'>ὠφελεῖσθαι</span> <span class='ocrx_word' id='word_1_291' title='bbox 1347 2203 1379 2275; x_wconf 82' lang='grc' dir='ltr'><strong>ἢ</strong></span> <span class='ocrx_word' id='word_1_292' title='bbox 1426 2203 1771 2274; x_wconf 85' lang='grc' dir='ltr'>βλάπτεσθαι.</span> 
     </span>
    </p>
   </div>
   <div class='ocr_carea' id='block_1_41' title="bbox 197 2291 1775 2368">
    <p class='ocr_par' dir='ltr' id='par_1_41' title="bbox 197 2291 1775 2368">
     <span class='ocr_line' id='line_1_41' title="bbox 197 2291 1775 2368; baseline 0.006 -26"><span class='ocrx_word' id='word_1_293' title='bbox 197 2291 407 2360; x_wconf 80' lang='grc' dir='ltr'>Ὀνπερ</span> <span class='ocrx_word' id='word_1_294' title='bbox 438 2292 547 2361; x_wconf 78' lang='grc' dir='ltr'>γὰρ</span> <span class='ocrx_word' id='word_1_295' title='bbox 592 2291 794 2363; x_wconf 78' lang='grc' dir='ltr'>τρόπον</span> <span class='ocrx_word' id='word_1_296' title='bbox 829 2295 1042 2366; x_wconf 88' lang='grc' dir='ltr'>Καῖσαρ</span> <span class='ocrx_word' id='word_1_297' title='bbox 1063 2295 1107 2325; x_wconf 83' lang='grc'><strong>⁸⁷</strong></span> <span class='ocrx_word' id='word_1_298' title='bbox 1136 2296 1249 2365; x_wconf 77' lang='grc'><strong>(51)</strong></span> <span class='ocrx_word' id='word_1_299' title='bbox 1278 2296 1402 2349; x_wconf 77' lang='grc' dir='ltr'>οὐτε</span> <span class='ocrx_word' id='word_1_300' title='bbox 1431 2297 1775 2368; x_wconf 84' lang='grc' dir='ltr'>βλασφημού-</span> 
     </span>
    </p>
   </div>
   <div class='ocr_carea' id='block_1_42' title="bbox 199 2379 1771 2455">
    <p class='ocr_par' dir='ltr' id='par_1_42' title="bbox 199 2379 1771 2455">
     <span class='ocr_line' id='line_1_42' title="bbox 199 2379 1771 2455; baseline 0.004 -24"><span class='ocrx_word' id='word_1_301' title='bbox 199 2397 358 2449; x_wconf 85' lang='grc' dir='ltr'>μενος</span> <span class='ocrx_word' id='word_1_302' title='bbox 394 2379 715 2450; x_wconf 73' lang='grc' dir='ltr'>βλάπτεται,</span> <span class='ocrx_word' id='word_1_303' title='bbox 751 2380 871 2434; x_wconf 82' lang='grc' dir='ltr'>οὐτε</span> <span class='ocrx_word' id='word_1_304' title='bbox 923 2384 1405 2455; x_wconf 84' lang='grc' dir='ltr'>εὐχαριστούμενος</span> <span class='ocrx_word' id='word_1_305' title='bbox 1450 2385 1733 2454; x_wconf 80' lang='grc' dir='ltr'>ὠφελεῖται</span> <span class='ocrx_word' id='word_1_306' title='bbox 1756 2427 1771 2452; x_wconf 93' lang='grc'><strong>,</strong></span> 
     </span>
    </p>
   </div>
   <div class='ocr_carea' id='block_1_43' title="bbox 176 2472 1771 2546">
    <p class='ocr_par' dir='ltr' id='par_1_43' title="bbox 176 2472 1771 2546">
     <span class='ocr_line' id='line_1_43' title="bbox 176 2472 1771 2546; baseline 0.001 -17"><span class='ocrx_word' id='word_1_307' title='bbox 176 2472 336 2529; x_wconf 50' lang='grc' dir='ltr'>λὰλλὰ</span> <span class='ocrx_word' id='word_1_308' title='bbox 379 2472 474 2525; x_wconf 84' lang='grc' dir='ltr'><strong>τοῦ</strong></span> <span class='ocrx_word' id='word_1_309' title='bbox 502 2474 937 2546; x_wconf 75' lang='grc' dir='ltr'>εὐχαριστοῦντος</span> <span class='ocrx_word' id='word_1_310' title='bbox 984 2476 1079 2546; x_wconf 83' lang='grc' dir='ltr'><strong>μὲν</strong></span> <span class='ocrx_word' id='word_1_311' title='bbox 1129 2477 1336 2544; x_wconf 87' lang='grc' dir='ltr'>γίνεται</span> <span class='ocrx_word' id='word_1_312' title='bbox 1368 2477 1428 2530; x_wconf 85' lang='grc' dir='ltr'><strong>τὸ</strong></span> <span class='ocrx_word' id='word_1_313' title='bbox 1459 2478 1734 2531; x_wconf 85' lang='grc' dir='ltr'>ἀκίνδυνον</span> <span class='ocrx_word' id='word_1_314' title='bbox 1756 2519 1771 2543; x_wconf 88' lang='grc'><strong>,</strong></span> 
     </span>
    </p>
   </div>
   <div class='ocr_carea' id='block_1_44' title="bbox 197 2565 1775 2643">
    <p class='ocr_par' dir='ltr' id='par_1_44' title="bbox 197 2565 1775 2643">
     <span class='ocr_line' id='line_1_44' title="bbox 197 2565 1775 2643; baseline 0.004 -23"><span class='ocrx_word' id='word_1_315' title='bbox 197 2565 293 2620; x_wconf 85' lang='grc' dir='ltr'><strong>τοῦ</strong></span> <span class='ocrx_word' id='word_1_316' title='bbox 326 2567 383 2620; x_wconf 80' lang='grc' dir='ltr'>δὲ</span> <span class='ocrx_word' id='word_1_317' title='bbox 417 2567 851 2638; x_wconf 73' lang='grc' dir='ltr'>βλασφημοῦντος</span> <span class='ocrx_word' id='word_1_318' title='bbox 883 2567 1134 2638; x_wconf 78' lang='grc' dir='ltr'>ὄλεθρος,</span> <span class='ocrx_word' id='word_1_319' title='bbox 1161 2568 1333 2633; x_wconf 80' lang='grc' dir='ltr'>οὕτως</span> <span class='ocrx_word' id='word_1_320' title='bbox 1365 2570 1413 2624; x_wconf 87' lang='grc' dir='ltr'>οἱ</span> <span class='ocrx_word' id='word_1_321' title='bbox 1447 2570 1579 2625; x_wconf 82' lang='grc' dir='ltr'>Θεὸν</span> <span class='ocrx_word' id='word_1_322' title='bbox 1607 2571 1775 2643; x_wconf 86' lang='grc' dir='ltr'>εὐφη-</span> 
     </span>
    </p>
   </div>
   <div class='ocr_carea' id='block_1_45' title="bbox 197 2656 1772 2729">
    <p class='ocr_par' dir='ltr' id='par_1_45' title="bbox 197 2656 1772 2729">
     <span class='ocr_line' id='line_1_45' title="bbox 197 2656 1772 2729; baseline 0.004 -21"><span class='ocrx_word' id='word_1_323' title='bbox 197 2656 424 2728; x_wconf 79' lang='grc' dir='ltr'>μοῦντες</span> <span class='ocrx_word' id='word_1_324' title='bbox 488 2658 646 2711; x_wconf 76' lang='grc' dir='ltr'>αὐτὸν</span> <span class='ocrx_word' id='word_1_325' title='bbox 709 2658 806 2729; x_wconf 81' lang='grc' dir='ltr'><strong>μὲν</strong></span> <span class='ocrx_word' id='word_1_326' title='bbox 853 2657 1005 2711; x_wconf 84' lang='grc' dir='ltr'>οὐδὲν</span> <span class='ocrx_word' id='word_1_327' title='bbox 1056 2658 1382 2728; x_wconf 71' lang='grc' dir='ltr'>ὠφελοῦσιν,</span> <span class='ocrx_word' id='word_1_328' title='bbox 1438 2660 1661 2723; x_wconf 78' lang='grc' dir='ltr'>ἑαυτοὺς</span> <span class='ocrx_word' id='word_1_329' title='bbox 1714 2660 1772 2715; x_wconf 82' lang='grc' dir='ltr'>δὲ</span> 
     </span>
    </p>
   </div>
   <div class='ocr_carea' id='block_1_46' title="bbox 194 2748 1771 2823">
    <p class='ocr_par' dir='ltr' id='par_1_46' title="bbox 194 2748 1771 2823">
     <span class='ocr_line' id='line_1_46' title="bbox 194 2748 1771 2823; baseline 0.004 -22"><span class='ocrx_word' id='word_1_330' title='bbox 194 2748 475 2813; x_wconf 68' lang='grc' dir='ltr'>σώζουσιν*</span> <span class='ocrx_word' id='word_1_331' title='bbox 542 2750 743 2820; x_wconf 80' lang='grc' dir='ltr'>ὁμοίως</span> <span class='ocrx_word' id='word_1_332' title='bbox 776 2751 869 2802; x_wconf 75' lang='grc' dir='ltr'><strong>καὶ</strong></span> <span class='ocrx_word' id='word_1_333' title='bbox 900 2752 949 2803; x_wconf 82' lang='grc' dir='ltr'>οἱ</span> <span class='ocrx_word' id='word_1_334' title='bbox 983 2750 1427 2821; x_wconf 78' lang='grc' dir='ltr'>βλασφημοῦντες</span> <span class='ocrx_word' id='word_1_335' title='bbox 1471 2752 1629 2807; x_wconf 83' lang='grc' dir='ltr'>αὐτὸν</span> <span class='ocrx_word' id='word_1_336' title='bbox 1674 2753 1771 2823; x_wconf 78' lang='grc' dir='ltr'><strong>μὲν</strong></span> 
     </span>
    </p>
   </div>
   <div class='ocr_carea' id='block_1_47' title="bbox 192 2841 1322 2913">
    <p class='ocr_par' dir='ltr' id='par_1_47' title="bbox 192 2841 1322 2913">
     <span class='ocr_line' id='line_1_47' title="bbox 192 2841 1322 2913; baseline 0 -20"><span class='ocrx_word' id='word_1_337' title='bbox 192 2841 283 2893; x_wconf 84' lang='grc' dir='ltr'><strong>οὐκ</strong></span> <span class='ocrx_word' id='word_1_338' title='bbox 316 2841 601 2896; x_wconf 78' lang='grc' dir='ltr'>ἀδικοῦσιν</span> <span class='ocrx_word' id='word_1_339' title='bbox 622 2881 636 2906; x_wconf 93' lang='grc'><strong>,</strong></span> <span class='ocrx_word' id='word_1_340' title='bbox 664 2841 816 2895; x_wconf 72' lang='grc' dir='ltr'>αὐτοὶ</span> <span class='ocrx_word' id='word_1_341' title='bbox 846 2841 902 2895; x_wconf 83' lang='grc' dir='ltr'><strong>δὲ</strong></span> <span class='ocrx_word' id='word_1_342' title='bbox 932 2841 1322 2913; x_wconf 86' lang='grc' dir='ltr'>ὀλοθρεύονται.</span> 
     </span>
    </p>
   </div>
   <div class='ocr_carea' id='block_1_48' title="bbox 252 3020 1764 3094">
    <p class='ocr_par' dir='ltr' id='par_1_48' title="bbox 252 3020 1764 3094">
     <span class='ocr_line' id='line_1_48' title="bbox 252 3020 1764 3094; baseline 0.002 -19"><span class='ocrx_word' id='word_1_343' title='bbox 252 3022 321 3076; x_wconf 74' lang='grc' dir='ltr'>Χ.</span> <span class='ocrx_word' id='word_1_344' title='bbox 376 3020 543 3074; x_wconf 82' lang='grc' dir='ltr'>Ἀλλά</span> <span class='ocrx_word' id='word_1_345' title='bbox 568 3059 583 3084; x_wconf 92' lang='grc'><strong>,</strong></span> <span class='ocrx_word' id='word_1_346' title='bbox 632 3021 824 3091; x_wconf 73' lang='grc' dir='ltr'>φησὶν,</span> <span class='ocrx_word' id='word_1_347' title='bbox 866 3020 964 3090; x_wconf 88' lang='grc' dir='ltr'><strong>οὐχ</strong></span> <span class='ocrx_word' id='word_1_348' title='bbox 999 3020 1199 3091; x_wconf 83' lang='grc' dir='ltr'>ὁμοίως</span> <span class='ocrx_word' id='word_1_349' title='bbox 1235 3022 1320 3073; x_wconf 80' lang='grc' dir='ltr'><strong>ἐπ’</strong></span> <span class='ocrx_word' id='word_1_350' title='bbox 1352 3021 1636 3094; x_wconf 81' lang='grc' dir='ltr'>ἀνθρώπου</span> <span class='ocrx_word' id='word_1_351' title='bbox 1673 3023 1764 3078; x_wconf 74' lang='grc' dir='ltr'><strong>καὶ</strong></span> 
     </span>
    </p>
   </div>
   <div class='ocr_carea' id='block_1_49' title="bbox 192 3112 1766 3185">
    <p class='ocr_par' dir='ltr' id='par_1_49' title="bbox 192 3112 1766 3185">
     <span class='ocr_line' id='line_1_49' title="bbox 192 3112 1766 3185; baseline 0.001 -17"><span class='ocrx_word' id='word_1_352' title='bbox 192 3115 337 3168; x_wconf 78' lang='grc' dir='ltr'>θεοῦ.</span> <span class='ocrx_word' id='word_1_353' title='bbox 372 3114 642 3184; x_wconf 79' lang='grc' dir='ltr'>Σύμφημι</span> <span class='ocrx_word' id='word_1_354' title='bbox 674 3112 848 3180; x_wconf 85' lang='grc' dir='ltr'>κάγὼ,</span> <span class='ocrx_word' id='word_1_355' title='bbox 881 3113 1041 3183; x_wconf 78' lang='grc'><strong>236</strong></span> <span class='ocrx_word' id='word_1_356' title='bbox 1074 3114 1154 3166; x_wconf 85' lang='grc' dir='ltr'><strong>ὅτι</strong></span> <span class='ocrx_word' id='word_1_357' title='bbox 1186 3114 1281 3184; x_wconf 91' lang='grc' dir='ltr'><strong>οὐχ</strong></span> <span class='ocrx_word' id='word_1_358' title='bbox 1308 3114 1521 3185; x_wconf 76' lang='grc' dir='ltr'>ὁμοίως.</span> <span class='ocrx_word' id='word_1_359' title='bbox 1553 3116 1766 3180; x_wconf 81' lang='grc' dir='ltr'>Μείζων</span> 
     </span>
    </p>
   </div>
   <div class='ocr_carea' id='block_1_50' title="bbox 192 3203 1766 3279">
    <p class='ocr_par' dir='ltr' id='par_1_50' title="bbox 192 3203 1766 3279">
     <span class='ocr_line' id='line_1_50' title="bbox 192 3203 1766 3279; baseline -0.001 -19"><span class='ocrx_word' id='word_1_360' title='bbox 192 3206 291 3278; x_wconf 75' lang='grc' dir='ltr'><strong>γὰρ</strong></span> <span class='ocrx_word' id='word_1_361' title='bbox 326 3208 361 3276; x_wconf 79' lang='grc' dir='ltr'>ἡ</span> <span class='ocrx_word' id='word_1_362' title='bbox 398 3205 622 3267; x_wconf 87' lang='grc' dir='ltr'>κόλασις</span> <span class='ocrx_word' id='word_1_363' title='bbox 646 3205 722 3267; x_wconf 86' lang='grc' dir='ltr'>ὠς</span> <span class='ocrx_word' id='word_1_364' title='bbox 755 3203 991 3275; x_wconf 73' lang='grc' dir='ltr'>μεῖζονθθ</span> <span class='ocrx_word' id='word_1_365' title='bbox 1024 3205 1372 3276; x_wconf 77' lang='grc' dir='ltr'>ἀσεϐήσαντι,</span> <span class='ocrx_word' id='word_1_366' title='bbox 1405 3207 1581 3276; x_wconf 69' lang='grc' dir='ltr'>ἥττων</span> <span class='ocrx_word' id='word_1_367' title='bbox 1607 3207 1663 3259; x_wconf 83' lang='grc' dir='ltr'>δὲ</span> <span class='ocrx_word' id='word_1_368' title='bbox 1688 3208 1766 3279; x_wconf 85' lang='grc' dir='ltr'>τῷ</span> 
     </span>
    </p>
   </div>
   <div class='ocr_carea' id='block_1_51' title="bbox 192 3292 1766 3369">
    <p class='ocr_par' dir='ltr' id='par_1_51' title="bbox 192 3292 1766 3369">
     <span class='ocr_line' id='line_1_51' title="bbox 192 3292 1766 3369; baseline 0.001 -19"><span class='ocrx_word' id='word_1_369' title='bbox 192 3300 263 3361; x_wconf 77' lang='grc' dir='ltr'>εἰς</span> <span class='ocrx_word' id='word_1_370' title='bbox 288 3298 384 3351; x_wconf 80' lang='grc' dir='ltr'><strong>τὸν</strong></span> <span class='ocrx_word' id='word_1_371' title='bbox 416 3297 623 3368; x_wconf 74' lang='grc' dir='ltr'>ἥττονα</span> <span class='ocrx_word' id='word_1_372' title='bbox 655 3296 1049 3367; x_wconf 82' lang='grc' dir='ltr'>ἀμαρτήσαντι.</span> <span class='ocrx_word' id='word_1_373' title='bbox 1088 3296 1176 3360; x_wconf 84' lang='grc' dir='ltr'>Ὠς</span> <span class='ocrx_word' id='word_1_374' title='bbox 1204 3292 1294 3350; x_wconf 76' lang='grc' dir='ltr'>οὖν</span> <span class='ocrx_word' id='word_1_375' title='bbox 1320 3296 1535 3351; x_wconf 86' lang='grc' dir='ltr'>πάντων</span> <span class='ocrx_word' id='word_1_376' title='bbox 1569 3298 1766 3369; x_wconf 77' lang='grc' dir='ltr'>μείζων</span> 
     </span>
    </p>
   </div>
   <div class='ocr_carea' id='block_1_52' title="bbox 192 3385 1766 3456">
    <p class='ocr_par' dir='ltr' id='par_1_52' title="bbox 192 3385 1766 3456">
     <span class='ocr_line' id='line_1_52' title="bbox 192 3385 1766 3456; baseline 0.001 -14"><span class='ocrx_word' id='word_1_377' title='bbox 192 3388 374 3451; x_wconf 77' lang='grc' dir='ltr'>όΘεδς</span> <span class='ocrx_word' id='word_1_378' title='bbox 396 3389 430 3451; x_wconf 88' lang='grc'>,’</span> <span class='ocrx_word' id='word_1_379' title='bbox 466 3386 643 3450; x_wconf 77' lang='grc' dir='ltr'>οὕτως</span> <span class='ocrx_word' id='word_1_380' title='bbox 686 3385 903 3456; x_wconf 79' lang='grc' dir='ltr'>μείζονα</span> <span class='ocrx_word' id='word_1_381' title='bbox 948 3386 1135 3456; x_wconf 80' lang='grc' dir='ltr'>ὑφέξει</span> <span class='ocrx_word' id='word_1_382' title='bbox 1181 3388 1398 3441; x_wconf 83' lang='grc' dir='ltr'>κόλασιν</span> <span class='ocrx_word' id='word_1_383' title='bbox 1427 3390 1455 3441; x_wconf 94' lang='lat'><strong>6</strong></span> <span class='ocrx_word' id='word_1_384' title='bbox 1498 3390 1578 3452; x_wconf 87' lang='grc' dir='ltr'><strong>είς</strong></span> <span class='ocrx_word' id='word_1_385' title='bbox 1605 3390 1766 3444; x_wconf 83' lang='grc' dir='ltr'>αὐτὸν</span> 
     </span>
    </p>
   </div>
   <div class='ocr_carea' id='block_1_53' title="bbox 192 3476 1765 3553">
    <p class='ocr_par' dir='ltr' id='par_1_53' title="bbox 192 3476 1765 3553">
     <span class='ocr_line' id='line_1_53' title="bbox 192 3476 1765 3553; baseline 0.001 -21"><span class='ocrx_word' id='word_1_386' title='bbox 192 3480 501 3553; x_wconf 77' lang='grc' dir='ltr'>ἀσεϐήσας,</span> <span class='ocrx_word' id='word_1_387' title='bbox 555 3478 631 3542; x_wconf 81' lang='grc' dir='ltr'>ὡς</span> <span class='ocrx_word' id='word_1_388' title='bbox 674 3480 753 3541; x_wconf 87' lang='grc' dir='ltr'><strong>είς</strong></span> <span class='ocrx_word' id='word_1_389' title='bbox 804 3476 1020 3549; x_wconf 81' lang='grc' dir='ltr'>μείζονα</span> <span class='ocrx_word' id='word_1_390' title='bbox 1063 3479 1416 3551; x_wconf 81' lang='grc' dir='ltr'>ἁμαρτήσας,</span> <span class='ocrx_word' id='word_1_391' title='bbox 1448 3480 1547 3533; x_wconf 83' lang='grc' dir='ltr'><strong>οὐκ</strong></span> <span class='ocrx_word' id='word_1_392' title='bbox 1603 3482 1765 3535; x_wconf 90' lang='grc' dir='ltr'>αὐτοῦ</span> 
     </span>
    </p>
   </div>
   <div class='ocr_carea' id='block_1_54' title="bbox 195 3570 1764 3645">
    <p class='ocr_par' dir='ltr' id='par_1_54' title="bbox 195 3570 1764 3645">
     <span class='ocr_line' id='line_1_54' title="bbox 195 3570 1764 3645; baseline 0 -19"><span class='ocrx_word' id='word_1_393' title='bbox 195 3573 508 3644; x_wconf 74' lang='grc' dir='ltr'>αὐτόχειρος</span> <span class='ocrx_word' id='word_1_394' title='bbox 535 3572 896 3643; x_wconf 82' lang='grc' dir='ltr'>ἀμυνομένου,</span> <span class='ocrx_word' id='word_1_395' title='bbox 920 3570 1055 3626; x_wconf 88' lang='grc' dir='ltr'><strong>ἀλλά</strong></span> <span class='ocrx_word' id='word_1_396' title='bbox 1084 3572 1263 3643; x_wconf 80' lang='grc' dir='ltr'>πάσης</span> <span class='ocrx_word' id='word_1_397' title='bbox 1294 3573 1391 3645; x_wconf 81' lang='grc' dir='ltr'>τῆς</span> <span class='ocrx_word' id='word_1_398' title='bbox 1419 3573 1646 3637; x_wconf 80' lang='grc' dir='ltr'>κτίσεως</span> <span class='ocrx_word' id='word_1_399' title='bbox 1673 3574 1764 3627; x_wconf 71' lang='grc' dir='ltr'><strong>ἐπὶ</strong></span> 
     </span>
    </p>
   </div>
   <div class='ocr_carea' id='block_1_55' title="bbox 193 3664 1765 3737">
    <p class='ocr_par' dir='ltr' id='par_1_55' title="bbox 193 3664 1765 3737">
     <span class='ocr_line' id='line_1_55' title="bbox 193 3664 1765 3737; baseline 0.003 -21"><span class='ocrx_word' id='word_1_400' title='bbox 193 3666 358 3736; x_wconf 85' lang='grc' dir='ltr'>τούτῳ</span> <span class='ocrx_word' id='word_1_401' title='bbox 386 3664 804 3735; x_wconf 78' lang='grc' dir='ltr'>ἀγανακτούσης</span> <span class='ocrx_word' id='word_1_402' title='bbox 830 3664 923 3717; x_wconf 78' lang='grc' dir='ltr'><strong>καὶ</strong></span> <span class='ocrx_word' id='word_1_403' title='bbox 951 3664 1192 3734; x_wconf 86' lang='grc' dir='ltr'>φυσικῶς</span> <span class='ocrx_word' id='word_1_404' title='bbox 1218 3665 1665 3737; x_wconf 81' lang='grc' dir='ltr'>ὲπεξερχομένης.</span> <span class='ocrx_word' id='word_1_405' title='bbox 1690 3667 1765 3720; x_wconf 86' lang='grc' dir='ltr'>Οὐ</span> 
     </span>
    </p>
   </div>
   <div class='ocr_carea' id='block_1_56' title="bbox 195 3756 1764 3830">
    <p class='ocr_par' dir='ltr' id='par_1_56' title="bbox 195 3756 1764 3830">
     <span class='ocr_line' id='line_1_56' title="bbox 195 3756 1764 3830; baseline -0.018 6"><span class='ocrx_word' id='word_1_406' title='bbox 195 3756 297 3827; x_wconf 69' lang='grc' dir='ltr'><strong>τάρ</strong></span> <span class='ocrx_word' id='word_1_407' title='bbox 327 3757 493 3810; x_wconf 77' lang='grc' dir='ltr'>δώσει</span> <span class='ocrx_word' id='word_1_408' title='bbox 526 3756 605 3827; x_wconf 79' lang='grc' dir='ltr'><strong>τῷ</strong></span> <span class='ocrx_word' id='word_1_409' title='bbox 640 3756 942 3827; x_wconf 80' lang='grc' dir='ltr'><strong>βλασφήμφ</strong></span> <span class='ocrx_word' id='word_1_410' title='bbox 988 3758 1087 3827; x_wconf 73' lang='grc' dir='ltr'>οὐχ</span> <span class='ocrx_word' id='word_1_411' title='bbox 1130 3756 1282 3827; x_wconf 73' lang='grc' dir='ltr'>ἥλιος</span> <span class='ocrx_word' id='word_1_412' title='bbox 1310 3757 1369 3809; x_wconf 80' lang='grc' dir='ltr'><strong>τὸ</strong></span> <span class='ocrx_word' id='word_1_413' title='bbox 1400 3758 1549 3825; x_wconf 76' lang='grc' dir='ltr'>φῶς,</span> <span class='ocrx_word' id='word_1_414' title='bbox 1600 3757 1660 3810; x_wconf 91' lang='grc' dir='ltr'><strong>οὐ</strong></span> <span class='ocrx_word' id='word_1_415' title='bbox 1694 3759 1764 3830; x_wconf 80' lang='grc' dir='ltr'>γῆ</span> 
     </span>
    </p>
   </div>
   <div class='ocr_carea' id='block_1_57' title="bbox 194 3846 1763 3921">
    <p class='ocr_par' dir='ltr' id='par_1_57' title="bbox 194 3846 1763 3921">
     <span class='ocr_line' id='line_1_57' title="bbox 194 3846 1763 3921; baseline 0.001 -20"><span class='ocrx_word' id='word_1_416' title='bbox 194 3849 314 3911; x_wconf 79' lang='grc' dir='ltr'>τοὺς</span> <span class='ocrx_word' id='word_1_417' title='bbox 350 3849 625 3920; x_wconf 81' lang='grc' dir='ltr'>καρποὺς,</span> <span class='ocrx_word' id='word_1_418' title='bbox 649 3848 709 3901; x_wconf 89' lang='grc' dir='ltr'><strong>οὐ</strong></span> <span class='ocrx_word' id='word_1_419' title='bbox 742 3848 891 3919; x_wconf 81' lang='grc' dir='ltr'>πηγὴ</span> <span class='ocrx_word' id='word_1_420' title='bbox 922 3848 981 3901; x_wconf 84' lang='grc' dir='ltr'><strong>τὸ</strong></span> <span class='ocrx_word' id='word_1_421' title='bbox 1003 3846 1166 3919; x_wconf 75' lang='grc' dir='ltr'>ὕδωρ,</span> <span class='ocrx_word' id='word_1_422' title='bbox 1194 3848 1293 3901; x_wconf 87' lang='grc' dir='ltr'><strong>οὐκ</strong></span> <span class='ocrx_word' id='word_1_423' title='bbox 1321 3849 1378 3901; x_wconf 82' lang='grc' dir='ltr'>ὲν</span> <span class='ocrx_word' id='word_1_424' title='bbox 1411 3848 1511 3921; x_wconf 77' lang='grc' dir='ltr'><strong>ᾄδῃ</strong></span> <span class='ocrx_word' id='word_1_425' title='bbox 1529 3851 1594 3919; x_wconf 80' lang='grc' dir='ltr'>τῇ</span> <span class='ocrx_word' id='word_1_426' title='bbox 1620 3848 1763 3921; x_wconf 74' lang='grc' dir='ltr'>ψυχῇ</span> 
     </span>
    </p>
   </div>
   <div class='ocr_carea' id='block_1_58' title="bbox 195 3940 1768 4011">
    <p class='ocr_par' dir='ltr' id='par_1_58' title="bbox 195 3940 1768 4011">
     <span class='ocr_line' id='line_1_58' title="bbox 195 3940 1768 4011; baseline 0.003 -18"><span class='ocrx_word' id='word_1_427' title='bbox 195 3940 224 3993; x_wconf 89' lang='lat'><strong>6</strong></span> <span class='ocrx_word' id='word_1_428' title='bbox 261 3942 377 3993; x_wconf 72' lang='grc' dir='ltr'>ἐκεῖ</span> <span class='ocrx_word' id='word_1_429' title='bbox 425 3940 710 4003; x_wconf 85' lang='grc' dir='ltr'>καθεστὼς</span> <span class='ocrx_word' id='word_1_430' title='bbox 740 3940 921 4011; x_wconf 78' lang='grc' dir='ltr'>ἄρχων</span> <span class='ocrx_word' id='word_1_431' title='bbox 966 3940 1065 4011; x_wconf 81' lang='grc' dir='ltr'>τὴν</span> <span class='ocrx_word' id='word_1_432' title='bbox 1099 3941 1420 4005; x_wconf 83' lang='grc' dir='ltr'>ἀνάπαυσιν,</span> <span class='ocrx_word' id='word_1_433' title='bbox 1469 3942 1628 3995; x_wconf 77' lang='grc' dir='ltr'>ὁπότε</span> <span class='ocrx_word' id='word_1_434' title='bbox 1674 3945 1768 3997; x_wconf 73' lang='grc' dir='ltr'>καὶ</span> 
     </span>
    </p>
   </div>
   <div class='ocr_carea' id='block_1_59' title="bbox 200 4029 1769 4105">
    <p class='ocr_par' dir='ltr' id='par_1_59' title="bbox 200 4029 1769 4105">
     <span class='ocr_line' id='line_1_59' title="bbox 200 4029 1769 4105; baseline 0.001 -22"><span class='ocrx_word' id='word_1_435' title='bbox 200 4029 281 4083; x_wconf 79' lang='grc' dir='ltr'><strong>νῦν</strong></span> <span class='ocrx_word' id='word_1_436' title='bbox 326 4032 424 4086; x_wconf 77' lang='grc' dir='ltr'><strong>ἐπὶ</strong></span> <span class='ocrx_word' id='word_1_437' title='bbox 443 4032 490 4063; x_wconf 83' lang='grc'><strong>⁸⁸</strong></span> <span class='ocrx_word' id='word_1_438' title='bbox 531 4032 632 4102; x_wconf 81' lang='grc' dir='ltr'>τῆς</span> <span class='ocrx_word' id='word_1_439' title='bbox 672 4029 767 4083; x_wconf 87' lang='grc' dir='ltr'><strong>τοῦ</strong></span> <span class='ocrx_word' id='word_1_440' title='bbox 820 4031 1023 4102; x_wconf 83' lang='grc' dir='ltr'>κόσμου</span> <span class='ocrx_word' id='word_1_441' title='bbox 1070 4031 1409 4103; x_wconf 83' lang='grc' dir='ltr'>προθεσμίας</span> <span class='ocrx_word' id='word_1_442' title='bbox 1454 4032 1769 4105; x_wconf 85' lang='grc' dir='ltr'>ὑφεστώσης</span> 
     </span>
    </p>
   </div>
   <div class='ocr_carea' id='block_1_60' title="bbox 1879 1831 3443 1905">
    <p class='ocr_par' dir='ltr' id='par_1_60' title="bbox 1879 1831 3443 1905">
     <span class='ocr_line' id='line_1_60' title="bbox 1879 1831 3443 1905; baseline -0.001 -17"><span class='ocrx_word' id='word_1_443' title='bbox 1879 1834 1982 1890; x_wconf 80' lang='lat' dir='ltr'><strong>nisi</strong></span> <span class='ocrx_word' id='word_1_444' title='bbox 2012 1834 2230 1905; x_wconf 83' lang='lat' dir='ltr'><strong>propria</strong></span> <span class='ocrx_word' id='word_1_445' title='bbox 2267 1842 2321 1889; x_wconf 90' lang='lat' dir='ltr'><strong>et</strong></span> <span class='ocrx_word' id='word_1_446' title='bbox 2352 1832 2587 1886; x_wconf 89' lang='lat' dir='ltr'><strong>naturali</strong></span> <span class='ocrx_word' id='word_1_447' title='bbox 2618 1832 2817 1900; x_wconf 88' lang='lat' dir='ltr'><strong>injuria</strong></span> <span class='ocrx_word' id='word_1_448' title='bbox 2845 1831 3149 1886; x_wconf 86' lang='lat' dir='ltr'><strong>ailiceretur</strong></span> <span class='ocrx_word' id='word_1_449' title='bbox 3176 1871 3191 1897; x_wconf 92' lang='lat'><strong>,</strong></span> <span class='ocrx_word' id='word_1_450' title='bbox 3225 1832 3443 1900; x_wconf 88' lang='lat' dir='ltr'><strong>quando</strong></span> 
     </span>
    </p>
   </div>
   <div class='ocr_carea' id='block_1_61' title="bbox 1875 1920 3444 1981">
    <p class='ocr_par' dir='ltr' id='par_1_61' title="bbox 1875 1920 3444 1981">
     <span class='ocr_line' id='line_1_61' title="bbox 1875 1920 3444 1981; baseline -0.002 -1"><span class='ocrx_word' id='word_1_451' title='bbox 1875 1942 1985 1980; x_wconf 87' lang='lat' dir='ltr'><strong>una</strong></span> <span class='ocrx_word' id='word_1_452' title='bbox 2014 1941 2137 1981; x_wconf 93' lang='lat' dir='ltr'><strong>cum</strong></span> <span class='ocrx_word' id='word_1_453' title='bbox 2168 1940 2391 1980; x_wconf 88' lang='lat' dir='ltr'><strong>sensum</strong></span> <span class='ocrx_word' id='word_1_454' title='bbox 2441 1938 2549 1976; x_wconf 91' lang='lat' dir='ltr'><strong>non</strong></span> <span class='ocrx_word' id='word_1_455' title='bbox 2591 1922 2919 1977; x_wconf 88' lang='lat' dir='ltr'><strong>habentibus</strong></span> <span class='ocrx_word' id='word_1_456' title='bbox 2966 1920 3189 1975; x_wconf 87' lang='lat' dir='ltr'><strong>timetur</strong></span> <span class='ocrx_word' id='word_1_457' title='bbox 3218 1938 3282 1977; x_wconf 90' lang='lat' dir='ltr'><strong>ac</strong></span> <span class='ocrx_word' id='word_1_458' title='bbox 3311 1923 3444 1977; x_wconf 90' lang='lat' dir='ltr'><strong>ado-</strong></span> 
     </span>
    </p>
   </div>
   <div class='ocr_carea' id='block_1_62' title="bbox 1874 2014 3447 2082">
    <p class='ocr_par' dir='ltr' id='par_1_62' title="bbox 1874 2014 3447 2082">
     <span class='ocr_line' id='line_1_62' title="bbox 1874 2014 3447 2082; baseline -0.002 -12"><span class='ocrx_word' id='word_1_459' title='bbox 1874 2027 2044 2079; x_wconf 89' lang='lat' dir='ltr'><strong>ratur,</strong></span> <span class='ocrx_word' id='word_1_460' title='bbox 2084 2015 2225 2071; x_wconf 83' lang='lat' dir='ltr'><strong>forte</strong></span> <span class='ocrx_word' id='word_1_461' title='bbox 2256 2016 2360 2070; x_wconf 90' lang='lat' dir='ltr'><strong>hoc</strong></span> <span class='ocrx_word' id='word_1_462' title='bbox 2389 2015 2552 2069; x_wconf 91' lang='lat' dir='ltr'><strong>etiam</strong></span> <span class='ocrx_word' id='word_1_463' title='bbox 2593 2014 2913 2079; x_wconf 88' lang='lat' dir='ltr'><strong>sustineret;</strong></span> <span class='ocrx_word' id='word_1_464' title='bbox 2940 2022 3269 2082; x_wconf 85' lang='lat' dir='ltr'><strong>quapropter</strong></span> <span class='ocrx_word' id='word_1_465' title='bbox 3296 2030 3447 2069; x_wconf 65' lang='lat' dir='ltr'><strong>cura}</strong></span> 
     </span>
    </p>
   </div>
   <div class='ocr_carea' id='block_1_63' title="bbox 1875 2104 3441 2173">
    <p class='ocr_par' dir='ltr' id='par_1_63' title="bbox 1875 2104 3441 2173">
     <span class='ocr_line' id='line_1_63' title="bbox 1875 2104 3441 2173; baseline -0.001 -13"><span class='ocrx_word' id='word_1_466' title='bbox 1875 2107 1946 2162; x_wconf 87' lang='lat' dir='ltr'><strong>sit</strong></span> <span class='ocrx_word' id='word_1_467' title='bbox 1972 2107 2146 2172; x_wconf 82' lang='lat' dir='ltr'><strong>vobis,</strong></span> <span class='ocrx_word' id='word_1_468' title='bbox 2184 2116 2244 2160; x_wconf 89' lang='lat' dir='ltr'><strong>ut</strong></span> <span class='ocrx_word' id='word_1_469' title='bbox 2274 2104 2471 2160; x_wconf 89' lang='lat' dir='ltr'><strong>rationi</strong></span> <span class='ocrx_word' id='word_1_470' title='bbox 2502 2113 2867 2159; x_wconf 89' lang='lat' dir='ltr'><strong>consentanea</strong></span> <span class='ocrx_word' id='word_1_471' title='bbox 2918 2120 3015 2173; x_wconf 88' lang='lat' dir='ltr'><strong>pro</strong></span> <span class='ocrx_word' id='word_1_472' title='bbox 3052 2105 3227 2159; x_wconf 88' lang='lat' dir='ltr'><strong>salute</strong></span> <span class='ocrx_word' id='word_1_473' title='bbox 3257 2114 3441 2159; x_wconf 88' lang='lat' dir='ltr'><strong>vestra</strong></span> 
     </span>
    </p>
   </div>
   <div class='ocr_carea' id='block_1_64' title="bbox 1874 2195 3443 2268">
    <p class='ocr_par' dir='ltr' id='par_1_64' title="bbox 1874 2195 3443 2268">
     <span class='ocr_line' id='line_1_64' title="bbox 1874 2195 3443 2268; baseline -0.001 -15"><span class='ocrx_word' id='word_1_474' title='bbox 1874 2199 2207 2268; x_wconf 82' lang='lat' dir='ltr'><strong>intelligatis.</strong></span> <span class='ocrx_word' id='word_1_475' title='bbox 2242 2197 2385 2253; x_wconf 88' lang='lat' dir='ltr'><strong>Deus</strong></span> <span class='ocrx_word' id='word_1_476' title='bbox 2416 2198 2557 2251; x_wconf 89' lang='lat' dir='ltr'><strong>enim</strong></span> <span class='ocrx_word' id='word_1_477' title='bbox 2592 2196 2693 2251; x_wconf 86' lang='lat' dir='ltr'><strong>sibi</strong></span> <span class='ocrx_word' id='word_1_478' title='bbox 2727 2195 2999 2249; x_wconf 81' lang='lat' dir='ltr'><strong>sulliciens</strong></span> <span class='ocrx_word' id='word_1_479' title='bbox 3029 2196 3181 2250; x_wconf 88' lang='lat' dir='ltr'><strong>nullo</strong></span> <span class='ocrx_word' id='word_1_480' title='bbox 3212 2198 3443 2267; x_wconf 72' lang='lat' dir='ltr'><strong>indiget,</strong></span> 
     </span>
    </p>
   </div>
   <div class='ocr_carea' id='block_1_65' title="bbox 1872 2286 3437 2359">
    <p class='ocr_par' dir='ltr' id='par_1_65' title="bbox 1872 2286 3437 2359">
     <span class='ocr_line' id='line_1_65' title="bbox 1872 2286 3437 2359; baseline 0.001 -16"><span class='ocrx_word' id='word_1_481' title='bbox 1872 2306 2047 2359; x_wconf 86' lang='lat' dir='ltr'><strong>neque</strong></span> <span class='ocrx_word' id='word_1_482' title='bbox 2076 2289 2307 2342; x_wconf 76' lang='lat' dir='ltr'><strong>heditur.</strong></span> <span class='ocrx_word' id='word_1_483' title='bbox 2342 2286 2600 2342; x_wconf 84' lang='lat' dir='ltr'><strong>Nostrum</strong></span> <span class='ocrx_word' id='word_1_484' title='bbox 2633 2286 2830 2357; x_wconf 89' lang='lat' dir='ltr'><strong>quippe</strong></span> <span class='ocrx_word' id='word_1_485' title='bbox 2859 2294 2941 2340; x_wconf 87' lang='lat' dir='ltr'><strong>est</strong></span> <span class='ocrx_word' id='word_1_486' title='bbox 2968 2286 3147 2355; x_wconf 89' lang='lat' dir='ltr'><strong>juvari</strong></span> <span class='ocrx_word' id='word_1_487' title='bbox 3180 2297 3274 2342; x_wconf 92' lang='lat' dir='ltr'><strong>aut</strong></span> <span class='ocrx_word' id='word_1_488' title='bbox 3294 2289 3437 2345; x_wconf 69' lang='lat' dir='ltr'><strong>laedi.</strong></span> 
     </span>
    </p>
   </div>
   <div class='ocr_carea' id='block_1_66' title="bbox 1872 2378 3442 2451">
    <p class='ocr_par' dir='ltr' id='par_1_66' title="bbox 1872 2378 3442 2451">
     <span class='ocr_line' id='line_1_66' title="bbox 1872 2378 3442 2451; baseline 0.002 -18"><span class='ocrx_word' id='word_1_489' title='bbox 1872 2379 2008 2433; x_wconf 87' lang='lat' dir='ltr'><strong>Nam</strong></span> <span class='ocrx_word' id='word_1_490' title='bbox 2043 2379 2185 2434; x_wconf 89' lang='lat' dir='ltr'><strong>sicut</strong></span> <span class='ocrx_word' id='word_1_491' title='bbox 2215 2379 2399 2433; x_wconf 64' lang='lat' dir='ltr'><strong>Caesar</strong></span> <span class='ocrx_word' id='word_1_492' title='bbox 2431 2394 2605 2448; x_wconf 88' lang='lat' dir='ltr'><strong>neque</strong></span> <span class='ocrx_word' id='word_1_493' title='bbox 2637 2378 2941 2433; x_wconf 84' lang='lat' dir='ltr'><strong>maledictis</strong></span> <span class='ocrx_word' id='word_1_494' title='bbox 2984 2378 3232 2444; x_wconf 68' lang='lat' dir='ltr'><strong>laeditur,</strong></span> <span class='ocrx_word' id='word_1_495' title='bbox 3264 2398 3442 2451; x_wconf 87' lang='lat' dir='ltr'><strong>neque</strong></span> 
     </span>
    </p>
   </div>
   <div class='ocr_carea' id='block_1_67' title="bbox 1872 2469 3437 2546">
    <p class='ocr_par' dir='ltr' id='par_1_67' title="bbox 1872 2469 3437 2546">
     <span class='ocr_line' id='line_1_67' title="bbox 1872 2469 3437 2546; baseline -0.001 -18"><span class='ocrx_word' id='word_1_496' title='bbox 1872 2474 2172 2546; x_wconf 87' lang='lat' dir='ltr'><strong>gratiarum</strong></span> <span class='ocrx_word' id='word_1_497' title='bbox 2198 2470 2503 2527; x_wconf 79' lang='lat' dir='ltr'><strong>actionibus</strong></span> <span class='ocrx_word' id='word_1_498' title='bbox 2532 2469 2778 2538; x_wconf 87' lang='lat' dir='ltr'><strong>juvatur,</strong></span> <span class='ocrx_word' id='word_1_499' title='bbox 2812 2470 2926 2533; x_wconf 85' lang='lat' dir='ltr'><strong>sed,</strong></span> <span class='ocrx_word' id='word_1_500' title='bbox 2958 2469 3050 2538; x_wconf 90' lang='lat' dir='ltr'><strong>qui</strong></span> <span class='ocrx_word' id='word_1_501' title='bbox 3079 2472 3281 2541; x_wconf 84' lang='lat' dir='ltr'><strong>gratias</strong></span> <span class='ocrx_word' id='word_1_502' title='bbox 3306 2473 3437 2543; x_wconf 91' lang='lat' dir='ltr'><strong>agit,</strong></span> 
     </span>
    </p>
   </div>
   <div class='ocr_carea' id='block_1_68' title="bbox 1871 2560 3438 2635">
    <p class='ocr_par' dir='ltr' id='par_1_68' title="bbox 1871 2560 3438 2635">
     <span class='ocr_line' id='line_1_68' title="bbox 1871 2560 3438 2635; baseline -0.001 -12"><span class='ocrx_word' id='word_1_503' title='bbox 1871 2567 2215 2623; x_wconf 87' lang='lat' dir='ltr'><strong>securitatem</strong></span> <span class='ocrx_word' id='word_1_504' title='bbox 2238 2563 2426 2629; x_wconf 88' lang='lat' dir='ltr'><strong>habet,</strong></span> <span class='ocrx_word' id='word_1_505' title='bbox 2457 2562 2549 2629; x_wconf 91' lang='lat' dir='ltr'><strong>qui</strong></span> <span class='ocrx_word' id='word_1_506' title='bbox 2591 2560 2863 2615; x_wconf 88' lang='lat' dir='ltr'><strong>maledicit</strong></span> <span class='ocrx_word' id='word_1_507' title='bbox 2896 2561 3174 2615; x_wconf 90' lang='lat' dir='ltr'><strong>interitum</strong></span> <span class='ocrx_word' id='word_1_508' title='bbox 3204 2582 3217 2617; x_wconf 90' lang='lat'><strong>:</strong></span> <span class='ocrx_word' id='word_1_509' title='bbox 3248 2563 3319 2618; x_wconf 90' lang='lat' dir='ltr'><strong>ita</strong></span> <span class='ocrx_word' id='word_1_510' title='bbox 3343 2566 3438 2635; x_wconf 89' lang='lat' dir='ltr'><strong>qui</strong></span> 
     </span>
    </p>
   </div>
   <div class='ocr_carea' id='block_1_69' title="bbox 1870 2652 3438 2724">
    <p class='ocr_par' dir='ltr' id='par_1_69' title="bbox 1870 2652 3438 2724">
     <span class='ocr_line' id='line_1_69' title="bbox 1870 2652 3438 2724; baseline -0.002 -11"><span class='ocrx_word' id='word_1_511' title='bbox 1870 2659 2039 2713; x_wconf 87' lang='lat' dir='ltr'><strong>Deum</strong></span> <span class='ocrx_word' id='word_1_512' title='bbox 2072 2655 2325 2710; x_wconf 88' lang='lat' dir='ltr'><strong>laudibus</strong></span> <span class='ocrx_word' id='word_1_513' title='bbox 2374 2660 2777 2723; x_wconf 89' lang='lat' dir='ltr'><strong>prosequuntur</strong></span> <span class='ocrx_word' id='word_1_514' title='bbox 2805 2693 2821 2717; x_wconf 94' lang='lat'><strong>,</strong></span> <span class='ocrx_word' id='word_1_515' title='bbox 2858 2652 3037 2722; x_wconf 89' lang='lat' dir='ltr'><strong>ipsum</strong></span> <span class='ocrx_word' id='word_1_516' title='bbox 3092 2670 3438 2724; x_wconf 85' lang='lat' dir='ltr'><strong>nequaquam</strong></span> 
     </span>
    </p>
   </div>
   <div class='ocr_carea' id='block_1_70' title="bbox 1870 2744 3440 2821">
    <p class='ocr_par' dir='ltr' id='par_1_70' title="bbox 1870 2744 3440 2821">
     <span class='ocr_line' id='line_1_70' title="bbox 1870 2744 3440 2821; baseline -0.002 -14"><span class='ocrx_word' id='word_1_517' title='bbox 1870 2752 2152 2821; x_wconf 82' lang='lat' dir='ltr'><strong>adjuvant,</strong></span> <span class='ocrx_word' id='word_1_518' title='bbox 2179 2748 2281 2803; x_wconf 89' lang='lat' dir='ltr'><strong>sibi</strong></span> <span class='ocrx_word' id='word_1_519' title='bbox 2312 2761 2439 2801; x_wconf 88' lang='lat' dir='ltr'><strong>vero</strong></span> <span class='ocrx_word' id='word_1_520' title='bbox 2471 2746 2602 2815; x_wconf 85' lang='lat' dir='ltr'><strong>ipsis</strong></span> <span class='ocrx_word' id='word_1_521' title='bbox 2635 2745 2868 2799; x_wconf 90' lang='lat' dir='ltr'><strong>salutem</strong></span> <span class='ocrx_word' id='word_1_522' title='bbox 2914 2744 3181 2813; x_wconf 74' lang='lat' dir='ltr'><strong>allerunt,</strong></span> <span class='ocrx_word' id='word_1_523' title='bbox 3214 2749 3440 2817; x_wconf 86' lang='lat' dir='ltr'><strong>parique</strong></span> 
     </span>
    </p>
   </div>
   <div class='ocr_carea' id='block_1_71' title="bbox 1869 2834 3440 2907">
    <p class='ocr_par' dir='ltr' id='par_1_71' title="bbox 1869 2834 3440 2907">
     <span class='ocr_line' id='line_1_71' title="bbox 1869 2834 3440 2907; baseline 0 -12"><span class='ocrx_word' id='word_1_524' title='bbox 1869 2839 2066 2905; x_wconf 88' lang='lat' dir='ltr'><strong>modo,</strong></span> <span class='ocrx_word' id='word_1_525' title='bbox 2102 2838 2193 2907; x_wconf 90' lang='lat' dir='ltr'><strong>qui</strong></span> <span class='ocrx_word' id='word_1_526' title='bbox 2243 2836 2507 2891; x_wconf 87' lang='lat' dir='ltr'><strong>conviciis</strong></span> <span class='ocrx_word' id='word_1_527' title='bbox 2537 2843 2830 2905; x_wconf 88' lang='lat' dir='ltr'><strong>appetunt,</strong></span> <span class='ocrx_word' id='word_1_528' title='bbox 2883 2834 2933 2888; x_wconf 89' lang='lat' dir='ltr'><strong>ei</strong></span> <span class='ocrx_word' id='word_1_529' title='bbox 2972 2835 3190 2905; x_wconf 89' lang='lat' dir='ltr'><strong>quidem</strong></span> <span class='ocrx_word' id='word_1_530' title='bbox 3219 2853 3326 2893; x_wconf 89' lang='lat' dir='ltr'><strong>non</strong></span> <span class='ocrx_word' id='word_1_531' title='bbox 3358 2838 3440 2895; x_wconf 76' lang='lat' dir='ltr'><strong>l‘a-</strong></span> 
     </span>
    </p>
   </div>
   <div class='ocr_carea' id='block_1_72' title="bbox 1867 2926 2900 2999">
    <p class='ocr_par' dir='ltr' id='par_1_72' title="bbox 1867 2926 2900 2999">
     <span class='ocr_line' id='line_1_72' title="bbox 1867 2926 2900 2999; baseline -0.008 -12"><span class='ocrx_word' id='word_1_532' title='bbox 1867 2932 2018 2987; x_wconf 89' lang='lat' dir='ltr'><strong>ciunt</strong></span> <span class='ocrx_word' id='word_1_533' title='bbox 2045 2928 2301 2999; x_wconf 87' lang='lat' dir='ltr'><strong>injuriam</strong></span> <span class='ocrx_word' id='word_1_534' title='bbox 2320 2967 2335 2991; x_wconf 96' lang='lat'><strong>,</strong></span> <span class='ocrx_word' id='word_1_535' title='bbox 2370 2926 2472 2996; x_wconf 89' lang='lat' dir='ltr'><strong>ipsi</strong></span> <span class='ocrx_word' id='word_1_536' title='bbox 2500 2941 2628 2980; x_wconf 85' lang='lat' dir='ltr'><strong>vero</strong></span> <span class='ocrx_word' id='word_1_537' title='bbox 2651 2935 2900 2995; x_wconf 87' lang='lat' dir='ltr'><strong>pereunt.</strong></span> 
     </span>
    </p>
   </div>
   <div class='ocr_carea' id='block_1_73' title="bbox 1938 3018 3434 3089">
    <p class='ocr_par' dir='ltr' id='par_1_73' title="bbox 1938 3018 3434 3089">
     <span class='ocr_line' id='line_1_73' title="bbox 1938 3018 3434 3089; baseline 0.001 -13"><span class='ocrx_word' id='word_1_538' title='bbox 1938 3022 2006 3076; x_wconf 85' lang='lat' dir='ltr'><strong>X.</strong></span> <span class='ocrx_word' id='word_1_539' title='bbox 2054 3021 2180 3087; x_wconf 86' lang='lat' dir='ltr'><strong>Sed,</strong></span> <span class='ocrx_word' id='word_1_540' title='bbox 2218 3019 2432 3089; x_wconf 89' lang='lat' dir='ltr'><strong>inquit,</strong></span> <span class='ocrx_word' id='word_1_541' title='bbox 2466 3033 2574 3072; x_wconf 88' lang='lat' dir='ltr'><strong>non</strong></span> <span class='ocrx_word' id='word_1_542' title='bbox 2608 3018 2857 3073; x_wconf 88' lang='lat' dir='ltr'><strong>similiter</strong></span> <span class='ocrx_word' id='word_1_543' title='bbox 2889 3018 2941 3072; x_wconf 91' lang='lat' dir='ltr'><strong>in</strong></span> <span class='ocrx_word' id='word_1_544' title='bbox 2978 3019 3194 3075; x_wconf 86' lang='lat' dir='ltr'><strong>homine</strong></span> <span class='ocrx_word' id='word_1_545' title='bbox 3223 3029 3275 3076; x_wconf 89' lang='lat' dir='ltr'><strong>et</strong></span> <span class='ocrx_word' id='word_1_546' title='bbox 3301 3021 3434 3078; x_wconf 94' lang='lat' dir='ltr'><strong>Deo.</strong></span> 
     </span>
    </p>
   </div>
   <div class='ocr_carea' id='block_1_74' title="bbox 1869 3109 3438 3184">
    <p class='ocr_par' dir='ltr' id='par_1_74' title="bbox 1869 3109 3438 3184">
     <span class='ocr_line' id='line_1_74' title="bbox 1869 3109 3438 3184; baseline -0.001 -15"><span class='ocrx_word' id='word_1_547' title='bbox 1869 3113 1934 3169; x_wconf 85' lang='lat' dir='ltr'><strong>Et</strong></span> <span class='ocrx_word' id='word_1_548' title='bbox 1960 3129 2059 3183; x_wconf 87' lang='lat' dir='ltr'><strong>ego</strong></span> <span class='ocrx_word' id='word_1_549' title='bbox 2090 3111 2285 3177; x_wconf 85' lang='lat' dir='ltr'><strong>fateor,</strong></span> <span class='ocrx_word' id='word_1_550' title='bbox 2320 3109 2465 3180; x_wconf 90' lang='lat' dir='ltr'><strong>quod</strong></span> <span class='ocrx_word' id='word_1_551' title='bbox 2495 3125 2601 3164; x_wconf 90' lang='lat' dir='ltr'><strong>non</strong></span> <span class='ocrx_word' id='word_1_552' title='bbox 2632 3110 2901 3165; x_wconf 85' lang='lat' dir='ltr'><strong>similiter.</strong></span> <span class='ocrx_word' id='word_1_553' title='bbox 2930 3109 3105 3177; x_wconf 85' lang='lat' dir='ltr'><strong>Maius</strong></span> <span class='ocrx_word' id='word_1_554' title='bbox 3134 3113 3277 3167; x_wconf 87' lang='lat' dir='ltr'><strong>enim</strong></span> <span class='ocrx_word' id='word_1_555' title='bbox 3308 3129 3438 3184; x_wconf 91' lang='lat' dir='ltr'><strong>sup-</strong></span> 
     </span>
    </p>
   </div>
   <div class='ocr_carea' id='block_1_75' title="bbox 1868 3202 3436 3277">
    <p class='ocr_par' dir='ltr' id='par_1_75' title="bbox 1868 3202 3436 3277">
     <span class='ocr_line' id='line_1_75' title="bbox 1868 3202 3436 3277; baseline 0.001 -17"><span class='ocrx_word' id='word_1_556' title='bbox 1868 3206 2092 3277; x_wconf 88' lang='lat' dir='ltr'><strong>plicium</strong></span> <span class='ocrx_word' id='word_1_557' title='bbox 2122 3214 2179 3258; x_wconf 90' lang='lat' dir='ltr'><strong>ut</strong></span> <span class='ocrx_word' id='word_1_558' title='bbox 2211 3204 2385 3274; x_wconf 85' lang='lat' dir='ltr'><strong>magis</strong></span> <span class='ocrx_word' id='word_1_559' title='bbox 2418 3202 2585 3272; x_wconf 90' lang='lat' dir='ltr'><strong>impio</strong></span> <span class='ocrx_word' id='word_1_560' title='bbox 2634 3221 2646 3256; x_wconf 92' lang='lat'><strong>:</strong></span> <span class='ocrx_word' id='word_1_561' title='bbox 2679 3203 2863 3257; x_wconf 90' lang='lat' dir='ltr'><strong>minus</strong></span> <span class='ocrx_word' id='word_1_562' title='bbox 2903 3212 3083 3258; x_wconf 90' lang='lat' dir='ltr'><strong>autem</strong></span> <span class='ocrx_word' id='word_1_563' title='bbox 3118 3205 3201 3272; x_wconf 91' lang='lat' dir='ltr'><strong>ei,</strong></span> <span class='ocrx_word' id='word_1_564' title='bbox 3244 3207 3336 3275; x_wconf 87' lang='lat' dir='ltr'><strong>qui</strong></span> <span class='ocrx_word' id='word_1_565' title='bbox 3379 3206 3436 3263; x_wconf 87' lang='lat' dir='ltr'><strong>in</strong></span> 
     </span>
    </p>
   </div>
   <div class='ocr_carea' id='block_1_76' title="bbox 1870 3294 3437 3366">
    <p class='ocr_par' dir='ltr' id='par_1_76' title="bbox 1870 3294 3437 3366">
     <span class='ocr_line' id='line_1_76' title="bbox 1870 3294 3437 3366; baseline -0.001 -13"><span class='ocrx_word' id='word_1_566' title='bbox 1870 3298 2133 3353; x_wconf 89' lang='lat' dir='ltr'><strong>minorem</strong></span> <span class='ocrx_word' id='word_1_567' title='bbox 2162 3294 2425 3366; x_wconf 86' lang='lat' dir='ltr'><strong>peccavit.</strong></span> <span class='ocrx_word' id='word_1_568' title='bbox 2456 3294 2609 3349; x_wconf 90' lang='lat' dir='ltr'><strong>Sicut</strong></span> <span class='ocrx_word' id='word_1_569' title='bbox 2631 3310 2760 3364; x_wconf 85' lang='lat' dir='ltr'><strong>ergo</strong></span> <span class='ocrx_word' id='word_1_570' title='bbox 2787 3296 3056 3350; x_wconf 79' lang='lat' dir='ltr'><strong>maximus</strong></span> <span class='ocrx_word' id='word_1_571' title='bbox 3081 3298 3326 3350; x_wconf 89' lang='lat' dir='ltr'><strong>omnium</strong></span> <span class='ocrx_word' id='word_1_572' title='bbox 3352 3306 3437 3352; x_wconf 84' lang='lat' dir='ltr'><strong>est</strong></span> 
     </span>
    </p>
   </div>
   <div class='ocr_carea' id='block_1_77' title="bbox 1869 3385 3434 3458">
    <p class='ocr_par' dir='ltr' id='par_1_77' title="bbox 1869 3385 3434 3458">
     <span class='ocr_line' id='line_1_77' title="bbox 1869 3385 3434 3458; baseline -0.002 -12"><span class='ocrx_word' id='word_1_573' title='bbox 1869 3391 2034 3457; x_wconf 90' lang='lat' dir='ltr'><strong>Deus,</strong></span> <span class='ocrx_word' id='word_1_574' title='bbox 2060 3390 2136 3444; x_wconf 91' lang='lat' dir='ltr'><strong>ita</strong></span> <span class='ocrx_word' id='word_1_575' title='bbox 2167 3388 2435 3442; x_wconf 78' lang='lat' dir='ltr'><strong>maximas</strong></span> <span class='ocrx_word' id='word_1_576' title='bbox 2464 3385 2611 3442; x_wconf 90' lang='lat' dir='ltr'><strong>dabit</strong></span> <span class='ocrx_word' id='word_1_577' title='bbox 2637 3403 2848 3456; x_wconf 88' lang='lat' dir='ltr'><strong>poenas,</strong></span> <span class='ocrx_word' id='word_1_578' title='bbox 2878 3388 2973 3457; x_wconf 91' lang='lat' dir='ltr'><strong>qui</strong></span> <span class='ocrx_word' id='word_1_579' title='bbox 3000 3388 3054 3441; x_wconf 92' lang='lat' dir='ltr'><strong>in</strong></span> <span class='ocrx_word' id='word_1_580' title='bbox 3081 3404 3204 3442; x_wconf 90' lang='lat' dir='ltr'><strong>eum</strong></span> <span class='ocrx_word' id='word_1_581' title='bbox 3234 3389 3434 3458; x_wconf 86' lang='lat' dir='ltr'><strong>impius</strong></span> 
     </span>
    </p>
   </div>
   <div class='ocr_carea' id='block_1_78' title="bbox 1868 3479 3432 3551">
    <p class='ocr_par' dir='ltr' id='par_1_78' title="bbox 1868 3479 3432 3551">
     <span class='ocr_line' id='line_1_78' title="bbox 1868 3479 3432 3551; baseline -0.001 -12"><span class='ocrx_word' id='word_1_582' title='bbox 1868 3483 2174 3549; x_wconf 83' lang='lat' dir='ltr'><strong>exstiterit,</strong></span> <span class='ocrx_word' id='word_1_583' title='bbox 2225 3479 2485 3551; x_wconf 87' lang='lat' dir='ltr'><strong>quoniam</strong></span> <span class='ocrx_word' id='word_1_584' title='bbox 2531 3482 2792 3535; x_wconf 88' lang='lat' dir='ltr'><strong>adversus</strong></span> <span class='ocrx_word' id='word_1_585' title='bbox 2845 3480 3143 3535; x_wconf 82' lang='lat' dir='ltr'><strong>maximum</strong></span> <span class='ocrx_word' id='word_1_586' title='bbox 3184 3482 3432 3551; x_wconf 89' lang='lat' dir='ltr'><strong>deliquit.</strong></span> 
     </span>
    </p>
   </div>
   <div class='ocr_carea' id='block_1_79' title="bbox 1870 3574 3434 3647">
    <p class='ocr_par' dir='ltr' id='par_1_79' title="bbox 1870 3574 3434 3647">
     <span class='ocr_line' id='line_1_79' title="bbox 1870 3574 3434 3647; baseline 0 -17"><span class='ocrx_word' id='word_1_587' title='bbox 1870 3575 2056 3647; x_wconf 85' lang='lat' dir='ltr'><strong>Neque</strong></span> <span class='ocrx_word' id='word_1_588' title='bbox 2109 3575 2253 3631; x_wconf 89' lang='lat' dir='ltr'><strong>Deus</strong></span> <span class='ocrx_word' id='word_1_589' title='bbox 2303 3575 2519 3644; x_wconf 89' lang='lat' dir='ltr'><strong>propria</strong></span> <span class='ocrx_word' id='word_1_590' title='bbox 2570 3590 2733 3628; x_wconf 91' lang='lat' dir='ltr'><strong>manu</strong></span> <span class='ocrx_word' id='word_1_591' title='bbox 2788 3574 3102 3640; x_wconf 89' lang='lat' dir='ltr'><strong>ulciscelur,</strong></span> <span class='ocrx_word' id='word_1_592' title='bbox 3155 3584 3210 3628; x_wconf 89' lang='lat' dir='ltr'><strong>at</strong></span> <span class='ocrx_word' id='word_1_593' title='bbox 3256 3576 3434 3630; x_wconf 87' lang='lat' dir='ltr'><strong>omnis</strong></span> 
     </span>
    </p>
   </div>
   <div class='ocr_carea' id='block_1_80' title="bbox 1873 3665 3434 3737">
    <p class='ocr_par' dir='ltr' id='par_1_80' title="bbox 1873 3665 3434 3737">
     <span class='ocr_line' id='line_1_80' title="bbox 1873 3665 3434 3737; baseline -0.003 -14"><span class='ocrx_word' id='word_1_594' title='bbox 1873 3676 2121 3724; x_wconf 85' lang='lat' dir='ltr'><strong>creatura</strong></span> <span class='ocrx_word' id='word_1_595' title='bbox 2153 3667 2206 3721; x_wconf 93' lang='lat' dir='ltr'><strong>in</strong></span> <span class='ocrx_word' id='word_1_596' title='bbox 2236 3683 2297 3721; x_wconf 90' lang='lat' dir='ltr'><strong>ea</strong></span> <span class='ocrx_word' id='word_1_597' title='bbox 2326 3682 2386 3721; x_wconf 89' lang='lat' dir='ltr'><strong>re</strong></span> <span class='ocrx_word' id='word_1_598' title='bbox 2421 3665 2791 3737; x_wconf 87' lang='lat' dir='ltr'><strong>indignabitur</strong></span> <span class='ocrx_word' id='word_1_599' title='bbox 2820 3674 2871 3719; x_wconf 87' lang='lat' dir='ltr'><strong>et</strong></span> <span class='ocrx_word' id='word_1_600' title='bbox 2908 3666 3229 3719; x_wconf 86' lang='lat' dir='ltr'><strong>naturaliter</strong></span> <span class='ocrx_word' id='word_1_601' title='bbox 3258 3666 3434 3719; x_wconf 86' lang='lat' dir='ltr'><strong>vindi-</strong></span> 
     </span>
    </p>
   </div>
   <div class='ocr_carea' id='block_1_81' title="bbox 1870 3756 3433 3826">
    <p class='ocr_par' dir='ltr' id='par_1_81' title="bbox 1870 3756 3433 3826">
     <span class='ocr_line' id='line_1_81' title="bbox 1870 3756 3433 3826; baseline -0.003 -11"><span class='ocrx_word' id='word_1_602' title='bbox 1870 3760 2033 3815; x_wconf 89' lang='lat' dir='ltr'><strong>cabit.</strong></span> <span class='ocrx_word' id='word_1_603' title='bbox 2066 3758 2182 3814; x_wconf 88' lang='lat' dir='ltr'><strong>Non</strong></span> <span class='ocrx_word' id='word_1_604' title='bbox 2218 3758 2363 3813; x_wconf 87' lang='lat' dir='ltr'><strong>enim</strong></span> <span class='ocrx_word' id='word_1_605' title='bbox 2396 3758 2713 3826; x_wconf 84' lang='lat' dir='ltr'><strong>blaspheme</strong></span> <span class='ocrx_word' id='word_1_606' title='bbox 2742 3756 2892 3810; x_wconf 86' lang='lat' dir='ltr'><strong>dabit</strong></span> <span class='ocrx_word' id='word_1_607' title='bbox 2932 3757 3108 3811; x_wconf 90' lang='lat' dir='ltr'><strong>lucem</strong></span> <span class='ocrx_word' id='word_1_608' title='bbox 3156 3758 3236 3811; x_wconf 90' lang='lat' dir='ltr'><strong>sol</strong></span> <span class='ocrx_word' id='word_1_609' title='bbox 3258 3796 3274 3821; x_wconf 93' lang='lat'><strong>,</strong></span> <span class='ocrx_word' id='word_1_610' title='bbox 3322 3773 3433 3811; x_wconf 85' lang='lat' dir='ltr'><strong>non</strong></span> 
     </span>
    </p>
   </div>
   <div class='ocr_carea' id='block_1_82' title="bbox 1869 3848 3435 3920">
    <p class='ocr_par' dir='ltr' id='par_1_82' title="bbox 1869 3848 3435 3920">
     <span class='ocr_line' id='line_1_82' title="bbox 1869 3848 3435 3920; baseline -0.003 -13"><span class='ocrx_word' id='word_1_611' title='bbox 1869 3851 2079 3907; x_wconf 81' lang='lat' dir='ltr'><strong>fructus</strong></span> <span class='ocrx_word' id='word_1_612' title='bbox 2107 3861 2267 3918; x_wconf 90' lang='lat' dir='ltr'><strong>terra,</strong></span> <span class='ocrx_word' id='word_1_613' title='bbox 2295 3866 2401 3905; x_wconf 89' lang='lat' dir='ltr'><strong>non</strong></span> <span class='ocrx_word' id='word_1_614' title='bbox 2427 3865 2620 3920; x_wconf 89' lang='lat' dir='ltr'><strong>aquam</strong></span> <span class='ocrx_word' id='word_1_615' title='bbox 2654 3848 2851 3913; x_wconf 85' lang='lat' dir='ltr'><strong>fontes,</strong></span> <span class='ocrx_word' id='word_1_616' title='bbox 2878 3864 2987 3902; x_wconf 91' lang='lat' dir='ltr'><strong>non</strong></span> <span class='ocrx_word' id='word_1_617' title='bbox 3014 3850 3214 3903; x_wconf 87' lang='lat' dir='ltr'><strong>tribuet</strong></span> <span class='ocrx_word' id='word_1_618' title='bbox 3237 3848 3435 3903; x_wconf 62' lang='lat' dir='ltr'><strong>anima:</strong></span> 
     </span>
    </p>
   </div>
   <div class='ocr_carea' id='block_1_83' title="bbox 1871 3941 3429 4013">
    <p class='ocr_par' dir='ltr' id='par_1_83' title="bbox 1871 3941 3429 4013">
     <span class='ocr_line' id='line_1_83' title="bbox 1871 3941 3429 4013; baseline -0.003 -13"><span class='ocrx_word' id='word_1_619' title='bbox 1871 3948 1926 4000; x_wconf 93' lang='lat' dir='ltr'><strong>in</strong></span> <span class='ocrx_word' id='word_1_620' title='bbox 1958 3944 2146 4000; x_wconf 79' lang='lat' dir='ltr'><strong>inferis</strong></span> <span class='ocrx_word' id='word_1_621' title='bbox 2174 3944 2437 4013; x_wconf 88' lang='lat' dir='ltr'><strong>requiem,</strong></span> <span class='ocrx_word' id='word_1_622' title='bbox 2467 3942 2557 4012; x_wconf 93' lang='lat' dir='ltr'><strong>qui</strong></span> <span class='ocrx_word' id='word_1_623' title='bbox 2589 3942 2660 3996; x_wconf 92' lang='lat' dir='ltr'><strong>ihi</strong></span> <span class='ocrx_word' id='word_1_624' title='bbox 2684 3941 3012 3996; x_wconf 87' lang='lat' dir='ltr'><strong>constitutus</strong></span> <span class='ocrx_word' id='word_1_625' title='bbox 3039 3950 3121 3995; x_wconf 89' lang='lat' dir='ltr'><strong>est</strong></span> <span class='ocrx_word' id='word_1_626' title='bbox 3145 3942 3429 4010; x_wconf 88' lang='lat' dir='ltr'><strong>princeps:</strong></span> 
     </span>
    </p>
   </div>
   <div class='ocr_carea' id='block_1_84' title="bbox 1869 4034 3434 4108">
    <p class='ocr_par' dir='ltr' id='par_1_84' title="bbox 1869 4034 3434 4108">
     <span class='ocr_line' id='line_1_84' title="bbox 1869 4034 3434 4108; baseline -0.003 -17"><span class='ocrx_word' id='word_1_627' title='bbox 1869 4039 2089 4108; x_wconf 84' lang='lat' dir='ltr'><strong>quando</strong></span> <span class='ocrx_word' id='word_1_628' title='bbox 2121 4053 2266 4091; x_wconf 89' lang='lat' dir='ltr'><strong>nunc</strong></span> <span class='ocrx_word' id='word_1_629' title='bbox 2294 4052 2544 4106; x_wconf 90' lang='lat' dir='ltr'><strong>quoque,</strong></span> <span class='ocrx_word' id='word_1_630' title='bbox 2590 4036 2766 4089; x_wconf 89' lang='lat' dir='ltr'><strong>adhuc</strong></span> <span class='ocrx_word' id='word_1_631' title='bbox 2808 4034 3137 4089; x_wconf 86' lang='lat' dir='ltr'><strong>subsistente</strong></span> <span class='ocrx_word' id='word_1_632' title='bbox 3168 4034 3434 4103; x_wconf 63' lang='lat' dir='ltr'><strong>praeﬁnito</strong></span> 
     </span>
    </p>
   </div>
   <div class='ocr_carea' id='block_1_85' title="bbox 203 4123 1772 4200">
    <p class='ocr_par' dir='ltr' id='par_1_85' title="bbox 203 4123 1769 4194">
     <span class='ocr_line' id='line_1_85' title="bbox 203 4123 1769 4194; baseline 0.001 -18"><span class='ocrx_word' id='word_1_633' title='bbox 203 4124 610 4194; x_wconf 72' lang='grc' dir='ltr'>παραγανακτεϊ</span> <span class='ocrx_word' id='word_1_634' title='bbox 655 4123 803 4176; x_wconf 81' lang='grc' dir='ltr'>πᾶσα</span> <span class='ocrx_word' id='word_1_635' title='bbox 848 4124 880 4193; x_wconf 86' lang='grc' dir='ltr'>ἠ</span> <span class='ocrx_word' id='word_1_636' title='bbox 928 4123 1123 4188; x_wconf 89' lang='grc' dir='ltr'>κτίσις.</span> <span class='ocrx_word' id='word_1_637' title='bbox 1172 4124 1262 4177; x_wconf 89' lang='grc' dir='ltr'>Διὸ</span> <span class='ocrx_word' id='word_1_638' title='bbox 1311 4123 1432 4177; x_wconf 77' lang='grc' dir='ltr'>οὔτε</span> <span class='ocrx_word' id='word_1_639' title='bbox 1454 4125 1499 4155; x_wconf 81' lang='grc'>⁹⁰</span> <span class='ocrx_word' id='word_1_640' title='bbox 1535 4125 1769 4190; x_wconf 81' lang='grc' dir='ltr'>τελείους</span> 
     </span>
    </p>
   </div>
   <div class='ocr_carea' id='block_1_86' title="bbox 1874 4123 3437 4200">
    <p class='ocr_par' dir='ltr' id='par_1_86' title="bbox 1878 4125 3437 4200">
     <span class='ocr_line' id='line_1_86' title="bbox 1878 4125 3437 4200; baseline -0.002 -17"><span class='ocrx_word' id='word_1_641' title='bbox 1878 4131 2065 4184; x_wconf 85' lang='lat' dir='ltr'><strong>mundi</strong></span> <span class='ocrx_word' id='word_1_642' title='bbox 2100 4140 2363 4200; x_wconf 87' lang='lat' dir='ltr'><strong>tempore,</strong></span> <span class='ocrx_word' id='word_1_643' title='bbox 2396 4144 2535 4199; x_wconf 71' lang='lat' dir='ltr'><strong>aegre</strong></span> <span class='ocrx_word' id='word_1_644' title='bbox 2563 4127 2665 4184; x_wconf 82' lang='lat' dir='ltr'><strong>fert</strong></span> <span class='ocrx_word' id='word_1_645' title='bbox 2702 4128 2953 4183; x_wconf 87' lang='lat' dir='ltr'><strong>universa</strong></span> <span class='ocrx_word' id='word_1_646' title='bbox 2986 4136 3257 4184; x_wconf 89' lang='lat' dir='ltr'><strong>creatura.</strong></span> <span class='ocrx_word' id='word_1_647' title='bbox 3286 4125 3437 4182; x_wconf 80' lang='lat' dir='ltr'><strong>Ideo-</strong></span> 
     </span>
    </p>
   </div>
   <div class='ocr_carea' id='block_1_87' title="bbox 1501 4237 2167 4296">
    <p class='ocr_par' dir='ltr' id='par_1_87' title="bbox 1501 4237 2167 4296">
     <span class='ocr_line' id='line_1_87' title="bbox 1501 4237 2167 4296; baseline 0.002 -1"><span class='ocrx_word' id='word_1_648' title='bbox 1501 4238 1732 4295; x_wconf 75' lang='lat' dir='ltr'><strong>VARLE</strong></span> <span class='ocrx_word' id='word_1_649' title='bbox 1768 4237 2167 4296; x_wconf 78' lang='lat' dir='ltr'><strong>LECTIONES.</strong></span> 
     </span>
    </p>
   </div>
   <div class='ocr_carea' id='block_1_88' title="bbox 258 4332 3439 4422">
    <p class='ocr_par' dir='ltr' id='par_1_88' title="bbox 258 4332 3439 4422">
     <span class='ocr_line' id='line_1_88' title="bbox 258 4332 3439 4422; baseline -0.001 -26"><span class='ocrx_word' id='word_1_650' title='bbox 258 4339 302 4374; x_wconf 80' lang='lat'><strong>&quot;</strong></span> <span class='ocrx_word' id='word_1_651' title='bbox 328 4340 406 4422; x_wconf 86' lang='lat' dir='ltr'><strong>l_ta_</strong></span> <span class='ocrx_word' id='word_1_652' title='bbox 440 4339 564 4422; x_wconf 67' lang='lat' dir='ltr'><strong>Oc.</strong></span> <span class='ocrx_word' id='word_1_653' title='bbox 594 4342 653 4407; x_wconf 88' lang='lat' dir='ltr'><strong>S,</strong></span> <span class='ocrx_word' id='word_1_654' title='bbox 686 4343 1112 4422; x_wconf 59' lang='grc' dir='ltr'>ἐπαγγέλλονται</span> <span class='ocrx_word' id='word_1_655' title='bbox 1230 4332 1643 4422; x_wconf 42' lang='grc' dir='ltr'>Ρειιιίςᾳίειῐῃςδε</span> <span class='ocrx_word' id='word_1_656' title='bbox 1663 4346 2115 4422; x_wconf 25' lang='grc' dir='ltr'>λεείιη-ιιιινίιιςρυο</span> <span class='ocrx_word' id='word_1_657' title='bbox 2145 4345 2291 4399; x_wconf 88' lang='lat' dir='ltr'><strong>hom.</strong></span> <span class='ocrx_word' id='word_1_658' title='bbox 2336 4344 2491 4422; x_wconf 64' lang='lat' dir='ltr'><strong>codd.</strong></span> <span class='ocrx_word' id='word_1_659' title='bbox 2523 4342 2823 4422; x_wconf 73' lang='lat' dir='ltr'><strong>auctoritas</strong></span> <span class='ocrx_word' id='word_1_660' title='bbox 2850 4348 3032 4422; x_wconf 70' lang='lat' dir='ltr'><strong>tuctpr</strong></span> <span class='ocrx_word' id='word_1_661' title='bbox 3059 4360 3071 4395; x_wconf 73' lang='grc' dir='ltr'><strong>ε</strong></span> <span class='ocrx_word' id='word_1_662' title='bbox 3108 4347 3439 4422; x_wconf 70' lang='lat' dir='ltr'><strong>quapropter</strong></span> 
     </span>
    </p>
   </div>
   <div class='ocr_carea' id='block_1_89' title="bbox 198 4410 3437 4492">
    <p class='ocr_par' dir='ltr' id='par_1_89' title="bbox 198 4410 3437 4492">
     <span class='ocr_line' id='line_1_89' title="bbox 198 4410 3437 4492; baseline -0.001 -28"><span class='ocrx_word' id='word_1_663' title='bbox 198 4425 295 4492; x_wconf 73' lang='lat' dir='ltr'><strong>non</strong></span> <span class='ocrx_word' id='word_1_664' title='bbox 323 4413 551 4492; x_wconf 57' lang='lat' dir='ltr'><strong>delenda</strong></span> <span class='ocrx_word' id='word_1_665' title='bbox 584 4422 645 4467; x_wconf 91' lang='lat' dir='ltr'><strong>ut</strong></span> <span class='ocrx_word' id='word_1_666' title='bbox 670 4410 968 4492; x_wconf 21' lang='lat' dir='ltr'><strong>censetsa</strong></span> <span class='ocrx_word' id='word_1_667' title='bbox 1015 4416 1061 4447; x_wconf 73' lang='grc'><strong>⁸⁸</strong></span> <span class='ocrx_word' id='word_1_668' title='bbox 1091 4413 1371 4492; x_wconf 65' lang='grc' dir='ltr'>ἐπιγραφῇ</span> <span class='ocrx_word' id='word_1_669' title='bbox 1499 4486 1511 4492; x_wconf 86' lang='lat'>_</span> <span class='ocrx_word' id='word_1_670' title='bbox 1534 4416 1579 4492; x_wconf 62' lang='grc' dir='ltr'><strong>εξ</strong></span> <span class='ocrx_word' id='word_1_671' title='bbox 1615 4410 1768 4484; x_wconf 75' lang='grc' dir='ltr'>λέγει</span> <span class='ocrx_word' id='word_1_672' title='bbox 1797 4416 1875 4469; x_wconf 81' lang='lat' dir='ltr'><strong>Cl.</strong></span> <span class='ocrx_word' id='word_1_673' title='bbox 1913 4424 1966 4492; x_wconf 79' lang='lat' dir='ltr'><strong>et</strong></span> <span class='ocrx_word' id='word_1_674' title='bbox 2012 4410 2048 4467; x_wconf 85' lang='lat' dir='ltr'><strong>S</strong></span> <span class='ocrx_word' id='word_1_675' title='bbox 2075 4426 2262 4492; x_wconf 67' lang='lat' dir='ltr'><strong>contra</strong></span> <span class='ocrx_word' id='word_1_676' title='bbox 2305 4415 2460 4492; x_wconf 71' lang='lat' dir='ltr'><strong>codd.</strong></span> <span class='ocrx_word' id='word_1_677' title='bbox 2494 4414 2902 4492; x_wconf 60' lang='lat' dir='ltr'><strong>auctoritateth</strong></span> <span class='ocrx_word' id='word_1_678' title='bbox 2945 4410 3268 4492; x_wconf 36' lang='lat' dir='ltr'><strong>Sch‘vveglﬂri</strong></span> <span class='ocrx_word' id='word_1_679' title='bbox 3295 4426 3437 4492; x_wconf 55' lang='lat' dir='ltr'><strong>fon-</strong></span> 
     </span>
    </p>
   </div>
   <div class='ocr_carea' id='block_1_90' title="bbox 195 4480 3438 4571">
    <p class='ocr_par' dir='ltr' id='par_1_90' title="bbox 195 4480 3438 4571">
     <span class='ocr_line' id='line_1_90' title="bbox 195 4480 3438 4571; baseline -0.001 -36"><span class='ocrx_word' id='word_1_680' title='bbox 195 4480 393 4571; x_wconf 43' lang='grc' dir='ltr'>ᾔει-τμη</span> <span class='ocrx_word' id='word_1_681' title='bbox 429 4482 576 4565; x_wconf 76' lang='grc' dir='ltr'>θέλει</span> <span class='ocrx_word' id='word_1_682' title='bbox 602 4484 815 4571; x_wconf 46' lang='grc' dir='ltr'>ξυιεεῃο</span> <span class='ocrx_word' id='word_1_683' title='bbox 850 4486 1008 4571; x_wconf 65' lang='lat' dir='ltr'><strong>lectio</strong></span> <span class='ocrx_word' id='word_1_684' title='bbox 1033 4493 1119 4540; x_wconf 87' lang='lat' dir='ltr'><strong>est</strong></span> <span class='ocrx_word' id='word_1_685' title='bbox 1145 4480 1320 4571; x_wconf 40' lang='grc' dir='ltr'><strong>δῆρίς..</strong></span> <span class='ocrx_word' id='word_1_686' title='bbox 1346 4480 1370 4486; x_wconf 83' lang='grc'><em>”</em></span> <span class='ocrx_word' id='word_1_687' title='bbox 1394 4485 1440 4517; x_wconf 79' lang='grc'><strong>⁸⁸</strong></span> <span class='ocrx_word' id='word_1_688' title='bbox 1465 4486 1512 4539; x_wconf 90' lang='grc' dir='ltr'><strong>εί</strong></span> <span class='ocrx_word' id='word_1_689' title='bbox 1545 4487 1587 4539; x_wconf 94' lang='grc' dir='ltr'>Ο</span> <span class='ocrx_word' id='word_1_690' title='bbox 1620 4480 1772 4571; x_wconf 51' lang='grc' dir='ltr'>εισι</span> <span class='ocrx_word' id='word_1_691' title='bbox 1806 4484 2235 4571; x_wconf 40' lang='grc' dir='ltr'><strong>ΟΟΙΙῙΟΩΓΞῙΜΟᾹἏ</strong></span> <span class='ocrx_word' id='word_1_692' title='bbox 2259 4484 2376 4571; x_wconf 49' lang='lat' dir='ltr'><strong>cui;</strong></span> <span class='ocrx_word' id='word_1_693' title='bbox 2406 4492 2552 4571; x_wconf 67' lang='lat' dir='ltr'><strong>textu</strong></span> <span class='ocrx_word' id='word_1_694' title='bbox 2685 4484 2764 4571; x_wconf 53' lang='grc' dir='ltr'><strong>ηδτ</strong></span> <span class='ocrx_word' id='word_1_695' title='bbox 2790 4483 3010 4571; x_wconf 46' lang='grc' dir='ltr'>ξαεσαρ</span> <span class='ocrx_word' id='word_1_696' title='bbox 3180 4481 3226 4513; x_wconf 83' lang='grc'><strong>⁸⁸</strong></span> <span class='ocrx_word' id='word_1_697' title='bbox 3357 4482 3438 4571; x_wconf 60' lang='grc' dir='ltr'>εἰς</span> 
     </span>
    </p>
   </div>
   <div class='ocr_carea' id='block_1_91' title="bbox 196 4551 3437 4698">
    <p class='ocr_par' dir='ltr' id='par_1_91' title="bbox 196 4551 3437 4698">
     <span class='ocr_line' id='line_1_91' title="bbox 200 4551 3437 4625; baseline -0.001 -20"><span class='ocrx_word' id='word_1_698' title='bbox 200 4553 411 4620; x_wconf 80' lang='grc' dir='ltr'>μείζονα</span> <span class='ocrx_word' id='word_1_699' title='bbox 436 4553 581 4622; x_wconf 90' lang='lat' dir='ltr'><strong>conj.</strong></span> <span class='ocrx_word' id='word_1_700' title='bbox 611 4553 674 4614; x_wconf 88' lang='lat' dir='ltr'><strong>D,</strong></span> <span class='ocrx_word' id='word_1_701' title='bbox 700 4551 784 4624; x_wconf 65' lang='grc' dir='ltr'>τῷ</span> <span class='ocrx_word' id='word_1_702' title='bbox 815 4554 997 4625; x_wconf 75' lang='grc' dir='ltr'>μεῖζον</span> <span class='ocrx_word' id='word_1_703' title='bbox 1020 4571 1123 4610; x_wconf 89' lang='lat' dir='ltr'><strong>scr.</strong></span> <span class='ocrx_word' id='word_1_704' title='bbox 1162 4551 1581 4611; x_wconf 87' lang='lat' dir='ltr'><strong>Schliemannus</strong></span> <span class='ocrx_word' id='word_1_705' title='bbox 1616 4556 1863 4610; x_wconf 82' lang='lat' dir='ltr'><strong>Clement.</strong></span> <span class='ocrx_word' id='word_1_706' title='bbox 1899 4551 1949 4623; x_wconf 66' lang='grc' dir='ltr'><strong>ι).</strong></span> <span class='ocrx_word' id='word_1_707' title='bbox 1984 4555 2106 4614; x_wconf 73' lang='grc'>250.</span> <span class='ocrx_word' id='word_1_708' title='bbox 2134 4554 2256 4609; x_wconf 77' lang='grc'><strong>569.</strong></span> <span class='ocrx_word' id='word_1_709' title='bbox 2329 4551 2376 4586; x_wconf 55' lang='grc'><strong>⁸⁸</strong></span> <span class='ocrx_word' id='word_1_710' title='bbox 2405 4555 2483 4607; x_wconf 81' lang='grc' dir='ltr'>ἔτι</span> <span class='ocrx_word' id='word_1_711' title='bbox 2508 4551 2651 4620; x_wconf 77' lang='lat' dir='ltr'><strong>conj.</strong></span> <span class='ocrx_word' id='word_1_712' title='bbox 2683 4553 2744 4608; x_wconf 90' lang='lat' dir='ltr'><strong>C.</strong></span> <span class='ocrx_word' id='word_1_713' title='bbox 2823 4556 2867 4587; x_wconf 77' lang='lat'><strong>’°</strong></span> <span class='ocrx_word' id='word_1_714' title='bbox 2902 4551 3172 4608; x_wconf 76' lang='lat' dir='ltr'><strong>Cotelerio</strong></span> <span class='ocrx_word' id='word_1_715' title='bbox 3202 4560 3324 4621; x_wconf 87' lang='lat' dir='ltr'><strong>post</strong></span> <span class='ocrx_word' id='word_1_716' title='bbox 3355 4551 3437 4604; x_wconf 77' lang='grc' dir='ltr'><strong>διὸ</strong></span> 
     </span>
     <span class='ocr_line' id='line_1_92' title="bbox 196 4620 3436 4698; baseline 0 -24"><span class='ocrx_word' id='word_1_717' title='bbox 196 4620 308 4698; x_wconf 61' lang='grc' dir='ltr'>οὔτε</span> <span class='ocrx_word' id='word_1_718' title='bbox 335 4624 530 4698; x_wconf 65' lang='lat' dir='ltr'><strong>deesse</strong></span> <span class='ocrx_word' id='word_1_719' title='bbox 563 4623 777 4679; x_wconf 86' lang='lat' dir='ltr'><strong>videtur</strong></span> <span class='ocrx_word' id='word_1_720' title='bbox 804 4627 1047 4698; x_wconf 69' lang='grc' dir='ltr'>οὐρανός.</span> <span class='ocrx_word' id='word_1_721' title='bbox 1082 4624 1241 4681; x_wconf 84' lang='lat' dir='ltr'><strong>Forte</strong></span> <span class='ocrx_word' id='word_1_722' title='bbox 1272 4636 1454 4698; x_wconf 84' lang='lat' dir='ltr'><strong>tamen</strong></span> <span class='ocrx_word' id='word_1_723' title='bbox 1478 4626 1695 4698; x_wconf 78' lang='lat' dir='ltr'><strong>scripsit</strong></span> <span class='ocrx_word' id='word_1_724' title='bbox 1728 4636 1909 4698; x_wconf 79' lang='lat' dir='ltr'><strong>noster</strong></span> <span class='ocrx_word' id='word_1_725' title='bbox 1929 4625 2007 4678; x_wconf 83' lang='grc' dir='ltr'>διὸ</span> <span class='ocrx_word' id='word_1_726' title='bbox 2031 4625 2153 4678; x_wconf 79' lang='grc' dir='ltr'>οὐτε</span> <span class='ocrx_word' id='word_1_727' title='bbox 2182 4625 2316 4695; x_wconf 77' lang='grc' dir='ltr'>νέφη</span> <span class='ocrx_word' id='word_1_728' title='bbox 2346 4628 2468 4698; x_wconf 70' lang='grc' dir='ltr'>τοὺς</span> <span class='ocrx_word' id='word_1_729' title='bbox 2492 4625 2677 4689; x_wconf 81' lang='grc' dir='ltr'>ὑετοὺς</span> <span class='ocrx_word' id='word_1_730' title='bbox 2714 4625 2961 4698; x_wconf 82' lang='grc' dir='ltr'>παρέχει.</span> <span class='ocrx_word' id='word_1_731' title='bbox 2997 4622 3208 4681; x_wconf 84' lang='lat' dir='ltr'><strong>Videsis</strong></span> <span class='ocrx_word' id='word_1_732' title='bbox 3239 4622 3436 4678; x_wconf 65' lang='lat' dir='ltr'><strong>Eusta«</strong></span> 
     </span>
    </p>
   </div>
   <div class='ocr_carea' id='block_1_92' title="bbox 198 4643 2890 4767">
    <p class='ocr_par' dir='ltr' id='par_1_92' title="bbox 198 4643 2890 4767">
     <span class='ocr_line' id='line_1_93' title="bbox 198 4643 2890 4698; baseline 0.002 -26"><span class='ocrx_word' id='word_1_733' title='bbox 198 4643 308 4674; x_wconf 77' lang='grc' dir='ltr'>ῠυτε</span> <span class='ocrx_word' id='word_1_734' title='bbox 335 4643 530 4678; x_wconf 72' lang='lat'><strong>088558</strong></span> <span class='ocrx_word' id='word_1_735' title='bbox 563 4643 777 4679; x_wconf 75' lang='lat' dir='ltr'><strong>VIUBIIH&#39;</strong></span> <span class='ocrx_word' id='word_1_736' title='bbox 804 4643 1047 4697; x_wconf 84' lang='grc' dir='ltr'>ουρανος.</span> <span class='ocrx_word' id='word_1_737' title='bbox 1082 4643 1241 4681; x_wconf 66' lang='grc' dir='ltr'>ιηοτιθ</span> <span class='ocrx_word' id='word_1_738' title='bbox 1272 4643 1448 4680; x_wconf 82' lang='lat' dir='ltr'><strong>tamen</strong></span> <span class='ocrx_word' id='word_1_739' title='bbox 1478 4643 1695 4693; x_wconf 71' lang='lat' dir='ltr'><strong>SCI‘IDSII</strong></span> <span class='ocrx_word' id='word_1_740' title='bbox 1728 4643 1909 4680; x_wconf 72' lang='grc' dir='ltr'>ηοςιρι·</span> <span class='ocrx_word' id='word_1_741' title='bbox 1929 4643 2007 4678; x_wconf 89' lang='grc' dir='ltr'><strong>οιο</strong></span> <span class='ocrx_word' id='word_1_742' title='bbox 2031 4643 2153 4678; x_wconf 84' lang='grc' dir='ltr'>ουτε</span> <span class='ocrx_word' id='word_1_743' title='bbox 2182 4643 2316 4695; x_wconf 85' lang='grc' dir='ltr'>νεφη</span> <span class='ocrx_word' id='word_1_744' title='bbox 2346 4643 2468 4688; x_wconf 85' lang='grc' dir='ltr'>τους</span> <span class='ocrx_word' id='word_1_745' title='bbox 2492 4643 2677 4689; x_wconf 87' lang='grc' dir='ltr'>υετους</span> <span class='ocrx_word' id='word_1_746' title='bbox 2714 4643 2890 4698; x_wconf 86' lang='grc' dir='ltr'>παρεχ</span> 
     </span>
     <span class='ocr_line' id='line_1_94' title="bbox 198 4692 2489 4767; baseline 0.001 -20"><span class='ocrx_word' id='word_1_747' title='bbox 198 4692 359 4748; x_wconf 83' lang='lat' dir='ltr'><strong>thiam</strong></span> <span class='ocrx_word' id='word_1_748' title='bbox 389 4694 448 4748; x_wconf 89' lang='lat' dir='ltr'><strong>in</strong></span> <span class='ocrx_word' id='word_1_749' title='bbox 477 4692 734 4751; x_wconf 69' lang='lat' dir='ltr'><strong>flexam.</strong></span> <span class='ocrx_word' id='word_1_750' title='bbox 764 4710 818 4766; x_wconf 88' lang='lat' dir='ltr'><strong>p.</strong></span> <span class='ocrx_word' id='word_1_751' title='bbox 852 4697 905 4751; x_wconf 88' lang='lat'><strong>5.</strong></span> <span class='ocrx_word' id='word_1_752' title='bbox 935 4695 1048 4767; x_wconf 81' lang='lat' dir='ltr'><strong>Ego</strong></span> <span class='ocrx_word' id='word_1_753' title='bbox 1069 4711 1219 4764; x_wconf 86' lang='lat' dir='ltr'><strong>sane,</strong></span> <span class='ocrx_word' id='word_1_754' title='bbox 1253 4697 1383 4767; x_wconf 91' lang='lat' dir='ltr'><strong>quid</strong></span> <span class='ocrx_word' id='word_1_755' title='bbox 1414 4697 1516 4752; x_wconf 88' lang='lat' dir='ltr'><strong>sibi</strong></span> <span class='ocrx_word' id='word_1_756' title='bbox 1551 4698 1716 4753; x_wconf 90' lang='lat' dir='ltr'><strong>velint</strong></span> <span class='ocrx_word' id='word_1_757' title='bbox 1743 4697 1882 4751; x_wconf 82' lang='grc' dir='ltr'>τέλει</span> <span class='ocrx_word' id='word_1_758' title='bbox 1909 4697 2073 4762; x_wconf 86' lang='grc' dir='ltr'>ὑετοί,</span> <span class='ocrx_word' id='word_1_759' title='bbox 2103 4712 2213 4751; x_wconf 91' lang='lat' dir='ltr'><strong>non</strong></span> <span class='ocrx_word' id='word_1_760' title='bbox 2244 4696 2489 4766; x_wconf 89' lang='lat' dir='ltr'><strong>capiu.D.</strong></span> 
     </span>
    </p>
   </div>
   <div class='ocr_carea' id='block_1_93' title="bbox 1485 4800 2112 4859">
    <p class='ocr_par' dir='ltr' id='par_1_93' title="bbox 1485 4800 2112 4859">
     <span class='ocr_line' id='line_1_95' title="bbox 1485 4800 2112 4859; baseline 0.005 -5"><span class='ocrx_word' id='word_1_761' title='bbox 1485 4800 1849 4859; x_wconf 75' lang='lat' dir='ltr'><strong>VARIORUM</strong></span> <span class='ocrx_word' id='word_1_762' title='bbox 1886 4802 2112 4859; x_wconf 64' lang='lat' dir='ltr'><strong>NOTAE.</strong></span> 
     </span>
    </p>
   </div>
   <div class='ocr_carea' id='block_1_94' title="bbox 254 4913 1740 4988">
    <p class='ocr_par' dir='ltr' id='par_1_94' title="bbox 254 4913 1740 4988">
     <span class='ocr_line' id='line_1_96' title="bbox 254 4913 1740 4988; baseline 0.002 -21"><span class='ocrx_word' id='word_1_763' title='bbox 254 4917 363 4985; x_wconf 76' lang='lat'><strong>(29)</strong></span> <span class='ocrx_word' id='word_1_764' title='bbox 401 4915 510 4971; x_wconf 86' lang='lat' dir='ltr'><strong>Per</strong></span> <span class='ocrx_word' id='word_1_765' title='bbox 547 4929 636 4967; x_wconf 78' lang='lat' dir='ltr'><strong>me</strong></span> <span class='ocrx_word' id='word_1_766' title='bbox 668 4913 980 4988; x_wconf 85' lang='lat' dir='ltr'><strong>Iice_t_sensn</strong></span> <span class='ocrx_word' id='word_1_767' title='bbox 1020 4915 1197 4988; x_wconf 79' lang='lat' dir='ltr'><strong>activo</strong></span> <span class='ocrx_word' id='word_1_768' title='bbox 1224 4932 1439 4988; x_wconf 86' lang='lat' dir='ltr'><strong>sumere</strong></span> <span class='ocrx_word' id='word_1_769' title='bbox 1466 4916 1740 4988; x_wconf 73' lang='grc' dir='ltr'>ἐπτοημέ-</span> 
     </span>
    </p>
   </div>
   <div class='ocr_carea' id='block_1_95' title="bbox 191 4982 1743 5055">
    <p class='ocr_par' dir='ltr' id='par_1_95' title="bbox 191 4982 1743 5055">
     <span class='ocr_line' id='line_1_97' title="bbox 191 4982 1743 5055; baseline 0.003 -19"><span class='ocrx_word' id='word_1_770' title='bbox 191 5003 269 5051; x_wconf 80' lang='grc' dir='ltr'><strong>νος</strong></span> <span class='ocrx_word' id='word_1_771' title='bbox 314 4982 375 5042; x_wconf 81' lang='lat' dir='ltr'><strong>ac</strong></span> <span class='ocrx_word' id='word_1_772' title='bbox 427 4994 641 5039; x_wconf 75' lang='lat' dir='ltr'><strong>vertere</strong></span> <span class='ocrx_word' id='word_1_773' title='bbox 691 5002 704 5037; x_wconf 90' lang='lat'>:</span> <span class='ocrx_word' id='word_1_774' title='bbox 752 4982 873 5037; x_wconf 74' lang='lat' dir='ltr'><strong>Nisi</strong></span> <span class='ocrx_word' id='word_1_775' title='bbox 926 4986 1239 5039; x_wconf 62' lang='lat' dir='ltr'><strong>naturaliter</strong></span> <span class='ocrx_word' id='word_1_776' title='bbox 1288 4987 1487 5055; x_wconf 79' lang='lat' dir='ltr'><strong>injuria</strong></span> <span class='ocrx_word' id='word_1_777' title='bbox 1518 4982 1743 5055; x_wconf 64' lang='lat' dir='ltr'><strong>afﬁcere-</strong></span> 
     </span>
    </p>
   </div>
   <div class='ocr_carea' id='block_1_96' title="bbox 193 5055 1740 5127">
    <p class='ocr_par' dir='ltr' id='par_1_96' title="bbox 193 5055 1740 5127">
     <span class='ocr_line' id='line_1_98' title="bbox 193 5055 1740 5127; baseline 0.002 -18"><span class='ocrx_word' id='word_1_778' title='bbox 193 5066 300 5127; x_wconf 65' lang='lat' dir='ltr'><strong>tur,</strong></span> <span class='ocrx_word' id='word_1_779' title='bbox 339 5058 429 5127; x_wconf 85' lang='lat' dir='ltr'><strong>qui</strong></span> <span class='ocrx_word' id='word_1_780' title='bbox 477 5055 547 5108; x_wconf 85' lang='lat' dir='ltr'><strong>ad</strong></span> <span class='ocrx_word' id='word_1_781' title='bbox 616 5070 769 5127; x_wconf 72' lang='lat' dir='ltr'><strong>sensu</strong></span> <span class='ocrx_word' id='word_1_782' title='bbox 816 5055 1070 5127; x_wconf 61' lang='lat' dir='ltr'><strong>destituta</strong></span> <span class='ocrx_word' id='word_1_783' title='bbox 1113 5059 1385 5127; x_wconf 69' lang='lat' dir='ltr'><strong>attonitus</strong></span> <span class='ocrx_word' id='word_1_784' title='bbox 1430 5067 1625 5127; x_wconf 73' lang='lat' dir='ltr'><strong>stupet.</strong></span> <span class='ocrx_word' id='word_1_785' title='bbox 1677 5058 1740 5112; x_wconf 90' lang='lat' dir='ltr'><strong>C.</strong></span> 
     </span>
    </p>
   </div>
   <div class='ocr_carea' id='block_1_97' title="bbox 192 5124 1739 5195">
    <p class='ocr_par' dir='ltr' id='par_1_97' title="bbox 192 5124 1739 5195">
     <span class='ocr_line' id='line_1_99' title="bbox 192 5124 1739 5195; baseline 0.003 -17"><span class='ocrx_word' id='word_1_786' title='bbox 192 5124 393 5181; x_wconf 73' lang='lat' dir='ltr'><strong>Recte:</strong></span> <span class='ocrx_word' id='word_1_787' title='bbox 430 5141 554 5180; x_wconf 87' lang='lat' dir='ltr'><strong>nam</strong></span> <span class='ocrx_word' id='word_1_788' title='bbox 588 5125 725 5178; x_wconf 88' lang='lat' dir='ltr'><strong>alias</strong></span> <span class='ocrx_word' id='word_1_789' title='bbox 758 5140 865 5195; x_wconf 86' lang='lat' dir='ltr'><strong>non</strong></span> <span class='ocrx_word' id='word_1_790' title='bbox 900 5124 1258 5195; x_wconf 33' lang='lat' dir='ltr'><strong>intelligitur:</strong></span> <span class='ocrx_word' id='word_1_791' title='bbox 1313 5126 1438 5193; x_wconf 87' lang='lat' dir='ltr'><strong>quid</strong></span> <span class='ocrx_word' id='word_1_792' title='bbox 1475 5124 1576 5183; x_wconf 86' lang='lat' dir='ltr'><strong>sibi</strong></span> <span class='ocrx_word' id='word_1_793' title='bbox 1610 5129 1739 5183; x_wconf 83' lang='lat' dir='ltr'><strong>velit</strong></span> 
     </span>
    </p>
   </div>
   <div class='ocr_carea' id='block_1_98' title="bbox 192 5191 1474 5267">
    <p class='ocr_par' dir='ltr' id='par_1_98' title="bbox 192 5191 1474 5267">
     <span class='ocr_line' id='line_1_100' title="bbox 192 5191 1474 5267; baseline 0.011 -28"><span class='ocrx_word' id='word_1_794' title='bbox 192 5197 419 5264; x_wconf 70' lang='grc' dir='ltr'>φυςικῶς</span> <span class='ocrx_word' id='word_1_795' title='bbox 452 5195 691 5267; x_wconf 61' lang='grc' dir='ltr'>ᾒδὶκητο.</span> <span class='ocrx_word' id='word_1_796' title='bbox 828 5193 983 5267; x_wconf 41' lang='lat' dir='ltr'><strong>“an.</strong></span> <span class='ocrx_word' id='word_1_797' title='bbox 1002 5191 1109 5267; x_wconf 25' lang='lat' dir='ltr'><strong>“10f.</strong></span> <span class='ocrx_word' id='word_1_798' title='bbox 1216 5191 1474 5252; x_wconf 71' lang='lat' dir='ltr'><strong>DRESSEL.</strong></span> 
     </span>
    </p>
   </div>
   <div class='ocr_carea' id='block_1_99' title="bbox 257 5264 1739 5335">
    <p class='ocr_par' dir='ltr' id='par_1_99' title="bbox 257 5264 1739 5335">
     <span class='ocr_line' id='line_1_101' title="bbox 257 5264 1739 5335; baseline 0.001 -14"><span class='ocrx_word' id='word_1_799' title='bbox 257 5267 364 5335; x_wconf 75' lang='lat'><strong>(30)</strong></span> <span class='ocrx_word' id='word_1_800' title='bbox 416 5264 876 5335; x_wconf 80' lang='grc' dir='ltr'>Ὑπομεμενήκει,</span> <span class='ocrx_word' id='word_1_801' title='bbox 897 5264 965 5316; x_wconf 83' lang='grc' dir='ltr'>δι’</span> <span class='ocrx_word' id='word_1_802' title='bbox 998 5264 1054 5317; x_wconf 84' lang='grc' dir='ltr'>ὃν</span> <span class='ocrx_word' id='word_1_803' title='bbox 1084 5265 1255 5335; x_wconf 51' lang='lat' dir='ltr'><strong>mare</strong></span> <span class='ocrx_word' id='word_1_804' title='bbox 1286 5267 1345 5319; x_wconf 76' lang='grc' dir='ltr'>Ο.</span> <span class='ocrx_word' id='word_1_805' title='bbox 1366 5266 1549 5323; x_wconf 87' lang='lat' dir='ltr'><strong>Lectio</strong></span> <span class='ocrx_word' id='word_1_806' title='bbox 1572 5284 1638 5323; x_wconf 83' lang='lat' dir='ltr'><strong>ex</strong></span> <span class='ocrx_word' id='word_1_807' title='bbox 1675 5265 1739 5323; x_wconf 93' lang='grc' dir='ltr'>Ο.</span> 
     </span>
    </p>
   </div>
   <div class='ocr_carea' id='block_1_100' title="bbox 192 5335 1740 5403">
    <p class='ocr_par' dir='ltr' id='par_1_100' title="bbox 192 5335 1740 5403">
     <span class='ocr_line' id='line_1_102' title="bbox 192 5335 1740 5403; baseline 0.005 -18"><span class='ocrx_word' id='word_1_808' title='bbox 192 5335 339 5390; x_wconf 86' lang='lat' dir='ltr'><strong>allata</strong></span> <span class='ocrx_word' id='word_1_809' title='bbox 366 5337 542 5390; x_wconf 89' lang='lat' dir='ltr'><strong>locum</strong></span> <span class='ocrx_word' id='word_1_810' title='bbox 580 5336 745 5389; x_wconf 88' lang='lat' dir='ltr'><strong>nimia</strong></span> <span class='ocrx_word' id='word_1_811' title='bbox 794 5335 1096 5403; x_wconf 88' lang='lat' dir='ltr'><strong>corruptela</strong></span> <span class='ocrx_word' id='word_1_812' title='bbox 1129 5337 1276 5403; x_wconf 88' lang='lat' dir='ltr'><strong>prius</strong></span> <span class='ocrx_word' id='word_1_813' title='bbox 1305 5336 1637 5392; x_wconf 88' lang='lat' dir='ltr'><strong>laborantem</strong></span> <span class='ocrx_word' id='word_1_814' title='bbox 1666 5339 1740 5393; x_wconf 89' lang='lat' dir='ltr'><strong>ita</strong></span> 
     </span>
    </p>
   </div>
   <div class='ocr_carea' id='block_1_101' title="bbox 193 5404 1673 5476">
    <p class='ocr_par' dir='ltr' id='par_1_101' title="bbox 193 5404 1673 5476">
     <span class='ocr_line' id='line_1_103' title="bbox 193 5404 1673 5476; baseline 0.003 -19"><span class='ocrx_word' id='word_1_815' title='bbox 193 5404 457 5471; x_wconf 77' lang='lat' dir='ltr'><strong>dilucidat,</strong></span> <span class='ocrx_word' id='word_1_816' title='bbox 487 5415 547 5459; x_wconf 90' lang='lat' dir='ltr'><strong>ut</strong></span> <span class='ocrx_word' id='word_1_817' title='bbox 571 5404 902 5476; x_wconf 84' lang='lat' dir='ltr'><strong>conjecturis</strong></span> <span class='ocrx_word' id='word_1_818' title='bbox 922 5420 1038 5476; x_wconf 82' lang='lat' dir='ltr'><strong>non</strong></span> <span class='ocrx_word' id='word_1_819' title='bbox 1064 5407 1293 5474; x_wconf 91' lang='lat' dir='ltr'><strong>amplius</strong></span> <span class='ocrx_word' id='word_1_820' title='bbox 1318 5423 1452 5476; x_wconf 84' lang='lat' dir='ltr'><strong>opus</strong></span> <span class='ocrx_word' id='word_1_821' title='bbox 1481 5409 1568 5465; x_wconf 89' lang='lat' dir='ltr'><strong>sit.</strong></span> <span class='ocrx_word' id='word_1_822' title='bbox 1596 5407 1673 5462; x_wconf 85' lang='lat' dir='ltr'><strong>In.</strong></span> 
     </span>
    </p>
   </div>
   <div class='ocr_carea' id='block_1_102' title="bbox 257 5473 1742 5545">
    <p class='ocr_par' dir='ltr' id='par_1_102' title="bbox 257 5473 1742 5545">
     <span class='ocr_line' id='line_1_104' title="bbox 257 5473 1742 5545; baseline 0.002 -14"><span class='ocrx_word' id='word_1_823' title='bbox 257 5475 359 5545; x_wconf 68' lang='grc'><strong>(51)</strong></span> <span class='ocrx_word' id='word_1_824' title='bbox 406 5478 626 5542; x_wconf 74' lang='grc' dir='ltr'>Ὂγπερ</span> <span class='ocrx_word' id='word_1_825' title='bbox 678 5474 788 5545; x_wconf 79' lang='grc' dir='ltr'>γὰρ</span> <span class='ocrx_word' id='word_1_826' title='bbox 828 5473 1047 5545; x_wconf 65' lang='grc' dir='ltr'>τρόπον</span> <span class='ocrx_word' id='word_1_827' title='bbox 1097 5473 1369 5543; x_wconf 47' lang='grc' dir='ltr'>Καῖσσρᾞ</span> <span class='ocrx_word' id='word_1_828' title='bbox 1396 5478 1545 5545; x_wconf 64' lang='lat' dir='ltr'><strong>Saepe</strong></span> <span class='ocrx_word' id='word_1_829' title='bbox 1586 5480 1742 5534; x_wconf 73' lang='lat' dir='ltr'><strong>dicite</strong></span> 
     </span>
    </p>
   </div>
   <div class='ocr_carea' id='block_1_103' title="bbox 196 5541 1743 5629">
    <p class='ocr_par' dir='ltr' id='par_1_103' title="bbox 196 5541 1743 5629">
     <span class='ocr_line' id='line_1_105' title="bbox 196 5541 1743 5629; baseline 0.005 -34"><span class='ocrx_word' id='word_1_830' title='bbox 196 5541 395 5629; x_wconf 60' lang='lat' dir='ltr'><strong>Eclogn:</strong></span> <span class='ocrx_word' id='word_1_831' title='bbox 414 5562 471 5602; x_wconf 86' lang='lat' dir='ltr'><strong>ea</strong></span> <span class='ocrx_word' id='word_1_832' title='bbox 481 5562 530 5629; x_wconf 51' lang='grc' dir='ltr'>με</span> <span class='ocrx_word' id='word_1_833' title='bbox 552 5541 626 5597; x_wconf 88' lang='grc' dir='ltr'><strong>ΙῘε</strong></span> <span class='ocrx_word' id='word_1_834' title='bbox 636 5541 692 5617; x_wconf 79' lang='lat' dir='ltr'><strong>p‘t</strong></span> <span class='ocrx_word' id='word_1_835' title='bbox 712 5541 1184 5629; x_wconf 47' lang='grc' dir='ltr'>’βλασφημούντιιὲι</span> <span class='ocrx_word' id='word_1_836' title='bbox 1203 5541 1321 5629; x_wconf 36' lang='grc' dir='ltr'>ικαὶ.</span> <span class='ocrx_word' id='word_1_837' title='bbox 1331 5541 1743 5629; x_wconf 54' lang='grc' dir='ltr'>μεγαλορῤημοῖ</span> 
     </span>
    </p>
   </div>
   <div class='ocr_carea' id='block_1_104' title="bbox 194 5614 1740 5693">
    <p class='ocr_par' dir='ltr' id='par_1_104' title="bbox 194 5614 1740 5693">
     <span class='ocr_line' id='line_1_106' title="bbox 194 5614 1740 5693; baseline 0.002 -22"><span class='ocrx_word' id='word_1_838' title='bbox 194 5614 407 5673; x_wconf 46' lang='lat' dir='ltr'><strong>mai/am</strong></span> <span class='ocrx_word' id='word_1_839' title='bbox 444 5617 538 5671; x_wconf 68' lang='grc' dir='ltr'>καὶ</span> <span class='ocrx_word' id='word_1_840' title='bbox 570 5614 867 5671; x_wconf 77' lang='grc' dir='ltr'>πταιόντων</span> <span class='ocrx_word' id='word_1_841' title='bbox 899 5614 975 5683; x_wconf 79' lang='grc' dir='ltr'>εἰς</span> <span class='ocrx_word' id='word_1_842' title='bbox 1012 5615 1258 5693; x_wconf 31' lang='grc' dir='ltr'>τὸνεθεὸν</span> <span class='ocrx_word' id='word_1_843' title='bbox 1306 5614 1362 5685; x_wconf 78' lang='grc' dir='ltr'><strong>ἐξ</strong></span> <span class='ocrx_word' id='word_1_844' title='bbox 1392 5614 1590 5685; x_wconf 63' lang='grc' dir='ltr'>ἀνοίοίςξ</span> <span class='ocrx_word' id='word_1_845' title='bbox 1628 5614 1740 5676; x_wconf 71' lang='grc' dir='ltr'>’Τοῦ</span> 
     </span>
    </p>
   </div>
   <div class='ocr_carea' id='block_1_105' title="bbox 1847 4919 3416 4993">
    <p class='ocr_par' dir='ltr' id='par_1_105' title="bbox 1847 4919 3416 4993">
     <span class='ocr_line' id='line_1_107' title="bbox 1847 4919 3416 4993; baseline 0.003 -19"><span class='ocrx_word' id='word_1_846' title='bbox 1847 4919 2349 4993; x_wconf 42' lang='grc' dir='ltr'>ἁγίου-Κλήμεντος</span> <span class='ocrx_word' id='word_1_847' title='bbox 2405 4921 2636 4993; x_wconf 79' lang='grc' dir='ltr'>Ῥώμης.</span> <span class='ocrx_word' id='word_1_848' title='bbox 2677 4924 2774 4975; x_wconf 88' lang='grc' dir='ltr'>Ὃν</span> <span class='ocrx_word' id='word_1_849' title='bbox 2824 4920 3024 4993; x_wconf 84' lang='grc' dir='ltr'>τρόπον</span> <span class='ocrx_word' id='word_1_850' title='bbox 3072 4924 3100 4975; x_wconf 90' lang='lat'><strong>6</strong></span> <span class='ocrx_word' id='word_1_851' title='bbox 3145 4922 3416 4993; x_wconf 84' lang='grc' dir='ltr'>βασιλεὺς,</span> 
     </span>
    </p>
   </div>
   <div class='ocr_carea' id='block_1_106' title="bbox 1845 4990 3418 5074">
    <p class='ocr_par' dir='ltr' id='par_1_106' title="bbox 1845 4990 3418 5074">
     <span class='ocr_line' id='line_1_108' title="bbox 1845 4990 3418 5074; baseline 0.006 -33"><span class='ocrx_word' id='word_1_852' title='bbox 1845 4990 1981 5074; x_wconf 48' lang='grc' dir='ltr'>οὐτε.</span> <span class='ocrx_word' id='word_1_853' title='bbox 1999 4990 2477 5074; x_wconf 72' lang='grc' dir='ltr'>βλασφημούμενος</span> <span class='ocrx_word' id='word_1_854' title='bbox 2502 4990 2812 5074; x_wconf 72' lang='grc' dir='ltr'>βλάπτεται,</span> <span class='ocrx_word' id='word_1_855' title='bbox 2841 4990 3418 5074; x_wconf 35' lang='grc' dir='ltr'>οὕτειεύχαριστούμεὲ</span> 
     </span>
    </p>
   </div>
   <div class='ocr_carea' id='block_1_107' title="bbox 1843 5060 3423 5138">
    <p class='ocr_par' dir='ltr' id='par_1_107' title="bbox 1843 5060 3423 5138">
     <span class='ocr_line' id='line_1_109' title="bbox 1843 5060 3423 5138; baseline 0.006 -27"><span class='ocrx_word' id='word_1_856' title='bbox 1843 5077 1930 5121; x_wconf 87' lang='grc' dir='ltr'><strong>νος</strong></span> <span class='ocrx_word' id='word_1_857' title='bbox 1944 5060 2100 5138; x_wconf 67' lang='grc' dir='ltr'><strong>⁶ὑπὲρ</strong></span> <span class='ocrx_word' id='word_1_858' title='bbox 2128 5061 2187 5138; x_wconf 64' lang='grc' dir='ltr'><strong>το</strong></span> <span class='ocrx_word' id='word_1_859' title='bbox 2216 5060 2430 5138; x_wconf 69' lang='grc' dir='ltr'>ἀξίῶμα</span> <span class='ocrx_word' id='word_1_860' title='bbox 2470 5060 2851 5138; x_wconf 74' lang='grc' dir='ltr'>μεγαλύνεται·</span> <span class='ocrx_word' id='word_1_861' title='bbox 2903 5062 3037 5138; x_wconf 80' lang='grc' dir='ltr'><strong>ἀλλά</strong></span> <span class='ocrx_word' id='word_1_862' title='bbox 3058 5060 3162 5138; x_wconf 64' lang='grc' dir='ltr'><strong>τοῦ</strong></span> <span class='ocrx_word' id='word_1_863' title='bbox 3184 5060 3423 5138; x_wconf 22' lang='grc' dir='ltr'>*εὐχαρι-</span> 
     </span>
    </p>
   </div>
   <div class='ocr_carea' id='block_1_108' title="bbox 1847 5129 3417 5206">
    <p class='ocr_par' dir='ltr' id='par_1_108' title="bbox 1847 5129 3417 5206">
     <span class='ocr_line' id='line_1_110' title="bbox 1847 5129 3417 5206; baseline 0.004 -25"><span class='ocrx_word' id='word_1_864' title='bbox 1847 5129 2094 5206; x_wconf 67' lang='grc' dir='ltr'>στοῦντος</span> <span class='ocrx_word' id='word_1_865' title='bbox 2114 5132 2225 5206; x_wconf 54' lang='grc' dir='ltr'><strong>μὲν</strong></span> <span class='ocrx_word' id='word_1_866' title='bbox 2257 5129 2489 5206; x_wconf 46' lang='grc' dir='ltr'><strong>⁸γίνεταί</strong></span> <span class='ocrx_word' id='word_1_867' title='bbox 2518 5132 2578 5185; x_wconf 73' lang='grc' dir='ltr'>τὸ</span> <span class='ocrx_word' id='word_1_868' title='bbox 2610 5132 2903 5206; x_wconf 80' lang='grc' dir='ltr'>ἀκίνδυνον,</span> <span class='ocrx_word' id='word_1_869' title='bbox 2931 5134 3040 5206; x_wconf 15' lang='grc' dir='ltr'>»τοῦ</span> <span class='ocrx_word' id='word_1_870' title='bbox 3069 5135 3141 5206; x_wconf 12' lang='grc' dir='ltr'><strong>,δὲ</strong></span> <span class='ocrx_word' id='word_1_871' title='bbox 3177 5129 3417 5206; x_wconf 76' lang='grc' dir='ltr'>βλασφη-</span> 
     </span>
    </p>
   </div>
   <div class='ocr_carea' id='block_1_109' title="bbox 1847 5199 3415 5275">
    <p class='ocr_par' dir='ltr' id='par_1_109' title="bbox 1847 5199 3415 5275">
     <span class='ocr_line' id='line_1_111' title="bbox 1847 5199 3415 5275; baseline 0.004 -24"><span class='ocrx_word' id='word_1_872' title='bbox 1847 5199 2135 5275; x_wconf 32' lang='grc' dir='ltr'>μοῦντοςιό</span> <span class='ocrx_word' id='word_1_873' title='bbox 2162 5201 2378 5275; x_wconf 81' lang='grc' dir='ltr'>ὄλεθρος</span> <span class='ocrx_word' id='word_1_874' title='bbox 2398 5219 2413 5275; x_wconf 54' lang='grc' dir='ltr'>ί</span> <span class='ocrx_word' id='word_1_875' title='bbox 2436 5201 2607 5275; x_wconf 76' lang='grc' dir='ltr'>οὕτως</span> <span class='ocrx_word' id='word_1_876' title='bbox 2640 5204 2695 5275; x_wconf 3' lang='lat' dir='ltr'><strong>oi,</strong></span> <span class='ocrx_word' id='word_1_877' title='bbox 2718 5204 2847 5275; x_wconf 76' lang='grc' dir='ltr'>θεὸν</span> <span class='ocrx_word' id='word_1_878' title='bbox 2889 5204 2985 5275; x_wconf 87' lang='grc' dir='ltr'><strong>μὲν</strong></span> <span class='ocrx_word' id='word_1_879' title='bbox 3026 5199 3415 5275; x_wconf 73' lang='grc' dir='ltr'>εὐφημοῦντες,</span> 
     </span>
    </p>
   </div>
   <div class='ocr_carea' id='block_1_110' title="bbox 1846 5222 3417 5344">
    <p class='ocr_par' dir='ltr' id='par_1_110' title="bbox 1846 5222 3417 5344">
     <span class='ocr_line' id='line_1_112' title="bbox 1847 5222 3415 5275; baseline 0.004 -24"><span class='ocrx_word' id='word_1_880' title='bbox 1847 5222 2075 5268; x_wconf 77' lang='grc' dir='ltr'>μουντος</span> <span class='ocrx_word' id='word_1_881' title='bbox 2106 5222 2133 5253; x_wconf 86' lang='grc' dir='ltr'><strong>ο</strong></span> <span class='ocrx_word' id='word_1_882' title='bbox 2162 5222 2408 5271; x_wconf 80' lang='grc' dir='ltr'>οΑευρος’</span> <span class='ocrx_word' id='word_1_883' title='bbox 2436 5222 2607 5266; x_wconf 84' lang='grc' dir='ltr'>ουτως</span> <span class='ocrx_word' id='word_1_884' title='bbox 2640 5222 2686 5255; x_wconf 88' lang='grc' dir='ltr'><strong>οι</strong></span> <span class='ocrx_word' id='word_1_885' title='bbox 2718 5222 2847 5255; x_wconf 76' lang='grc' dir='ltr'>υεον</span> <span class='ocrx_word' id='word_1_886' title='bbox 2928 5222 2985 5257; x_wconf 90' lang='grc' dir='ltr'><strong>εν</strong></span> <span class='ocrx_word' id='word_1_887' title='bbox 3026 5222 3415 5275; x_wconf 73' lang='grc' dir='ltr'>ευφημουντες,</span> 
     </span>
     <span class='ocr_line' id='line_1_113' title="bbox 1846 5222 3417 5344; baseline 0.004 -23"><span class='ocrx_word' id='word_1_888' title='bbox 1846 5269 2138 5344; x_wconf 29' lang='grc' dir='ltr'>αὐτὸν-μὲν.</span> <span class='ocrx_word' id='word_1_889' title='bbox 2164 5273 2235 5344; x_wconf 32' lang='grc' dir='ltr'>οὐ.</span> <span class='ocrx_word' id='word_1_890' title='bbox 2258 5270 2645 5344; x_wconf 84' lang='grc' dir='ltr'>μεγαλύνουσιν</span> <span class='ocrx_word' id='word_1_891' title='bbox 2678 5272 2818 5344; x_wconf 85' lang='grc' dir='ltr'>ὐπὲρ</span> <span class='ocrx_word' id='word_1_892' title='bbox 2852 5222 2949 5344; x_wconf 34' lang='lat' dir='ltr'><strong>xxv</strong></span> <span class='ocrx_word' id='word_1_893' title='bbox 2994 5276 3199 5327; x_wconf 74' lang='grc' dir='ltr'>οἰκείαν</span> <span class='ocrx_word' id='word_1_894' title='bbox 3237 5274 3417 5339; x_wconf 79' lang='grc' dir='ltr'>δόξαν,</span> 
     </span>
    </p>
   </div>
   <div class='ocr_carea' id='block_1_111' title="bbox 1848 5340 3424 5413">
    <p class='ocr_par' dir='ltr' id='par_1_111' title="bbox 1848 5340 3424 5413">
     <span class='ocr_line' id='line_1_114' title="bbox 1848 5340 3424 5413; baseline 0.004 -21"><span class='ocrx_word' id='word_1_895' title='bbox 1848 5340 2071 5413; x_wconf 63' lang='grc' dir='ltr'>ἑαυτούς</span> <span class='ocrx_word' id='word_1_896' title='bbox 2097 5340 2153 5392; x_wconf 88' lang='grc' dir='ltr'><strong>δὲ</strong></span> <span class='ocrx_word' id='word_1_897' title='bbox 2174 5340 2458 5405; x_wconf 56' lang='grc' dir='ltr'>σώζουσιν</span> <span class='ocrx_word' id='word_1_898' title='bbox 2484 5344 2532 5395; x_wconf 76' lang='lat' dir='ltr'><strong>oi</strong></span> <span class='ocrx_word' id='word_1_899' title='bbox 2557 5343 2613 5413; x_wconf 80' lang='grc' dir='ltr'>δὲ</span> <span class='ocrx_word' id='word_1_900' title='bbox 2643 5340 3098 5413; x_wconf 83' lang='grc' dir='ltr'>βλασφημοῦντες,</span> <span class='ocrx_word' id='word_1_901' title='bbox 3129 5344 3287 5398; x_wconf 87' lang='grc' dir='ltr'>αὐτὸν</span> <span class='ocrx_word' id='word_1_902' title='bbox 3315 5346 3424 5413; x_wconf 77' lang='grc' dir='ltr'><strong>μὲν</strong></span> 
     </span>
    </p>
   </div>
   <div class='ocr_carea' id='block_1_112' title="bbox 1846 5407 3421 5485">
    <p class='ocr_par' dir='ltr' id='par_1_112' title="bbox 1846 5407 3421 5485">
     <span class='ocr_line' id='line_1_115' title="bbox 1846 5407 3421 5485; baseline 0.005 -24"><span class='ocrx_word' id='word_1_903' title='bbox 1846 5411 1906 5485; x_wconf 83' lang='grc' dir='ltr'><strong>οὐ</strong></span> <span class='ocrx_word' id='word_1_904' title='bbox 1937 5407 2278 5485; x_wconf 67' lang='grc' dir='ltr'>βλάπτουσιν,</span> <span class='ocrx_word' id='word_1_905' title='bbox 2320 5413 2541 5485; x_wconf 80' lang='grc' dir='ltr'>ἑαυτοὺς</span> <span class='ocrx_word' id='word_1_906' title='bbox 2686 5407 3044 5485; x_wconf 72' lang='grc' dir='ltr'>όλοθρεύουσι.</span> <span class='ocrx_word' id='word_1_907' title='bbox 3081 5415 3189 5468; x_wconf 73' lang='grc' dir='ltr'>Καὶ</span> <span class='ocrx_word' id='word_1_908' title='bbox 3216 5407 3421 5485; x_wconf 71' lang='grc' dir='ltr'>μείζων</span> 
     </span>
    </p>
   </div>
   <div class='ocr_carea' id='block_1_113' title="bbox 1847 5479 3419 5553">
    <p class='ocr_par' dir='ltr' id='par_1_113' title="bbox 1847 5479 3419 5553">
     <span class='ocr_line' id='line_1_116' title="bbox 1847 5479 3419 5553; baseline 0.006 -22"><span class='ocrx_word' id='word_1_909' title='bbox 1847 5482 1880 5551; x_wconf 79' lang='grc' dir='ltr'><strong>η</strong></span> <span class='ocrx_word' id='word_1_910' title='bbox 1924 5479 2171 5553; x_wconf 78' lang='grc' dir='ltr'>κόλασις,</span> <span class='ocrx_word' id='word_1_911' title='bbox 2212 5482 2323 5553; x_wconf 27' lang='grc' dir='ltr'>νόσῳ</span> <span class='ocrx_word' id='word_1_912' title='bbox 2365 5482 2561 5553; x_wconf 78' lang='grc' dir='ltr'>μείζων</span> <span class='ocrx_word' id='word_1_913' title='bbox 2590 5484 2630 5553; x_wconf 69' lang='grc' dir='ltr'>ῄ</span> <span class='ocrx_word' id='word_1_914' title='bbox 2679 5479 2916 5547; x_wconf 78' lang='grc' dir='ltr'>ἀσέϐεια,</span> <span class='ocrx_word' id='word_1_915' title='bbox 2953 5484 3027 5546; x_wconf 82' lang='grc' dir='ltr'>ὡς</span> <span class='ocrx_word' id='word_1_916' title='bbox 3066 5479 3419 5539; x_wconf 66' lang='grc' dir='ltr'>καὶιπάντων</span> 
     </span>
    </p>
   </div>
   <div class='ocr_carea' id='block_1_114' title="bbox 1847 5548 3421 5675">
    <p class='ocr_par' dir='ltr' id='par_1_114' title="bbox 1847 5548 3421 5675">
     <span class='ocr_line' id='line_1_117' title="bbox 1847 5548 3421 5675; baseline 0.005 -74"><span class='ocrx_word' id='word_1_917' title='bbox 1847 5548 2105 5675; x_wconf 56' lang='grc' dir='ltr'>ἓρείττων</span> <span class='ocrx_word' id='word_1_918' title='bbox 2131 5554 2160 5606; x_wconf 91' lang='lat'><strong>6</strong></span> <span class='ocrx_word' id='word_1_919' title='bbox 2198 5548 2528 5629; x_wconf 53' lang='grc' dir='ltr'>Θεδςίύπὲρ</span> <span class='ocrx_word' id='word_1_920' title='bbox 2559 5548 2630 5610; x_wconf 65' lang='grc' dir='ltr'><strong>οὐ</strong></span> <span class='ocrx_word' id='word_1_921' title='bbox 2654 5556 2802 5610; x_wconf 82' lang='grc' dir='ltr'>πᾶσα</span> <span class='ocrx_word' id='word_1_922' title='bbox 2828 5556 2863 5628; x_wconf 78' lang='grc' dir='ltr'><strong>ὴ</strong></span> <span class='ocrx_word' id='word_1_923' title='bbox 2886 5554 3060 5617; x_wconf 81' lang='grc' dir='ltr'>κτίσις</span> <span class='ocrx_word' id='word_1_924' title='bbox 3098 5556 3421 5625; x_wconf 68' lang='grc' dir='ltr'>ἀγανακτεῖ.</span> 
     </span>
     <span class='ocr_line' id='line_1_118' title="bbox 1891 5637 1981 5675; baseline 0 0"><span class='ocrx_word' id='word_1_925' title='bbox 1891 5637 1981 5675; x_wconf 80' lang='lat' dir='ltr'><strong>or.</strong></span> 
     </span>
    </p>
   </div>
   <div class='ocr_carea' id='block_1_115' title="bbox 1891 5637 1981 5676">
    <p class='ocr_par' dir='ltr' id='par_1_115' title="bbox 1891 5637 1981 5676">
     <span class='ocr_line' id='line_1_119' title="bbox 1891 5637 1981 5676; baseline 0 0"><span class='ocrx_word' id='word_1_926' title='bbox 1891 5637 1981 5676; x_wconf 70' lang='grc' dir='ltr'><strong>υἷι</strong></span> 
     </span>
    </p>
   </div>
  </div>
