4004 6332
498 253 604 310 2.83

1369 239 1425 297 S'.
1466 239 1856 297 CLEMENTIS
1885 238 1904 293 l
1940 235 2105 292 B011.
2145 232 2346 288 PONT.
2383 230 2613 288 OPERA
2649 229 2874 288 DUBIA.

3649 225 3755 280 284

497 384 605 437 que
635 381 737 422 nec
763 366 960 421 caelum
993 364 1353 421 sufihientem
1399 361 1566 416 mittit
1602 359 1829 412 imbrem
1850 397 1866 424 ,
1899 370 2076 425 neque
2104 407 2107 415 ,

2193 349 2368 413 Βετοὺς
2401 348 2629 419 παρέχει
2650 387 2664 410 ,
2699 345 2821 400 οὔτε
2851 347 2921 417 γῆ
2954 344 3080 408 τοὺς
3108 343 3382 415 καρποὺς,
3413 341 3492 396 διδ
3518 343 3567 394 οἱ
3602 339 3756 392 πλεί-

497 471 642 516 terra
673 459 886 514 fructus
915 459 1027 520 dat,
1060 458 1202 512 unde
1235 455 1456 526 plurimi
1485 461 1732 523 pereunt.
1764 449 1882 520 Ipse
1905 450 2071 504 etiam

503 568 596 607 aer
627 552 809 606 furore
839 567 1104 607 accensus
1146 551 1212 604 ad
1259 556 1464 618 pestem
1498 543 1900 615 producendam
1937 556 2072 595 con-

501 645 664 699 vertit
689 660 768 698 se.
803 642 860 697 In
895 643 1053 698 bonis
1098 651 1274 696 tamen
1301 681 1315 703 ,
1341 639 1541 710 quibus
1572 636 1828 699 fruimur,
1861 632 2076 687 miseri-

499 737 687 790 cordia
731 751 831 790 sua
869 734 1012 790 Deus
1057 735 1121 788 ad
1167 732 1554 802 benignitatem
1600 743 1729 798 erga
1780 742 1882 781 nos
1931 726 2075 797 cogit

501 839 830 883 creaturam.
860 827 934 881 Ita
963 827 1140 891 vobis,
1166 827 1260 896 qui
1286 832 1607 880 cunctorum
1634 820 1884 892 opiﬁcem
1917 819 2073 873 inho-

501 926 750 989 nestatis,
785 922 966 976 omnis
993 929 1244 976 creatura
1277 923 1580 972 succenset.

572 1014 664 1068 XI.
703 1013 838 1068 Nam
869 1014 969 1068 etsi
1009 1027 1106 1082 per
1133 1010 1460 1066 solutionem
1489 1023 1521 1062 a
1552 1020 1780 1076 corpore
1806 1003 2078 1074 eﬂ'ugiatis

503 1124 718 1178 poenam
740 1149 754 1174 ,
795 1123 905 1178 quo
933 1107 1096 1160 modo
1128 1105 1366 1159 animam
1397 1111 1667 1168 vestram,
1701 1115 1824 1170 quae
1853 1099 2078 1152 immor-

505 1201 630 1255 talis
663 1209 779 1266 est,
823 1215 918 1269 per
948 1208 1177 1254 mortem
1209 1195 1458 1266 poteritis
1491 1193 1718 1265 fugere?
1750 1188 2078 1246 Immortalis

504 1295 650 1348 enim
698 1274 781 1347 est
824 1294 984 1346 etiam
1034 1290 1326 1359 impiorum
1377 1288 1598 1354 anima,
1649 1287 1849 1356 quibus
1882 1283 2078 1340 melius

504 1395 670 1451 esset,
699 1402 807 1439 non
832 1384 1194 1439 immortalem
1221 1399 1340 1436 eam
1371 1382 1588 1436 habere.
1623 1379 1755 1433 Nam
1780 1395 1871 1449 per
1897 1379 2076 1450 ignem

507 1479 895 1533 interstinctum
941 1477 1185 1532 cruciata
1235 1485 1496 1544 perpetuo
1547 1473 1852 1543 supplicio,
1903 1486 2078 1541 neque

506 1573 747 1626 moriens
771 1614 786 1638 ,
840 1571 894 1625 in
931 1571 1074 1624 man
1110 1584 1210 1624 suo
1244 1569 1404 1622 linem
1453 1583 1561 1620 non
1614 1567 1772 1620 habet
1809 1565 2074 1634 accipere.

507 1664 610 1718 Sed
640 1663 822 1718 forsan
850 1664 990 1718 dicet
1013 1671 1253 1718 vestrum
1279 1660 1476 1730 aliquis
1495 1678 1506 1712 :
1525 1657 1721 1712 Terres
1750 1672 1872 1720 nos,
1896 1655 2075 1711 Petre.

2175 458 2293 502 ονες
2341 439 2709 509 λυμαίνονται.
2762 435 2923 489 Ἀλλά
2965 434 3058 489 ml
3094 433 3255 496 αὑτὸς
3301 433 3392 486 ὁ⁹¹
3445 431 3554 502 ἀὴρ
3583 428 3760 501 θυμῷ

2177 531 2605 601 ὑπεκκαιὸμενος
2627 528 2764 601 πρὸς
2789 526 3026 598 λοιμώδη
3057 524 3255 596 πρᾶξιν
3267 524 3310 554 ⁹²
3346 521 3757 594 μεταϐάλλεται.

2180 625 2324 695 Πλὴν
2358 624 2500 676 ὅσων
2528 621 2872 693 ἀπολαύομεν
2904 618 3144 688 ἀγαθῶν,
3178 615 3257 686 τῷ
3301 613 3470 668 αὑτοῦ
3508 613 3642 684 ἐλέῳ
3682 613 3763 677 είς

2175 717 2276 787 τὴν
2327 715 2599 786 ἡμετέραν
2645 709 3052 783 φιλανθρωπίαν
3121 706 3368 779 βιάζεται
3413 707 3513 778 τὴν
3561 706 3759 758 κτίσιν.

2180 809 2240 862 Oi
2258 825 2368 871 τως
2389 809 2516 878 ὑμῖν
2544 809 2657 870 τοῖς
2678 803 3004 876 ἀτιμάζουσι
3028 801 3118 855 τὸν
3137 800 3248 854 τῶν
3271 801 3408 854 ὅλων
3433 795 3765 870 δημιουργὸν

2179 903 2213 972 ἡ
2249 903 2397 954 πᾶσα
2426 901 2603 962 κτίσις
2635 897 2966 968 χαλεπαίνει.

2247 991 2340 1046 XI.
2383 992 2501 1045 Κᾶν
2536 991 2645 1062 γὰρ
2675 994 2741 1063 τῇ
2786 989 2880 1043 τοῦ
2916 988 3167 1060 σώματος
3197 986 3349 1040 λύσει
3395 984 3494 1056 τὴν
3544 983 3767 1036 κόλασιν

2180 1087 2478 1157 ἐκφύγητε,
2514 1085 2631 1147 πῶς
2657 1084 2756 1154 τὴν
2799 1083 2976 1153 ψυχὴν
3006 1079 3156 1151 ὑμῶν
3187 1077 3458 1148 ἄφθαρτον
3485 1073 3652 1129 οὖσαν
3680 1073 3769 1128 διὰ

2178 1179 2279 1248 τῆς
2338 1179 2544 1249 φθορᾶς
2593 1179 2781 1247 φυγεῖν
2838 1172 3167 1245 δυνήσεσθε;
3241 1169 3503 1232 ἀθάνατος
3559 1167 3671 1238 γὰρ
3732 1168 3766 1238 ἡ

2179 1270 2324 1342 ψυχὴ
2355 1271 2465 1341 (52)
2495 1270 2589 1323 καὶ
2615 1269 2723 1321 τῶν
2753 1267 2983 1329 ἀσεϐῶν,
3009 1259 3088 1328 οἷς
3111 1267 3332 1336 ἄμεινον
3355 1259 3422 1334 ἦν
3453 1261 3527 1333 μὴ
3555 1260 3768 1332 ἀφθαρ-

2179 1379 2272 1417 τον
2305 1363 2475 1434 αὑτὴν
2506 1362 2668 1432 ἔχειν.
2711 1358 3061 1430 Κολαζομένη
3093 1357 3203 1429 γὰρ
3238 1357 3342 1410 ὑπὸ
3373 1353 3468 1406 τοῦ
3499 1353 3767 1406 ἀσϐέστου

2181 1455 2355 1528 πυρὸς
2388 1456 2678 1526 ἀπνράντῳ
2710 1453 2980 1525 τιμωρίᾳ,
3029 1451 3121 1505 ml
3171 1451 3245 1521 μὴ
3291 1448 3625 1519 θνήσκουσα,
3676 1444 3772 1498 ἐπὶ

2182 1547 2338 1619 κακῷ
2384 1547 2462 1618 τῷ
2504 1549 2672 1618 αὐτῆς
2719 1545 2870 1609 τέλος
2917 1543 3100 1598 λαϐεῖν
3149 1545 3250 1596 οὑκ
3282 1541 3413 1613 ἔχει.
3462 1539 3601 1593 Ἀλλ’
3638 1540 3774 1602 τσως

2181 1641 2297 1711 ὲρεῖ
2326 1640 2486 1710 237
2517 1657 2599 1703 τις
2631 1639 2813 1710 ὑμῶν·
2853 1638 3041 1702 Φοϐεῖς
3073 1638 3239 1708 ἡμᾶς,
3276 1635 3468 1706 Πέτρε.
3508 1631 3770 1697 Διδάξατε

507 1755 701 1811 Doeete
735 1756 899 1826 igitur
934 1770 1065 1819 nos,
1100 1769 1210 1822 quo
1254 1762 1411 1822 pacto
1455 1759 1694 1806 tacentes
1738 1750 2081 1819 proferamus

2193 1727 2274 1785 »ὗν
2313 1733 2480 1802 ἡμᾶς,
2529 1731 2647 1795 πῶς
2679 1731 2938 1800 σιγῶντες
2971 1729 3202 1801 ἐροῦμεν
3235 1727 3305 1782 τά
3330 1729 3457 1782 ὄντα
3489 1727 3564 1791 ὡς
3598 1727 3770 1789 ἔστιν,

505 1850 663 1905 vobis
709 1865 795 1904 res
829 1845 1289 1918 quemadmodum
1343 1856 1503 1907 sunt,
1557 1844 1714 1899 aliter
1746 1845 1890 1898 enim
1929 1845 2081 1899 vobis

507 1959 600 1997 eas
636 1957 742 1996 non
791 1957 1088 2011 possumus
1118 1940 1379 1994 iudicare.
1431 1938 1588 2005 Quod
1636 1939 1682 1993 si
1728 1937 2079 2001 tacuerimus,

509 2033 856 2103 decipieniini
888 2049 918 2087 a
955 2033 1114 2087 malis
1151 2048 1247 2102 per
1273 2031 1679 2103 ignorantiam;
1717 2032 1799 2084 sin
1837 2045 1966 2084 vero
2000 2029 2083 2083 lo-

509 2129 753 2197 quimur,
784 2127 1022 2196 suspecti
1060 2141 1284 2192 sumus,
1318 2129 1474 2196 quasi
1515 2142 1611 2180 vos
1646 2125 1836 2180 falsam
1865 2125 1934 2178 ob
1957 2139 2087 2178 cau-

509 2237 626 2275 sam
657 2230 979 2275 terreamus.
1019 2218 1139 2285 Quo
1187 2227 1346 2288 pacto
1384 2217 1548 2289 igitur
1577 2217 1778 2270 malum
1828 2231 1952 2269 eum
2003 2215 2088 2267 in-

509 2315 880 2378 cantabimus,
912 2315 1002 2384 qui
1035 2313 1175 2367 intra
1207 2311 1450 2366 animam
1474 2319 1710 2366 vestram
1745 2309 1896 2371 latet,
1930 2308 2081 2362 calli-

510 2405 689 2475 deque
731 2406 886 2461 vobis
927 2406 1178 2459 inimicas
1213 2403 1321 2458 Deo
1355 2403 1592 2458 subserit
1624 2402 1910 2471 opiniones
1952 2415 2090 2470 pra:-

514 2507 663 2553 textu
682 2498 935 2553 amicitiae
956 2512 1081 2566 erga
1101 2495 1268 2550 Deum
1284 2493 1762 2549 ?Rec0nciliemini
1781 2491 2086 2558 vobiscum;

513 2606 748 2660 namque
797 2605 894 2659 pro
929 2597 1105 2643 vestra
1152 2588 1325 2642 salute
1371 2587 1429 2641 fit
1480 2587 1545 2641 ad
1591 2601 1714 2641 eum
1761 2601 1884 2638 eum
1932 2583 2089 2637 bonis

513 2683 772 2752 operibus
809 2683 1137 2753 perfugium.
1186 2681 1477 2736 Inimicitia
1525 2681 1773 2750 quaedam
1817 2679 1883 2733 ad
1920 2679 2088 2732 Deum

514 2786 633 2841 est',
686 2790 807 2844 quae
842 2775 894 2828 in
931 2775 1086 2829 vobis
1121 2791 1246 2830 cum
1285 2775 1492 2828 ratione
1541 2782 1745 2843 pugnat
1776 2772 2087 2843 cupiditas;

513 2870 640 2940 quia
673 2869 983 2937 suspicione
1016 2868 1314 2938 prudentia:
1340 2867 1659 2921 corroborat
1693 2865 1990 2920 inscitiam.

587 2961 700 3017 XII.
745 2961 848 3014 Alii
900 2977 1024 3015 vero
1068 2961 1288 3015 dicunt:
1343 2959 1483 3014 Deus
1530 2958 1700 3013 nostri
1751 2974 1937 3014 curam
1975 2974 2084 3013 non

516 3059 672 3128 gerit.
718 3056 830 3111 IIoc
873 3071 1089 3126 quoque
1124 3053 1319 3108 falsum
1357 3062 1458 3107 est.
1503 3049 1638 3104 Nam
1673 3051 1716 3104 si
1747 3065 1870 3104 vere
1901 3065 2087 3103 curam

518 3168 625 3205 non
653 3159 882 3222 gereret,
921 3162 1096 3218 neque
1134 3147 1304 3202 solem
1339 3161 1498 3200 suum
1535 3145 1666 3199 oriri
1703 3143 1903 3198 faceret
1929 3159 2093 3214 super

519 3243 694 3297 bonos
743 3250 796 3296 et
846 3242 1051 3306 malos,
1095 3255 1270 3309 neque
1313 3239 1554 3310 pluviam
1599 3253 1755 3292 suam
1787 3237 2096 3291 demitteret

530 3351 697 3404 super
725 3335 907 3404 justos
959 3344 1014 3388 et
1053 3333 1284 3403 injustos
1312 3345 1360 3388 ι.
1413 3331 1611 3387 Dicunt
1645 3331 1736 3386 alii
1774 3350 1785 3384 :
1824 3329 1994 3399 Magis
2024 3329 2096 3398 pii

521 3443 742 3492 sumus,
778 3427 872 3496 qui
917 3435 970 3481 et
1005 3426 1182 3496 ipsum
1232 3435 1287 3480 et
1334 3426 1630 3480 simulacra
1673 3423 1924 3478 colimus.
1975 3419 2095 3475 Non

523 3529 678 3589 puto,
711 3520 784 3583 ei,
814 3521 907 3589 qui
946 3520 1017 3572 ita
1050 3519 1311 3588 loquitur,
1347 3519 1394 3572 si
1418 3517 1622 3572 diceret
1652 3516 1762 3586 regi
1792 3535 1804 3569 :
1831 3513 2095 3568 Eumdem

524 3613 620 3667 tibi
646 3613 824 3667 tribuo
850 3613 1135 3675 honorem,
1166 3626 1328 3680 quem
1359 3609 1589 3664 mortuis
1616 3616 1669 3662 et
1697 3608 1908 3677 abjeclo
1933 3606 2094 3661 timo:

525 3721 633 3758 non
668 3713 797 3773 puto
819 3746 833 3771 ,
865 3706 1089 3775 inquam
1111 3745 1126 3770 ,
1162 3703 1211 3757 ei
1247 3703 1384 3757 bene
1411 3715 1717 3756 cessurum.
1757 3699 1862 3753 Sed
1892 3698 2100 3768 inquiet

527 3799 758 3866 aliquis,
791 3801 977 3852 limum
1022 3813 1188 3853 vocas
1233 3806 1420 3851 nostra
1456 3794 1721 3850 numina?
1755 3792 1830 3847 Ita
1867 3792 1975 3846 aio.
2013 3791 2100 3847 ln-

531 3893 686 3947 utiIia
715 3893 859 3948 enim
886 3893 1040 3947 vobis
1070 3909 1132 3946 ea
1168 3890 1498 3958 reddidistis,
1521 3897 1649 3944 dum
1685 3889 1738 3943 in
1771 3888 1904 3942 deos
1930 3887 2104 3942 ascri-

528 3985 679 4040 bitis.
713 3985 848 4041 Cum
877 3984 1064 4040 forsan
1090 3985 1306 4039 illorum
1339 3983 1565 4038 materia
1598 3982 1664 4037 ad
1691 3981 1898 4054 aliquid
1933 3981 2101 4048 aliud,

605 4134 634 4162 ι
667 4120 858 4176 Matth.
894 4137 948 4185 v,
977 4121 1070 4176 45.

2183 1823 2357 1887 ἄλλως
2385 1823 2494 1895 γάρ
2523 1823 2662 1876 αὑτά
2697 1825 2826 1893 ὑμῖν
2858 1822 3143 1893 σημαίνειν
3187 1821 3247 1874 οὑ
3289 1820 3585 1892 δυνάμεθα.
3642 1820 3774 1874 Ἐάν

2181 1934 2241 1969 τε
2278 1918 2609 1988 σιγήσωμεν,
2642 1915 2985 1988 ὲνεδρεὺεσθε
3026 1915 3130 1968 ὑπὸ
3150 1914 3257 1967 τῶν
3305 1913 3490 1966 κακῶν
3533 1912 3622 1966 διὰ
3669 1913 3774 1984 τὴν

2183 2009 2425 2077 ἄγνοιαν·
2463 2008 2557 2061 ὲάν
2598 2025 2658 2061 τε
2692 2007 3034 2078 λαλήσωμεν,
3069 2007 3144 2070 ὼς
3182 2007 3273 2059 ἐπὶ
3303 2005 3486 2074 ψευδεῖ
3515 2005 3777 2058 ὑποθέσει

2185 2101 2474 2170 φοϐοῦντες
2504 2102 2644 2172 ὑμᾶς
2669 2099 3106 2170 ὑποπτευόμεθα.
3133 2099 3257 2162 Πῶς
3282 2095 3374 2152 οὖν
3407 2099 3702 2169 ὲπᾲσωμεν
3727 2097 3778 2128 ’³

2184 2193 2262 2264 τῷ
2295 2195 2374 2256 είς
2399 2192 2495 2265 τὴν
2520 2193 2788 2266 ὑμετέραν
2819 2193 2973 2264 κακῷ
3001 2191 3379 2263 ὲνδομυχοῦντι
3409 2191 3502 2243 ml
3533 2189 3778 2260 πανούρ-

2186 2302 2298 2353 γως
2333 2285 2714 2357 ὑποσπείροντι
2759 2287 2884 2356 ὑμῖν
2916 2285 3014 2348 τὰς
3046 2285 3164 2355 Θεῷ
3197 2282 3587 2355 ὲχθραινοὺσας
3635 2283 3778 2334 ὑπο-

2187 2376 2334 2439 νοίας
2363 2377 2632 2448 προφάσει
2673 2377 2772 2448 τῆς
2802 2377 2937 2448 πρὸς
2965 2375 3097 2428 Θεὸν
3127 2375 3305 2444 φιλίας
3325 2376 3402 2440 ⁹⁸;
3437 2373 3780 2444 Διαλλάγητε

2189 2470 2428 2532 ἑαυτοῖςο
2465 2469 2604 2539 ὑπὲρ
2634 2467 2742 2540 γὰρ
2779 2469 2876 2539 τῆς
2909 2466 3062 2538 ὑμῶν
3109 2468 3381 2539 σωτηρίας
3421 2466 3628 2534 γίνεται
3647 2465 3696 2496 ’⁵
3744 2467 3781 2536 ἡ

2195 2559 2333 2631 μετὰ
2362 2560 2609 2622 εὐποιίας
2637 2558 2772 2630 πρὸς
2804 2560 2964 2626 αὑτὸν
2996 2562 3304 2630 καταφυγή.
3347 2557 3555 2629 Ἐχθρα
3578 2557 3624 2587 ³⁸
3661 2556 3782 2609 ἐπι

2191 2651 2309 2722 Θεῷ
2331 2653 2386 2704 ὲν
2413 2653 2540 2722 ὑμῖν
2561 2651 2752 2720 ἄλογος
2775 2651 3311 2724 ἐπιθυμίαηὺπονοξᾳ
3330 2652 3439 2725 γὰρ
3462 2654 3786 2725 φρονήσεως

2193 2744 2292 2814 τὴν
2321 2743 2542 2810 ἄγνοιαν
2573 2745 2846 2815 κρατύνει.
3206 2809 3232 2838 ο

2270 2965 2388 3020 XII.
2428 2965 2608 3019 Ἀλλοι
2638 2966 2694 3020 δὲ
2727 2965 2998 3034 λέγουσιν’
3036 2965 3111 3019 Οὑ
3145 2967 3502 3038 πεφρόντικεν
3545 2968 3702 3040 ἡμῶν
3754 2972 3788 3023 ὁ

2121 3071 2162 3128 C
2197 3057 2345 3122 Θεὸς.
2398 3059 2507 3111 Kal
2555 3057 2709 3111 τοῦτο
2754 3057 2946 3128 ψεῦδός
2995 3060 3160 3111 ἐστιν.
3210 3059 3273 3112 El
3307 3059 3416 3130 γὰρ
3463 3058 3632 3122 ὅντως
3679 3062 3800 3115 οὑκ

2196 3149 2530 3222 ἐφρόντιζεν,
2565 3151 2666 3204 οὑκ
2697 3151 2762 3205 ἂν
2794 3151 2914 3204 οὑδὲ
2945 3153 3037 3205 τὸν
3084 3151 3236 3222 ἥλιον
3285 3152 3478 3224 αὑτοῦ,
3500 3152 3790 3206 ἀνέτελλεν

2198 3244 2290 3296 ἐπὶ
2335 3242 2571 3313 ἀγαθοὺς
2619 3245 2712 3297 ml.
2759 3245 3060 3316 πονηρους,
3108 3243 3231 3299 οὔτε
3281 3247 3369 3299 τὸν
3412 3244 3565 3298 ὑετὸν
3609 3245 3789 3300 αὑτοῦ

2198 3335 2391 3407 ἔφερεν
2421 3336 2512 3390 ἐπὶ
2542 3335 2783 3400 δικαίους
2810 3337 2903 3389 ml
2936 3335 3169 3400 ἀδίκους.
3191 3337 3408 3408 ’Έτεροι
3431 3338 3487 3392 δὲ
3507 3337 3784 3406 λέγουσιν’

2199 3426 2583 3499 Εὑσεϐέστεροί
2615 3429 2801 3498 ἐσμεν,
2837 3428 2929 3481 καὶ
2960 3428 3119 3482 αὑτὸν
3147 3429 3240 3482 ml
3271 3427 3339 3481 τὰ
3367 3429 3655 3501 ἀγάλματα
3692 3431 3789 3483 σέ-

2205 3517 2409 3582 ϐοντες.
2437 3519 2550 3573 Οὑκ
2573 3515 2747 3590 οἶμαι,
2777 3521 2825 3572 εἰ
2855 3517 3007 3571 τοῦτο
3036 3518 3209 3588 λέγων
3234 3537 3317 3583 τις
3330 3519 3375 3550 ³⁷
3411 3522 3526 3591 ὲρεῖ
3554 3521 3785 3590 βασιλεῖ·

2206 3613 2316 3682 Τὴν
2361 3613 2483 3682 ἴσην
2533 3629 2614 3665 σοι
2645 3612 2903 3683 ἀπονέμω
2933 3612 3124 3683 τιμὴν,
3154 3614 3270 3665 οἵαν
3303 3613 3396 3666 ml
3427 3617 3538 3678 τοῖς
3571 3619 3792 3686 νεκροῖς

2208 3706 2302 3760 ml
2331 3709 2398 3777 τῇ
2415 3707 2462 3739 ⁸⁸
2497 3705 2802 3778 ὲρῥιμμένῃ
2847 3704 3077 3776 κοπρίαν
3127 3705 3225 3759 οὑκ
3271 3706 3452 3776 οἴομαι
3503 3708 3551 3758 εί
3603 3706 3795 3772 καλῶς

2207 3798 2648 3869 ἀπαλλαγήσεται
2668 3799 2731 3850 ⁸⁸.
2779 3797 2916 3850 Ἀλλ’
2946 3798 3060 3869 ἐρεῖ
3088 3814 3171 3861 τις
3189 3815 3202 3827 ·
3238 3798 3483 3870 Κοπρίαν
3513 3799 3694 3868 λέγεις
3717 3801 3795 3854 τὰ

2213 3891 2533 3963 σεϐάσματα
2559 3891 2748 3961 ήμῶν;
2777 3889 2882 3943 Ναί
2909 3906 3070 3960 φημι,
3097 3890 3342 3962 ἄχρηστα
3364 3890 3472 3963 γάρ
3496 3893 3624 3963 ὑμῖν
3646 3893 3796 3946 αὑτὰ

2211 3983 2504 4055 ἐποιήσατε
2527 4022 2542 4048 ,
2596 3985 2674 4046 εἰς
2705 3982 2766 4035 τὸ
2798 3980 2973 4036 σέϐειν
3006 3982 3529 4054 καταριθμήσαντες,
3563 3983 3662 4055 τῆς
3692 3985 3794 4038 οὑ-

1795 4211 2034 4268 νΑΙὶΙᾹΞ
2076 4209 2480 4268 LECTIONES.

615 4351 658 4427 '_‘
676 4351 920 4427 oinserui
951 4365 1002 4427 ς.
1029 4350 1098 4427 _O_.
1174 4349 1344 4417 1ηέξιν
1363 4347 1507 4427 conj.
1526 4346 1716 4427 Ego
1743 4349 1928 4427 malim
1954 4352 2169 4427 κρᾶσιν,
2189 4355 2332 4424 quod
2369 4356 2590 4427 propius
2619 4355 2908 4427 acceditad
2928 4353 3213 4427 lectionem
3241 4351 3533 4427 vulgatam,
3547 4360 3603 4406 et
3624 4352 3796 4427 fidem

534 4421 731 4490 accipit
764 4437 828 4474 ex
864 4420 1041 4474 Rufini
1077 4420 1521 4490 interpretatione
1548 4421 1648 4472 hac
1683 4438 1700 4490 γε

531 4490 598 4555 C,
623 4493 682 4543 0.
757 4491 802 4522 "
825 4492 1031 4556 γίνεται
1065 4507 1176 4544 om.
1211 4489 1270 4543 Ο.
1339 4492 1385 4522 ⁸⁸
1407 4489 1556 4544 Fort.
1587 4489 1932 4544 scribendum

533 4492 598 4555 C,
623 4493 682 4543 0.
757 4492 802 4522 "
825 4492 1031 4556 γίνεται
1065 4507 1176 4544 om.
1211 4493 1270 4543 Ο.
1339 4492 1385 4522 ⁸⁸
1407 4492 1556 4544 Fort.
1587 4492 1932 4544 scribendum
1972 4492 2169 4564 ἐχθρά,
2204 4499 2286 4552 vel
2319 4499 2625 4552 addendum

533 4560 774 4630 reposui,
806 4571 1094 4631 postquam
1132 4561 1410 4616 exciderat
1433 4576 1520 4631 ap.
1546 4560 1629 4614 Cl.
1656 4569 1710 4614 et
1751 4558 1808 4613 S.
1845 4561 2090 4618 Subinde
2136 4565 2406 4640 ἐρριμένῃ
2440 4571 2500 4622 0.
2577 4570 2621 4603 "
2650 4499 2689 4620 2

1751 4422 1890 4496 aeris
1921 4421 2526 4496 temperies—temeretur.
2559 4425 2615 4480 S.
2683 4426 3017 4496 ’³ὲπάσομεν
3039 4428 3100 4480 0.
3175 4422 3220 4457 "
3241 4421 3315 4496 Ita
3348 4421 3432 4496 Il,
3459 4425 3597 4496 τῇ...
3632 4423 3796 4496 φιλίᾳ

2710 4505 2832 4567 post
2853 4493 2972 4567 Θεῷ
2999 4495 3056 4550 S.
3126 4495 3276 4556 ’ττις
3301 4493 3424 4547 add.
3464 4509 3514 4548 c.
3539 4495 3601 4548 Ο.
3644 4493 3692 4533 ³⁸
3719 4497 3796 4566 τῇ

2694 4566 2952 4633 παλλάξει
2983 4568 3046 4622 C.

1848 4675 2212 4736 VARIORUM
2250 4681 2479 4736 ΝΟΤᾸΞ.

1850 4681 2212 4737 VARIORUM
2250 4681 2479 4736 ΝΟΤᾸΞ.

605 4767 716 4847 (ᾆξ’.)
751 4744 1067 4847 ’.Αθὰναέςις
1099 4765 1210 4847 Top
1239 4766 1276 4834 ἡ
1317 4764 1504 4847 ψυχή.
1546 4764 1618 4821 Ut
1659 4765 1952 4846 Clementis
1990 4782 2113 4822 sen-
2145 4775 2187 4829 υ
2215 4790 2344 4847 quos
2371 4773 2479 4847 ipsi
2496 4772 2721 4839 fortasse
2737 4771 2892 4847 velint
2918 4770 3118 4847 pariter
3138 4788 3255 4847 cum
3278 4772 3753 4847 corporibus/iniri
3774 4790 3796 4826 :

534 4836 706 4896 tentia
727 4840 930 4893 eitatur
953 4855 981 4891 a
1010 4837 1267 4900 Maximo,
1307 4839 1566 4893 Locorum
1604 4836 1955 4892 communium
1996 4853 2113 4891 ser-

539 4927 696 4965 mone
724 4910 824 4971 55,
849 4919 908 4962 ut
940 4907 1234 4962 Clementis
1259 4906 1521 4972 Romani,
1551 4909 1602 4960 in
1637 4908 1974 4959 Damasceno
2010 4922 2112 4964 ms.

538 4997 656 5048 cap.
705 4980 840 5054 Περὶ
877 4979 1056 5054 ψυχῆς
1084 4976 1332 5054 καὶ-νοῦ,
1371 4977 1872 5054 θύκιιιιιιοηιςιοιίυιῐι
1900 4995 1927 5054 :_
1959 4975 2116 5032 ’Λθά-

537 5043 686 5118 νατοι
732 5043 902 5102 πᾶσαι
940 5043 1217 5118 αἶ’ψυχαὶ,
1254 5050 1346 5101 ml
1383 5046 1490 5118 τῶν
1525 5046 1754 5111 ἀσεϐῶν,
1787 5043 1872 5112 αἶς
1899 5047 2117 5117 ἄμεινον

537 5117 605 5192 ἦν
772 5115 1076 5191 ἀφθάρτους
1108 5115 1273 5172 εἶναι.
1325 5117 1694 5222 Κολαζόέιεναι
1735 5118 1842 5190 γὰρ
1885 5115 1988 5170 ὑπὸ
2023 5121 2117 5174 τοῦ

541 5191 643 5222 λιι-α
679 5209 802 5222 ροΑιι
833 5191 1001 5222 sunt)...
1036 5191 1324 5222 ,ιη-ηιμ...
1351 5206 1529 5222 ριιηηιι
1559 5207 1584 5222 ιιι
1639 5191 1726 5222 νηὶ
1760 5192 1829 5222 αὖ.
1855 5189 2086 5222 {lu-Arruns.

584 5139 605 5171 ν
650 5136 732 5222 In}
772 5136 1076 5191 αφυαρτους
1119 5136 1273 5172 ειναι.
1325 5136 1694 5241 λοΛαςοὶιεναι
1735 5136 1842 5190 γαρ
1885 5136 1988 5170 υπο
2023 5136 2116 5174 του

584 5191 802 5245 σϐεστου
833 5191 1001 5262 πυρὸς
1024 5191 1324 5262 ᾈάπεράντῳ
1351 5206 1529 5262 τιμωρ
1559 5207 1614 5262 ᾳ,
1639 5191 1731 5243 ml
1759 5192 1831 5262 μὴ
1855 5189 2116 5262 Θνήσκου-

541 5278 653 5328 σαι,
677 5264 768 5315 ἐπὶ
800 5257 951 5331 κακῷ
977 5260 1055 5331 τῷ
1092 5257 1306 5313 ἑαυτῶν
1331 5257 1481 5322 τέλος
1502 5257 1698 5313 λαϐεῖν
1740 5257 1838 5312 οὑκ
1881 5257 2107 5328 ἔχουσιν.

543 5331 878 5386 [mmortales
901 5347 1075 5384 omnes
1106 5331 1297 5384 animo?
1317 5342 1460 5394 sunt,
1490 5332 1649 5383 etiam
1673 5331 1976 5398 impiorum,
1999 5334 2117 5400 qui-

545 5402 639 5456 bus
674 5404 859 5457 melius
883 5412 1013 5454 esset
1045 5419 1143 5454 non
1183 5418 1294 5454 esse
1329 5401 1651 5470 corruptioni
1705 5417 1805 5453 non
1840 5401 2113 5456 obnoxias.

551 5471 692 5543 Nam
724 5490 812 5538 per
839 5477 1009 5543 ignem
1036 5472 1409 5526 inexslinclum
1439 5473 1690 5524 crucialw
1717 5480 1960 5541 perpetuo
1996 5491 2122 5543 sup-

549 5542 728 5612 plicw,
764 5542 1321 5614 nec’moricnlesksuo
1372 5543 1607 5614 ipsorum
1651 5543 1792 5614 man
1839 5545 1923 5595 sui
1962 5542 2121 5614 ﬁnem

551 5611 785 5686 occipere
806 5631 907 5686 non
935 5623 1169 5682 possunt.
1191 5611 1639 5686 Ileeognitionum
1665 5613 1753 5686 lib.
1788 5629 1840 5678 v,
1865 5611 1983 5686 cap.
2006 5615 2076 5669 28
2107 5632 2120 5669 :

553 5681 889 5739 [immortales
928 5681 1150 5757 namque
1196 5693 1316 5738 sunt
1347 5681 1533 5738 etiam
1576 5683 1858 5756 impiorum
1907 5681 2120 5752 animae,

2214 4844 2304 4896 sed
2328 4861 2430 4896 non
2463 4844 2540 4895 ita
2571 4852 2644 4895 est
2662 4859 2688 4914 ,‘r
2714 4843 2980 4914 perferunt
3015 4844 3150 4894 enim
3179 4843 3316 4911 ignis
3341 4843 3521 4896 (ωενιιί
3550 4846 3662 4896 sine
3684 4844 3799 4914 [ine

2215 4913 2496 4996 supplicio,
2527 4921 2576 4996 et
2622 4913 3008 4996 adflat-iniciam
3035 4914 3116 4996 sui
3154 4925 3398 4996 naturam
3445 4929 3545 4992 non
3596 4913 3797 4967 habent

2215 4981 2491 5038 moriendi.
2524 4984 2656 5036 Cum
2696 4981 3037 5040 Clementiuis
3069 4982 3312 5051 loquitur
3358 4981 3605 5037 Justinus
3648 4987 3800 5040 Mar-

2216 5062 2300 5124 tyr
2327 5053 2580 5123 Apologia
2609 5067 2667 5116 It,
2700 5068 2750 5121 p.
2785 5052 2875 5124 64,
2904 5062 2957 5124 et
2990 5052 3230 5124 Dialogod
3253 5069 3368 5105 cum
3413 5051 3712 5122 Tryphone,
3741 5070 3792 5122 p.

2214 5121 2342 5190 235,
2371 5121 2607 5192 dicitque
2655 5123 2911 5194 improbis
2949 5121 3180 5194 lucrum,
3209 5121 3455 5194 ἕρμαιον,
3492 5121 3634 5185 fore,
3666 5121 3795 5178 ani-

2221 5210 2339 5248 mas
2379 5194 2539 5259 mori,
2570 5202 2622 5246 et
2657 5193 2815 5246 tinem
2861 5194 3062 5250 habere
3108 5193 3161 5246 in
3205 5204 3403 5247 statum
3456 5210 3651 5247 sensus
3699 5211 3797 5248 va-

2221 5280 2405 5328 cuum,
2427 5265 2518 5334 είς
2549 5262 2919 5334 ἀναισθησίαν.
2950 5266 3028 5319 Ad
3055 5279 3273 5334 sensum
3303 5279 3431 5318 vero
3457 5264 3797 5334 Recognilia-

2219 5350 2343 5387 num
2391 5333 2658 5404 Minucius
2691 5332 2860 5397 Felix,
2889 5350 3048 5404 quem
3087 5349 3152 5389 eo
3203 5333 3338 5404 loco,
3367 5335 3548 5389 citavi.
3597 5332 3674 5388 Ac
3725 5351 3794 5388 es

2221 5404 2558 5475 philosophis
2613 5403 2915 5475 Hierocles
2945 5405 2997 5458 in
3051 5405 3289 5475 carmina
3327 5403 3684 5475 Pythagorica
3721 5406 3791 5458 ad

2223 5472 2382 5544 vers,
2415 5474 2485 5544 29
2513 5491 2526 5526 :
2559 5475 2634 5526 υὺ
2665 5473 2905 5542 βούλεται
2952 5478 2981 5528 ὁ
3024 5475 3188 5538 κακὸς
3215 5473 3476 5528 ἀθάνατον
3501 5472 3636 5528 εἶναι
3690 5476 3794 5544 τὴν

2221 5543 2386 5618 αὑτοῦ
2429 5543 2650 5618 ψυχὴν,
2679 5545 2765 5597 ἵνα
2799 5544 2872 5618 μὴ
2908 5546 3171 5618 ὑπομείνῃ
3207 5546 3629 5618 τιμωρούμενος.
3665 5543 3798 5618 ὶδόιι

2221 5617 2357 5669 enim
2414 5614 2521 5667 vult
2563 5617 2652 5684 qui
2711 5614 2881 5668 malus
2927 5614 3034 5679 est,
3075 5614 3186 5670 esse
3235 5614 3365 5668 sibi"
3396 5614 3629 5669 animum
3669 5616 3791 5684 Lim-

2226 5685 2521 5756 mortalem,
2556 5681 2618 5740 ne
2646 5685 2898 5741 scelerum
2944 5686 3192 5742 ultionem
3225 5686 3481 5756 poliatur.
3513 5681 3678 5740 Col.
