4004 6332
579 283 684 339 287

1419 273 1476 328 S.
1515 268 1907 328 CLEMENTIS
1939 268 1958 324 Ι
1992 265 2166 324 ROM.
2208 263 2410 322 PONT.
2445 263 2676 320 OPERA
2703 262 2933 321 DUBIA.

3681 263 3770 322 288

579 393 782 465 injuste
829 392 1024 450 ablatis
1071 388 1299 461 expleri.
1333 387 1492 458 Apud
1525 395 1752 443 vocatos
1783 392 1965 440 autem
2015 383 2146 438 deos

2249 395 2336 432 νον
2389 378 2734 456 κορεσθῆναι.
2783 377 2941 449 Παρά
2989 377 3047 430 δὲ
3089 378 3199 440 τοῖς
3233 373 3528 445 λεγομένοις
3556 375 3681 441 θεοῖς
3711 377 3772 433 τὰ

577 485 859 544 contraria
882 491 1236 555 peraguntur.
1258 480 1324 535 Et
1352 480 1615 536 nonnulla
1649 479 1702 533 in
1734 475 2151 532 admirationem

579 579 803 651 iustitiae
851 577 1188 632 denuntiatis
1207 618 1222 642 ,
1252 590 1376 645 qua:
1401 575 1526 628 licet
1557 572 1738 628 omnia
1768 578 2029 641 praecepta
2058 584 2152 622 ex-

578 668 967 741 sequeremiui,
998 684 1107 723 una
1138 666 1230 721 Dei
1276 665 1551 737 ignoratio
1581 663 1779 719 sullicit
1807 663 1874 716 ad
1910 661 2152 732 punilio-

578 783 702 822 nem
732 776 993 821 vestram.
1050 766 1319 820 Caeterum
1358 763 1742 819 convenientes
1772 762 1839 817 ad
1881 762 2002 816 loca
2030 775 2152 830 qua:

577 871 674 910 vos
707 855 772 909 iis
802 855 1117 923 assignatis,
1149 854 1405 909 alacriter
1429 853 1796 922 inebriamini,
1824 860 1878 907 et
1906 868 2030 908 aras
2057 867 2150 906 ac-

577 947 808 1001 cenditis
835 988 849 1012 ,
897 962 1131 1015 quarum
1184 945 1344 1000 nidor
1378 955 1604 1015 vagatus
1640 961 1814 1002 caecos
1846 945 2151 1013 surdasque

575 1038 804 1106 Spiritus
840 1037 894 1090 vi
941 1052 1041 1091 sua
1093 1037 1159 1092 ad
1211 1037 1476 1091 odoratus
1523 1038 1702 1093 locum
1733 1037 1903 1092 ducit.
1953 1036 2150 1106 Sicque

576 1128 650 1182 ibi
687 1129 779 1181 alii
827 1127 1079 1184 fanaticis
1109 1128 1389 1184 furoribus
1413 1171 1427 1194 ,
1459 1129 1549 1182 alii
1597 1128 1852 1184 absurdis
1883 1128 2019 1184 cibis
2059 1144 2148 1183 re-

575 1221 816 1290 plentur,
842 1222 907 1274 ad
936 1221 1215 1274 libidinem
1249 1231 1540 1276 vertuntur
1565 1221 1680 1288 alii,
1707 1220 1775 1275 ad
1807 1221 1950 1276 furta
1984 1221 2073 1274 alii
2097 1228 2148 1275 et

573 1311 868 1364 adulteria.
909 1309 1044 1364 Nam
1098 1310 1205 1365 fusi
1242 1311 1354 1365 illic
1402 1310 1686 1381 sanguinis
1731 1326 1898 1379 vapor
1939 1321 1991 1364 et
2035 1309 2147 1364 vini

575 1402 767 1457 libatio
791 1403 954 1457 etiam
992 1404 1157 1457 satiat
1182 1404 1427 1472 impuros
1457 1402 1706 1472 spiritus,
1730 1402 1825 1472 qui
1865 1401 2007 1456 intra
2048 1417 2147 1457 vos

573 1496 832 1551 occultati
886 1497 1070 1551 omnia
1124 1497 1240 1550 haec
1284 1495 1519 1550 reddunt
1576 1497 1801 1561 suavia,
1848 1505 2011 1568 atque
2054 1511 2148 1566 per

573 1586 784 1640 somnia
812 1601 909 1641 vos
945 1585 1099 1642 falsis
1140 1586 1369 1656 spectris
1413 1585 1668 1640 irretiunt
1690 1627 1704 1651 ,
1736 1585 2148 1655 innumerisque

574 1678 1020 1747 perpessionibus
1047 1679 1305 1748 puniunt.
1337 1677 1472 1734 Nam
1508 1680 1797 1734 occasione
1841 1693 2142 1744 sacrarum,

573 1774 634 1820 ut
660 1776 881 1833 vocant,
917 1767 1223 1822 hostiarum
1271 1769 1462 1838 repleti
1511 1769 1644 1826 estis
1678 1767 2005 1821 truculentis
2035 1766 2146 1820 da:-

571 1858 828 1912 monibus
851 1900 866 1925 ,
901 1859 995 1927 qui
1025 1868 1183 1914 caute
1212 1875 1312 1915 vos
1344 1860 1550 1915 inscios
1583 1858 1897 1929 perimunt,
1946 1866 2006 1912 ut
2036 1872 2146 1911 non

571 1951 821 2006 sentiatis
859 1949 1038 2005 factas
1076 1951 1326 2006 insidias.
1357 1951 1627 2006 Praetextu
1657 1951 1927 2021 siquidem
1962 1948 2147 2019 cujus-

571 2043 718 2111 piam
759 2043 974 2112 injuria:
999 2043 1082 2098 vel
1118 2044 1481 2110 calamitatis,
1516 2045 1721 2100 amoris
1743 2087 1756 2109 ,
1791 2044 1906 2109 irae,
1936 2042 2147 2097 maesti-

571 2133 681 2195 tiae,
713 2142 808 2188 aut
833 2135 1030 2204 laqueo
1055 2143 1151 2190 aut
1182 2150 1322 2204 aqua
1347 2134 1638 2199 suﬂ‘ocant,
1666 2149 1696 2188 e
1729 2135 1850 2189 loco
1874 2132 2144 2204 przccipili

570 2223 871 2293 dejiciunt,
907 2226 1204 2282 homicidio
1236 2227 1359 2291 sui,
1391 2235 1484 2281 aut
1532 2225 1820 2297 apoplexia
1841 2265 1857 2291 ,
1909 2235 2004 2280 aut
2036 2225 2145 2279 alio

569 2317 765 2372 morbo
792 2333 823 2372 e
850 2317 960 2374 vita
984 2327 1189 2390 cogunt
1216 2317 1477 2390 migrare.

639 2579 778 2636 XVI.
841 2581 917 2636 Ex
958 2583 1121 2640 nobis
1171 2592 1354 2639 autem
1401 2583 1582 2640 nullus
1634 2585 1740 2639 tale
1784 2583 1915 2653 quid
1964 2590 2142 2654 potest

566 2674 718 2744 pati,
753 2673 848 2728 sed
901 2689 932 2728 a
982 2675 1140 2731 nobis
1189 2676 1469 2730 daemones
1501 2683 1854 2744 torquentur,
1889 2675 2140 2744 quando-

566 2764 788 2835 quidem
821 2764 874 2819 in
898 2765 1137 2836 aliquem
1170 2766 1429 2836 ingressi,
1451 2774 1511 2820 ut
1538 2765 1746 2820 tardius
1769 2765 2138 2834 egrediantur,

567 2866 762 2927 rogant
812 2873 933 2912 nos.
967 2857 1072 2914 Sed
1099 2858 1243 2913 dicet
1271 2856 1470 2926 aliquis
1498 2875 1510 2910 :
1543 2855 1599 2910 ln
1631 2858 1730 2910 has
1763 2856 2140 2924 perpessiones

565 2949 816 3006 incidunt
857 2950 1128 3006 interdum
1159 2951 1321 3005 etiam
1359 2949 1592 3019 quidam
1623 2947 1718 3001 Dei
1747 2947 2004 3003 cultores.
2038 2948 2140 3002 Aio

564 3041 620 3096 id
653 3042 769 3096 ﬁeri
804 3057 913 3096 non
943 3057 1126 3111 posse.
1161 3041 1254 3096 llle
1280 3041 1448 3106 enim,
1475 3041 1542 3094 de
1573 3055 1682 3109 quo
1711 3040 1930 3110 loquor,
1963 3041 2139 3095 cultor

569 3134 662 3189 Dei
695 3145 778 3189 est
804 3177 819 3201 ,
866 3135 958 3204 qui
990 3151 1117 3189 vere
1147 3144 1232 3190 est
1259 3133 1354 3189 Dei
1381 3134 1579 3200 cultor,
1619 3148 1724 3188 non
1755 3133 1848 3203 qui
1875 3135 2140 3190 duntaxat

567 3225 791 3281 dicitur.
839 3227 943 3293 Qui
975 3236 1156 3281 autem
1185 3241 1308 3280 vere
1335 3234 1436 3292 est,
1471 3225 1685 3280 tradita:
1715 3225 1819 3281 sibi
1854 3226 1988 3297 legis
2017 3242 2140 3296 per-

565 3315 678 3370 ﬁcit
719 3330 904 3385 opera.
963 3315 1018 3369 Si
1071 3315 1194 3385 quis
1246 3315 1408 3384 impie
1455 3314 1661 3384 egerit,
1706 3315 1828 3384 pius
1883 3331 1988 3369 non
2031 3325 2134 3370 est.

565 3405 1036 3472 Quemadmodum
1074 3407 1118 3461 si
1154 3406 1456 3476 alienigena
1491 3406 1662 3474 legem
1692 3414 1893 3471 servet,
1915 3403 2137 3462 Judaeus

563 3508 684 3566 est;
716 3500 808 3570 qui
833 3515 959 3554 vero
989 3515 1096 3552 non
1125 3507 1323 3565 servat,
1346 3507 1428 3555 est
1455 3499 1690 3569 gentilis.
1715 3497 1938 3554 Iudaeus
1965 3499 2135 3562 enim,

564 3590 675 3644 Deo
706 3591 954 3655 credens,
990 3591 1161 3660 legem
1196 3591 1413 3660 implet,
1449 3606 1544 3660 per
1575 3606 1738 3660 quam
1775 3591 1933 3646 ﬁdem
1971 3592 2134 3647 etiam

563 3683 665 3738 alia
719 3683 856 3739 mala
904 3684 1187 3739 montibus
1225 3683 1425 3740 similia
1469 3692 1524 3737 et
1566 3684 1892 3753 gravissima
1949 3692 2134 3738 trans-

567 3773 673 3830 fert
718 3789 768 3830 α.
817 3775 921 3842 Qui
970 3791 1099 3830 vero
1143 3791 1251 3830 non
1309 3775 1631 3846 exsequitur
1688 3775 1893 3846 legem,
1925 3776 2135 3830 clarum

561 3876 675 3934 est,
727 3869 872 3938 quod
924 3885 1036 3923 non
1076 3869 1348 3924 credendo
1401 3873 1454 3924 iu
1496 3869 1665 3924 Deum
1719 3869 1778 3924 fit
1829 3869 2131 3940 transfuga,

561 3960 793 4030 ideoque
822 3971 1076 4030 peccator
1113 3962 1260 4016 velut
1298 3978 1642 4031 nequaquam
1673 3961 1891 4017 Judazus
1918 3972 2137 4032 propter

562 4060 846 4120 peccatum
893 4068 922 4106 a
971 4053 1376 4108 calamitatibus
1422 4054 1728 4124 subigitur,
1757 4070 1879 4123 qum
1925 4054 1991 4108 ad
2030 4070 2134 4123 pw-

562 4142 790 4198 niendos
837 4152 1150 4213 peccatores
1196 4145 1513 4200 constitutae
1556 4153 1706 4199 sunt.
1740 4144 1872 4198 Nam
1903 4147 2135 4200 consilio

564 4232 692 4298 Dei,
727 4235 873 4304 quod
918 4236 987 4290 ab
1034 4236 1192 4293 initio
1231 4237 1502 4291 sancitum
1536 4236 1668 4302 fuit,
1720 4236 1866 4290 illius
1895 4238 2133 4293 cultores

556 4325 703 4392 juste
727 4335 946 4396 pr0pter
968 4327 1160 4383 delicta
1179 4344 1340 4398 pcena
1366 4327 1737 4396 consequitur.
1763 4327 1917 4394 Quod
1946 4330 2024 4394 lit,
2051 4338 2130 4394 ut,

561 4423 846 4484 postquam
880 4433 1039 4486 poena
1083 4418 1150 4473 de
1178 4429 1402 4489 peccato
1434 4419 1580 4474 velut
1609 4419 1791 4473 debito
1838 4435 1932 4488 per
1964 4437 2128 4475 vexa-
2164 4431 2204 4484 ι)

560 4508 761 4561 tionem
812 4511 1077 4565 rationem
1113 4511 1418 4581 repetierit,
1452 4528 1746 4568 conversos
1776 4513 2026 4569 homines
2072 4514 2127 4568 in

561 4607 881 4654 cunctorum
924 4602 1132 4670 judicio
1164 4620 1331 4674 puros
1381 4614 1756 4674 reprmseutet.
1788 4604 1941 4659 Sicut
1981 4605 2138 4659 enim"

560 4693 824 4761 improbis
854 4709 1142 4763 prmscntes
1188 4697 1395 4752 delicia:
1422 4697 1477 4750 in
1527 4697 1786 4751 damnum
1819 4696 2124 4752 futurorum

560 4785 827 4841 honorum
860 4788 1087 4849 cedunt,
1134 4790 1206 4844 ita
1255 4789 1520 4859 supplicia
1554 4790 1722 4860 lapsis
1760 4790 1812 4843 in
1845 4799 2124 4858 peccatum

559 4876 763 4932 Iudaeis
804 4881 1096 4934 mittuntur
1145 4882 1210 4936 ad
1241 4882 1619 4948 exactionem,
1673 4893 1731 4936 ut
1778 4891 1994 4951 recepta
2040 4882 2130 4937 hic

559 4969 743 5024 delicti
775 4986 934 5060 paena
979 4989 1010 5026 a
1043 4971 1226 5028 futura
1273 4975 1385 5029 illic
1415 4982 1618 5030 wtcrna
1665 4973 2017 5030 damnatione
2063 4975 2128 5029 li-

557 5064 834 5120 berentur.

633 5197 659 5226 ι
691 5185 880 5240 Matth.
909 5201 1039 5249 xvn,
1076 5187 1162 5242 19.

2252 471 2468 525 ἐναντία
2489 472 2713 541 γίνεται.
2735 471 2845 525 Καὶ
2865 470 2982 524 ἔνια
3009 471 3088 534 εἰς
3117 468 3441 539 κατάπληξιν
3468 469 3774 543 δικαιοσύνης

2251 564 2651 636 παραγγέλλετε
2673 564 2737 627 “,
2768 564 2912 635 ἅπερ
2942 565 2989 616 εἰ
3020 563 3116 616 καὶ
3141 561 3316 614 πάντα
3343 564 3532 614 ποιεῖτε
3567 563 3630 615 τὰ
3656 580 3776 635 παρ-

2250 657 2589 728 αγγέλματα,
2634 657 2730 726 μία
2758 659 2790 726 ἡ
2823 654 2958 726 πρὸς
2986 654 3115 708 Θεὸν
3143 654 3332 723 ἄγνοια
3363 653 3512 724 ἱκανὴ
3555 655 3774 724 τυγχάνει

2251 750 2390 821 πρὸς
2432 750 2531 821 τὴν
2573 749 2695 803 καθ’
2730 749 2880 820 ὑμῶν
2915 747 3201 820 τιμωρίαν.
3259 747 3401 817 Πλὴν
3439 747 3776 817 συνερχόμενοι

2251 843 2330 905 είς
2355 841 2482 905 τοὺς
2519 843 2608 911 ὑφ’
2641 843 2669 894 ὑ
2679 841 2793 912 μῶν
2819 842 3004 904 αὐτοῖς
3025 839 3276 902 δοθέντας
3301 838 3494 900 τόπους
3518 839 3671 909 ἡδέως
3698 855 3778 908 με-

2253 933 2513 988 θύσκεσθε
2535 937 2628 989 καὶ
2662 935 2879 1007 βωμοὺς
2909 935 3199 997 ἀνάπτετε,
3231 925 3304 985 ῶν
3331 934 3364 1002 ἡ
3396 930 3579 984 κνίσσα
3607 931 3777 1002 ῥεμϐο-

2254 1026 2386 1100 μένη
2435 1029 2528 1081 καὶ
2573 1028 2642 1081 τά
2694 1027 2868 1096 τυφλά
2917 1027 3011 1080 καὶ¹
3054 1024 3216 1095 κωφά
3259 1023 3536 1094 πνεύματα
3577 1024 3658 1076 διὰ
3695 1025 3778 1094 τῆς

2249 1121 2496 1186 ἐξουσίας
2523 1122 2645 1190 ἄγει
2674 1123 2753 1184 εἰς
2788 1121 2878 1174 τὸν
2917 1121 3015 1192 τῆς
3059 1120 3376 1191 ὀσφρήσεως
3416 1115 3586 1171 αὐτῶν
3619 1116 3776 1170 τόπον.

2249 1213 2358 1266 Καὶ
2389 1211 2561 1276 οὕτως
2597 1213 2704 1266 τῶν
2749 1214 2864 1266 ἐκεῖ
2902 1213 2951 1264 oi
2999 1212 3095 1282 μὲν
3134 1208 3609 1279 ἐνθουσιασμῶνίδ,
3654 1208 3697 1260 οἱ
3733 1207 3780 1260 δέ

2251 1304 2472 1376 βρωτῶν
2511 1304 2810 1358 ἀλλοκότων
2838 1301 3272 1374 ἐμπίμπλανται,
3301 1302 3351 1354 oi
3377 1301 3434 1353 δὲ
3458 1301 3545 1352 ἐπὶ
3564 1299 3621 1352 τὸ
3647 1298 3778 1352 ἀσελε

2248 1397 2454 1465 γαίνειν
2481 1396 2771 1468 τρέπονται
2795 1435 2809 1458 ,
2856 1396 2905 1448 οἱ
2934 1394 2991 1448 δέ
3030 1395 3120 1447 ἐπὶ
3145 1392 3352 1456 κλοπὰς
3384 1393 3475 1446 καὶ
3503 1390 3696 1460 φόνους.
3727 1390 3780 1444 Ἥ

2247 1488 2355 1560 γὰρ
2384 1489 2476 1542 τοῦ
2514 1491 2631 1542 ἐκεῖ
2658 1489 2888 1559 αἵματος
2932 1485 3291 1557 ἀναθυμίασις
3324 1486 3416 1538 καὶ⁸
3445 1485 3478 1555 ἡ
3510 1483 3611 1536 τῶν
3647 1483 3780 1537 οἴνων

2251 1582 2450 1653 σπονδὴ
2479 1583 2573 1636 καὶ
2602 1580 2743 1636 αύτά
2767 1580 2810 1610 ¹⁶
2841 1581 2995 1650 κορεῖ
3019 1579 3087 1630 τά
3115 1577 3402 1648 ἀκάθαρτα
3447 1574 3726 1646 πνεύματα,
3752 1575 3783 1628 ἀ

2247 1692 2368 1729 τινα
2414 1671 2870 1744 ἐνδομυχοῦντα³⁷
2918 1673 2998 1734 είς
3045 1671 3188 1741 ὑμᾶς
3231 1669 3519 1739 φιληδόνως
3567 1666 3696 1738 ἐχειν
3723 1666 3782 1721 τὰ

2248 1767 2362 1819 ἐκεῖ
2391 1764 2633 1819 ποιοῦσιν
2660 1805 2674 1829 ,
2703 1765 2795 1818 καὶ
2820 1764 2890 1817 δι’
2923 1763 3142 1834 ὀνείρων
3171 1763 3316 1834 ὑμᾶς
3345 1760 3646 1830 φαντασίαις
3668 1759 3778 1828 ψευ-

2247 1859 2358 1912 δέσι
2393 1859 2826 1931 περιϐάλλουσιν,
2857 1857 2950 1911 καὶ
2996 1857 3210 1928 μυρίοις
3242 1854 3521 1926 παθήμασι
3547 1849 3782 1923 τιμωροῦ-

2250 1934 2351 2005 σιν.
2397 1951 2672 2023 Προφάσει
2704 1949 2812 2022 γὰρ
2845 1948 2954 2002 τῶν
2993 1948 3300 2020 λεγομένων
3344 1943 3620 2017 ἱεροθύτων
3645 1942 3779 2014 χαλε-

2247 2044 2364 2098 πῶν
2391 2044 2656 2115 δαιμόνων
2692 2040 3036 2114 ἐμπίπλασθε
3059 2080 3073 2105 ,
3130 2041 3180 2094 οἳ
3220 2039 3315 2094 καὶ
3355 2038 3620 2111 φρονίμως
3660 2037 3782 2107 ὑμᾶς

2245 2136 2594 2200 λανθάνοντες
2637 2134 2950 2206 ἀναιροῦσιν
2974 2173 2988 2198 ,
3019 2135 3108 2188 ἵνα
3149 2133 3223 2204 μὴ
3272 2134 3464 2204 συνῆτε
3509 2131 3653 2202 ὑμῶν
3698 2131 3780 2200 τὴν

2245 2229 2552 2300 ἐπιϐουλήν.
2585 2227 2862 2300 Προφάσει
2894 2225 3000 2298 γάρ
3019 2243 3164 2288 τινος
3201 2224 3465 2296 ἐπηρείας
3490 2223 3522 2295 ἢ
3551 2219 3779 2294 ἔρωτοςῆ

2244 2323 2413 2395 ὀργῆς
2449 2323 2481 2394 ἢ
2513 2322 2688 2393 λύπης
2731 2323 2765 2392 ἢ
2808 2321 3010 2392 ἀγχόνῃ
3056 2320 3089 2392 ἢ
3129 2319 3283 2372 ὕδατι
3321 2317 3594 2384 πνίξαντες
3627 2316 3657 2386 ἦ
3691 2311 3782 2367 ἀπὺ

2246 2413 2492 2487 κρημνοῦ
2525 2414 2778 2486 ῥίψαντες
2805 2413 2837 2484 ἢ
2862 2412 3173 2484 αὐτοχειρίᾳ
3195 2411 3230 2481 ἢ
3259 2409 3564 2481 ἀποπληξίᾳ
3588 2406 3781 2478 ἢέτέρῳ

2242 2508 2347 2560 τινὶ
2377 2507 2538 2561 πάθει
2558 2506 2652 2560 τοῦ
2683 2507 2782 2578 ζῇν
2818 2505 3148 2577 μεθιστᾶσιν.

2312 2597 2454 2654 XVI.
2495 2598 2682 2670 Ἦμῶν
2708 2599 2764 2652 δὲ
2792 2597 2968 2661 οὐδεὶς
2994 2595 3232 2650 τοιοῦτόν
3265 2613 3322 2651 τι
3359 2595 3545 2648 παθεῖν
3569 2591 3781 2651 δύναται,

2244 2690 2359 2745 ἀλλ’
2388 2691 2542 2745 αὐτοὶ
2571 2692 2658 2760 ὑφ’
2679 2690 2837 2762 ἡμῶν
2863 2689 3196 2754 κολάζονται,
3224 2688 3432 2742 ὁπόταν
3460 2687 3536 2749 είς
3560 2701 3671 2737 τινα
3693 2683 3786 2735 εἰσ-

2249 2785 2416 2847 ιόντες
2447 2782 2685 2855 βραδέως
2724 2782 2920 2847 ἐξιέναι
2957 2783 3106 2853 ἡμᾶς
3157 2779 3546 2851 παρακαλῶσιν
3563 2777 3618 2830 ⁸⁵.
3645 2773 3781 2846 2E],

2258 2877 2395 2930 Ἀλλ’
2425 2878 2539 2948 ἐρεῖ
2562 2893 2672 2939 τιςο
2709 2877 2868 2938 Ἴσως
2894 2874 3154 2937 τοιούτοις
3173 2873 3413 2926 πάθεσιν
3434 2873 3524 2925 καὶ
3550 2864 3783 2924 θεοσεϐῶν

2241 2988 2384 3035 τινες
2402 2953 2818 3024 ὑποπίπτουσιν.
2848 2971 2926 3040 Φη
2937 2970 2996 3040 μὶ
3021 2969 3103 3021 ὅτι
3131 2967 3288 3021 τοῦτο
3321 2966 3588 3020 ἀδύνατον.
3625 2962 3785 3015 Θεοσε-

2167 3082 2207 3140 C
2243 3064 2342 3135 ϐὴς
2369 3063 2478 3134 γὰρ
2509 3058 2662 3125 οὗτός
2689 3061 2940 3124 ἐστινῖῦν
2965 3061 3007 3092 ¹⁹
3037 3058 3146 3128 ἐγώ
3172 3076 3351 3128 φημι,
3379 3057 3407 3108 ό
3437 3057 3600 3119 ὅντως
3627 3053 3786 3106 θεοσε-

2241 3158 2362 3227 ϐὴς,
2397 3157 2494 3225 οὐχ
2523 3155 2581 3218 ὃς
2608 3153 2672 3208 ἂν
2706 3154 2863 3225 μόνον
2893 3153 3140 3222 λέγηται,
3164 3153 3192 3205 ὁ
3224 3151 3281 3205 δὲ
3307 3151 3477 3214 ὅντως
3503 3148 3574 3202 ὢν
3599 3144 3684 3199 τοῦ
3713 3143 3784 3196 δο-

2241 3249 2424 3311 θέντος
2468 3246 2616 3318 αύτῷ
2659 3247 2823 3317 νόμου
2861 3245 3072 3298 ἐκτελεί
3109 3244 3208 3308 τὰς
3251 3243 3501 3316 πράξεις.
3561 3238 3675 3293 Ἐάν
3711 3251 3783 3297 τις

2240 3341 2486 3414 ἀσεϐήσῃ
2507 3381 2521 3405 ,
2556 3339 2787 3410 εὐσεϐὴς
2826 3339 2925 3392 οὐκ
2969 3337 3135 3391 ἔστιν.
3169 3337 3381 3409 Ὅνπερ
3425 3335 3617 3408 τρόπον
3645 3329 3728 3384 ἐὰν
3758 3327 3784 3380 ὁ

2237 3433 2530 3503 ἀλλόφυλος
2568 3433 2659 3486 τὸν
2706 3433 2868 3504 νόμον
2909 3431 3088 3503 πράξῃ
3113 3470 3126 3494 ,
3190 3429 3444 3493 Ἰουδαῖός
3485 3429 3624 3480 ἐστιν
3647 3441 3660 3453 ⁶
3719 3419 3782 3491 μὴ

2238 3526 2448 3598 πράξας
2499 3525 2577 3590 δὲ,
2621 3524 2841 3596 Ἕλλην.
2873 3525 2929 3578 Ὀ
2949 3524 3057 3596 γὰρ
3114 3522 3364 3585 Ἰουδαῖος
3393 3518 3649 3573 πιστεύων
3681 3511 3784 3581 Θεῷ

2237 3620 2380 3671 ποιεῖ
2395 3617 2486 3671 τὸν
2513 3617 2674 3689 νόμον
2697 3618 2763 3682 ’⁸,
2785 3617 2850 3670 δι’
2864 3610 2932 3686 ἦς
2951 3617 3185 3679 πίστεως
3207 3615 3301 3668 καὶ
3320 3612 3532 3670 τάἀλλα
3542 3611 3607 3665 τὰ
3623 3610 3783 3681 ὄρεσιν

2237 3709 2448 3764 ἐοικότα
2495 3709 2588 3763 καὶ
2633 3707 2900 3781 βαροῦντα
2959 3708 3240 3779 μεθίστησι
3299 3705 3470 3777 πάθη.
3524 3705 3578 3758 '0
3623 3701 3676 3755 δέ
3719 3697 3783 3770 μὴ

2237 3803 2406 3856 ποιῶν
2435 3802 2526 3856 τὸν
2557 3802 2716 3873 νόμον
2742 3801 2982 3872 δηλονότι
3002 3801 3042 3831 ²¹
3071 3802 3134 3853 ἐκ
3152 3798 3244 3852 τοῦ
3278 3799 3354 3870 μὴ
3395 3796 3656 3852 πιστεύειν
3681 3788 3784 3860 Θεῷ

2236 3894 2568 3957 λιιιοτακτεῖ,
2590 3895 2684 3947 καὶ
2702 3893 2874 3957 οὕτως
2902 3893 2978 3956 ὡς
3001 3893 3119 3962 οὐχὶ
3137 3893 3182 3923 ²²
3215 3892 3470 3954 Ἰουδαῖος
3493 3884 3786 3961 ἁμαρτωλὸς

2233 3986 2321 4040 διὰ
2349 3987 2446 4057 τὴν
2475 3985 2747 4057 ἁμαρτίαν
2769 3985 3144 4055 ἐπικρατεῖται
3175 3983 3278 4036 ὑπὸ
3301 3983 3412 4036 τῶν
3441 3984 3518 4046 είς
3548 3981 3606 4034 τὸ
3632 3993 3785 4048 τιμω-

2239 4081 2349 4149 ρεῖν
2384 4079 2509 4141 τοὺς
2548 4075 2960 4148 ἁμαρτάνοντας
2997 4074 3352 4128 καθεστώτων
3397 4074 3600 4128 παθῶν.
3630 4068 3782 4138 Βουλῇ

2235 4169 2368 4224 Θεοῦ
2410 4173 2476 4241 τῇ
2514 4169 2771 4241 ἀπαρχῆς
2807 4167 3085 4242 ὀρισθείσῃ
3130 4168 3359 4232 δικαίως
3403 4171 3515 4233 τοῖς
3557 4164 3786 4220 σέϐουσιν

2235 4263 2396 4318 αὐτὸν
2441 4261 2902 4333 παραπτωμάτων
2946 4262 3104 4333 χάριν
3155 4263 3188 4332 ἡ
3224 4261 3480 4332 ’τιμωρία
3512 4258 3727 4318 ἕπεται,
3760 4251 3786 4304 ὃ

2234 4357 2462 4424 γίνεται,
2487 4355 2574 4408 ἵνα
2591 4353 2667 4416 ὡς
2685 4353 2955 4426 ὀφείλημα
2973 4355 3060 4408 διὰ
3078 4354 3176 4424 τῆς
3196 4352 3426 4424 βασάνου
3455 4346 3785 4418 ἀπαίτήσασα

2233 4451 2330 4520 τὴν
2376 4447 2648 4519 ἁμαρτίαν
2694 4448 2820 4512 τοὺς
2859 4445 3291 4518 ἐπιστρέψαντας
3336 4442 3604 4514 καθαροὺς
3645 4441 3699 4492 ἐν
3725 4438 3784 4506 τῇ

2231 4540 2340 4594 τῶν
2368 4539 2501 4593 ὅλων
2532 4541 2855 4611 παραστήσῃ
2869 4539 2914 4571 ’³
2942 4539 3139 4611 κρίσει.
3177 4538 3262 4600 Ὡς
3291 4536 3399 4609 γὰρ
3422 4539 3534 4600 τοῖς
3561 4530 3781 4597 κακοῑςή

2232 4633 2461 4687 ἐνταῦθα
2489 4631 2670 4704 τρυφὴ
2699 4633 2780 4694 είς
2827 4629 3028 4700 ζημίαν
3058 4627 3288 4684 αἰωνίων
3327 4627 3546 4696 ἀγαθῶν
3574 4624 3783 4693 γίνεται,

2231 4726 2404 4790 οὕτως
2459 4727 2515 4778 αἱ
2568 4716 2830 4796 τιμωρίαι
2883 4725 2994 4786 τοῖς
3048 4721 3488 4795 παραπίπτουσιν
3532 4715 3787 4774 Ἰουδαίοις

2231 4819 2533 4890 πέμπονται
2561 4818 2638 4880 είς
2665 4814 2950 4888 ἔκπραξιν,
2983 4817 3068 4868 ἵνα
3115 4816 3346 4869 ἐνταῦθα
3376 4811 3726 4869 ἀπολαύοντες
3745 4803 3786 4834 ’⁵

2227 4912 2288 4964 τὸ
2332 4910 2683 4982 παράπτωμα
2708 4908 2809 4978 τῆς
2833 4910 2950 4962 ἐκεῖ
2975 4907 3362 4976 ἀπαλλαγῶσιν
3390 4905 3610 4967 αίωνίας
3638 4895 3783 4954 κολά-

2230 5019 2383 5065 σεως.

1824 5275 2058 5332 ΥΛΒΙᾹΞ
2098 5266 2495 5327 LECTIONES.

631 5370 675 5403 “
699 5369 1129 5441 παραγγέλλεται
1155 5371 1228 5441 Ο.
1282 5370 1326 5402 ’⁵
1353 5369 1727 5441 ἐνθουσιασμῷ
1746 5369 1787 5423 C
1817 5408 1839 5441 ,ί
1861 5363 2256 5441 ἐνθουσιασμοῦ.
2377 5358 2596 5441 η¹⁶αύτῄ
2619 5357 2680 5412 C.
2698 5357 3023 5441 ⁸Ῑίιξρὶιίρηεῐῐι
3044 5359 3388 5441 Qttoboniani
3409 5352 3716 5441 ιιῐζειξειιείνξξ³
3727 5347 3778 5441 ἓξ

567 5439 610 5473 ¹⁷
1164 5418 1235 5471 vi“
1259 5418 1786 5512 παράιὶάἆρξάίκῗίὶξ
1819 5418 1881 5512 ’ίξ
1901 5418 2340 5512 τόνθριξιέιξτιηίειὶι
2377 5429 2413 5482 S
2434 5499 2444 5512 ‘
2465 5446 2512 5481 c.
2538 5418 2618 5482 Cl.
2693 5429 2743 5512 ξο
2768 5428 2925 5512 δεξιὴ,
2939 5432 3184 5512 vocabuli
3217 5418 3424 5512 mutata
3462 5418 3780 5512 leg-102:5}?!

561 5490 1040 5583 ἁάῐλΧ-’ἓῖτῗέτρῗ
1076 5490 1135 5564 ’ἱὶ
1168 5490 1625 5583 ὲστῖἑέἣῗέέράξοές
1645 5490 2013 5583 δὲξῗιρρδαΐοςὶ
2043 5505 2260 5583 “Paw”
2289 5503 2352 5583 '0.
2386 5499 2494 5569 γάρ
2519 5497 2784 5583 meis"
2817 5499 2943 5583 Θεῷ.
2969 5505 3111 5583 πνεῖ
3131 5501 3447 5583 “severe”-
3493 5490 3781 5583 Ηοεετέίὶιέο

565 5580 785 5649 elegans
809 5582 960 5636 nasci
986 5567 1198 5637 videtur
1240 5567 1553 5635 ιιιιὶίιἸιεέἰεῘ
1579 5567 1637 5631 ῧ.
1712 5580 1755 5610 ἰ
1777 5579 1932 5648 δῆλον
1965 5567 2045 5631 ὅτι
2077 5577 2137 5649 C.
2164 5567 2300 5627 Tum
2335 5567 2675 5649 λειποτακτεῖ
2695 5570 2755 5622 0.
2836 5567 2992 5649 ²ξούκ
3019 5575 3079 5649 Q.
3146 5573 3193 5603 ⁸³
3216 5571 3294 5649 lta
3322 5567 3363 5625 0
3415 5585 3466 5649 ρ.
3498 5567 3536 5622 S
3565 5607 3579 5624 .
3609 5574 3777 5649 παρετ

569 5639 756 5722 ortiost
789 5651 848 5707 C.
919 5655 966 5685 “
996 5652 1356 5724 ἀπολαύοντες
1381 5649 1466 5724 D_.,
1513 5649 1607 5718 qui
1652 5639 1874 5724 insuper
1906 5647 2169 5724 exemplis
2203 5640 2610 5724 comprgbaf'il.‘
2633 5653 2818 5724 Vgtfem
2849 5639 3143 5724 ἀεθλεύειν
3174 5639 3430 5724 conjungi
3466 5651 3628 5711 posse
3663 5641 3784 5688 cum

567 5709 700 5778 cas'u
733 5724 1068 5792 accusativo,
1104 5732 1264 5796 atque
1296 5709 1593 5780 baud'rai-o
1617 5720 1762 5776 sumi
1783 5709 1847 5774 'in
1893 5709 2090 5774 malam
2134 5709 2358 5788 partem.
2395 5709 2453 5766 S.
2484 5709 2850 5771 ἀπολαϐόντες
2893 5709 2954 5779 (1,
2989 5714 3054 5765 0.
3277 5709 3290 5714 ⁷
