4004 6332
240 354 343 410 289

1301 351 1865 407 CLEMENTINA.'—
1902 352 2187 413 IIOMILIA
2224 358 2315 415 XI.

3373 374 3481 432 290

307 470 464 542 242
507 470 671 525 XVII.
724 470 912 541 Ὑμεῖς
960 469 1015 524 δὲ
1050 466 1224 522 ταῦτα
1272 471 1441 523 εἰπεῖν
1472 470 1533 523 οὑ
1562 470 1758 524 δύνασθ

1867 477 1887 529 L
1985 471 2145 529 XVII.
2189 473 2299 531 Vos
2332 491 2461 531 vero
2513 478 2627 533 haec
2671 479 2851 537 dicere
2896 498 3004 538 non
3052 486 3306 553 potestis,
3353 490 3484 558 quia

233 566 292 618 οὐ
334 565 442 635 γὰρ
493 561 775 615 πιστεύετε
802 563 871 615 τὰ
901 564 1015 615 ἐκεῖ
1044 558 1181 615 εἶναι
1229 560 1305 625 ὡς
1335 564 1493 632 ἡμεῖς
1536 562 1763 633 λέγομεν
1786 602 1800 627 ,

230 657 367 725 λέγω
396 656 484 725 δὴ,
520 656 651 707 ὅπου
683 656 845 707 πᾶσιν
872 656 903 725 ἠ
935 653 1290 715 ἀνταπόδοσις
1318 652 1545 720 γίνεται.
1582 646 1655 707 Ob
1685 653 1801 706 ἓνε-

228 767 317 802 κεν
352 748 679 816 ἀγνοοῦντες
724 746 784 800 τὸ
835 742 1119 818 συμφέρον
1153 747 1257 799 ὑπὸ
1301 746 1410 798 τῶν
1448 747 1798 817 προσκαξρων

223 840 422 911 ἡδονῶν
457 840 534 911 μὴ
567 839 751 892 λαϐεῖν
782 840 849 892 τὰ
880 839 1070 892 αἰώνια
1101 838 1465 909 ὲνεδρεύεσθε.
1514 839 1606 891 Διὸ
1634 842 1796 910 ἡμεῖς

220 933 309 985 τοῦ
349 933 725 1004 συμφέροντος
766 933 891 1003 ὑμῖν
918 931 1014 993 τὰς
1058 931 1362 997 ἀποδείξεις
1390 932 1561 984 ποιεῖν
1591 932 1794 1002 πειρώ-

224 1026 373 1095 μεθα,
408 1026 499 1077 ἵνα
530 1024 1036 1097 πληροφορηθέντες
1065 1023 1193 1094 περὶ
1225 1022 1332 1075 τῶν
1362 1024 1461 1092 τῆς
1488 1022 1794 1086 θεοσεϐείας

216 1118 649 1187 ὲπαγγελμάτων
698 1118 783 1170 διά
818 1117 925 1168 τῶν
973 1116 1188 1185 ἀγαθῶν
1233 1114 1483 1185 πράξεων
1531 1115 1793 1186 δυνηθῆτε

218 1212 305 1263 σὺν
325 1213 460 1280 ἡμῖν
486 1208 580 1262 τὸν
609 1209 812 1263 ἄλυπον
842 1208 1010 1261 αἰῶνα
1036 1208 1458 1278 κληρονομῆσαι.
1491 1207 1667 1277 Μέχρι
1693 1208 1790 1277 μὲν

213 1301 296 1357 οὖν
338 1302 703 1374 γνωρίσετε²⁸
731 1300 914 1371 ἡμᾶς,
957 1302 1028 1371 μὴ
1073 1300 1424 1369 χαλεπαίνετε
1466 1300 1597 1370 ἡμῖν
1616 1299 1661 1329 ³⁸
1714 1301 1789 1363 ὡς

212 1396 557 1466 ψευδομένοις
592 1394 720 1467 περὶ
762 1387 835 1446 ὧν
873 1394 1001 1463 ὑμῖν
1041 1391 1266 1461 θέλομεν
1313 1390 1511 1445 καλῶν.
1554 1392 1633 1445 Τὰ
1676 1392 1783 1464 γὰρ

211 1491 329 1559 ἡμῖν
373 1486 704 1557 νομισθέντα
732 1486 922 1562 ,ἀληθῆ
970 1504 1031 1539 τε
1072 1488 1163 1539 καὶ
1200 1487 1403 1555 ἀγαθὰ,
1445 1486 1616 1540 ταῦτα
1655 1488 1783 1557 ὑμῖν

214 1584 383 1654 φέρειν
402 1582 507 1634 οὑκ
532 1582 927 1651 ἐφθονήσαμεν,
950 1579 1083 1632 ἀλλὰ
1103 1579 1410 1632 τούναντίον
1430 1578 1670 1631 ὲσπεὺσα
1679 1595 1777 1649 μεν

214 1676 401 1746 συγκλη
413 1676 679 1745 ρονὸμους
716 1674 858 1743 ὑμᾶς
888 1673 1109 1741 ποιῆσαι
1138 1671 1377 1739 ἀγαθῶν,
1403 1665 1477 1723 ὧν
1503 1674 1665 1742 ἡμεῖς
1697 1690 1781 1725 νε-

209 1769 504 1838 νομίκαμεν
520 1768 587 1819 ’⁷.
614 1766 768 1819 Οὖτω
804 1764 911 1835 γὰρ
940 1765 1045 1835 χρὴ
1084 1764 1223 1835 πρὸς
1252 1764 1379 1825 τοὺς
1407 1764 1666 1826 ἀπίστους
1695 1764 1778 1817 λέ-

1908 578 2017 617 non
2062 568 2313 632 creditis,
2344 584 2465 637 qua:
2498 570 2608 624 illic
2656 581 2786 627 sunt
2842 589 2962 628 esse
3020 581 3479 645 quemadmodum

1907 652 2172 713 dicimus.
2223 658 2345 713 dico
2371 668 2587 725 autem,
2632 661 2722 714 ubi
2769 665 2981 719 cunctis
3026 667 3116 721 ﬁat
3165 672 3476 726 retributio.

1894 746 2180 811 .Quocirca
2211 751 2355 819 quod
2389 761 2469 806 est
2508 753 2636 806 utile
2687 755 3021 823 ignorantes,
3072 774 3101 813 a
3133 764 3478 830 temporariis

1852 838 2309 907 -voluptatibus,
2368 856 2435 895 ne
2500 852 2699 905 attenta
2754 846 3075 913 accipiatis,
3131 850 3469 921 decipimini.

1900 928 2081 995 Quare
2112 946 2213 987 nos
2239 948 2541 997 conamur,
2593 937 2867 989 commodi
2916 940 3074 992 vobis
3121 944 3473 1008 probationes

1900 1021 2111 1086 aﬁ‘erre,
2161 1032 2221 1077 ut
2268 1025 2423 1094 plene
2469 1027 2604 1080 certi
2649 1027 2715 1080 de
2764 1028 2982 1096 pictatis
3020 1033 3473 1098 promissionibus

1896 1130 1993 1183 per
2024 1115 2161 1168 bona
2194 1130 2357 1183 opera
2391 1116 2614 1185 possitis
2651 1118 2941 1172 nobiscum
2976 1123 3160 1175 strculi
3193 1129 3338 1193 quod
3374 1130 3471 1181 tri-

1896 1203 2041 1258 stitia
2070 1214 2227 1257 vacat
2262 1204 2504 1257 luerech
2530 1204 2813 1258 exsistere.
2850 1205 3029 1261 Donec
3070 1209 3235 1278 igitur
3265 1227 3470 1282 cogno-

1892 1295 2060 1349 scatis
2106 1311 2241 1359 nos,
2271 1310 2337 1348 ne
2370 1295 2527 1348 nobis
2579 1298 2979 1363 succenseatis,
3017 1306 3276 1368 tanquam
3316 1318 3468 1356 tuen-

1890 1386 2095 1440 tiamur
2139 1387 2283 1441 circa
2316 1387 2457 1441 bona
2488 1404 2609 1455 qua:
2638 1388 2795 1443 vobis
2847 1390 3119 1458 cupimus.
3151 1391 3283 1458 Quae
3316 1396 3463 1450 enim

1889 1478 2202 1547 putavimus
2237 1494 2360 1532 vera
2390 1487 2443 1532 et
2494 1479 2657 1545 bona,
2691 1495 2751 1533 ea
2787 1481 2852 1534 ad
2887 1496 2985 1535 vos
3017 1482 3211 1538 afferre
3239 1502 3348 1540 non
3379 1488 3463 1541 iu-

1886 1571 2159 1636 vidimus;
2192 1571 2286 1625 sed
2317 1580 2506 1625 contra
2536 1570 2941 1638 festinavimus,
2970 1576 3198 1630 reddere
3220 1593 3318 1632 vos
3364 1580 3461 1632 bo-

1885 1675 2111 1726 norum,
2158 1676 2280 1729 qua:
2326 1661 2617 1725 novimus,
2652 1664 2980 1718 cobatredes.
3032 1665 3106 1719 Ita
3158 1670 3360 1737 quippe
3388 1670 3458 1724 ad

1884 1750 2126 1805 inﬁdeles
2172 1752 2502 1821 loquendum
2536 1762 2636 1808 est.
2673 1755 2826 1820 Quod
2859 1767 3041 1811 autem
3098 1759 3254 1827 plene
3294 1777 3455 1817 veros

208 1826 325 1927 γεὲν.
344 1826 469 1911 "(in
492 1859 550 1911 δὲ
577 1826 1100 1928 ἀληθεύομεν
1130 1826 1257 1926 περὶ
1288 1848 1362 1907 ὧν
1393 1854 1641 1925 λέγομεν,
1672 1858 1761 1910 οὑκ

1878 1842 2218 1911 proferamus
2263 1859 2576 1910 sermones,
2628 1862 2733 1899 non
2783 1848 2942 1901 aliter
2990 1850 3241 1918 poteritis
3288 1852 3452 1923 scire,

208 1951 364 2014 ἄλλως
392 1950 692 2021 δυνήσεσθε
724 1948 940 2009 ειδέναι,
958 1946 1052 2001 ἐὰν
1071 1949 1145 2019 μὴ
1168 1947 1432 2019 πρότερον
1466 1947 1775 2019 φιλαληοῶς

209 2044 566 2114 ὑπακούσητε.

265 2135 449 2189 XVIII.
493 2135 587 2187 Διὸ
614 2134 706 2187 ἐπὶ
744 2133 836 2186 τοῦ
865 2134 1148 2205 παῴντος,
1182 2133 1283 2186 κᾶν
1322 2133 1391 2187 τὰ
1428 2134 1598 2206 μυρία
1627 2135 1771 2205 ὑμᾶς

204 2230 230 2280 δ
253 2231 306 2281 ὲν
330 2231 459 2300 ὑμῖν
492 2227 800 2298 ὲνδομυχῶν
823 2226 867 2258 ’⁸
896 2226 1038 2295 ὄφις,
1075 2228 1277 2288 κακοὺς
1306 2226 1592 2281 ὑποϐαλὼν
1634 2228 1769 2296 λογι-

204 2322 367 2390 σμοὺς
404 2323 499 2374 καὶ
544 2320 824 2389 ἀσχολίας,
854 2318 1155 2390 ἐνεδρεύειν
1186 2317 1312 2389 θέλῃ
1333 2319 1408 2382 ⁸³,
1432 2318 1545 2371 ἀλλ’
1591 2314 1681 2372 οὖν
1706 2338 1769 2389 γε

208 2413 359 2483 ὑμεῖς
402 2413 636 2482 egeas-.5
708 2411 880 2481 ταύτῃ
951 2410 1148 2480 μᾶλλον
1200 2408 1769 2480 προσφιλονεικοῦντες

210 2505 351 2575 αὑτῷ
373 2505 596 2575 συνεχῶς
622 2503 779 2574 ἡμῶν
794 2504 837 2534 ³ο
860 2501 1169 2556 ἐπακούειν.
1193 2505 1283 2554 Δεῖ
1304 2501 1412 2572 γὰρ
1434 2502 1769 2574 συνεδρεύον-

204 2616 298 2661 τας
320 2599 457 2667 ὑμᾶς
480 2597 603 2661 τοὺς
635 2597 841 2668 σφόδρα
869 2595 1247 2665 ἠπατημένους
1276 2596 1490 2659 εἰδέναι,
1515 2598 1633 2660 πῶς
1658 2597 1762 2669 χρὴ

198 2691 404 2762 ἐπᾴδειν
423 2690 813 2760 αὑτῷ.Ἀλλως
831 2688 887 2741 δὲ
904 2686 1183 2741 ἀδύνατον.
1204 2688 1450 2757 Ἐπᾴδειν
1469 2689 1526 2741 δὲ
1543 2690 1584 2719 ³⁸
1599 2689 1762 2759 λέγω,

194 2784 264 2853 τῷ
305 2784 551 2854 λογισμῷ
586 2783 997 2836 ἀντιτάσσεσθαι
1026 2785 1145 2845 ταῖς
1192 2784 1389 2846 κακαῖς
1417 2782 1595 2836 αὑτῶν
1626 2801 1762 2854 συμ-

195 2876 417 2939 ϐουλίαις
446 2876 612 2947 243
645 2874 1019 2946 μεμνημένους
1040 2913 1054 2938 ,
1097 2874 1176 2926 ὅτι
1200 2874 1483 2961 ὑποσχέσει
1512 2873 1763 2943 γνώσεως

192 2968 272 3021 ἀπ’
310 2970 492 3039 ἀρχῆς
518 2967 599 3037 τῷ
622 2968 811 3037 κόσμῳ
843 2965 1069 3019 θάνατον
1094 2965 1448 3036 ἐξειργάσατο
1460 2966 1524 3019 ³².

249 3061 379 3113 XIX.
424 3060 594 3113 Ὅθεν
624 3062 653 3113 ὁ
682 3060 783 3129 τῆς
831 3059 1085 3129 ἀληθείας
1130 3060 1414 3129 προφήτης
1468 3059 1601 3113 πολὺ
1664 3059 1756 3113 τὸν

1876 1936 1978 1991 nisi
2003 1937 2155 2006 prius
2186 1952 2312 1991 cum
2344 1938 2592 1993 veritatis
2622 1939 2806 1993 studio
2832 1942 3090 1997 audiatis.

1940 2133 2125 2189 XVIII.
2168 2116 2509 2205 Quapropter
2538 2151 2704 2202 nunc,
2731 2137 2857 2192 licet
2880 2154 3127 2209 serpens,
3160 2156 3322 2211 quem
3354 2145 3442 2199 in-

1871 2234 1960 2281 tus
2001 2227 2212 2281 habetis
2250 2228 2507 2283 latentem
2532 2269 2546 2295 ,
2578 2229 2725 2283 mille
2763 2230 2918 2285 vobis
2950 2234 3138 2287 tendat
3190 2236 3442 2305 insidias,

1870 2331 2067 2386 pravas
2118 2317 2459 2385 subjicienda
2514 2320 2868 2389 cogitationes
2912 2332 2965 2375 et
3018 2323 3439 2393 impedimenta,

1870 2417 2107 2463 attamen
2144 2423 2209 2464 eo
2240 2410 2416 2479 magis
2460 2410 2727 2466 obsistere
2762 2412 2810 2466 ei
2861 2412 3101 2479 debetis,
3134 2429 3187 2471 et
3216 2419 3441 2474 assiduo

1868 2515 1968 2554 nos
1998 2500 2208 2555 audire.
2242 2499 2469 2570 Oportet
2494 2502 2659 2567 enim,
2695 2511 2753 2557 ut
2782 2518 2916 2571 vos,
2950 2507 3042 2575 qui
3073 2507 3258 2563 fuistis
3284 2512 3441 2567 valde

1864 2592 2073 2662 decepti
2103 2634 2119 2658 ,
2154 2593 2536 2648 convenientes
2569 2598 2947 2664 cognoscatis,
2993 2614 3103 2667 quo
3147 2602 3309 2655 modo
3348 2603 3439 2657 ille

1865 2683 2229 2739 incantandus
2261 2690 2351 2739 sit.
2379 2685 2551 2739 Aliter
2582 2702 2711 2740 vero
2744 2687 2858 2741 ﬁeri
2888 2690 3098 2757 nequit.
3150 2691 3436 2748 Incantare

1865 2786 2046 2832 autem
2109 2777 2268 2844 dico,
2320 2784 2502 2832 mente
2544 2794 2849 2849 repugnare
2894 2782 3077 2850 pravis
3124 2784 3431 2839 daemonum

1862 2869 2106 2925 consiliis
2178 2884 2480 2936 memores,
2549 2886 2673 2925 cum
2754 2874 3122 2941 promissione
3189 2876 3433 2931 scientiae

1861 2963 2067 3018 mundo
2097 2963 2166 3017 ab
2198 2963 2353 3019 initio
2382 2974 2610 3018 mortem
2642 2980 2984 3034 procreasse.

1930 3048 2071 3104 XIX.
2115 3048 2271 3105 Unde
2312 3052 2560 3106 veritatis
2607 3053 2895 3122 propheta,
2940 3054 3121 3112 sciens
3155 3057 3425 3114 mundum

189 3152 370 3222 κόσμον
402 3150 829 3219 πεπλανημένον
862 3148 1021 3212 εἰδὼς
1054 3149 1147 3201 καὶ
1186 3151 1252 3219 τῇ
1307 3149 1475 3220 κακία
1510 3149 1758 3221 συνθέμε-

1867 3156 2072 3196 errasse
2098 3141 2414 3210 plurimum,
2454 3151 2509 3197 et
2537 3143 2757 3199 malitiae
2796 3150 3144 3204 consensisse
3176 3151 3427 3221 intuitus,

186 3261 261 3296 νον
290 3243 410 3297 ἰδὼν
448 3244 555 3295 οὑκ
590 3243 842 3312 ἠγάπησε
881 3241 979 3312 τὴν
1028 3239 1165 3311 πρὸς
1198 3240 1358 3293 αὑτὸν
1393 3243 1637 3312 εἰρήνην,
1673 3242 1749 3305 ὡς

184 3337 237 3389 ὲκ
266 3336 483 3407 πλάνης
516 3334 775 3387 συνοῦσαν
800 3332 866 3368 ³³⁸
904 3334 984 3386 ὅτι
1017 3335 1093 3396 εἰς
1135 3331 1286 3395 τέλος
1335 3333 1578 3404 ἐπιφέρει
1614 3335 1746 3386 πᾶσι

181 3430 276 3491 τοῖς
306 3428 451 3499 πρὸς
489 3426 689 3479 κακίαν
723 3425 1215 3495 ὁμογνωμονοῦσιν,
1264 3423 1526 3495 παραθεὶς
1552 3424 1595 3455 ⁸⁵
1627 3424 1746 3478 ἀντὶ

181 3520 383 3589 πλάνης,
427 3520 552 3580 τοῖς
584 3516 811 3587 νήψασιν
846 3514 1031 3584 ὥσπερ
1063 3515 1172 3585 πῦρ
1198 3513 1447 3585 ἐμϐαλὼν
1472 3514 1569 3585 τὴν
1603 3515 1745 3568 κατὰ

178 3610 253 3662 τοῦ
284 3608 710 3683 ὲνεδρεὺσαντος
746 3607 913 3678 ὀργὴν
968 3607 1210 3679 μαχαίρᾳ.
1313 3608 1567 3670 ἐοικυῖαν,
1619 3624 1743 3678 προ-

174 3703 332 3765 τείνας
363 3703 425 3755 δὲ
459 3701 507 3732 ³⁸
540 3699 697 3767 λόγον
752 3700 960 3769 ἀναιρεῖ
1000 3698 1097 3768 τὴν
1148 3698 1369 3766 ἄγνοιαν
1406 3700 1472 3769 τῇ
1522 3696 1737 3765 γνώσει,

175 3792 339 3864 ὥσπερ
358 3794 590 3862 τέμνων
623 3790 716 3843 καί
738 3789 984 3860 χωρίζων
1006 3788 1210 3854 ζῶντας
1240 3788 1348 3842 ἀπὸ
1370 3788 1476 3841 τῶν
1510 3789 1736 3858 νεκρῶν.

175 3884 268 3953 Τῆς
293 3887 389 3953 μὲν
421 3879 530 3936 οὑν
576 3882 769 3944 κακίας
810 3880 913 3933 ὑπὸ
960 3882 1059 3951 τῆς
1109 3880 1339 3952 νομίμου
1390 3878 1639 3949 γνώσεως
1671 3899 1740 3934 νι-

174 3976 402 4045 κωμένης
440 3974 685 4044 πόλεμος
716 3976 923 4043 συνεῖχε
944 3973 1005 4025 τὸ
1036 3974 1163 4026 πᾶν.
1201 3973 1479 4044 Σωτηρίας
1512 3971 1619 4043 γὰρ
1649 3972 1738 4043 χά-

178 4084 244 4135 ριν
275 4069 386 4131 υίὸς
420 4065 664 4129 ὑπείξας
694 4065 946 4128 ἀπειθοῦς
993 4064 1283 4136 ἐχωρίζετο
1321 4064 1543 4135 πατρὸς,
1578 4064 1609 4135 ῆ
1644 4066 1737 4117 καὶ

174 4159 330 4229 πατὴρ
384 4159 617 4215 τέκνου,
654 4157 686 4225 ἡ
718 4155 947 4208 τεκοῦσα
980 4155 1266 4226 θυγατρὸς,
1300 4155 1333 4225 ὴ
1368 4154 1610 4225 θυγάτηρ
1642 4172 1736 4226 μη-

169 4250 292 4319 τρὸς,
336 4251 436 4304 καὶ
491 4248 641 4315 ἅπαξ
666 4248 784 4301 oi“
818 4251 1095 4317 συγγενεῖς
1140 4246 1414 4317 συγγενῶν
1460 4248 1553 4300 καὶ
1594 4246 1732 4317 φίλοι

170 4344 411 4415 συνήθων.

222 4434 333 4489 XX.
375 4434 502 4489 Kal.
538 4434 613 4506 μή
646 4450 729 4497 τις
760 4432 989 4502 λεγέτω·
1027 4431 1150 4495 Πῶς
1179 4430 1337 4484 τοῦτο
1367 4431 1597 4497 δίκαιον,
1634 4450 1732 4503 χω-

1857 3246 1965 3286 non
1995 3233 2254 3301 expetivit
2299 3247 2487 3301 pacem
2533 3249 2656 3287 cum
2690 3235 2804 3298 illo,
2840 3245 2900 3289 ut
2928 3252 2991 3291 ex
3026 3254 3214 3295 errore
3246 3243 3427 3297 consi-

1856 3334 2088 3379 stentem
2126 3342 2141 3391 ;
2187 3324 2282 3379 sed
2311 3340 2484 3394 usque
2528 3327 2594 3380 ad
2637 3329 2801 3381 linem
2854 3338 3085 3386 cunctos
3122 3331 3177 3385 in
3219 3334 3425 3389 malitia

1855 3417 2257 3472 consentientes
2310 3427 2607 3488 oppugnat,
2631 3429 2683 3473 et
2712 3422 2994 3477 veritatem
3030 3425 3081 3477 in
3120 3425 3299 3479 locum
3334 3442 3423 3479 cr—

1852 3506 1994 3560 roris
2019 3506 2296 3575 proponit,
2336 3521 2400 3560 ac
2439 3509 2887 3578 resipiscentibus
2928 3514 3073 3568 velut
3105 3515 3286 3587 ignem
3320 3518 3424 3571 im-

1850 3597 2016 3650 mittit
2065 3597 2201 3650 iram
2264 3597 2526 3653 adversus
2590 3601 2990 3669 insidiatorem,
3058 3622 3180 3676 quae
3241 3609 3422 3678 gladio

1849 3690 2048 3744 similis
2125 3699 2208 3745 est
2265 3703 2336 3758 α,
2381 3692 2700 3763 objectoque
2751 3711 3004 3751 sermone
3055 3698 3417 3769 ignorantiam

1846 3784 2153 3854 cognitione
2209 3784 2491 3853 interimit,
2548 3787 2706 3855 quasi
2756 3790 3009 3845 scindens
3043 3807 3106 3845 ac
3151 3808 3417 3861 separatis

1844 3876 1998 3930 vivos
2030 3892 2059 3930 a
2101 3877 2350 3931 mortuis.
2384 3878 2569 3947 Itaque
2589 3878 2718 3932 dum
2752 3880 2956 3933 malitia
2984 3896 3079 3949 per
3115 3882 3415 3952 legitimam

1842 3966 2205 4035 cognitionem
2236 3968 2573 4035 vincebatur,
2605 3968 2803 4023 bellum
2828 3981 3023 4025 cuncta
3052 3974 3243 4026 tenuit.
3277 3973 3413 4029 Nam

1841 4068 2060 4127 propter
2118 4060 2349 4113 salutem
2404 4060 2550 4116 ﬁlius
2609 4062 2835 4117 credens
2871 4078 2899 4115 a
2932 4074 3082 4133 patre
3133 4066 3413 4120 incredulo

1842 4150 2205 4219 scparavitse,
2235 4152 2317 4205 vel
2346 4161 2497 4221 pater
2527 4167 2557 4205 a
2580 4152 2710 4218 filio,
2740 4154 2971 4223 genitrix
3008 4171 3037 4209 a
3071 4156 3205 4222 ﬁlia,
3239 4158 3346 4211 ﬁlia
3378 4176 3409 4212 a

1839 4253 2032 4308 matre,
2084 4254 2247 4314 atque
2293 4244 2519 4298 omnino
2576 4245 2867 4315 propinqui
2900 4261 2930 4299 a
2981 4248 3304 4318 propinquis
3355 4258 3410 4304 et

1839 4333 2000 4387 amici
2033 4350 2061 4388 a
2090 4333 2472 4389 familiaribus.

1908 4425 2026 4482 XX.
2065 4425 2252 4497 Neque
2308 4427 2455 4480 dicat
2506 4426 2705 4497 aliquis
2740 4447 2752 4481 :
2783 4426 3069 4493 Quomodo
3114 4430 3167 4484 id
3193 4430 3403 4500 justum

169 4525 389 4595 ρίζεσθαι
433 4527 623 4594 γονεῖς
662 4524 865 4576 τέκνων
914 4522 1006 4575 καὶ
1045 4522 1209 4574 τέκνα
1242 4522 1441 4591 γονέων
1469 4538 1483 4585 ;
1515 4521 1730 4575 Δίκαιον
1760 4538 1761 4565 ῖ

1867 4518 2014 4584 uerit,
2049 4518 2291 4587 separari
2334 4526 2586 4588 parentes
2613 4534 2643 4571 a
2669 4519 2876 4584 liberis,
2914 4521 3113 4576 liberos
3143 4538 3173 4576 a
3207 4538 3405 4592 paren-

166 4616 245 4667 καὶ
274 4618 435 4670 πάνυ.
474 4615 544 4668 Εἰ
581 4613 690 4685 γὰρ
737 4612 1000 4675 συνόντες,
1040 4611 1176 4683 μετὰ
1217 4610 1309 4665 τοῦ
1343 4612 1505 4682 μηδὲν
1534 4613 1747 4677 αὑτοὺς,

163 4706 392 4775 ὠφελεῖν,
429 4706 534 4761 καὶ
584 4702 989 4758 συναπώλλυντο
1040 4704 1240 4766 αὐτοῖς,
1267 4702 1383 4766 πῶς
1409 4702 1469 4755 οὑ
1502 4703 1727 4768 δίκαιον,

162 4798 244 4849 καὶ
266 4796 307 4829 ’⁷
337 4796 681 4869 χωρισθῆναι
709 4796 800 4849 τὸν
834 4794 1096 4859 σώζεσθαι
1130 4795 1349 4847 θέλοντα
1377 4795 1485 4847 ἀπὸ
1526 4794 1620 4847 τοῦ
1654 4794 1727 4865 μὴ

162 4886 419 4952 θέλοντος,
458 4887 850 4942 συναπολέσθαι
892 4886 1009 4940 δὲ³⁸
1044 4885 1401 4955 βουλομένου;
1442 4886 1577 4956 πρὸς
1608 4885 1730 4938 τοὺ-

158 4993 259 5041 τοις
288 4978 411 5031 οὐδὲ
456 4978 612 5031 αὑτοὶ
644 4978 693 5030 οἱ
739 4979 800 5031 τὸ
841 4979 1081 5049 κρεῖττον
1116 4976 1427 5047 νενοηκότες
1458 4975 1727 5048 χωρισθῆ-

231 5108 258 5136 ι
282 5093 482 5150 Matth.
522 5110 581 5161 ι,
611 5094 709 5150 54.

1835 4610 2002 4665 tibus.
2052 4609 2269 4664 Iustum
2304 4619 2407 4677 est,
2441 4617 2494 4664 et
2527 4610 2703 4665 valde.
2754 4610 2889 4665 Nam
2935 4615 2981 4667 si
3028 4631 3135 4669 una
3181 4618 3400 4686 morati,

1834 4712 2189 4772 praeterquam
2238 4704 2383 4773 quod
2416 4702 2552 4757 nihil
2578 4704 2658 4757 eis
2693 4703 3003 4773 proderant,
3057 4706 3220 4761 etiam
3273 4724 3398 4763 cum

1834 4798 1943 4852 illis
1968 4799 2239 4867 peribant,
2271 4814 2382 4868 quo
2425 4808 2585 4869 pacto
2626 4816 2841 4870 aequum
2878 4818 2988 4857 non
3030 4812 3114 4859 est
3154 4808 3397 4875 separari

1831 4903 1980 4951 eum,
2015 4889 2106 4957 qui
2135 4890 2334 4944 salvari
2364 4893 2505 4955 vult,
2539 4893 2609 4947 ab
2633 4908 2698 4948 eo
2727 4894 2820 4962 qui
2842 4909 2950 4949 non
2987 4896 3120 4963 vult,
3150 4898 3244 4952 sed
3288 4915 3396 4955 una

1831 4982 2011 5051 perire
2040 4981 2208 5051 cupit.
2250 4982 2332 5036 Ad
2366 4982 2500 5051 haec,
2534 4999 2645 5040 non
2678 4985 2778 5053 illi,
2822 4986 2917 5056 qui
2973 4990 3118 5058 quod
3172 4999 3394 5060 praestat

1425 5225 1658 5283 VARIE
1698 5223 2097 5281 LECTIONES.

219 5367 567 5439 ξ’γνωρίζετε
600 5366 662 5423 C.
686 5366 733 5398 ²⁶
758 5364 886 5439 ὑμῖν
914 5364 993 5439 Cl.
1021 5366 1259 5439 Fallitur
1277 5364 1333 5420 S.
1360 5366 1425 5439 d_e
1452 5366 1687 5439 lectione

1886 5364 2379 5449 ’τονενοήκαμενΑρ
2409 5435 2420 5449 1
2459 5366 2505 5398 ’⁸
2530 5364 2607 5420 Ila
2746 5376 2797 5421 et
2825 5369 3165 5449 επηοοιηξρεῑ,ἒ
3190 5367 3231 5425 C
3260 5406 3297 5449 ζ.
3324 5367 3379 5449 ξιξ

155 5438 251 5506 cnj.
282 5435 448 5509 textu
481 5435 837 5509 _é_v60;tozxébv.
881 5438 953 5509 ᾲ¹⁰
968 5438 1043 5492 Ita
1081 5438 1118 5491 S
1147 5478 1161 5501 ,
1190 5437 1329 5489 θέλει
1360 5436 1421 5509 C.
1452 5437 1684 5509 Ambigo
1737 5436 1804 5509 de
1834 5436 2105 5509 scriptura
2126 5435 2251 5509 libri
2280 5435 2463 5509 Ottob.
2488 5450 2596 5489 non
2631 5437 2808 5509 plena.
2858 5438 2930 5509 ί⁸⁰
2950 5435 3102 5509 ὑμῶν
3129 5440 3187 5491 0.
3258 5438 3299 5467 ⁸⁸
3320 5436 3377 5491 δέ

152 5522 253 5579 om.
278 5508 457 5579 O._“
481 5506 614 5562 Vbb.
642 5507 1034 5578 μεμνημένους,
1062 5510 1143 5561 ὃτι
1168 5508 1454 5579 ὑποσχέσει
1486 5507 1736 5579 γνώσεως
1753 5506 2053 5579 ἀπ’νάρχῇς
2082 5506 2159 5575 τῷ
2193 5507 2379 5579 κόσμῳ
2407 5506 2631 5579 θᾴνᾳτον
2656 5506 3006 5578 ἐξειργάσατο
3040 5509 3263 5577 largitus
3297 5517 3382 5562 cst

152 5577 203 5646 Ο.
271 5578 316 5609 ³³
337 5576 469 5630 Νοη
496 5575 740 5631 continuo
759 5575 937 5644 pacem
980 5579 1173 5631 mundo
1210 5578 1263 5629 in
1290 5575 1554 5631 erroribus
1580 5578 1748 5645 posito
1771 5575 1933 5629 dedit.
1967 5576 2190 5645 Recogn.
2221 5575 2376 5642 vult.
2419 5575 2573 5631 Unde
2612 5575 3032 5646 conjectaverim
3067 5575 3190 5632 esse
3236 5579 3375 5632 scri-

152 5645 377 5718 bendum
423 5647 733 5718 συνεστῶτα
762 5646 819 5701 S.
887 5648 931 5677 “
948 5647 1075 5703 Post
1108 5647 1369 5718 πειραθείς
1397 5648 1545 5702 deest
1583 5648 1787 5715 aliquid
1817 5686 1831 5710 ,
1864 5647 2051 5715 supple
2082 5646 2351 5718 ἀλήθειαν
2372 5648 2453 5718 vel
2479 5645 2725 5700 similem
2754 5648 2989 5718 aliquam
3018 5663 3227 5702 vocem.
3258 5647 3375 5706 Cfr.

151 5712 450 5796 ﬁecongt,
482 5718 510 5771 4
540 5739 553 5773 ;
579 5712 1983 5796 δεάέρηοναηιὶιε.,ε]ιιε’ᾗτιιὶιιζελξεὶφιιὶαήιλυενίξᾳίὶιέ
2023 5712 2304 5796 ‘oppqsuitz
2332 5716 2538 5796 Deinde
2575 5731 2673 5783 ego
2701 5724 2822 5796 post
2844 5712 3073 5796 1:).qu
3103 5728 3377 5775 eummato

151 5785 389 5856 distinii,
422 5803 556 5857 non,
580 5798 637 5845 ut
676 5785 763 5859 C‘,
802 5797 922 5860 post
952 5785 1177 5859 νήψασιν
1213 5788 1269 5844 S.
1339 5788 1460 5842 ⁸⁸δέ
1484 5789 1605 5844 add.
1635 5803 1682 5844 c.
1724 5789 1783 5840 Ο.
1857 5788 1967 5840 “ai
2000 5793 2057 5841 0.
2098 5785 2104 5787 ⁷
2144 5788 2186 5820 ³⁷
2215 5786 2304 5841 καί
2337 5785 2567 5843 accessit
2606 5800 2673 5841 ex
2705 5787 2765 5839 0.
2848 5785 2893 5818 ³⁸
2908 5788 2999 5841 καί
3025 5785 3099 5845 0.
