4004 6332
583 320 684 377 391

1410 317 1468 373 S.
1508 316 1896 373 CLEMENTIS
1935 319 1953 374 I
1995 317 2161 374 BOM.
2201 318 2401 374 PONT.
2439 319 2669 375 OPERA
2706 318 2938 377 DUBIA.
3709 323 3801 379 292

588 434 918 506 intelligunt,
965 435 1165 491 vellent
1222 436 1487 506 separari,
1534 435 1646 489 imo
1702 435 1869 490 simul
1913 451 2157 503 manere,

2268 454 2347 491 ναι
2374 436 2537 509 2M
2568 438 2776 510 ἧθελον,
2826 438 2963 493 ἀλλά
2996 437 3230 492 συνεῖναι
3268 436 3360 490 καὶ
3389 435 3603 505 ὠφελεῖν
3631 439 3803 503 αὐτοὺς

595 529 843 598 aliosque
868 528 1154 583 meliorum
1184 528 1527 598 expositione
1556 527 1769 596 juvare.
1806 527 1960 583 Unde
1985 530 2160 584 incre-

589 621 725 686 duli,
778 622 904 676 dum
954 622 1209 676 nolebant
1258 621 1467 686 audire,
1516 621 1618 690 ipsi
1664 631 1853 676 contra
1884 637 1983 677 eos
2056 637 2159 691 pu-

593 716 833 780 gnabant
860 731 955 785 per
990 717 1412 784 scparationem,
1463 714 1917 783 persecutionem,
1950 716 2158 771 odium.

592 808 695 874 Qui
728 824 854 861 vero
881 808 985 861 ista
1010 807 1375 870 sustinebam,
1426 806 1671 860 miserati
1720 822 1835 871 eos,
1886 809 1978 878 qui
2030 810 2198 879 ipsis.

591 916 686 971 per
710 900 1076 970 ignorantiam
1124 899 1545 961 insidiabantur,
1576 898 1827 953 doctrina
1859 900 2163 968 prodeuntia:

591 993 827 1046 orabant
854 1007 951 1061 pro
975 993 1325 1047 vexatoribus
1359 994 1498 1059 suis,
1544 994 1780 1049 scientes
1818 1008 2041 1048 causam
2067 992 2163 1047 de-

591 1084 706 1137 licti
758 1100 878 1139 esse
932 1085 1317 1155 ignorantiam.
1377 1085 1495 1155 Ipse
1540 1087 1686 1141 enim
1712 1086 1968 1157 Magister
1994 1085 2161 1139 clavis

590 1176 840 1231 confixus
884 1178 1076 1232 orabat
1100 1177 1340 1241 Patrem,
1367 1189 1429 1233 ut
1458 1180 1577 1248 ejus
1607 1179 2052 1235 interfectoribus
2075 1179 2161 1233 di-

590 1271 827 1324 mitteret
855 1279 1160 1341 peccatum.
1185 1272 1372 1327 dicens
1409 1292 1420 1327 :
1457 1271 1641 1339 Pater,
1674 1273 1878 1326 dimitte
1907 1272 2017 1325 illis
2044 1287 2163 1340 pec-

587 1372 715 1417 cata
735 1381 853 1416 sua.
890 1362 1010 1416 Non
1044 1366 1182 1418 enim
1221 1366 1394 1418 sciunt
1429 1382 1547 1436 qua:
1572 1365 1773 1435 faciunt
1801 1378 1850 1418 ι.
1882 1363 2161 1418 Imitantes

588 1471 721 1527 ergo
750 1455 1069 1527 Magistrum
1098 1465 1151 1510 et
1177 1456 1279 1526 ipsi
1309 1458 1365 1511 in
1397 1458 1464 1512 iis
1507 1474 1629 1528 (ιιιίι³
1660 1458 2003 1528 patiebantur
2036 1472 2164 1511 ora-

589 1550 721 1603 bant
748 1562 847 1618 pro
888 1548 1262 1615 amictoribus,
1314 1550 1771 1621 quemadmodum
1825 1549 2000 1605 edocti
2040 1547 2161 1603 fue-

590 1648 735 1693 rant.
765 1635 856 1692 Sic
884 1654 991 1692 non
1015 1639 1142 1693 odio
1164 1650 1448 1709 parentum
1481 1642 1896 1709 separabantur,
1922 1640 2164 1711 quando-

588 1731 807 1801 quidem
836 1742 890 1787 et
910 1747 1010 1802 pro
1042 1732 1129 1795 iis,
1155 1732 1249 1802 qui
1274 1748 1373 1787 nec
1404 1744 1564 1787 erant
1594 1742 1866 1802 parentes,
1901 1748 2003 1786 nec
2033 1746 2163 1801 pro-

590 1824 801 1893 pinqui,
839 1824 933 1877 sed
967 1824 1194 1888 inimici,
1248 1838 1438 1893 preces
1492 1824 1782 1877 continuas
1840 1822 2159 1891 fundebant,
2193 1809 2236 1863 Β

589 1929 812 1984 eosque,
847 1922 1010 1983 prout
1039 1913 1181 1984 jussi
1211 1923 1388 1981 erant,
1417 1912 1732 1969 nitebantur
1760 1913 2004 1984 diligere.

664 2115 803 2169 XXI.
844 2114 974 2169 Mihi
1004 2123 1183 2170 autem
1240 2113 1403 2170 dicite
1432 2129 1549 2180 vos,
1582 2131 1692 2186 quo
1716 2115 1878 2171 modo
1909 2125 2164 2186 parentes

590 2207 855 2278 diligatis?
886 2206 1150 2276 Equidem
1174 2210 1216 2263 si
1249 2208 1397 2263 velut
1417 2208 1686 2277 justitiam
1711 2224 1926 2278 semper
1956 2208 2161 2277 intuiti,

591 2300 727 2353 bene
756 2306 841 2353 est
880 2316 893 2353 :
932 2299 1015 2354 sin
1051 2315 1181 2353 vero
1211 2308 1432 2364 temere,
1465 2315 1571 2353 non
1608 2300 1841 2370 amplius
1870 2301 2028 2356 bene.
2063 2300 2165 2355 Po-

589 2392 749 2445 testis
773 2392 917 2445 enim
968 2408 1189 2462 parvam
1238 2392 1307 2447 ob
1338 2408 1559 2447 causam
1590 2408 1778 2448 eorum
1808 2394 1991 2451 hostes
2024 2396 2160 2449 ﬁeri.

590 2480 749 2547 Quod
774 2484 819 2537 si
860 2484 1011 2552 gnari
1038 2484 1284 2554 diligitis,
1323 2485 1508 2550 dicite,
1556 2486 1687 2555 quid
1733 2488 1844 2541 sint
1889 2495 2161 2557 parentes.

592 2570 1011 2643 Respondebitis
1038 2592 1051 2627 :
1079 2575 1309 2645 originis
1337 2582 1607 2629 auctores.
1648 2576 1761 2630 Cur
1790 2592 1921 2647 ergo
1943 2587 2166 2633 cuncta-

590 2679 712 2717 rum
746 2680 926 2719 rerum
978 2667 1243 2736 originem
1296 2667 1465 2723 Deum
1520 2684 1628 2721 non
1678 2670 1898 2733 amatis,
1933 2671 1979 2725 si
2008 2671 2161 2740 justo

587 2756 797 2825 judicio
827 2758 929 2811 hoc
960 2758 1281 2827 suscepistis
1322 2758 1500 2814 facere
1531 2758 1553 2809 ?
1582 2758 1685 2812 Sed
1718 2768 1773 2813 et
1797 2759 1909 2829 jam
1941 2760 2157 2827 dicetis,

592 2853 744 2906 illum
776 2868 884 2906 non
925 2854 1201 2908 novimus.
1255 2852 1439 2919 Quare
1493 2855 1659 2924 igitur
1706 2870 1815 2908 non
1863 2854 2165 2924 percontati

592 2946 774 3001 colitis
824 2961 987 3001 sensu
1040 2946 1356 3001 destituta?
1397 2946 1537 3012 Quid
1590 2947 1767 3001 vero?
1799 2948 1902 3001 etsi
1952 2945 2167 3000 difﬁcile

592 3048 710 3093 erat
748 3038 902 3093 vobis
955 3054 1287 3108 cognoscere
1327 3039 1457 3109 quid
1488 3039 1559 3093 sit
1596 3038 1770 3101 Deus,
1810 3046 1866 3092 at
1896 3038 2024 3108 quid
2058 3053 2167 3092 non

594 3134 666 3188 sit
694 3131 859 3196 Deus,
888 3147 992 3185 non
1020 3132 1273 3200 potuistis
1294 3147 1399 3185 non
1426 3130 1587 3197 scire,
1614 3141 1672 3185 ut
1701 3132 2047 3201 reputaretis,
2078 3149 2166 3188 ne-

602 3240 709 3295 que
753 3226 979 3293 lignum,
1006 3239 1182 3293 neque
1204 3225 1458 3295 lapidem,
1487 3241 1661 3295 neque
1681 3241 1776 3290 res,
1817 3240 1993 3295 neque
2020 3227 2167 3283 aliud

595 3317 725 3387 quid
751 3332 814 3369 ex
836 3316 1173 3385 corruptibili
1192 3327 1451 3372 constans
1464 3319 1689 3373 materia
1715 3318 1881 3373 Deum
1899 3334 2039 3375 esse.

2260 538 2325 605 τῇ
2355 534 2463 588 τῶν
2491 538 2813 606 κρειττόνων
2852 538 3146 609 ύφηγήσει,
3194 537 3315 590 ὅθεν
3349 537 3397 588 οἱ
3430 534 3657 597 ἀπειθεῖς
3686 536 3803 589 ἐπα-

2262 625 2440 679 κούειν
2474 626 2649 680 αὐτῶν
2684 628 2757 699 μὴ
2793 627 3041 692 θέλοντες
3083 627 3236 681 αὐτοὶ
3287 629 3479 690 αὐτοὺς
3519 626 3803 696 ἐπολέμουν,

2262 719 2604 789 χωρίζοντες,
2638 718 2944 784 διώκοντες,
3008 719 3311 790 μισοῦντες.
3350 721 3411 772 Οἱ
3454 718 3508 771 δὲ
3538 717 3696 771 ταῦτα
3726 719 3809 772 πά-

2266 826 2500 879 σχοντες,
2560 809 2835 876 ἐλεοῦντες
2878 813 3074 874 αὐτοὺς
3107 811 3150 841 ³⁹
3184 809 3289 863 ὑπὸ
3322 808 3537 878 ἀγνοίας
3569 810 3809 880 ἐνεδρεύο-

2266 901 2477 970 μένους,
2532 901 2852 975 διδασκαλίᾳ
2914 904 3229 975 φρονήσεως
3280 900 3505 973 ηὔχοντο
3553 901 3679 971 ὑπὲρ
3716 900 3808 954 τῶν

2262 992 2333 1045 τὰ
2352 992 2395 1024 ⁸ο
2426 994 2570 1047 κακὰ
2625 996 2823 1059 αὐτοὺς
2873 994 3287 1066 διατιθεμένων,
3337 994 3436 1065 τὴν
3488 992 3693 1061 ἄγνοιαν
3728 992 3809 1047 τοῦ

2264 1086 2659 1157 ἁμαρτήματος
2689 1087 2869 1140 αἰτίαν
2918 1086 3057 1140 εἶναι
3094 1085 3492 1156 μεμαθηκότες.
3532 1084 3690 1147 Αὐτὸς
3719 1084 3809 1157 γὰρ

2262 1179 2291 1231 6
2326 1177 2655 1241 Διδάσκαλος
2708 1177 3080 1249 προσηλωθεὶς
3127 1176 3326 1248 ηὔχετο
3372 1175 3449 1246 τῷ
3482 1176 3674 1246 Πατρὶ,
3719 1179 3812 1239 τοῖς

2263 1268 2423 1323 αὑτὸν
2470 1269 2779 1341 ἀναιροῦσιν
2828 1270 3093 1339 ἀφεθῆναι
3144 1269 3205 1321 τὸ
3266 1267 3586 1339 ἁμάρτημα,
3646 1265 3810 1321 εἰπών’

2262 1360 2475 1429 Πάτερ,
2506 1360 2655 1431 ἄφες
2685 1362 2888 1429 αὐτοῖς
2935 1363 3041 1428 τὰς
3072 1362 3362 1431 ἁμαρτίας
3395 1359 3606 1425 αὐτῶν,
3639 1362 3702 1414 οὐ
3722 1364 3813 1429 γὰρ

2263 1455 2503 1508 οἴδασιν
2535 1454 2574 1507 ἆ
2612 1455 2910 1509 ποιοῦσιν.
2965 1455 3217 1526 Μιμηταὶ
3274 1450 3367 1507 οὖν
3430 1454 3692 1524 γινόμενοι
3734 1452 3812 1505 τοῦ

2262 1546 2591 1601 Διδασκάλου
2626 1547 2719 1600 καὶ
2745 1547 2916 1611 αὐτοὶ,
2953 1547 3009 1599 ὲν
3041 1541 3122 1609 οἷς
3154 1545 3411 1615 ἔπασχον,
3444 1544 3580 1615 ὑπὲρ
3606 1544 3703 1596 τῶν
3727 1544 3815 1598 δια-

2262 1642 2556 1713 τιθεμένων
2593 1640 2843 1712 ηὔχοντο,
2885 1641 2961 1704 ὼς
2999 1640 3379 1711 ἐδιδάχθησαν.
3429 1638 3609 1702 υῦτως
3658 1638 3712 1691 οὗ
3739 1656 3815 1707 γο-

2262 1737 2373 1797 νεῖς
2410 1733 2692 1805 μισοῦντες
2725 1732 3068 1804 ἐχωρίξοντο,
3101 1732 3266 1785 ὁπότε
3321 1732 3416 1784 καὶ
3462 1731 3595 1801 ὑπὲρ
3634 1730 3730 1783 τῶν
3753 1732 3812 1802 μὴ

2264 1825 2464 1894 γονέων
2521 1825 2656 1896 μηδὲ
2719 1823 3032 1893 συγγενῶν,
3097 1822 3309 1894 ἐχθρῶν
3381 1823 3438 1875 δὲ
3509 1822 3813 1893 γενομένων,

2262 1918 2480 1971 ἐποίουν
2542 1920 2783 1987 συνεχεῖς
2830 1916 2995 1987 εὐχάς
3027 1915 3071 1947 δι
3111 1916 3207 1969 καὶ
3238 1916 3459 1987 ἀγαπᾷν
3488 1913 3759 1986 πειρῶνται
3778 1913 3814 1944 ⁸⁸

2264 2012 2340 2075 ὠς
2370 2010 2785 2080 ἐκελεύσθησαν.

2336 2122 2475 2177 XXI.
2518 2122 2720 2176 Εἴπατε
2750 2122 2808 2175 δέ
2858 2139 2947 2193 μοι
2998 2122 3175 2194 ὑμεῖς,
3213 2122 3334 2186 πῶς
3366 2123 3493 2185 τοὺς
3516 2123 3684 2190 γονεῖς
3710 2122 3816 2188 ἀγα-

2266 2217 2447 2281 πᾶτε;
2489 2218 2538 2268 εί
2575 2216 2672 2287 μὲν
2720 2216 2795 2280 ὡς
2824 2215 2885 2267 τὸ
2916 2215 3121 2269 δίκαιον
3166 2215 3254 2267 ἀεὶ
3296 2212 3634 2275 σκοποῦντες,
3666 2210 3817 2264 συνεύ-

2266 2322 2447 2377 χομαι,
2485 2308 2531 2358 εί
2574 2306 2631 2358 δὲ
2681 2306 2757 2369 ὡς
2805 2304 3013 2375 ἔτυχεν,
3063 2305 3271 2369 οὐκέτι,
3329 2303 3554 2357 δύνασθε
3598 2302 3697 2371 γὰρ
3739 2302 3815 2354 καὶ

2270 2399 2441 2470 μικρᾷ
2486 2396 2755 2469 προφάσει
2804 2396 3010 2450 τούτων
3070 2396 3324 2465 γενέσθαι
3358 2394 3561 2465 ἐχθροί.
3595 2395 3653 2446 Εἰ
3686 2393 3734 2445 δὲ
3761 2394 3816 2445 εί-

2265 2491 2413 2553 δότες
2438 2491 2707 2559 ἀγαπᾶτε,
2726 2488 2913 2542 εἴπατε
2946 2490 3122 2560 ὑμεῖς,
3144 2490 3197 2541 τί
3232 2491 3340 2541 είσι
3370 2488 3417 2519 “
3449 2488 3637 2555 γονεῖς.
3683 2484 3818 2555 Ἐρεῖ-

2266 2599 2325 2635 τε
2339 2599 2353 2612 ·
2378 2582 2568 2644 Γένους
2587 2581 2907 2653 ἀρχηγέται.
2926 2581 3024 2633 Διὰ
3041 2580 3093 2633 τί
3108 2576 3200 2633 οῦν
3215 2580 3282 2633 τὸ
3304 2579 3412 2633 τῶν
3430 2578 3563 2633 ὅλων
3585 2578 3726 2647 γένος
3737 2576 3819 2628 οὐκ

2274 2676 2614 2745 ὴγαπήσατε,
2632 2674 2751 2725 εἶπε
2761 2689 2790 2744 ρ
2806 2674 2997 2744 δικαίῳ
3013 2675 3329 2745 φρονήματι
3342 2671 3502 2725 τοῦτο
3516 2673 3679 2724 ποιεῖν
3690 2669 3822 2721 ἐπαν-

2269 2765 2509 2829 είλεσθε;
2540 2765 2677 2817 Ἀλλ’
2695 2764 2776 2817 ἔτι
2801 2766 2893 2818 καὶ
2926 2765 3020 2819 νῦν
3049 2766 3225 2836 ἐρεῖτε
3244 2780 3257 2794 ·
3292 2766 3404 2833 Ούχ
3422 2764 3725 2834 ἑωράκαμεν
3746 2760 3823 2811 αὑ-

2268 2858 2376 2911 τόν.
2401 2856 2500 2910 Διὰ
2522 2858 2574 2909 τί
2599 2853 2689 2910 οὖν
2714 2857 2787 2928 μὴ
2804 2856 3134 2927 ζητήσαντες
3158 2856 3225 2909 τὰ
3245 2856 3553 2926 ἀναίσθητα
3572 2852 3822 2907 κολακεύε-

2268 2967 2367 3013 τε;
2400 2949 2464 3001 Τί
2513 2948 2608 3014 δέ;
2650 2951 2698 3002 εί
2748 2951 2841 3003 καὶ
2874 2950 3130 3003 δύσκολον
3149 2946 3216 3020 ἦν
3246 2948 3381 3019 ὑμῖν
3407 2946 3565 3018 245
3585 2943 3820 3013 γνῶναιπί

2270 3041 2492 3105 Θεὸς,τδ
2511 3041 2844 3112 μέντοιτίού
2866 3042 2998 3104 Θεὸς
3023 3042 3099 3113 μὴ
3125 3041 3328 3093 εἰδέναι
3350 3043 3451 3094 οὐκ
3481 3036 3823 3100 ὲδύνασθε,ἶνα

2270 3132 2557 3202 λογίσησθε
2588 3133 2670 3185 ὅτι
2699 3131 2831 3195 Θεός
2859 3132 3004 3184 ἐστιν
3037 3133 3097 3184 οὐ
3135 3130 3315 3196 ξύλον,
3345 3132 3407 3184 οὐ
3440 3131 3600 3195 λίθος,
3631 3130 3686 3182 οὐ
3714 3125 3824 3197 χαλη

2275 3225 2391 3289 κὸς,
2425 3225 2524 3278 οὐκ
2551 3224 2677 3279 ἄλλο
2720 3242 2772 3277 τι
2804 3225 2870 3277 ἐκ
2919 3224 3161 3295 φθαρτῆς
3186 3224 3415 3291 γεγονὸς
3443 3223 3593 3293 ὕλης.

665 3429 834 3484 XXII.
878 3429 1068 3485 Nonne
1098 3432 1243 3485 enim
1278 3430 1425 3487 ferro
1453 3433 1639 3489 caalata
1687 3443 1812 3489 sunt
1851 3435 2167 3500 simulacra,

2342 3424 2509 3480 XXII.
2546 3421 2625 3478 Ἦ
2656 3424 2764 3497 γάρ
2797 3426 2895 3496 οὐχ
2938 3425 3042 3479 ὑπὸ
3089 3426 3310 3497 σιδήρου
3359 3424 3709 3498 ἐτορεύθησαν
3747 3421 3825 3474 καὶ

594 3534 648 3579 et
683 3525 887 3580 ferrum
918 3525 1063 3594 quod
1092 3526 1320 3596 sculpsit
1347 3527 1470 3598 igne
1502 3527 1802 3582 emollitum
1830 3536 2004 3593 est,et
2024 3527 2166 3597 ignis

597 3633 737 3688 aqua
770 3617 1175 3688 exstinguitur?
1203 3619 1285 3671 An
1314 3634 1421 3671 non
1455 3634 1584 3673 vero
1611 3635 1751 3688 aqua
1786 3634 1879 3688 per
1911 3620 2165 3689 spiritum

598 3714 871 3771 movetur,
908 3716 1070 3776 atque
1120 3708 1344 3776 spiritus
1391 3723 1420 3761 a
1459 3706 1567 3761 Deo
1617 3719 1938 3764 cunctorum
1975 3712 2169 3781 opilice

598 3797 813 3852 initium
839 3800 1123 3853 exstantia:
1147 3800 1350 3853 habet?
1375 3798 1461 3855 Sic
1487 3801 1631 3855 enim
1660 3802 2016 3874 dixitMoyses
2046 3819 2170 3873 pro—

598 3890 758 3959 pheta
794 3908 807 3944 :
848 3890 909 3943 In
936 3893 1198 3961 principio
1230 3893 1422 3946 crearit
1460 3892 1599 3947 Deus
1635 3893 1819 3948 cwlum
1846 3908 1893 3950 et
1924 3908 2119 3950 terram
2148 3914 2167 3950 :

601 3994 744 4037 terra
776 3994 948 4037 autent
987 3995 1098 4037 erat
1145 3984 1424 4038 invisibilis
1455 3994 1504 4038 et
1552 3987 1900 4058 incomposita
1939 4000 1987 4042 et
2026 3999 2169 4042 tene-

599 4075 707 4130 brw
741 4086 888 4129 erant
932 4093 1086 4144 super
1115 4077 1380 4145 abyssum,
1426 4088 1474 4131 et
1503 4080 1719 4147 spiritus
1770 4079 1864 4133 Dei
1905 4082 2171 4150 ferebatur

600 4185 756 4237 super
817 4185 1001 4237 aquas.
1066 4166 1171 4234 Qui
1231 4170 1494 4237 spiritus,
1563 4170 1774 4225 dicente
1824 4171 1967 4236 Deo,
2025 4174 2173 4228 velut

602 4275 801 4313 manus
829 4260 1001 4329 ipsius
1029 4269 1225 4314 cuncta
1273 4259 1422 4319 fecit,
1454 4259 1629 4314 lucem
1660 4263 1931 4331 separavit
1961 4278 1990 4316 a
2017 4272 2171 4318 tene-

602 4349 734 4412 bris,
764 4358 817 4403 et
861 4358 983 4416 post
1028 4350 1223 4403 malum
1278 4348 1546 4404 invisibile
1576 4350 1765 4404 visible
1800 4353 2076 4421 expandit,
2116 4361 2174 4407 ut

603 4441 883 4509 superiora
913 4442 981 4495 ab
1027 4442 1233 4511 angelis
1291 4441 1428 4495 lucis
1472 4442 1868 4511 habitarentur,
1915 4445 2173 4501 inferiora

602 4548 730 4585 vero
786 4534 854 4585 ab
896 4534 1113 4587 homine
1148 4551 1253 4588 una
1285 4550 1409 4589 cum
1439 4534 1694 4590 omnibus
1734 4547 1955 4606 propter
1994 4540 2172 4609 ipsum

604 4624 759 4679 factis
788 4624 1318 4680 administrarentur.

675 4870 857 4925 XXIII.
901 4869 1034 4924 Nam
1087 4881 1302 4942 propter
1351 4881 1403 4927 te
1449 4874 1727 4929 hominem
1777 4873 1920 4932 Deus
1970 4891 2166 4948 aquam

603 4983 725 5038 quae
757 4984 919 5036 supra
951 4968 1143 5021 faciem
1169 4977 1327 5023 terrae
1356 4970 1656 5039 eratjussit
1681 4971 1951 5037 secedere,
1985 4981 2044 5026 ut
2073 4972 2167 5027 tibi

605 5072 747 5116 terra
800 5060 1008 5115 fruetus
1055 5072 1237 5130 posset
1286 5064 1588 5133 producere
1619 5082 1631 5116 :
1663 5072 1716 5117 et
1761 5065 1885 5119 fecit
1932 5076 2167 5134 meatus,

604 5171 715 5226 quo
752 5153 930 5208 fontes
960 5153 1056 5206 tibi
1106 5154 1389 5223 praeberet,
1421 5170 1485 5210 ac
1526 5166 1850 5225 apparerent
1880 5157 2169 5216 ﬂuminum

676 5302 706 5335 θ
738 5287 872 5344 Luc.
907 5303 1065 5353 xxiii,
1103 5289 1191 5343 54.

2270 3524 2298 3575 6
2328 3520 2590 3591 τορεύσας
2618 3518 2664 3550 ⁸⁸
2715 3518 2933 3591 σίδηρος
2982 3518 3087 3571 ὑπὸ
3121 3518 3292 3590 πυρὸς
3343 3518 3641 3590 ἐμαλάχθη,
3671 3518 3755 3569 καὶ
3776 3513 3825 3565 τὸ

2272 3611 2382 3683 πῦρ
2416 3611 2547 3664 αὐτὸ
2579 3611 2623 3641 ⁸⁸
2662 3610 2945 3663 σϐέννυται
2979 3610 3084 3663 ὑπὸ
3130 3610 3359 3674 ῦδατοςς
3394 3612 3457 3664 τὸ
3494 3611 3549 3664 δὲ
3583 3610 3716 3681 ὕδωρ
3746 3606 3825 3673 οὺχ

2276 3703 2380 3756 ὑπὸ
2398 3702 2708 3773 πνεύματος
2737 3703 2836 3773 τὴν
2868 3703 3079 3775 κίνησιν
3112 3703 3244 3774 ἔχει,
3280 3705 3376 3757 καὶ
3408 3704 3469 3756 τὸ
3500 3702 3705 3773 πνεῦμα
3739 3696 3827 3753 ἀπὸ

2270 3795 2363 3849 τοῦ
2396 3795 2466 3848 τὰ
2497 3796 2593 3849 ὂλα
2644 3796 3003 3865 πεποιηκότος
3049 3795 3183 3849 Θεοῦ
3233 3796 3335 3868 τὴν
3368 3798 3540 3869 ἀρχὴν
3565 3796 3660 3865 τῆς
3688 3790 3803 3845 ἑκτά

2274 3906 2411 3953 σεως
2426 3888 2470 3921 ’⁵⁸
2492 3889 2638 3959 ἔχει;
2665 3887 2850 3951 Οῦτως
2878 3888 2987 3960 γὰρ
3012 3890 3039 3941 ὁ
3067 3891 3356 3962 προφήτης
3382 3892 3569 3961 εἴρηκε
3584 3882 3824 3952 Μωῦσῆς⁶

2284 3980 2388 4034 Ἐν
2414 3981 2572 4049 ἀρχῇ
2602 3980 2890 4047 ἐποίησεν
2922 3983 2954 4034 ὁ
2990 3982 3133 4048 Θεὸς
3168 3984 3273 4036 ter
3304 3982 3568 4050 οὐρανὸν
3611 3978 3697 4033 καὶ
3734 3975 3828 4041 τὴν

2271 4072 2411 4143 γῆν,
2448 4075 2484 4141 ἡ
2519 4072 2585 4126 δὲ
2614 4071 2690 4143 γῆ
2742 4072 2822 4140 ἦν
2862 4073 3113 4141 ἀόρατος
3157 4072 3254 4125 καὶ
3292 4073 3825 4130 ἀκατασκεύαστος·

2273 4166 2370 4219 καὶ
2392 4167 2609 4232 σκότος
2638 4165 2838 4219 ἐπάνω
2856 4165 2965 4234 τῆς
2985 4168 3260 4220 ἀϐύσσου
3279 4182 3292 4194 ⁸
3320 4166 3419 4218 καὶ
3447 4165 3673 4233 πνεῦμα
3703 4156 3827 4213 Θεοῦ

2274 4257 2593 4327 ἐπεφέρετο
2634 4257 2834 4311 ἐπάνω
2865 4258 2969 4311 τοῦ
3003 4257 3238 4323 ὕδατος.
3277 4258 3457 4329 Ὅπερ
3489 4258 3582 4311 καὶ
3612 4254 3829 4321 λέγοντος

2275 4348 2370 4401 τοῦ
2396 4346 2627 4411 Θεοῦ,τὺ
2660 4347 3101 4419 πνεῦμα,ὧσπερ
3123 4348 3242 4419 χεὶρ
3274 4347 3441 4401 αὑτοῦ
3475 4347 3543 4400 τά
3562 4351 3726 4399 πάντα
3754 4342 3831 4409 δη·

2280 4443 2548 4511 μιουργεῖ,
2586 4440 2701 4509 φῶς
2733 4440 2839 4493 ἀπὸ
2874 4439 3096 4500 σκότους
3130 4439 3361 4510 χωρίζον
3383 4441 3449 4504 ⁸⁷,
3483 4440 3575 4493 καὶ
3608 4436 3735 4508 μετὰ
3755 4432 3831 4486 τὸν

2277 4533 2507 4605 ἀόρατον
2538 4533 2762 4605 οὐρανὸν
2796 4533 2887 4585 τὸν
2934 4532 3256 4602 φαινόμενον
3309 4532 3636 4601 ὲςραπλῶσαν
3671 4530 3730 4591 ⁸⁸,
3762 4528 3832 4578 ἵνα

2275 4624 2347 4678 τά
2378 4624 2489 4679 ἄνω
2516 4628 2630 4687 τοῖς
2652 4622 2744 4677 τοῦ
2782 4624 2957 4693 φωτὸς
2983 4622 3236 4692 ἀγγέλοις
3271 4624 3489 4695 οίκηθῇ,
3522 4622 3588 4676 τὰ
3618 4621 3672 4676 δὲ
3704 4619 3831 4672 κάτω

2278 4711 2384 4766 ὑπὸ
2420 4711 2707 4785 ἀνθρώπου
2740 4712 2853 4783 ἆμα
2901 4715 3014 4776 τοῖς
3063 4712 3129 4765 δι’
3162 4713 3322 4766 αὑτὸν
3372 4713 3679 4784 γενομένοις
3718 4711 3829 4762 πᾶσι

2203 4782 2247 4836 Ῐ)
2274 4782 2539 4876 διοικηθῇ.

2344 4896 2530 4953 XXIII.
2572 4896 2670 4951 Διὰ
2691 4896 2798 4970 γὰρ
2820 4897 2881 4950 σὲ
2904 4897 2993 4951 τὸν
3016 4896 3299 4969 ἄνθρωπον
3322 4900 3349 4951 6
3371 4897 3505 4961 Θεὸς
3526 4897 3761 4951 ἐκέλευσε
3780 4890 3830 4943 τὸ

2274 4991 2366 5043 ἐπὶ
2389 4990 2679 5063 προσώπου
2699 4990 2800 5061 τῆς
2819 4991 2924 5061 γῆς
2945 4990 3300 5062 ὑποχωρῆσαι
3322 4990 3486 5063 ὕδωρ,
3503 4991 3587 5046 ῖνα
3613 4988 3830 5061 καρποὺς

2274 5080 2307 5149 ἡ
2341 5080 2415 5150 γῆ
2451 5098 2532 5133 σοι
2565 5080 2929 5152 προσενέγκαι
2982 5079 3206 5151 δυνηθῇ,
3241 5080 3335 5132 καὶ
3368 5080 3629 5151 τρηδόνας
3668 5076 3829 5142 ἐποίη-

2276 5189 2388 5239 σεν,
2425 5174 2510 5227 ῖνα
2543 5191 2625 5227 σοι
2659 5174 2919 5247 παράσχῃ
2950 5172 3213 5246 “inuri;
3246 5172 3341 5225 καὶ
3372 5172 3630 5244 ποταμῶν
3663 5168 3828 5243 ῥεῖθρα

1905 5413 2138 5471 VARUE
2178 5418 2468 5475 LECTION
2478 5421 2581 5477 ES.

679 5544 725 5583 ³⁸
760 5544 1035 5629 ἐξιεῶντξςν
1078 5543 1367 5629 ἐειυτούςᾮ
1410 5545 2001 5629 ’.ἐλεοῇντεεὲαῆτοῦς
2031 5552 2088 5607 8.
2170 5555 2215 5587 ⁵ο
2239 5556 2307 5610 τά
2338 5556 2659 5625 transcripsi
2687 5572 2751 5611 ex
2779 5557 2840 5610 Ο.
2907 5552 3313 5629 ⁸¹γονέωνΑμὲν
3357 5552 3534 5629 ὄντων
3570 5546 3760 5629 ὲχθρῴν

605 5616 909 5696 γενομένων
958 5616 1232 5696 ἐποιοῦνΞο
1262 5616 1553 5693 τὰςιεύχάς
1582 5620 1645 5696 Q;
1715 5621 2079 5696 πείρωνται
2102 5627 2163 5679 Ο.
2238 5626 2283 5658 ⁸³
2312 5628 2461 5696 ἡμῖν,
2488 5626 2540 5677 τί
2573 5616 2715 5679 ἐστιν
2748 5626 2809 5685 C.
2886 5630 2933 5663 ⁸³
2953 5616 3365 5696 ἐτορνεύθησαν,
3391 5624 3486 5696 κα).
3513 5625 3540 5675 6
3568 5616 3827 5696 τορνεύσξς

608 5684 800 5767 g..ct‘i-
824 5685 1105 5767 ‘TUI‘I‘II'III.
1162 5685 1266 5767 fro
1291 5685 1656 5767 epistontif.
1715 5690 1809 5767 lib.
1854 5684 1907 5759 v',
1942 5710 2064 5766 cap.
2099 5697 2197 5752 ult.

605 5751 653 5783 ⁵⁸
673 5754 999 5817 ὲεαπλὼσας
1025 5756 1088 5810 υ.
1165 5763 1209 5795 δ’
1242 5751 1511 5830 παράσχοι
1530 5760 1594 5811 0.

2313 5681 2362 5729 ιν
2381 5681 2513 5750 αὑτό
2536 5712 2646 5753 οιιι.
2676 5681 2777 5753 0(
2844 5697 2889 5731 ια
2925 5681 3239 5757 εκσὲάσεωέ
3264 5681 3364 5749 u.’
3429 5693 3473 5725 ιτ
3497 5681 3735 5763 χωρίζων
3767 5681 3821 5737 ο·
