4004 6332
231 378 329 434 295

1302 378 1762 436 CLEMENTINA.
1789 413 1857 423 -—-
1890 381 2175 437 HOMILIA
2214 383 2308 437 XI.

3376 389 3483 445 994

227 496 357 564 φανῇ
394 495 490 547 καὶ
525 493 643 559 ζῶα
676 493 947 567 ὲκϐρασθῇ
982 476 1319 559 ⁵⁸,λσυνελὼν
1353 497 1482 568 ὲρῶ,
1519 498 1605 551 ἵνα
1629 498 1802 551 πάντα

1912 501 2083 564 undae,
2113 508 2167 554 et
2201 499 2456 553 animalia
2488 500 2720 567 exirent,
2763 516 2874 555 uno
2908 501 3077 558 verbo
3119 511 3177 556 ut
3209 506 3392 558 omnia
3423 521 3483 561 se

227 605 303 642 σοι
344 588 693 659 παραστῆναι
737 587 957 658 δυνηθῇ.
998 589 1068 640 Ἦ
1110 588 1218 660 γὰρ
1258 590 1319 642 οὐ
1370 590 1457 643 διὰ
1507 591 1565 644 σὲ
1617 590 1806 662 ἄνεμοι

226 679 353 750 πρὸς
386 679 620 749 καρπῶν
655 680 909 751 ἐπιγονὴν
952 679 1175 733 πνέουσι
1210 682 1253 713 ⁵⁸
1300 683 1395 735 καὶ
1443 683 1586 737 ὑετοὶ
1618 684 1810 755 φέρον-

223 790 304 824 ται
323 771 490 843 246
512 772 607 824 καὶ
632 773 831 843 τροπαὶ
863 771 1128 839 γίνονται;
1162 773 1364 826 Αὐτίκα
1386 773 1514 842 γοῦν
1546 774 1693 844 ήλιος
1716 773 1809 827 καὶ

225 865 414 934 σελήνη
453 864 573 933 ἅμα
605 866 715 926 τοῖς
747 863 924 926 ἄλλοις
961 865 1182 935 ἄστροις
1214 865 1260 894 ⁵⁸
1291 863 1379 917 διὰ
1430 865 1489 916 σὲ
1530 864 1629 928 τὰς
1675 867 1806 919 ἀνα-

222 956 377 1018 τολὰς
426 957 521 1008 καὶ
568 955 1125 1021 δύσεις·ὲκτελοῦσιν,
1179 958 1273 1009 καὶ
1319 956 1555 1027 ποταμοὶ
1596 957 1691 1010 καὶ
1724 958 1807 1010 λί-

226 1064 346 1117 μναι
379 1046 499 1115 ἅμα
533 1050 653 1109 ταῖς
687 1046 886 1109 πάσαις
914 1049 1115 1117 πηγαῖς
1148 1047 1195 1077 ⁸⁸
1230 1045 1610 1118 ὑπηρετοῦσιν.
1644 1045 1808 1102 Ὅθεν

225 1160 299 1193 σοι
331 1140 411 1211 τῷ
446 1140 759 1212 ἀναισθήτῳ
792 1141 978 1212 ὥσπερ
1006 1144 1038 1212 ή
1078 1142 1278 1211 μείζων
1324 1142 1478 1213 ἐδόθη
1513 1143 1644 1213 τιμὴ
1670 1182 1683 1205 ,
1714 1142 1807 1196 οῦ-

221 1250 321 1295 τως
379 1234 816 1304 ἀχαριστήσαντι
868 1235 900 1304 ή
969 1232 1173 1303 μείζων
1231 1232 1319 1285 διὰ
1370 1234 1541 1304 πυρὸς
1586 1234 1809 1297 κόλασις

223 1324 694 1395 προητοίμασται,
747 1326 827 1378 ὅτι
861 1324 1062 1393 γνῶναι
1112 1327 1211 1378 οὐκ
1262 1324 1532 1398 ἠθέλησας
1585 1326 1643 1379 ὃν
1700 1329 1805 1400 πρὸ

227 1414 438 1467 πάντων
476 1414 583 1467 ἔδει
615 1414 838 1483 γνῶναι.

287 1505 484 1561 XXIV.
523 1509 633 1559 Καὶ
665 1505 712 1537 ⁸⁸
757 1506 850 1560 νῦν
888 1507 943 1561 δὲ
997 1508 1060 1561 ὲκ
1102 1507 1211 1561 τῶν
1259 1509 1495 1580 ἡττόνων
1540 1510 1803 1579 ὲπίγνωθι

223 1600 313 1669 τὴν
340 1600 453 1651 τῶν
496 1600 633 1651 ὅλων
666 1601 864 1665 αἰτίαν,
897 1601 1253 1672 λογισάμενος
1295 1603 1377 1655 ὅτι
1417 1602 1487 1656 τὰ
1530 1602 1713 1657 πάντα
1744 1605 1805 1657 τὸ

228 1691 360 1761 ὕδωρ
395 1693 562 1755 ποιεῖ,
593 1692 653 1743 τὸ
681 1691 738 1745 δὲ
770 1690 911 1763 ὕδωρ
945 1692 1047 1746 ὑπὸ
1078 1693 1386 1764 πνεύματος
1418 1696 1683 1765 κινήσεως
1708 1693 1807 1765 τὴν

226 1782 427 1850 γένεσιν
461 1782 752 1851 λαμϐάνει,
787 1784 846 1835 τὸ
876 1784 932 1836 δὲ
975 1782 1204 1855 πνεῦμα
1237 1784 1347 1837 ἀπὸ
1390 1783 1486 1837 τοῦ
1520 1784 1629 1836 τῶν
1671 1784 1806 1837 ὅλων

1913 591 2004 644 tibi
2039 600 2261 659 possent
2288 590 2503 645 offerre.
2555 591 2664 645 Aut
2712 608 2819 645 non
2868 606 3087 663 propter
3115 604 3166 648 te
3199 596 3340 649 venti
3371 597 3485 666 spi-

1910 692 2053 747 rant,
2089 684 2153 737 ad
2200 682 2475 737 fructuutn
2521 684 2959 753 productionem,
3004 694 3053 739 et
3104 686 3306 741 imbres
3337 687 3485 742 defe-

1908 783 2125 839 runtur,
2156 783 2209 827 et
2254 775 2381 827 anni
2420 783 2767 844 tempestates
2803 776 2971 831 fiunt?
2998 777 3115 833 Jam
3148 794 3275 833 vero
3322 780 3403 834 sol
3432 788 3487 834 et

1907 865 2035 918 luna
2067 881 2190 919 eum
2241 865 2362 920 aliis
2398 866 2571 920 stellis
2612 877 2836 935 propter
2878 877 2929 921 te
2957 870 3214 923 oriuntur
3249 880 3304 924 et
3334 872 3484 925 occi.

1907 958 2064 1023 dunt,
2096 958 2245 1012 ﬂuvii
2295 966 2348 1012 et
2388 968 2577 1028 stagna
2630 974 2753 1013 cum
2807 960 3064 1014 omnibus
3111 959 3353 1015 fontibus
3389 962 3485 1016 tibi

1910 1049 2278 1104 subserviunt.
2314 1049 2468 1104 Unde
2512 1052 2607 1104 tibi
2660 1067 2824 1106 sensu
2878 1055 3083 1105 carenti
3123 1055 3482 1122 quemadmo-

1910 1139 2039 1193 dum
2075 1138 2250 1208 major
2282 1141 2558 1208 prazstitus
2593 1150 2677 1195 est
2708 1141 2905 1207 honor,
2936 1143 3010 1197 ita
3052 1144 3265 1213 ingrato
3310 1144 3486 1212 major

1906 1240 2209 1300 praeparata
2258 1241 2341 1286 est
2402 1232 2546 1301 ignis
2601 1249 2784 1303 pugna,
2830 1236 2975 1304 quod
3030 1237 3172 1291 scire
3221 1237 3483 1306 nolueris,

1906 1339 2067 1393 quem
2100 1333 2224 1377 ante
2251 1323 2435 1379 omnia
2461 1326 2704 1394 oportuit
2729 1341 3078 1396 cognoscere.

1975 1501 2167 1557 XXlV.
2202 1502 2305 1559 Sed
2335 1505 2415 1559 vel
2436 1521 2580 1561 nunc
2596 1521 2660 1559 ex
2684 1505 2983 1561 minoribus
3005 1522 3239 1577 agnosce
3261 1516 3486 1562 cuncto-

1906 1610 2027 1647 rum
2053 1610 2297 1661 causam,
2324 1598 2702 1662 considerans,
2729 1598 2874 1667 quod
2901 1598 3085 1651 omnia
3124 1614 3263 1667 aqua
3283 1599 3486 1668 produ-

1910 1686 2005 1752 cit,
2032 1702 2171 1756 aqua
2197 1703 2322 1741 vero
2342 1704 2371 1741 a
2406 1689 2599 1757 spiritu
2636 1690 2834 1758 accipit
2860 1698 3040 1744 motus
3065 1689 3351 1759 originem,
3369 1689 3484 1758 spi-

1911 1779 2049 1833 ritus
2063 1790 2241 1834 autcm
2257 1780 2324 1835 ab
2343 1782 2719 1836 universorum
2741 1781 2850 1835 Deo
2868 1782 3082 1836 initium
3105 1783 3287 1836 habet.
3308 1781 3484 1851 Atque

226 1873 348 1925 Θεοῦ
381 1873 487 1945 τὴν
534 1874 708 1945 ἀρχὴν
754 1874 883 1945 ἔχει.
935 1875 1045 1927 Kal.
1091 1875 1263 1943 οῦτως
1309 1876 1413 1929 ἔδει
1462 1875 1800 1943 λογίσασθαι,

1912 1880 1978 1925 ita
1996 1881 2207 1939 oportet
2227 1883 2478 1941 reputare
2493 1889 2603 1943 quo
2619 1890 2714 1942 per
2730 1873 2995 1928 rationem
3021 1875 3085 1927 ad
3105 1874 3272 1927 Deum
3304 1874 3484 1943 possis

228 1965 303 2018 ἶνα
341 1967 437 2018 ἐπὶ
485 1966 630 2037 λόγῳ
673 1967 753 2030 είς
797 1966 927 2018 Θεὸν
974 1967 1310 2037 καταντῆσαι
1358 1968 1610 2039 δυνηθῇς,
1659 1968 1807 2030 ὅπως

229 2056 477 2126 ἐπιγνούς
512 2074 607 2109 σου
636 2057 697 2109 τὸ
729 2057 884 2125 γένος
906 2058 974 2121 ⁸⁸,
1010 2059 1104 2111 καὶ
1137 2058 1463 2129 πρωτογόνῳ
1506 2060 1805 2129 ἀναγεννη-

230 2148 331 2212 θεὶς
370 2149 529 2202 ὕδατι
578 2149 672 2200 καί
717 2150 764 2180 ⁸⁸
814 2149 1145 2221 κληρονόμος
1193 2153 1465 2222 καταστῇς
1516 2149 1623 2205 τῶν
1669 2152 1808 2224 πρὸς

230 2240 529 2312 ἀφθαρσίαν
562 2241 935 2309 γεννησάντων
972 2256 1029 2292 σε
1059 2240 1279 2308 γονέων.

298 2331 466 2385 XXV.
504 2332 599 2384 Διὸ
631 2331 864 2400 ἑτοίμως
904 2330 1167 2402 πρόσελθε
1213 2331 1289 2395 ὼς
1334 2331 1448 2395 υίὸς
1493 2332 1682 2403 πατρὶ,
1719 2332 1803 2386 ἵνα

238 2421 339 2473 τῶν
373 2422 778 2493 ἁμαρτημάτων
809 2439 899 2474 σου
928 2423 955 2473 ὁ
986 2421 1118 2484 Θεὸς
1147 2421 1246 2494 τὴν
1270 2422 1489 2490 ἄγνοιαν
1512 2423 1801 2495 αἰτίανγθῇ.

244 2514 304 2564 Εἰ
334 2512 389 2565 δὲ
419 2514 509 2565 καὶ
544 2512 683 2583 μετὰ
713 2512 774 2565 τὸ
806 2511 1070 2582 κληθῆναι
1122 2513 1183 2566 ού
1232 2512 1404 2576 θέλεις
1435 2513 1467 2584 ἢ
1504 2512 1802 2585 βραδύνεις,

242 2606 416 2677 δικαία
448 2604 575 2657 Θεοῦ
610 2604 784 2675 ἀπολῇ
819 2604 1020 2676 κρίσει,
1052 2604 1130 2674 τῷ
1165 2604 1238 2675 μὴ
1286 2604 1509 2675 θελῆσαι
1543 2608 1616 2679 μὴ
1651 2606 1807 2675 θελη-

239 2696 380 2760 θείς·
415 2698 507 2749 καὶ
553 2698 627 2767 μή
670 2714 752 2749 τοι
784 2696 1030 2769 νομίσῃς,
1083 2696 1165 2749 ὅτι
1206 2694 1301 2750 ἐὰν
1336 2695 1383 2728 ⁸⁷
1429 2697 1644 2750 πάντων
1698 2696 1806 2749 τῶν

232 2807 350 2843 ποτε
374 2790 686 2860 γενομένων
709 2788 947 2842 εὐσεϐῶν
980 2787 1362 2860 εὐσεϐέστερος
1388 2789 1540 2859 γένῃ,
1575 2788 1807 2843 ἀϐάπτι-

230 2898 343 2945 στος
371 2882 431 2934 δὲ
482 2879 571 2954 ᾗς,
603 2882 815 2945 ἐλπίδος
845 2884 1028 2951 τυχεῖν
1060 2881 1263 2955 δυνήσῃ
1295 2880 1442 2935 ποτέ.
1480 2877 1663 2952 Ταύτῃ
1698 2882 1805 2953 γὰρ

228 2975 420 3044 μᾶλλον
459 2973 680 3026 πλείονα
713 2973 929 3042 ὑφέξεις
960 2973 1201 3037 κόλασιν,
1241 2974 1322 3025 ὅτι
1353 2970 1494 3025 καλὰ
1536 2972 1670 3044 ἔργα
1706 2972 1806 3026 οὐκ

224 3065 486 3135 ἐποίησας
521 3064 719 3129 καλῶς.
754 3064 906 3135 Καλὴ
940 3065 1049 3135 γὰρ
1095 3064 1530 3129 εύποιία,ὁπόταν
1561 3065 1636 3128 ὡς
1676 3063 1807 3127 Θεὸς

220 3156 479 3208 ἐκέλευσε
510 3155 750 3226 γίνηται.
788 3157 860 3207 Σὺ
892 3156 949 3208 δὲ
984 3157 1031 3208 εί
1064 3156 1125 3207 ού
1158 3155 1349 3220 θέλεις,
1374 3154 1534 3227 247
1564 3156 1639 3219 ὡς
1670 3156 1806 3208 ὲκεί-

220 3266 289 3317 νῳ
318 3246 527 3312 ἔδοξεν,
567 3246 947 3317 βαπτισθῆναι,
970 3247 1049 3317 τῷ
1093 3246 1170 3318 σῷ
1203 3245 1465 3319 θελήματι
1515 3246 1803 3317 ὑπηρετῶν

221 3340 529 3413 ἐχθραίνεις
561 3341 628 3409 τῇ
655 3337 865 3393 ἐκείνου
902 3338 1085 3410 βουλῇ.

282 3519 482 3575 XXVI.
544 3517 682 3573 Ἀλλ’
717 3520 847 3582 ἴσως
880 3519 995 3589 ἐρεῖ
1024 3534 1139 3581 τις·
1176 3517 1241 3571 Τί
1272 3518 1634 3589 συμϐάλλεται
1672 3519 1805 3590 πρὸς

218 3612 503 3665 εὐσέϐειαν
557 3611 618 3663 τὸ
665 3608 1024 3680 βαπτισθῆναι
1068 3607 1254 3674 ῦδατι;
1309 3609 1530 3681 Πρῶτον
1574 3611 1691 3681 μὲν,
1725 3612 1805 3665 ὅτι

216 3702 270 3756 τὸ
298 3705 471 3772 δόξαν
504 3702 625 3773 Θεῷ
656 3702 913 3773 πράττεις
936 3718 948 3732 ·
973 3701 1222 3774 δεύτερον
1250 3701 1327 3765 δὲ,
1363 3700 1422 3766 ἐξ
1454 3700 1643 3765 ὓδατος
1670 3702 1803 3755 ἀνα-

218 3796 505 3867 γεννηθεὶς
561 3793 699 3864 Θεῷ,
736 3794 886 3864 αἰτίᾳ.
941 3792 1106 3863 φόϐου
1152 3793 1216 3855 ⁸⁵³,
1268 3792 1367 3863 τὴν
1412 3792 1469 3858 ἐξ
1511 3791 1807 3862 ἐπιθυμίας

218 3887 440 3957 πρώτην
486 3903 570 3938 σοι
600 3885 897 3956 γενομένην
945 3884 1336 3948 καταλλάσσεις
1368 3886 1413 3917 ⁸⁸
1448 3886 1678 3954 γένεσιν,
1713 3889 1807 3941 καὶ

216 3977 379 4043 οὕτως
434 3978 721 4049 σωτηρίας
768 3979 949 4047 τυχεῖν
996 3976 1157 4050 δύνῃ·
1202 3977 1377 4042 ἄλλως
1425 3978 1481 4031 δὲ
1526 3979 1801 4033 ἀδύνατον.

219 4074 392 4137 Οὕτως
472 4073 583 4142 γὰρ
631 4074 764 4142 ἡμῖν
827 4069 1038 4141 ὤμοσεν
1099 4073 1127 4125 ὁ
1161 4073 1456 4143 ’προφήτης
1511 4073 1678 4127 εἰπών
1720 4074 1802 4106 ⁵ου

228 4167 409 4235 Ἀμὴν
474 4163 619 4234 ὑμῖν
647 4164 821 4233 λέγω,
874 4164 981 4217 ἐὰν
1036 4164 1115 4232 μὴ
1143 4165 1584 4235 ἁνατεννηθῆτε
1635 4168 1805 4222 ὕδατι

216 4256 392 4322 ζῶντι,
430 4259 535 4322 εὶς
568 4256 759 4324 ὄνομα
782 4255 1030 4323 Πατρός,
1064 4254 1220 4319 Υίοῦ,
1246 4257 1416 4325 ἁγίου
1442 4259 1803 4328 Πνεύμιιτος,

214 4350 278 4400 σὺ
303 4346 391 4417 μὴ
452 4343 774 4411 εἰσέλθητε
805 4346 892 4410 εἰς
938 4344 1054 4413 τὴν
1096 4345 1425 4409 ,ϐασιλείαν
1473 4347 1592 4401 τῶν
1630 4349 1805 4417 οὐρα-

211 4438 343 4493 γῶν,
394 4437 509 4492 Διὸ
557 4436 901 4509 προσέλθετε.
941 4439 1097 4491 Ἔστι
1142 4439 1251 4512 γάρ
1292 4457 1345 4494 τι
1390 4441 1508 4494 ἐκεῖ
1552 4443 1806 4515 ἀπαρχῆς

1908 1964 2212 2032 pervenire,
2246 1974 2304 2019 ut
2334 1980 2635 2035 agnoscens
2664 1976 2817 2019 tuum
2850 1982 3025 2037 genus
3056 1974 3108 2019 et
3129 1976 3483 2036 regeneratus

1908 2069 2047 2123 aqua
2089 2056 2435 2127 primigenita
2469 2057 2634 2111 etiam
2678 2058 2850 2113 haeres
2892 2057 3144 2113 elIiciaris
3191 2068 3481 2128 parentum

1907 2148 2001 2217 qui
2030 2156 2081 2203 te
2107 2149 2174 2204 ad
2204 2149 2669 2219 incorruptionem
2702 2160 3027 2220 genuerunt.

1975 2326 2143 2383 XXV.
2184 2326 2413 2399 PrOpter
2438 2330 2581 2399 quod
2614 2339 2886 2400 prompte,
2936 2338 3197 2399 tanquam
3231 2330 3376 2384 filius
3411 2329 3478 2385 ad

1905 2430 2134 2491 patrem,
2185 2422 2400 2487 accede,
2431 2433 2488 2476 ut
2515 2422 2655 2477 Deus
2695 2438 2920 2478 causam
2959 2432 3305 2492 peccatorum
3353 2434 3481 2477 tuo-

1906 2527 2024 2565 rum
2052 2520 2218 2580 ponat
2248 2512 2633 2583 ignorantiam.
2666 2512 2823 2579 Quod
2856 2515 2901 2568 si
2931 2523 3220 2584 postquam
3253 2526 3483 2571 vocatus

1904 2618 1996 2667 es,
2024 2620 2132 2658 non
2183 2605 2286 2672 vis,
2318 2615 2413 2659 aut
2453 2605 2751 2671 cunctaris,
2775 2606 2926 2676 justo
2956 2606 3051 2661 Dei
3093 2608 3300 2676 judicio
3341 2609 3483 2677 peri-

1904 2695 2012 2760 bis,
2043 2704 2097 2750 et
2121 2696 2248 2766 quia
2276 2704 2331 2749 tu
2358 2697 2604 2762 noluisti,
2638 2697 2783 2751 nolet
2807 2706 2858 2752 te
2888 2696 3033 2752 Deus
3088 2696 3200 2751 Nec
3226 2713 3357 2751 vero
3380 2713 3484 2766 pu-

1907 2796 2005 2851 tes,
2034 2789 2182 2857 quod
2214 2796 2267 2844 et
2304 2789 2349 2843 si
2383 2790 2656 2855 omnium,
2687 2789 2780 2858 qui
2830 2805 3071 2860 unquam
3124 2788 3346 2844 fuerunt
3380 2790 3480 2858 pii,

1905 2880 2189 2951 piissimus
2222 2881 2322 2947 sis,
2363 2897 2471 2935 non
2527 2881 2699 2936 fueris
2732 2890 2911 2936 autem
2953 2882 3278 2952 baptizatus,
3329 2897 3480 2951 spem

1903 2973 2134 3044 adipisci
2166 2973 2459 3044 aliquando
2482 2976 2707 3044 poteris.
2753 2976 2830 3029 Eo
2866 2976 3012 3030 enim
3064 2976 3303 3046 majores
3324 2976 3483 3031 dabis

1904 3080 2115 3134 poenas,
2157 3064 2303 3134 quod
2347 3064 2488 3119 bona
2524 3080 2688 3134 opera
2736 3078 2847 3118 non
2893 3064 3032 3118 bene
3067 3064 3281 3119 feceris.
3330 3062 3481 3118 Prm-

1906 3158 2051 3212 clara
2100 3157 2244 3211 enim
2298 3172 2386 3211 res
2431 3165 2535 3221 est,
2588 3156 2731 3210 bona
2786 3157 3021 3227 operari,
3057 3155 3276 3224 quando
3323 3155 3481 3225 juxta

1907 3249 2222 3304 mandatum
2255 3248 2350 3304 Dei
2384 3250 2465 3304 fit.
2500 3246 2580 3302 Tu
2613 3263 2761 3316 vero,
2797 3249 2866 3314 si,
2895 3256 2955 3302 ut
2984 3248 3060 3301 illi
3088 3247 3263 3316 placet
3295 3288 3311 3312 ,
3339 3246 3483 3300 nolis

1904 3338 2191 3407 baptizari,
2228 3347 2334 3393 tua:
2380 3338 2644 3394 voluntati
2701 3339 3012 3410 obsequens
3055 3339 3205 3393 illius
3251 3337 3482 3393 consilio

1906 3446 2199 3502 repugnas.
2594 3448 2597 3449 '

1976 3519 2166 3575 XXVI.
2211 3519 2314 3576 Sed
2368 3521 2570 3593 aliquis
2621 3521 2806 3576 forsan
2854 3520 3045 3576 dicet:
3080 3519 3221 3587 Quid
3271 3520 3484 3576 confert

1906 3614 1973 3668 ad
2005 3615 2281 3684 pietatem,
2320 3630 2463 3684 aqua
2508 3614 2808 3683 baptizari?
2847 3612 3034 3668 Primo
3082 3613 3323 3682 quidem,
3352 3614 3481 3682 quia

1907 3706 1958 3760 id
1984 3708 2129 3777 quod
2161 3706 2271 3761 Deo
2298 3707 2502 3776 placuit
2531 3706 2685 3762 facis.
2721 3706 2971 3762 Secundo
3000 3721 3129 3761 vero
3154 3722 3250 3774 per
3278 3720 3480 3774 aquam

1907 3796 2017 3851 Deo
2067 3807 2325 3862 renatus,
2374 3798 2591 3853 timoris
2637 3813 2800 3853 causa
2857 3798 3088 3867 primam
3139 3798 3480 3851 nativitatem

1906 3904 2069 3958 quam
2100 3904 2168 3943 ex
2199 3889 2641 3958 concupiscentia
2690 3889 2901 3943 traxisti
2949 3896 3250 3959 permutas,
3294 3888 3480 3957 sicque

1906 3980 2140 4037 salutem
2174 3980 2437 4050 consequi
2486 3989 2641 4050 potes
2674 3998 2690 4037 :
2720 3981 2879 4034 aliter
2923 3990 3101 4035 autem
3143 3980 3481 4049 impossibile

1906 4085 2009 4126 est.
2045 4072 2119 4125 lta
2148 4072 2290 4126 enim
2325 4072 2482 4127 nobis
2507 4072 2711 4142 juravit
2747 4073 3009 4143 propheta
3052 4072 3239 4127 dicens
3269 4089 3283 4125 :
3314 4072 3479 4124 Amen

1906 4165 2024 4218 dico
2052 4166 2215 4230 vobis,
2255 4166 2358 4218 nisi
2390 4167 2557 4220 renati
2599 4166 2809 4235 fueritis
2838 4182 2974 4235 aqua
3001 4165 3137 4228 viva,
3184 4165 3239 4217 in
3272 4164 3480 4217 nomine

1905 4255 2114 4322 Patris,
2145 4253 2301 4323 Filii,
2332 4254 2564 4325 Spiritus
2597 4257 2789 4323 sancti,
2822 4271 2925 4308 non
2954 4254 3244 4307 mtroibitis
3287 4254 3345 4306 in
3391 4269 3478 4306 rc-

1907 4364 2068 4419 gnum
2112 4347 2362 4402 cwlorum
2391 4361 2439 4401 α.
2492 4347 2759 4415 Quocirca
2815 4346 3075 4403 accedite.
3123 4345 3201 4400 lbi
3243 4360 3481 4415 namque

1907 4450 1989 4495 est
2020 4440 2225 4510 aliquid
2256 4440 2326 4495 ab
2352 4440 2510 4494 initio
2550 4439 2882 4503 misericors,
2920 4439 3065 4509 quod
3108 4436 3279 4492 fertur
3317 4452 3480 4505 super

214 4529 471 4600 ὲλεῆμον,
506 4526 909 4599 ἐπιφερόμενον
934 4527 1012 4599 τῷ
1046 4527 1218 4593 ὕδατι,
1249 4530 1343 4582 καὶ
1371 4529 1413 4561 ⁸³
1446 4532 1569 4594 τοὺς
1607 4531 1802 4602 βαπτι-

1912 4542 2198 4602 aquam,et
2223 4546 2317 4587 eos
2347 4531 2438 4602 qui
2470 4530 2522 4584 in
2543 4539 2626 4584 ter
2641 4532 2797 4585 beata
2837 4530 3180 4585 invocatione
3215 4528 3479 4598 baptizati

216 4618 481 4690 ζομένους
517 4620 614 4671 ἐπὶ
635 4620 699 4688 τῇ
725 4635 1100 4690 τρισμακαριᾳ
1129 4620 1463 4692 ὲπονομασίᾳ
1492 4622 1584 4674 καὶ
1617 4624 1660 4653 ⁸³
1682 4624 1805 4695 ῥύε-

214 4728 299 4763 ται
328 4708 434 4782 τῆς
468 4710 744 4780 ἐσομένης
772 4709 1062 4775 κολάσεως,
1096 4710 1285 4783 ὥσπερ
1316 4712 1464 4784 δῶρα
1498 4715 1803 4786 προσφέρον

212 4801 288 4873 τῷ
319 4802 446 4873 Θεῷ
466 4802 553 4865 ὡς
567 4800 633 4854 ἂν
653 4800 698 4832 ⁸⁸
716 4800 824 4853 ἀπὸ
847 4800 940 4853 τοῦ
963 4800 1335 4873 βαπτίσματος
1366 4803 1545 4858 αὐτῶν
1576 4804 1682 4859 τῶν
1704 4805 1802 4876 βα-

283 4952 310 4981 ι
346 4939 518 4994 Joan.
572 4954 670 5004 ιιι,
698 4938 752 4991 5.

1910 4637 2039 4683 sunt
2083 4624 2244 4695 eripit
2279 4625 2346 4680 de
2370 4624 2570 4680 futuris
2600 4622 2904 4693 suppliciis,
2952 4634 3007 4677 et
3045 4638 3167 4694 quae
3220 4632 3342 4693 post
3379 4624 3481 4677 ba-

1910 4718 2170 4787 ptismum
2220 4717 2359 4771 facta
2402 4727 2533 4773 sunt
2572 4732 2603 4771 a
2641 4715 2930 4785 baptizatis
2973 4715 3115 4771 bona
3157 4730 3322 4785 opera
3369 4713 3482 4770 Deo

1910 4809 2067 4865 olfert
2097 4810 2254 4880 quasi
2304 4811 2530 4865 donum.
2580 4808 2761 4875 Quare
2799 4806 3078 4880 confugite
3120 4808 3187 4862 ad
3235 4823 3435 4879 aquam
3460 4845 3478 4865 .

1531 5056 1767 5112 VARIIE
1808 5055 2212 5112 LECTIONES.

280 5149 329 5179 ⁸⁸
375 5149 460 5203 Ita
489 5144 539 5201 Ο
585 5156 641 5201 et
663 5163 728 5201 et
755 5146 989 5218 conject.
1056 5146 1118 5211 C,
1150 5148 1259 5218 cuj.
1296 5157 1475 5204 textus
1504 5150 1762 5218 ὲκϐασθῇ.

1854 5152 1897 5183 ⁸¹
1926 5151 2146 5204 πνέουσι
2198 5148 2422 5218 ascripsi
2465 5163 2514 5202 c.
2552 5145 2617 5201 0.
2703 5149 2750 5182 ⁵³
2778 5145 2994 5218 ᾇστροις
3023 5156 3132 5195 om.
3304 5139 3350 5172 ⁸³
3374 5139 3479 5192 πά-

216 5236 334 5283 σαις
365 5236 427 5291 p.
454 5218 665 5291 πάσαις
708 5206 983 5291 πηγαῖς-(ἲ.
1014 5257 1028 5281 ,
1056 5206 1150 5291 qui
1183 5206 1326 5289 conj.
1383 5206 1930 5291 θαλάσσαις.”1λροιίο
1966 5220 2312 5291 Ottoboniani
2344 5206 3260 5291 'quainlilietconjecturamnreddit
3282 5225 3477 5278 super—

212 5287 402 5347 ﬂuam}
489 5288 681 5341 "Kav
728 5287 793 5342 C.

867 5281 1318 5363 phrygaim}:
1332 5306 1393 5363 γ.
1426 5290 1466 5345 C
1495 5331 1510 5355 ,
1536 5281 1771 5363 ἐπιγνῷς
1802 5292 1998 5346 σαυτοῦ
2029 5308 2083 5360 γ.
2107 5290 2167 5345 D.
2244 5298 2289 5329 ⁵⁸
2313 5281 2406 5344 καί
2433 5304 2542 5363 om.
2576 5288 2639 5342 Ο.
2666 5359 2695 5363 __
2718 5291 2759 5324 ⁵⁷
2782 5281 2890 5363 ’Ξόιν
2918 5281 3476 5363 s_cr..Scliliemannus

215 5360 414 5424 Clem.,
448 5376 511 5430 ι).
537 5358 665 5433 2‘26,
693 5359 817 5414 569.
848 5356 905 5414 S.
983 5354 1036 5393 ⁵⁸⁷
1060 5354 1200 5433 ιςηο
1246 5376 1297 5415 c.
1325 5354 1362 5413 S
1392 5402 1407 5427 ,
1428 5354 1576 5433 αἰτίᾳ
1609 5354 1764 5433 ιρὁϐᾢ
1779 5365 1839 5418 (1.
1870 5363 1991 5418 Haec
2018 5354 2145 5415 θυι).
2182 5376 2290 5433 non
2328 5369 2455 5433 sunt
2494 5359 2765 5433 inieodiee
2791 5354 3069 5433 Tuﬁrriani,
3094 5365 3446 5433 Angquqagno

213 5428 512 5487 scuntnr'a
539 5428 740 5483 Rufino
767 5449 780 5495 ;
809 5445 976 5499 quare
1000 5445 1063 5484 ea
1088 5428 1131 5482 D
1182 5447 1301 5486 esse
1329 5441 1483 5500 putat
1516 5428 1563 5487 a'
1585 5428 1939 5489 niala'manu.
1976 5434 2034 5488 S.

1859 5488 1933 5572 ι),
1969 5504 2103 5569 184;
2161 5488 2403 5571 ΝαοΙιιιρξ
2434 5488 2693 5572 Ζέίιᾳίιει-
2722 5498 2890 5572 t,_2'.8
2921 5490 3296 5572 sq_.'_;"Zeller"3
3331 5490 3471 5572 Agin.

214 5500 342 5556 Ruf.
372 5501 507 5555 Rec.
532 5519 608 5561 γι,
638 5500 670 5555 9
699 5520 713 5555 :
741 5510 1071 5568 amputatur.
1172 5503 1216 5534 ⁸ο
1240 5501 1353 5558 Cfr.
1394 5501 1574 5560 Scliw.

216 5569 399 5640 Τήιοι.
424 5571 667 5640 Tubing.
702 5572 862 5635 l8-55,
893 5587 944 5640 p.
976 5572 1111 5637 615;
1146 5572 1303 5638 1847,

212 5612 461 5712 ᾇὲῖἵὲἱιί
477 5612 944 5696 ἐῖἰέηἶῗῖιὶὲ
954 5612 1008 5695 αἶ
1019 5612 1191 5712 ’ἦόηἱξ

215 5710 350 5766 Tub.
384 5712 555 5774 185l,
584 5728 637 5781 p.
670 5712 794 5766 5M.
872 5714 915 5745 δι
941 5713 1032 5765 καί
1059 5710 1103 5766 0
1143 5729 1194 5768 c.

1345 5504 1574 5560 .Scliw.
1636 5504 1809 5559 Mont.
1859 5520 1911 5572 p.
1969 5504 2103 5569 184;
2161 5504 2646 5571 Nacliap.Zeitalti

1345 5588 1396 5641 p.
1425 5574 1559 5642 152;
1592 5574 1770 5629 Frank
1804 5618 1815 5628 .
1856 5574 2145 5629 Wurtemb.
2184 5574 2267 5630 St.
2298 5582 2433 5626 tom.
2462 5569 2646 5632 XVlll,

1260 5683 1272 5695 .
1307 5642 1441 5709 £66;
1471 5642 1533 5698 D.
1572 5645 1667 5700 Ev.
1694 5645 1821 5701 Joh.
1851 5662 1903 5714 ι).
1932 5646 2027 5699 151
2055 5662 2069 5711 ;
2102 5643 2248 5697 Krit.
2280 5642 2517 5705 θηται-³.,
2570 5659 2626 5715 p.
2657 5642 3049 5715 δδελιιιιευιιι
3083 5650 3105 5715 τ’
3128 5642 3349 5715 Ann:

1296 5754 1312 5777 ,
1341 5690 1441 5783 qui,
1477 5716 1653 5772 locum
1704 5717 1776 5770 ita
1829 5690 1942 5771 v'ult
1992 5690 2239 5770 restitui:
2275 5715 2381 5765 Καὶ
2407 5690 2533 5775 τοὺς
2563 5690 2847 5783 βαπττνὲπξ.
2882 5710 2946 5777 τῇ
2975 5703 3238 5783 τρκξπονί
3290 5690 3477 5783 δύεται

2135 5438 2180 5470 ⁸ο
2204 5431 2484 5501 ἁποτέμνη
2523 5430 2629 5484 alia
2676 5425 2916 5501 malui).
2952 5423 3027 5477 Ita
3056 5431 3109 5501 ert
3133 5419 3472 5501 'l_‘_urrianus;

2682 5558 2817 5638 p.671
2840 5558 3091 5638 sq.,,'Xl_X
3113 5577 3164 5638 p_.
3194 5558 3479 5638 179_;_nn.

2790 5657 2804 5704 ;
2840 5630 3049 5690 liitsblil
3083 5650 3102 5704 :7
3128 5631 3275 5685 Ann:
3293 5630 3473 5704 Iheol.

340 5784 452 5870 τῇς
486 5771 751 5870 ﬁda-“aud.
793 5782 959 5870 [apud
998 5782 1205 5870 Cnxa‘t
1244 5771 1394 5842 deest
1422 5771 1550 5845 ante
1584 5790 1709 5853 τοὺς
1755 5786 2202 5858 βαπτιζομένους,
2235 5785 2274 5840 S
2322 5786 2352 5838 ὃ
2376 5771 3021 5854 τοὺςβαπτιζομὲνοῦςί
3067 5774 3111 5807 ⁶¹
3140 5771 3232 5827 καί
3263 5771 3374 5830 Ollio
3408 5773 3474 5827 ο·

206 5849 1114 5921 ⁸³ὡςᾶνῐ),ὅτ’ᾶνϐ,ὅτανο.
