4004 6332
289 317 381 371 δ’]

1330 316 1793 373 CLEMENTINA.
1829 349 1897 359 —-
1934 314 2218 371 IIOMILIA
2252 312 2343 367 XI.

3406 316 3511 371 298

281 433 560 499 ποτηρίου
597 433 694 486 καὶ
726 431 836 501 τῆς
866 432 1197 501 παροψίδος
1232 432 1297 486 τὸ
1339 417 1585 495 ἔσωθεν,
1618 433 1719 486 Ira
1746 432 1827 502 γέ-

1949 432 2201 495 interius,
2244 442 2300 485 ut
2346 438 2397 483 et
2436 428 2649 482 illorum
2706 430 2971 485 exteriora
3027 430 3227 484 munda
3287 430 3418 499 ﬁant
3459 444 3508 487 ι.

277 540 446 590 mm;
489 522 586 575 καὶ
626 523 697 577 τὰ
727 523 842 587 ἔξω
876 523 1075 576 αὐτῶν
1102 524 1150 556 ’⁷
1180 522 1419 591 καθαρά.
1457 523 1567 576 Καὶ
1597 522 1838 594 ἀληθῶςο

274 612 633 680 φωτισθέντος
652 613 761 684 γὰρ
786 612 879 665 τοῦ
909 614 1000 666 νοῦ
1028 616 1093 684 τῇ
1116 612 1335 681 γνώσει,
1356 616 1385 667 ὁ
1409 613 1593 684 μαθὼν
1619 613 1841 666 δύναται

272 704 475 773 ἀγαθὸς
527 700 688 766 εἶναι,
737 696 781 771 ᾧ
814 704 1119 775 παρέπεται
1169 703 1232 756 τὺ
1274 703 1513 775 καθαρὸν
1558 703 1836 771 γενέσθαιο

272 798 333 848 ἐκ
362 796 462 865 τῆς
499 796 611 851 ἔσω
658 797 766 868 γὰρ
818 795 1053 858 διανοίας
1088 798 1121 865 ἡ
1150 794 1243 848 τοῦ
1286 796 1389 862 ἔξω
1423 795 1671 866 σώματος
1702 797 1839 864 ἀγα-

268 886 333 956 θὴ
400 885 615 954 γίνεται
650 888 894 958 πρόνοια.
931 887 1021 951 Ὦς
1052 888 1162 941 ἀπό
1191 904 1255 957 γε
1285 888 1384 959 τῆς
1415 887 1554 941 κατὰ
1586 887 1648 940 τὸ
1680 888 1840 958 σῶμα

269 977 623 1049 ἀναισθησίας
653 980 752 1049 τῆς
780 978 1016 1041 διανοίας
1047 978 1270 1050 πρόνοια
1301 977 1551 1046 γενέσθαι
1582 976 1643 1029 ού
1674 975 1837 1029 δύνα-

266 1086 370 1129 ται,
400 1067 576 1131 οὕτως
607 1071 637 1122 ὁ
665 1068 901 1141 καθαρὸς
930 1071 1026 1123 καὶ
1047 1070 1108 1122 τὸ
1137 1068 1240 1133 ἔξω
1272 1070 1365 1123 καὶ
1387 1069 1445 1123 τὸ
1471 1069 1578 1121 ἔσω
1604 1069 1837 1141 καθᾶραι

265 1160 425 1230 250
456 1159 684 1213 δύναται
712 1178 727 1192 ο
762 1162 793 1213 ὁ
818 1160 877 1213 δὲ
908 1161 979 1214 τὰ
1010 1160 1113 1228 ἔξω
1141 1160 1414 1233 καθαίρων
1466 1161 1602 1233 πρὸς
1629 1159 1836 1233 ἀνθρώ-

264 1268 374 1304 πων
402 1251 453 1282 ⁷⁸
495 1250 589 1303 τὸν
622 1250 842 1305 ἔπαινον
872 1251 1093 1323 ἀφορῶν
1124 1250 1279 1304 τοῦτο
1311 1253 1471 1313 ποιεῖ,
1507 1252 1602 1305 καὶ
1630 1250 1835 1323 ἐπαίνῳ

261 1342 362 1395 τῶν
394 1341 760 1413 ἱστορούντων
793 1341 941 1413 παρὰ
962 1341 1040 1412 τῷ
1069 1341 1187 1412 Θεῷ
1211 1341 1362 1395 οὐδὲν
1390 1341 1520 1411 ἔχει.

324 1430 498 1485 XXX.
538 1432 656 1485 Τίνι
688 1432 744 1484 δὲ
775 1432 835 1485 οὐ
870 1431 1145 1501 φαίνεται,
1190 1432 1271 1485 ὅτι
1305 1432 1549 1503 κρεῖττόν
1579 1433 1696 1486 ἐστι
1737 1449 1833 1501 γν-

263 1522 401 1575 ναικὶ
450 1521 511 1573 ὲν
561 1521 890 1590 γυναικείοις
936 1519 1072 1592 οὔσῃ
1120 1519 1193 1591 μὴ
1227 1520 1515 1584 συνελθεῖν,
1550 1520 1684 1574 ἀλλὰ
1730 1538 1832 1574 κα-

262 1612 523 1686 θαρθείσῃ
561 1614 657 1667 καὶ
704 1612 1095 1685 βαπτισθείσῃς
1142 1610 1301 1666 Ἀλλὰ
1332 1612 1426 1666 καὶ
1459 1609 1598 1683 μετὰ
1645 1629 1833 1666 κοινω-

262 1707 369 1759 νίαν
419 1704 783 1775 βαπτίζεσθαι
821 1706 919 1760 δεῖ.
981 1706 1046 1759 El
1085 1705 1144 1758 δὲ
1181 1704 1339 1758 τοῦτο
1384 1708 1555 1759 ποιεῖν
1602 1706 1828 1770 ὀκνεῖτε,

1943 524 2009 578 Et
2058 540 2203 578 vere.
2251 522 2385 577 Nam
2420 532 2603 579 mente
2634 539 2728 594 per
2756 522 3038 578 scientiam
3086 523 3386 590 illustrata,
3418 526 3510 595 qui

1941 618 2128 672 didicit
2170 626 2349 687 potest
2378 632 2503 671 esse
2530 617 2744 681 bonus;
2791 632 2957 686 quam
3003 632 3118 672 rem
3152 618 3509 685 consequitur

1940 710 2172 779 pnritas,
2209 709 2336 777 quia
2371 723 2435 762 ex
2487 708 2734 761 interiori
2789 708 3063 763 intellectu
3114 708 3173 763 lit
3216 708 3505 765 exterioris

1938 797 2182 866 corporis
2206 798 2345 851 bona
2376 797 2637 866 provisio.
2672 795 3137 863 Quemadmodum
3167 814 3233 853 ex
3260 784 3508 868 corporis

1941 887 2185 958 neglectu
2222 888 2417 943 mentis
2454 888 2695 958 provisio
2726 888 2840 943 ﬁeri
2866 890 3073 959 nequit,
3109 891 3181 945 ita
3211 891 3304 962 qui
3332 908 3505 962 purus

1938 988 2041 1042 est,
2055 988 2109 1034 et
2131 980 2275 1050 quod
2306 981 2549 1035 exterius
2571 990 2652 1035 est
2670 989 2723 1034 et
2740 981 2885 1051 quod
2910 981 3142 1037 interius
3176 993 3354 1051 potest
3376 1000 3505 1053 pur-

1936 1083 2102 1138 gare:
2127 1070 2220 1139 qui
2250 1085 2377 1124 vero
2405 1071 2675 1125 exteriora
2705 1081 2919 1142 purgat,
2964 1072 3032 1127 ad
3067 1073 3350 1128 hominum
3384 1076 3503 1129 lau-

1936 1159 2033 1214 des
2063 1161 2353 1230 aspiciens,
2380 1160 2431 1215 id
2460 1161 2592 1229 agit,
2623 1177 2687 1217 ac
2708 1172 2927 1232 propter
2948 1164 3286 1220 cernentium
3312 1167 3501 1223 laudes

1937 1251 2073 1305 nihil
2102 1266 2134 1307 a
2167 1250 2277 1307 Deo
2312 1252 2524 1322 recipit.

2003 1426 2172 1484 XXX.
2210 1428 2312 1485 Cui
2354 1444 2485 1486 vero
2534 1446 2642 1486 non
2695 1442 2955 1503 apparet,
3003 1434 3199 1492 melius
3257 1451 3379 1493 esse
3428 1436 3496 1492 ad

1933 1521 2217 1576 mulierem
2271 1532 2550 1577 menstrua
2597 1525 2890 1593 patientem
2939 1542 3047 1581 non
3094 1529 3371 1596 accedere,
3402 1532 3496 1587 sed

1934 1611 2000 1666 ad
2028 1611 2365 1680 puriﬁcatam
2403 1620 2457 1666 et
2493 1612 2696 1667 lotam?
2735 1611 2959 1683 Oportet
2994 1616 3158 1671 etiam
3205 1624 3328 1687 post
3363 1633 3498 1672 con-

1934 1702 2179 1757 cubitum
2233 1703 2424 1759 lavari.
2483 1703 2639 1771 Quod
2692 1704 2737 1759 si
2791 1705 2897 1762 hoc
2954 1705 3134 1762 facere
3177 1723 3276 1763 vos
3326 1708 3494 1780 piget,

261 1773 634 1869 dvanolﬁsate
686 1797 806 1861 πῶς
830 1797 898 1850 τὰ
923 1798 1021 1868 τῆς
1040 1794 1261 1865 ἁγνείας
1292 1795 1431 1868 μέρη
1458 1796 1827 1867 μετεδιώκετε,

1932 1794 2117 1849 animo
2150 1796 2397 1864 repetite,
2429 1812 2539 1866 quo
2569 1806 2729 1866 pacto
2765 1798 3107 1855 castimonia:
3137 1801 3323 1855 munia
3359 1816 3492 1871 pro.

260 1890 339 1942 ὅτε
369 1890 723 1960 ἀναισθήτοις
756 1888 993 1951 εἰδώλοις
1021 1886 1381 1960 ἐθρησκεύετε
1405 1888 1471 1940 ⁷⁸.
1498 1887 1830 1960 Δίσχύνθητε

260 1979 331 2030 ὅτι
372 1977 645 2041 ἐνταῦθα,
680 1978 811 2031 ὅπου
856 1978 1041 2049 ἐχρῆν,
1075 1976 1137 2030 ού
1179 1976 1242 2030 τὸ
1274 1976 1457 2029 πλεῖον
1488 1976 1663 2046 λέγω,
1696 1977 1831 2032 ἀλλὰ

264 2069 411 2140 μόνον
445 2070 544 2123 καὶ
575 2070 695 2122 ὅλον
725 2067 787 2122 τὸ
814 2070 912 2141 τῆς
942 2068 1165 2138 ἁγνείας
1190 2066 1570 2132 ἀναδέξασθαι,
1604 2069 1830 2140 ὀκνηρό-

261 2179 393 2231 τεροι
423 2160 668 2230 γίνεσθε.
715 2161 965 2232 Νοὴσατε
1007 2156 1100 2214 οὖν
1143 2158 1234 2212 τὸν
1267 2160 1382 2213 ἐκεῖ
1423 2159 1566 2230 ὑμᾶς
1599 2176 1829 2231 πεποιη-

265 2252 418 2315 κότα,
450 2252 549 2304 καὶ
580 2249 1000 2321 διανοηθὴσεσθε
1037 2249 1123 2313 τίς
1154 2250 1302 2303 ἐστιν
1338 2249 1369 2303 ὁ
1399 2247 1632 2302 ἐνταῦθα
1672 2248 1828 2303 ὄκνον

271 2342 392 2411 πρὸς
416 2340 797 2411 ἁγνείαν.ύμῖν
830 2338 1129 2412 ἐμϐάλλων.

337 2452 515 2507 XXXI.
545 2454 686 2507 Ἀλλ’
720 2454 837 2525 ἐρεῖ
866 2470 950 2517 τις
980 2452 1163 2524 ὑμῶν’
1202 2452 1322 2525 Χρὴ
1354 2446 1447 2506 οὖν
1479 2452 1627 2525 ἡμᾶς
1654 2456 1826 2509 ποιεῖν

278 2546 368 2600 ὅσα
394 2548 452 2600 ὲν
492 2546 732 2610 είδώλοις
763 2546 1088 2617 ὲποιοῦμενς
1120 2545 1266 2616 Φημί
1298 2563 1401 2608 σοι,
1435 2545 1533 2616 ούχ
1564 2545 1678 2610 ὅλα,
1713 2546 1825 2600 ἀλλ’

272 2650 358 2703 ὅσα
387 2646 565 2715 καλῶς
611 2647 867 2712 εποιεῖτε,
902 2645 1001 2702 καὶ
1032 2642 1262 2702 ένταῖιθα
1296 2642 1495 2702 πλεῖον.
1534 2644 1600 2702 ’⁸0
1636 2659 1695 2701 τι
1719 2642 1826 2721 γὰρ

263 2741 323 2795 ἂν
360 2740 540 2804 καλῶς
586 2739 805 2811 γίνηται
852 2740 908 2791 ὲν
954 2741 1023 2809 τῇ
1064 2737 1262 2809 πλάνῃ,
1300 2739 1408 2791 ἀπὸ
1439 2738 1538 2809 τῆς
1573 2737 1826 2808 ἀληθείας

262 2836 508 2905 ἤρτηται,
536 2832 635 2896 ὡς,
670 2833 717 2884 εί
750 2830 842 2884 καί
874 2848 926 2883 τι
960 2831 1016 2883 ὲν
1038 2830 1341 2901 τῇἀληθείᾳ
1373 2829 1560 2892 κακῶς
1596 2829 1821 2898 γένοιτο,

259 2924 355 2975 ἀπὸ
390 2922 491 2992 τῆς
530 2920 739 2993 πλάνης
785 2918 951 2973 ἐστίν.
1000 2917 1322 2971 Ἀπολάϐετε
1360 2914 1453 2972 οὖν
1495 2918 1649 2989 ὑμῶν
1690 2934 1826 2972 παν-

257 3014 467 3085 ταχόθεν
514 3011 588 3064 τὰ
640 3012 764 3073 ἴδια,
820 3009 893 3081 μὴ
939 3007 1008 3063 τὰ
1051 3008 1333 3081 ἀλλότρια,
1368 3009 1569 3081 καὶμὴ
1615 3008 1820 3079 λέγετε⁶

256 3106 316 3159 Et
339 3125 386 3159 τι
418 3105 678 3160 ποιοῦσιν
724 3104 773 3157 oi
817 3101 1218 3173 πεπλανημένοι
1268 3102 1449 3168 καλὸν,
1504 3105 1674 3157 ποιεῖν
1724 3103 1825 3157 οὐκ
1850 3114 1893 3173 c

254 3195 552 3268 ὀφείλομεν.
594 3194 781 3265 Τούτῳ
826 3192 933 3263 γὰρ
964 3192 1041 3263 τῷ
1071 3192 1232 3264 λόγῳ,
1277 3193 1371 3246 ἐὰν
1407 3193 1483 3265 μὴ
1518 3193 1715 3268 φονεύῃ
1741 3212 1825 3260 τις

255 3289 430 3343 εἴδωλα
463 3287 667 3350 σέϐων,
693 3287 934 3356 φονεύειν
965 3286 1268 3357 ὀφείλομεν,
1293 3285 1374 3339 ὅτι
1401 3287 1429 3339 ὁ
1460 3285 1519 3338 ὲν
1549 3285 1723 3360 πλάνῃ
1749 3284 1823 3340 ὣν

254 3381 307 3433 ού
331 3381 649 3449 φονεύει⁸⁹;

315 3470 538 3525 XXXII.
585 3470 719 3542 Ούχί
741 3488 754 3501 ·
790 3470 923 3525 ἀλλὰ
947 3470 991 3502 ⁸⁸
1022 3469 1083 3523 τὸ
1114 3468 1315 3533 πλεῖον,
1350 3467 1445 3521 ἐὰν
1475 3470 1525 3522 οἱ
1558 3469 1615 3522 ὲν
1649 3468 1823 3544 πλάνῃ

258 3562 322 3632 μὴ
352 3561 680 3632 φονεύωσιν,
715 3561 871 3632 251
906 3563 1067 3633 ἡμεῖς
1104 3558 1177 3631 μὴ
1218 3558 1265 3590 ⁸⁸
1312 3558 1686 3631 ὀργιζὼμεθα·
1728 3561 1823 3614 ἐὰν

252 3654 278 3707 ὁ
307 3655 360 3706 ὲν
400 3654 593 3725 πλάνῃ
648 3654 720 3724 μὴ
781 3652 1029 3726 μοιχεύῃ,
1086 3653 1250 3723 ἡμεῖς
1312 3650 1411 3721 τὴν
1471 3652 1645 3723 ἀρχὴν
1690 3652 1822 3724 μηδὲ

255 3745 643 3817 ἐνθυμηθῶμεν
688 3744 757 3775 ⁸⁸·
818 3743 912 3797 ἐὰν
980 3746 1009 3797 ὁ
1040 3744 1098 3796 ἐν
1151 3743 1327 3817 πλάνῃ
1379 3742 1469 3795 τὸν
1526 3743 1821 3811 ἀγαπῶντα

253 3836 454 3908 ἁγαπᾷ,
508 3838 679 3907 ἡμεῖς
716 3835 810 3888 καὶ
841 3836 968 3899 τοὺς
1016 3834 1326 3907 μισοῦντας·
1376 3833 1469 3887 ἐὰν
1498 3835 1528 3887 ὁ
1558 3835 1613 3886 ὲν
1648 3834 1822 3905 πλάνῃ

252 3926 458 4003 δανείζῃ
512 3930 635 3990 τοῖς
680 3926 916 3997 ἔχουσιν,
961 3928 1124 3998 ἡμεῖς
1169 3926 1263 3979 καὶ
1312 3927 1424 3988 τοῖς
1473 3923 1547 3996 μὴ
1589 3923 1817 3995 ἔχουσιν.

262 4020 627 4087 Ἀπαξαπλῶς
671 4018 957 4090 ὀφείλομεν
1001 4020 1049 4073 οί
1089 4019 1179 4072 τὸν
1205 4018 1427 4089 ἄπειρον
1463 4016 1631 4069 αίῶνα
1672 4015 1821 4068 ὲλπί-

252 4108 417 4175 ζοντες
446 4112 834 4182 κληρονομεῖν,
863 4110 971 4163 τῶν
998 4109 1088 4163 τὸν
1118 4107 1360 4180 παρόντα
1395 4106 1552 4178 μόνον
1584 4104 1818 4170 εἰδότων,

251 4198 345 4251 τῶν
376 4201 465 4253 ὑπ’
506 4199 694 4253 αὐτῶν
744 4199 1049 4270 γενομένων
1090 4197 1272 4252 καλῶν
1303 4198 1534 4269 κρείττω
1552 4196 1598 4228 ⁸⁸
1626 4198 1817 4261 ποιεῖν,

251 4291 468 4355 εἰδότες,
507 4290 617 4352 ὅτι,
665 4289 759 4342 ἐὰν
800 4289 978 4343 αὐτῶν
1017 4289 1086 4342 τὰ
1130 4290 1264 4361 ἔργα
1302 4292 1413 4351 τοῖς
1445 4288 1731 4363 ἡμετέροις
1763 4290 1820 4342 ὲν

250 4380 421 4453 ἡμέρᾳ
484 4380 735 4452 κρίσεως
796 4379 1157 4451 ἀνακριθέντα
1228 4381 1319 4433 ίσα
1368 4378 1413 4410 ⁸⁸
1464 4382 1531 4451 τῇ
1609 4378 1821 4450 εὐποιία

1930 1885 2325 1957 sequebamini,
2379 1887 2598 1955 quando
2631 1890 2827 1946 sensus
2871 1892 3112 1961 expertia
3157 1893 3299 1947 idola
3337 1895 3493 1948 cole-

1930 1976 2095 2032 batis.
2156 1977 2508 2045 Erubescite,
2560 1980 2705 2050 quod
2762 1981 2888 2048 hic,
2942 1983 3033 2038 ubi
3064 1985 3336 2052 oportuit,
3380 2000 3487 2040 non

1928 2068 2051 2123 dico
2084 2069 2371 2139 maiorem,
2406 2072 2499 2127 sed
2526 2075 2861 2145 singularem
2901 2083 2955 2130 et
2982 2077 3248 2146 integram
3287 2079 3492 2147 ample;

1927 2157 2000 2211 cti
2022 2160 2349 2227 castitatem,
2378 2162 2656 2231 segniores
2690 2165 2846 2223 estis.
2879 2164 3123 2237 Cogitate
3150 2168 3313 2238 igitur
3339 2184 3488 2235 eum,

1927 2248 2024 2318 qui
2072 2264 2169 2305 vos
2214 2251 2326 2305 illic
2369 2253 2767 2323 constituerat,
2815 2266 2870 2313 et
2902 2258 3215 2330 intelligetis
3247 2260 3371 2331 quis
3403 2262 3491 2316 hic

1927 2342 2082 2397 vobis
2106 2343 2392 2413 segnitiem
2425 2345 2490 2398 ad
2521 2347 2901 2403 castimoniam
2939 2350 3214 2407 immittat.

1996 2433 2188 2490 XXXI.
2235 2433 2338 2491 Sed
2373 2436 2515 2492 dicet
2542 2437 2739 2507 aliquis
2768 2451 3009 2497 vestrum
3042 2441 3310 2514 :Oportet
3359 2460 3489 2515 ergo

1926 2541 2025 2581 nos
2077 2526 2257 2582 facere
2301 2541 2643 2598 quacunque
2703 2532 2845 2601 apud
2904 2532 3048 2587 idola
3101 2534 3331 2605 egimus.
3384 2536 3487 2591 Aio

1926 2616 2025 2677 tibi
2056 2610 2214 2677 :Non
2249 2617 2471 2689 omnia,
2520 2621 2613 2677 sed
2641 2635 2979 2694 quascunque
3010 2622 3149 2681 bene
3183 2622 3482 2694 faciebatis,

1924 2722 2087 2784 atque
2110 2714 2201 2769 hic
2230 2713 2492 2784 majorem
2522 2713 2575 2768 in
2607 2716 2850 2772 modum.
2879 2714 3151 2787 Quidquid
3179 2718 3323 2773 enim
3350 2718 3488 2775 bene

1926 2806 1984 2861 lit
2023 2806 2078 2860 in
2115 2820 2324 2873 errore,
2372 2821 2403 2861 a
2443 2807 2674 2862 veritate
2722 2808 2940 2878 pendet,
2984 2809 3125 2865 sicut
3163 2818 3219 2865 et
3264 2810 3310 2866 si
3355 2811 3486 2881 quid

1926 2899 2065 2954 male
2094 2898 2187 2954 ﬁat
2212 2899 2267 2953 in
2296 2900 2545 2966 veritate,
2577 2916 2646 2956 ex
2678 2916 2863 2956 errore
2893 2902 3060 2956 venit.
3106 2902 3348 2973 Recipite
3379 2904 3484 2976 igi-

1925 3001 2015 3046 tur
2044 3006 2165 3061 qua:
2203 2991 2443 3061 undique
2480 2992 2546 3046 ad
2587 3008 2685 3047 vos
2724 2994 3022 3062 pertinent,
3057 3009 3167 3049 non
3201 3009 3322 3064 qua:
3358 3005 3488 3051 sunt

1925 3082 2125 3147 aliena,
2153 3091 2207 3138 et
2234 3098 2301 3139 ne
2328 3084 2523 3140 dicatis
2552 3098 2566 3135 :
2598 3082 2657 3139 Si
2697 3083 2829 3155 quid
2870 3084 2999 3139 boni
3034 3083 3243 3141 faciunt
3269 3086 3363 3158 qui
3400 3102 3487 3143 er-

1926 3182 2069 3239 rant,
2117 3172 2296 3231 facere
2324 3190 2426 3230 nos
2466 3188 2575 3229 non
2607 3174 2887 3230 debemus.
2941 3173 3053 3231 Hac
3084 3176 3349 3247 siquidem
3392 3195 3486 3234 ra-

1923 3268 2090 3333 tione,
2122 3267 2167 3323 si
2204 3281 2312 3321 non
2342 3267 2555 3322 occidat
2584 3266 2853 3322 idolorum
2880 3268 3079 3334 cultor,
3106 3269 3367 3324 debemus
3393 3285 3487 3326 oc-

1922 3358 2125 3421 cidere,
2158 3357 2285 3427 quia
2315 3357 2410 3428 qui
2450 3357 2504 3411 in
2539 3372 2728 3414 errore
2752 3366 3004 3412 versatur
3032 3372 3140 3413 non
3169 3359 3411 3414 occidit?

1990 3446 2207 3503 XXXII.
2248 3447 2649 3504 Minimezimo
2678 3448 2893 3519 potius,
2940 3448 2986 3504 si
3036 3448 3113 3503 illi
3161 3450 3254 3519 qui
3299 3460 3487 3505 errant

1923 3541 2283 3597 homicidium
2332 3556 2441 3595 non
2482 3538 2715 3606 faciunt,
2762 3555 2864 3597 nos
2911 3556 2979 3595 ne
3034 3540 3343 3596 irascamur
3385 3559 3397 3595 :
3437 3544 3484 3597 si

1920 3648 2113 3688 errans
2160 3646 2269 3686 non
2317 3631 2647 3696 moechatur,
2699 3647 2798 3687 nos
2844 3631 3097 3701 primitus
3146 3647 3213 3686 ne
3262 3634 3483 3703 quidem

1921 3722 2371 3790 concupiscamus
2400 3736 2413 3770 :
2442 3718 2489 3774 si
2525 3719 2615 3773 ille
2651 3726 2920 3772 amantem
2970 3727 3134 3779 amat,
3184 3733 3283 3773 nos
3321 3719 3481 3772 etiam

1922 3813 2174 3869 inimicos
2220 3812 2567 3882 diligamus:
2604 3811 2651 3865 si
2699 3810 2791 3864 ille
2826 3820 3079 3864 mutuum
3129 3808 3221 3862 dat
3277 3808 3345 3863 iis
3389 3810 3483 3878 qui

1921 3905 2143 3969 habent,
2178 3920 2279 3959 nos
2331 3903 2496 3959 etiam
2545 3916 2659 3957 non
2686 3900 3040 3956 habentibus.
3079 3899 3313 3955 Omnino
3354 3916 3485 3957 sane

1919 3996 2202 4061 debemus,
2251 3996 2344 4067 qui
2392 3994 2581 4049 interni
2627 3993 2810 4049 szeculi
2862 3990 3236 4048 barreditatem
3292 4008 3482 4063 spera-

1920 4102 2065 4151 mus,
2108 4086 2162 4140 in
2196 4086 2355 4141 bonis
2393 4084 2647 4155 operibus
2680 4098 2939 4153 superare
2970 4098 3087 4149 eos,
3116 4082 3209 4152 qui
3244 4099 3481 4153 praesens

1921 4185 2130 4231 tantum
2178 4175 2437 4231 saeculum
2487 4182 2692 4228 norunt
2737 4188 2753 4225 :
2804 4173 2956 4245 gnari
3012 4175 3178 4243 quod,
3228 4174 3274 4228 si
3317 4189 3480 4243 opera

1921 4269 2136 4322 illorum
2165 4282 2289 4322 cum
2322 4267 2524 4322 nostris
2570 4265 2828 4335 operibus
2858 4266 2912 4319 in
2944 4266 3032 4319 die
3056 4265 3245 4332 judicii
3281 4267 3479 4321 collata

1920 4359 2068 4428 paris
2098 4358 2279 4413 meriti
2311 4357 2671 4429 reperiantur,
2702 4356 2954 4412 conlusio
2978 4358 3136 4412 nobis
3166 4357 3289 4423 erit,
3315 4366 3368 4412 et
3403 4358 3477 4412 illi

521 4446 621 4526 παὶ
662 4474 825 4542 ἡμεῖς
874 4446 1279 4543 έναισχυνθῆναι
1312 4446 1531 4543 ἔχομεν,
1559 4472 1711 4525 αὐτοὶ
1739 4446 1818 4536 δὲ,

1927 4464 2016 4519 per
2049 4463 2289 4503 errorem
2315 4448 2458 4518 quod
2490 4448 2556 4503 ad
2587 4446 2830 4504 futurum
2865 4449 3123 4504 sarculum
3157 4448 3362 4518 operati
3396 4448 3481 4502 in-

252 4561 328 4614 διὰ
357 4564 572 4635 πλάνην
590 4564 659 4615 τὰ
691 4564 811 4615 κατ’
855 4562 1010 4615 αὐτὸν
1037 4563 1083 4593 ⁸⁸
1123 4564 1463 4635 ποιήσαντες,
1498 4562 1811 4616 ἀπολέσθαι.

250 4654 387 4708 Τδδε
409 4653 773 4726 αἰσχυνθῆναι
806 4653 945 4708 κατὰ
976 4651 1136 4706 τοῦτο
1168 4655 1383 4726 εἴρηκα,
1417 4655 1497 4707 ὅτι
1530 4652 1602 4724 μὴ
1632 4652 1812 4706 πλεῖον

251 4746 581 4819 ἐποιήσαμεν
612 4743 792 4799 αὐτῶν
822 4739 897 4798 ὧν
931 4745 1024 4798 γα).
1057 4745 1237 4797 πλεῖον
1285 4743 1619 4814 ἐγνώκαμεν.
1658 4743 1721 4794 El
1755 4740 1812 4795 δὲ

249 4839 596 4910 αἰσχυνθῆναι
631 4836 795 4899 ἐστιν,
829 4838 929 4907 τὴν
961 4835 1199 4889 εὐποιίαν
1237 4836 1419 4898 αὐτοῖς
1450 4836 1569 4907 ἴσην
1600 4834 1811 4900 δείξαν-

251 4944 340 4992 τας
369 4930 414 4959 "
449 4932 549 4983 καὶ
580 4930 642 4982 οὐ
679 4928 874 4991 πλεῖον,
910 4930 1060 4999 πόσῳ
1092 4945 1155 4996 γε
1181 4928 1228 4960 ⁸⁸
1257 4926 1475 4999 μᾶλλον,
1507 4927 1601 4981 ἐὰν
1634 4926 1812 4980 αὐτῶν

249 5020 339 5091 τῆς
370 5020 622 5083 εὐποιίας
652 5020 714 5071 τὸ
740 5014 903 5091 ἦττον
930 5020 1218 5091 δείξωμεν;

316 5146 341 5173 ι
380 5134 574 5189 Matth.
612 5150 771 5200 χχιιι,
800 5134 891 5188 25.

1922 4538 2186 4593 teribunt.
2242 4538 2378 4592 Fore
2431 4546 2613 4592 autem
2670 4537 2828 4592 nobis
2877 4536 3278 4603 confusionem,
3325 4538 3377 4592 in
3413 4552 3480 4593 eo

1922 4629 2055 4695 dixi,
2091 4630 2232 4701 quod
2284 4645 2390 4684 non
2425 4629 2658 4699 amplius
2704 4627 2994 4684 fecerimus
3019 4645 3181 4698 quam
3229 4630 3328 4696 illi,
3358 4631 3481 4700 qui-

1923 4722 2025 4776 bus
2066 4723 2300 4792 amplius
2342 4722 2730 4777 intelleximus.
2778 4720 2934 4787 Quod
2979 4721 3023 4777 si
3056 4722 3305 4777 conl‘usio
3348 4725 3474 4790 erit,

1921 4813 1968 4867 si
2001 4814 2055 4866 in
2084 4813 2341 4882 operibus
2371 4813 2529 4868 bonis
2557 4828 2658 4868 nos
2685 4813 2795 4868 illis
2832 4813 3069 4881 aaqnales
3103 4813 3473 4880 ostendemus,

1922 4918 2029 4957 non
2055 4902 2386 4971 superiores,
2423 4911 2628 4972 quanto
2659 4901 2854 4971 magis,
2881 4902 2928 4955 si
2966 4902 3020 4957 iu
3055 4902 3245 4959 iisdem
3293 4902 3476 4972 operi-

1918 4995 2019 5049 bus
2051 5010 2152 5049 nos
2184 4993 2469 5049 inferiores
2501 4994 2950 5050 exhibuerimus?

1507 5246 1741 5302 ἾΛΙὶΙᾹΞ
1782 5244 2181 5302 LECTIONES.

310 5380 357 5453 ’ἵ
371 5380 619 5453 αὕτοῦο.
706 5385 753 5421 ’⁸
781 5381 853 5436 Ila
884 5382 927 5437 0
990 5399 1041 5438 c.
1072 5381 1110 5435 S
1140 5426 1155 5449 ,
1186 5381 1504 5453 ἀνθρώπους
1537 5383 1596 5435 C.

1674 5389 1718 5420 τ’
1742 5379 2102 5451 Ῠὲθρησκεύετε
2130 5379 2187 5443 S,
2218 5380 2288 5437 0.
2327 5379 2656 5451 θρησκεύετε
2680 5379 2740 5435 C.
2815 5380 2860 5451 f"
2888 5377 3014 5434 Post

3041 5376 3250 5448 φονεύει
3270 5386 3473 5448 puncto

250 5448 529 5522 distinguit
578 5454 635 5507 C.
668 5454 709 5485 ⁸⁸
739 5456 871 5522 Οὐχὶ
919 5453 1047 5507 ἄλλο
1069 5454 1108 5507 C
1140 5446 1153 5515 ,
1198 5446 1331 5522 Odit
1359 5452 1491 5506 ἀλλὰ
1539 5453 1576 5506 S
1609 5494 1623 5515 ,
1647 5462 1699 5506 et
1732 5446 1879 5522 nul,
1905 5450 2027 5522 Hec.
2083 5467 2156 5515 γι,
2184 5452 2257 5522 i5
2285 5446 2514 5522 noui'ita
2540 5460 2639 5516 est,
2663 5450 2772 5505 sed.
2816 5449 2945 5522 Dein
2979 5446 3071 5501 ἐὰν
3103 5449 3141 5501 S
3169 5489 3189 5522 ,_
3216 5449 3303 5502 ἵνα
3325 5446 3371 5501 0
3419 5464 3471 5522 c.

250 5520 286 5571 C
315 5561 329 5595 ._
354 5523 451 5595 qui
488 5524 635 5589 conj.
662 5524 747 5578 ἵνα
776 5520 919 5577 είοί.
995 5524 1040 5555 ⁸⁸
1075 5526 1146 5595 μή

249 5592 460 5665 quidem
490 5604 633 5647 recte
665 5597 737 5665 μή

252 5657 304 5743 ἓ.
322 5728 357 5743 ,Δ
400 5662 446 5693 ⁸³
478 5657 812 5743 κρείττον’β.

1173 5522 1232 5603 (ᾖΔ
1253 5517 1317 5603 et
1335 5539 1401 5603 ex
1430 5524 1660 5603 copied.
1690 5522 1729 5575 C
1759 5562 1773 5585 ,
1796 5520 1992 5603 iuncuj.
2020 5525 2139 5603 cod.
2164 5520 2334 5603 deest.
2369 5521 2505 5576 Tum
2543 5525 2620 5603 pi}
2650 5524 2871 5603 pptxsdn
2897 5519 2940 5573 Ο
2963 5558 2982 5603 _,
3009 5517 3308 5603 μοιχεύει
3339 5519 3473 5603 ,lqui

751 5596 941 5650 deesse
964 5588 1113 5647 vidit.
1137 5588 1146 5595 ’
1187 5595 1233 5628 ⁸⁸
1250 5588 1672 5663 ὲπιθυμηθῶμεν
1691 5591 1835 5659 conj.
1853 5592 1936 5651 (1.,
1962 5591 2105 5659 quod
2136 5608 2243 5663 non
2270 5588 2870 5663 Grmrumdes'tch-‘L‘t‘io'
2887 5588 3030 5663 vulg.
3047 5598 3190 5663 recte
3211 5605 3270 5643 se
3292 5588 3469 5663 habet.

908 5668 955 5701 ⁸⁸
988 5664 1061 5717 Ita
1088 5664 1131 5717 υ
1180 5674 1234 5717 et
1274 5664 1328 5716 in
1369 5662 1539 5729 marg.
1566 5662 1606 5715 (Σ
1640 5703 1654 5725 ,
1680 5662 1780 5714 ὅσα
1832 5664 1882 5714 in
1912 5670 2083 5715 textu.

2184 5662 2230 5693 ⁸⁸
2254 5662 2372 5713 καθ’
2402 5661 2579 5731 αύτῶν
2718 5659 2835 5731 καθ’
2865 5658 3061 5731 αύτούς
3095 5661 3196 5730 leg.
3232 5668 3388 5731 putat
3411 5658 3470 5716 S.

252 5728 291 5763 ’τ
321 5728 395 5784 lta
425 5727 617 5801 scripsi
649 5735 854 5789 ratione
882 5735 1062 5789 habita
1096 5735 1215 5789 lect.
1247 5732 1427 5789 Ottob.
1451 5727 1713 5798 δείξαντα,
1746 5747 1832 5801 ap.
1857 5733 1897 5791 υ
1915 5730 2198 5795 δείξαντες.
2232 5731 2427 5786 Verum
2445 5730 2558 5800 jam
2588 5728 2719 5784 vidit
2748 5727 2803 5781 S.
2868 5728 2924 5810 _”
2952 5730 3067 5794 πῶς
3093 5727 3244 5799 vel).

575 5828 842 5887 Ριτιιοι.
900 5827 1017 5887 Gn.
1061 5826 1140 5885 Il.

3122 5824 3195 5882 10
