4004 6332
507 271 615 329 299

1318 274 1376 331 S.
1411 276 1797 335 CLEMENTIS
1833 275 1852 329 I
1894 276 2059 333 ROM.
2102 278 2303 335 ΡΟΝΤ.
2338 280 2569 338 OPERA
2609 279 2837 338 DUBIA.

3603 297 3697 355 300

581 389 820 447 XXXIII.
874 390 1033 459 Quod
1086 401 1268 447 autem
1309 408 1431 449 vere
1482 395 1536 447 in
1583 394 1671 449 die
1712 394 1903 464 judicii
1952 409 2075 450 cum

2251 396 2487 452 XXXIII.
2555 400 2675 451 Ὀτι
2725 398 2781 451 δὲ
2809 398 3001 462 ’ὅντως
3050 398 3108 453 ἐν
3151 399 3330 472 ἡμέρα
3360 403 3574 474 κρίσεως
3603 416 3704 475 ut;

507 484 669 540 bonis
711 483 967 555 operibus
1028 482 1329 539 errantium
1392 494 1785 555 comparentur
1835 487 2078 542 actiones

505 576 956 648 cognoscentium
1003 577 1314 643 veritatem,
1372 592 1477 633 nos
1524 576 1713 632 docuit
1763 577 1858 648 qui
1905 575 2079 631 nescit

508 669 765 735 mentiri,
810 668 998 724 dicens
1047 669 1115 723 ad
1177 686 1273 726 eos
1321 671 1540 740 quidem
1589 670 1681 739 qui
1737 669 2078 739 negligebant

506 761 693 816 venire
721 771 774 815 et
812 761 1003 816 audire
1050 761 1203 816 illum
1235 778 1247 814 :
1277 760 1479 832 Regina
1511 761 1695 815 Austri
1739 770 1916 831 surget
1957 777 2076 814 cum

505 855 837 925 generatione
884 854 1009 920 ista,
1061 862 1111 907 et
1168 852 1533 907 condemnabit
1585 868 1722 918 eam,
1766 852 1890 921 quia
1938 851 2077 905 venit

504 962 537 998 α
558 945 751 1017 ﬁnibus
783 954 936 998 terra:
963 944 1148 998 audire
1193 945 1511 1014 sapientiam
1538 942 1860 1009 Salomonis,
1890 954 1938 996 et
1962 957 2076 995 ecce

503 1035 783 1109 plusquam
812 1035 1063 1092 Salomon
1104 1037 1227 1104 hic,
1269 1046 1320 1090 et
1364 1053 1467 1090 non
1516 1035 1731 1089 creditis
1763 1047 1811 1091 α.
1852 1034 1933 1089 Ad
1978 1048 2074 1088 eos

502 1145 632 1186 vero
662 1146 692 1182 e
718 1129 942 1200 populo,
966 1128 1057 1199 qui
1087 1128 1344 1184 nolebant
1366 1129 1433 1183 ad
1461 1127 1608 1182 illius
1634 1126 2071 1197 praedicationem

502 1237 665 1293 agere
716 1219 1119 1291 paenitentiam,
1169 1219 1349 1274 dixit:
1389 1218 1504 1273 Viri
1554 1217 1813 1273 Ninivitw
1859 1227 2071 1288 surgent

500 1332 620 1369 cum
659 1314 991 1385 generatione
1034 1312 1133 1364 Itac
1170 1322 1220 1365 et
1257 1310 1681 1365 condemnabunt
1729 1309 1903 1376 illam,
1946 1310 2072 1380 quia

499 1404 773 1459 audientes
834 1410 1047 1473 egerunt
1106 1401 1473 1473 paenitentiam
1527 1401 1596 1455 ad
1642 1400 2071 1471 praedicationem

497 1493 653 1549 Jama
679 1535 696 1561 ,
728 1503 778 1549 et
815 1510 930 1547 ecce
967 1493 1085 1563 plus
1119 1492 1239 1558 hic,
1274 1501 1324 1545 et
1382 1507 1530 1545 nemo
1568 1492 1732 1545 credit
1768 1491 1818 1545 δ.
1872 1489 2072 1560 Sicque

498 1587 569 1642 ad
591 1602 806 1642 omnem
835 1600 1024 1640 eorum
1058 1584 1386 1655 impietatem
1420 1599 1700 1654 opponens
1726 1584 2067 1639 ethnicorum

2176 489 2284 541 τῶν
2316 490 2745 563 πεπλανημένων
2777 490 3043 555 εὑποιίαις
3073 492 3129 544 αἱ
3164 491 3269 545 τῶν
3292 492 3531 565 ἀλήθειαν
3558 500 3733 566 ἐγνω--

2177 582 2351 634 κότων
2404 582 2676 647 ίσάζονται
2730 581 2990 654 πράξεις,
3043 582 3203 647 αὐτὸς
3246 586 3390 655 ἡμᾶς
3441 589 3469 640 ὁ
3496 590 3707 662 ἀψευδὴς

2178 672 2434 738 ἐδίδαξεν,
2469 674 2637 729 εἰπὼν
2685 676 2822 748 πρὸς
2868 675 2966 747 μὲν
3012 675 3137 739 τοὺς
3187 675 3507 747 ἀμελοῦντας
3558 680 3708 735 ἐλθεῖν

2177 765 2270 819 καὶ
2302 767 2591 820 ἐπακούειν
2649 768 2841 822 αὑτοῦ·
2879 768 3229 823 Βασίλισσα
3273 768 3446 823 νότου
3494 770 3709 840 ἐγερθή-

2176 872 2345 911 σεται
2395 859 2545 927 μετὰ
2578 858 2686 927 τῆς
2738 858 2947 929 γενεᾶς
2985 860 3225 927 ταύτης,
3261 859 3357 913 καὶ
3408 861 3716 930 κατακρινεῖ

2174 947 2387 1016 αὐτὴν,
2437 948 2526 1002 ὅτι
2556 949 2601 981 so
2624 949 2811 1018 ἦλθεν
2860 950 2977 1005 ἀπὸ
3019 949 3137 1003 τῶν
3178 949 3440 1018 περάτων
3477 951 3580 1019 τῆς
3614 954 3712 1021 γῆς

2174 1041 2429 1095 ἀκοῦσαι
2458 1040 2571 1111 τὴν
2586 1043 2809 1112 σοφίαν
2830 1040 3208 1112 Σολομῶνος
3238 1041 3335 1095 καὶ
3378 1042 3500 1096 ιδοὺ
3524 1044 3713 1097 πλεῖον

2175 1130 2527 1201 Σολομῶνος
2574 1131 2709 1196 ὧδε,
2729 1132 2826 1186 καὶ
2856 1134 2927 1187 οὺ
2961 1133 3290 1187 πιστεύετε.
3322 1132 3460 1204 Πρὸς
3489 1133 3542 1186 δὲ
3571 1134 3714 1203 252

2171 1220 2299 1284 τοὺς
2349 1215 2406 1275 ἐν
2460 1221 2540 1293 τῷ
2586 1222 2699 1294 λαῷ
2750 1222 2824 1295 μὴ
2869 1222 3117 1286 θέλοντας
3164 1224 3485 1294 μετανοῆσαι
3529 1224 3614 1275 ἐπὶ
3648 1222 3717 1293 τῷ

2173 1312 2486 1385 κηρύγματι
2515 1313 2680 1366 αὑτοῦ
2715 1309 2887 1367 εἶπεν·
2921 1312 3167 1382 Ἄνδρες
3197 1312 3485 1367 Νινευῐται
3507 1313 3550 1346 ⁹⁰
3571 1313 3715 1383 ἐγερ-

2171 1402 2462 1471 θήσονται
2488 1406 2639 1475 μετὰ
2670 1405 2779 1474 τῆς
2810 1404 3021 1476 γενεᾶς
3052 1406 3293 1474 ταύτης,
3328 1404 3425 1459 καὶ
3470 1421 3717 1472 κατακρι-

2170 1496 2386 1551 νοῦσιν
2434 1498 2648 1565 αὐτὴν,
2692 1497 2782 1551 ὅτι
2826 1498 3194 1564 ἀκούσαντες
3238 1497 3601 1567 μετενόησαν
3644 1498 3721 1561 εὶς

2169 1590 2235 1643 τὸ
2262 1587 2533 1659 κήρυγμα
2564 1589 2749 1645 ’Ῑωνᾶο
2773 1588 2869 1643 καὶ
2894 1588 3022 1642 ιδοὺ
3043 1588 3256 1642 πλεῖον
3278 1588 3411 1651 ὦδε,
3435 1588 3527 1641 καὶ
3546 1588 3721 1653 οὐδεὶς

496 1679 635 1735 bene
698 1688 1021 1749 operantes,
1074 1677 1128 1732 in
1170 1677 1678 1733 condemnationem
1725 1692 1915 1732 eorum
1973 1676 2066 1747 qui

2170 1682 2457 1735 πιστεύει.
2501 1682 2613 1735 Καὶ
2653 1680 2828 1745 οὕτως
2872 1682 3007 1754 πρὸς
3051 1684 3232 1735 πᾶσαν
3276 1680 3522 1734 ἀσέϐειαν
3561 1680 3721 1733 αὐτῶν

497 1772 553 1826 in
598 1781 724 1824 vera
773 1768 1039 1838 religione
1087 1770 1357 1823 bonorum
1414 1782 1639 1837 operum
1695 1770 1926 1838 aequalia
1959 1786 2065 1825 non

2170 1772 2557 1844 ἀντιπαραθεὶς
2599 1774 2726 1837 τοὺς
2773 1773 2879 1826 ἀπὸ
2919 1772 3028 1825 τῶν
3061 1772 3232 1826 ἐθνῶν
3267 1775 3310 1806 ⁹¹
3356 1771 3720 1843 πεποιηκότας,

496 1861 772 1918 faciebant
802 1860 1117 1914 errantibus
1137 1899 1152 1925 ,
1184 1858 1515 1913 admonebat
1555 1858 1833 1927 cordatos,
1867 1869 1927 1915 ut
1960 1876 2067 1916 non

496 1954 673 2008 solum
699 1953 997 2009 bonitatem
1028 1951 1315 2023 gentilium
1348 1959 1632 2019 aequarent
1659 1951 1940 2021 operibus,
1972 1952 2068 2008 sed

494 2049 663 2104 etiam
715 2048 1014 2102 vincerent.
1048 2042 1179 2098 Mihi
1236 2051 1419 2097 autem
1477 2040 1635 2096 fluxit
1693 2042 1782 2097 hic
1835 2058 2064 2112 sermo,

495 2145 787 2202 occasione
835 2150 1059 2211 accepta
1099 2155 1165 2195 ex
1212 2154 1277 2194 eo
1312 2178 1329 2203 ,
1378 2140 1525 2208 quod
1574 2145 1789 2206 oportet
1850 2154 2069 2196 servare

494 2248 708 2307 tempus
767 2232 1109 2306 purgationis
1157 2238 1213 2285 et
1264 2237 1385 2300 post
1439 2227 1793 2283 concubitum
1860 2243 2065 2298 corpus

492 2332 734 2393 abluere,
766 2344 867 2383 nec
909 2323 1137 2380 inticiari
1175 2323 1318 2377 hanc
1364 2320 1771 2387 castimoniam,
1822 2321 1947 2376 licet
1973 2322 2067 2391 qui

494 2424 778 2481 averitate
825 2420 1102 2483 aberrant,
1141 2416 1287 2470 illam
1325 2424 1700 2485 exsequantur
1751 2428 1767 2466 :
1812 2416 2065 2484 quando-

492 2514 712 2586 quidem
743 2512 837 2582 qui
865 2511 918 2564 in
954 2523 1141 2565 errore
1168 2507 1305 2561 bene
1335 2514 1520 2577 agunt,
1553 2512 1607 2559 et
1632 2504 2067 2575 veraareligionis

493 2607 742 2662 homines
776 2603 1163 2665 condemnant,
1210 2608 1265 2655 et
1304 2612 1415 2653 non
1467 2597 1766 2661 salvantur,
1804 2599 1933 2667 quia
1974 2613 2068 2651 ca-

493 2699 730 2756 stitatem
769 2695 956 2753 colunt
984 2701 1206 2764 propter
1248 2704 1512 2754 errorem,
1543 2702 1653 2742 non
1686 2703 1817 2742 vero
1848 2698 2068 2758 propter

492 2791 746 2866 pietatem
780 2789 834 2844 in
866 2803 1054 2843 verum
1078 2784 1293 2838 Patrem
1319 2796 1383 2836 ac
1412 2781 1581 2836 Deum
1609 2788 1956 2836 cunctorum.

556 2970 802 3030 XXXIV.
842 2967 999 3037 Quod
1039 2980 1166 3021 cum
1210 2961 1468 3025 dixisset,
1509 2958 1698 3014 turbas
1735 2958 1967 3026 dimisit,
2009 2968 2064 3015 et

489 3086 559 3126 ex
596 3082 753 3122 more
791 3077 916 3119 cum
967 3056 1333 3114 familiaribus
1379 3054 1503 3108 cibo
1554 3061 1775 3122 sumpto
1833 3052 2058 3122 quievit.

490 3159 569 3214 Ita
600 3172 729 3230 ergo
770 3153 977 3208 faciens
1009 3162 1062 3205 et
1091 3146 1335 3218 quotidie
1374 3144 1678 3212 disserens,
1715 3144 2061 3202 accessiones

493 3251 679 3307 ﬁrmas
728 3245 831 3316 legi
863 3242 956 3297 Dei
990 3238 1240 3302 adduxit,
1272 3244 1490 3306 putatos
1528 3234 1661 3289 deos
1695 3249 1820 3289 cum
1856 3234 2062 3290 credita

492 3339 672 3412 genesi
701 3334 1014 3399 confutans,
1048 3330 1451 3399 ostendensque
1494 3328 1843 3383 temerarium
1879 3344 2062 3384 rerum

492 3447 678 3489 casum
710 3442 1055 3499 nequaquam
1079 3440 1222 3491 esse,
1254 3423 1349 3480 sed
1376 3423 1641 3478 mundum
1671 3436 1738 3477 ex
1767 3419 2065 3477 Providen-

490 3528 564 3583 tia
590 3521 904 3597 gubernari.

561 3697 780 3757 XXXV.
839 3694 1137 3767 Completis
1192 3708 1324 3765 ergo
1378 3691 1553 3750 tribus
1585 3693 1889 3760 mensibus,
1937 3709 2062 3750 cum

488 3812 583 3867 per
612 3794 731 3848 dies
771 3790 1034 3862 jussisset
1083 3803 1168 3842 me
1216 3786 1494 3857 jejunare,
1528 3786 1741 3841 ducens
1785 3786 1851 3841 ad
1886 3785 2065 3844 fontes

489 3887 659 3941 maris
706 3882 920 3937 vicinos
961 3889 1022 3935 ut
1062 3879 1117 3934 in
1162 3878 1387 3949 perenni
1437 3893 1578 3950 aqua
1622 3879 1935 3948 baptizavit.
1974 3878 2065 3935 Sic

491 3978 660 4048 igitur
707 3973 969 4028 fratribus
1024 3971 1231 4026 nostris
1282 3968 1492 4024 feriatis
1530 3984 1595 4024 ac
1633 3968 1771 4024 [satis
1796 3984 1895 4039 pro
1929 3970 2064 4025 mihi

489 4084 520 4122 a
552 4065 663 4119 Deo
693 4078 955 4117 concessa
997 4059 1237 4116 secunda
1288 4058 1601 4122 nativitate,
1648 4058 1844 4115 Petrus
1877 4061 2064 4131 paucis

490 4167 617 4229 post
660 4158 857 4214 diebus
887 4167 1192 4210 conversus
1218 4151 1284 4204 ad
1315 4150 1665 4223 presbyteros
1695 4166 1881 4206 coram
1913 4151 2062 4206 omni

492 4253 732 4310 Ecclesia
779 4248 1059 4322 praecepit,
1081 4247 1311 4302 dicens:
1349 4243 1453 4311 Qui
1488 4244 1641 4305 misit
1675 4258 1777 4299 nos
1801 4243 2065 4303 Dominus

492 4355 677 4400 noster
710 4352 764 4398 ct
787 4341 1071 4413 propheta,
1110 4335 1355 4391 narravit
1388 4333 1567 4401 nobis,
1600 4334 2063 4403 quemadmodum

2168 1860 2248 1923 είς
2279 1860 2604 1932 κατάκρισιν
2634 1860 2742 1913 τῶν
2775 1862 2832 1914 ἐν
2863 1860 3142 1933 θεοσεϐείᾳ
3178 1862 3321 1933 μηδέ
3345 1855 3415 1914 τὸ
3438 1862 3544 1913 ἴσον
3576 1860 3719 1914 καλὸν

2166 1954 2279 2013 τοῖς
2312 1950 2742 2022 πεπλανημένοις
2776 1953 3171 2024 πεποιηκότων,
3220 1952 3346 2015 τοὺς
3396 1951 3606 2022 ἔχοντας
3642 1950 3720 2003 λοι-

2166 2043 2362 2114 γισμὸν
2395 2043 2682 2109 ἐνουθέτει,
2717 2045 2790 2115 μὴ
2828 2045 2984 2116 μόνον
3016 2046 3117 2098 ὅσα
3148 2048 3264 2109 τοῖς
3298 2044 3471 2098 ἔθνεσι
3503 2042 3567 2096 τά
3598 2042 3722 2097 καλὰ

2168 2134 2299 2201 ἴσως
2328 2137 2521 2197 ποιεῖν,
2556 2134 2691 2188 ἀλλά
2722 2135 2783 2188 τὸ
2816 2134 3019 2188 πλεῖον.
3061 2136 3117 2189 '0
3144 2135 3203 2188 δὲ
3237 2136 3391 2205 λόγος
3428 2153 3514 2207 μοι
3545 2135 3721 2207 ἐρρύη,

2167 2225 2437 2295 πρόφασιν
2469 2225 2645 2279 λαϐὼν
2677 2227 2742 2279 ἐκ
2772 2226 2865 2279 τοῦ
2897 2226 3006 2279 δεῖν
3040 2226 3335 2296 φυλάσσειν
3362 2226 3460 2298 τὴν
3492 2227 3718 2297 ἀφεδρον,

2165 2318 2260 2370 καὶ
2301 2318 2410 2371 ἀπὸ
2451 2318 2733 2382 κοινωνίας
2778 2318 3157 2389 βαπτίζεσθαι,
3207 2320 3284 2391 μὴ
3324 2319 3598 2391 ἀρνεῖσθαι
3636 2318 3722 2388 τὴν

2163 2410 2416 2483 τοιαύτην
2440 2411 2681 2481 ἁγνείαν,
2705 2411 2807 2466 κᾶν
2839 2412 2888 2464 oi
2927 2411 3337 2483 πεπλανημένοι
3371 2412 3536 2483 αὐτὴν
3568 2410 3725 2481 πράτ-

2164 2520 2327 2556 τωσιν
2356 2503 2423 2566 θ’,
2471 2504 2560 2557 ὅτε
2592 2505 2672 2568 είς
2706 2503 3031 2573 κατάκρισιν
3061 2503 3171 2557 τῶν
3203 2504 3273 2555 ἐν
3307 2502 3579 2573 θεοσεϐείᾳ
3605 2502 3728 2555 εἰσὶν

2164 2596 2212 2647 οἱ
2267 2595 2324 2647 ἐν
2380 2594 2557 2668 πλάνῃ
2608 2595 2888 2658 ποιοῦντες
2934 2593 3115 2658 καλῶς
3163 2594 3315 2665 μετά
3345 2594 3437 2649 τοῦ
3473 2594 3544 2666 μὴ
3577 2594 3726 2659 σώζε-

2167 2686 2323 2739 σθαι’
2359 2687 2441 2739 ὅτι
2489 2690 2522 2758 ἡ
2571 2687 2703 2758 τιμὴ
2736 2686 2836 2756 τῆς
2868 2686 3091 2755 ἁγνείας
3121 2686 3311 2738 αὐτῶν
3353 2687 3465 2739 ἐστι
3514 2684 3597 2739 διά
3641 2685 3728 2756 τὴν

2165 2776 2392 2849 πλάνην,
2426 2778 2520 2830 καὶ
2550 2778 2612 2830 οὐ
2644 2777 2733 2830 διὰ
2764 2776 3055 2849 θρησκείαν
3085 2776 3178 2829 τοῦ
3207 2775 3387 2842 ὅντως
3417 2778 3617 2849 Πατρὸς
3646 2776 3729 2829 καὶ

2165 2869 2299 2922 Θεοῦ
2332 2869 2441 2923 τῶν
2472 2870 2626 2923 ὅλων.

2235 2961 2477 3018 XXXIV.
2520 2960 2692 3016 Τοῦτο
2738 2960 2795 3014 δὲ
2843 2959 3034 3027 εἰπὼν,
3071 2961 3314 3015 ἀπέλυσε
3363 2962 3487 3026 τοὺς
3537 2960 3729 3032 ὄχλους,

2165 3058 2261 3111 καὶ
2302 3054 2545 3127 συνήθως
2587 3054 2729 3108 ἀλῶν
2778 3055 2874 3107 σὺν
2922 3057 3035 3118 τοῖς
3092 3054 3374 3124 φιλτάτοις
3409 3052 3726 3127 μεταλαϐὼν,

2164 3148 2457 3220 ἡσύχασεν.
2513 3146 2699 3210 Οὖτως
2729 3142 2821 3199 οὖν
2855 3145 3024 3199 ποιῶν
3065 3148 3158 3200 καὶ
3189 3147 3571 3219 διαλεγόμενος
3610 3145 3727 3198 ἐκά-

2166 3256 2340 3305 στοτε,
2377 3236 2737 3310 προσαγωγὰς
2923 3236 3063 3290 κατά
3099 3236 3159 3289 τὸ
3191 3237 3412 3309 βέϐαιον
3448 3236 3729 3309 προσέφερε

2164 3331 2243 3403 τῷ
2275 3330 2368 3386 τοῦ
2408 3329 2541 3383 Θεοῦ
2576 3329 2744 3401 νόμῳ,
2776 3330 2904 3394 τοὺς
2936 3328 3328 3401 νομιζομένους
3365 3331 3502 3403 μετά
3527 3332 3621 3401 τῆς
3651 3344 3730 3381 νο-

2169 3424 2464 3498 μιζομένης
2501 3422 2765 3492 γενέσεως
2807 3422 3063 3494 ἐλέγχων,
3100 3424 3193 3477 καὶ
3224 3424 3312 3478 ὅτι
3347 3424 3732 3497 αὑτοματισμδς

2170 3520 2266 3589 μὲν
2301 3518 2400 3571 οὐκ
2440 3517 2606 3581 ἐστιν,
2637 3516 2772 3570 ἀλλά
2804 3516 2947 3571 κατά
2974 3517 3234 3590 Πρόνοιαν
3264 3519 3546 3573 διοικεῖται
3585 3521 3612 3572 ὁ
3650 3517 3733 3570 κό-

2168 3625 2323 3679 σμος.

2235 3698 2455 3752 XXXV.
2493 3695 2672 3769 Τριῶν
2705 3691 2807 3749 ὀὖν
2845 3696 3028 3768 μηνῶν
3061 3696 3483 3768 πληρωθέντων,
3520 3696 3731 3771 νηστεῦ-

2170 3792 2260 3844 σαί
2299 3808 2387 3862 μοι
2422 3789 2680 3853 κελεύσας
2712 3790 2955 3861 ἡμερῶν,
2991 3790 3149 3862 253
3172 3792 3402 3862 ἀγαγών
3440 3810 3506 3865 με
3539 3793 3616 3855 είς
3644 3789 3733 3852 τὰς

2164 3884 2221 3935 ἐν
2252 3885 2319 3954 τῇ
2366 3881 2609 3955 θαλάσσῃ
2653 3880 2880 3953 πλησίον
2921 3880 3086 3946 obeat;
3139 3884 3348 3954 πηγὰς,
3398 3885 3476 3948 ὡς
3515 3885 3592 3947 είς
3621 3882 3734 3935 ἀέν-

2163 3994 2289 4031 ναον
2320 3975 2366 4006 ⁸⁸
2402 3974 2694 4028 ἐϐάπτισεν
2736 3972 2900 4046 ὕδωρ.
2968 3973 3157 4039 Οὕτως
3211 3972 3309 4030 οὖν
3363 3976 3735 4049 εύωχηθέντων

2162 4068 2272 4122 τῶν
2309 4066 2550 4137 ἀδελφῶν
2584 4066 2739 4139 ἡμῶν
2780 4066 2872 4119 ἐπὶ
2910 4069 2977 4139 τῇ
3013 4066 3334 4140 θεοδωρήτῳ
3386 4089 3488 4142 μου
3522 4072 3738 4137 ἀναγεν-

2162 4161 2345 4231 νήσει,
2397 4161 2512 4229 μετ’
2562 4158 2623 4211 οὐ
2676 4156 2878 4221 πολλάς
2924 4157 3141 4230 ἡμέρας
3188 4163 3305 4225 τοῖς
3353 4160 3736 4233 πρεσϐυτέροις

2163 4249 2505 4321 ἐπιστρέφων
2548 4249 2641 4303 ἐπὶ
2683 4248 2867 4320 πάσης
2914 4250 3016 4320 τῆς
3075 4251 3407 4329 Ἐκκλησίας
3451 4252 3741 4306 ἐνετείλατο

2163 4341 2365 4412 λέγων·
2412 4342 2470 4395 '0
2508 4340 2834 4404 ἀποστείλας
2865 4342 3014 4412 ἡμᾶς
3043 4343 3247 4415 Κύριος
3280 4345 3443 4417 ἡμῶν
3483 4345 3577 4400 καὶ
3610 4361 3736 4416 προ-

490 4439 743 4496 diabolus
789 4433 1151 4505 quadraginta
1199 4429 1393 4485 diebus
1443 4442 1571 4483 cum
1624 4443 1690 4482 eo
1735 4429 2059 4499 collocutus,

2168 4437 2341 4508 φήτης
2371 4434 2685 4506 ὑφηγήσατο
2713 4437 2866 4506 ἡμῖν,
2888 4436 2963 4499 ὡς
2989 4437 3016 4489 ὁ
3054 4436 3290 4507 πονηρὸς
3336 4437 3742 4509 τεσσαράκοντα

493 4530 736 4598 nihilque
773 4534 967 4580 contra
991 4524 1202 4589 valens,
1226 4520 1543 4591 promiserit
1561 4536 1621 4576 se
1641 4536 1707 4576 ex
1738 4521 1853 4577 suis
1879 4533 2059 4579 secta-

2168 4529 2384 4600 ἡμέρας
2426 4527 2723 4598 διαλεχθεὶς
2770 4528 2919 4598 αὐτῷ
2964 4528 3058 4581 καὶ
3114 4528 3281 4600 μηδὲν
3324 4529 3580 4600 δυνηθεὶς
3614 4525 3742 4598 πρὸς

495 4620 706 4678 toribus
742 4616 1018 4687 apostolos
1070 4612 1137 4667 ad
1195 4611 1443 4666 fraudem
1508 4610 1813 4668 faciendam
1859 4614 2064 4670 missu-

495 4732 639 4773 rum.
674 4712 855 4780 Quare
883 4717 1009 4763 ante
1030 4704 1215 4760 omnia
1248 4718 1522 4759 memores
1545 4714 1719 4759 estote
1746 4704 1897 4759 illum
1930 4721 2063 4776 apo-

493 4808 696 4865 stolum
739 4803 826 4859 vel
861 4802 1183 4871 magistrum
1232 4796 1315 4851 vel
1354 4796 1681 4866 prophetam
1728 4796 1937 4868 fugere,
1966 4798 2061 4868 qui

564 4950 590 4980 α
628 4934 818 4992 Matth.
854 4948 956 5000 ιιι,
989 4931 1081 4987 49.
1181 4929 1209 4969 ιι
1248 4927 1380 4985 Luc.
1412 4944 1487 4994 ιιι,
1511 4928 1602 4982 52.

2167 4620 2347 4686 αὑτὸν,
2382 4622 2446 4674 ἐκ
2472 4619 2581 4673 τῶν
2611 4618 2776 4673 αὑτοῦ
2828 4619 3078 4690 ἐπηκόων
3107 4620 3153 4651 ’⁸
3207 4620 3582 4692 ἐπηγγέλλετο
3615 4617 3746 4690 πρὸς

2166 4711 2381 4782 ἀπάτην
2408 4710 2735 4773 ἀποστόλους
2767 4708 2997 4780 πέμψαι.
3029 4708 3121 4762 Διὸ
3146 4708 3255 4781 πρὸ
3284 4709 3508 4762 πάντων
3546 4707 3747 4779 μέμνη-

2168 4801 2257 4855 σθε
2294 4800 2587 4854 ἀπόστολον
2620 4800 2667 4831 ⁸⁸
2699 4800 2732 4871 ἢ
2766 4798 3083 4853 διδάσκαλον
3127 4799 3161 4871 ἢ
3200 4799 3492 4870 προφήτην
3531 4795 3747 4867 φεύγειν

1837 5114 2069 5171 νΑιιιΑῑ
2111 5115 2509 5173 LECTIONES.

563 5233 608 5267 so
634 5225 849 5277 auom.
879 5215 943 5271 0.
1017 5212 1324 5271 οοΝινευῖτα
1414 5205 1477 5262 0.
1556 5207 1601 5245 ’⁸
1648 5205 1779 5260 Post
1829 5207 1997 5263 ἐθνῶν
2068 5212 2373 5265 addendum
2433 5209 2555 5263 fort.
2612 5202 2670 5261 εὖ
2730 5204 2815 5260 vel
2870 5204 3049 5277 καλῶς
3080 5211 3221 5277 _post
3260 5200 3639 5277 πεποιηκότας

494 5298 541 5368 2
563 5296 869 5368 πράττιιρρξγ
898 5288 938 5342 S
977 5284 1031 5368 .0
1061 5325 1075 5349 ν
1107 5284 1438 5368 πράττοιςιχ
1458 5279 1527 5368 9::

494 5432 809 5494 Parisiensi.

1644 5278 1690 5311 ⁸³
1718 5277 1796 5331 lta
1844 5278 1889 5331 Ο
1943 5294 1993 5334 c.
2048 5281 2087 5336 S
2118 5323 2132 5346 ,
2160 5282 2351 5335 ἀέναον
2370 5279 2430 5334 C.

493 5348 860 5421 Tumaddidi
893 5348 1112 5429 φεύγειν
1153 5348 1225 5410 cx
1289 5350 1625 5420 conjectura,
1677 5348 2041 5420 inseripsique
2086 5353 2298 5407 lacuna:
2341 5353 2396 5405 in
2440 5348 2484 5403 Ο
2536 5349 2705 5403 obviae
2739 5363 2768 5401 v

2532 5285 2580 5315 θδ
2632 5277 2761 5344 Leg.
2796 5266 3049 5344 ὑπηκόων
3076 5266 3133 5328 ς.
3159 5341 3174 5344 Α
3233 5280 3281 5344 '_'
3310 5266 3651 5344 ἀποστόλους
3679 5266 3742 5344 Q.

2796 5293 2825 5329 υ
2910 5293 3049 5328 κοων
3077 5293 3133 5328 δ.
3235 5293 3281 5314 ’⁸
3310 5293 3651 5332 αποστοΛους
3679 5293 3740 5323 υ.

2774 5293 3198 5418 οοἿάκριϐῶς].
3231 5342 3400 5398 Tacet
3421 5344 3465 5398 Β
3522 5340 3591 5395 de
3622 5339 3740 5394 cod.

1828 5507 2192 5564 VARIORUM
2229 5503 2460 5561 NOTAE.

567 5620 678 5689 (δι)
718 5614 1110 5689 Προσαγαηήὰς
1168 5607 1557 5689 προσέφερεν.
1611 5602 1691 5657 Ad
1718 5604 2051 5689 verbumsic

493 5674 678 5751 verte}
708 5674 1040 5755 Divinw'leg'i
1068 5674 1504 5756 ﬁrmas‘adduxit
1547 5677 1908 5756 accessiones;
1942 5674 2044 5756 hoc

494 5772 600 5827 est,
639 5760 888 5815 homines
926 5753 1216 5811 nonnullos
1259 5753 1334 5807 ita
1362 5753 1663 5813 convertit,
1695 5758 1750 5802 ut
1782 5753 1833 5801 in
1867 5754 2049 5817 poste-

2156 5619 2278 5658 rum
2310 5601 2508 5655 divina:
2541 5596 2861 5652 revelationi
2900 5610 2967 5651 ex
3010 5594 3197 5650 animo
3234 5591 3530 5650 crederent
3565 5604 3621 5650 et
3643 5590 3742 5647 ad-

2156 5675 2443 5730 haererent.
2472 5670 2663 5723 DAVIS.
