4004 6332
257 372 347 428 505

1361 363 1818 421 CLEMENTINA.
1840 391 1909 405 -—
1934 360 2218 415 ilOMlLlA
2258 357 2373 414 XII.

3365 339 3479 411 τοο

316 485 374 539 γ.
397 484 567 554 Κάγὼ
595 485 1004 556 ἀπεκρινάμηνσ
1032 484 1123 552 Μὴ
1143 480 1319 536 τοίνυν
1341 481 1565 554 νομίσῃς
1583 521 1596 543 ,
1621 480 1795 552 κύριε,

1972 475 2037 530 ν.
2076 475 2141 529 Ει
2171 492 2270 546 ego
2298 476 2553 545 respondi
2582 473 2739 529 :Noli
2765 481 2946 529 autem
2968 481 3197 544 putare,
3226 471 3469 541 domine,

252 580 321 632 ὅτι
341 578 404 630 τὰ
424 576 601 647 λύπης
627 576 853 647 πάσχειν
872 575 1098 648 ήμελλον
1121 574 1378 646 ἀνοήτως,
1396 572 1530 627 ἀλλά
1547 573 1641 625 καὶ
1661 572 1799 625 πάνυ

244 670 371 742 ὀρθῷ
392 667 773 739 τινιλογισμῷ.
800 668 951 720 Ἐπεὶ
970 667 1077 738 γάρ
1100 683 1179 730 σε,
1209 666 1365 738 κύριέ
1387 684 1509 736 μου,
1531 665 1651 719 ἀντὶ
1671 664 1801 717 πάν-

242 780 332 815 των
353 761 477 830 ἔχω,
496 759 703 832 πατρός
724 777 783 813 τε
805 760 896 812 καὶ
916 759 1118 831 μητρὸς
1133 758 1225 812 καὶ
1245 757 1486 828 ἀδελφῶν
1505 756 1598 810 καὶ
1613 773 1803 825 συγγε-

243 853 352 914 νῶν,
380 851 552 904 αἴτιόν
581 867 670 923 μοι
690 850 976 922 γενόμενον
1002 850 1089 904 διὰ
1113 849 1203 903 τὸν
1242 849 1373 903 Θεὸν
1404 850 1503 921 τῆς
1526 846 1802 920 σωζούσης

244 943 485 1015 ἀληθείας
499 983 515 1007 ,
554 943 673 997 ἀντὶ
694 942 909 996 πάντων
928 943 1064 1014 έχων
1086 960 1146 998 σε
1165 940 1514 1015 παραμυθίας
1530 942 1628 1014 τῆς
1652 942 1803 1012 μεγί-

245 1051 359 1106 στης
372 1033 647 1105 τυγχάνω.
662 1034 806 1105 Πρὸς
827 1032 1053 1097 τούτοις,
1069 1031 1252 1098 δεδιώς
1277 1050 1376 1104 μου
1397 1033 1603 1103 καὶτῆς
1619 1032 1802 1104 ἀκμῆς

241 1122 325 1191 τὴν
356 1121 419 1172 ἐκ
453 1118 671 1189 φύσεως
692 1118 1006 1191 ἐπιθυμίαν,
1030 1119 1298 1190 ἠγωνίων,
1328 1119 1404 1189 μή
1439 1135 1554 1180 πως
1587 1116 1804 1170 ἀπολει-

243 1211 379 1281 φθείς
409 1224 530 1278 σου,
558 1210 655 1265 ἄνθ
666 1228 845 1282 ρωπος
872 1210 949 1264 ὣν
969 1210 1254 1283 νεώτερος,
1277 1211 1449 1281 ὅσπερ
1463 1210 1506 1241 ⁸⁷
1522 1207 1616 1263 νῦν
1635 1206 1808 1271 οὕτως

243 1304 535 1369 ἐνστάσεως
560 1304 690 1376 ἔχω,
711 1305 789 1370 ὡς
824 1306 887 1360 ἂν
916 1305 990 1379 μὴ
1019 1307 1161 1361 κατά
1184 1323 1303 1361 τινα
1329 1304 1485 1377 χόλον
1507 1301 1641 1359 Θεοῦ
1670 1303 1807 1357 ἀπο-

243 1389 409 1460 στῆναί
447 1407 544 1442 σου
570 1391 829 1444 ἀδύνατον
861 1388 1073 1458 εἷναι¹⁸,
1099 1394 1275 1465 ἥττων
1302 1393 1467 1464 258
1514 1395 1803 1467 ἐπιθυμίας

240 1479 434 1551 ἔσομαι.
471 1482 609 1535 Ἀλλ’
637 1483 823 1555 ἐπειδὴ
848 1483 1028 1555 ⁴πολλῷ
1049 1486 1268 1556 ἄμεινον
1285 1488 1377 1540 καὶ
1400 1486 1802 1559 ἀσφαλέστερον

243 1570 459 1623 συνεῖναί
478 1572 546 1641 μέ
560 1588 662 1636 σοι,
676 1571 865 1644 τούτῳ,
942 1574 986 1605 ’⁸
1001 1575 1030 1626 ό
1042 1574 1165 1638 νοῦς
1179 1592 1277 1646 μου
1293 1576 1553 1631 αἰδεῖσθαι
1570 1576 1802 1646 εὐλόγως

241 1662 572 1733 προείληφεν,
607 1664 687 1716 διὸ
712 1664 885 1735 πάντη
918 1682 999 1718 σοι
1024 1665 1067 1697 ³⁰
1096 1670 1331 1721 συνεῖναι
1366 1666 1613 1739 εὔχομαι.
1658 1670 1802 1742 Πρὸς

147 1816 157 1838 .
240 1750 424 1813 τούτοις
443 1752 501 1804 δὲ
530 1752 813 1824 μέμνημαί
832 1770 922 1806 σου
940 1756 996 1808 ὲν
1015 1756 1322 1829 Καισαρείᾳ
1341 1758 1585 1822 εἰπόντος
1600 1774 1613 1788 ·
1638 1756 1801 1821 Είτις

1901 569 2048 640 quod
2084 569 2248 623 istum
2274 582 2563 622 maerorem
2599 567 2919 636 insipienter
2950 566 3054 621 sim
3086 580 3465 636 perpessurum,

1900 661 2150 730 quinimo
2178 660 2470 715 admodum
2497 669 2645 715 recta
2665 659 2896 713 ratione.
2922 656 3192 724 Quoniam
3216 658 3361 712 enim
3393 666 3466 723 te,

1901 754 2122 810 domine
2154 752 2260 820 mi,
2290 768 2391 822 pro
2422 750 2675 807 omnibus
2703 750 2898 814 habeo,
2932 764 3031 818 pro
3061 757 3234 819 patre,
3272 756 3466 811 matre,

1901 842 2167 899 fratribus
2200 853 2257 898 et
2291 843 2537 914 cognatis
2558 883 2576 910 ,
2608 841 2703 911 qui
2734 856 2833 912 per
2865 841 3033 895 Deum
3086 849 3279 895 auctor
3332 839 3467 895 mihi

1902 934 2054 990 fuisti
2102 935 2459 1005 agnoscenda:
2503 934 2818 989 servatricis
2867 932 3143 998 veritatis,
3185 932 3240 986 in
3285 933 3466 987 locum

1901 1028 2147 1083 omnium
2199 1028 2407 1083 habens
2463 1035 2517 1083 te
2567 1026 2805 1081 maxima
2860 1024 3017 1081 fruor
3068 1026 3463 1081 consolatione.

1899 1116 2166 1174 Praeterea
2195 1119 2405 1175 veritus
2434 1117 2737 1188 juventutis
2770 1132 2905 1170 mea:
2938 1114 3241 1171 naturalem
3266 1129 3471 1170 concu-

1902 1209 2222 1279 piscentiam
2258 1210 2455 1265 anxius
2498 1223 2645 1261 eram
2670 1248 2686 1272 ,
2721 1222 2789 1261 ne
2833 1206 2975 1262 forte
2999 1247 3014 1273 ,
3048 1207 3145 1277 qui
3181 1206 3347 1260 homo
3372 1206 3468 1275 ju-

1900 1301 2055 1357 vcnis
2089 1316 2208 1356 sum
2238 1341 2251 1368 ,
2288 1300 2598 1370 disjunctus
2631 1316 2661 1353 a
2695 1308 2747 1354 te
2781 1298 2897 1368 (qui
2934 1312 3079 1353 nunc
3112 1297 3187 1352 ita
3222 1298 3467 1352 animum

1903 1392 2109 1457 induxi,
2141 1401 2201 1445 ut
2232 1392 2439 1460 absque
2464 1390 2646 1445 divina
2676 1391 2909 1461 qundam
2936 1389 3028 1447 ira
3058 1403 3167 1444 non
3197 1390 3403 1459 possim
3436 1405 3469 1443 a

1901 1491 1953 1537 te
1984 1483 2227 1553 divelli),
2258 1498 2287 1538 a
2332 1483 2627 1553 cupiditate
2662 1483 2931 1536 vincerer.
2966 1478 3072 1535 Sed
3115 1482 3245 1551 quia
3294 1485 3470 1535 multo

1902 1575 2095 1631 melius
2118 1590 2182 1629 ac
2213 1575 2386 1630 tutius
2408 1583 2510 1641 est,
2542 1588 2629 1629 me
2659 1588 2881 1628 manere
2905 1574 3047 1644 apud
3082 1582 3157 1638 te,
3190 1573 3465 1632 hominem

1900 1680 2061 1735 quem
2105 1667 2321 1721 animus
2370 1680 2528 1721 meus
2570 1667 2766 1720 merito
2812 1665 3050 1722 revereri
3082 1664 3353 1729 instituit,
3385 1664 3469 1718 id-

1901 1758 2050 1811 circo
2096 1757 2322 1812 omnino
2371 1765 2549 1812 tecum
2602 1772 2724 1812 esse
2756 1767 2902 1826 opto.
2960 1756 3043 1810 Ad
3077 1755 3195 1809 haae
3241 1755 3467 1810 memini
3525 1740 3529 1744 ’

244 1840 469 1911 βούλεταί
500 1860 592 1914 μοι
627 1844 957 1911 συνοδεῦσαι,
988 1826 1224 1908 εὐσεϐῶς
1251 1826 1575 1901 συνοδευέτω
1596 1846 1660 1902 ³¹.
1690 1848 1795 1901 Εὐ-

1901 1857 1951 1904 te
1978 1850 2118 1920 apud
2152 1849 2457 1906 Caesaream
2491 1851 2695 1906 dixisse
2730 1868 2745 1905 ε
2783 1850 2839 1905 Si
2873 1850 2999 1920 quis
3027 1848 3146 1906 vult
3174 1863 3264 1903 me
3295 1850 3467 1905 comi-

242 1934 391 1999 σεὸῶς
407 1935 467 1987 δὲ
490 1935 647 2007 ἔφης,
673 1937 733 1991 τὸ
759 1937 958 2008 μηδένα
982 1937 1170 1991 λυπεῖν
1189 1938 1329 1992 κατά
1354 1939 1505 2003 Θεὸν,
1527 1936 1636 1993 οἷον
1658 1941 1796 1993 ἀπο-

241 2026 441 2080 λιπόντα
464 2029 509 2060 "
536 2032 736 2097 γονεῖς,
761 2034 994 2099 γυναῖκα
1017 2031 1307 2103 ὁμόφρονα,
1332 2032 1365 2103 ἢ
1392 2032 1611 2104 ἑτέρους
1646 2031 1797 2094 τινὰς

244 2122 296 2191 τῇ
325 2120 608 2191 θεοσεϐείᾳ
640 2122 1088 2193 προσκειμένους.
1127 2123 1286 2177 Ὅθεν
1308 2123 1418 2192 ἐγὼ
1441 2123 1583 2177 κατά
1619 2124 1798 2178 πάντα

244 2212 524 2281 ἐπιτήδειός
574 2214 689 2285 εἰμί
736 2231 819 2268 σοι
871 2215 1275 2287 συνοδοιπόρος,
1318 2208 1364 2284 ᾧ
1405 2217 1455 2269 εί
1487 2215 1582 2269 καὶ
1602 2215 1671 2269 τὰ
1700 2215 1797 2287 μέ-

245 2319 385 2375 γιστα
407 2302 635 2375 χαρίζῃ,
669 2304 771 2369 τὰς
802 2304 1002 2358 δούλων
1038 2322 1129 2376 μοι
1164 2306 1466 2379 ὑπηρεσίας
1499 2310 1799 2379 συγχωρεῖς

250 2397 425 2448 ⁴ιοοιεῑν.

320 2519 394 2576 Vl.
433 2523 533 2576 Καὶ
556 2524 584 2577 ό
616 2522 845 2593 Πέτρος,
874 2524 1129 2589 ἀκούσας,
1154 2522 1448 2593 γελοιάζων
1472 2522 1604 2594 ἔφη·
1626 2523 1689 2576 Τί
1704 2520 1797 2577 οὖν

254 2610 358 2675 οἴει,
383 2612 627 2685 Κλήμης,
667 2614 743 2685 μὴ
788 2614 878 2667 ὐπ’
911 2615 1079 2686 αὐτῆς
1110 2614 1353 2684 ἀνάγκης
1396 2629 1455 2665 σε
1488 2613 1567 2674 είς
1597 2610 1797 2665 δούλων

247 2719 327 2773 Ι,ιοι
354 2704 579 2773 ταγῆναι
622 2704 823 2770 τόπον;
859 2705 1008 2757 Ἐπεὶ
1032 2704 1117 2767 τίς
1146 2703 1246 2766 τάς
1270 2701 1440 2765 καλὰς
1472 2703 1567 2755 καὶ
1600 2701 1798 2765 πολλὰς

243 2792 462 2856 σινδόνας
486 2793 630 2864 μετά
661 2792 769 2847 τῶν
801 2792 1079 2864 ἑπομένων
1115 2808 1204 2863 μοι
1226 2789 1523 2844 δακτυλίων
1548 2787 1640 2842 καὶ
1665 2789 1798 2868 ὐπο-

237 2885 421 2957 δήσεων
466 2885 737 2956 φυλάξεις
783 2886 879 2950 Τίς
908 2885 965 2940 δὲ
1009 2885 1101 2939 καὶ
1132 2883 1203 2938 τά
1241 2883 1369 2955 ἡδέα
1404 2884 1495 2937 καὶ
1531 2880 1794 2951 πολυτελῆ

235 2976 798 3049 δψαυπροετοιμάσει,
834 2977 1006 3044 ἅτινα,
1041 2974 1256 3030 ποικίλα
1290 2976 1436 3040 ὄντα,
1468 2972 1673 3027 πολλῶν
1704 2974 1797 3027 καὶ

234 3070 477 3139 τεχνιτῶν
505 3069 555 3101 ³⁸
587 3068 757 3121 δεῖται
800 3068 1101 3139 μαγείρων,
1129 3068 1221 3120 καὶ
1262 3066 1439 3120 πάντα
1483 3066 1665 3118 ἐκεῖνα
1696 3065 1796 3118 ὅσα

1901 1943 2026 2008 tari,
2063 1943 2150 2012 pie
2180 1944 2492 2001 comitetur.
2528 1943 2623 1998 Pie
2656 1953 2840 1998 autem
2884 1944 3105 1999 dicebas
3127 1985 3142 2012 ,
3191 1943 3464 1998 neminem

1900 2033 2123 2089 tristitia
2153 2035 2451 2088 secundum
2483 2033 2649 2089 Deum
2679 2034 2914 2098 allicere,
2937 2035 3085 2089 velut
3110 2035 3466 2105 relinquendo

1897 2132 2170 2195 parentes,
2205 2138 2432 2180 uxorem
2474 2126 2816 2188 unanimem,
2852 2134 2947 2180 aut
2980 2126 3117 2182 alios
3154 2140 3294 2181 vera:
3330 2126 3465 2181 reli-

1898 2216 2045 2287 gioni
2079 2215 2347 2273 addictos.
2389 2215 2543 2273 Unde
2574 2234 2675 2290 ego
2718 2233 2942 2289 prorsus
2986 2219 3085 2274 tibi
3128 2234 3248 2274 sum
3302 2229 3463 2291 aptus

1898 2306 2112 2363 itineris
2150 2321 2354 2373 comes,
2389 2323 2420 2362 a
2452 2323 2560 2377 quo
2602 2309 2648 2363 si
2679 2309 2975 2363 maximam
3008 2310 3143 2365 velis
3167 2309 3307 2364 inire
3338 2325 3465 2380 gra-

1898 2398 2055 2463 tiam,
2091 2398 2398 2455 ministeria
2434 2413 2717 2455 servorum
2752 2399 2906 2454 obire
2930 2399 3068 2455 mihi
3100 2404 3389 2455 concedes.

1969 2508 2056 2564 Vl.
2080 2508 2196 2567 Hoc
2221 2512 2426 2581 audito,
2455 2511 2647 2568 Petrus
2681 2514 2969 2571 subridens
3005 2515 3079 2571 ait
3108 2534 3121 2570 :
3157 2515 3297 2583 Quid
3328 2532 3461 2586 ergo

1895 2611 2075 2671 putas,
2110 2601 2366 2659 Clemens
2390 2643 2405 2668 ,
2442 2604 2585 2674 quod
2630 2619 2741 2660 non
2778 2606 2892 2675 ipsa
2930 2608 3257 2663 necessitate
3299 2618 3356 2664 tu
3404 2610 3460 2663 in

1896 2711 2177 2752 servorum
2211 2697 2389 2752 locum
2419 2697 2552 2752 mihi
2581 2699 2886 2770 redigeris?
2918 2698 3052 2754 Nam
3086 2704 3211 2772 quis
3242 2702 3461 2774 elegan—

1898 2796 1978 2842 tes
2008 2803 2073 2843 ac
2105 2789 2305 2844 multas
2340 2788 2599 2845 sindoncs
2649 2805 2772 2844 cum
2825 2789 3097 2860 adjunctis
3145 2792 3363 2846 annulis
3406 2800 3462 2846 et

1895 2879 2093 2935 calceis
2127 2880 2259 2935 mihi
2292 2880 2604 2936 custodiet?
2636 2879 2770 2948 Quis
2799 2897 2929 2936 vero
2961 2890 3015 2936 et
3047 2881 3233 2936 suavia
3266 2881 3464 2952 exqui-

1895 2970 2111 3040 silaque
2157 2971 2387 3040 opsonia
2420 2960 2940 3041 praeparabit,quae
2972 2986 3095 3027 cum
3130 2973 3276 3026 varia
3314 2973 3456 3036 sint,

1896 3061 2095 3117 multos
2127 3076 2192 3118 ac
2222 3062 2426 3132 peritos
2457 3063 2738 3132 postulant
2764 3077 2971 3133 coquos
3004 3081 3017 3118 :
3049 3072 3103 3119 et
3135 3063 3317 3119 omnia
3344 3065 3457 3130 illa,

234 3158 713 3232 ἐκτεθηλυμμένων
736 3160 782 3190 ³⁵
816 3158 1114 3230 ἀνθρώπων
1140 3159 1216 3221 ὡς
1247 3158 1418 3230 θηρίῳ
1465 3156 1681 3229 μεγάλῳ
1722 3159 1789 3227 τῇ

1895 3169 2020 3224 quae
2051 3154 2194 3225 apud
2222 3154 2565 3210 eﬁ'eminatos
2595 3154 2844 3211 homines
2866 3154 3170 3227 cupiditati,
3199 3164 3454 3225 tanquam

234 3248 479 3321 ἐπιθυμίᾳ
516 3251 585 3302 ὲκ
628 3248 805 3319 πάσης
832 3248 1139 3315 πλεονεξίας
1164 3246 1488 3319 πορισθέντα
1514 3243 1792 3316 ἑτοιμάζε-

232 3355 333 3403 ται;
366 3340 519 3412 Πλὴν
558 3340 659 3411 ἡ⁸⁶
689 3342 913 3411 τοιαύτη
967 3356 1025 3393 σε
1071 3339 1389 3411 προαίρεσις
1439 3336 1788 3409 ὐπεισῆλθεν,

235 3428 345 3493 [suc
377 3433 450 3504 μὴ
508 3432 740 3485 συνέντα
772 3432 865 3485 καὶ
895 3431 986 3485 τὸν
1016 3430 1147 3502 ἐμὸν
1190 3428 1485 3498 ἀγνοοῦντα
1532 3428 1675 3500 βίον,
1709 3429 1791 3481 ὅτι

232 3520 360 3593 ἄρτῳ
387 3524 546 3594 μόνῳ
574 3523 669 3576 καὶ
708 3521 912 3585 ἐλαίαις
942 3523 1182 3593 χρῶμαι,
1212 3521 1306 3575 καὶ
1350 3520 1586 3581 σπανίως
1628 3518 1792 3587 λαχά-

231 3628 323 3675 νοις
343 3652 357 3676 ,
406 3615 507 3666 καὶ
532 3614 615 3665 ὃτι
644 3612 853 3684 ἱμάτιόν
883 3629 971 3683 μοι
1010 3613 1102 3666 καὶ
1123 3610 1403 3685 τριϐώνιον
1425 3610 1535 3682 (55)
1557 3610 1790 3681 ὑπάρχει

228 3701 352 3756 τοῦτ’
376 3705 420 3736 ⁸⁷
458 3703 601 3757 αὐτὸ
631 3704 658 3785 ζ
682 3702 1097 3775 περιϐέϐλημαι,
1126 3704 1219 3759 καὶ
1261 3702 1448 3776 ἐτέρου
1482 3702 1666 3774 χρείαν
1691 3702 1790 3754 οὐκ

230 3792 321 3864 ἕλω
337 3798 453 3851 οὐδὲ
476 3797 649 3867 259
660 3796 829 3851 ἄλλων
846 3797 1023 3849 τινῶν.
1051 3798 1138 3850 Ἑν
1156 3796 1263 3868 γὰρ
1283 3796 1485 3859 τούτοις
1501 3795 1592 3848 καὶ
1612 3811 1678 3847 πε
1687 3810 1792 3865 ρισ-

231 3887 461 3959 deﬂeam.
499 3890 563 3943 '0
595 3888 719 3952 νοῦς
756 3888 863 3958 γάρ
892 3906 1013 3959 μου,
1047 3888 1116 3943 τά
1140 3890 1254 3942 ἐκεῖ
1285 3887 1462 3941 πάντα
1485 3885 1625 3959 όρῶν
1659 3883 1790 3938 αίώ-

228 3995 302 4031 νια
329 3981 543 4050 ἀγαθὰ,
587 3981 736 4035 οὐδὲν
764 3980 873 4035 τῶν
918 3981 1145 4035 ἐνταῦθα
1187 3979 1590 4053 περιϐλέπεται.
1620 3976 1787 4046 Πλὴν,

229 4069 308 4122 σοῦ
335 4073 432 4142 μὲν
467 4073 579 4143 τὴν
603 4072 811 4141 ἀγαθὴν
831 4072 1144 4144 προαίρεσιν
1169 4071 1518 4142 ἀποδέχομαι,
1545 4071 1639 4124 καὶ
1658 4070 1788 4126 θαυ-

230 4160 399 4228 μάζων
432 4162 671 4227 ἐπαινῶ,
700 4161 817 4225 πῶς
846 4163 983 4234 ἀνὴρ
1024 4164 1088 4215 ὲκ
1113 4161 1414 4215 πολυτελῶν
1439 4162 1575 4216 ὲθῶν
1616 4164 1789 4237 ὐπάρ-

226 4268 320 4321 κων
361 4256 574 4327 ῥᾳδίως
610 4258 724 4319 τοῖς
754 4254 1063 4324 ἀναγκαίοις
1094 4255 1184 4308 τὸν
1222 4255 1445 4308 σεαυτοῦ
1479 4255 1789 4326 ὐπήλλαξας

228 4342 343 4412 βίον.
388 4348 593 4419 Ἡμεῖς
625 4345 735 4419 γὰρ
768 4348 831 4399 ὲκ
856 4346 1079 4410 παίδων,
1116 4345 1224 4416 ἐγώ
1246 4364 1304 4400 τε
1338 4347 1430 4399 καὶ
1475 4348 1723 4420 Ἀνδρέας
1760 4351 1787 4403 ό

226 4435 475 4509 σύναιμος
506 4439 605 4490 καὶ
637 4438 777 4491 κατά
820 4437 950 4491 Θεὸν
980 4437 1202 4507 ἀδελφὸς
1234 4436 1308 4492 ὢν
1341 4439 1497 4510 ἐμὸς,
1532 4440 1592 4493 οὐ
1630 4441 1786 4511 μόνον

1893 3245 2117 3301 immani
2169 3246 2391 3313 bestia),
2451 3263 2548 3318 per
2596 3263 2813 3303 omnem
2866 3248 3096 3318 qumsita
3149 3248 3338 3304 luxum
3394 3265 3458 3304 ac

1892 3334 2137 3390 fraudem
2171 3337 2470 3408 parantur?
2501 3336 2612 3392 Sed
2647 3337 2834 3394 forsan
2871 3339 2975 3394 hoc
3016 3348 3069 3395 te
3114 3339 3284 3394 subiit
3330 3355 3459 3410 pro-

1892 3428 2152 3497 positum,
2188 3430 2313 3501 quia
2348 3445 2455 3484 non
2489 3428 2821 3486 intellexeris
2865 3439 3028 3501 atque
3070 3430 3289 3502 ignores
3332 3431 3456 3485 vita:

1891 3534 2028 3575 mem
2059 3524 2349 3586 rationem,
2386 3521 2480 3591 qui
2513 3538 2652 3592 pane
2694 3523 2813 3578 solo
2845 3530 2899 3577 et
2931 3522 3090 3577 olivis
3123 3533 3268 3589 utor,
3305 3538 3454 3577 rare-

1892 3628 1997 3683 que
2023 3614 2286 3681 oleribus,
2310 3615 2511 3685 quique
2533 3615 2919 3671 vestimentum
2943 3628 3007 3669 ac
3030 3614 3253 3684 pallium
3279 3614 3454 3668 habeo

1893 3707 1997 3762 hoc
2029 3706 2207 3778 ipsum
2241 3722 2348 3778 quo
2380 3707 2614 3762 amictus
2646 3723 2792 3773 sum,
2814 3717 2867 3762 et
2898 3707 3005 3761 alio
3038 3722 3175 3776 opus
3209 3722 3315 3761 non
3351 3706 3452 3759 ha-

1890 3797 2014 3865 beo,
2051 3814 2226 3869 neque
2259 3799 2369 3853 ulla
2406 3813 2481 3854 re.
2517 3796 2650 3853 Nam
2686 3798 2739 3852 in
2776 3797 2862 3852 his
2891 3797 3055 3852 etiam
3078 3794 3292 3851 abunde
3320 3796 3450 3850 mihi

1888 3900 1992 3945 est.
2041 3889 2157 3945 Mea
2204 3890 2401 3961 quippe
2452 3906 2607 3947 mens
2643 3904 2872 3947 cernens
2925 3888 3033 3944 illic
3076 3888 3258 3943 omnia
3309 3887 3451 3941 bona

1889 3992 2110 4047 aeterna,
2137 3982 2270 4037 nihil
2291 3998 2479 4037 eorum
2516 3998 2639 4055 qua:
2667 3982 2755 4036 hic
2787 3989 2917 4037 sunt
2948 3980 3162 4051 aspicit.
3197 3980 3448 4034 Attamen

1890 4082 2044 4128 tuum
2075 4073 2351 4144 egregium
2386 4074 2627 4143 approbo
2677 4073 3020 4140 institutum,
3064 4072 3342 4142 mirorque
3386 4085 3451 4124 ac

1888 4160 2229 4231 laudo,'quo
2278 4163 2438 4217 modo
2470 4178 2593 4217 cum
2627 4162 2704 4219 sis
2744 4162 2828 4217 vir
2874 4163 2929 4218 in
2972 4164 3082 4217 vita
3130 4170 3449 4231 sumptuosa
3485 4192 3489 4197 -

1889 4255 2153 4309 educatus
2174 4296 2189 4321 ,
2223 4252 2382 4310 facile
2423 4254 2641 4310 vivendi
2676 4257 2943 4310 rationem
2991 4254 3366 4310 immutaveris
3397 4263 3450 4309 et

1888 4347 1954 4401 ad
2004 4346 2118 4401 sola
2151 4346 2458 4401 necessaria
2492 4348 2821 4403 traduxeris.
2856 4345 2967 4403 Nos
3003 4347 3149 4403 enim
3191 4362 3221 4401 a
3255 4361 3447 4416 puero,

1888 4453 1990 4509 ego
2023 4446 2076 4493 et
2106 4437 2372 4503 Andreas,
2403 4439 2496 4509 qui
2529 4439 2769 4509 ejusdem
2802 4453 3013 4494 mecum
3041 4437 3322 4508 sanguinis
3343 4446 3448 4502 est,

223 4529 272 4581 ὲν
294 4504 537 4603 όρςρανίᾳ
562 4531 987 4603 ἀνατραφέντες,
1015 4504 1148 4584 ἀλλά
1187 4531 1282 4584 καὶ
1327 4504 1432 4584 ὑπὸ
1475 4504 1663 4596 πενίας
1693 4533 1786 4586 καὶ

1895 4548 2154 4604 meusque
2185 4533 2483 4589 secundum
2515 4532 2683 4590 Deum
2719 4532 2905 4599 frater,
2935 4548 3047 4587 non
3068 4533 3242 4587 solum
3266 4532 3320 4587 in
3344 4548 3450 4602 pu-

224 4624 518 4693 κακουχίας
564 4623 645 4685 εἰς
676 4623 934 4693 ἐργασίαν
954 4623 998 4654 ³⁸
1030 4621 1352 4685 ἐθισθέντες,
1388 4622 1643 4695 εὐμαρῶς
1687 4624 1781 4677 νῦν

220 4711 309 4775 τὰς
342 4714 453 4767 τῶν
498 4714 639 4767 ὁδῶν
666 4714 903 4786 φέρομεν
929 4714 1193 4777 σκύλσεις.
1244 4713 1403 4767 Ὅθεν
1426 4755 1440 4779 ,
1475 4717 1523 4768 εί
1566 4714 1780 4768 ἐπείθου

1890 4628 2079 4696 pillatu
2128 4626 2385 4693 educati,
2421 4642 2606 4680 verum
2654 4627 2816 4681 etiam
2852 4634 3076 4695 propter
3127 4625 3362 4695 inopiam
3395 4636 3449 4679 et

1887 4731 2159 4771 aerumnas
2192 4715 2259 4769 ad
2294 4714 2537 4769 laborem
2570 4715 2881 4779 assuefacti,
2914 4717 3163 4787 expedite
3188 4732 3334 4771 nunc
3356 4715 3445 4770 iti-

1518 4869 1743 4927 VAIll/E
1765 4867 2160 4924 LECTIONES.

349 4985 395 5064 ’_'
421 4984 601 5064 ὅσπερ
628 4981 981 5064 ηἎδπερηϐρ
1100 4981 1239 5064 Tum
1269 4982 1345 5045 ὼς
1372 4981 1438 5064 ἦν

1509 4984 1541 5054 ή
1582 4982 1644 5045 D,
1671 4984 1772 5054 κᾶν
1797 4983 1864 5048 C,
1883 4981 1928 5038 Ο
1959 5024 1974 5048 ,
1994 4983 2076 5054 ᾡς
2106 5013 2177 5054 -ς-
2200 4984 2249 5035 εί
2275 4982 2348 5054 μὴ
2365 5011 2436 5054 -—_-
2453 4983 2661 5054 Epinc.
2689 4982 2780 5045 75;
2804 4984 2881 5046 ὡς
2909 4983 3013 5054 κάν
3036 4986 3182 5054 conj.
3200 4983 3259 5039 S.
3293 4983 3449 5039 Dein-

217 5064 335 5118 ceps
354 5048 667 5125 ἀποστῆναί
700 5050 763 5107 Ο.
794 5048 1010 5124 αῈρίι.
1032 5054 1067 5106 ι.
1096 5069 1169 5116 c.,
1194 5052 1447 5105 ἀποστείν
1467 5048 1541 5108 (ἒξ
1603 5054 1649 5086 ⁸⁸
1672 5053 1759 5107 'lta
1776 5054 1940 5125 Epit,
1967 5048 2016 5105 εἷ
2039 5052 2099 5107 C.
2119 5049 2183 5106 Ο.
2262 5048 2304 5084 ³⁵³³
2332 5048 2558 5117 τούτ..’.ς
2585 5053 2706 5123 (sic)
2733 5068 2829 5123 pro
2846 5053 3021 5125 τούτῳ
3046 5049 3082 5107 ⁷)
3105 5048 3169 5110 σ.
3244 5056 3289 5086 ³⁸
3314 5057 3450 5109 πάν-

217 5123 330 5174 τοτέ
353 5140 439 5175 σοι
465 5127 533 5175 υ.
611 5124 655 5155 ³³
689 5122 926 5175 εὐσεϐῶς
946 5122 1267 5175 συνοδευέτω
1291 5137 1400 5175 om.
1435 5121 1500 5175 Ο.
1537 5122 1680 5175 Idem
1712 5123 1900 5175 λυπεῖν
1927 5139 1976 5175 e.
1997 5122 2118 5175 cod.
2150 5121 2280 5175 Rea.
2315 5122 2440 5175 804.
2464 5121 2666 5175 λυποῦν
2691 5124 2749 5175 C.
2774 5122 3010 5175 λυπῆσαι
3038 5073 3182 5175 75m.
3206 5139 3254 5175 e.
3288 5124 3376 5175 75.

353 5140 439 5175 σοι
465 5127 533 5176 υ.
563 5121 579 5193 ί
611 5124 655 5155 ³¹
689 5121 926 5193 εὐσεϐῶς
946 5122 1267 5193 συνοδευέτω
1291 5137 1400 5193 om.
1423 5121 1500 5193 VO.
1524 5122 1680 5193 idem
1712 5121 1900 5177 λυπεῖν
1927 5139 1979 5193 (ξ1
1997 5122 2118 5193 cod.
2150 5121 2280 5193 Reg.
2315 5122 2440 5193 804,
2464 5121 2666 5193 λυποῦν
2691 5121 2749 5186 (3,
2774 5121 3010 5193 λυπῆσαι

3071 5123 3085 5136 ς

3084 5124 3182 5195 ‘pit.
3204 5139 3254 5195 c.
3288 5124 3376 5195 75.

221 5188 261 5272 ξς
289 5190 605 5272 ltaﬂpjtJ.
630 5210 716 5272 c.,
753 5191 1110 5272 ἀπολιπώχΛῼ
1160 5192 1270 5272 Ο.Λ
1301 5187 1723 5272 ⁸³ΠόψαςΕρὶιηο.
1759 5194 1833 5247 74
1861 5203 1915 5272 et
1947 5190 2160 5272 O,_6¢g
2194 5187 2287 5272 CL
2333 5191 2684 5272 "fszvmé‘iv_
2736 5194 2873 5272 epit._
2905 5187 2976 5272 "i
3002 5187 3447 5272 éxéefinkupté‘vwv

222 5234 1110 5334 s."35Eiifv'éztbtiiiiéglwéoi
1127 5234 1199 5318 εἴ
1210 5234 1294 5317 ’0.
1352 5234 1781 5317 ἱιῖιὶῗῖςῧνῖέζεοί
1798 5234 1925 5333 ἔρῖῖ.
1951 5234 2308 5318 “mare.
2385 5234 2897 5335 ιῗὲῥῆἒιζὲιαξὲἰῖἁ.
2939 5234 3370 5334 negatam:

1554 5413 1917 5472 VARIORUM
1952 5413 2183 5472 NOTAE.

285 5510 401 5584 ('95)
432 5509 762 5584 τριϐώνιον.
798 5507 1184 5584 Tribunatij
1206 5506 1408 5584 dicitur
1448 5508 1768 5584 nonhsemel
1877 5509 2119 5584 ίμάτιονξ
2154 5512 2647 5584 κατατετριμμένον
2682 5513 2865 5584 (Idae;-
2903 5510 3151 5584 mniov,
3172 5506 3228 5560 In
3260 5506 3443 5584 ῥυσο-

216 5579 266 5634 in
290 5575 622 5635 Narratione
643 5580 711 5633 de
731 5578 1011 5648 Apollonio
1045 5575 1227 5648 Tyrio,
1258 5579 1515 5641 Augusta:
1537 5576 1777 5632 Vindeli-

1880 5576 1992 5653 nio,
2037 5580 2357 5653 epigramm.
2384 5576 2699 5653 sgftribon'.
2728 5582 2897 5635 Paulo
2927 5589 3050 5653 ante
3073 5578 3234 5653 Liber
3260 5576 3443 5653 Regis,

217 5645 1068 5723 corumedita,prgtribonarium
1091 5645 1777 5723 Eiyedespiciastribunarii
1879 5650 2019 5723 πλὴν
2052 5645 2100 5704 εί
2129 5645 2380 5723 ῖτοιαύτη.
2417 5650 2483 5709 Ει
2517 5652 2619 5709 sub
2655 5653 2816 5709 linem
2854 5651 3065 5721 capitis,
3103 5646 3438 5719 ὲργαστείαν.

218 5716 617 5789 paupertatem;
655 5718 751 5773 Est
797 5726 974 5789 autem
1040 5716 1317 5789 τριϐώνιον
1364 5732 1457 5771 seu
1510 5718 1778 5789 cpt6o'wov
1877 5716 2006 5777 Cor,

220 5786 703 5855 emittmaticorum
736 5789 859 5843 ﬁliis
888 5787 947 5840 τὸ
980 5787 1199 5840 παλαιὸν
1234 5786 1324 5841 καὶ
1350 5786 1701 5859 τετριμμένον
1717 5789 1777 5841 τὺ
