4004 6332
522 284 630 341 σω

1348 288 1409 344 S.
1446 286 1834 344 CLEMENTIS
1868 290 1886 343 Ι
1927 284 2091 343 ROM.
2128 283 2328 340 PONT.
2370 284 2600 340 OPERA
2632 286 2862 344 DUBIA.

3653 287 3749 343 508

526 415 721 457 uerum
755 401 1074 459 vexationes
1100 400 1348 459 ferimus.
1376 401 1560 469 Quare
1590 403 1637 459 si
1662 404 1915 459 crederes
1943 401 2097 463 mihi.

2207 416 2328 470 μοι,
2374 400 2499 471 ἐμοὶ
2542 400 2608 455 ἂν
2640 402 3104 473 συγκεχωρήκεις,
3134 398 3293 472 ἀνδρὶ
3323 398 3555 472 ἐργάτῃ,
3588 402 3667 456 σοὶ
3688 401 3752 455 τὰ

527 508 813 549 servorum
846 494 1024 549 oﬂicia
1057 510 1169 562 me,
1203 494 1484 550 hominem
1510 494 1844 564 operarium,
1869 493 1965 549 tibi
1999 494 2103 549 im-

528 583 769 654 pendere
800 586 1152 641 concederes.

603 673 715 729 γη.
748 675 822 730 At
852 690 956 747 ego
988 677 1107 731 haec
1140 676 1374 733 audiens
1408 677 1714 733 contremui
1748 686 1803 732 et
1833 677 2102 749 collacry-

528 768 711 832 mavi,
763 769 913 839 quod
962 769 1127 825 talem
1181 770 1462 826 habuisset
1516 771 1820 827 orationem
1856 772 1959 839 vir,
1994 787 2106 842 quo

529 860 711 915 cuncti
762 861 921 931 hujus
966 862 1147 917 aetatis
1192 862 1445 918 homines
1492 863 1706 918 ratione
1752 864 1995 919 scientia;
2040 880 2105 919 ac

529 949 750 1019 pietatis
798 950 1039 1007 minores
1074 961 1223 1006 sunt.
1272 950 1413 1006 Tum
1457 952 1549 1007 ille
1591 953 1985 1025 lacrymantem
2017 970 2107 1010 me

530 1041 724 1097 videns
752 1056 977 1098 causam
1014 1043 1381 1114 lacrymarum
1415 1044 1863 1114 percontabatur.
1899 1044 1966 1099 Et
2003 1060 2107 1116 ego

530 1132 787 1201 respondi
833 1150 847 1186 :
891 1131 1032 1199 Quid
1088 1141 1298 1188 tantum
1344 1134 1609 1203 peccavi,
1644 1143 1705 1189 ut
1735 1134 1871 1189 mihi
1906 1135 2103 1205 hujus-

532 1221 682 1275 modi
720 1222 998 1293 proferres
1031 1224 1384 1279 sermonem?
1418 1223 1483 1278 Et
1516 1223 1713 1279 Petrus
1738 1227 1951 1296 excepit
1994 1245 2007 1280 :
2046 1224 2105 1280 Si

533 1311 737 1365 malum
766 1322 882 1376 est,
910 1313 1243 1387 quod‘dixi,
1280 1323 1340 1369 ut
1389 1316 1625 1370 serviam
1659 1316 1799 1382 tibi,
1848 1326 1903 1371 tu
1956 1318 2107 1387 prior

530 1404 800 1472 peccasti,
834 1404 937 1459 hoc
971 1405 1105 1459 mihi
1147 1406 1435 1475 postulans
1469 1407 1671 1462 facere.
1703 1406 1769 1461 Et
1804 1424 1907 1478 ego
1938 1427 1953 1462 :
1983 1407 2105 1463 Non

533 1504 617 1548 est
640 1535 656 1559 ,
692 1494 915 1563 inquam
944 1535 961 1558 ,
992 1494 1170 1549 simile
1200 1513 1215 1550 :
1252 1511 1339 1550 me
1392 1495 1541 1549 enim
1596 1496 1702 1551 hoc
1747 1511 1907 1566 agere
1952 1496 2108 1551 decet

414 1622 417 1625 ‹
530 1586 775 1653 omnino,
808 1595 861 1641 te
895 1596 1102 1651 autem,
1129 1587 1223 1655 qui
1248 1603 1308 1642 es
1331 1585 1428 1642 Dei
1460 1604 1640 1657 przeco
1662 1598 1717 1642 et
1742 1584 1963 1643 nostras
1992 1605 2107 1644 ser-

531 1692 627 1733 vas
672 1678 910 1744 animas,
947 1677 999 1732 id
1031 1678 1166 1732 mihi
1200 1678 1383 1735 facere
1431 1696 1597 1750 grave
1640 1691 1744 1735 est.
1798 1680 1864 1736 Et
1911 1680 2105 1738 Petrus

2201 490 2400 546 δούλων
2426 492 2779 564 ἀποπληροῦν
2812 493 2975 565 μέρη.
2991 524 2997 555 ε

2274 668 2387 725 VII.
2422 670 2562 739 Ἐγὼ
2588 670 2645 724 δὲ
2672 668 2909 734 ἀκούσας
2934 668 3233 741 σύντρομος
3252 668 3516 739 ἐγενόμην
3541 670 3629 721 καὶ
3653 670 3753 722 ἐπί-

2202 762 2436 835 δακρυς,
2482 760 2592 817 οἷον
2617 762 2770 829 λόγον
2803 756 2956 813 εἶπεν
2982 762 3144 833 ἀνὴρ,
3172 754 3231 814 οὑ
3260 758 3461 822 πάντες
3483 760 3530 812 οἱ
3554 758 3647 829 τῆς
3668 758 3755 812 νῦν

2204 858 2394 924 γενεᾶς
2420 855 2693 927 ἄνθρωποι
2724 854 2801 926 τῷ
2826 855 2924 925 τῆς
2948 851 3201 922 γνώσεως
3222 853 3319 906 καὶ
3341 850 3611 913 εὐσεϐείας
3630 850 3756 920 λόγῳ

2204 952 2399 1023 ἥττους
2420 948 2464 981 ³⁹
2489 949 2862 1018 τυγχάνουσιν.
2888 948 2945 999 '0
2971 946 3048 1010 δὲ,
3077 944 3199 999 ίδών
3232 963 3299 1017 με
3327 944 3640 1015 σύνδακρυν,
3660 940 3758 997 τῶν

2204 1041 2453 1112 δακρύων
2478 1040 2702 1093 ἐπύθετο
2726 1040 2825 1111 τὴν
2850 1039 3045 1092 αἰτίαν.
3072 1036 3243 1107 Κάγὼ
3270 1036 3404 1108 ἔφην
3420 1054 3434 1066 ο
3462 1036 3527 1088 Τί
3545 1034 3757 1088 τοιοῦτον

2204 1135 2479 1206 ἥμαρτον,
2508 1134 2595 1186 ἵνα
2630 1150 2719 1203 μοι
2748 1131 2987 1185 τοιοῦτον
3006 1131 3051 1163 ⁸ο
3084 1130 3245 1202 εἴπῃς
3270 1130 3427 1198 λόγον
3452 1146 3467 1194 ;
3494 1128 3600 1181 Καὶ
3622 1129 3649 1180 6
3670 1126 3761 1180 Πέ-

2204 1245 2334 1301 τρος
2366 1227 2726 1298 ἀπεκρίνατο·
2756 1226 2820 1278 Ei
2849 1224 2948 1296 μὲν
2980 1224 3167 1287 κακῶς
3192 1223 3391 1295 εἴρηκα
3421 1224 3479 1275 τὸ
3502 1220 3762 1275 δουλεῦσαί
3802 1277 3806 1283 ,

2208 1338 2313 1385 σοι,
2342 1319 2405 1372 σὺ
2444 1318 2659 1391 πρῶτος
2682 1320 2950 1390 ἥμαρτες,
2983 1316 3124 1369 τοῦτ’
3146 1316 3189 1347 ⁸⁸
3214 1317 3341 1386 ἐμοὶ
3372 1313 3593 1383 ποιῆσαι
3616 1311 3762 1379 άξιώ-

2208 1431 2327 1474 σας.
2353 1412 2522 1482 Κάγὼ
2542 1412 2675 1483 ἔφην
2692 1429 2704 1441 ·
2729 1412 2839 1481 Οὑχ
2858 1409 3040 1481 ὅμοιόν
3060 1410 3228 1461 ἐστιν⁶
3248 1408 3374 1478 ἐμοὶ
3391 1404 3608 1477 μὲνγὰρ
3622 1404 3766 1458 τοῦτο

2207 1510 2382 1560 ποιεῖν
2408 1506 2608 1578 πρέπει
2633 1505 2798 1566 πάνυ,
2844 1502 2929 1556 σοὶ
2970 1502 3026 1554 δέ
3058 1500 3136 1571 τῷ
3159 1499 3255 1552 τοῦ
3278 1498 3412 1551 Θεοῦ
3444 1499 3638 1569 κήρυκι
3677 1496 3765 1560 τὰς

2206 1599 2480 1671 ἡμετέρας
2510 1596 2738 1661 σώζοντι
2768 1594 2945 1665 ψυχὰς
2976 1594 3212 1665 χαλεπὸν
3244 1590 3405 1644 τοῦτο
3435 1591 3602 1642 ποιεῖν
3634 1587 3763 1659 ἐμοί.

2208 1693 2318 1745 Καὶ
2347 1693 2376 1744 6
2402 1690 2608 1761 Πέτρος
2640 1688 2973 1757 ἀπεκρίνατο
2995 1706 3008 1718 ⁸
3045 1685 3355 1755 Συνεθέμην
3380 1682 3445 1737 ἀν
3469 1700 3571 1745 σοι,
3597 1682 3708 1734 ἐπεὶ
3726 1680 3765 1711 ’⁸³

534 1770 854 1841 respondit:
880 1771 1301 1841 Acquiesccrem
1328 1772 1446 1839 tibi,
1463 1789 1587 1827 cum
1610 1772 1875 1828 Dominus
1896 1784 2106 1841 noster,

2207 1784 2235 1837 6
2266 1778 2687 1853 Κύριοςὴμῶν,
2745 1779 2775 1830 6
2822 1778 2918 1832 ἐπὶ
2965 1776 3209 1848 σωτηρίᾳ
3259 1776 3423 1847 260
3460 1773 3650 1835 παντὸς
3683 1771 3766 1825 τοῦ

536 1863 631 1931 qui
680 1862 749 1918 ad
792 1864 1022 1920 salutem
1056 1864 1229 1919 totius
1262 1864 1451 1919 mundi
1490 1865 1657 1930 venit,
1694 1880 1947 1935 unusque
1986 1882 2109 1920 om-

532 1952 686 2007 nium
718 1963 804 2010 est
838 1954 1257 2022 nobilissimus,
1301 1954 1619 2010 servitutem
1670 1956 2015 2023 sustinuerit,
2050 1966 2111 2012 ut

534 2061 635 2101 nos
667 2046 923 2101 suaderet
956 2062 1064 2101 non
1092 2045 1418 2101 erubescere
1453 2044 1717 2102 fratribus
1749 2049 1955 2103 nostris
1991 2065 2109 2103 ser-

531 2152 728 2193 vorum
777 2137 1037 2193 exhibere
1087 2138 1392 2193 ministeria
1416 2151 1466 2205 α,
1527 2140 1780 2209 quamvis
1812 2141 2107 2195 admodum

534 2230 747 2285 nobiles
793 2230 989 2286 simus.
1026 2228 1165 2284 Tum
1203 2239 1305 2301 eg‘o
1338 2230 1451 2285 dixi
1482 2247 1495 2283 :
1535 2230 1592 2285 Si
1627 2240 1843 2302 putem,
1876 2234 2022 2303 quod
2058 2246 2109 2290 te

534 2320 641 2376 sim
686 2330 1051 2391 superaturus
1080 2322 1328 2377 oratione
1350 2363 1369 2389 ,
1404 2322 1607 2378 stultus
1625 2337 1749 2378 sum
1781 2343 1797 2380 :
1832 2336 2107 2381 verumta-

536 2427 660 2467 men
696 2428 799 2483 ago
833 2415 1040 2484 gratias
1068 2415 1426 2485 providentia:
1470 2416 1603 2483 Dei,
1646 2417 1775 2487 quia
1819 2430 2107 2490 parentum

533 2508 657 2563 loco
691 2507 895 2563 habere
922 2515 974 2562 te
1004 2510 1203 2564 merui.

611 2596 742 2652 Vill.
796 2598 864 2653 Et
902 2597 1096 2654 Petrus
1143 2600 1500 2672 interrogavit
1533 2618 1547 2655 :
1583 2602 1825 2659 Nemone
1864 2618 1992 2657 vere
2039 2616 2106 2657 ex

535 2704 737 2760 genere
761 2690 856 2745 tibi
887 2691 1174 2760 superest?
1196 2690 1470 2762 Respondi
1497 2710 1509 2745 :
1541 2692 1681 2747 Sunt
1704 2692 1921 2762 quidem
1950 2692 2106 2746 multi

532 2790 588 2837 0t
618 2790 869 2852 potentes
901 2782 1040 2850 viri,
1074 2791 1240 2854 atque
1270 2799 1335 2838 ex
1369 2785 1621 2855 prosapia
1653 2783 1914 2839 Caesaris.
1967 2782 2105 2838 Nam

536 2872 677 2943 patri
710 2888 870 2940 meo,
920 2881 1108 2943 utpote
1142 2889 1250 2927 una
1285 2874 1550 2938 educato,
1592 2883 1879 2945 cognatam
1925 2873 2108 2928 Caesar

536 2966 652 3034 ipse
680 2963 864 3035 junxit
900 2980 1152 3031 uxorem,
1180 2964 1249 3019 de
1280 2980 1388 3034 qua
1424 2974 1536 3019 tres
1563 2965 1717 3019 liberi
1752 2966 1857 3020 orti
1894 2981 2106 3032 sumus,

536 3060 649 3115 duo
681 3059 901 3130 quidem
938 3067 1066 3114 ante
1097 3073 1205 3125 me,
1239 3058 1333 3129 qui
1367 3074 1491 3113 cum
1528 3066 1711 3114 essent
1745 3059 1976 3129 gemini,
2012 3061 2108 3113 ad-

538 3152 761 3205 modum
796 3152 901 3207 sibi
952 3150 1185 3205 iuvicem
1228 3151 1436 3207 similes
1469 3160 1663 3218 erant,
1698 3161 1757 3206 ut
1792 3152 1906 3222 ipse
1954 3162 2107 3222 pater

536 3244 719 3297 aiebat
756 3242 887 3297 mihi
921 3258 935 3294 :
970 3258 1069 3313 ego
1102 3242 1247 3297 enim
1282 3258 1457 3311 neque
1496 3242 1618 3296 illos
1668 3258 1844 3312 neque
1882 3244 2107 3313 genitri-

536 3350 655 3390 cem
684 3334 840 3388 valde
870 3334 1023 3398 novi,
1060 3333 1156 3388 sed
1184 3334 1339 3403 quasi
1377 3348 1473 3402 per
1504 3332 1780 3388 somniul’n
1812 3334 2105 3390 obscuram

536 3442 730 3484 eorum
776 3424 1009 3479 formam
1064 3426 1272 3482 recolo.
1309 3423 1480 3479 Mater
1527 3440 1657 3495 ergo
1699 3440 1818 3479 mea
1862 3424 2106 3482 lilattidia

539 3517 843 3582 dicebatur,
874 3524 1028 3587 pater
1062 3525 1243 3569 autem
1272 3513 1531 3581 Faustus,
1560 3514 1789 3570 fratrum
1815 3532 1944 3572 vero
1974 3519 2109 3572 alter

540 3609 834 3665 Faustinus
860 3607 1181 3676 vocabatur,
1207 3608 1344 3661 alter
1376 3607 1655 3662 dicebatur
1693 3608 2104 3664 Faustinianus.

536 3704 674 3759 Cum
708 3701 873 3775 igitur
906 3704 1100 3757 tertius
1132 3716 1232 3772 ego
1270 3710 1395 3772 post
1430 3718 1525 3757 eos
1560 3713 1721 3758 natus
1753 3719 1955 3769 essem,
1989 3712 2107 3756 ma-

537 3808 620 3852 ter
648 3793 1130 3866 (quemadmodum
1155 3804 1306 3865 pater
1335 3810 1489 3849 meus
1513 3794 1804 3867 referebat)
1830 3796 2106 3852 somnium

538 3889 694 3956 vidit,
725 3887 872 3959 quod
916 3887 1023 3943 nisi
1058 3886 1348 3942 confestim
1384 3888 1600 3941 duobus
1627 3887 1756 3943 filiis
1786 3889 1902 3943 suis
1931 3891 2104 3958 gemi-

539 3982 626 4038 nis
672 3982 977 4052 assumptis
1026 3982 1216 4035 urbem
1262 3979 1494 4035 Romam
1539 3981 1732 4037 fuisset
1769 3998 2024 4054 egressa,
2054 3994 2109 4039 et

539 4078 805 4133 abfuisset
837 4076 999 4134 anuis
1028 4076 1355 4143 duodecim,
1388 4076 1505 4145 ipsa
1539 4093 1665 4131 cum
1704 4076 1771 4132 iis
1801 4078 1947 4132 letho
1977 4094 2104 4147 pes-

539 4168 679 4224 simo
711 4176 857 4223 esset
885 4166 1193 4226 interitura.

608 4258 701 4315 IX.
732 4258 893 4314 Pater
916 4259 1102 4328 igitur,
1149 4259 1242 4328 qui
1272 4258 1565 4314 liberorum
1590 4274 1783 4314 amans
1805 4270 1944 4327 erat,
1980 4277 2102 4315 cum

539 4353 714 4406 servis
739 4361 793 4406 et
819 4352 1057 4415 ancillis,
1102 4366 1168 4408 ac
1190 4351 1317 4410 dato
1348 4351 1633 4408 suflicienti
1662 4352 1880 4414 viatico,
1917 4354 1973 4408 in
2009 4368 2107 4408 na-

614 4521 640 4549 ·
671 4507 859 4563 Matth.
893 4524 987 4575 xx,
1009 4507 1098 4563 28.

2209 1873 2413 1943 κόσμου
2457 1868 2727 1941 ἐληλυθὼς
2750 1908 2766 1934 ,
2804 1869 2961 1940 μόνος
3006 1868 3149 1939 ὑπὲρ
3188 1867 3399 1931 πάντας
3432 1865 3652 1938 εὐγενὴς
3678 1864 3765 1926 ὼν,

2208 1964 2446 2020 δουλείαν
2471 1963 2786 2035 ὑπέμεινεν,
2809 1961 2896 2015 ἵνα
2919 1962 3065 2032 ἡμᾶς
3094 1961 3260 2032 πείσῃ
3292 1961 3366 2032 μὴ
3391 1958 3648 2013 αἰδεῖσθαι
3668 1959 3767 2019 τοῖς

2209 2057 2455 2127 ἀδελφοῖς
2486 2054 2642 2128 ἡμῶν
2692 2054 2792 2117 τάς
2842 2052 3041 2107 δούλων
3085 2056 3259 2107 ποιεῖν
3310 2050 3643 2123 ὑπηρεσίας,
3674 2047 3768 2101 κᾶν

2210 2152 2348 2206 πάνυ
2379 2150 2622 2219 εὐγενεῖς
2658 2146 3032 2219 τυγχάνωμεν.
3067 2146 3241 2216 Κάγὼ
3275 2146 3410 2218 ἔφην
3430 2163 3443 2175 ·
3474 2146 3537 2198 Ei
3573 2144 3665 2216 μὲν
3690 2161 3768 2196 νο-

2211 2241 2355 2315 μίζω
2390 2258 2449 2295 σε
2490 2241 2712 2312 νικῆσαι
2737 2242 2782 2273 ⁸³
2812 2241 2977 2310 λόγῳ,
3012 2238 3239 2311 ἀνόητός
3276 2240 3428 2309 εἰμι,
3470 2237 3606 2308 πλὴν
3629 2236 3772 2307 χάριν

2208 2331 2317 2402 ἔχω
2343 2333 2411 2402 τῇ
2444 2330 2538 2384 τοῦ
2579 2330 2715 2385 Θεοῦ
2750 2330 2996 2403 προνοίᾳ,
3030 2330 3111 2383 ὅτι
3156 2346 3216 2383 σε
3268 2331 3358 2394 είς
3395 2328 3594 2398 γονέων
3623 2328 3771 2383 τόπον

2206 2423 2351 2495 ἔχειν
2378 2421 2742 2495 κατηξιὼθην.

2277 2619 2414 2677 VIII.
2454 2621 2566 2675 Καὶ
2604 2619 2633 2673 ό
2678 2619 2885 2691 Πέτρος
2915 2618 3266 2673 ἐπυνθάνετο’
3315 2619 3502 2681 Οὐδεὶς
3532 2618 3588 2672 δέ
3625 2634 3707 2671 σου
3730 2615 3770 2648 ⁸⁵

2206 2713 2421 2786 ἀληθῶς
2454 2712 2589 2785 πρὸς
2610 2712 2796 2781 γένους
2815 2712 2859 2742 ιδ
2885 2712 3118 2783 ὑπάρχει
3140 2728 3154 2777 ;
3182 2711 3362 2781 Κάγὼ
3384 2712 3766 2781 ἀπεκρινάμηνο

2208 2806 2330 2858 Εἰσὶ
2366 2805 2464 2875 μὲν
2490 2802 2674 2856 πολλοὶ
2701 2802 2795 2855 καὶ
2830 2801 3057 2873 μεγάλοι
3088 2803 3308 2874 ἄνδμς,
3350 2804 3622 2875 Καίσαρος
3649 2801 3769 2873 πρὸς

2208 2894 2363 2964 γένος
2393 2894 2565 2957 ὄντες.
2602 2892 2763 2946 Ὅθεν
2794 2891 2870 2963 τῷ
2903 2892 3021 2962 ἐμῷ
3062 2894 3228 2964 πατρῖ
3266 2894 3351 2957 ὡς
3385 2894 3478 2947 καὶ
3511 2892 3769 2964 συντρόφῳ

2208 2986 2371 3050 αὑτὸς
2403 2988 2621 3057 Καῖσαρ
2664 2986 2952 3055 συγγενίδα
2977 2985 3022 3015 ⁸⁸
3056 2986 3487 3057 προσηρμόσατο
3527 2989 3765 3055 γυναῖκα,

2210 3078 2301 3146 ἀφ’
2333 3072 2400 3148 ἧς
2443 3079 2590 3148 τρεῖς
2631 3075 2928 3147 ἐγενόμεθα
2968 3078 3074 3129 υἱοὶ
3096 3115 3111 3139 ,
3144 3077 3236 3129 δύο
3275 3079 3379 3149 μὲν
3416 3078 3520 3150 πρὸ
3548 3078 3695 3149 ἐμοῦ,
3722 3079 3766 3130 οῖ

2211 3171 2304 3223 καὶ
2324 3169 2532 3239 δίδυμοι
2555 3169 2705 3231 ὄντες
2728 3169 2868 3222 πάνυ
2890 3169 3064 3238 ὅμοιοι
3085 3168 3343 3239 ἀλλήλοις
3364 3170 3668 3240 ἐτύγχανον,
3700 3169 3767 3231 ὠς

2210 3260 2369 3324 αὐτὸς
2397 3261 2425 3313 6
2456 3261 2635 3331 πατὴρ
2661 3260 2813 3328 ἔλεγέ
2849 3277 2958 3330 μοι.
2995 3259 3135 3329 Ἐγὼ
3149 3259 3257 3331 γὰρ
3273 3261 3404 3315 οὔτε
3426 3263 3636 3326 αὑτοὺς,
3657 3261 3767 3313 οὔτε

2207 3354 2305 3424 τὴν
2326 3352 2589 3406 τεκοῦσαν
2613 3353 2752 3405 πάνυ
2782 3352 3099 3422 ἐπίσταμαι,
3122 3353 3235 3404 ἀλλ’
3255 3352 3450 3426 ὥσπερ
3477 3355 3541 3407 δι’
3564 3353 3769 3424 ὀνείρων

2208 3444 2454 3516 ἀμαυρὸν
2488 3445 2665 3498 αὐτῶν
2696 3444 2757 3497 τὸ
2789 3440 2926 3507 εἶδος
2956 3444 3232 3515 ἀναφέρω.
3267 3446 3335 3498 Ἦ
3368 3449 3465 3516 μὲν
3488 3443 3576 3500 οὖν
3608 3447 3767 3515 μήτηρ

2211 3552 2309 3605 μου
2328 3534 2594 3589 Ματτιδία
2614 3534 2656 3564 ⁸⁷
2675 3534 2784 3606 (56)
2798 3534 3031 3602 ἐλέγετο,
3054 3534 3082 3585 ὁ
3108 3535 3165 3587 δέ
3200 3537 3387 3608 πατὴρ
3406 3539 3657 3598 Φαῦστος,
3672 3533 3765 3585 τῶν

2206 3627 2263 3680 δὲ
2294 3625 2534 3695 ἀδελφῶν
2558 3627 2650 3679 καὶ
2673 3624 2851 3679 αὐτῶν
2878 3627 2906 3678 6
2933 3625 3030 3696 μὲν
3061 3627 3356 3691 Φαυστῖνος
3388 3629 3644 3689 ἐκαλεῖτο,
3666 3628 3693 3678 6
3717 3626 3766 3678 δὲ

2207 3719 2589 3781 Φαυστινιανὸς
2632 3718 2864 3785 ἐλέγετο.
2909 3719 3074 3789 Ἑμοῦ
3116 3713 3208 3772 οὖν
3258 3722 3447 3791 τρίτου
3502 3722 3767 3787 ἐπιγέννη-

2208 3812 2391 3874 θέντος
2421 3811 2622 3875 αὑτοῖς,
2668 3813 2700 3881 ἡ
2761 3812 2941 3883 μήτηρ
2985 3811 3192 3883 δνειρον
3225 3813 3505 3884 ἑωράκει,
3540 3812 3714 3882 ὥσπερ
3741 3810 3768 3861 6

2209 3904 2391 3974 πατήρ
2416 3919 2516 3972 μου
2547 3902 2824 3971 ὑφηγεῖτο,
2851 3902 2953 3963 ὃτι,
2972 3900 3065 3953 ἐὰν
3091 3901 3328 3971 μὴ,τοὺς
3357 3903 3604 3973 διδύμους
3633 3900 3766 3961 υἱοὺς

2208 3994 2374 4063 αὐτῆς
2420 3991 2649 4062 ἐξαυτῆς
2697 3989 3122 4061 παραλαϐοῦσα,
3174 3991 3271 4061 τὴν
3316 3992 3598 4062 Ῥωμαίων
3646 3989 3766 4059 πρὸς

2208 4083 2518 4154 ἀποδημίαν
2558 4082 2744 4152 ἐξέλθῃ
2766 4082 2811 4113 ⁵⁸
2850 4082 3005 4134 πόλιν
3041 4084 3125 4135 ἐπ’
3160 4082 3252 4153 ἐτη
3286 4083 3500 4137 δώδεκα
3520 4084 3582 4148 ⁸9,
3614 4096 3764 4135 πανο-

2207 4176 2403 4246 λεθρίῳ
2440 4175 2589 4244 μόρῳ
2622 4173 2736 4242 ἅμα
2768 4172 2947 4235 αὐτοῖς
2977 4172 3266 4225 ἀποθανεῖν
3295 4174 3430 4243 ἔχει.

2279 4269 2435 4338 261
2488 4264 2579 4318 ῙΧ.
2628 4266 2682 4317 Ὀ
2718 4264 2816 4334 μὲν
2846 4258 2937 4316 οὖν
2969 4264 3170 4335 πατὴρ,
3215 4262 3526 4331 φιλότεκνος
3558 4262 3649 4325 ὼν,
3681 4260 3767 4313 σύν

2207 4380 2265 4415 τε
2312 4360 2519 4422 δούλοις
2566 4360 2659 4412 καὶ
2701 4357 2913 4420 δούλαις
2960 4356 3251 4425 ἐφοδιάσας
3312 4358 3513 4420 ἱκανῶς
3560 4355 3650 4408 καὶ
3695 4353 3764 4414 είς

1785 4584 1788 4588 λ
1881 4626 2113 4702 vitam:
2151 4626 2547 4682 LECTIONES.

615 4715 659 4747 υ
684 4713 764 4768 Ita
788 4712 1005 4787 Epit._c.
1030 4714 1103 4787 15
1154 4723 1206 4787 et
1246 4714 1546 4787 03111035;
1572 4714 1695 4787 cod_.
1738 4712 2011 4787 Reg.804,
2045 4714 2203 4787 ἦττον
2231 4722 2293 4775 0.
2371 4721 2417 4750 ⁸ο
2442 4718 2573 4774 Post
2602 4720 2840 4772 τοιοῦτον
2865 4726 3181 4785 repetuntur
3224 4718 3349 4772 vhb.
3395 4720 3637 4787 ἥμαρτον
3689 4714 3764 4764 ἵνα

550 4804 641 4859 μοι
669 4783 909 4837 τοιοῦτον
942 4784 997 4838 in
1023 4783 1087 4837 0.
1163 4783 1205 4860 δξ
1236 4783 1397 4860 τοῦτο
1436 4783 1518 4860 C._
1575 4784 1617 4860 δξ
1656 4784 1883 4860 Ruﬁnus
1911 4788 2026 4841 [nec
2057 4783 2126 4843 ita
2161 4791 2550 4860 interpretatur
2582 4810 2593 4843 :
2633 4783 3022 4860 Acquicsrerem
3060 4790 3293 4849 tibi,nisi
3321 4783 3572 4860 Dominus
3605 4793 3765 4860 nosler

544 4853 613 4894 5—
646 4871 833 4924 passus
864 4863 1019 4919 esset,
1045 4853 1200 4924 quasi
1236 4854 1424 4977 le§erit
1474 4855 1519 4906 εἰ
1549 4855 1621 4924 μή
1662 4854 1721 4909 8,
1798 4858 1843 4887 η

545 4926 737 4981 detur.‘
765 4924 879 4978 Cfr.
917 4925 1068 4979 hom.
1132 4925 1285 4987 ξιιμ-1
1335 4964 1346 4976 .
1425 4923 1470 4955 ⁸⁸
1503 4923 1577 4977 Ita
1607 4922 1652 4979 0
1706 4940 1757 4979 ε.
1803 4925 1899 4993 Ερὶ

545 4922 737 4981 detur;
765 4924 879 4978 Cfr.
917 4922 1076 4979 hom.
1132 4922 1346 4987 tim-15.
1425 4923 1470 4955 "
1503 4922 1577 4977 Ita
1607 4922 1652 4979 0

1903 4936 1945 4982 ι.
1972 4928 2006 4979 Ι.
2039 4943 2087 4981 c.
2124 4938 2179 4982 et
2210 4931 2331 4984 cod.
2369 4930 2499 4996 Reg.
2525 4928 2649 4984 804.
2685 4930 2801 4983 lluc
2849 4929 3060 4983 accedit
3086 4930 3172 4983 ed.

1798 4858 1849 4931 ‘_’_
1890 4860 2131 4931 rutilam;
2167 4854 2322 4928 Epit:
2374 4860 2443 4931 7“
2478 4878 2558 4913 σοι
2589 4854 2729 4931 Epit.
2750 4877 2796 4913 c.
2832 4859 2918 4920 76,
2948 4860 3091 4931 quod
3125 4859 3514 4931 prarferendum
3538 4872 3661 4931 esse
3689 4854 3760 4931 yi-

3203 4944 3287 4997 pr.
3318 4927 3589 4989 Cotelerii,
3619 4924 3763 4997 cujus

548 4995 685 5077 πρὸς
730 4993 926 5077 γένους
961 4996 1014 5047 in
1059 5003 1301 5076 utraque~
1325 4994 1647 5077 (ilericied.
1674 5005 2311 5077 permutatumcsthcum
2338 4993 2487 5070 πρδς
2508 5002 2685 5077 γένος.
2742 4999 2895 5054 Unde
2952 4993 3759 5077 Schvvfglerus.ﬁniendaud‘us.

546 5062 605 5099 δ”
625 5066 787 5139 αὑτὸν
814 5062 1392 5139 Κρῖσαρ-συγγενῆλο.
1424 5062 2107 5139 uobilisgiquuefarnilim
2137 5062 2804 5137 Rufinum-quasilegisset
2829 5062 3171 5139 συνευγενίδᾶ
3196 5071 3255 5122 C.
3334 5067 3525 5139 "lta0
3560 5082 3636 5139 ρ.Δ
3655 5064 3692 5117 C
3708 5071 3763 5139 ft

546 5137 671 5191 cod.
700 5135 832 5205 Reg.
856 5132 1584 5205 804,:Ma10t6igRecognet
1622 5132 1777 5204 Epit.‘
1801 5204 1805 5205 ν
1836 5132 1893 5165 ⁸⁸⁷
1915 5136 2115 5201 ἐξέλθοι
2141 5139 2202 5195 C.

544 5218 601 5262 et
630 5191 840 5279 Epitfl.
885 5220 936 5260 e.
971 5191 1044 5259 ἰη
1098 5204 1223 5260 cod.
1250 5202 1385 5275 Reg.
1422 5191 1527 5259 ἔοι
1559 5191 1677 5276 ἕχοί
1696 5221 1753 5275 p.
1784 5204 1914 5275 ἔχει.

2300 5140 2351 5173 ⁸⁸
2377 5129 2511 5193 δέκα
2536 5143 2600 5209 (ἰ,
2632 5129 2783 5209 Ruﬁ,
2813 5141 2940 5211 cpit.
2972 5129 3022 5197 (τί
3056 5141 3143 5195 76.
3164 5139 3302 5194 Tum
3336 5135 3679 5207 πανωλεθρίῳ
3701 5129 3741 5186 0

1825 5361 2185 5419 VARIORCM
2225 5362 2452 5417 ΝΟἸᾸΞ.

617 5497 730 5571 (56)
762 5500 1066 5571 Ματειδία.
1092 5496 1184 5571 Sic
1214 5512 1433 5571 quoque
1452 5512 1602 5571 saepe
1625 5495 2107 5571 dictasdicendus-

543 5566 651 5636 que
675 5566 863 5623 codex.
892 5570 963 5623 At
1003 5570 1055 5623 in
1105 5566 1557 5636 Recoguitionibus
1607 5574 1661 5619 et
1714 5566 1968 5633 Epitomc,
2001 5570 2104 5625 im-

542 5640 750 5708 pressis
780 5655 1049 5708 manuque
1076 5642 1333 5703 exaratis,
1362 5636 1646 5708 Ματθιδία,
1668 5636 1963 5708 Matthidia,
1993 5656 2108 5706 quo

546 5706 710 5765 modo
740 5708 885 5780 apud
912 5707 1274 5781 Nicephorum
1298 5750 1313 5777 ,
1358 5718 1408 5765 et
1441 5706 1611 5764 Graeci
1648 5708 1705 5764 in
1735 5706 1956 5765 Menaro.
1981 5708 2085 5766 Ex-

2210 5498 2328 5565 cipe
2358 5505 2535 5551 tamen
2567 5498 2911 5551 membranas
2956 5494 3373 5567 Recognitionum
3401 5508 3562 5567 penes
3583 5486 3751 5567 P_._Pe-

2213 5560 2368 5621 litum
2397 5586 2409 5621 :
2441 5567 2699 5621 exhibent
2727 5569 2872 5622 enim
2900 5560 3181 5620 Mathidia.
3205 5560 3582 5627 Chronoiugus
3610 5560 3756 5612 Altis-

2211 5638 2549 5692 siodorensis
2574 5639 2876 5693 monachus
2915 5636 3204 5691 Hatidiam
3238 5641 3417 5692 vocat.
3454 5632 3650 5689 Ultima
3679 5641 3760 5682 ca-

2196 5709 2324 5779 pitis
2360 5724 2491 5766 voce
2519 5709 2684 5765 codex
2703 5749 2718 5777 ,
2744 5708 3045 5783 Exonﬁor.
