4004 6332
210 326 307 382 515

1325 306 1785 379 (ῗιΕΜΕΜιΝΑ.
1817 350 1887 362 -
1920 318 2202 375 HOMILIA
2237 317 2349 376 xu.

3335 312 3443 369 3H

207 453 325 491 ποτε
357 434 642 507 δυνηθῆναί
678 453 821 492 τινα.
852 438 997 510 Πλὴν
1030 439 1126 493 καὶ
1154 438 1238 494 σοί
1268 438 1320 492 τί
1345 440 1590 512 διαφέρει
1610 438 1762 493 τοῦτο

1869 440 1917 495 si
1946 438 2271 509 proferrem,
2309 452 2419 493 non
2447 436 2687 493 arbitror
2712 451 2799 492 me
2836 450 2998 507 posse
3020 432 3185 490 alicui
3212 448 3441 501 persna-

207 528 407 599 μαθεῖν,
441 529 473 599 ἢ
514 529 675 599 μόνον
708 531 756 563 ⁸³
786 531 884 603 τὴν
897 533 1108 596 αἰτίαν,
1142 528 1211 604 ἧς
1241 534 1426 586 ἐνεκεν
1458 532 1765 603 όδυνωμένη

202 621 423 691 δήγμασι
440 618 541 683 τὰς
584 622 724 691 ἐμὰς
759 623 1039 695 ἐνέκρωσα
1086 628 1308 696 χεῖραςο
1349 623 1490 694 πλὴν
1530 623 1601 677 τὰ
1645 626 1765 677 κατ’

202 711 449 781 ἐμαυτὴν,
480 712 559 774 ὼς
583 713 807 767 δυνατὸν
839 714 1071 769 ἀκοῦσαί
1100 732 1182 779 σε,
1208 716 1555 787 διηγήσομαι.
1605 714 1764 783 Ἐγὼ,

203 804 328 858 πάνυ
374 804 600 875 εὐγενὴς
645 806 986 877 ὑπάρχουσα,
1030 807 1288 862 δυνάστου
1309 808 1356 840 ⁸⁵
1401 807 1544 871 τινὸς
1595 824 1765 877 προσ-

200 899 326 966 ταγῇ
361 896 515 967 ἀνδρλ⁸
544 898 681 971 πρὸς
722 901 912 967 γένους
954 901 1102 972 αὐτῷ
1141 902 1441 973 ὑπάρχοντι
1502 902 1767 974 ἐγενόμην

199 990 343 1058 γυνή.
386 990 498 1043 Καὶ
540 990 677 1060 μετά
707 991 899 1063 δίδυμα
931 994 1096 1048 τέκνα
1129 995 1285 1066 ἔσχον
1314 996 1500 1067 ἕτερον
1531 996 1665 1049 υἱόν.
1709 995 1766 1049 '0

199 1080 246 1132 δὲ
266 1079 354 1133 τοῦ
379 1080 519 1151 ἐμοῦ
548 1082 743 1153 ἀνδρὸς
773 1084 999 1154 ἀδελφὸς
1031 1088 1221 1156 μανεὶς
1249 1087 1351 1141 οὑκ
1382 1087 1597 1140 ἔλαττον
1628 1087 1768 1158 ἡρά-

202 1168 288 1239 σθη
322 1186 426 1239 μου
457 1171 559 1240 τῆς
592 1170 943 1243 ταλαιπώρου
972 1174 1039 1236 ⁸⁸,
1076 1173 1280 1245 σφόδρα
1312 1176 1606 1245 σωφρονεῖν
1638 1175 1768 1242 ἀγα-

200 1259 390 1331 πιῖισης.
446 1262 561 1315 Καὶ
594 1261 888 1334 βουλομένη
917 1264 963 1295 ⁸⁸
1009 1266 1146 1335 μήτε
1193 1263 1272 1334 τῷ
1322 1266 1523 1336 ἐραστῇ
1580 1263 1767 1317 συνθέ-

200 1350 339 1415 σθαι,
402 1353 546 1422 μήτε
584 1353 663 1422 τῷ
715 1354 832 1424 ἐμῷ
863 1354 1015 1425 ἀνδρὶ
1040 1354 1331 1409 ἀναθέσθαι
1368 1355 1460 1409 τὸν
1486 1354 1581 1408 τοῦ
1614 1354 1768 1409 ἀδελ-

200 1441 287 1509 φοῦ
333 1440 503 1494 αὑτοῦ
565 1444 703 1515 πρὸς
763 1444 863 1514 ἐμὲ
908 1444 1122 1516 ἔρωτα,
1181 1446 1540 1518 ἐλογισάμην,
1586 1446 1676 1501 ἵνα
1718 1449 1763 1481 ⁸⁷

202 1535 321 1603 μήτε
350 1536 732 1608 μοιχησαμένη
762 1538 1003 1611 ἐμαυτὴν
1053 1540 1256 1609 μιανῶ,
1312 1542 1446 1612 μήτε
1480 1540 1574 1594 τοῦ
1628 1539 1763 1612 ἐμοῦ

202 1626 370 1697 ἀνδρὸς
432 1627 533 1697 τὴν
583 1628 768 1699 κοίτην
816 1629 1022 1702 ὑϐρίσω
1046 1670 1061 1695 ,
1111 1633 1246 1703 μήτε
1290 1632 1367 1703 τῷ
1413 1632 1624 1703 ἀδελφῷ
1674 1633 1764 1687 τὸν

203 1717 406 1786 ἀδελφὸν
484 1716 743 1791 πολέμιον
805 1724 1159 1793 καταστήσω,
1230 1724 1363 1795 μήτε
1426 1725 1545 1778 ὅλον
1609 1726 1764 1793 γένος

1866 530 2016 586 dere.
2058 532 2163 587 Sed
2201 539 2257 585 et
2288 530 2420 601 quid
2457 530 2524 585 ad
2554 538 2605 584 te
2632 530 2825 584 attinet
2866 529 2917 583 id
2945 541 3300 596 cognoscere,
3337 526 3443 580 nisi

1869 634 2081 681 tantum
2111 638 2358 690 causam,
2406 622 2476 677 ob
2510 637 2674 691 quam
2711 620 2900 675 dolore
2939 619 3133 675 affecta
3166 618 3443 672 morsibus

1866 732 2065 773 manus
2094 732 2244 772 meas
2285 725 2534 769 mortuas
2560 712 2793 767 reddidi.
2842 711 3046 765 Tamen
3094 726 3236 777 mea,
3262 710 3442 779 quoad

1867 810 2057 866 audire
2084 817 2261 879 potes,
2292 807 2551 863 referam.
2584 805 2699 876 Ego
2723 804 3020 858 admodum
3041 803 3260 865 nobilis,
3292 802 3444 871 prin-

1866 901 2006 972 cipis
2051 900 2339 970 cujusdam
2388 900 2487 954 viri
2530 898 2780 968 imperio,
2818 897 2979 967 nupsi
3016 896 3135 950 viro
3174 896 3266 965 qui
3325 903 3445 949 erat

1867 992 2016 1047 illius
2059 991 2401 1061 prepinquus
2436 998 2535 1046 :et
2588 1000 2714 1060 post
2754 989 2893 1042 duos
2944 988 3190 1058 geminos
3243 986 3443 1040 liberos

1865 1083 2035 1137 alium
2067 1082 2286 1152 suscepi
2311 1083 2508 1136 filium.
2537 1080 2643 1135 Sed
2672 1080 2839 1134 frater
2870 1079 3057 1133 mariti
3087 1076 3215 1142 mei,
3246 1092 3441 1146 magna

1866 1185 2152 1243 correptus
2186 1173 2398 1228 insania
2423 1212 2439 1236 ,
2478 1172 2754 1226 adamavit
2784 1186 2871 1225 me
2895 1170 3176 1234 miseram,
3200 1185 3322 1239 qua:
3352 1186 3445 1224 ca-

1866 1276 1950 1321 ste
1988 1266 2170 1320 vivere
2201 1264 2488 1334 cupiebam
2518 1262 3104 1330 admodum.Cumque
3123 1276 3222 1315 nec
3248 1260 3442 1315 vellem

1866 1358 2095 1412 amatori
2138 1356 2469 1422 consentire,
2506 1370 2605 1410 nec
2650 1354 2769 1409 viro
2809 1368 2930 1407 meo
2958 1367 3205 1407 amorem
3242 1350 3430 1406 fratris

1865 1450 1986 1519 ejus
2010 1465 2139 1520 erga
2167 1465 2254 1504 me
2281 1462 2578 1518 exponere,
2606 1446 2797 1511 statui,
2832 1456 2891 1500 ut
2917 1459 3095 1514 neque
3123 1444 3439 1501 adulterans

1864 1542 2163 1610 polluerem
2207 1556 2327 1605 me,
2358 1554 2460 1594 nec
2490 1538 2592 1593 viri
2624 1538 2729 1592 mei
2764 1547 2942 1592 torum
2966 1535 3298 1590 contumelia
3330 1536 3446 1591 nili—

1867 1647 2084 1696 cerem,
2135 1646 2312 1700 neque
2359 1630 2584 1685 fratrem
2624 1628 2781 1683 fratri
2825 1627 3104 1682 redderem
3137 1625 3442 1690 inimicum,

1866 1738 2044 1792 neque
2078 1731 2248 1777 totam
2280 1721 2546 1777 familiam
2570 1762 2585 1789 ,
2616 1736 2737 1791 quae
2760 1734 2956 1789 magna
2990 1726 3128 1783 erat,
3160 1718 3213 1771 in
3243 1734 3445 1788 oppro-

202 1809 326 1878 μέγα
368 1810 431 1863 ὃν
459 1812 544 1874 είς
571 1812 871 1883 ὀνειδισμὸν
902 1816 1068 1867 πᾶσιν
1111 1814 1364 1867 ὑποϐαλῶ
1392 1814 1459 1847 ³⁸⁸
1491 1816 1566 1881 ὼς
1605 1816 1759 1888 ἔφην,

1867 1814 2045 1869 brium
2084 1815 2297 1870 cunctis
2332 1814 2556 1881 darem;
2604 1813 2793 1879 statui,
2852 1811 3102 1881 inquam,
3149 1806 3282 1864 urbe
3316 1826 3441 1865 cuin

202 1900 515 1974 ἐλογισάμην
548 1902 647 1974 τὴν
676 1904 829 1957 πόλιν
872 1904 1011 1976 μετά
1040 1905 1147 1959 τῶν
1177 1905 1328 1976 ἐμῶν
1362 1906 1596 1979 διδύμων
1630 1908 1758 1963 παί-

201 1996 289 2051 δων
323 1999 560 2069 ἐκόἧναι
599 2001 696 2054 ἐπὶ
734 2002 923 2073 χρόνον
953 2002 1076 2055 τινά
1098 2041 1112 2065 ,
1143 2002 1246 2066 ἕως
1273 2003 1338 2057 ἂν
1373 2004 1466 2059 καὶ
1499 2003 1527 2055 ό
1565 2003 1760 2075 μιαρὸς

203 2089 320 2161 ἔρως
346 2091 629 2162 παύσηται
660 2094 753 2146 τοῦ
787 2096 881 2147 ἐπὶ
924 2098 989 2166 τῇ
1030 2097 1137 2167 ἐμῇ
1171 2095 1327 2167 ὕϐρει
1377 2094 1761 2159 κολακεύοντός

205 2198 280 2250 με.
321 2182 421 2234 Τὸν
470 2184 655 2253 μέντοι
705 2186 892 2257 ἕτερον
924 2187 1038 2241 υἱὸν
1080 2187 1227 2259 παρὰ
1259 2186 1338 2257 τῷ
1384 2188 1550 2259 πατρὶ
1583 2190 1761 2257 μεῖναι

201 2275 271 2335 είς
300 2276 649 2345 παραμυθίαν
686 2278 995 2333 κατέλιπον.
1629 2296 1633 2301 ’

266 2364 399 2420 XVI.
437 2368 579 2439 Πλὴν
594 2368 663 2432 ⁸⁸,
691 2370 779 2424 ἵνα
807 2371 977 2426 ταῦτα
1025 2371 1198 2436 οὕτως
1224 2371 1470 2442 γένηται,
1494 2370 1762 2443 ἐπενόησα

212 2457 405 2529 ὄνειρον
439 2460 763 2526 πλάσασθαι,
799 2463 876 2526 ὠς
917 2464 981 2534 δή
1015 2480 1159 2527 τινος
1187 2464 1405 2534 νύκτωρ
1436 2462 1762 2527 ἐπιστάντος

212 2568 297 2619 μοι
327 2552 413 2605 καὶ
442 2554 749 2624 εἰρηκότος·
784 2554 967 2620 Γύναι,
998 2556 1230 2626 ἐξαυτῆς
1248 2557 1292 2588 ⁹⁰
1324 2554 1440 2627 ἅμα
1482 2558 1593 2619 τοῖς
1622 2555 1765 2608 διδύ-

210 2657 323 2709 μοις
347 2659 434 2695 σου
460 2645 671 2707 τέκνοις
692 2646 784 2698 ἐπὶ
814 2646 1002 2718 χρόνον
1027 2647 1169 2711 τινὰ,
1202 2647 1392 2719 μέχρις
1420 2649 1507 2700 ὅτε
1542 2648 1765 2718 μηνύσω

200 2733 493 2787 ἐπανελθεῖν
532 2753 591 2788 σε
622 2737 875 2801 ἐνταῦθα,
904 2738 1097 2809 ἔκϐηθι
1124 2740 1223 2809 τὴν
1266 2739 1444 2792 πόλινο
1500 2740 1624 2792 ἐπεὶ⁵
1645 2740 1763 2811 ἅμα

200 2824 336 2897 ἀνδρὶ
367 2828 462 2879 καὶ
498 2828 636 2882 πᾶσί
676 2847 769 2883 σου
798 2833 909 2894 τοῖς
933 2831 1144 2895 τέκνοις
1174 2831 1337 2903 266
1357 2832 1637 2901 αἰφνιδίως
1665 2849 1765 2885 κα-

200 2916 295 2980 κῶς
348 2918 715 2991 τελευτήσεις.
765 2922 944 2993 ὐμῶς
986 2922 1159 2986 οὕτως
1193 2926 1442 2993 ἐποίησα.
1478 2925 1629 2995 ’Λμα
1656 2923 1765 2997 γὰρ

195 3008 260 3077 τῷ
283 3008 367 3060 τὸν
399 3010 621 3081 ὄνειρον
653 3011 953 3082 ψεύσασθαί
989 3033 1055 3085 με
1088 3015 1165 3086 τῷ
1198 3016 1373 3088 ἀνδρὶ,
1404 3017 1585 3081 αὑτὸς,
1607 3017 1763 3090 περί-

198 3102 337 3169 φοϐος
364 3106 685 3173 γενόμενος,
717 3106 853 3185 μετά
878 3107 984 3160 τῶν
1020 3108 1224 3179 ἐμῶν⁹¹
1248 3109 1341 3162 δύο
1370 3109 1523 3176 υἱῶν,
1556 3109 1759 3166 δούλων

195 3210 241 3245 τε
268 3197 354 3247 καὶ
386 3196 701 3249 παιδισκῶν
735 3199 826 3252 καὶ
855 3200 1152 3271 χρημάτων
1188 3202 1396 3272 συχνῶν
1425 3202 1564 3256 κατά
1597 3204 1763 3259 πλοῦν

195 3289 261 3351 είς
293 3289 531 3359 Ἀθήνας
566 3307 635 3359 με
670 3290 996 3364 ἐξέπεμψεν,
1031 3294 1386 3348 ἐκπαιδεῦσαι
1429 3296 1559 3360 τοὺς
1591 3298 1762 3363 υἱοὺς,

198 3400 213 3431 ι
244 3380 427 3453 μέχρις
461 3381 557 3444 ἂν,
592 3382 720 3451 ἔφη,
743 3383 820 3453 τῷ
840 3384 1235 3455 χρηματίσαντι
1256 3386 1382 3457 δόξῃ
1400 3387 1673 3441 ἐπανιέναι
1705 3406 1763 3442 σε

193 3474 307 3545 πρὶς
337 3477 460 3545 ἐμέ.
502 3495 524 3527 ι
576 3474 755 3546 ὐμῶς
790 3474 903 3547 ἅμα
950 3477 1163 3540 τέκνοις
1198 3480 1230 3548 ἡ
1273 3478 1500 3533 τάλαινα
1530 3480 1765 3535 πλέουσα

194 3564 279 3617 ὑπὸ
306 3568 536 3639 ἀνέμων
562 3568 792 3634 ἀταξίας
819 3572 898 3633 είς
920 3570 1141 3633 τούτους
1174 3570 1541 3643 ἀπρῤιφεῖσα
1563 3574 1607 3603 ⁹¹
1637 3574 1764 3640 τοὺς

191 3656 382 3723 τύπους,
417 3658 625 3722 νυκτὸς
662 3661 762 3729 τῆς
792 3660 918 3731 νηὸς
936 3661 1299 3733 διαλυθείσης,
1331 3663 1633 3735 ναυαγίῳ⁹³
1663 3682 1762 3718 πε-

192 3750 414 3817 ριέπεσα.
455 3751 690 3804 Πάντων
725 3752 783 3805 δὲ
819 3752 1107 3816 θανόντων,
1160 3756 1193 3825 ἡ
1226 3755 1431 3825 ἀτυχὴς
1475 3755 1586 3823 ἐγὼ
1626 3757 1761 3828 μόνη

191 3841 278 3894 ὑπὸ
296 3843 536 3915 σφοδροῦ
570 3843 811 3913 κύματος
837 3844 1159 3916 ραπισθείσα
1173 3846 1239 3909 ’⁸,
1266 3847 1360 3899 ἐπὶ
1386 3848 1590 3919 πέτρας
1612 3850 1762 3920 ἐρρί-

190 3937 394 4005 φην,ὲφ’
424 3932 502 4007 ἧς
528 3936 850 3991 καθεσθεῖσα
880 3941 912 4010 ἡ
945 3938 1103 3992 ἀθλία
1124 3938 1295 3991 ἐλπίδι
1312 3938 1407 3991 τοῦ
1439 3940 1508 3993 τά
1530 3941 1574 3971 ’⁸
1597 3942 1762 3994 τέκνα

193 4043 246 4094 με
274 4026 448 4090 ζῶντα
481 4028 689 4098 εὑρεῖν,
722 4031 800 4091 εἰς
829 4030 919 4082 τὸν
935 4030 979 4059 ’⁸
1011 4030 1171 4099 βυθὸν
1210 4030 1450 4101 ἐμαυτὴν
1472 4033 1570 4085 οὐκ
1610 4032 1762 4104 ἐρρι-

191 4116 250 4183 ύα
272 4119 409 4183 τότε,
449 4120 569 4183 ὅτε,
603 4120 701 4188 τὴν
725 4121 899 4191 ψυχὴν
945 4121 1361 4193 μεμεθυσμένην
1391 4126 1503 4184 τοῖς
1524 4124 1762 4195 κύμασιν

190 4206 386 4277 ἔχουσα,
423 4210 598 4263 τοῦτο
628 4211 848 4281 ποιῆσαι
880 4214 1075 4284 ῥᾳδίως
1104 4214 1393 4284 ἐδυνάμην.

246 4299 398 4355 XVII.
445 4301 603 4371 Πλὴν
636 4303 821 4373 ἐπειδὴ
846 4303 1043 4375 ὄρθρος
1073 4306 1308 4373 ἐγένετο,
1337 4305 1549 4377 μεγάλα
1582 4307 1761 4378 βοῶσα

189 4392 267 4442 καὶ
294 4395 466 4466 γοερά
506 4394 797 4447 κωκύουσα
811 4396 852 4426 ’⁷
894 4396 1354 4469 περιεϐλεπόμην,
1388 4398 1627 4469 ζητοῦσα
1654 4401 1761 4455 τῶν

1859 1910 1997 1966 meis
2017 1910 2249 1981 geminis
2279 1912 2464 1980 pueris
2495 1910 2560 1964 ad
2582 1909 2861 1980 quoddam
2889 1917 3103 1973 tempus
3131 1904 3443 1971 discedere,

1859 2002 2033 2059 donec
2062 2012 2118 2058 et
2147 2004 2399 2072 impurus
2423 2018 2575 2056 amor
2605 2002 2772 2068 illius,
2803 2001 2897 2070 qui
2930 1999 3064 2054 mihi
3091 2000 3158 2054 ad
3188 1998 3430 2054 dedecus

1861 2110 2045 2150 meum
2078 2095 2483 2160 assentabatur,
2532 2094 2696 2148 linem
2751 2093 3071 2161 accepisset.
3115 2090 3185 2144 At
3212 2091 3443 2146 alterum

1859 2184 2057 2251 lilium,
2109 2196 2169 2242 ut
2222 2187 2367 2259 apud
2407 2194 2619 2257 patrem
2664 2186 2721 2240 in
2757 2184 3018 2240 solatium
3058 2192 3329 2250 maneret,
3360 2200 3443 2240 re-

1861 2279 2016 2349 liqui.

1932 2368 2282 2425 lVlNerum
2300 2384 2412 2439 quo
2424 2369 2541 2423 haec
2562 2366 2636 2423 ita
2652 2368 2867 2434 tierent,
2892 2367 2946 2422 in
2965 2368 3213 2424 animum
3230 2366 3442 2433 induxi,

1863 2465 2136 2520 somnium
2167 2462 2393 2533 lingere,
2424 2462 2581 2533 quasi
2605 2462 2807 2532 aliquis
2832 2462 2967 2516 mihi
2987 2472 3151 2518 noctu
3177 2462 3445 2519 astitisset

1862 2576 1933 2616 ac
1946 2560 2210 2614 dixisset:
2234 2556 2448 2624 Mulier,
2479 2556 2770 2612 confestim
2795 2572 2904 2612 una
2932 2572 3058 2611 cum
3082 2557 3315 2628 geminis
3336 2557 3444 2637 tuis

1861 2652 2046 2723 pueris
2067 2650 2204 2706 urbe
2227 2649 2447 2705 discede
2477 2648 2544 2703 ad
2573 2647 2799 2718 aliquod
2836 2656 3076 2718 tempus,
3109 2649 3288 2705 donec
3316 2666 3441 2705 rur-

1863 2761 1958 2801 sus
1982 2744 2320 2809 indicavero,
2357 2750 2418 2795 ut
2455 2739 2649 2795 redeas
2678 2740 2821 2807 huc;
2854 2740 3060 2809 alioqui
3085 2756 3210 2796 cum
3239 2741 3442 2795 marito

1863 2836 2186 2905 cunctisque
2211 2834 2320 2889 tuis
2346 2832 2532 2888 liberis
2566 2831 2633 2887 de
2660 2840 2882 2903 repente
2918 2832 3125 2902 peribis
3152 2832 3315 2889 male.
3345 2831 3445 2885 At-

1864 2945 1972 2999 que
2004 2930 2085 2984 ita
2143 2927 2272 2983 feci.
2307 2925 2503 2981 Statim
2531 2925 2678 2979 enim
2720 2934 2780 2980 ut
2811 2926 3089 2980 somnium
3116 2925 3440 2983 ementitum

1864 3024 1989 3078 viro
2026 3021 2301 3087 enarravi,
2334 3020 2608 3086 extimuit,
2635 3030 2689 3074 et
2741 3033 2828 3072 me
2878 3033 3003 3073 cum
3039 3017 3261 3073 duobus
3298 3020 3439 3076 meis

1868 3116 1995 3170 filiis
2022 3129 2259 3184 cumque
2281 3113 2454 3169 servis
2485 3121 2538 3168 et
2565 3111 2781 3167 ancillis
2808 3120 2972 3181 atque
2999 3110 3172 3166 multa
3206 3111 3441 3181 pecunia

1866 3208 2109 3264 Athenas
2146 3221 2243 3278 per
2302 3221 2495 3260 navem
2550 3205 2746 3269 misit,
2803 3212 2863 3259 ut
2918 3212 3077 3259 natos
3125 3204 3441 3272 erudirem,

1866 3299 2081 3369 Quoad,
2121 3300 2321 3370 inquit,
2354 3298 2587 3354 visionis
2628 3296 2841 3353 auctori
2888 3296 3157 3367 placuerit
3182 3305 3233 3351 te
3267 3297 3446 3354 redire

1866 3393 1934 3449 ad
1973 3407 2082 3447 me.
2130 3392 2406 3447 Caeterum
2452 3406 2554 3459 ego
2586 3389 2792 3444 misera
2835 3404 2942 3444 una
2975 3404 3103 3443 cum
3127 3388 3321 3451 liberis
3347 3405 3447 3445 na-

1864 3485 2057 3555 vigans
2087 3493 2379 3540 ventorum
2432 3482 2487 3538 vi
2535 3480 2797 3552 projicior
2827 3482 2881 3536 in
2917 3482 3033 3537 haec
3068 3480 3210 3547 loca,
3234 3492 3289 3537 et
3318 3484 3444 3540 navi

1864 3590 2031 3634 noctu
2070 3579 2335 3634 dissoluta
2361 3577 2415 3631 in
2442 3574 2789 3645 naufragium
2823 3574 3013 3631 incidi.
3042 3573 3294 3645 Cumque
3322 3592 3445 3637 om-

1867 3689 1965 3728 nes
2012 3673 2352 3737 interissent,
2394 3686 2504 3724 una
2548 3685 2649 3738 ego
2700 3666 2887 3721 infelix
2915 3708 2931 3734 ,
2973 3669 3184 3737 magnis
3239 3669 3444 3739 agitata

1865 3766 2147 3831 ﬂuctibus,
2179 3765 2232 3819 in
2266 3779 2460 3819 saxum
2490 3761 2665 3832 ejecta
2698 3776 2820 3814 sum
2851 3777 2865 3814 :
2897 3760 2986 3814 ubi
3030 3776 3156 3816 cum
3204 3761 3442 3817 infortu-

1866 3868 1993 3914 nata
2026 3859 2295 3924 sederem,
2326 3873 2423 3928 spe
2474 3854 2785 3925 reperiendi
2833 3863 2993 3909 natos
3020 3869 3172 3909 meos
3203 3855 3360 3910 vivos
3387 3857 3442 3911 in

1864 3952 2198 4023 profundum
2230 3967 2319 4005 me
2359 3966 2469 4004 non
2507 3948 2844 4020 praecipitavi
2882 3956 3032 4010 tunc,
3061 3947 3283 4016 quando
3321 3950 3444 4002 ani-

1862 4046 2262 4103 mum‘hahens
2288 4044 2499 4099 doloris
2547 4042 2808 4099 fluctibus
2849 4040 3065 4096 ebrium
3096 4040 3204 4097 hoc
3253 4041 3441 4096 facere

1864 4140 2023 4195 facile
2049 4148 2317 4208 poteram.

1932 4298 2098 4354 XVII.
2143 4297 2345 4355 Verum
2392 4305 2682 4368 postquam
2737 4294 2857 4349 dies
2908 4302 3135 4348 exortus
3176 4299 3438 4359 cst,cum

1864 4393 2103 4449 clamore
2140 4407 2341 4463 magno
2367 4400 2421 4445 et
2453 4387 2752 4444 miserabili
2784 4387 2993 4441 ululatu
3023 4385 3406 4455 circumspicio
3432 4418 3437 4423 λ

188 4480 315 4551 ἐμῶν
350 4485 725 4557 ταλαιπώρων
757 4486 970 4558 βρεφῶν
1000 4488 1068 4540 τά
1088 4488 1257 4559 νεκρά
1285 4489 1532 4561 σώματα.
1577 4492 1761 4563 Ἐλεή-

1867 4489 2013 4554 bam,
2044 4502 2295 4555 qurerens
2326 4483 2623 4538 infelicium
2662 4489 2916 4534 natorum
2942 4480 3229 4535 cadavera.
3266 4476 3437 4547 Igitur

190 4589 360 4640 σαντες
386 4574 483 4631 οὖν
522 4595 588 4648 με
617 4578 665 4629 οἱ
688 4578 988 4650 ἐπιχώριοι,
1020 4582 1231 4652 γυμνὴν
1257 4582 1474 4648 ἰδόντες,
1505 4584 1760 4637 ἐνδύσαν-

184 4666 263 4729 τὲς
295 4688 359 4739 με
388 4672 452 4723 τὸ
501 4670 737 4741 πρῶτον,
768 4671 858 4722 τὸν
882 4670 1038 4740 βυθὸν
1071 4673 1402 4744 ἀνηρεύνων,
1433 4676 1501 4729 τά
1530 4676 1638 4747 ἐμὰ
1660 4675 1759 4749 ζη-

183 4760 383 4825 τοῦντες
424 4764 618 4815 τέκνα.
671 4764 780 4815 Καὶ
826 4764 946 4815 ἐπεὶ
982 4765 1147 4835 μηδὲν
1180 4766 1437 4837 ηὕρισκον
1458 4770 1504 4800 ⁸⁸
1528 4763 1602 4823 ὧν
1632 4771 1759 4843 ἐζή-

183 4868 315 4917 τουν,
346 4854 709 4928 παραμυθίας
740 4855 897 4927 χάριν
932 4857 1074 4920 τινὲς
1104 4857 1211 4911 τῶν
1242 4859 1533 4928 φιλοξένων
1563 4879 1758 4931 γυναι-

183 4947 280 4997 κῶν
306 4948 704 5019 προσελθοῦσαι
733 4948 1011 5018 διηγοῦντο
1040 4951 1241 5023 ἑκάστη
1266 4951 1335 5005 τά
1363 4954 1561 5023 ἐαυτῆς
1583 4954 1751 5019 κακὰ,

183 5038 259 5089 ἵνα
286 5043 351 5109 τῇ
376 5040 423 5071 ⁹⁹
454 5040 568 5091 τῶν
596 5040 797 5108 ὁμοίων
847 5043 1098 5112 συμφορᾷ
1127 5044 1478 5114 παραμυθίας
1516 5045 1683 5116 τύχω,
1720 5047 1749 5101 ὃ

181 5127 236 5195 δή
260 5148 324 5199 με
360 5130 567 5201 μᾶλλον
602 5131 811 5185 ἐλύπει.
843 5132 915 5186 Οὐ
950 5134 1057 5206 γὰρ
1082 5134 1218 5205 ἔφην
1238 5135 1380 5189 οὕτω
1409 5138 1571 5208 267
1604 5139 1749 5210 κακὴ

1866 4580 2217 4637 miseratione
2249 4576 2507 4633 commoti
2553 4574 2769 4638 incolae,
2804 4572 3006 4627 nudam
3059 4571 3266 4636 intuiti,
3306 4587 3432 4625 cum

1864 4676 2041 4744 primo
2073 4688 2161 4727 me
2189 4670 2519 4736 induissent,
2556 4666 2785 4723 scrutati
2831 4673 2959 4719 sunt
3012 4664 3182 4718 maris
3210 4661 3439 4733 profun-

1862 4767 2016 4834 dum,
2045 4764 2338 4836 querendo
2366 4771 2523 4816 natos
2552 4776 2726 4815 meos.
2767 4758 2831 4811 Et
2861 4758 2989 4828 quia
3023 4756 3158 4811 nihil
3190 4756 3434 4810 invenie-

1861 4858 1996 4913 bant
2023 4872 2215 4912 eorum
2256 4870 2380 4925 quae
2434 4852 2784 4923 indagabanl,
2817 4848 3098 4904 nonnullae.
3132 4847 3437 4917 hospitales

1861 4951 2118 5006 mulieres
2144 4946 2463 5004 consolandi
2494 4960 2580 5000 me
2608 4945 2781 5016 gratia
2809 4950 3180 5007 accesserunt,
3207 4949 3263 4995 et
3290 4955 3423 4994 suas

1858 5041 2084 5113 singulm
2130 5040 2463 5095 enarrabant
2518 5036 2791 5103 mlserias,
2822 5043 2882 5091 ut
2909 5036 3173 5090 similium
3199 5033 3426 5089 calami-

1860 5145 1969 5191 tate
1994 5134 2251 5190 solatium
2289 5146 2540 5201 caperem
2572 5148 2586 5185 :
2621 5129 2769 5201 quod
2818 5144 2907 5183 me
2935 5129 3109 5200 magis
3137 5128 3434 5182 contrista-

1503 5248 1740 5306 V’ARIIE
1779 5245 2183 5304 LECTIONES.

245 5340 287 5371 ⁸³
329 5341 501 5411 μόνην
551 5339 618 5394 0.
709 5338 755 5371 °‘
783 5340 1004 5395 δυνατοῦ
1074 5342 1218 5411 Epit.
1304 5345 1350 5376 "
1387 5345 1759 5448 talatnwapiaq
1817 5343 1881 5398 0.

254 5427 305 5448 ee
364 5410 411 5448 ﬂ
489 5422 536 5448 οι
578 5412 698 5448 Fm‘t
804 5413 873 5448 mil
920 5414 959 5448 l‘.
1079 5414 1123 5446 81
1159 5416 1241 5448 3'..-
1295 5430 1383 5448 Ann
1465 5415 1509 5448 n
1652 5413 1881 5448 αμα-κιαι·

1195 5432 1244 5467 να
1295 5430 1405 5470 om.
1465 5415 1530 5470 0.
1627 5412 1671 5448 ⁶⁸
1697 5413 1952 5469 ὑποϐάλω
1997 5412 2061 5468 Ο.

1195 5486 1239 5557 θ’
1264 5486 1663 5557 ἁπορῤιφθεῖσα
1715 5486 1779 5541 Ο.
1908 5485 1957 5557 ’ἦ
1986 5502 2061 5537 ναι

1386 5534 1498 5627 ξμξίίῑ
1517 5534 1699 5627 fasi.
1848 5557 1918 5610 τά
1947 5534 2153 5609 signa:
2174 5534 2227 5608 ες
2259 5534 2324 5627 ο,

186 5412 308 5480 μήτε
364 5410 411 5463 Ο
458 5410 542 5464 iet
575 5412 741 5481 Ερίι..
782 5413 873 5481 ,μή
920 5414 980 5466 C.
1079 5410 1125 5446 ⁸⁷
1159 5416 1244 5467 ἵνα
1295 5430 1405 5470 om.
1465 5415 1530 5470 0.

183 5490 401 5533 stanter.
506 5482 547 5511 ἰ
576 5480 726 5539 ἐμῶν
761 5480 912 5534 deest
960 5485 1011 5535 in
1034 5483 1098 5539 0.

181 5548 299 5604 804.
376 5552 421 5582 ’δ
448 5548 756 5621 ριπισθεῖσα
789 5553 909 5604 cod.
943 5552 1069 5621 Reg.
1103 5554 1205 5608 804
1227 5597 1239 5618 ,
1271 5568 1321 5608 et

1988 5342 2036 5375 ⁸⁸
2063 5340 2361 5413 βουλομένη
2422 5336 2503 5398 S.,
2567 5335 2897 5411 βουλομένης
2951 5334 3014 5399 C,
3062 5331 3127 5388 0.
3192 5330 3434 5385 Subinde

1997 5412 2061 5465 Ο.
2158 5413 2202 5444 ⁸⁸
2234 5408 2599 5465 οὕτωςταῦτα
2621 5409 2682 5461 0.
2782 5406 2826 5437 ⁹⁰
2879 5404 2938 5465 ἐξ
2985 5404 3153 5465 αὑτῆς
3200 5400 3244 5454 0
3295 5416 3431 5454 con-

1908 5433 1952 5467 ω
1997 5422 2061 5468 υ.
2158 5422 2202 5444 ⁵³
2234 5422 2405 5473 ουτως
2426 5425 2599 5461 ταυτα
2621 5422 2682 5461 u.
2783 5422 2826 5437 ’ν
2879 5422 2938 5469 ες
2985 5422 3153 5473 αυτης
3200 5422 3244 5454 υ
3295 5422 3431 5454 con-

1908 5485 1955 5515 ”
1986 5483 2306 5554 ναυφραγίω
2350 5481 2409 5534 0.
2445 5478 2688 5532 Subinde
2747 5475 3069 5599 περιέπεσον
3126 5472 3244 5525 cod.
3297 5470 3427 5540 Reg.

1908 5575 1918 5609 l
1947 5555 2153 5609 inserui
2178 5570 2227 5608 c.
2399 5550 2447 5586 "
2473 5548 2535 5601 τό
2561 5546 2618 5601 S.
2697 5546 2741 5617 ’ζ
2773 5545 2813 5599 γ
2859 5548 2913 5617 b._
2941 5543 3136 5617 ῥᾳδίως
3158 5541 3431 5617 ἐδυνάμην

2473 5559 2535 5601 το
2561 5559 2618 5601 δ.
2698 5559 2738 5579 ’⁷
2779 5559 2907 5599 γυυ.
2941 5559 3136 5614 pactio;
3160 5559 3397 5614 εουναμη

188 5648 245 5658 -
265 5610 462 5696 γοεραί
484 5620 774 5696 κωκύουσα
806 5610 1184 5696 desiderantur
1211 5610 1261 5677 in
1292 5625 1356 5679 Ο.
1398 5610 1410 5627 ’
1433 5610 1493 5657 "7
1516 5610 1738 5683 Videide
1768 5628 1871 5682 hoc
1899 5634 2190 5696 augmento
2217 5624 2320 5696 etsi
2365 5619 2694 5696 rarissimo“
2720 5610 3168 5696 L'olierkiu'ninad
3217 5610 3428 5696 “Pliiiyn.

186 5681 393 5768 lui-0'-
428 5690 763 5761 δεῦρισκον
804 5690 849 5744 υ
897 5703 945 5749 cl
1000 5692 1141 5762 Epit.
1196 5697 1240 5731 ἐ’
1278 5700 1345 5768 τῇ
1402 5699 1634 5767 ascripsi
1680 5681 1744 5754 ei
1772 5681 1780 5682 “
1810 5698 1874 5755 o.
1930 5681 2132 5753 o‘éiuue
2160 5694 2265 5749 ὃδὲ
2315 5689 2511 5765 μᾶλλόν
2556 5706 2619 5761 με
2655 5688 2715 5745 c.
2750 5686 2926 5741 Etiam
2961 5684 3016 5739 in
3047 5681 3243 5753 Epind
3286 5682 3348 5755 δή
3374 5699 3430 5752 ν.

186 5758 283 5813 ζδέ
