4004 6332
568 313 679 369 515

1403 315 1463 373 S.
1503 313 1940 371 CLEMENTISI
1974 314 2140 369 ROM.

2255 312 2382 368 INT.
2427 312 2655 367 OPERA
2694 311 2919 369 DUBIA.
3671 321 3764 377 σιω

570 428 664 483 bat
698 444 712 481 :
748 423 865 481 Non
901 424 1071 492 enim,
1105 426 1446 503 Inquiebam,
1470 432 1609 489 adeo
1639 433 1780 486 mala
1812 448 1957 498 sum,
1987 442 2048 489 ut
2077 447 2144 486 ex

2255 425 2405 493 εἶναι,
2420 430 2495 492 ὼς
2520 430 2590 461 ¹⁰⁰
2611 432 2730 492 ταῖς
2748 430 2923 483 ἄλλων
2942 431 3244 500 συμφοραῖς
3268 430 3596 499 παραμυθίας
3620 433 3764 504 τύχω.

570 521 802 575 aliorum
834 520 1242 577 calamitatibus
1292 524 1726 579 consolationem
1754 526 2043 596 accipiam.
2081 524 2149 581 Et

570 631 696 669 cum
721 628 808 667 me
833 614 1018 668 multae
1043 614 1282 684 hospitio
1297 626 1558 685 cuperent
1583 618 1843 686 recipere,
1871 632 1979 672 una
1999 633 2150 688 quae-

2247 522 2359 576 Kal.
2396 522 2460 591 δὴ
2482 523 2562 584 εἰς
2612 521 2790 589 ξενίαν
2820 520 3030 574 πολλῶν
3076 538 3142 592 με
3175 521 3327 589 ἄγειν
3356 520 3602 587 ἀξιουσῶν
3623 524 3658 587 ³,
3686 529 3769 594 μία

2246 630 2331 675 τις
2358 613 2468 666 τῶν
2497 614 2728 667 ἐνταῦθα
2748 614 2987 695 πενιχρὰ,
3009 613 3141 667 πολὺ
3176 612 3465 683 βιασαμένη
3492 617 3564 678 είς
3585 615 3640 668 τὸ
3666 618 3773 669 ἐαυ-

571 706 699 760 dam
729 706 1058 775 paupercula
1088 706 1178 762 hic
1204 708 1477 776 jhabitans
1504 711 1734 765 extorsit
1762 710 1895 765 mihi
1927 711 2148 781 tugurio

2255 707 2348 787 τῆς
2370 706 2545 759 ἐλθεῖν
2567 707 2843 777 ἠνάγκασε
2870 707 3155 776 σκήνωμα,
3190 703 3413 757 εἰποῦσά
3435 722 3519 775 μοι
3536 723 3548 734 ’
3575 705 3770 779 Θάρρει,

571 798 691 866 ejus
714 797 1027 863 succedere,
1045 798 1232 854 dicens
1255 819 1269 853 :
1292 799 1545 867 Contide,
1566 803 1801 857 mulier:
1833 805 2035 859 etenim
2063 805 2151 859 vir

572 905 752 954 meus,
807 890 974 945 homo
1022 899 1211 958 nauta,
1242 893 1296 946 in
1328 893 1465 947 mari
1498 894 1679 949 adhuc
1708 896 1931 965 juvenis
1977 898 2145 953 obiit:

574 990 739 1052 atque
768 997 835 1036 ex
866 998 932 1037 eo
963 982 1074 1047 die,
1109 984 1363 1054 quamvis
1392 986 1548 1040 multi
1578 1002 1665 1041 me
1694 987 2049 1043 sollicitarint
2080 990 2147 1044 ad

574 1074 817 1142 nuptias,
848 1089 948 1144 ego
989 1075 1265 1131 desiderio
1304 1076 1405 1130 viri
1452 1078 1559 1133 mei
1596 1079 1765 1133 malui
1797 1080 1852 1135 in
1884 1081 2152 1137 viduitate

576 1175 764 1232 agere:
794 1163 971 1220 Erunt
1000 1182 1130 1238 ergo
1161 1169 1499 1238 communia,
1533 1186 1875 1243 quaecunque
1896 1175 2152 1230 manibus

575 1270 823 1327 quaerere
851 1259 1178 1328 poterimus.

648 1348 839 1404 XVIII.
878 1349 945 1404 Et
998 1365 1067 1406 ne
1096 1351 1257 1423 longa
1314 1367 1379 1409 ac
1425 1352 1612 1410 minus
1672 1355 1791 1410 utili
1838 1359 2152 1416 narratione

578 1451 723 1508 utar,
762 1443 999 1498 habitavi
1027 1458 1153 1499 cum
1194 1460 1278 1511 ea,
1307 1454 1532 1517 propter
1578 1462 1822 1503 amorem
1865 1450 1987 1521 ejus
2021 1468 2153 1524 erga

578 1535 860 1590 maritum.
895 1534 1007 1591 Sed
1039 1552 1151 1591 non
1183 1538 1357 1593 multo
1407 1548 1530 1609 post
1574 1540 1709 1596 mihi
1758 1540 1967 1599 infelici
2009 1545 2155 1601 lace-

578 1636 710 1682 ratae
742 1629 1023 1685 morsibus
1068 1631 1326 1685 resolutae
1357 1641 1484 1686 sunt
1508 1648 1725 1700 manus,
1759 1635 1850 1689 illa
1876 1652 2005 1691 vero
2028 1653 2153 1708 qua:

580 1736 667 1774 me
688 1730 1037 1790 susceperat,
1081 1730 1196 1777 tota
1250 1723 1444 1778 morbo
1495 1725 1735 1795 quodam
1782 1740 2047 1798 occupata
2098 1738 2154 1785 et

2250 798 2430 867 γύναι,
2458 800 2552 852 καὶ
2577 799 2685 870 γὰρ
2714 800 2742 851 ὁ
2774 797 2903 869 ἐμὸς
2934 798 3072 867 ἀνὴρ
3107 796 3305 867 ναύτης
3334 795 3407 848 ῶν
3438 796 3571 849 κατά
3599 796 3772 850 θάλασ-

2241 900 2351 945 ’σαν
2368 893 2389 922 ¹
2416 891 2701 961 τέθνηκεν,
2730 892 2787 943 ἐν
2805 893 2873 961 τῇ
2904 888 3166 960 νεαζούσῃ
3186 889 3463 957 τυγχάνων
3484 888 3675 960 ἡλικίᾳ·
3696 892 3775 942 καὶ

2252 982 2460 1048 ἔκτοτε,
2482 982 2690 1037 πολλῶν
2717 1001 2784 1054 με
2809 981 3121 1047 ἀξιούντων,
3141 981 3276 1051 πρὸς
3294 981 3464 1050 γάμον
3488 978 3589 1048 ἐγὼ
3604 980 3775 1049 χηρεύ-

2252 1095 2331 1130 ειν
2355 1077 2596 1148 εἱλόμην,
2623 1075 2717 1129 τὸν
2746 1074 2876 1146 ἐμὸν
2915 1072 3155 1125 ποθοῦσα
3178 1071 3364 1142 ἄνδρα.
3395 1072 3577 1123 Ἔσται
3594 1070 3646 1122 δὲ
3668 1072 3777 1141 ἡμῖν

2252 1168 2407 1223 κοινά
2428 1168 2464 1223 ἃ.
2488 1168 2576 1222 διὰ
2599 1167 2795 1239 χειρῶν
2819 1166 3126 1238 ἀμφότεραι
3152 1163 3393 1235 πορίζειν
3415 1162 3691 1233 δυνάμεθα.

2322 1350 2510 1405 XVIII.
2532 1350 2641 1404 Καὶ
2661 1351 2748 1403 ἵνα
2779 1351 2850 1421 μή
2881 1365 2961 1401 σοι
2988 1347 3213 1419 μηκύνω
3234 1346 3359 1408 τοὺς
3372 1344 3469 1396 οὑκ
3493 1341 3783 1410 ἀναγκαίους

2254 1443 2464 1514 λόγους,
2495 1442 2784 1514 συνῴκησα
2811 1442 2947 1512 αὑτῇ
2973 1439 3058 1493 διὰ
3081 1439 3179 1510 τὴν
3204 1434 3533 1507 φιλανδρίαν.
3560 1433 3659 1487 Kal.
3686 1435 3781 1503 μετ’

2255 1538 2315 1592 οὑ
2345 1537 2476 1591 πολὺ
2498 1534 2632 1607 ἐμοῦ
2655 1536 2755 1605 τῆς
2779 1531 3123 1603 ταλαιπώρου
3150 1530 3208 1583 αί
3236 1531 3416 1601 χεῖρες
3440 1528 3539 1580 ὑπὸ
3560 1527 3658 1578 τῶν
3678 1525 3785 1595 δηγ-

2259 1630 2442 1703 μάτων
2467 1630 2488 1661 ³
2536 1627 2893 1699 παρείθησαν,
2944 1624 3038 1678 καὶ
3075 1625 3108 1694 ἡ
3156 1620 3525 1691 ὑποδεξαμένη
3557 1634 3617 1688 με
3640 1616 3783 1685 γυνὴ,

2256 1722 2350 1794 ὅλη
2379 1720 2482 1775 ὑπὸ
2506 1720 2709 1783 πάθους
2728 1718 2873 1781 τινὸς
2896 1715 3226 1779 συνδεθεῖσα,
3243 1714 3335 1765 ἐπὶ
3354 1711 3455 1782 τῆς
3474 1709 3639 1770 οἰκίας
3664 1707 3788 1779 ἐρρι-

578 1812 834 1882 colligata
863 1787 1011 1868 domi
1032 1813 1200 1883 jacet.
1234 1787 1667 1887 Quoniam-ergo
1698 1787 2010 1885 mulierum,
2030 1837 2152 1892 quae

2255 1787 2403 1869 πται.
2433 1815 2583 1866 Ἐπεὶ
2595 1809 2686 1865 οὖν
2703 1813 2730 1865 ὁ
2751 1811 2859 1864 τῶν
2885 1810 3048 1865 πάλαι
3071 1805 3342 1876 γυναικῶν
3364 1804 3505 1866 ἔλεος
3529 1801 3789 1870 παρηκμα-

579 1903 734 1973 prius
764 1904 1192 1972 miserabantur,
1223 1906 1468 1977 elanguit
1490 1908 1738 1977 allectus,
1756 1925 1822 1965 ac
1849 1926 1953 1981 ego
1977 1922 2032 1968 et
2059 1913 2151 1969 illa

578 1995 768 2052 clausa
808 1997 957 2052 domi
990 1999 1166 2055 amba:
1208 1999 1418 2055 debiles
1455 2010 1509 2055 et
1543 2003 1882 2057 calamitosae
1934 2020 2149 2075 sumus,

575 2102 646 2143 ex
674 2089 849 2144 multo
877 2099 1122 2162 tempore
1153 2092 1263 2159 hic,
1298 2102 1359 2147 ut
1384 2093 1556 2162 vides,
1592 2096 1779 2163 sedeo,
1814 2098 2014 2168 stipem
2056 2115 2151 2169 pe-

577 2189 721 2248 tens,
753 2192 826 2250 et,
875 2182 923 2238 si
972 2183 1105 2253 quid
1159 2183 1301 2239 forte
1353 2201 1639 2257 accepero,
1678 2190 1845 2245 etiam
1896 2192 1963 2247 ad
2001 2192 2151 2249 illam

580 2274 784 2343 pariter
810 2275 1067 2330 miseram
1116 2277 1183 2331 ad
1215 2278 1398 2332 cibum
1431 2278 1638 2335 defero.
1674 2283 1853 2353 Atque
1882 2284 2153 2344 hactenus

582 2380 717 2419 mea:
751 2366 970 2436 quidem
1019 2384 1108 2422 res
1155 2368 1489 2425 sutlicienter
1516 2380 1647 2426 sunt
1676 2374 1856 2431 dieue.
1894 2377 1975 2432 Tu
2006 2397 2153 2439 nunc

578 2457 711 2526 quid
735 2459 968 2513 moraris
998 2458 1223 2529 implere
1252 2462 1396 2531 quod
1429 2465 1784 2535 promiseras,
1814 2478 1869 2523 te
1892 2470 2153 2528 daturum

579 2548 959 2604 medicamen?
978 2566 1088 2621 quo
1111 2553 1274 2606 etiam
1305 2553 1379 2606 illi
1408 2554 1619 2610 obitum
1645 2560 1884 2629 cupienti
1915 2565 2151 2634 tradam,

575 2651 632 2694 et
668 2642 748 2697 sic
775 2657 877 2714 ego
907 2659 1128 2715 quoque
1158 2647 1390 2716 possim,
1439 2657 1499 2702 ut
1549 2650 1654 2716 ais,
1681 2653 1848 2708 vitam
1905 2670 2150 2712 commu-

578 2743 713 2791 tare.

644 2827 787 2885 XIX.
828 2830 954 2888 Haec
985 2832 1201 2890 dicente
1235 2836 1488 2902 muliere,
1539 2837 1737 2894 Petrus
1780 2841 1953 2897 multa
1998 2845 2147 2916 cogi-

575 2922 784 2977 tatione
809 2933 957 2981 stare
988 2942 1291 2996 suspensus
1321 2929 1629 2987 videbatur.
1669 2930 1734 2987 Et
1757 2948 1858 3003 ego
1893 2952 2152 3005 superve-

576 3014 735 3070 niens
769 3014 1045 3084 :Dudum,
1077 3018 1325 3089 inquam,
1356 3036 1451 3091 per
1479 3024 1665 3078 omnia
1686 3025 1804 3079 loca
1830 3028 2151 3087 discurrens

2257 1925 2369 1971 σεν,
2416 1906 2526 1977 ἐγὼ
2564 1906 2621 1960 δὲ
2667 1906 2761 1959 καὶ
2804 1906 2836 1975 ἡ
2887 1905 3006 1957 κατ’
3035 1897 3182 1955 οἷκον
3223 1898 3528 1972 ἀμφότεραι
3568 1893 3791 1952 ἐπισινείς

2253 2001 2612 2072 τυγχάνομεν,
2650 2000 2712 2051 ἐκ
2755 1996 2965 2050 πολλῶν
3006 1993 3212 2065 χρόνων
3248 1986 3504 2053 ἐνταῦθα,
3552 1984 3624 2047 ὡς
3663 1982 3790 2053 ὁρᾷς,

2257 2095 2555 2165 καθέζομαι
2600 2088 2993 2164 προσαιτοῦσα,
3022 2087 3116 2140 καὶ
3154 2080 3229 2139 ὧν
3287 2084 3352 2138 ἂν
3378 2080 3655 2150 εὑπορήσω
3676 2076 3694 2107 ³
3717 2072 3792 2126 καὶ

2253 2189 2320 2257 τῇ
2347 2181 2773 2253 συνταλαιπώρῳ
2798 2182 2819 2214 ⁸
2850 2183 2930 2243 εἰς
2962 2178 3169 2250 τροφὰς
3197 2176 3428 2249 κομίζω.
3462 2173 3568 2227 Καὶ
3606 2168 3668 2222 τὰ
3709 2166 3792 2238 μὲν

2256 2272 2481 2348 ἐμάδέπὶ
2516 2275 2767 2329 τοσοῦτον
2803 2274 3091 2345 αὐτάρκως
3116 2269 3376 2342 εἰρήσθω.
3405 2264 3599 2321 Λοιπὸν
3624 2262 3681 2314 σὺ
3704 2276 3793 2311 κω·

2255 2370 2402 2432 λύεις
2424 2369 2444 2400 “
2467 2369 2566 2440 τὴν
2596 2368 2885 2437 ὑπόσχεσιν
2914 2363 3199 2436 πληρῶσαι
3238 2360 3338 2414 τοῦ
3372 2356 3560 2457 δοῦναι.
3592 2353 3651 2406 τὸ
3674 2349 3791 2457 ἱράς·

2260 2477 2464 2533 μακον;
2493 2461 2641 2522 ὅπως
2677 2458 2900 2529 κάκείνῃ
2926 2456 3082 2510 ἐπιθυ
3092 2453 3263 2527 μούσῃ
3296 2453 3475 2506 θανεῖν
3499 2447 3591 2511 δῶ,
3614 2444 3698 2498 καὶ
3717 2444 3794 2494 οῦ-

2254 2570 2361 2617 τως
2386 2552 2540 2622 κάγὼ
2561 2551 2654 2604 τοῦ
2680 2549 2798 2622 ζῇν»
2815 2550 2889 2613 ὡς
2914 2549 3069 2619 ἔφης,
3102 2544 3431 2619 μεταλλάξαι
3456 2537 3672 2612 δυνηθῶ.

2322 2841 2466 2897 XIX.
2510 2840 2694 2895 Ταῦτα
2718 2840 2817 2911 τῆς
2838 2836 3091 2909 γυναικὸς
3114 2835 3399 2907 εἰπούσης,
3426 2830 3529 2885 ὑπὸ
3555 2820 3795 2895 λογισμῶν

2258 2936 2467 2990 πολλῶν
2495 2935 2524 2987 ὁ
2558 2936 2761 3006 Πέτρος
2808 2932 2973 3003 268
3019 2930 3291 3003 μετέωρος
3339 2925 3512 2980 ἐδόκει
3558 2914 3793 2973 ἵστασθαι.

2269 3030 2411 3101 Ἐγὼ
2448 3029 2505 3083 δὲ
2541 3026 2783 3081 ἐπελθὼν
2811 3026 2947 3096 ἔφην
2972 3042 2985 3055 ·
3029 3025 3123 3077 Ἐκ
3147 3019 3346 3075 πολλοῦ
3377 3037 3436 3073 σε
3472 3008 3797 3086 περιερχόμε-

574 3107 886 3175 quaerebam
916 3118 969 3163 te
1002 3118 1094 3164 :et
1141 3127 1308 3179 nunc,
1360 3113 1493 3182 quid
1544 3116 1791 3186 agimus?
1833 3120 1903 3174 At
1947 3118 2146 3177 Petrus

2256 3142 2345 3187 νος
2390 3121 2571 3193 ζητῶ·
2620 3120 2717 3174 καὶ
2760 3119 2829 3172 τὰ
2870 3116 2964 3172 νῦν
3007 3116 3059 3168 τί
3102 3113 3408 3185 ποιοῦμεν;
3446 3110 3502 3162 '0
3540 3107 3594 3160 δέ
3619 3102 3796 3196 Ιξέτραξς

576 3201 833 3270 praecepit
877 3202 1035 3269 mihi,
1072 3213 1129 3257 ut
1169 3204 1236 3258 ad
1267 3205 1583 3261 naviculum
1632 3210 2018 3279 przecederem,
2049 3213 2153 3268 ibi-

574 3309 684 3363 que
724 3294 875 3347 illum
915 3297 1211 3365 opperirer.
1262 3297 1329 3353 Et
1373 3299 1504 3368 quia
1536 3302 1842 3358 contradici
1896 3306 1946 3360 ei
1979 3306 2153 3376 impe-

576 3385 723 3440 ranti
763 3400 872 3440 non
906 3391 1304 3459 poterat,quod
1333 3391 1503 3459 jussit
1530 3392 1655 3449 feci.
1686 3392 1803 3464 Ipse
1824 3411 1977 3465 vero,
2008 3399 2154 3454 sicut

2254 3189 2556 3289 προσέταξὲ
2585 3230 2676 3285 μοι
2703 3210 3001 3284 προάξαντι
3030 3208 3209 3279 μένειν
3240 3205 3408 3260 αὑτὸν
3454 3201 3543 3255 ἐπὶ⁸
3574 3194 3661 3289 τοῦ
3687 3189 3800 3245 σκά-

2256 3288 2405 3380 φους.
2435 3308 2545 3360 Καὶ
2570 3304 2757 3376 ἐπειδὴ
2786 3304 3061 3357 ἀντειπεῖν
3081 3301 3180 3353 οὑκ
3208 3295 3276 3371 ἦν
3322 3296 3470 3366 αὑτῷ
3495 3288 3797 3380 κελεύοντι,

2256 3378 2484 3473 ἐποίησα
2503 3399 2564 3453 τδ
2589 3395 2949 3471 προσταχθέν.
2992 3395 3050 3449 '0
3067 3394 3124 3447 δὲ
3148 3392 3359 3462 Πέτρος
3385 3386 3552 3459 μικρᾷ
3569 3397 3665 3434 τινι

576 3480 714 3535 mihi
746 3487 947 3534 cuncta
987 3482 1263 3549 posterius
1315 3486 1612 3554 enarravit,
1662 3491 1979 3558 suspicione
2012 3508 2152 3562 qua-

2255 3495 2373 3567 ψία,
2399 3464 2476 3557 ῶς
2520 3464 2681 3555 αὑτός
2710 3464 3012 3562 μοι’-πάντα
3051 3486 3274 3557 ὕστερον
3299 3464 3801 3567 διηγήσατο,ᾳπαλλό-

576 3574 701 3628 dam
725 3573 930 3641 exigua
953 3574 1119 3628 corde
1148 3575 1401 3645 pulsatus
1438 3578 1815 3650 interrogabat
1844 3585 2152 3653 mulierem,

576 3667 768 3723 dicens
799 3685 812 3721 :
842 3666 1005 3721 Refer
1047 3667 1202 3732 mihi,
1234 3668 1458 3738 femina,
1489 3688 1661 3742 genus
1690 3684 1743 3729 et
1786 3675 2058 3733 civitatem
2093 3696 2157 3735 ac

575 3762 816 3816 ﬁliorum
850 3760 1091 3827 nomina,
1142 3769 1198 3815 et
1246 3760 1361 3831 jam
1413 3764 1876 3823 medicamentum
1924 3771 2023 3826 tibi
2058 3772 2150 3829 do.

575 3857 646 3911 At
676 3854 765 3909 illa
796 3855 906 3910 vim
946 3856 1226 3912 sustinens
1255 3872 1435 3927 neque
1462 3859 1652 3915 volens
1698 3860 1907 3918 referre
1935 3872 1992 3919 et
2036 3880 2154 3920 me-

575 3948 871 4006 dicamenti
913 3948 1218 4020 accipiendi
1252 3952 1447 4020 cupida
1502 3953 1661 4008 ﬁnxit
1708 3954 1815 4010 alia
1869 3972 1970 4027 pro
2008 3959 2153 4025 aliis,

574 4054 630 4099 et
656 4045 753 4111 ait,
789 4059 849 4099 se
879 4042 1100 4113 quidem
1127 4057 1251 4099 esse
1300 4042 1617 4115 presiam,
1643 4048 1822 4103 virum
1855 4061 2038 4108 autem
2074 4052 2159 4108 Si-

575 4141 784 4205 culum,
815 4137 908 4195 sed
932 4146 987 4192 et
1018 4138 1256 4193 filiorum
1285 4140 1510 4195 nomina
1538 4142 1792 4198 similiter
1817 4144 2151 4201 immutavit.

576 4236 719 4289 Tum
749 4232 966 4298 Petrus,
990 4232 1314 4288 existimans
1344 4249 1466 4289 eam
1500 4252 1689 4291 verum
1717 4240 1986 4308 proferre,
2020 4242 2098 4297 ait
2130 4261 2144 4298 :

578 4328 723 4384 Heu!
756 4328 970 4394 mulier,
995 4329 1249 4398 putabam
1282 4328 1488 4399 grande
1519 4330 1739 4401 aliquod
1763 4333 2021 4402 gaudium
2056 4335 2158 4389 ho-

2260 3563 2417 3660 μενος
2442 3584 2538 3657 τὴν
2568 3583 2796 3655 καρδίαν
2837 3579 3165 3633 ἐπυνθάνετο
3180 3576 3284 3647 τῆς
3313 3570 3596 3666 γυναικὸς,
3619 3563 3796 3666 λέγωλί·

2256 3648 2533 3749 ὲίπὲῗμοι,
2561 3648 2739 3746 γύναι,
2765 3673 2824 3727 τὸ
2872 3671 3026 3742 γένος
3050 3671 3145 3723 καὶ
3166 3669 3267 3738 τὴν
3296 3667 3452 3721 πόλιν
3480 3661 3572 3717 καὶ
3608 3654 3707 3710 τῶν
3725 3648 3799 3701 τέ·

2256 3788 2398 3827 κνων
2423 3770 2491 3824 τὰ
2516 3769 2776 3839 ὀνόματα,
2815 3765 2911 3819 καὶ
2954 3764 3055 3836 ἤδη
3104 3760 3300 3831 δίδωμί
3331 3776 3411 3812 σοι
3438 3756 3497 3808 τδ
3519 3750 3797 3839 φάρμακρν-

2268 3864 2331 3917 Ἦ
2351 3863 2428 3926 δὲ,
2459 3861 2577 3933 βίαν
2597 3835 2878 3929 πάσχουσα
2899 3835 3174 3909 καὶείπεῖν
3188 3852 3248 3905 οὑ
3271 3850 3522 3909 θέλουσα,
3541 3835 3802 3933 τὸδέλιρᾲάρ-

2261 3973 2433 4028 μακον
2451 3929 2637 4006 λαϐεῖν
2658 3946 3025 4020 ἐπιθυμοῦσα,
3048 3943 3342 4013 ἐσοφίσατο
3365 3940 3496 3995 ἄλλα
3516 3934 3628 4028 ἀντὶ
3651 3929 3802 4028 ἄλλων

2257 4018 2431 4101 εἰπεῖν
2454 4061 2464 4075 '
2498 4044 2593 4098 ml.
2614 4040 2766 4113 ὁμῶς
2792 4018 2915 4110 έιρη,
2944 4037 3114 4108 αὑτὴν
3135 4036 3232 4107 μὲν
3271 4032 3528 4104 Ἐφεσίαν
3552 4023 3700 4085 εἶναι,
3725 4018 3802 4113 sev

2258 4143 2313 4196 δὲ
2341 4141 2509 4210 ἄνδρα
2531 4110 2770 4197 Σικελὸν,
2797 4131 2947 4204 ὁμῶς
2974 4131 3069 4184 καὶ
3093 4128 3202 4181 τῶν
3226 4127 3398 4199 τριῶν
3412 4125 3613 4221 τέκνων
3628 4110 3801 4221 filiae:

2257 4234 2326 4287 τὰ
2354 4232 2611 4301 ὀνόματα.
2641 4226 2752 4280 Καὶ
2777 4226 2805 4278 ὁ
2831 4224 3056 4293 Πέτρος,
3084 4220 3313 4291 νομίσας
3334 4218 3502 4313 αὐτην
3525 4211 3801 4313 ἀληθεύειν,

2257 4326 2379 4398 ἔφη⁸
2408 4324 2583 4396 Οίμοι,
2609 4320 2789 4391 γύναι,
2817 4313 3061 4388 ἐνόμιζον
3089 4312 3329 4385 μεγάλην
3364 4312 3486 4367 τινὰ
3525 4304 3688 4398 χαρὰν
3720 4304 3804 4398 την

576 4425 767 4481 dieruo
816 4423 905 4479 die
952 4439 1040 4479 me
1072 4434 1513 4495 apportaturum,
1560 4428 1888 4497 suspicabar
1915 4429 2062 4484 enim
2101 4443 2152 4485 te

2261 4387 2327 4491 σῆ
2338 4387 2500 4490 μερον
2527 4415 2680 4485 ἀγειν
2701 4411 2937 4485 ἡμέραν,
2971 4406 3319 4468 ὑποπτεύσας
3343 4402 3404 4456 σέ
3430 4416 3550 4454 τινα
3574 4391 3720 4455 εἶναι,
3748 4387 3804 4457 ἣν

2262 4511 2504 4537 ι-.ι...ν-..
2552 4504 2619 4537 Χ-
2651 4507 2717 4537 ..3.
2742 4506 3040 4537 nni-uuae"
3082 4498 3322 4537 Invm‘innr
3344 4492 3585 4537 ἇνηῑῆιτιε
3606 4486 3804 4537 ἐπίστα-

582 4476 707 4481 μπ
744 4476 760 4480 -
1074 4476 1513 4495 “,r---_-w-_-_,
1560 4476 1878 4497 ματη-η--
2103 4476 2152 4485 --

577 4532 701 4574 esse
747 4518 1039 4587 quamdam
1072 4519 1379 4586 mulierem,
1410 4536 1576 4590 quam
1607 4521 1930 4587 sentiebam,
1963 4523 2152 4592 cujus-

2259 4476 2525 4584 ἐνόμιξον,
2552 4476 2619 4580 ης
2651 4476 3044 4578 “QP-(17mm
3082 4498 3322 4592 ἀκούσας
3344 4492 3585 4592 ἀκριβῶς
3606 4486 3778 4592 ὲπίσῖα

578 4628 685 4683 que
720 4626 808 4666 res
837 4612 1017 4666 audivi
1048 4622 1101 4667 et
1136 4613 1307 4683 probe
1335 4613 1483 4667 novi.
1510 4610 1581 4666 At
1611 4612 1698 4666 illa
1726 4613 2035 4683 adjurabat,
2071 4614 2156 4668 di-

577 4723 741 4763 cens;
769 4704 944 4778 Rogo,
970 4706 1099 4760 mihi
1130 4704 1353 4771 referas,
1375 4715 1433 4761 ut
1452 4707 1645 4771 sciam,
1680 4722 1749 4762 an
1776 4706 1849 4761 sit
1876 4706 1984 4761 ulla
2016 4706 2157 4763 inter

579 4800 841 4855 mulieres
873 4813 960 4852 me
982 4795 1273 4853 infelicior.

650 4892 770 4947 XX.
817 4892 958 4948 Tum
1012 4888 1210 4947 Petrus
1245 4889 1465 4946 mentiri
1498 4889 1748 4946 nesciens
1780 4905 1895 4961 prae
1924 4891 2155 4947 misera-

577 4987 729 5045 tione
752 5000 881 5059 erga
906 4984 1053 5040 illam
1084 4999 1275 5038 verum
1307 4983 1472 5052 cmpit
1492 4982 1672 5037 dicere
1698 5000 1711 5037 :
1737 4980 1835 5038 Est
1866 4998 2000 5039 sane
2027 4984 2154 5054 qui-

577 5081 704 5138 dam
733 5078 1072 5141 adolescens,
1106 5083 1351 5133 sectator
1395 5091 1573 5142 meus,
1614 5075 1828 5145 piorum
1865 5076 2154 5147 religioso-

580 5268 719 5325 mihi
757 5264 1022 5334 narravit,
1052 5264 1201 5336 quod
1242 5272 1453 5334 patrem
1491 5261 1747 5319 habuerit
1800 5272 1856 5318 et
1884 5263 2025 5320 duos
2057 5278 2152 5334 ge-

2263 4574 2380 4677 μαι.
2418 4574 2482 4657 ’ὟΗ
2506 4574 2859 4672 δὲέξώρκίζε
2889 4574 3158 4665 ,λέγουσαο
3186 4584 3558 4686 Δέομαιὶείτῖέ
3598 4598 3702 4654 μοι,
3731 4574 3806 4627 ἵνα

2259 4698 2385 4753 εἰδῶ
2415 4698 2463 4751 εἰ
2486 4695 2600 4749 ἔστι
2623 4711 2706 4758 τις
2734 4693 2792 4745 ἐν
2816 4687 3059 4761 γυναιξὶν
3086 4682 3387 4755 ἀθλιωτέρα
3413 4681 3565 4752 ἐμοῦ.

2325 4892 2569 4948 XX.Kal.
2591 4892 2620 4944 ὁ
2641 4890 2867 4962 Πέτρος,
2881 4886 3165 4959 ψεύδεσθαι
3187 4885 3286 4938 οὑκ
3312 4880 3490 4946 εἰδὼς,
3520 4874 3623 4932 ὑπὸ
3643 4868 3805 4962 ἐλέους

2254 4988 2350 5043 τοῦ
2382 4987 2517 5060 πρὸς
2551 4986 2720 5057 αὑτὴν
2750 4961 2811 5036 τὸ
2851 4980 3048 5053 ἀληθὲς
3072 4978 3249 5047 λέγειν
3290 4966 3527 5048 ἤρξατο·
3569 4961 3712 5060 Ἐμοί
3734 4972 3806 5020 τις

2253 5058 2444 5135 λοιπὸν
2486 5078 2588 5150 ἤδη
2614 5078 2634 5111 ⁷
2659 5075 2879 5139 νεανίας
2918 5072 2995 5127 ὢν
3027 5070 3352 5143 παρέπεται,
3376 5065 3487 5119 τῶν
3508 5061 3608 5132 τῆς
3645 5058 3805 5110 θεοσε-

581 5188 815 5245 rumque
846 5184 1164 5227 sermonum
1195 5168 1428 5238 cupidus
1460 5178 1514 5223 et
1542 5167 1828 5224 Romanus
1860 5168 2018 5235 civis,
2054 5168 2151 5239 qui

2255 5173 2407 5237 ϐείας
2426 5172 2750 5244 ὀρεγόμενος
2775 5168 2969 5237 λόγων,
2996 5163 3280 5235 Ῥωμαίων
3300 5161 3561 5263 ὑπάρχων
3579 5150 3803 5263 πολίτὶςζ
3912 5238 3915 5239 ν

2254 5267 2403 5330 ὅστις
2427 5243 2514 5336 μοι
2541 5263 2835 5336 διηγήσατο
2852 5260 2894 5326 ⁸,
2910 5258 3047 5325 πῶς,
3064 5256 3274 5328 πατέρα
3293 5254 3429 5327 ἔχων
3450 5250 3547 5305 καὶ
3567 5243 3801 5311 ἀδελφοὺς

1883 5447 2120 5507 VARIZE
2160 5447 2556 5505 LECTIONES.

653 5583 718 5617 "°
758 5584 835 5651 ὡς
860 5583 905 5641 Ο
949 5594 1005 5640 et
1034 5599 1101 5640 ex
1132 5582 1366 5651 conject.
1388 5582 1430 5639 ϐ
1460 5624 1474 5646 ,
1495 5582 1550 5639 in
1576 5582 1855 5651 cuj.texttt
1888 5583 2060 5640 deest.
2143 5582 2157 5613 ¹
2192 5580 2435 5648 ἀξιοῦσιν
2461 5582 2528 5639 Ο.
2624 5584 2643 5613 ’
2680 5582 2950 5637 θάλατταν
2972 5580 3041 5636 0.
3142 5580 3163 5612 ⁸
3200 5580 3592 5662 δειγμάεωντρ-
3682 5580 3704 5596 '
3731 5580 3795 5613 ¹ι³

690 5670 739 5725 (ι.
760 5657 922 5725 Epit.,
971 5656 1258 5725 εὑφορήσω
1286 5653 1326 5707 C
1424 5652 1805 5725 “salutntbptp
1836 5653 1902 5709 Ο.
1932 5722 1953 5725 Α
2010 5661 2030 5692 ⁶
2064 5652 2117 5710 S.
2160 5651 2288 5725 Leg.
2325 5655 2378 5712 τί
2410 5671 2466 5708 σε
2497 5651 2711 5709 κωλύει.
2742 5652 2855 5709 Cfr.
2889 5667 2941 5709 e.
2972 5668 3025 5722 ε.
3055 5652 3207 5708 hom.
3241 5666 3359 5717 xm,
3391 5662 3442 5701 ε).
3477 5645 3613 5714 ιιριι.
3654 5633 3799 5692 habet

579 5650 628 5727 Ο
690 5650 922 5727 ο.Ερὶι.,
971 5650 1258 5727 εὑφορήσῶ
1286 5653 1326 5707 C
1424 5650 1805 5727 [ταλαιπώρῳ
1836 5653 1902 5709 Ο.

581 5724 647 5777 σὺ
685 5724 760 5796 μὴ
789 5722 1057 5797 κωλύσῃς.
1107 5722 1280 5796 ’⁷’ῆδη
1309 5739 1418 5781 om.
1440 5723 1503 5781 Ο.
1582 5725 1603 5758 ⁸
1631 5722 1890 5796 διηγεῖται
1920 5722 1981 5781 C.

2624 5584 2643 5613 ²
2680 5582 2950 5637 θάλατταν
2972 5579 3041 5636 0.
3142 5579 3163 5612 ³
3200 5558 3594 5649 δειγμάζςωΥ-Οέ
