4004 6332
256 298 353 353 317

1383 290 1843 348 CLEMENTINA.
1883 319 1956 334 —
1993 289 2278 347 IIOMILIA
2313 288 2430 346 ΧΠ.

3394 287 3500 344 518

249 416 333 471 δύο
350 414 627 487 διδύμους,
657 411 848 468 οὐδένα
871 412 1078 466 τούτων
1114 411 1233 493 ὁρᾷ.
1264 411 1341 464 ’Ἢ
1383 427 1444 465 τε
1470 410 1580 482 γὰρ
1614 412 1806 482 μήτηρ,

1924 410 2105 465 minos
2136 408 2353 476 fratres,
2384 423 2453 464 ex
2470 406 2675 479 quibus
2704 406 2892 464 nullus
2916 404 2966 461 ei
2992 408 3329 473 compareat.
3361 397 3497 452 Nam

248 510 419 579 φησιν,
449 508 527 572 ὡς
554 510 586 560 ὁ
610 508 794 579 πατὴρ
819 506 1058 578 διηγεῖτὸ
1088 506 1232 577 μοι’,
1250 506 1459 577 ὄνειρον
1488 504 1694 568 ἰδοῦσα,
1718 504 1817 576 τὴν

257 601 532 671 Ῥωμαίων
551 600 709 654 πόλιν
724 600 816 652 ἐπὶ
827 599 1016 672 χρόνον
1026 598 1150 651 τινὰ
1165 597 1386 667 ἐξῆλθεν
1406 596 1543 668 μετά
1557 596 1664 649 τῶν
1679 596 1821 649 διδύ-

251 711 353 764 μων
374 692 548 762 αὐτῆς
564 692 731 765 269
746 691 971 754 τέκνων,
985 691 1073 744 ἵνα
1088 690 1161 761 μὴ
1174 688 1327 760 κακῷ
1341 690 1491 761 μόρῳ
1499 688 1816 760 τελευτήσῃ,

248 786 331 839 καὶ
358 787 453 839 σὺν
476 786 664 848 αὐτοῖς
688 784 919 848 ἐκϐᾶσα,
950 785 1048 853 οὐχ
1075 784 1410 854 εὑρίσκεται.
1452 784 1509 837 Ὀ
1537 782 1594 835 δὲ
1612 781 1819 852 ταύτης

248 879 336 949 μὲν
358 880 518 952 ἀνὴρ,
545 879 713 932 αὐτοῦ
745 879 803 932 δὲ
833 878 1041 949 πατὴρ,
1071 879 1165 931 καὶ
1189 877 1353 941 αὐτὸς
1390 878 1470 941 είς
1490 875 1816 948 ἐπιζήτησιν

244 972 401 1042 αὐτῆς
424 972 595 1035 ἐκϐὰς
613 974 656 1003 ¹⁰
684 972 1137 1043 ούχεύρίσκεται.

305 1064 442 1119 XXI.
481 1066 668 1119 Ταῦτα
700 1065 796 1120 τοῦ
825 1066 1035 1139 Πέτρου
1068 1064 1332 1130 εἰπόντος,
1368 1066 1707 1137 ἐπιστήσασα
1740 1064 1817 1125 ὡς

243 1156 325 1209 ὑπ’
342 1156 655 1229 ἐκπλήξεως
687 1157 963 1228 ἀπέψυξεν
994 1160 1027 1229 ἡ
1062 1156 1295 1229 γυνή.⁹0
1316 1157 1374 1210 δὲ
1405 1157 1609 1229 Πέτρος
1642 1172 1813 1227 προσ-

241 1250 397 1303 ελθὼν
440 1252 538 1303 καὶ
592 1250 831 1322 ἐπισχὼν
880 1252 1070 1322 νήφειν
1120 1251 1289 1322 αὐτὴν
1337 1248 1772 1322 παρεκελεύσατο
1796 1286 1811 1311 ,

239 1343 505 1412 ὁμολογεῖν
550 1343 721 1415 αὐτὴν
768 1344 968 1398 πείθων
1016 1345 1071 1398 τί
1114 1344 1245 1397 ποτέ
1277 1346 1423 1397 ἐστιν
1453 1342 1482 1395 ὃ
1513 1342 1731 1413 πάσχει.
1748 1343 1814 1397 Ἡ

238 1435 305 1495 δὲ,
336 1434 527 1507 ῶσπερ
574 1438 639 1489 ἐκ
688 1435 857 1514 μέθης
903 1437 965 1490 τὸ
1009 1436 1192 1490 λοιπὸν
1230 1436 1325 1489 τοῦ
1361 1435 1611 1507 σώματος
1641 1452 1817 1507 παρε-

239 1527 400 1591 θεῖσα,
439 1528 785 1600 ὑπέστρεψεν
808 1530 848 1560 ¹¹
884 1529 1098 1601 ἑαυτὴν,
1134 1530 1432 1600 ὑποστῆναι
1463 1530 1748 1600 δυνηθεῖσα
1767 1529 1812 1562 ¹²

235 1622 289 1675 τὸ
318 1623 548 1694 μέγεθος
573 1624 676 1695 τῆς
708 1623 1065 1695 ἐλπιζομένης
1096 1625 1291 1696 χαρᾶς,
1326 1624 1419 1677 καὶ
1446 1624 1684 1696 τρίψασα
1715 1624 1812 1676 αύ-

234 1716 322 1787 τῆς
347 1716 408 1770 τὸ
440 1718 740 1789 πρόσωπον
764 1734 778 1749 ο
812 1717 923 1771 Ποῦ
957 1717 1123 1782 ἐστιν,
1159 1718 1284 1789 ἔφη,
1318 1709 1472 1781 οὗτος
1502 1719 1531 1770 6
1558 1715 1808 1781 νεανίας;

245 1808 294 1861 Ὁ
321 1807 393 1871 δὲ,
428 1808 534 1880 ἤδη
566 1809 690 1862 ὅλον
726 1807 953 1863 συνιδὼν
982 1808 1045 1863 τὸ
1075 1810 1327 1881 πρᾶγμα,
1361 1809 1463 1879 ἔφη
1487 1825 1500 1838 ·
1546 1808 1683 1861 Είπέ
1718 1825 1808 1879 μοι

233 1902 289 1954 σὺ
318 1900 557 1971 πρῶτον,
589 1902 767 1965 ἄλλως
796 1901 905 1974 γὰρ
935 1902 1125 1956 τοῦτον
1171 1903 1298 1955 ἰδεῖν
1341 1902 1441 1956 ούκ
1474 1902 1720 1973 ἕχεις.Ἣ
1750 1900 1808 1955 δὲ

232 1991 525 2045 σπεύδουσα
548 1992 592 2022 ¹²
615 2010 629 2022 ·
649 1990 810 2060 Ἐγὼ,
835 1992 1019 2063 φησιν,
1045 1993 1161 2062 εἰμὶ
1192 1994 1225 2063 ὴ
1258 1990 1354 2045 τοῦ
1388 1993 1671 2045 νεανίσκου
1707 1993 1809 2064 μή-

227 2098 338 2153 τηρ.
366 2084 481 2136 Καὶ
512 2084 541 2135 6
574 2083 783 2155 Πέτρος
816 2083 919 2154 ἔφη
944 2101 959 2115 ·
994 2084 1059 2136 Τί
1093 2081 1265 2154 τούτῳ
1294 2084 1579 2155 δνομα;Ἡ
1610 2084 1667 2137 δέ
1701 2100 1807 2153 φη-

227 2192 320 2227 σιν’
355 2175 616 2246 Κλήμης.
654 2177 765 2229 Kal
796 2178 825 2229 6
855 2176 1062 2247 Πέτρος
1095 2171 1247 2230 εἶπεν
1269 2195 1282 2207 ·
1312 2177 1484 2241 Αὐτός
1514 2178 1681 2241 ἐστιν,
1712 2176 1809 2229 καὶ

223 2266 376 2331 αὐτὸς
406 2262 475 2338 ἧν
502 2268 531 2321 ὁ
564 2268 673 2339 πρὸ
710 2268 905 2341 μικροῦ
944 2287 1033 2339 μοι
1067 2269 1325 2339 λαλήσας,
1348 2263 1393 2337 ᾧ
1418 2269 1707 2340 ἀναμένειν
1738 2287 1807 2340 με

227 2359 286 2410 ἐν
312 2357 393 2427 τῷ
423 2358 589 2429 πλοίῳ
620 2358 955 2431 προσέταξα.
982 2360 1045 2412 Ἦ
1077 2360 1134 2412 δὲ
1168 2359 1556 2431 προσπεσοῦσα
1586 2359 1665 2431 τῷ
1698 2359 1806 2412 Πέ-

229 2467 345 2520 τρῳ
394 2450 686 2520 παρεκάλει
738 2450 987 2505 σπεύδειν
1021 2452 1113 2504 ἐπ)⁵
1141 2451 1203 2504 τὸ
1238 2452 1421 2505 πλοῖον
1470 2452 1662 2505 ἐλθεῖν.
1698 2452 1807 2506 Καὶ

229 2541 260 2592 ὁ
292 2542 521 2613 Πέτρος·
554 2542 623 2595 Εἴ
675 2561 766 2613 μοι
809 2546 996 2615 τηρείς
1037 2544 1136 2607 τὰς
1186 2544 1477 2616 συνθήκας,
1513 2547 1605 2599 καὶ
1648 2544 1807 2600 τοῦτο

227 2634 447 2703 ποιήσω.
468 2634 525 2685 Ἡ
557 2633 617 2685 δέ
649 2632 753 2704 ἔφη
780 2651 793 2663 ο
832 2634 1015 2687 Πάντα
1049 2633 1206 2696 ποιῶ,
1235 2633 1392 2704 μόνον
1417 2651 1506 2704 μοι
1529 2633 1591 2685 τὸ
1617 2633 1806 2686 τέκνον

221 2724 279 2778 τὸ
312 2726 599 2795 μονογενὲς
642 2726 832 2793 δεῖξον.
869 2726 1014 2792 Δὸξω
1046 2726 1157 2798 γὰρ
1188 2727 1253 2780 δι’
1282 2727 1445 2781 αὐτοῦ
1479 2728 1549 2782 τά
1574 2728 1667 2782 δύο
1702 2746 1803 2801 μου

221 2818 285 2871 τὰ
302 2818 533 2871 ἐνταῦθα
555 2818 858 2888 τεθνηκότα
882 2819 1015 2890 ὁρᾷν
1040 2819 1226 2873 τέκνα.
1250 2822 1358 2874 Καὶ
1377 2824 1405 2874 ὁ
1428 2821 1633 2893 Πέτρος
1658 2821 1763 2891 ἔφη
1787 2838 1803 2852 ⁸

226 2909 381 2962 Ὅταν
410 2910 574 2963 αὐτὸν
612 2910 746 2983 ἴδῃς,
771 2910 1040 2981 ήσύχασον
1070 2912 1261 2985 μέχρις
1293 2912 1359 2966 ἂν
1389 2914 1489 2984 τῆς
1517 2920 1683 2986 νήσου
1712 2916 1804 2967 ἐκ·

227 3001 417 3071 δῶμεν.
436 3003 501 3055 Ἡ
532 3002 591 3054 δὲ
625 3001 727 3073 ἔφη
756 3019 769 3032 '
805 3001 993 3066 Οὕτως
1025 3005 1255 3075 ποιήσω.

1922 511 2117 569 mater,
2155 502 2352 571 inquit,
2385 500 2529 557 sicut
2563 500 2700 555 mihi
2743 499 3047 555 edisseruit-
3074 508 3252 569 pater,
3278 494 3500 551 somnio

1922 596 2041 651 viso
2074 594 2318 649 Romana
2358 595 2494 649 urbe
2526 593 2593 649 ad
2653 603 2870 663 tempus
2897 591 3132 646 excessit
3160 604 3287 647 cum
3319 584 3496 658 gemi-

1920 689 2008 745 nis
2062 689 2176 744 suis
2227 689 2398 756 natis,
2454 704 2522 743 ne
2572 688 2776 743 misera
2808 694 2983 740 morte
3031 685 3300 745 interiret,
3331 688 3498 748 atque

1919 796 2046 836 cum
2091 782 2197 837 illis
2244 798 2467 853 egressa
2509 797 2618 836 non
2644 780 2941 836 invenitur.
2979 778 3071 832 Vir
3109 788 3292 835 autem
3324 774 3494 837 illius,

1919 875 2082 944 hujus
2109 890 2239 930 vero
2265 886 2441 945 pater,
2466 884 2521 929 et
2550 875 2669 945 ipse
2706 874 2773 928 ad
2805 870 3161 944 quaerendam
3200 883 3322 923 eam
3363 880 3493 937 pro-

1916 966 2092 1022 fectus
2123 983 2470 1038 nequaquam
2511 966 2802 1037 reperitur.

1987 1080 2129 1136 XXI.
2170 1080 2297 1137 Haec
2326 1098 2451 1137 cum
2484 1082 2715 1137 dixisset
2737 1081 2957 1145 Petrus,
2982 1079 3198 1143 mulier,
3225 1092 3347 1146 qna:
3373 1076 3495 1130 ani-

1916 1188 2066 1227 mum
2098 1173 2425 1238 intenderat,
2467 1184 2690 1244 stupore
2739 1174 3051 1228 exanimata
3083 1180 3185 1226 est.
3217 1169 3357 1224 Tum
3391 1167 3493 1223 Pe-

1917 1275 2034 1321 trus
2059 1266 2345 1333 accedens,
2379 1282 2610 1336 eamque
2635 1275 2848 1332 tenens,
2875 1266 2941 1319 ad
2980 1281 3039 1321 se
3072 1264 3275 1319 rediret
3305 1263 3492 1315 horta-

1916 1366 2005 1413 tus
2034 1368 2136 1423 est,
2168 1360 2451 1429 suasitque
2474 1371 2532 1412 ut
2562 1357 2826 1413 fateretur
2876 1358 3138 1427 quidnam
3165 1364 3312 1411 esset
3341 1353 3491 1431 quod

1914 1452 1963 1506 ei
1993 1451 2315 1523 contigerat.
2343 1450 2437 1506 Illa
2480 1466 2629 1516 vero,
2659 1451 2807 1505 velut
2832 1464 2899 1505 ex
2927 1450 3193 1505 ebrietate
3223 1458 3335 1503 toto
3363 1464 3491 1503 cor-

1913 1560 2047 1614 pore
2098 1544 2362 1608 resoluta,
2406 1560 2516 1615 quo
2565 1552 2749 1613 posset
2803 1542 3234 1612 magnitudinem
3289 1539 3490 1610 sperati

1914 1635 2097 1705 gaudii
2144 1635 2436 1701 sustinere,
2470 1635 2821 1704 semetipsam
2866 1634 3143 1703 reparavit
3174 1632 3490 1701 :simulque

1915 1728 2175 1783 affricans
2218 1728 2429 1781 vultum
2458 1743 2472 1778 :
2508 1725 2613 1782 Ubi
2642 1736 2748 1794 est,
2781 1728 2979 1797 inquit,
3011 1728 3100 1781 ille
3129 1725 3491 1780 adolescens?

1910 1822 1981 1875 At
2009 1820 2205 1877 Petrus
2230 1820 2345 1890 jam
2374 1820 2685 1892 intelligens
2720 1836 2835 1877 rem
2884 1830 3057 1876 totam
3086 1838 3100 1874 :
3134 1818 3250 1884 Dic,
3290 1818 3488 1885 inquit,

1908 1914 2043 1968 mihi
2093 1924 2148 1968 tu
2194 1914 2366 1984 prior,
2400 1913 2556 1969 aliter
2593 1914 2739 1969 enim
2778 1928 2903 1969 eum
2942 1930 3051 1969 non
3085 1912 3313 1967 videbis.
3347 1910 3487 1965 Tum

1910 2004 1999 2059 illa
2031 2004 2301 2061 festinans
2327 2006 2403 2059 ait
2438 2023 2452 2059 :
2483 2004 2599 2076 Ego
2628 2022 2751 2060 sum
2800 2004 3165 2059 adolescentis
3195 2010 3391 2058 mater.
3422 2000 3489 2055 Et

1906 2096 2100 2152 Petrus
2133 2116 2147 2152 :
2182 2097 2339 2164 Quod
2384 2100 2434 2155 ei
2482 2114 2680 2153 nomen
2725 2099 2846 2153 est?
2877 2097 2969 2151 Illa
3004 2112 3171 2151 vero:
3210 2095 3486 2159 Clemens,

1907 2189 2002 2243 ait.
2022 2188 2218 2246 Petrus
2249 2209 2261 2243 :
2289 2188 2409 2260 Ipse
2437 2199 2522 2246 est
2550 2199 2605 2245 et
2627 2190 2744 2260 ipse
2774 2198 2894 2245 erat
2916 2189 3010 2260 qui
3033 2188 3195 2259 paulo
3216 2199 3342 2242 ante
3373 2203 3489 2241 me-

1907 2298 2031 2336 cum
2064 2282 2408 2351 loquebatur,
2439 2298 2601 2353 quem
2624 2283 2765 2350 jussi
2798 2298 2885 2337 me
2911 2282 2964 2335 in
2992 2281 3114 2335 navi
3146 2288 3484 2350 exspectare.

1909 2373 2063 2428 Tunc
2108 2374 2199 2428 illa
2233 2375 2522 2444 procidens
2550 2376 2617 2429 ad
2652 2376 2816 2445 pedes
2861 2374 3004 2430 Petri
3039 2374 3288 2444 rogabat,
3322 2381 3380 2427 ut
3417 2372 3486 2426 ad

1906 2486 2102 2526 navem
2142 2468 2340 2525 festine
2374 2471 2711 2540 procederet.
2755 2469 2952 2525 Petrus
2980 2478 3161 2524 autem
3197 2488 3211 2524 :
3240 2467 3298 2523 Si
3329 2467 3485 2533 mihi,

1906 2560 2105 2631 inquit,
2132 2576 2321 2616 servas
2358 2560 2539 2626 fidem,
2576 2560 2679 2614 hoc
2709 2576 2930 2630 quoque
2954 2575 3135 2629 agam.
3158 2558 3227 2613 At
3271 2558 3363 2612 illa
3395 2573 3488 2613 re-

1906 2652 2165 2721 spondit:
2196 2650 2391 2706 Omnia
2422 2651 2646 2717 faciam,
2695 2659 2905 2714 tantum
2939 2650 3070 2703 mihi
3101 2649 3326 2705 ostende
3358 2647 3487 2703 uni-

1905 2761 2031 2800 cum
2076 2761 2259 2800 meum
2310 2754 2521 2799 natum.
2556 2743 2770 2799 Putabo
2797 2744 2940 2799 enim
2978 2759 3073 2813 per
3102 2742 3281 2811 ipsum
3311 2738 3486 2811 gemi-

1905 2854 2007 2893 nos
2039 2852 2189 2892 meos
2229 2837 2453 2903 liberos,
2485 2837 2578 2905 qui
2626 2836 2717 2891 hic
2754 2835 2956 2891 mortui
2985 2844 3135 2899 sunt,
3168 2832 3371 2887 videre.
3405 2831 3487 2886 Ac

1903 2931 2102 2986 Petrus
2128 2931 2269 2986 dixit
2296 2947 2310 2985 :
2338 2929 2476 2985 Cum
2505 2930 2707 2985 videris
2735 2944 2882 2991 eum,
2901 2928 3085 2998 quieta
3111 2941 3293 2993 mane,
3312 2939 3488 2994 usque

1904 3040 2014 3094 quo
2044 3024 2391 3094 egrediantur
2417 3025 2486 3079 ab
2508 3024 2711 3077 insula.
2737 3020 2830 3076 Illa
2852 3021 3065 3091 excepit
3098 3039 3113 3074 :
3147 3019 3239 3074 Sic
3261 3018 3482 3073 faciam.

292 3116 447 3186 270
497 3115 666 3171 XXI].
726 3117 1039 3188 Λαϐόμενος
1081 3112 1174 3171 οὖν
1219 3117 1317 3188 τῆς
1362 3119 1542 3191 χειρὸς
1582 3119 1803 3191 αύτῆςό

1977 3120 2144 3175 XXII.
2189 3120 2253 3174 Et
2278 3128 2498 3189 accepta
2530 3134 2694 3173 manu
2722 3118 2842 3187 ejus
2886 3114 3076 3171 Petrus
3101 3115 3334 3170 ducebat
3361 3129 3482 3168 eam

236 3209 421 3281 Πέτρος
463 3204 601 3281 ήγεν
625 3209 669 3240 ’⁸
701 3210 793 3262 ἐπὶ
838 3210 901 3263 τὸ
947 3210 1153 3263 πλοῖον.
1172 3208 1313 3278 Ἐγὼ
1355 3210 1432 3275 δὲ,
1473 3211 1593 3264 ίδὼν
1642 3212 1803 3266 αὑτὸν

240 3299 657 3370 χειραγωγοῦντα
689 3303 943 3368 γυναῖκα,
967 3301 1218 3368 ἐγέλασα,
1244 3302 1337 3353 καὶ¹
1369 3300 1700 3372 προσελθὼν,
1723 3303 1803 3366 είς

240 3392 382 3461 τιμήν
411 3392 595 3456 αὑτοῦ,
627 3393 746 3445 ἀντ’
780 3393 943 3445 αὐτοῦ
976 3396 1334 3464 χειραγωγεῖν
1366 3393 1534 3464 αὐτὴν
1568 3391 1801 3464 ἐπειρώτ

245 3498 351 3550 μην.
366 3486 467 3537 Καὶ
497 3484 615 3555 ἅμα
641 3483 722 3554 τῷ
753 3483 989 3553 ἆψασθαί
1027 3501 1094 3554 με
1125 3484 1225 3554 τῆς
1256 3484 1438 3555 χειρὸς
1460 3484 1649 3555 αὐτῆς,
1687 3484 1805 3537 ὀλο-

242 3573 419 3641 λύξασα
465 3577 540 3640 ὡς
594 3578 777 3647 μήτηρ
833 3577 973 3646 μέγα
1010 3577 1104 3629 καὶ
1149 3574 1565 3645 περιπλακεῖσα,
1604 3575 1805 3646 σφόδρα

243 3668 490 3737 κατεφίλει
527 3686 593 3739 με
626 3668 721 3721 τὸν
755 3668 870 3721 υἱὸν
903 3668 1069 3739 αὐτῆς
1095 3667 1157 3719 ¹⁸.
1180 3666 1320 3735 Ἐγὼ
1343 3666 1421 3729 δὲ,
1444 3666 1652 3735 ἀγνοῶν
1684 3667 1805 3720 ὅλον

241 3756 539 3833 τὸπρᾶγμα,
556 3761 633 3823 ὡς
666 3760 995 3831 μαινομένην
1028 3757 1382 3829 ἀπεσειόμην·
1408 3758 1721 3829 αἰδούμενος
1746 3758 1804 3812 δὲ

243 3853 323 3904 καὶ
350 3854 432 3906 τὸν
461 3855 692 3924 Πέτρον,
728 3845 1150 3923 ἐπικραινὸμην.

299 3964 472 4021 XXIII.
503 3966 562 4019 Ὀ
607 3965 664 4018 δὲ
711 3965 919 4035 Πέτρος
961 3962 1065 4033 ἔφη
1091 3979 1105 3992 ·
1133 3962 1256 4025 Ἔα,
1290 3959 1346 4013 τί
1392 3962 1583 4023 ποιεῖς,
1614 3958 1803 4013 τέκνον

242 4060 461 4131 Κλήμης,
475 4058 865 4128 ἀποσειόμενος
893 4057 993 4126 τήν
1028 4055 1125 4127 σὴν
1159 4055 1327 4117 ὅντως
1354 4051 1651 4116 τεκοῦσαν;
1678 4050 1805 4120 Εγὼ

239 4152 310 4215 δὲ,
342 4152 491 4205 τοῦτο
524 4150 767 4212 ἀκούσας
788 4166 855 4202 πε
865 4148 1122 4219 ρίδακρυς
1142 4146 1430 4216 γενόμενος
1451 4144 1545 4197 καὶ
1568 4158 1806 4197 καταπε-

238 4245 388 4316 σούσῃ
428 4248 491 4317 τῇ
542 4241 784 4312 τεκούσῃ
817 4238 1142 4311 προσπεσὼν
1177 4235 1517 4304 κατεφίλουν.
1554 4235 1664 4287 Καὶ
1697 4234 1805 4306 γὰρ

234 4336 338 4407 ἅμα
366 4338 437 4408 τῷ
470 4336 699 4410 ῥηθῆναί
737 4351 825 4405 μοι
856 4332 1016 4385 τοῦτο
1048 4329 1314 4402 ἀμαυρῶς
1336 4330 1380 4362 ³⁸
1424 4347 1541 4392 πως
1572 4326 1634 4381 τδ
1666 4324 1805 4391 εἶδος

231 4428 607 4500 ἀνεκαλούμην.
642 4425 838 4479 Πολλοὶ
873 4423 970 4495 μὲν
1002 4419 1094 4477 οὖν
1127 4422 1273 4492 ὄχλοι
1309 4421 1626 4493 συνέτρεχον
1657 4420 1801 4472 ίστο-

1906 3215 1973 3270 ad
1999 3213 2402 3279 navem.Quem
2430 3227 2532 3281 ego
2556 3212 2745 3266 videns
2772 3226 2936 3264 manu
2969 3210 3169 3264 ducere
3201 3207 3484 3262 mulierem

1907 3309 2027 3363 risi.
2065 3306 2347 3361 Accedens
2390 3313 2593 3371 tamen,
2620 3302 2847 3358 honoris
2868 3317 2995 3372 erga
3015 3316 3140 3355 eum
3169 3301 3484 3372 gratia,pro

1906 3400 2029 3470 ipso
2060 3416 2223 3454 manu
2256 3400 2404 3454 illam
2435 3399 2632 3453 ducere
2662 3397 2821 3465 cmpi.
2856 3394 3031 3450 Simul
3062 3369 3240 3448 autem
3273 3408 3338 3447 ac
3364 3407 3485 3446 ma-

1908 3508 2037 3546 num
2064 3491 2184 3560 ejus
2210 3490 2437 3560 contigi,
2471 3498 2531 3542 ut
2558 3497 2752 3553 mater,
2785 3487 2995 3541 ululatu
3024 3486 3226 3556 ingenti
3252 3484 3484 3549 reddito,

1908 3581 1962 3635 in
1995 3582 2279 3651 amplexus
2308 3596 2461 3634 meos
2492 3579 2649 3633 irruit
2679 3592 2875 3646 meque
2903 3576 3074 3631 filium
3122 3591 3283 3630 suum
3322 3575 3487 3629 vehe-

1908 3681 2121 3727 menter
2146 3671 2459 3726 deosculata
2482 3677 2585 3723 est.
2611 3668 2679 3723 At
2711 3683 2811 3739 ego
2844 3667 3104 3737 ignorans
3129 3682 3291 3720 omne
3321 3680 3487 3734 nego-

1906 3766 2040 3820 tium
2088 3765 2246 3835 quasi
2288 3763 2647 3817 insanientem
2682 3759 3004 3830 repellebam
3034 3776 3049 3812 :
3075 3761 3168 3815 sed
3196 3768 3251 3815 et
3279 3759 3487 3813 reveri-

1909 3868 1996 3914 tus
2026 3858 2247 3912 Petrum
2280 3872 2366 3911 me
2398 3856 2637 3911 coercui.

1977 3949 2170 4004 XXIII.
2213 3948 2351 4003 Tum
2403 3947 2598 4002 Petrus
2647 3946 2828 4001 dixit:
2860 3945 3035 4013 Eheu,
3067 3946 3197 4016 quid
3242 3945 3360 4017 agis
3406 3947 3485 4001 fili

1907 4043 2179 4107 Clemens,
2204 4040 2419 4112 repellis
2450 4055 2573 4095 eam
2604 4055 2725 4109 qua:
2751 4054 2876 4093 vere
2910 4047 3083 4093 mater
3107 4048 3197 4093 tua
3224 4040 3342 4093 est?
3370 4038 3486 4109 Ego

1906 4149 2057 4199 vero,
2092 4133 2183 4186 ubi
2231 4132 2335 4186 hoc
2365 4130 2571 4196 audivi,
2610 4128 2868 4200 lacrymis
2899 4129 3110 4183 obortis
3142 4129 3354 4184 concidi
3387 4146 3484 4183 su-

1907 4241 2003 4296 pra
2030 4225 2303 4295 jacentem
2333 4232 2561 4277 matrem
2589 4231 2644 4276 et
2667 4222 2958 4277 osculabar
2980 4220 3315 4275 eam.Simul
3336 4222 3482 4277 enim

1909 4333 1973 4372 ac
2003 4317 2053 4371 id
2088 4316 2221 4369 mihi
2256 4316 2461 4370 dictum
2509 4313 2632 4379 fuit,
2666 4313 3008 4367 subobscure
3038 4313 3319 4383 genitricis
3367 4312 3484 4368 1⁵0ῐύ

1909 4425 2052 4463 mam
2104 4408 2452 4462 revocabant.
2503 4405 2792 4459 Multitudo
2850 4402 3068 4460 interim
3127 4405 3489 4459 concurrebat

232 4522 380 4594 ρῆται
423 4477 995 4595 την-,προσαιτήτριαν
1046 4477 1298 4585 γυναῖκα,
1334 4477 1583 4583 λέγοντες
1629 4514 1795 4584 ἀλλή-

1912 4503 2140 4573 plurima
2172 4502 2237 4556 ad
2271 4500 2557 4555 videndam
2605 4499 2912 4553 mendicam
2967 4499 3286 4564 mulierem;
3335 4498 3485 4552 dice-

223 4614 351 4680 λοις,
382 4616 456 4669 ὅτι
488 4614 661 4684 αὐτὴν
694 4611 907 4679 ἐπέγνω
939 4609 968 4661 ὁ
1002 4608 1134 4671 υἱὸς,
1156 4606 1293 4677 ἀνὴρ
1325 4605 1625 4673 ἀξιόλογος.
1663 4606 1797 4658 Βου-

220 4707 453 4777 λομένοις
491 4702 584 4760 οὗν
626 4706 758 4775 ἡμῖν
800 4701 1029 4771 ἐξαυτῆς
1065 4700 1161 4753 σὺν
1192 4701 1259 4769 τῇ
1298 4699 1466 4768 μητρὶ
1498 4697 1599 4768 τῆς
1629 4698 1794 4769 νήσου

216 4799 478 4853 ἐκῦαίνειν
508 4800 542 4868 ἡ
581 4797 764 4867 μήτηρ
789 4792 920 4864 ἔφη·
946 4791 1148 4843 Τέκνον
1176 4807 1265 4860 μοι
1288 4788 1551 4853 ποθεινὸν,
1577 4787 1797 4857 εὔλογόν

216 4890 363 4943 ἐστιν
380 4886 744 4953 ἀποτάξασθαι
776 4887 843 4954 τῇ
878 4880 1250 4951 ὑποδεξαμένῃ
1286 4897 1354 4949 με
1384 4879 1621 4948 γυναικὶ,
1649 4881 1792 4950 ἥτις,

218 4983 443 5055 πενιχρά
471 4978 605 5036 οὖσα
640 4978 735 5032 καὶ
767 4977 861 5048 ὅλη
898 4972 1225 5046 παρειμένη,
1260 4971 1352 5024 ἐπὶ
1384 4970 1673 5041 τῆςοίκίας
1703 4970 1797 5043 ἕρ-

222 5078 425 5146 ῥιπται,
443 5078 500 5133 '0
522 5076 580 5130 δὲ
608 5074 817 5144 Πέτρος
847 5067 1087 5130 ἀκούσας
1122 5064 1429 5135 ἐθαύμασεν
1454 5064 1517 5127 ⁸⁸⁸,
1542 5066 1637 5118 καὶ
1664 5066 1802 5119 πάν-

1906 4599 2147 4667 bantque
2192 4606 2383 4650 mutuo
2419 4613 2432 4649 :
2467 4592 2703 4663 Agnovit
2729 4607 2849 4646 eam
2880 4593 3047 4659 filius,
3094 4592 3180 4646 vir
3226 4592 3485 4647 eximius.

1904 4686 2093 4759 Itaque
2121 4702 2246 4742 cum
2280 4686 2546 4741 vellemus
2569 4682 2859 4739 confestim
2888 4700 3013 4739 cum
3048 4693 3221 4738 matre
3243 4700 3309 4738 ex
3341 4682 3489 4737 insu—

1904 4782 1956 4836 la
1983 4782 2160 4846 exirc,
2188 4791 2360 4834 mater
2391 4778 2469 4833 ait
2504 4798 2516 4831 :
2550 4778 2679 4842 Fili,
2708 4778 2842 4832 mihi
2870 4786 3143 4847 exoptate,
3163 4791 3379 4844 acquum
3404 4782 3489 4829 est

1906 4884 1965 4929 nt
1990 4875 2110 4929 vale
2145 4874 2321 4928 dicam
2357 4872 2575 4926 mulieri
2612 4888 2734 4943 qum
2762 4887 2849 4925 me
2878 4869 3138 4939 suscepit,
3174 4884 3296 4938 quae
3323 4882 3490 4938 egens

1899 4976 1951 5024 et
1978 4976 2087 5021 tota
2116 4966 2415 5036 paralytica
2442 4965 2592 5020 domi
2617 4964 2783 5034 jacet.
2818 4962 2916 5018 llis
2948 4962 3179 5027 auditis,
3209 4959 3403 5016 Petrus
3434 4967 3489 5012 et

1903 5074 2117 5123 omnes,
2156 5057 2250 5127 qui
2289 5057 2508 5127 plurimi
2541 5059 2787 5124 aderant,
2822 5054 3073 5111 admirati
3114 5063 3244 5109 sunt
3282 5053 3485 5106 bonum

213 5142 305 5234 τες
352 5173 401 5227 οἱ
451 5142 816 5243 περιεστῶτες
865 5161 1033 5233 ὄχλοι,
1066 5160 1165 5230 τῆς
1210 5157 1465 5227 γυναικὸς
1504 5155 1566 5209 τὸ
1597 5158 1803 5227 ἀγαθὸν

1912 5152 2122 5208 femina:
2150 5151 2464 5206 consilium.
2498 5149 2565 5205 Et
2594 5150 2855 5205 continuo
2895 5148 3063 5218 jussit
3105 5145 3300 5199 Petrus
3330 5142 3486 5195 abire
3552 5146 3558 5161 ‘

214 5262 482 5335 φρόνημα.
518 5262 629 5316 Καὶ
661 5257 861 5319 εὐθέως
903 5253 1189 5307 ἐκέλευσεν
1238 5252 1266 5303 ό
1315 5249 1520 5321 Πέτρος
1560 5252 1670 5304 τισὶ
1704 5268 1801 5305 πο-

218 5354 465 5425 ρευθῆναι
506 5354 601 5408 καὶ⁹
649 5351 749 5422 τὴν
797 5348 1029 5417 γυναῖκα
1061 5343 1153 5397 ἐπὶ
1186 5340 1373 5412 κλίνης
1404 5342 1648 5413 κομίσαι.
1687 5345 1799 5398 Καὶ

1904 5245 2195 5316 quosdam,
2229 5260 2295 5299 ac
2335 5243 2548 5299 deferre
2578 5243 2862 5299 mulierem
2894 5242 2947 5295 in
2987 5239 3206 5295 lectulo.
3238 5236 3489 5304 Cumque

1907 5338 2103 5394 fuisset
2128 5337 2315 5405 allata,
2351 5337 2673 5409 positusque
2702 5335 2897 5391 fuisset
2926 5333 3119 5396 lectus,
3156 5335 3350 5383 cuncta
3376 5326 3489 5396 ple-

1547 5455 1787 5512 VARIJE
1828 5454 2125 5512 LECTION
2135 5453 2239 5508 ES.

284 5566 308 5593 θ
338 5558 475 5631 ﬁ’bb.
519 5555 760 5631 διηγεῖτό
792 5570 880 5626 μοι
908 5568 1015 5606 non
1054 5549 1360 5631 suntin-'0.

223 5625 265 5702 _"
329 5625 608 5702 δυνηθῆναι
627 5625 726 5702 ⁷-0,
785 5625 1087 5702 ρεῖῐῐκξζαιηα

214 5698 260 5738 ¹⁸
288 5698 451 5770 αὐτῆς
476 5698 589 5755 υἱόν
622 5699 681 5757 C.

217 5767 385 5837 μαζεν
407 5767 463 5829 C.

1480 5550 1522 5581 ²⁰
1551 5550 1689 5606 Ante
1724 5552 1821 5604 ὲκ6
1864 5570 1891 5615 ς
1917 5553 1969 5606 in
2017 5549 2062 5604 Ο
2105 5558 2188 5603 est
2240 5548 2476 5601 ἕκδασου
2504 5557 2886 5617 _expunctum_.

1198 5620 1240 5651 ¹³
1272 5619 1475 5692 Vocal).
1587 5621 1644 5692 δέ
1698 5622 2001 5676 σπεύδουσα
2030 5622 2147 5675 des.
2174 5619 2227 5673 in

766 5689 807 5731 -δ
836 5689 913 5751 Ita
936 5693 980 5749 Ο
1028 5710 1072 5750 ρ,
1109 5690 1146 5747 S
1176 5732 1190 5760 ,
1227 5689 1562 5763 ἀμαυρώσας
1596 5690 1635 5749 C
1668 5734 1681 5760 ,
1716 5695 1809 5765 qui
1842 5694 1896 5750 in
1931 5709 2102 5765 marg.
2136 5690 2279 5763 conj.
2309 5689 2574 5763 ἀμαυρῶς
2606 5691 2671 5745 ἄν
2703 5690 2783 5745 vel
2811 5689 3167 5758 ἀμαυρώσαν.

2966 5542 3006 5574 ¹¹
3044 5540 3386 5609 ὑπέστρεφεν
3418 5535 3484 5592 0.

2432 5620 2474 5659 ’δ
2500 5607 2635 5699 ήγεν
2661 5620 2706 5673 Ο
2738 5627 2792 5671 et
2829 5614 2968 5681 Epit.
2992 5625 3043 5693 c.
3064 5611 3157 5674 90,
3179 5607 3398 5682 ήγειρεν
3417 5611 3481 5664 L'.

2432 5708 2574 5734 unm:
2606 5691 2671 5734 ἄν
2703 5690 2782 5734 vel
2811 5689 3167 5734 ἀααυοωσαν.
3246 5685 3288 5724 ⁸⁷
3321 5686 3481 5734 ἐθαυο

3422 5696 3481 5731 υ-
