4004 6332
568 319 674 377 519
1433 323 1490 378 S.
1529 320 1917 378 CLEMENTIS
1955 321 1975 375 l
2010 320 2175 375 ROM.
2214 320 2412 375 ΡΟΝΤ.
2448 321 2678 377 OPERA
2716 321 2941 378 DUBIA.
3677 335 3766 390 320

564 449 634 505 be
666 446 920 502 audiente
945 444 1137 502 Petrus
1169 445 1243 501 ait
1269 464 1283 501 :
1309 444 1367 500 Si
1390 444 1633 499 veritatis
1662 456 1763 512 ego
1792 456 1912 496 sum
1944 454 2140 509 praeco,

2245 438 2391 508 ὁμῶς
2442 439 2751 509 ἐνεχθείσης
2797 441 2889 493 καὶ
2934 439 3182 511 τεθείσης
3222 432 3318 513 τῆς
3362 443 3550 515 κλίνης,
3582 447 3770 503 πάντων

571 539 639 593 ad
672 537 833 591 tidem
866 552 1055 592 eorum
1081 537 1176 606 qui
1204 537 1492 599 assistunt,
1523 542 1583 587 ut
1625 532 1803 586 sciant
1825 546 1995 585 unum
2024 544 2140 585 esse

2245 526 2353 579 τῶν
2402 528 2572 597 ὄχλων
2622 530 2947 597 ἀκουόντων,
2983 531 3087 601 ἔφη
3119 534 3147 585 ὁ
3180 532 3377 603 Πέτρος
3397 550 3410 563 ο
3443 534 3501 587 El
3548 537 3774 608 ἀληθείας

568 631 739 685 Deum
790 632 1040 701 opilicem
1089 631 1299 695 mundi,
1344 636 1533 699 surgat
1583 626 1846 682 continuo
1894 640 2049 680 sana.
2083 621 2140 674 Et

2247 618 2422 689 κῆρυξ
2444 619 2553 688 ἐγὼ
2579 621 2849 690 τυγχάνω,
2873 623 2951 685 είς
2973 623 3071 692 τὴν
3090 621 3197 674 τῶν
3230 622 3572 693 παρεστώτων
3598 628 3773 691 πίστιν,

568 726 749 780 statim
788 734 847 777 ut
896 725 1011 778 haec
1032 723 1288 777 rdixisset
1317 720 1531 786 Petrus,
1565 719 1763 773 mulier
1791 716 2029 773 surrexit
2054 730 2140 768 sa-

2248 710 2335 762 ἴνα
2388 710 2586 778 γνῶσιν
2619 712 2716 764 ὅτι
2765 706 2845 776 εἷς
2890 715 3005 765 ἐστι
3056 712 3206 777 Θεὸς,
3247 716 3276 766 ὁ
3306 714 3395 766 τὸν
3425 714 3610 786 κόσμον
3637 719 3774 789 271

566 823 691 867 nata
716 822 770 866 et
796 813 1031 881 procidit
1059 813 1125 866 ad
1156 813 1319 882 pedes
1339 810 1509 876 Petri,
1533 818 1697 879 atque
1719 807 1950 861 amicam
1988 820 2140 859 suam

2248 799 2498 868 ποιήσας,
2524 798 2755 870 ἐξαυτῆς
2781 802 2870 869 ὲγε
2881 800 3058 871 ρθήτω
3085 803 3260 872 ὑγιής.
3288 803 3392 855 Καὶ
3415 802 3522 873 ἅμα
3541 806 3613 875 τῷ
3630 810 3778 861 εἰπεῖν

566 925 631 963 ac
664 908 987 962 familiarem
1008 908 1253 961 osculata
1273 905 1699 976 percontabatur
1720 902 1853 973 quid
1880 901 2024 956 istud
2053 915 2140 954 es-

2245 886 2450 959 Πέτρον
2481 889 2650 942 ταῦτα
2681 892 2713 961 ἡ
2746 890 2884 961 γυνὴ
2907 891 3112 963 ἠγέρθη
3144 893 3473 961 ὑγιασθεῖσα,
3497 897 3583 948 καὶ
3606 898 3675 968 τῷ
3692 900 3783 951 Πέ-

569 1006 670 1052 set.
704 999 771 1052 At
803 999 896 1053 illa
923 998 1158 1052 breviter
1186 1013 1348 1051 omne
1372 996 1421 1051 ei
1448 993 1837 1065 recognitionis
1868 992 2140 1061 negotium

2242 994 2356 1048 τρῳ
2382 979 2734 1048 προσέπεσεν,
2761 982 2855 1033 καὶ
2875 980 2971 1050 τὴν
2996 981 3198 1053 συνήθη
3226 983 3382 1053 φίλην
3409 987 3784 1058 καταφιλήσασα

569 1089 840 1157 exposuit,
871 1098 925 1143 et
957 1090 1050 1158 qui
1083 1088 1375 1141 audierunt
1408 1084 1767 1155 obstupefacti
1786 1092 1933 1139 sunt.
1959 1081 2140 1136 Tune-

2245 1070 2571 1124 ἐπυνθάνετο
2595 1072 2647 1124 τί
2678 1071 2763 1142 εἴη
2793 1072 2969 1126 τοῦτο.
2988 1075 3050 1126 Ἡ
3074 1074 3130 1127 δὲ
3152 1074 3270 1127 ὅλον
3298 1076 3431 1146 αὐτῇ
3446 1078 3488 1108 ³⁸
3505 1078 3563 1130 τὸ
3586 1081 3785 1149 πρᾶγμα

569 1196 675 1249 que
706 1189 879 1234 mater
909 1180 1175 1249 hospitem
1206 1190 1451 1234 curatam
1474 1178 1666 1233 videns
1687 1176 1916 1247 rogavit,
1938 1184 1996 1229 ut
2027 1176 2140 1243 ipsa

2242 1160 2336 1213 τοῦ
2371 1163 2787 1234 ἀναγνωρισμοῦ
2824 1165 3103 1235 συντόμως
3131 1165 3444 1237 διηγήσατο,
3469 1169 3556 1221 καὶ
3576 1170 3621 1220 οἱ
3648 1171 3787 1222 ἀκού-

570 1287 789 1341 quoque
821 1272 1109 1324 sanitatem
1138 1270 1429 1339 acciperet.
1481 1270 1575 1324 Ille
1626 1278 1807 1324 autem
1837 1283 2002 1321 manu
2039 1268 2140 1321 im-

2245 1270 2432 1317 σαντες
2467 1256 2903 1325 κατεπλάγησαν.
2939 1257 3071 1309 Τότε
3113 1259 3207 1310 καὶ
3241 1260 3274 1328 ὴ
3308 1260 3502 1329 μήτηρ,
3538 1261 3630 1330 τὴν
3661 1260 3785 1325 ξενο-

569 1364 746 1434 posita
779 1363 952 1432 ipsam
982 1363 1146 1417 etiam
1178 1362 1413 1418 ουηνίι,
2241 1343 2395 1414 δόχον
2454 1345 2880 1416 θεραπευθεῖσαν
2936 1346 3340 1420 flammeam",
3377 1350 3660 1421 παρεκάλει
3707 1353 3788 1404 καὶ

2240 1436 2377 1507 αὐτὴ
2400 1437 2591 1501 ἰάσεως
2622 1442 2823 1508 τυχεῖν.
2842 1439 2898 1493 '0
2915 1439 2992 1506 δὲ,
3016 1439 3225 1505 ἐπιθεὶς
3256 1440 3355 1512 τὴν
3387 1445 3559 1512 χεῖρα,
3593 1442 3679 1493 καλ⁸
3706 1442 3787 1494 αὑ-

2242 1525 2341 1597 τὴν
2373 1526 2757 1599 ἐθεράπευσεν.

638 1648 830 1704 XXlV.
874 1649 1073 1718 Sicque
1096 1657 1283 1719 postea
1310 1647 1505 1703 Petrus
1535 1647 1602 1703 de
1629 1646 1738 1702 Deo
1755 1662 1820 1702 ac
1846 1645 1913 1701 de
1938 1645 2031 1700 Dei
2058 1661 2140 1701 re-

2313 1639 2506 1695 XXIV.
2550 1642 2658 1694 Kal.
2690 1638 2791 1695 εἷθ’
2809 1640 2983 1705 οὕτως
3012 1644 3040 1695 ὁ
3071 1642 3279 1713 Πέτρος
3306 1644 3433 1714 περὶ
3451 1642 3580 1696 Θεοῦ
3603 1645 3688 1697 καὶ
3703 1645 3788 1715 τῆς

567 1741 770 1811 ligione
801 1756 1110 1796 sermonem
1141 1741 1331 1795 habuit
1361 1750 1414 1795 et
1441 1740 1493 1795 in
1528 1740 1633 1795 ﬁne
1662 1740 1905 1794 addidit:
1934 1738 1988 1792 Si
2017 1738 2140 1807 quis

2242 1730 2390 1801 αὑτῷ
2421 1732 2782 1804 διαφερούσης
2814 1731 3110 1803 θρησκείας
3144 1732 3431 1803 ὁμιλήσας,
3451 1734 3688 1807 προσθεὶς
3715 1734 3791 1787 ἐπὶ

568 1834 684 1887 haec
709 1835 824 1887 vult
845 1833 1127 1903 diligenter
1151 1849 1501 1902 cognoseere,
1532 1831 1902 1897 Antiochiam,
1934 1831 2026 1885 ubi
2045 1846 2135 1899 per

2241 1824 2403 1889 τέλει,
2437 1824 2538 1876 ὅτι*
2566 1823 2634 1875 Εἴ
2655 1841 2739 1888 τις
2773 1823 3019 1893 βούλεται
3047 1824 3220 1878 ταῦτα
3250 1824 3487 1896 ἀκριϐῶς
3521 1824 3791 1895 μαθεῖν,εἱς

568 1927 768 1981 multos
797 1926 914 1980 dies
943 1927 1179 1981 residere
1210 1927 1395 1992 statui,
1442 1926 1684 1989 veniens,
1715 1940 1836 1995 quae
1873 1924 1938 1979 ad
1988 1924 2139 1978 salu"

570 2025 675 2069 tem
721 2032 876 2071 suam
920 2018 1191 2086 pertinent
1236 2017 1431 2071 discat.
1468 2014 1588 2071 Non
1628 2017 1796 2080 enim,
1826 2016 1919 2085 qui
1968 2032 2139 2084 nego-

569 2108 737 2163 tiandi
771 2122 866 2163 aut
896 2108 1164 2163 militandi
1196 2123 1361 2163 causa
1390 2108 1621 2177 patriam
1660 2108 1969 2178 relinquere
1995 2109 2139 2163 sole-

567 2199 637 2253 tis
679 2208 734 2253 et
762 2201 829 2253 ad
873 2200 991 2255 loca
1038 2200 1265 2253 multum
1300 2199 1490 2253 dissita
1533 2200 1704 2264 abire,
1730 2209 1953 2270 propter
1978 2210 2139 2255 teter-

566 2306 691 2344 nam
733 2292 961 2346 salutem
991 2291 1073 2345 vel
1115 2290 1282 2344 trium
1314 2290 1524 2345 dierum
1552 2292 1655 2346 iter
1680 2292 1957 2361 suscipere
1988 2294 2141 2347 nole-

567 2382 658 2436 tis.
688 2380 876 2451 Itaque
901 2390 1021 2451 post
1054 2380 1194 2435 Petri
1251 2382 1573 2436 concionem
1608 2398 1708 2451 ego
1744 2383 1980 2449 mulieri,
2018 2398 2140 2454 quae

566 2484 758 2529 sanata
790 2474 986 2537 fuerat,
1020 2489 1202 2529 eoram
1230 2474 1377 2527 omni
1414 2475 1619 2544 populo
1662 2475 1811 2529 mille
1850 2476 2141 2531 drachmas

565 2565 632 2619 ad
659 2564 863 2618 victum
909 2564 1031 2619 dedi
1079 2574 1132 2618 et
1181 2564 1556 2619 commendavi
1580 2581 1699 2619 eam
1736 2566 1950 2621 cuidam
2000 2568 2140 2622 bono

562 2657 705 2723 viro,
736 2656 997 2725 primario
1024 2656 1229 2725 oppidi,
1255 2656 1347 2725 qui
1376 2666 1567 2725 sponte
1590 2656 1643 2710 id
1676 2672 1801 2711 cum
1832 2658 2031 2727 gaudio
2058 2657 2142 2713 fa-

565 2767 689 2806 cere
713 2751 1016 2821 proposuit.
1052 2749 1157 2803 Sed
1187 2758 1241 2802 et
1264 2749 1385 2802 aliis
1417 2748 1600 2803 multis
1632 2749 1918 2818 pecuniam
1949 2750 2139 2805 distri~

566 2843 680 2908 hui,
702 2842 1013 2913 gratiasque
1035 2840 1119 2910 egi
1145 2840 1251 2894 illis
1276 2838 1615 2905 mulieribus,
1631 2856 1753 2909 qua:
1780 2841 1939 2895 matri
1965 2858 2142 2912 quon-

566 2936 689 2991 dam
743 2934 995 2988 solatium
1045 2932 1389 3001 praebuerant
1420 2949 1435 2985 :
1467 2938 1521 2985 et
1569 2941 1693 3000 post
1725 2934 1838 2989 hac
1872 2950 1979 2988 una
2011 2950 2137 2989 cum

568 3038 757 3091 matre,
789 3025 967 3090 Petro,
999 3024 1315 3092 eazterisque
1348 3021 1625 3077 sodalibus
1650 3024 1987 3079 Antaradum
2010 3041 2141 3080 ena-

567 3118 948 3189 vigavi,atque
970 3116 1045 3169 ita
1074 3114 1143 3168 ad
1176 3114 1474 3184 hospitium
1499 3116 1891 3183 processimus.

636 3294 805 3350 XXV.
844 3293 948 3350 Ubi
983 3310 1107 3349 eum
1136 3310 1382 3349 essemus
1406 3304 1461 3350 et
1486 3296 1915 3366 sumpsissemus
1955 3299 2139 3355 cibum

566 3402 632 3443 ac
655 3388 723 3442 de
750 3370 902 3442 more
932 3388 1137 3458 gratias
1164 3387 1489 3455 egissemus,
1521 3396 1685 3457 atque
1711 3390 1892 3444 adhuc
1925 3399 2139 3460 tempus

567 3488 898 3548 superesset,
925 3494 1026 3550 ego
1075 3477 1378 3543 dixi,Petro
1409 3498 1422 3534 :
1451 3478 1818 3540 Humanitatis
1844 3497 2005 3551 opus,
2034 3484 2137 3538 do-

567 3574 715 3627 mine
754 3572 829 3626 mi
876 3560 1055 3639 Petre,
1095 3571 1343 3627 exercuit
1373 3588 1491 3627 mea
1519 3582 1714 3640 mater,
1747 3589 1869 3644 qua:
1916 3575 2142 3645 hospita:

567 3668 815 3722 mulieris
852 3667 1130 3722 recordata
1158 3665 1339 3720 fuerit.
1368 3664 1669 3735 Respondit
1698 3666 1894 3723 Petrus
1921 3687 1934 3722 :
1968 3667 2138 3734 Itane,

565 3777 603 3816 o
628 3760 901 3824 Clemens,
936 3777 1059 3815 vere
1089 3760 1438 3826 existimasti,
1473 3760 1831 3816 humanitatis
1874 3776 2010 3830 opus
2054 3760 2141 3817 fa-

512 3900 519 3907 .
566 3866 713 3911 etum
746 3871 776 3910 a
824 3867 913 3910 tua
946 3854 1458 3926 genitrice,quando
1483 3854 1534 3910 ei
1563 3870 1684 3924 quae
1710 3854 1885 3924 ipsam
1912 3870 1978 3908 ex
2005 3869 2142 3908 nau-

565 3944 743 4018 fragio
765 3954 1042 4016 receperat
1069 3947 1297 4017 gratiam
1327 3946 1513 4001 retulit
1542 3964 1556 4000 :
1590 3961 1659 4000 an
1690 3954 1750 4000 ut
1784 3944 1942 4000 matri
1972 3945 2145 4015 pluri-

568 4053 719 4092 mum
749 4037 1157 4106 gratitieareris,
1177 4038 1323 4094 hunc
1338 4036 1526 4092 dixisti
1551 4053 1856 4092 sermonem
1874 4037 1897 4091 ?
1916 4035 1971 4090 Si
1995 4036 2139 4090 enim

2257 1916 2601 1986 Ἀντιόχειαν,
2623 1916 2757 1969 ὃπου
2787 1914 3046 1968 πλειόνων
3082 1918 3114 1986 ή
3125 1916 3309 1989 μερῶν
3340 1916 3641 1987 περιμένειν
3663 1916 3791 1986 ἐκρι-

2243 2026 2327 2073 να,
2364 2008 2532 2062 ἐλθὼν
2566 2008 2636 2062 τὰ
2673 2008 2810 2078 πρὸς
2850 2008 2950 2080 τὴν
2984 2008 3148 2061 αὐτοῦ
3186 2010 3457 2082 σωτηρίαν
3493 2008 3788 2079 μανθανέτω.

2244 2102 2320 2154 Οὐ
2371 2100 2479 2173 γὰρ
2518 2100 2582 2172 δὴ
2616 2101 2725 2153 ei"
2760 2101 3030 2175 ἐμπορίας
3059 2102 3219 2155 ἓνεκα
3254 2101 3286 2173 ἢ
3317 2101 3591 2171 στρατείας
3622 2100 3790 2170 πατρί-

2243 2194 2339 2256 δας
2382 2192 2817 2263 καταλιμπάνειν
2863 2193 3046 2247 οἴδατε
3080 2194 3171 2248 καὶ
3203 2194 3287 2257 είς
3323 2194 3558 2264 μακροὺς
3587 2192 3792 2263 ἀπέρχε-

2244 2284 2366 2336 σθαι
2411 2284 2629 2347 τόπους,
2660 2282 2749 2336 διὰ
2794 2282 2850 2335 δὲ
2901 2282 3119 2339 αἰώνιον
3173 2283 3448 2355 σωτηρίαν
3501 2282 3625 2355 μηδὲ
3651 2282 3791 2354 τριῶν

2245 2376 2465 2447 ἡμερῶν
2515 2373 2633 2428 ὁδὸν
2678 2375 3004 2447 πορευθῆναι
3039 2376 3296 2448 θελήσετε
3318 2378 3381 2428 ".
3414 2376 3562 2428 Μετὰ
3596 2375 3685 2446 μὲν
3714 2370 3792 2427 οὖν

2241 2464 2339 2533 τὴν
2379 2463 2734 2534 προσομιλίαν
2766 2465 2973 2536 Πέτρου
3007 2464 3114 2534 ἐγὼ
3144 2468 3211 2536 τῇ
3249 2465 3562 2537 ὑγιασθείσῃ
3602 2464 3792 2533 γυναικὶ

2242 2552 2335 2604 ἐπὶ
2386 2554 2585 2616 παντὸς
2633 2552 2727 2606 τοῦ
2775 2553 2932 2624 ὄχλου
2978 2555 3152 2626 χιλίας
3202 2556 3451 2627 δραχμὰς
3496 2557 3573 2618 είς
3611 2553 3791 2626 τροφὰς

2243 2642 2622 2716 ὲδωρησάμην,
2660 2646 3040 2717 παραθέμενος
3081 2646 3249 2718 αὐτὴν
3297 2645 3483 2717 ἀγαθῷ
3513 2662 3611 2698 τινι
3640 2644 3788 2714 ἀνδρὶ,

2243 2733 2444 2805 πρώτῳ
2488 2735 2590 2806 τῆς
2636 2737 2842 2800 πόλεως
2892 2737 3025 2801 ὄντι,
3062 2738 3219 2806 φύσει
3273 2737 3409 2808 μετὰ
3457 2738 3625 2808 χαρᾶς
3656 2735 3792 2787 τοῦτο

2243 2827 2413 2876 ποιεῖν
2444 2825 2961 2898 προῃρημένῳ.Ἔτι
2989 2826 3046 2879 δὲ
3075 2828 3168 2880 καὶ
3200 2826 3389 2890 ἄλλαις
3421 2826 3685 2888 πολλαῖς¹²
3706 2823 3789 2893 ἀρ-

2241 2932 2405 2987 γυρια
2455 2916 2754 2987 διανείμας,
2787 2921 2906 2981 ταῖς
2953 2935 3082 2970 ποτε
3122 2919 3221 2989 τὴν
3255 2919 3465 2991 μητέρα
3497 2917 3789 2989 παραμυθη-

2244 3011 2505 3078 σαμέναις
2538 3010 2954 3081 εὐχαριστήσας,
2992 3010 3152 3079 272
3184 3010 3476 3065 διέπλευσα
3506 3012 3583 3073 εἰς
3624 3008 3789 3061 ’Δντά-

2165 3114 2209 3173 c
2245 3100 2422 3171 ραδον,
2458 3100 2573 3171 ἅμα
2619 3104 2683 3172 τῇ
2740 3102 2906 3173 μητρὶ⁵
2951 3102 3043 3155 καὶ
3075 3102 3267 3173 Πέτρῳ
3316 3104 3411 3156 καὶ
3456 3106 3566 3166 τοῖς
3611 3102 3792 3162 λοιποῖς

2244 3192 2479 3264 ἑταίροις
2495 3192 2539 3223 ³³
2563 3209 2576 3224 ’
2613 3193 2704 3245 καὶ
2736 3192 2909 3256 οὕτως
2935 3195 3015 3257 είς
3043 3195 3142 3265 τὴν
3171 3194 3357 3259 ξενίαν
3390 3194 3727 3264 ὡρμήσαμεν.

2314 3303 2480 3359 XXV.
2523 3304 2833 3375 Γενομένων
2865 3304 2921 3357 δὲ
2954 3306 3108 3376 ἡμῶν
3130 3305 3174 3337 ’δ
3210 3306 3302 3360 καὶ
3352 3308 3557 3377 τροφῆς
3596 3303 3797 3377 μεταλα-

2243 3395 2444 3449 ϐόντων
2476 3396 2569 3449 καὶ
2602 3395 2845 3466 συνήθως
2875 3396 3410 3467 εὐχαριστήσαντων,
3445 3398 3522 3450 ἔτι
3554 3395 3689 3467 ὧρας
3716 3391 3795 3444 οὔ·

2244 3506 2364 3559 σης⁹
2398 3487 2532 3558 ἔφην
2564 3486 2673 3555 ἐγὼ
2705 3485 2783 3557 τῷ
2818 3486 3008 3558 Πέτρῳ
3046 3486 3610 3561 (59)·Φιλανθρωπίας
3638 3487 3796 3558 ἔργον,

2243 3580 2399 3650 κύριέ
2436 3596 2535 3650 μου
2568 3578 2761 3649 Πέτρε,
2797 3581 2829 3649 ή
2882 3579 2988 3650 ἐμὴ
3037 3579 3257 3650 ἐποίησε
3303 3582 3511 3653 μήτηρ,
3544 3581 3636 3651 τῆς
3673 3578 3798 3641 ξενο-

2242 3671 2395 3741 δόχου
2429 3670 2835 3742 ὑπομνησθεῖσα
2860 3669 3133 3737 γυναικός.
3159 3671 3269 3723 Καὶ
3298 3674 3331 3725 ὁ
3364 3672 3565 3742 Πέτρος
3593 3667 3797 3739 ἀπεκρί-

2243 3777 2372 3815 νατο
2394 3755 2571 3831 ’τΑρά
2602 3777 2686 3828 γε,
2715 3753 2760 3812 ὦ
2793 3759 3041 3830 Κλήμης,
3075 3760 3288 3831 ἀληθῶς
3322 3762 3604 3832 νενόμικας
3634 3759 3795 3828 φιλαν-

2245 3852 2489 3924 θρωπίας
2520 3851 2679 3923 ἔργον
2711 3851 3064 3921 πεποιηκέναι
3095 3851 3194 3922 τὴν
3238 3850 3342 3922 σὴν
3386 3852 3661 3915 τεκοῦσαν,
3694 3848 3797 3903 καθ’

2243 3940 2272 3994 δ
2299 3942 2397 4013 τὴν
2422 3942 2529 3994 ἀπὸ
2556 3941 2815 4010 ναυαγίου
2827 3941 2872 3971 ¹⁸
2901 3940 3072 4010 αὐτὴν
3100 3940 3507 4013 ὑποδεξαμένην
3532 3939 3795 4011 ἠμείψατο,

2244 4031 2277 4103 ἢ
2328 4032 2403 4095 ὼς
2456 4032 2625 4103 μητρὶ
2679 4030 2888 4102 μεγάλα
2907 4031 2951 4061 ’⁸
2983 4031 3338 4102 χαριζόμενος
3369 4033 3567 4103 ,τοῦτον
3599 4029 3797 4101 εἴρηκας

570 4146 676 4185 non
714 4139 773 4183 ut
803 4146 915 4183 rem
941 4138 1149 4200 gratam
1180 4129 1407 4191 faceres,
1436 4129 1529 4184 sed
1558 4138 1617 4182 ut
1638 4128 1921 4182 veritatem
1952 4128 2140 4196 loqneu

2242 4125 2335 4177 τὸν
2365 4125 2559 4193 λόγον;
2594 4125 2657 4178 Εἰ
2707 4124 2762 4177 δὲ
2793 4124 2891 4194 οὐχ
2923 4123 2998 4187 ὡς
3029 4124 3408 4195 χαριζόμενος,
3442 4125 3554 4178 ἀλλ’
3586 4124 3656 4187 ὡς
3680 4122 3796 4191 ἀλη-

569 4221 729 4285 reris,
767 4220 962 4275 cll‘atus
988 4236 1069 4285 es,
1106 4220 1307 4274 videris
1341 4218 1474 4272 mihi
1509 4218 1759 4289 ignorare
1787 4234 2037 4287 quaenam
2074 4217 2140 4273 sit

2246 4216 2417 4272 θεύων
2449 4216 2600 4288 έφης,
2626 4215 2805 4279 ἔοικάς
2840 4233 2926 4285 μοι
2960 4216 3171 4283 ἀγνοεῖν
3202 4216 3255 4268 τί
3289 4217 3408 4269 ποτ’
3433 4216 3552 4268 ἐστὶ
3572 4216 3611 4245 ’⁷
3639 4213 3799 4282 φιλαν-

570 4296 889 4376 magnitudo
914 4308 1289 4373 humanitatis,
1311 4323 1431 4377 quae
1457 4316 1541 4361 est
1566 4323 1724 4362 amor
1747 4307 1803 4361 in
1823 4308 2140 4378 quemlibet,

2247 4308 2493 4381 θρωπίας
2524 4307 2770 4378 μέγεθος,
2791 4308 2911 4378 ἦτις
2942 4308 3089 4360 ἐστὶν
3123 4310 3156 4378 ή
3188 4309 3314 4362 ἄνευ
3334 4306 3429 4361 τοῦ
3452 4306 3684 4378 φυσικῶς
3704 4301 3799 4355 πεί-

567 4406 838 4465 quatenus
864 4398 1165 4465 hominem,
1200 4408 1253 4453 ct
1282 4398 1487 4466 absque
1518 4397 1628 4451 ullo
1658 4399 1894 4453 naturali
1925 4396 2139 4453 aﬁ‘ectu.

2248 4400 2430 4462 θοντος
2455 4440 2469 4465 ,
2499 4399 2590 4470 ὴ¹⁸
2640 4399 2777 4469 πρὸς
2809 4394 2917 4452 οἷον
2946 4398 3140 4470 δήποτε
3176 4398 3415 4470 στοργὴ,
3462 4397 3594 4452 καθὸ
3614 4394 3800 4466 ἄνθρω-

571 4487 676 4544 Sed
708 4505 808 4544 nec
846 4492 1137 4560 hospitem,
1176 4508 1297 4561 quae
1330 4500 1557 4545 matrem
1606 4498 1756 4545 tuam
1792 4505 1823 4544 e
1858 4491 2140 4558 naufragio

2248 4492 2348 4557 πός
2381 4493 2545 4545 ἐστιν.
2565 4490 2703 4544 Ἀλλ’
2734 4490 2855 4544 οὐδὲ
2881 4489 2979 4561 τὴν
3013 4489 3282 4559 ξενοδόχον
3313 4491 3413 4561 τὴν
3452 4490 3557 4549 ἀπὸ
3582 4501 3793 4556 ναυφρα-

569 4582 833 4650 suscepit,
865 4584 1042 4648 ausim
1074 4584 1357 4638 hominum
1402 4591 1674 4637 amantem
1705 4583 1996 4653 appellare.
2038 4581 2140 4636 Mi-

2250 4584 2370 4655 γίου
2400 4583 2806 4655 ἀποδεξαμένην
2822 4584 2867 4614 ’⁸
2897 4581 2995 4653 τήν
3029 4580 3126 4652 σήν
3155 4581 3417 4636 τεκοῦσαν
3453 4581 3604 4635 οὔπω
3634 4575 3800 4648 φιλάν-

569 4674 865 4730 scrieordia
896 4674 1041 4730 cnim
1069 4685 1367 4742 commota,
1404 4676 1639 4746 impulsa
1673 4685 1757 4731 est
1796 4674 1865 4729 ad
1895 4675 2032 4729 bene
2062 4674 2140 4727 fa-

2246 4674 2460 4746 θρωπον
2504 4674 2677 4727 εἰπεῖν
2703 4671 2904 4743 τολμῶ.
2923 4669 3041 4724 Ὑπ’
3072 4668 3222 4723 ἐλέου
3268 4670 3377 4743 γὰρ
3412 4667 3799 4727 κολακευθεῖσα,

1878 4850 2113 4907 VAllU—E
2153 4851 2557 4908 LECTlONES.

646 4973 691 5006 ⁸⁸
721 4971 890 5042 αὐτῆς
935 4968 999 5026 0.
1056 4971 1120 5042 _"
1158 4970 1488 5042 ἱστορήσασα
1522 4968 1584 5022 C.
1660 4968 1706 5042 ’ξ’
1734 4967 1783 5019 εἰ
1810 4965 2015 5021 addidit
2037 4965 2075 5020 S
2123 4967 2190 5021 de
2204 4965 2551 5042 conjectura,
2584 4964 2638 5042 sl
2667 4962 2776 5042 γᾲρ
2820 4961 2882 5033 δή
2937 4962 3058 5017 eod.
3088 4961 3220 5042 Reg.
3251 4962 3355 5019 804
3376 5004 3392 5030 ,
3423 4965 3523 5042 eis
3542 4965 3646 5042 γάρ
3671 4960 3799 5031 Epit.

646 4987 691 5006 "’
721 4987 890 5042 αυτης
935 4987 999 5026 υ.
1080 4987 1120 5008 ¹¹⁹
1159 4987 1272 5023 ιστο
1310 4987 1488 5040 ησασα
1522 4987 1584 5022 ιι.
1663 4987 1706 4999 "'
1734 4987 1783 5019 ει
1810 4987 2015 5021 auunm
2038 4987 2075 5020 δ
2123 4987 2190 5021 ue
2218 4987 2551 5034 COIIJBClura,
2584 4987 2632 5017 ει
2667 4987 2738 5031 γα
2820 4987 2882 5033 οη
2937 4987 3058 5017 cuu.
3090 4987 3220 5031 neg.
3251 4987 3355 5019 ους·
3376 5004 3392 5030 ,
3441 4987 3516 5025 ειη,ι
3542 4987 3646 5035 γαρ
3671 4987 3797 5031 by".

576 5040 1139 5120 §nliintleéprtop§lae
1164 5040 1227 5095 Ο.
1254 4987 1396 5120 :Furn
1430 5039 1760 5120 στρατηγίας
1793 5053 1845 5107 p.
1883 5053 2175 5120 στρατειας
2203 5036 2368 5120 idem.
2421 5036 2475 5120 ξς
2506 4987 2873 5120 Ιιειιξηθέλειν
2904 5042 3129 5120 uterque
3155 5033 3673 5120 Hnomﬁeodqlisiecis
3692 5050 3797 5120 (:02;

575 5095 1309 5204 Reg.“80/t,‘1rpol)ott'f}caeﬂs
1346 5095 1511 5179 Epit.‘
1582 5095 1837 5170 “'m'oig
1869 5095 2084 5169 πολλοῖς
2107 5095 2168 5160 οξ
2244 5106 2290 5136 ﬂ
2318 5104 2463 5160 ltaO
2507 5120 2557 5159 c.
2584 5095 2752 5173 Epin,
2787 5102 2993 5204 ἑτέροις
3026 5095 3090 5156 C.
3189 5095 3413 5168 ειεΕρη.
3447 5095 3596 5159 addit
3641 5096 3802 5155 ιτείτδ

584 5203 589 5204 ,
621 5184 703 5204 ναι
799 5184 844 5204 οι
878 5199 1125 5204 -_..__---__-
1153 5199 1207 5204 -..
1258 5181 1296 5204 ι*
1427 5182 1473 5204 ιιι
1518 5179 1731 5204 ..-μιΑη
1764 5176 1807 5204 Ιὶ
1908 5179 1950 5204 I1
1976 5177 2104 5204 _..-.l
2135 5178 2246 5204 ι--.
2277 5175 2316 5204 l‘
2415 5176 2512 5204 an;
2540 5190 2628 5204 ...η
2680 5172 2724 5204 n
2849 5174 2868 5204 I
2931 5172 3336 5204 .R-unketu..l..-u
3368 5173 3411 5204 n

573 5172 725 5238 αὑὲό.
799 5172 1211 5253 ³³’ναυφρσίγίου
1257 5181 1317 5237 C.
1390 5172 1402 5179 ’
1427 5182 1473 5212 ⁸⁸
1516 5179 1735 5251 μεγάλω
1764 5176 1828 5232 Ο.
1908 5179 1950 5210 ³⁷
1976 5177 2106 5229 ποτέ
2133 5178 2249 5229 ἐστι
2277 5175 2337 5231 C.
2415 5172 2651 5247 ³⁸ήυιιι.
2680 5172 2744 5228 0.
2849 5172 2894 5204 “
2931 5172 3336 5244 ὑποδεξαμένην
3368 5173 3431 5228 0.

1875 5340 2241 5397 VARIORUM
2278 5339 2506 5395 ΝΟΤᾹΞ.

654 5452 761 5525 (59)
803 5454 994 5525 Ἔφην
1033 5451 1147 5525 ἐγὼ
1189 5452 1275 5525 τῷ
1300 5454 1525 5525 Πέτρῳ.
1582 5454 1706 5509 Haec
1754 5455 1915 5525 verba
1961 5469 2134 5522 usque
2243 5470 2308 5510 ex
2338 5453 2695 5525 Operedicto
2727 5454 3067 5509 Clementina.
3108 5452 3278 5509 Ornat
3304 5445 3801 5525 bibliothecamﬂlle-

576 5516 788 5577 ad'isia
845 5516 985 5577 ποῖα
1023 5516 1083 5576 δ”
1139 5516 1254 5576 οὐκ
1282 5524 1381 5648 ήν,
1416 5516 1657 5579 citantur
1706 5540 1736 5578 a
1801 5524 2001 5579 Nicone
2034 5516 2150 5577 mo-
2254 5516 2399 5594 giam
2425 5524 2662 5593 optimus
2688 5524 2841 5589 liber,
2867 5526 2957 5593 qui
2984 5525 3242 5579 collectus
3261 5534 3427 5579 estex
3458 5521 3653 5577 divinis
3673 5516 3803 5569 Scri-

579 5593 755 5647 naeho
778 5592 1065 5648 Palznstino
1093 5593 1145 5647 in
1173 5592 1281 5646 Pan
1323 5604 1439 5648 ecte
1468 5594 1976 5648 interoretationum
2013 5593 2153 5648 divi-
2253 5596 2449 5648 nturis.
2474 5593 2647 5648 sacris
2673 5595 2995 5648 eanonibus.
3026 5593 3350 5648 testimoniis
3379 5604 3687 5648 sanctorum
3714 5584 3803 5636 Pa-

579 5593 755 5647 naeho
778 5592 1065 5648 Palznstino
1093 5593 1145 5647 in
1173 5584 1439 5664 Pandecte
1468 5594 1976 5664 interpretationum
2013 5593 2153 5648 divi-
2253 5584 2647 5664 ptttris,'saeris
2673 5584 2995 5660 canonibus,
3026 5593 3350 5664 testimoniis
3379 5604 3687 5664 sanctorum
3714 5584 3803 5636 Pa-

581 5676 776 5715 uorum
791 5664 1196 5730 mandatorum,
1220 5680 1384 5717 scrin.
1408 5663 1478 5717 9-4
1500 5674 1550 5718 et
1575 5662 1664 5730 59,
1691 5680 1813 5719 cum
1839 5664 1944 5719 hoc
1968 5665 2148 5718 titulo:
2254 5662 2419 5729 trum,
2458 5664 2689 5730 aliisque
2730 5663 3094 5722 monumentis
3120 5662 3531 5729 ecclesiasticis,
3583 5674 3677 5714 nec
3704 5668 3800 5708 non

584 5730 663 5783 Τὰ
694 5731 1033 5802 Κλημέντια,
1094 5744 1144 5789 ct
1212 5734 1307 5787 Ἐκ
1364 5733 1469 5786 τῶν
1516 5733 1896 5806 Κλημεντίων,
1941 5734 2043 5790 hoc
2071 5743 2154 5790 est
2254 5735 2461 5805 legibus
2485 5732 2751 5790 civilibus.
2783 5732 2921 5797 Co'r.
