4004 6332
239 319 318 379 321
1315 309 1773 369 CLEMENTINA.
1808 341 1881 352 -—
1906 307 2189 363 IIOMIIJA
2236 306 2349 362 XII.

3357 304 3468 361 3R

239 437 563 496 ὲπέπειστο³⁶
616 433 892 506 εὐεργέτις
939 432 1187 502 γενέσθαι
1239 432 1492 500 γυναικὸς
1543 432 1785 503 ναυαγίῳ

1893 426 2141 481 ciendum
2175 424 2386 479 mulieri
2419 421 2764 492 naufragium
2799 435 2998 492 passae,
3047 428 3207 475 natos
3236 418 3463 488 lugenti.

240 531 630 606 περιπεσούσης,
659 529 823 581 τέκνα
856 526 1178 598 πενθούσης,
1213 526 1389 597 ξένης,
1423 527 1653 597 γυμνῆς,
1693 543 1789 597 με-

242 625 526 699 μονωμένης
541 623 583 654 ⁸⁸
618 621 712 675 καὶ
743 619 946 691 σφόδρα
978 620 1069 672 ἐπὶ
1100 622 1216 683 ταῖς
1252 622 1556 690 συμφοραῖς
1594 618 1788 687 ὀλοφυ-

242 718 461 791 ρομένης.
482 716 572 766 Ἐν
599 711 886 772 τοσαύταις
911 705 1004 763 οὖν
1026 709 1196 779 αὐτῆς
1220 713 1524 780 συμφοραῖς
1538 709 1582 740 ⁸⁸
1603 707 1787 779 οὐσης,

240 810 299 871 τίς
324 810 411 861 καὶ
444 805 655 860 ἀσεϐῶν
692 802 814 857 ἰδὼν
848 803 950 855 οὐκ
977 800 1041 854 ἀν
1071 800 1497 871 ἠλέησεν;Ὤστε
1521 800 1673 853 οὐπω
1706 818 1791 868 φι-

238 892 720 968 λανθρωπίας273
739 893 899 968 ἔργον
919 895 1245 962 πεποιηκυία
1266 890 1507 960 φαίνεται
1522 891 1685 961 οὐδὲὴ
1708 890 1793 957 ξε-

239 992 416 1061 νοδόχος
447 988 605 1059 γυνὴ,
627 987 761 1040 ἀλλά
794 986 942 1041 ὐπ’³³
973 983 1122 1037 ἐλέου
1149 983 1243 1035 τοῦ
1274 983 1366 1036 ἐπὶ
1402 982 1623 1053 μυρίαις
1650 998 1790 1052 συμ-

240 1086 397 1153 φοραῖς
424 1081 566 1151 πρὸς
585 1076 904 1150 εὐεργεσίας
936 1074 1265 1146 κεκινημένη
1289 1074 1355 1105 ³⁸·
1388 1073 1539 1143 πόσῳ
1567 1090 1629 1141 γε
1654 1072 1790 1143 μάλ-

237 1175 307 1226 λον
331 1174 361 1243 ἡ
389 1168 457 1241 σὴ
491 1169 748 1232 τεκοῦσα,
785 1167 899 1238 βίου
933 1166 1281 1237 εὐπορήσασα
1326 1166 1418 1217 καὶ
1466 1164 1619 1234 τήν³⁸
1649 1162 1794 1228 ξενο-

234 1264 360 1333 δὸχον
378 1260 757 1332 ἀμειψαμένη,
784 1256 1190 1327 φιλανθρωπίας
1209 1255 1367 1327 ἔργον
1392 1256 1492 1307 οὐκ
1517 1255 1788 1325 ἐποίησεν,

234 1354 342 1408 ἀλλά
382 1351 599 1421 φιλίας;
634 1348 809 1418 Πολλὴ
857 1347 913 1400 δὲ
955 1345 1183 1417 διαφορὰ
1231 1345 1429 1416 μεταξὺ
1476 1344 1655 1413 φιλίας
1700 1345 1793 1397 καὶ

234 1443 634 1516 φιλανθρωπίας,
666 1442 746 1494 ὅτι
777 1442 811 1511 ἡ
847 1440 946 1510 μὲν
980 1439 1131 1509 φιλία
1163 1437 1222 1503 ἐξ
1252 1438 1483 1509 ἀμοιϐῆς
1512 1437 1737 1505 γίνεται,
1758 1440 1792 1508 ή

230 1540 275 1592 δὲ
306 1534 684 1607 φιλανθρωπία
724 1533 851 1587 ἄνευ
896 1531 991 1585 τοῦ
1030 1531 1275 1600 φυσικῶς
1304 1530 1581 1592 πείθοντος
1620 1530 1794 1583 πάντα

229 1628 509 1697 ἄνθρωπον,
546 1622 683 1677 καθὸ
726 1621 1011 1693 ἄνθρωπός
1047 1622 1185 1684 ἐστι,
1222 1619 1448 1689 φιλοῦσα
1494 1608 1791 1690 εὐεργετεῖ.

228 1722 276 1773 Ei
304 1719 395 1788 μὲν
424 1713 520 1769 οὖν
559 1719 592 1787 η
630 1714 895 1785 ἐλεήσασα
923 1712 1196 1783 ξενοδόχον
1230 1712 1323 1764 καὶ
1353 1711 1580 1782 ἐχθροὺς
1610 1710 1797 1781 ἀδική-

1890 517 2206 588 ρει-θενίιιαξ,
2245 516 2424 580 nudae,
2456 515 2750 579 destitutae,
2793 513 3134 582 nmltumque
3180 512 3467 566 calamita-

1890 620 1971 666 tes
1998 609 2497 665 suaslamentanti.
2531 608 2587 662 In
2640 608 2804 663 tantis
2857 624 2987 678 ergo
3040 608 3466 664 adversitatibus

1889 710 2196 757 versantem
2227 701 2351 771 quis
2378 701 2588 761 videns,
2622 700 2786 753 etiam
2815 712 2881 751 ex
2913 698 3126 767 impiis,
3157 713 3265 751 non
3299 698 3467 752 mise-

1890 802 2041 849 ratus
2071 791 2301 847 fuisset?
2324 792 2508 858 Quare
2555 803 2901 859 nequaquam
2933 788 3289 843 humanitatis
3325 804 3466 858 Opus

1890 900 1992 938 nec
2022 883 2220 937 mulier
2244 883 2460 952 hospita
2492 882 2705 935 videtur
2738 879 3035 951 peregisse,
3072 881 3165 934 sed
3201 882 3267 934 ad
3298 882 3464 935 henc-

1891 974 2197 1029 faciendum
2236 982 2381 1027 mota
2408 973 2577 1027 fuisse
2607 972 2979 1027 misericordia
3003 987 3067 1024 ex
3092 972 3343 1040 plurimis
3372 973 3468 1025 ad-

1891 1068 2064 1123 versis
2094 1076 2233 1121 orta.
2264 1065 2479 1133 Quanto
2525 1066 2697 1135 magis
2743 1080 2940 1134 parcns
2974 1073 3085 1129 tua,
3118 1064 3467 1119 facultatibus

1892 1160 2177 1214 abundans
2198 1168 2253 1212 et
2275 1158 2541 1227 hospitam
2560 1165 2935 1222 remunerata,
2968 1171 3074 1208 non
3110 1156 3467 1210 humanitatis

1892 1267 2033 1321 opus
2078 1249 2273 1315 ell‘eeit,
2309 1265 2493 1303 verum
2530 1249 2813 1303 charitatis
2845 1266 2940 1303 seu
2978 1250 3269 1304 amicitia)?
3301 1250 3467 1303 Multa

1892 1343 2037 1396 enim
2064 1340 2350 1395 intercedit
2368 1341 2672 1395 differentia
2694 1342 2834 1395 inter
2850 1341 3172 1395 eharitatem
3198 1352 3250 1395 et
3273 1343 3468 1396 huma-

1894 1435 2139 1498 nitatem,
2174 1434 2301 1503 quia
2344 1433 2583 1487 eharitas
2639 1434 2859 1502 quidem
2916 1449 2981 1487 ex
3028 1436 3468 1489 remuneratione

1894 1535 1997 1590 est,
2015 1526 2323 1579 humanitas
2338 1540 2463 1579 vero
2484 1525 2690 1594 absque
2716 1525 2823 1579 ulla
2848 1525 3079 1579 naturali
3106 1528 3468 1595 propensione

1897 1619 2173 1672 hominem
2204 1633 2444 1681 omnem,
2477 1619 2605 1687 quia
2642 1619 2807 1673 homo
2835 1628 2938 1684 est,
2966 1610 3142 1688 diligit
3168 1635 3232 1675 ac
3265 1621 3468 1675 beneﬂ-

1896 1710 1996 1763 ciis
2028 1709 2212 1765 allicit.
2245 1709 2432 1780 Itaque
2458 1711 2504 1765 si
2531 1711 2749 1779 hospes,
2775 1726 2896 1779 qua:
2922 1711 3140 1764 miserta
3170 1719 3272 1775 est,
3302 1712 3462 1765 etiam

227 1829 400 1873 σαντας
450 1808 679 1862 ὲλεοῦσα
696 1808 742 1839 ⁸⁸
775 1807 1052 1879 εὐεργετεῖ
1067 1806 1132 1870 ³⁷,
1165 1803 1542 1876 φιλάνθρωπος
1586 1801 1651 1855 ἀν
1687 1798 1755 1872 ἦν
1781 1800 1792 1814 ⁸

1902 1801 2086 1856 hostes
2116 1803 2256 1856 male
2306 1803 2372 1856 de
2422 1818 2487 1856 ea
2518 1803 2745 1856 meritos
2776 1802 3033 1857 miserata
3062 1803 3322 1857 beneﬁcio
3352 1804 3467 1857 alli-

223 1906 261 1957 εί
285 1903 334 1955 δὲ
356 1904 401 1933 ³⁸
432 1901 524 1954 διά
554 1918 608 1952 τι
642 1899 769 1969 φίλη
799 1898 831 1969 ἦ
862 1895 1049 1968 ὲχθρά,
1073 1895 1169 1950 καὶ
1196 1895 1284 1948 διά
1304 1913 1357 1948 τι
1380 1893 1549 1965 ἐχθρά
1576 1894 1608 1965 ἢ
1638 1894 1786 1964 φίλη,

222 1995 299 2064 qn
324 1994 557 2061 τοιαύτη
584 1989 681 2043 τοῦ
710 1989 852 2052 τινὸς
896 1987 1070 2041 αἰτίου
1096 1986 1222 2058 φίλη
1252 1985 1399 2038 ἐστὶν
1430 1984 1463 2056 ἢ
1503 1983 1691 2056 ἐχθρὰ,
1725 1985 1789 2037 οὐ

220 2084 296 2136 τοῦ
323 2080 642 2154 ἀνθρώπου.

275 2236 467 2314 λΧἮ.
534 2255 710 2325 Κάγὼ
766 2254 1170 2327 ἀπεκρινάμην·
1227 2250 1302 2307 Οὐ
1359 2249 1508 2305 δοκεῖ
1561 2268 1645 2304 σοι
1698 2247 1790 2305 οὖν

219 2351 589 2421 φιλάνθρωπος
649 2344 785 2401 εἶναι
851 2346 956 2401 κᾶν
997 2349 1031 2417 ή
1075 2344 1363 2414 ξενοδόχος,
1410 2342 1564 2415 ξένην
1597 2346 1661 2415 ἣν
1692 2345 1791 2398 οὐκ

227 2444 475 2515 ήπίστατο
520 2443 961 2512 εὐεργετήσασα;
998 2439 1107 2492 Καὶ
1152 2440 1181 2491 6
1227 2438 1449 2508 Πέτροςο
1494 2437 1792 2507 Ἐλεήμονα

232 2535 324 2603 μὲν
370 2534 527 2603 αὐτὴν
572 2534 747 2585 είπεῖν
805 2531 1139 2601 ἐπίσταμαι,
1196 2525 1577 2598 φιλάνθρωπον
1618 2527 1675 2580 δὲ
1728 2527 1789 2579 οὐ

229 2625 401 2696 τολμῶ
437 2625 633 2693 λέγειν,
668 2625 762 2678 ἆτε
801 2623 864 2694 δὴ
890 2621 1013 2675 οὐτε
1034 2622 1135 2694 τὴν
1164 2619 1429 2674 τεκοῦσαν
1460 2618 1786 2689 φιλότεκνον

229 2718 312 2770 ὐπ’
341 2717 532 2771 ὠδίνων
565 2717 676 2788 γὰρ
703 2717 798 2770 καὶ
829 2715 1136 2787 ἀνατροφῆς
1181 2713 1432 2785 στέργειν
1479 2712 1787 2766 πέπεισται.

236 2814 317 2877 Ὦς
356 2816 446 2868 καὶ
476 2816 506 2866 6
532 2815 674 2884 ἐρῶν
714 2814 819 2867 ὑπὸ
850 2813 951 2883 τῆς
996 2811 1287 2883 συνηθείας
1319 2811 1672 2865 κολακεύεται
1698 2810 1794 2863 καὶ

228 2905 450 2975 εὐνῆς¹⁵⁸,
509 2906 606 2958 καὶ
649 2905 679 2966 6
712 2902 864 2972 φίλος
898 2902 1003 2955 ὑπὸ
1052 2902 1152 2973 τῆς
1177 2901 1433 2972 ἀμοιϐῆς,
1477 2898 1623 2952 οὕτω
1647 2901 1741 2953 καὶ
1764 2899 1793 2950 6

229 2993 373 3047 ἐλεῶν
399 2996 505 3049 ὑπὸ
540 2995 643 3065 τῆς
692 2995 989 3065 συμφορᾶς.
1018 2992 1163 3064 Πλὴν
1183 2994 1348 3062 ἐγγὺς
1379 2995 1408 3047 6
1436 2992 1682 3064 ἐλεήμων
1714 2992 1793 3063 τῷ

232 3087 600 3158 φιλανθρώπῳ,
632 3088 714 3139 ὅτι
753 3086 883 3139 ἄνευ
917 3085 1008 3137 τοῦ
1035 3103 1086 3137 τι
1120 3084 1386 3157 θηρᾶσθαι
1420 3083 1601 3137 λαϐεῖν

233 3178 475 3230 πείθεται.
507 3178 658 3248 Πλὴν
678 3175 827 3229 οὐπω
850 3175 1229 3247 φιλάνθρωπός
1252 3176 1416 3227 ἐστιν.
1439 3173 1611 3243 Κάγὼ
1638 3174 1789 3246 ἔφην’

1898 3183 2180 3238 neratione

242 3268 354 3324 Ἐπὶ
393 3271 575 3332 ποίαις
616 3266 709 3323 οὖν
758 3268 988 3341 πράξεσι
1022 3267 1398 3339 φιλάνθρωπος
1423 3266 1561 3321 εἷναί
1591 3285 1675 3331 τις
1706 3266 1797 3320 δύ-

236 3380 409 3427 ναται;
469 3364 580 3415 Καὶ
631 3364 661 3414 6
722 3361 925 3433 Πέτρος
972 3358 1321 3430 ἀπεκρίνατο⁹
1360 3358 1512 3411 Ἐπεὶ
1566 3357 1677 3429 ὁρῶ
1733 3373 1795 3411 σε

238 3454 529 3524 γλιχόμενον
589 3451 840 3516 ἀκοῦσαι,
893 3449 947 3502 τί
1005 3450 1124 3503 ποτ’
1172 3449 1346 3501 tati”
1388 3447 1795 3518 φιλανθρωπίας

242 3546 397 3617 ἔργον,
428 3550 527 3601 οὐκ
562 3547 779 3617 ὀκνήσω
808 3545 1006 3612 λέγειν.
1050 3540 1434 3610 Φιλάνθρωπὸς
1466 3543 1612 3593 ἐστιν
1634 3542 1662 3594 6
1700 3539 1795 3593 καὶ

241 3638 442 3709 ἐχθροὺς
463 3636 783 3709 εὐεργετῶν.
824 3636 941 3687 Ὅτι
965 3633 1022 3685 δὲ
1046 3631 1217 3694 οὕτως
1259 3630 1389 3699 ἔχει,
1418 3630 1662 3683 ἄκουσον.
1697 3632 1791 3682 Φι-

242 3731 530 3804 λανθρωπία
552 3732 700 3783 ἐστὶν
722 3726 1104 3801 ἀρῤενόθηλυς,
1120 3720 1187 3796 ἦς
1205 3724 1265 3777 τὸ
1286 3723 1417 3794 θῆλυ
1439 3723 1601 3795 μέρος
1623 3725 1791 3789 ἐλεη-

239 3825 454 3891 μοσύνη
480 3823 718 3890 λέγεται,
739 3819 799 3871 τὸ
830 3817 888 3871 δὲ
918 3816 1087 3889 ἄρρεν
1118 3815 1289 3884 αὐτῆς
1319 3812 1517 3883 ἀγάπη
1546 3813 1680 3884 πρὸς
1702 3813 1794 3865 τὸν

244 3912 447 3983 πλησίον
469 3913 801 3983 ὠνόμασται,
825 3908 1049 3975 πλησίον
1075 3906 1130 3959 δὲ
1153 3904 1425 3975 ἀνθρώπῳ
1454 3905 1600 3957 ἐστὶν
1623 3906 1651 3957 6
1689 3906 1794 3968 πᾶς

246 4000 528 4071 ἄνθρωπος,
559 4003 658 4070 οὐχ
682 4000 711 4052 6
736 4016 819 4062 τις
842 3998 886 4029 δ’
914 3995 1010 4046 ἀνθ
1020 4010 1218 4065 ρωπος,
1247 3993 1533 4065 ἄνθρωπος
1553 3992 1664 4065 γάρ
1686 3993 1803 4047 ἐστι

251 4096 331 4146 καὶ
354 4098 380 4148 6
419 4096 584 4157 κακὸς
614 4095 709 4148 καὶ
737 4096 765 4149 6
802 4092 1003 4161 ἀγαθὸς
1034 4090 1128 4144 καὶ
1154 4092 1184 4143 6
1213 4088 1404 4161 ἐχθρὸς
1440 4088 1534 4140 καὶ
1564 4088 1592 4140 6
1628 4086 1800 4156 φίλος.

250 4186 355 4258 Χρὴ
379 4184 465 4241 οὖν
503 4189 591 4242 τὸν
637 4184 1045 4256 φιλανθρωπίαν
1082 4183 1353 4237 ἀσκοῦντα
1398 4180 1640 4252 μιμητὴν
1663 4174 1802 4233 εἶναι

248 4274 331 4331 τοῦ
352 4279 495 4343 Θεοῦ,
514 4277 909 4350 εὐεργετοῦντα
928 4275 1168 4339 δικαίους
1190 4276 1280 4329 καὶ
1294 4274 1530 4338 ἀδίκους,
1548 4272 1623 4336 ὡς
1642 4271 1803 4335 αὐτὸς

250 4366 275 4415 6
292 4364 411 4430 Θεὸς
448 4370 607 4422 πᾶσιν
650 4370 707 4419 ὲν
738 4365 818 4436 τῷ
847 4365 941 4418 νῦν
974 4365 1162 4435 κόσμῳ
1181 4364 1271 4417 τόν
1295 4380 1353 4415 τε
1380 4362 1530 4432 ἥλιον
1553 4362 1646 4415 καὶ
1669 4361 1795 4424 τούς

1892 1904 2058 1958 ceret,
2088 1893 2325 1969 humana
2354 1903 2496 1948 esset
2529 1912 2541 1946 :
2576 1894 2659 1947 sin
2692 1909 2822 1948 vero
2852 1903 3070 1963 pr0pter
3113 1894 3245 1963 quid
3287 1896 3463 1949 amica

1890 1994 1973 2038 est
2006 1984 2089 2037 vel
2123 1984 2342 2037 inimica
2374 1991 2428 2037 et
2457 1991 2678 2053 propter
2704 1984 2834 2053 quid
2863 1984 3081 2037 inimica
3130 1985 3215 2038 vel
3263 1986 3462 2049 amica,

1890 2077 2006 2131 haec
2036 2076 2268 2145 alicujus
2300 2076 2399 2142 rei,
2428 2092 2550 2146 quae
2590 2092 2754 2131 causa
2788 2076 2879 2143 sit,
2912 2076 3087 2130 amica
3133 2086 3215 2131 est
3248 2078 3332 2132 vel
3360 2078 3467 2131 ini-

1890 2170 2055 2233 mica,
2092 2187 2199 2224 non
2228 2179 2411 2224 autem
2440 2170 2699 2224 hominis.

1960 2259 2152 2315 XXVI.
2190 2259 2257 2315 Et
2299 2276 2399 2331 ego
2434 2262 2691 2331 respondi
2725 2280 2737 2315 :
2771 2259 2888 2315 Non
2926 2276 3057 2333 ergo
3099 2262 3193 2316 tibi
3240 2260 3458 2316 videtur

1890 2370 2011 2410 esse
2063 2357 2299 2409 lmmana
2358 2356 2546 2409 saltem
2613 2356 2829 2424 hospes,
2860 2371 2982 2425 quae
3026 2356 3079 2410 in
3122 2358 3462 2427 peregrinam

1892 2460 2055 2515 quam
2133 2460 2243 2499 non
2312 2454 2540 2499 noverat
2596 2445 2920 2499 beneficium
2986 2445 3253 2501 contulit?
3324 2445 3457 2502 Tum

1893 2535 2274 2591 I'etruszEam
2308 2537 2527 2606 quidem
2565 2537 2971 2592 misericordem
3010 2539 3286 2609 appellare
3311 2541 3461 2604 novi,

1894 2630 2175 2684 hominum
2206 2638 2385 2684 autem
2420 2639 2692 2683 amantem
2719 2645 2827 2684 non
2855 2631 3028 2685 audeo
3058 2633 3259 2695 dicere,
3282 2646 3459 2702 quan—

1892 2721 2186 2789 doquidem
2220 2736 2321 2775 nec
2347 2729 2577 2774 matrem
2613 2729 2888 2775 amantem
2925 2722 3466 2792 liberorum,quippe

1891 2829 2013 2882 quae
2050 2829 2080 2866 a
2123 2822 2314 2883 partus
2356 2814 2642 2867 doloribus
2685 2822 2740 2866 et
2786 2814 2856 2868 ab
2884 2815 3209 2869 educatione
3240 2815 3308 2868 ad
3342 2816 3465 2869 dili-

1893 2905 2126 2975 gendum
2182 2906 2461 2976 compulsa
2500 2905 2605 2959 sit.
2661 2904 2796 2959 Nam
2847 2907 2991 2960 sicut
3054 2907 3147 2977 qui
3211 2907 3466 2978 cupidine

1900 2996 2290 3062 inﬂammatur,
2327 3012 2358 3050 a
2416 2997 2815 3051 consuetudine
2864 3002 3135 3052 mulcetur
3167 3007 3220 3052 et
3265 3013 3467 3052 concu-

1896 3088 2032 3153 bitu,
2063 3089 2154 3160 qui
2189 3103 2378 3143 amore
2410 3104 2503 3143 seu
2540 3090 2782 3144 amicitia
2812 3091 3183 3159 prosequitur,
3211 3106 3240 3143 a
3281 3106 3463 3144 remu-

2232 3201 2247 3238 :
2300 3184 2374 3237 ita
2420 3191 2475 3238 et
2528 3184 2622 3253 qui
2685 3185 2995 3249 miseretur,
3053 3200 3083 3238 a
3137 3186 3464 3241 calamitate.

1896 3275 2148 3330 Attamen
2198 3277 2513 3331 misericors
2547 3278 2788 3333 humano
2830 3278 3043 3333 vicinus
3070 3288 3173 3343 est,
3205 3280 3465 3348 quoniam

1894 3367 2105 3435 absque
2158 3369 2407 3423 muneris
2460 3368 2627 3424 ullius
2661 3370 2970 3438 captatione
3002 3371 3068 3424 ad
3102 3371 3466 3441 prazstandum

1894 3456 2214 3513 beneﬁcium
2252 3457 2443 3514 fertur.
2475 3457 2724 3513 Nondum
2762 3468 2941 3514 tamen
2974 3460 3249 3515 humanus
3282 3470 3383 3516 est.
3406 3462 3470 3515 Et

1893 3569 1994 3623 ego
2040 3553 2152 3606 dixi
2189 3572 2203 3607 :
2238 3552 2320 3607 Ob
2353 3569 2493 3623 quas
2545 3554 2711 3623 igitur
2745 3556 2988 3609 actiones
3020 3555 3292 3611 humanus
3344 3557 3469 3626 quis

1893 3659 2014 3698 esse
2055 3645 2267 3714 potest?
2294 3643 2592 3713 Respondit
2633 3643 2828 3699 Petrus
2867 3662 2881 3698 :
2917 3644 3055 3710 Quia
3084 3646 3245 3700 video
3284 3655 3336 3700 te
3363 3664 3467 3702 cu-

1895 3737 2082 3805 pidum
2113 3737 2391 3800 audiendi,
2420 3737 2695 3806 quodnam
2730 3737 2801 3790 sit
2829 3737 3186 3792 humanitatis
3208 3738 3466 3803 oIIicium,

1895 3841 2002 3879 non
2056 3826 2259 3896 pigebit
2319 3826 2523 3880 dicere.
2565 3824 2850 3880 IIurnanus
2872 3833 2977 3889 est,
3012 3826 3307 3895 quietiam
3359 3828 3466 3880 ini-

1895 3916 2057 3971 micis
2114 3919 2254 3971 bene
2308 3915 2456 3972 facit.
2507 3917 2662 3982 Quod
2716 3926 2895 3971 autem
2955 3918 3029 3971 ita
3078 3918 3292 3983 habent,
3317 3920 3464 3974 audi.

1896 4003 2214 4061 Humanitas
2248 4015 2329 4061 est
2360 4004 2830 4071 masculofemina,
2865 4004 3022 4074 cujus
3059 4004 3292 4059 feminea
3340 4021 3468 4073 pars

1896 4095 2267 4152 misericordia
2314 4097 2532 4161 dicitur,
2564 4096 2708 4166 quod
2743 4110 2872 4149 vero
2907 4095 2959 4148 in
2997 4095 3086 4148 illa
3139 4103 3222 4148 est
3252 4110 3468 4149 mascu-

1896 4187 2031 4251 lum,
2057 4187 2277 4242 dilectio
2307 4204 2436 4258 erga
2466 4188 2775 4256 proximum
2818 4186 3151 4252 nominatur,
3184 4185 3467 4253 proximus

1896 4289 2074 4336 autem
2110 4281 2319 4335 homini
2344 4291 2428 4337 est
2449 4282 2678 4351 quilibet
2719 4282 2977 4345 homo,et
3009 4295 3117 4332 non
3146 4278 3234 4332 hic
3258 4278 3341 4331 vel
3368 4279 3467 4332 iste

1897 4373 2091 4439 homo;
2119 4373 2285 4427 homo
2309 4375 2453 4428 enim
2476 4381 2560 4427 est
2589 4384 2750 4427 etiam
2787 4373 2966 4426 malus
3000 4379 3054 4425 et
3074 4372 3272 4436 bonus,
3294 4371 3466 4425 hostis

254 4458 420 4522 ὑετοὺς
468 4460 628 4514 αὐτοῦ
675 4458 927 4530 παρέχων
942 4457 1008 4510 ⁸⁸.
1040 4458 1101 4510 Ei
1134 4456 1189 4509 δὲ
1215 4455 1388 4517 θέλεις
1414 4453 1649 4522 ἀγαθοὺς
1696 4453 1792 4523 μὲν

1897 4464 2100 4533 pariter
2127 4480 2191 4520 ac
2219 4466 2451 4520 amicus.
2486 4464 2712 4535 Oportet
2744 4480 2874 4534 ergo
2907 4479 3031 4517 cum
3070 4463 3161 4532 qui
3208 4462 3465 4517 humani-

404 4512 418 4522 .
476 4512 485 4513 κ
512 4512 523 4514 -
551 4512 559 4513 κ
612 4512 617 4513 ν
758 4512 773 4530 ,
822 4512 851 4527 ,.
1368 4512 1382 4517 τ
1462 4512 1473 4522 .
1631 4512 1641 4516 -
1696 4512 1708 4523 .

254 4550 545 4621 εὐεργετεῖν,
574 4553 776 4613 κακοὺς
800 4551 855 4602 δὲ
883 4548 1095 4619 μηκέτι,
1119 4548 1151 4619 ἢ
1187 4546 1280 4599 καὶ
1308 4545 1579 4608 κολάζειν,
1606 4543 1791 4615 κριτοῦ

1900 4512 2089 4533 ιρ---νν-
2127 4512 2190 4520 η
2220 4512 2451 4520 «mw—v-
2494 4512 2711 4535 'r""“'«
2748 4512 2869 4534 --ον
2912 4512 3031 4517 ~—--—
3086 4512 3160 4532 .—-
3208 4512 3431 4517 μνη-πη-

1901 4563 2063 4609 tatem
2097 4557 2243 4621 colit,
2276 4557 2604 4611 imitatorem
2643 4555 2733 4609 Dei
2764 4571 2905 4621 esse,
2932 4563 2987 4609 et
3015 4556 3079 4609 de
3106 4556 3271 4625 justis
3305 4565 3467 4624 atque

250 4640 306 4691 τὲ
337 4644 473 4713 ἔργον
492 4645 748 4715 πράττειν
775 4639 1147 4712 ὲπιχειρεῖςδδ,
1161 4639 1223 4691 οὐ
1250 4637 1313 4690 τὸ
1351 4637 1450 4708 τῆς
1488 4636 1792 4707 φιλανθρω-

252 4731 368 4795 πίας
393 4736 697 4800 σπουδάζεις
721 4734 883 4804 ἔχειν.

1897 4642 2119 4713 iniustis
2150 4647 2285 4700 bene
2310 4647 2527 4711 mereri,
2571 4647 2715 4700 sicut
2743 4646 2857 4715 ipse
2880 4646 3022 4701 Deus
3052 4648 3262 4701 cunctis
3286 4647 3337 4700 in
3364 4647 3467 4699 hoc

1903 4737 2106 4789 mundo
2137 4739 2304 4791 solem
2326 4739 2638 4808 imbresque
2663 4752 2794 4792 suos
2824 4739 3044 4806 przehet.
3072 4737 3225 4804 Quod
3258 4739 3302 4792 si
3333 4739 3466 4792 velis

251 4824 395 4880 bonis
424 4830 630 4897 quidem
690 4826 1030 4890 benefacere,
1080 4838 1188 4877 non
1243 4831 1424 4877 autem
1473 4820 1654 4886 malis,
1727 4821 1810 4875 vel
1876 4824 2239 4898 hos-punire,
2278 4829 2484 4899 judieis
2540 4846 2740 4885 munus
2808 4830 3031 4899 implere
3084 4831 3293 4897 niteris,
3356 4847 3465 4886 non

245 4932 366 4971 vero
393 4922 577 4977 habere
608 4922 1002 4977 humanitatem
1028 4919 1269 4975 conaris.

316 5009 506 5067 XXVII.
556 5013 727 5081 Κάγὼ
750 5013 901 5083 ἔφην·
939 5007 1088 5082 'Apd
1130 5026 1192 5078 γε
1218 5011 1312 5063 καὶ
1342 5010 1371 5062 6
1404 5009 1554 5071 Θεὸς,
1586 5009 1793 5079 μέλλων

246 5104 369 5154 ποτὲ
384 5104 425 5135 ⁸⁸
450 5105 669 5177 κρίνειν,
693 5104 769 5168 ὡς
806 5102 1075 5165 διδάσκεις
1102 5103 1248 5173 ἡμᾶς
1264 5102 1308 5132 ⁵⁸
1335 5141 1350 5167 ,
1378 5103 1440 5154 οὐ
1483 5101 1793 5174 φιλάνθρω-

1967 5009 2181 5066 XXVII.
2220 5013 2285 5067 Et
2345 5030 2442 5082 ego
2477 5013 2587 5067 dixi
2619 5012 2827 5081 :Igitur
2855 5012 3017 5079 Deus,
3047 5014 3139 5084 qui
3171 5014 3464 5083 aliquando

1894 5103 2238 5173 judicaturus
2283 5114 2385 5165 est,
2423 5115 2480 5157 ut
2512 5118 2612 5158 nos
2659 5105 2842 5170 doces,
2880 5121 2987 5158 non
3023 5115 3107 5160 est
3157 5106 3466 5161 humanus?

1537 5257 1772 5314 VARIAZ
1814 5256 2213 5312 LECTIONES.

321 5374 361 5406 ³⁸
382 5376 627 5430 πέπειστο
650 5374 715 5439 Ο,
747 5374 839 5444 qui
886 5373 1115 5429 subinde
1152 5389 1260 5429 scr.
1283 5376 1594 5445 εὐεργέτης.
1639 5373 1775 5427 Tum
1808 5371 2125 5494 ναυὸραγίῳ
2158 5369 2217 5423 C.
2296 5368 2338 5401 ³¹
2368 5368 2740 5439 μεμονομένης
2760 5367 2824 5422 Ο.
2902 5370 2946 5400 ²²
2982 5368 3109 5447 voc.
3134 5366 3464 5438 ὀλοφυρομέ-

321 5463 340 5494 :
390 5450 469 5494 Ἐν
493 5446 772 5494 τοσαύταις
798 5442 890 5494 οὖν
921 5445 1091 5494 αὐτῆς
1114 5449 1415 5494 συμφοραῖς
1445 5461 1547 5494 non
1573 5452 1786 5494 exstant
1816 5445 1866 5494 in
1953 5482 1967 5494 .
2043 5442 2087 5472 ³³
2117 5441 2207 5492 ὐπ’
2240 5438 2305 5493 0.
2332 5457 2381 5494 c.
2410 5441 2466 5494 S.
2500 5437 2605 5491 ὐπὸ
2635 5439 2694 5493 C.
2759 5441 2803 5473 "
2830 5438 2902 5492 Ita
2934 5442 3071 5494 Emi.
3107 5439 3462 5494 κεκινημένου

247 5461 340 5517 Χίης
390 5450 469 5501 Ἐν
493 5442 777 5517 τοσαύταις
798 5442 890 5498 οὖν
921 5445 1091 5515 αὐτῆς
1114 5442 1415 5517 συμφοραῖς
1445 5442 1547 5517 non
1573 5452 1787 5517 exstant
1816 5442 1968 5517 in_0_.
2043 5442 2305 5517 ³³Δύπχρ.
2325 5457 2381 5517 _c.
2410 5442 2473 5517 S,_
2500 5442 2694 5517 ὐπόὴυ.
2732 5442 2803 5517 ,ξι
2830 5442 3071 5517 Ιιοιξῖρὲ.
3090 5505 3101 5517 ⁸

863 5519 907 5549 ³⁵
939 5506 1410 5586 τῆν’ρζτρίρίνιήἱεὶί
1439 5515 1476 5569 S
1528 5532 1577 5569 c.
1613 5516 1693 5569 Cl.
1745 5515 1816 5586 ί³⁶
1846 5512 2055 5586 €181???
2075 5511 2136 5565 (ἶ.
2213 5511 2254 5542 ³⁷
2287 5508 2563 5586 εὐεργέτει
2596 5506 2676 5586 δέ,
2714 5508 2775 5586 ,³⁸
2809 5511 2856 5586 EE
2900 5509 2954 5561 δέ
3000 5506 3174 5586 Ερίίςν
3210 5506 3352 5586 είξδή
3374 5511 3414 5563 (λ
3439 5550 3460 5575 ν

1462 5585 1875 5655 pratferendum.
1952 5583 2014 5655 ἦέ.
2034 5576 2556 5655 quassuntpsi'er.
2633 5580 2678 5610 ⁴⁰
2707 5577 2770 5655 _In
2802 5576 2866 5633 0.
2908 5576 3231 5655 espnngitur
3252 5581 3309 5631 ὲν
3337 5576 3462 5634 ante

248 5513 763 5588 EmtvneévncO-

248 5583 281 5651 ἦ
307 5586 361 5638 δέ
380 5586 439 5641 0.
462 5583 591 5641 Tum
620 5583 751 5639 διότι
777 5602 828 5655 p.
862 5586 952 5639 διά
982 5583 1034 5637 τι
1072 5584 1211 5650 Epit.
1230 5587 1419 5655 ,_quod

1953 5437 1967 5494 ζ
2043 5437 2207 5492 ³³’ὐπ’
2240 5438 2305 5493 0.
2332 5437 2381 5494 c.
2410 5441 2466 5501 S,
2500 5437 2614 5508 67:6~
2635 5439 2694 5493 Ο.
2759 5441 2803 5473 ³⁸
2830 5438 2902 5492 Ita
2934 5438 3071 5508 Epit.
3092 5437 3462 5508 Δκεκινημένου

250 5649 411 5725 εὐνῆς,
483 5658 525 5691 δι
567 5658 693 5711 ποτέ
720 5649 864 5709 ἐστιν
896 5658 958 5709 t1.
1034 5658 1077 5686 "
1110 5649 1191 5708 ὅτι
1219 5649 1385 5725 εἷςἰ).
1408 5649 1520 5719 ὅτίς
1555 5657 1615 5710 C.
1692 5649 2323 5725 ⁸³Νοηῃιι11ἱᾙρίιοηιέδ
2389 5649 2806 5725 (εοιΙιΙε-παρέχει
2849 5658 2905 5701 ut
2955 5650 3233 5725 legernlum
3277 5664 3463 5725 censet

250 5674 411 5720 ευντς.
483 5674 525 5691 ἰ
567 5674 693 5711 ποτε
720 5674 864 5709 εστιν
896 5674 958 5709 ιι.
1034 5674 1077 5686 ν·
1110 5674 1191 5708 οτι
1219 5674 1299 5718 εις
1332 5674 1385 5725 p.
1408 5674 1520 5719 οτις
1555 5674 1594 5710 ιι

249 5724 307 5781 ι).
338 5704 471 5803 ,Τιιω
513 5728 668 5801 θέλῃς
700 5729 761 5784 C.
835 5727 885 5759 “
907 5728 1201 5799 ἐπιχειρεῖς
1246 5726 1502 5797 πράττειν
1535 5726 1594 5783 C.

1690 5725 1734 5757 ⁸⁵
1758 5723 1837 5778 Ita
1862 5721 1998 5791 Epit.
2027 5718 2115 5789 95,
2138 5723 2260 5776 τότε
2281 5731 2508 5792 uterque
2536 5718 2691 5774 Hom.
2720 5728 2842 5774 cod.
2919 5725 2964 5755 ⁸⁸
3000 5720 3144 5790 ἡμᾶς
3182 5734 3293 5775 om.
3321 5722 3386 5777 0.
