4004 6332
208 304 297 359 325
1325 299 1789 356 CLEMENTINA.
1817 327 1888 340 —
1926 296 2213 356 HOMILIA
2250 301 2364 357 XII.
3337 318 3445 375 δῦ

206 418 287 487 τῆς
310 416 401 471 τοῦ
420 417 562 473 Θεοῦ
591 417 846 491 προνοίας
860 416 1088 472 διελθεῖν
1107 416 1152 448 ⁵⁵
1177 416 1537 487 ᾠκονόμηται.
1549 417 1707 470 Ἐπεὶ
1721 416 1766 447 ⁸⁸

1870 432 1995 471 cum
2042 434 2073 473 a
2106 423 2325 489 propria
2366 419 2605 477 hominis
2630 422 2745 478 sint
2766 425 3068 496 voluntate,
3090 438 3158 486 ut
3189 436 3444 492 exet-ian-

211 528 357 586 ιρισις
384 510 529 584 αῦτη
556 510 695 583 Θεῷ,
731 509 920 585 ὥσπερ
959 510 1045 563 ἐπ’
1079 508 1288 579 ἀγῶνος
1326 509 1418 563 τὸν
1452 508 1541 562 διά
1581 508 1763 579 πάσης

1866 513 1977 573 tur,
2007 507 2190 563 divina
2228 509 2464 565 instituit
2492 510 2861 571 Providentia.
2878 516 3066 588 itaque
3095 521 3203 577 hoc
3224 531 3310 580 est
3344 525 3443 583 Dei

208 602 478 673 κακουχίας
542 602 889 674 διεληλυθότα
956 604 1050 656 καὶ
1107 601 1395 673 ἄμεμπτον
1449 598 1759 672 εὑρεθέντα,

1860 596 2152 665 judicium,
2181 606 2245 653 ut
2284 599 2383 669 qui
2424 615 2522 671 per
2549 616 2768 659 omnem
2814 608 3184 679 vexationem,
3209 614 3360 671 velut
3385 616 3441 671 in

211 696 380 750 ἐκεῖνον
431 696 580 767 ζωῆς
615 695 833 749 αίωνίου
866 693 1270 759 καταξιοῦσθαι.
1303 693 1366 745 Ol.
1392 691 1499 763 γάρ
1535 693 1592 744 ὲν
1622 693 1760 760 ἀγα-

1864 704 2059 758 agone,
2107 689 2391 746 transierit
2439 700 2495 747 et
2536 693 2792 752 inventus
2819 695 2983 754 fuerit
3030 700 3364 774 inculpatus,
3393 705 3442 762 is

212 787 297 851 θοίς
325 787 433 858 ίδίᾳ
459 787 622 858 βουλῇ
652 786 1023 858 προκόψαντες
1047 785 1151 839 ὑπὸ
1174 784 1282 838 τῶν
1333 784 1439 855 ἰδίᾳ
1485 783 1645 854 βουλῇ
1701 783 1761 836 ὲν

1862 777 2097 832 donetur
2146 780 2258 834 vita
2309 789 2534 837 aeterna.
2588 782 2723 839 Nam
2776 788 2871 857 qui
2924 790 2978 844 in
3020 791 3181 849 bonis
3218 798 3440 868 propria

212 880 346 952 κακίᾳ
366 880 413 911 ⁸⁷
463 880 919 951 παραμεινάντων
975 874 1360 949 πειράζονται,
1421 876 1756 947 διωκόμενοι,

1860 870 2138 926 voluntate
2192 870 2561 942 profecerunt,
2594 876 2663 931 ab
2713 877 2782 933 iis
2819 880 2912 949 qui
2953 898 3052 938 sua
3090 902 3309 957 quoque
3336 907 3433 944 vo-

211 972 517 1044 μισούμενοι,
566 969 986 1043 λοιδορούμενοι,
1036 967 1531 1038 ἐπιϐουλευόμενοι,
1563 967 1761 1021 τυπτό-

1860 962 2068 1018 luntate
2094 962 2148 1017 in
2194 965 2336 1019 mala
2368 968 2689 1023 tractatione
2719 984 3088 1042 perseverant,
3128 985 3436 1047 tentantur,

210 1080 352 1134 μενοι,
375 1062 896 1133 πλεονεκτούμενοι,
931 1061 1421 1132 διαϐαλλόμενοιδη,
1462 1061 1763 1132 ἀγγαρευό-

1859 1054 2239 1124 exagitantur,
2285 1058 2446 1121 odia,
2507 1060 2792 1128 convicia,
2847 1064 3094 1131 insidias,
3155 1071 3416 1142 verbera,

209 1170 350 1223 μενοι,
422 1153 854 1225 ἐπηρεαζόμενοι
879 1192 894 1218 ,
979 1152 1157 1206 πάντα
1204 1153 1385 1205 ἐκεῖνα
1439 1153 1758 1223 πάσχοντες,

1860 1145 2100 1215 fraudes,
2125 1149 2451 1216 calumnias,
2480 1151 2588 1205 vim
2616 1154 2917 1225 patiuntur,
2946 1159 3270 1219 afficiuntur
3301 1182 3437 1221 con-

204 1244 258 1297 δι’
294 1238 365 1297 ὧν
404 1244 647 1313 εὐλόγως
670 1244 817 1297 δοκεῖ
858 1243 919 1297 τὸ
973 1242 1285 1315 ὀργίζεσθαι
1334 1242 1575 1312 γίνεσθαι
1593 1244 1638 1275 ⁵⁹
1666 1245 1761 1299 καὶ

1867 1241 2134 1307 tumeliis,
2171 1250 2483 1312 cunctaque
2534 1243 2629 1298 illa
2682 1247 2984 1321 perferunt,
3011 1269 3108 1323 per
3132 1271 3255 1326 quae
3288 1258 3438 1329 justa

203 1341 313 1412 πρὸς
336 1342 556 1411 ἄμυναν
593 1341 789 1411 όρμᾷν.

1859 1328 2074 1385 videtur
2102 1347 2225 1386 esse
2256 1332 2335 1386 ira
2367 1341 2422 1387 et
2456 1334 2611 1391 ultio.

255 1433 407 1503 277
442 1430 617 1485 XXX.
665 1432 722 1485 ὐ
752 1431 808 1484 δὲ
839 1431 1158 1496 διδάσκαλος
1184 1430 1359 1495 εἰδὼς,
1393 1431 1476 1485 ὄτι
1506 1431 1556 1484 οἱ
1588 1430 1761 1484 ταῦτα

1878 1456 1879 1459 η
1928 1421 2099 1478 XXX.
2120 1423 2377 1495 Magister
2402 1442 2533 1483 vero
2557 1429 2758 1498 sciens,
2790 1436 2935 1504 quod
2962 1437 3055 1507 qui
3090 1439 3206 1495 hac
3228 1441 3435 1512 injuste

199 1525 368 1588 ἀδίκως
398 1523 684 1587 ποιοῦντες
724 1526 789 1577 ὲκ
833 1526 1111 1597 προτέρων
1145 1524 1554 1596 ἁμαρτημάτων
1590 1524 1760 1578 κατά-

1860 1515 2091 1585 facinnt,
2135 1534 2201 1574 ex
2247 1520 2527 1590 prioribus
2571 1526 2809 1592 peccatis
2856 1530 2934 1582 rei
2987 1542 3146 1598 sunt,
3178 1537 3436 1606 quodque

196 1618 309 1673 δικοὶ
350 1619 515 1683 εἰσιν,
571 1619 668 1671 καὶ
714 1619 794 1671 ότι
844 1618 933 1673 διὰ
968 1618 1277 1674 καταδίκων
1309 1618 1371 1671 τὸ
1418 1617 1521 1688 τῆς
1563 1619 1761 1682 κακίας

1860 1626 1955 1680 per
1987 1624 2171 1666 sontes
2200 1612 2428 1681 spiritus
2473 1614 2696 1671 malitiae
2742 1618 2846 1673 ista
2898 1622 3079 1689 cliicit,
3123 1626 3430 1696 hominum,

195 1710 385 1781 πνεῦμα
400 1710 581 1763 ταῦτα
592 1712 677 1763 ὲνε
685 1712 821 1782 ργεῖ,
835 1710 961 1773 τοὺς
977 1710 1072 1780 μὲν
1092 1707 1426 1781 ἀνθρώπους,
1445 1709 1588 1763 καθά
1605 1711 1649 1742 ⁵⁸
1667 1710 1760 1764 άν-

1862 1712 2134 1772 quatenus
2181 1704 2434 1761 homines
2480 1716 2629 1773 sunt,
2665 1709 2769 1764 etsi
2804 1720 3026 1781 propter
3052 1726 3275 1784 peccata
3306 1717 3433 1775 facti

192 1802 375 1874 θρωποί
416 1805 582 1865 εἰσιν,
637 1802 732 1855 καὶ
774 1803 841 1855 δι’
877 1801 1151 1873 ἁμαρτίας
1189 1801 1398 1873 ὄργανα
1441 1803 1757 1873 γινομένους

1858 1794 2060 1849 fuerint
2096 1795 2313 1852 malitia:
2345 1797 2730 1867 instrumenta,
2768 1802 3017 1857 misereri
3066 1808 3241 1862 suasit
3276 1810 3429 1874 suis,

189 1896 384 1958 κακίας,
442 1895 619 1947 ἐλεεῖν
674 1894 1088 1948 συνεϐούλευσεν
1108 1894 1173 1958 ⁶¹,
1222 1894 1298 1957 ὡς
1350 1894 1756 1967 φιλανθρωπίαν

1857 1892 2117 1953 tanquam
2149 1884 2537 1943 misericordiae
2569 1889 2892 1958 cultoribus,
2938 1902 3123 1963 utque,
3165 1907 3430 1967 quantum

186 1987 445 2050 ἀσκοῦσιν,
482 1988 581 2040 καὶ
609 1986 670 2039 τὸ
701 1987 825 2040 ὅσον
856 1988 942 2040 ἐπ’
967 1986 1152 2049 αὐτοῖς
1175 1987 1339 2049 ἐστιν,
1373 1985 1756 2057 ἀδικουμένους

1866 1974 1919 2028 in
1955 1990 2013 2028 se
2039 1984 2143 2041 est,
2178 1976 2379 2046 injuria
2407 1980 2583 2035 affecti
2627 1981 2884 2051 injuriam
2916 1983 3179 2042 facientes
3217 2004 3247 2043 a
3279 1990 3432 2045 dam-

184 2080 263 2131 καὶ
293 2079 557 2133 ἀπολύειν
577 2080 622 2110 θ’
646 2079 745 2150 τῆς
789 2078 1089 2150 καταδίκης
1132 2079 1260 2142 τοὺς
1296 2078 1633 2143 ἀδικοῦντας,
1669 2079 1756 2133 ἵνα

1857 2068 2077 2123 natione
2109 2068 2424 2137 absolvant;
2456 2088 2568 2143 quo
2602 2075 2749 2129 velut
2776 2076 2952 2130 sobrii
2982 2078 3154 2135 ebriis
3201 2097 3432 2137 succur—

180 2172 353 2244 ὥσπερ
383 2174 435 2225 οἱ
469 2174 734 2243 νήφοντες
762 2175 875 2234 τοῖς
909 2170 1163 2242 μεθύουσι
1209 2169 1494 2242 βοηθῶσιν,
1528 2171 1713 2242 εὐχαῖς
1736 2211 1752 2236 ,

1856 2166 2001 2225 rant,
2032 2174 2128 2227 per
2157 2160 2457 2228 orationes,
2479 2161 2711 2232 jejunia,
2747 2164 3177 2234 benedictiones,
3211 2186 3321 2225 non
3344 2187 3429 2227 re-4

178 2266 463 2336 νηστείαις,
497 2263 793 2332 εὐλογίαις,
832 2264 905 2334 μὴ
940 2262 1342 2333 ἀνθιστάμενοι,
1376 2263 1449 2335 μὴ
1480 2263 1756 2334 ἀμυνόμε-

1855 2250 2119 2318 sistendo,
2166 2267 2275 2306 non
2310 2254 2658 2323 vindicando,
2692 2272 2793 2327 nec
2832 2274 2929 2313 eos
2955 2270 3159 2331 COgant
3195 2264 3428 2333 amplius

179 2374 275 2419 νοι,
304 2357 394 2410 ῖνα
428 2357 500 2427 μὴ
528 2355 625 2409 ἐπὶ
652 2355 714 2408 τὸ
745 2355 926 2408 πλεῖον
974 2356 1172 2419 αὐτοὺς
1204 2356 1469 2427 ἁμαρτεῖν
1513 2358 1755 2426 ἀναγκά-

1857 2357 2104 2411 peccare.
2145 2343 2284 2398 Cum
2330 2346 2476 2400 enim
2510 2348 2713 2418 aliquis
2751 2351 2976 2406 omnino
3005 2354 3073 2409 ad
3113 2357 3426 2425 patiendum

187 2466 367 2502 σωσιν.
400 2447 502 2501 Τοῦ
545 2448 656 2519 γάρ
704 2447 895 2501 παθεῖν
940 2448 1161 2512 πάντως
1203 2448 1529 2521 κεκριμένου
1556 2450 1664 2503 τινὶ
1685 2450 1751 2515 ⁸³,

1857 2434 2253 2491 condemnatus
2306 2447 2427 2502 est,
2487 2454 2597 2493 non
2657 2449 2742 2495 est
2795 2458 3015 2513 mquum
3063 2457 3122 2501 ut
3178 2448 3253 2502 illi
3315 2449 3427 2506 ira-

186 2542 286 2594 οὐκ
315 2541 520 2609 εὔλογον
548 2542 877 2610 ἀγανακτεῖν
906 2540 1119 2611 ἐκείνῳ,
1153 2541 1220 2594 δι’
1254 2534 1315 2594 οὗ
1348 2541 1409 2595 τὸ
1437 2542 1629 2596 παθεῖν
1666 2542 1753 2613 γί-

1855 2536 2042 2582 scatur
2089 2543 2185 2597 per
2222 2544 2383 2599 quem
2435 2531 2659 2600 patitur,
2700 2548 2885 2590 secum
2936 2549 3217 2609 reputans,
3259 2543 3426 2613 quod,

189 2650 351 2695 νεται,
382 2633 752 2704 λογισάμενον,
783 2634 887 2697 ότι,
918 2634 967 2686 εί
1008 2633 1102 2686 καὶ
1146 2634 1352 2698 ἐκεῖνος
1392 2636 1492 2688 οὐκ
1524 2634 1752 2688 ἐκακού-

1852 2616 1957 2671 etsi
2005 2618 2095 2673 ille
2161 2636 2267 2674 non
2327 2620 2612 2677 aﬂlixisset
2665 2634 2828 2693 eum,
2892 2637 3076 2685 tamen
3128 2634 3257 2704 quia
3310 2651 3428 2690 om-

187 2744 342 2797 χησεν
374 2726 558 2792 αὐτὸν,
592 2725 682 2779 διά
726 2725 788 2778 τὸ
835 2726 1053 2787 πάντως
1090 2725 1499 2797 κακουχηθῆναι
1535 2726 1749 2797 μέλλειν

1854 2710 1987 2764 nino
2021 2710 2182 2781 afﬂigi
2226 2712 2407 2780 debet,
2449 2730 2546 2784 per
2578 2715 2745 2771 alium
2790 2719 2902 2787 pati
2933 2721 3037 2775 sibi
3067 2725 3422 2795 contingeret.

188 2819 267 2872 διὰ
286 2820 329 2850 ⁸⁸
350 2820 540 2890 ἑτέρου
574 2818 636 2870 τὸ
668 2817 861 2871 παθεῖν
892 2811 978 2889 ἦν.
1013 2817 1078 2870 Τί
1107 2812 1201 2871 οὖν
1230 2817 1524 2887 ἀγανακτῶ
1544 2817 1623 2888 τῷ
1644 2818 1753 2872 δια-

1851 2800 1965 2857 Cur
1993 2818 2122 2873 ergo
2154 2803 2405 2875 indignor
2427 2809 2691 2864 adversus
2721 2820 3023 2879 auctorem,
3053 2816 3146 2884 qui
3177 2818 3334 2885 plane
3356 2820 3423 2875 ad

191 2912 402 2983 θεμένῳ,
444 2911 583 2984 ἐμοῦ
618 2909 835 2975 πάντως
868 2909 1061 2963 παθεῖν
1092 2910 1450 2983 κεκριμένου;
1499 2910 1637 2964 Ἀλλ’
1668 2911 1749 2965 ἔτι

1852 2898 2263 2966 perpessionem
2297 2914 2416 2953 sum
2447 2900 2785 2957 destinatus?
2816 2902 2919 2957 Sed
2952 2914 3006 2959 et
3037 2907 3236 2976 adhuc,
3265 2911 3311 2963 si
3334 2926 3426 2965 ea-

194 3007 305 3077 μὴν,
342 3008 389 3059 εί
418 3005 490 3058 τὰ
518 3003 660 3058 αὐτά
690 3006 802 3067 τοῖς
823 3006 1014 3066 κακοῖς
1038 3003 1310 3075 προφάσει
1336 3000 1547 3076 ἀμύνης
1583 3004 1750 3057 ποιῶ-

1852 2986 1977 3066 dem
2001 3004 2125 3044 eum
2152 2990 2414 3060 improbis
2433 3003 2693 3061 praetextu
2720 2995 2946 3051 ultionis
2971 2996 3262 3066 faciamus,
3287 3017 3426 3071 prai-

195 3115 297 3167 μεν,
329 3097 479 3169 παρά
498 3098 561 3151 τὸ
591 3096 819 3169 πρῶτοι,
839 3095 1082 3169 δεύτεροι
1112 3096 1174 3149 τὸ
1204 3095 1336 3149 αὐτὸ
1355 3099 1466 3160 τοῖς
1497 3101 1687 3162 κακοῖς
1703 3098 1747 3130 ⁸⁸

1854 3087 2103 3148 terquam
2136 3080 2281 3149 quod
2312 3080 2474 3150 primi
2514 3097 2621 3135 non
2653 3098 2866 3148 sumus,
2908 3085 3133 3139 secundi
3166 3086 3307 3141 idern
3350 3088 3426 3143 fa-

193 3144 443 3259 δέταὼῖ
488 3144 828 3263 πράσέτομενῖ.
878 3144 1113 3253 Καὶῗώς
1146 3188 1303 3260 ἔφην,
1336 3189 1398 3241 οὐ
1583 3144 1751 3260 ἀγάν-

1854 3144 2031 3224 cim'us
2061 3185 2126 3224 ac
2154 3144 2305 3234 mali,
2354 3186 2456 3225 nos
2486 3172 2580 3241 qui
2613 3174 2738 3226 boni
2770 3173 3025 3229 dicimur.
3064 3174 3130 3229 Et
3163 3180 3424 3247 quemad-

194 3287 375 3349 ακτεῖν,
407 3284 484 3348 ὠς
514 3262 692 3337 εἰδότα
708 3283 751 3313 ⁸⁸
783 3284 865 3336 ὅτι
897 3281 1033 3335 Θεοῦ
1080 3281 1309 3354 προνοίᾳ
1336 3282 1386 3335 oi
1422 3283 1584 3337 κακοὶ
1612 3285 1751 3349 ’τούς

1852 3262 2073 3316 modum
2123 3262 2359 3331 aiebam,
2393 3263 2664 3336 indignari
2712 3281 2820 3320 non
2851 3276 3087 3337 oportet,
3115 3284 3241 3326 cum
3279 3273 3423 3328 scias

195 3377 408 3445 ἀγαθοὺς
454 3375 810 3448 τιμωροῦσιν.
853 3377 916 3429 Oi
964 3367 1057 3428 οὖν
1086 3353 1199 3439 τοῖς
1214 3374 1257 3406 δ’
1284 3375 1616 3446 τιμωροῦσιν
1646 3394 1748 3447 χα-

1849 3367 1882 3407 a
1912 3353 2069 3408 malis
2093 3354 2268 3409 bonos
2302 3370 2398 3425 per
2429 3354 2521 3410 Dei
2560 3357 2955 3426 previdentiam
2987 3362 3267 3433 castigari.
3315 3364 3419 3433 Qui

197 3447 536 3533 λεπαίνοντες,
568 3468 646 3531 ὡς
664 3468 791 3531 τοὺς
844 3465 1177 3529 ἀποστόλους
1228 3465 1363 3520 Θεοῦ
1412 3466 1743 3540 ὑϐρίζοντες,

1848 3459 1978 3515 ergo
2010 3447 2214 3502 ultores
2239 3463 2381 3519 aegre
2411 3448 2615 3515 ferunt,
2651 3458 2910 3521 tanquam
2942 3454 3034 3523 qui
3072 3472 3102 3509 a
3131 3454 3242 3511 Deo
3281 3460 3419 3513 mis-

200 3561 591 3634 ἁμαρτάνουσινο
606 3559 874 3632 τιμῶντες
899 3558 956 3612 δὲ
972 3559 1065 3612 καὶ
1084 3557 1153 3611 τά
1173 3560 1387 3613 ἐναντία
1407 3539 1518 3624 τοῖς
1546 3561 1747 3615 ἀδικεῖν

1848 3554 1939 3594 sos
1971 3539 2304 3594 contumelia
2351 3540 2608 3606 alliciant,
2644 3542 3011 3613 delinquunt;
3063 3547 3157 3616 qui
3193 3564 3321 3603 vero
3364 3550 3416 3603 in

199 3630 539 3725 νομιζομένοις
566 3630 732 3723 27⁷8
761 3649 1120 3720 διατιθέμενοι
1146 3651 1361 3719 αὐτοὺς,
1390 3653 1469 3715 είς
1490 3651 1581 3707 τὸν
1613 3652 1747 3707 Θεὸν

1847 3630 2021 3700 pretio
2058 3630 2279 3697 habent,
2312 3640 2366 3685 et
2400 3633 2674 3688 contrarie
2718 3634 2963 3688 sentiunt
2992 3650 3120 3707 erga
3162 3652 3293 3705 eos,
3324 3634 3419 3709 qni

198 3745 276 3799 τὸν
302 3746 434 3800 οῦτω
463 3744 893 3817 βουλευσάμενον
926 3742 1263 3797 εὐσεϐοῦσιν.

1847 3721 1981 3791 ipsis
2012 3721 2270 3790 injuriam
2318 3720 2521 3777 inferre
2571 3729 2855 3793 putantur,
2897 3725 2951 3779 in
2999 3724 3170 3782 Deum
3216 3728 3310 3798 qui
3346 3731 3415 3784 ita

1846 3815 2037 3869 statuit
2064 3814 2137 3884 pii
2171 3824 2318 3870 sunt.

256 3924 430 3979 XXXI.
466 3914 638 3993 Κάγὼ
668 3922 804 3994 πρὸς
832 3921 1002 3976 ταῦτα
1025 3920 1426 3994 ἀπεκρινάμην·
1460 3920 1669 3975 Οὐκοῦν
1694 3922 1744 3975 οἱ

1915 3928 2108 3985 XXXI.
2140 3927 2206 3983 Et
2234 3946 2335 4000 ego
2358 3931 2425 3984 ad
2450 3930 2563 3985 haac
2589 3930 2700 3986 dixi
2730 3950 2743 3985 :
2770 3930 2957 4002 Itaque
2984 3933 3077 4004 qui
3106 3934 3312 3989 faciunt
3334 3936 3417 3990 in-

200 4018 477 4083 ἀδικοῦντες
503 4018 605 4071 οὐκ
637 4016 777 4069 εἰσὶν
808 4014 991 4077 αἴτιοι,
1026 4014 1107 4068 ὅτι
1129 4013 1305 4086 κρίσει
1334 4012 1469 4068 Θεοῦ
1498 4014 1744 4069 ἀδικοῦσι

1840 4016 2065 4088 juriam,
2100 4018 2179 4071 rei
2217 4032 2325 4072 non
2358 4028 2507 4085 sunt,
2541 4022 2801 4090 quoniam
2848 4022 2939 4078 Dei
2975 4024 3185 4092 judicio
3213 4026 3412 4095 injuria

201 4113 307 4176 τοὺς
340 4113 593 4176 δικαίους.
629 4109 739 4163 Καὶ
771 4109 799 4161 ό
842 4107 1051 4180 Πέτρος
1084 4107 1208 4180 εφη·
1240 4108 1350 4161 Καὶ
1383 4107 1525 4161 πάνυ
1564 4109 1745 4181 ἀμαρ⁴

1839 4111 2022 4181 justos
2054 4109 2318 4179 alliciunt.
2362 4109 2663 4181 Respondit
2689 4114 2882 4171 Petrus
2910 4134 2925 4172 :
2975 4116 3139 4172 Valde
3163 4129 3412 4187 peccant,

200 4206 438 4271 τάνουσιν,
467 4206 604 4278 πρὸς
630 4203 739 4276 γὰρ
767 4202 829 4255 τὸ
857 4200 1190 4272 ἁμαρτάνειν
1224 4202 1451 4266 ἑαυτοὺς
1479 4202 1744 4255 ἀποδεδω-

1843 4203 2042 4273 quippe
2078 4202 2173 4272 qui
2211 4218 2271 4258 se
2299 4202 2365 4257 ad
2399 4206 2733 4273 peccandum
2782 4208 3002 4264 dedant.
3047 4207 3200 4265 Unde
3236 4212 3415 4268 sciens

203 4300 355 4365 κότες;
385 4301 539 4355 Ὅθεν
570 4297 727 4360 εἰδὼς
756 4297 851 4349 ἀπ’
885 4292 1063 4348 αὐτῶν
1091 4294 1137 4326 ⁸⁸
1165 4294 1447 4363 ἐκλέγεται
1482 4299 1743 4368 τιμωρεῖν

1844 4289 1987 4347 Deus
2008 4308 2075 4347 ex
2103 4291 2170 4346 iis
2194 4291 2318 4346 illos
2335 4292 2527 4362 punire
2548 4294 2755 4366 deligit,
2777 4298 2871 4368 qui
2894 4299 2962 4354 de
2990 4300 3268 4372 prioribus
3287 4318 3417 4372 pec-

200 4394 309 4456 τοὺς
333 4395 413 4447 ἐπὶ
434 4396 544 4456 τοῖς
569 4389 857 4463 προτέροις
889 4387 1249 4459 ἁμαρτήμασι
1273 4388 1745 4460 μεταμεληθέντας

1844 4383 1981 4439 catis
2001 4383 2152 4454 juste
2175 4392 2345 4456 agunt
2373 4386 2770 4455 paenitentiam,
2803 4398 2862 4444 ut
2884 4390 3050 4461 justis
3074 4392 3291 4463 quidem
3318 4410 3416 4465 per

200 4481 412 4551 δικαίως,
449 4486 535 4539 ἵνα
577 4485 691 4546 τοῖς
726 4481 821 4552 μὲν
859 4478 1090 4542 δικαίοις
1123 4477 1210 4532 διά
1240 4478 1341 4550 τῆς
1370 4479 1625 4552 τοιαύτης
1654 4498 1740 4534 τι·-
1769 4483 1781 4543 Ι

1847 4475 1946 4531 has
1976 4489 2168 4545 pugnas
2209 4477 2559 4532 dimittantur
2589 4493 2712 4548 quae
2756 4489 2881 4535 ante
2917 4484 3299 4551 paenitentiam
3329 4484 3412 4540 fe-

206 4578 392 4646 μωρξας
431 4577 497 4631 τά
555 4580 663 4649 πρὸ
711 4573 811 4644 τῆς
862 4570 1149 4642 μετανοίας
1202 4570 1516 4643 πραχθέντα
1564 4572 1738 4646 ἀφεθῇ

1848 4579 2041 4625 cerunt
2090 4569 2253 4624 mala.
2300 4568 2487 4639 [inpiis
2530 4586 2660 4626 vero
2689 4573 2783 4641 qui
2815 4574 3085 4645 castigant
3123 4583 3179 4631 et
3217 4591 3414 4632 vexare

204 4670 352 4724 κακά.
379 4672 492 4735 Τοῖς
527 4671 584 4725 δὲ
617 4666 950 4739 τιμωροῦσιν
981 4664 1202 4719 ἀσεϐέσι
1232 4667 1520 4736 κακουχεῖν
1552 4665 1742 4719 ἐπιθυ-

1840 4658 2089 4730 cupiunt,
2142 4675 2242 4715 nec
2290 4660 2669 4730 pmnitentiam
2717 4663 2911 4719 volunt
2953 4680 3137 4737 agere,
3190 4666 3259 4721 ad
3306 4668 3411 4721 im—

204 4761 347 4827 μοῦσι
383 4764 468 4817 καὶ
508 4762 788 4835 μετανοεῖν
832 4759 907 4831 μὴ
952 4756 1197 4810 θέλουσιν
1238 4757 1318 4820 είς
1355 4756 1743 4828 ἀναπλήρωσιν

1839 4753 2033 4823 plenda
2065 4753 2262 4809 delicta
2303 4754 2637 4823 permittitur
2672 4756 2853 4826 justos
2882 4759 3151 4830 castigare
3178 4770 3232 4816 et
3271 4760 3410 4815 allii-

200 4852 376 4919 ίὸἱας⁶⁹
410 4856 679 4918 κολάσεως
730 4851 969 4914 δικαίους
1020 4852 1308 4920 κακουχεῖν
1357 4849 1705 4922 συνεχωρήθη
1725 4867 1739 4880 ·

1840 4862 1984 4917 gere.
2012 4844 2146 4901 Nam
2178 4846 2386 4918 absque
2416 4846 2508 4903 Dei
2533 4849 2810 4906 voluntate
2832 4866 3009 4922 neque
3036 4867 3228 4922 passer
3254 4855 3308 4908 in
3332 4855 3405 4909 la-

1435 5071 1667 5127 VARUE
1705 5071 2103 5131 LECTIONES.

276 5245 648 5313 ⁸⁸προελθεῖν,
698 5242 839 5313 quod
893 5239 1287 5313 prreferendum
1318 5280 1354 5313 ,_
1383 5237 1546 5313 ch._
1566 5234 1723 5313 Joan_.
1782 5233 2146 5313 Damasceni,
2199 5235 2266 5313 6i_’
2307 5235 2479 5313 ἀὐτοῦ
2523 5237 2706 5313 ἐλθεῖν
2768 5236 2911 5313 conj:
2944 5236 3205 5313 _Neander
3242 5236 3292 5313 _l.
3352 5253 3401 5291 ε.

193 5312 235 5345 ³·
263 5313 331 5369 Ita
379 5301 730 5371 Ottoboniani'
764 5312 854 5366 ἐπί
886 5301 1245 5383 interpretor,
1274 5301 1365 5383 ἐπὶ
1392 5302 1484 5360 οῦν
1508 5307 1567 5383 ῼ,
1593 5307 1723 5383 ἐπεὶ
1753 5301 1847 5383 οὐν
1865 5304 1925 5358 D.
1958 5304 2160 5383 Deinde
2197 5305 2573 5383 gﬁth_9§ifihC,
2591 5308 2746 5383 αὐτη
2770 5301 2903 5363 Θεοῦ
2935 5308 3078 5383 (cum
3106 5310 3218 5362 haec
3236 5309 3404 5383 _ita‘se

196 5383 393 5445 habent,
422 5387 509 5441 Dei
535 5388 637 5440 hoc
653 5384 945 5451 judicium)
980 5375 1045 5439 υς
1118 5383 1161 5413 ⁸⁷
1188 5380 1263 5434 Ita
1291 5378 1336 5433 Ο
1359 5394 1407 5432 c.
1434 5378 1557 5451 eod.
1593 5376 1721 5451 Begq.
1907 5376 2171 5451 κακουχίᾳ
2324 5375 2826 5451 “meaemeae,
2866 5375 3208 5451 μισούμενοι·⁸
3236 5377 3404 5451 λοιδο-

252 5444 422 5525 ύμενοι
442 5476 455 5487 ο
485 5444 687 5510 ultimis
712 5444 1177 5510 duabus'vocibns
1198 5449 1481 5517 cxpunctis
1510 5464 1560 5532 ι).
1589 5446 1996 5534 διαϐαλλόμενοι
2030 5444 2096 5501 0.
2148 5444 2216 5483 ’δ’
2233 5446 2409 5531 δοκεῖν
2446 5447 2506 5500 τὸ
2533 5444 2847 5532 όργίζεσθαι
2867 5444 3082 5519 ’γίνεται
3111 5448 3234 5504 cod.
3270 5447 3400 5516 Reg.

252 5526 306 5578 ιιι,
329 5525 454 5581 Tum
479 5527 679 5583 ἄμυνον
712 5525 774 5580 Ο,
855 5524 901 5559 ⁸ο
940 5524 1074 5577 καθὸ
1095 5523 1158 5577 Ο.
1237 5522 1278 5551 ⁶¹
1316 5518 1729 5572 συνεϐουλευσεν
1763 5517 1822 5571 (ι.
1902 5518 1945 5547 ⁶²
1974 5517 2346 5583 ἀδικουμένοις
2378 5517 2632 5572 απολυειν
2650 5520 2768 5573 cod.
2806 5520 2937 5583 Reg.
2978 5520 3099 5572 804.
3180 5518 3227 5550 ⁸³
3256 5519 3403 5583 τινός

196 5523 306 5578 κοιλ
329 5525 454 5581 Tum
479 5527 679 5595 ἄμυνον
712 5525 774 5580 ο,
855 5524 901 5559 σο
940 5524 1074 5577 καθὸ
1095 5523 1158 5577 Ο.
1237 5523 1278 5551 ⁶¹
1316 5523 1729 5572 συνεϐούλευσεν
1763 5523 1822 5571 (ὲ.
1902 5523 1945 5547 δ’
1974 5523 2346 5601 ἀδικουμένοις
2378 5523 2632 5572 ἀπολύειν
2650 5523 2768 5573 cod.
2806 5523 2937 5601 Reg.
2978 5523 3099 5597 80ft.
3180 5523 3227 5550 "
3256 5523 3403 5598 τινός

187 5596 293 5652 (οά,
328 5599 445 5672 Reg.
476 5603 597 5658 θοι,
674 5602 720 5633 ει
745 5602 814 5655 δι’
840 5600 900 5655 ο,
978 5599 1023 5672 ιιι
1052 5595 1486 5672 νᾲιώκπροφάσει
1517 5590 1726 5672 τ’τοῖς
1760 5589 1951 5672 κακοῖς
1978 5601 2085 5672 non
2118 5598 2259 5672 sunt
2289 5605 2343 5642 in
2487 5588 2560 5672 lix
2589 5589 2711 5644 (Σοί.
2742 5589 3221 5672 versionediquet,
3256 5591 3409 5672 illuni

189 5656 560 5752 ιθεοτίυεῖιςιυίη
587 5673 843 5752 statvisse
873 5669 1024 5752 παρὲι
1056 5667 1117 5719 τὸ
1151 5665 1224 5738 μὴ
1257 5656 1498 5752 rem.
1521 5656 2261 5752 βξὲτξρξι;,,ἓοι¹ηεξί1³οξεῐειηε
2285 5659 2568 5752 rasisse
2588 5658 3010 5752 asentiabare
3040 5668 3309 5752 092.555.:-
3350 5656 3415 5752 1?.-

187 5733 304 5814 ’[ιιη,
346 5726 652 5814 πράσσομξςλ
687 5745 723 5797 δ
743 5783 757 5805 ,
786 5740 831 5796 ο
850 5726 1244 5814 {ﬁgas-5045,36.
1273 5726 1347 5814 C_,
1383 5726 1877 5814 Irpdiesovféieod.
1923 5726 2052 5814 licet:
2084 5726 2331 5814 80am“
2360 5729 2568 5814 εἰδότας
2596 5726 2717 5814 eieil.
2751 5729 2881 5802 Reg.
2914 5728 3037 5784 804.
3079 5726 3089 5728 ἡ
3115 5728 3158 5760 ⁸⁷
3189 5726 3330 5785 Vbb.
3361 5730 3410 5783 οἱ

182 5804 261 5863 οὖν
288 5798 403 5878 τοῖς·
426 5830 535 5871 om.
556 5798 624 5870 ‘0.
702 5798 1030 5867 ιδ’ἀπάνέων
1058 5826 1110 5881 ρ.
1133 5798 1244 5863 ’ἀπ’
1272 5798 1450 5861 αὐτῶν
1482 5805 1543 5861 c.
1622 5804 1666 5834 ευ
1697 5798 1831 5863 ιδίας
1857 5799 1979 5857 eod.
2012 5799 2145 5871 Reg.
2173 5799 2298 5868 804,
2325 5816 2384 5853 τε
2413 5799 2500 5856 διά
2530 5801 2589 5868 e,
2614 5798 2677 5855 0.
