4004 6332
607 301 714 360 397

1467 301 1525 356 s.
1560 298 1949 355 CLEMENTIS
1985 300 2005 354 I
2044 298 2211 356 nou.
2255 287 2721 356 PONTSOPERA
2753 290 2984 356 DUBIA.
3714 313 3800 370 :23

608 430 810 486 qucum
842 412 1095 485 incidere
1122 419 1323 483 potest.
1363 406 1457 465 Sic
1488 410 1764 482 justorum
1793 410 1958 465 etiam
1996 409 2181 480 capilli

2286 408 2412 465 ἄνευ
2445 408 2553 481 γὰρ
2573 410 2672 480 τῆς
2698 408 2793 461 τοῦ
2835 408 2971 462 Θεοῦ
3002 396 3346 480 βοῖλῆξοὺδὲ
3377 401 3613 482 στροῦθος
3632 415 3683 469 ὲν
3717 437 3806 474 πα.

610 508 721 563 Deo
748 505 1016 561 numerati
1046 512 1197 560 sunt.

678 690 893 746 XXXII.
931 689 1026 744 Ille
1055 697 1234 743 autem
1263 686 1448 756 justus
1477 692 1580 747 est,
1605 683 1697 753 qui
1726 689 1950 752 propter
1978 690 2183 736 rectam

606 786 877 839 rationem
903 788 1110 852 pugnat
1134 795 1259 835 cum
1295 786 1511 831 natura.
1547 774 1710 829 Verbi
1737 773 1932 844 gratia,
1968 772 2182 828 cunctis

2287 501 2394 569 γίδι
2410 501 2456 532 ⁷ο
2485 502 2742 570 ἐμπεσεῖν
2766 498 2899 569 ἔχει.
2923 499 3110 563 υῦτως
3135 500 3352 554 δικαίων
3374 504 3461 555 καὶ
3480 506 3532 555 αἱ
3560 510 3723 578 τρίχες
3738 512 3806 581 τῷ

2286 592 2404 663 Θεῷ
2435 591 2743 664 ἐναρίθμιοί
2775 593 2934 644 εἰσιν.

2354 683 2569 738 XXXII.
2615 685 2829 748 Δίκαιος
2872 684 2930 737 δέ
2974 685 3122 737 ἐστιν
3162 684 3383 749 ἐκεῖνος,
3430 685 3456 737 ὁ
3492 688 3576 740 τοῦ
3619 691 3806 761 εὐλόγου

2285 777 2446 830 ἕνεκα
2476 780 2541 848 τῇ
2590 776 2749 847 φύσει
2785 776 3111 848 μαχόμενος.
3162 771 3369 842 Οἷον⁷¹,
3399 780 3528 831 πᾶσι
3557 782 3810 851 πρόσεστιν

2289 870 2354 922 ὲκ
2410 868 2624 937 φύσεως
2670 856 2958 939 φιλοῦντας
2991 869 3183 938 φιλεῖψ
3218 869 3420 934 δίκαιος
3460 877 3695 945 πειρᾶται
3731 879 3811 931 καὶ

2285 960 2513 1033 ἐχθροὺς
2548 961 2769 1032 ἀγαπᾷν
2815 961 2910 1015 καὶ
2940 960 3311 1033 λοιδοροῦντας
3344 962 3589 1032 εὐλογεῖν,
3630 967 3699 1019 έτι
3724 970 3812 1039 μὴν

2285 1053 2379 1105 καὶ
2410 1053 2548 1124 ὑπὲρ
2581 1052 2789 1124 ὲχθρῶν
2814 1052 3090 1123 εῠχεσθαι,
3127 1053 3441 1118 ἀδικοῦντας
3471 1056 3701 1110 ὲλεεῖν⁷².
3738 1060 3814 1114 Διὸ

2284 1146 2378 1199 καὶ
2433 1146 2843 1217 προαδικεῖσθαι
2878 1147 2925 1179 ⁷⁸
2997 1146 3262 1217 ἀπέχεται
3288 1186 3303 1212 ,
3365 1149 3456 1201 καὶ
3516 1149 3656 1219 ὁμῶς
3702 1168 3814 1204 κατ-

2284 1238 2601 1310 αρωμένους
2635 1238 2846 1307 εὐλογεῑ
2868 1276 2883 1303 ,
2911 1238 3175 1293 τύπτουσι
3218 1244 3523 1313 συγχωρεῖ,
3565 1243 3817 1297 διώκουσιν

2284 1332 2590 1403 ὑποχωρεῖ,
2640 1333 2714 1404 μὴ
2769 1330 3181 1403 ἀσπαζομένους
3210 1332 3553 1403 ζάσπάξεται,
3585 1339 3688 1403 τοῖς
3731 1339 3816 1391 οὐκ

2284 1423 2497 1503 ἔχουσιν
2532 1418 2607 1477 ὧν
2636 1424 2748 1494 ἔχει
2781 1426 3048 1488 κοινωνεῖ,
3088 1422 3440 1497 ὀργιζόμενον
3482 1426 3817 1495 πείθειτδ,τὸν

2282 1515 2474 1588 ἐχθρὸν
2517 1516 2845 1579 διαλλάσσει,
2885 1516 2977 1570 τὸν
3008 1516 3206 1590 ἀπειθῆ
3243 1519 3561 1591 παρακαλεῖ,
3591 1520 3675 1573 τὸν
3709 1521 3819 1574 ἀπι-

606 895 635 932 a
668 887 862 932 natura
895 875 1121 929 insitum
1154 880 1256 936 est,
1286 872 1573 941 diligentes
1599 867 1823 937 diligere
1848 884 1861 921 :
1882 866 2069 936 justus
2092 881 2184 921 co-

564 982 769 1053 .natur
794 970 960 1025 etiam
986 967 1212 1037 diligere
1243 964 1496 1019 inimicos
1525 971 1580 1018 et
1615 959 2053 1017 conviciantibus
2084 959 2184 1014 be—

607 1063 882 1125 nedicere,
914 1075 978 1114 ac
1004 1066 1267 1130 praeterea
1297 1069 1457 1110 orare
1488 1069 1589 1124 pro
1620 1053 1889 1116 hostibus,
1924 1050 2181 1120 iniuriam

607 1156 901 1211 inferentes
929 1149 1200 1207 miserari.
1235 1147 1507 1215 Quocirca
1532 1162 1591 1201 se
1615 1147 1852 1217 priorem
1877 1145 2077 1216 injuria
2102 1144 2185 1200 af-

608 1249 695 1303 Iici
732 1246 959 1317 patitur,
1005 1244 1134 1299 item
1165 1239 1621 1297 maledicentibus
1658 1237 1949 1304 benedicit,
1988 1239 2183 1293 vorbe~

604 1340 855 1394 rantibus
900 1335 1195 1401 condonat,
1251 1333 1397 1389 cedit
1441 1331 1926 1403 persequentibus,
1980 1331 2184 1386 salutat

604 1444 701 1483 eos
728 1427 822 1498 qui
867 1442 977 1481 non
1024 1426 1287 1489 salutant,
1326 1439 1451 1478 cum
1500 1438 1610 1476 non
1656 1421 1984 1477 habentibus
2031 1432 2183 1477 com-‘

605 1509 849 1571 municat
892 1530 1014 1585 qua:
1062 1513 1247 1577 habet,
1298 1511 1625 1566 irascentem
1667 1509 1856 1575 ﬂectit,
1896 1510 2180 1564 inimicum

602 1609 880 1673 conciliat,
922 1614 1303 1661 contumacem
1349 1604 1626 1667 hortatur,
1655 1602 1998 1657 incredulum
2025 1602 2181 1657 insti-

2285 1625 2406 1662 στον
2434 1608 2600 1679 279
2645 1611 2890 1681 κατηχεῖ,
2934 1609 3028 1663 τὸν
3073 1610 3374 1666 πενθοῦντα
3413 1614 3817 1684 παραμυθεῖται,

604 1705 728 1768 tuit,
756 1704 1033 1775 lugentem
1071 1699 1409 1765 consolatur,
1451 1698 1760 1769 exagitatus
1786 1698 2039 1762 sustinet,
2087 1697 2175 1751 in-

2284 1701 2723 1772 ὲπηρεαζόμενος
2765 1702 2965 1771 στέγει,
2993 1703 3514 1776 ἀχαριστοῦμενοςτο
3552 1706 3646 1759 οὐκ
3688 1706 3821 1774 ἄγαν.

604 1805 755 1868 grate
784 1761 1036 1863 acceptus
1068 1807 1178 1847 non
1224 1790 1443 1862 indigne
1469 1761 1597 1856 fert,
1643 1804 1950 1859 propensus
1980 1761 2065 1844 est
2106 1788 2173 1842 ad

2283 1761 2450 1847 ακτεῖ.
2597 1793 2655 1847 δὲ
2678 1794 2741 1848 τὸ
2762 1761 2982 1866 ἀγαπᾷν
3012 1761 3358 1869 πλησίον
3404 1761 3479 1861 ῶς
3503 1798 3681 1852 ἑαυτὸν

603 1888 939 1957 diligendum
990 1883 1300 1955 proximum
1354 1892 1619 1950 tanquam
1654 1890 1750 1946 se,
1804 1889 2177 1952 paupertatem

2283 1887 2543 1953 δεδωκὼς,
2572 1888 2761 1942 πενίαν
2803 1889 2865 1942 οὐ
2910 1888 3231 1961 πεφόϐηται,
3266 1889 3401 1943 ἀλλά
3434 1889 3501 1943 τά
3530 1890 3709 1943 ἑαυτοῦ
3742 1909 3821 1961 με-

605 1996 715 2033 ιιυη
753 1979 926 2043 timet,
956 1992 1143 2031 verum
1185 1970 1284 2030 s'ua
1315 1989 1425 2027 non
1465 1972 1796 2028 habentibus
1825 1972 2075 2028 dividens
2118 1972 2180 2027 lit

2283 1980 2446 2052 ρίξων
2465 1984 2579 2046 τοῖς
2602 1983 2703 2036 οὐκ
2731 1982 2917 2054 έχουσι
2956 1983 3126 2055 πένης
3149 1983 3381 2051 γίνεται.
3424 1983 3557 2037 Ἀλλ’
3596 1984 3703 2037 οὐδὲ
3734 1986 3822 2056 μὴν

605 2085 830 2140 pauper.
867 2069 972 2124 Sed
1024 2083 1125 2123 nec
1170 2076 1484 2137 peccantem
1528 2065 1833 2121 ulciscitur.
1879 2065 1982 2132 Qui
2031 2066 2178 2121 enim

2283 2073 2656 2145 ἁμαρτάνοντα
2675 2074 2721 2106 ⁷⁸
2734 2077 2986 2146 τιμωρεῖ.
3033 2075 3091 2128 'O
3130 2075 3240 2147 γὰρ
3269 2075 3363 2129 τὸν
3394 2075 3612 2147 πλησίον
3627 2077 3820 2143 ἀγαπῶν

607 2164 918 2233 proximum
963 2160 1113 2215 velut
1171 2174 1231 2213 se
1277 2158 1475 2228 diligit,
1522 2156 1985 2227 quemadmodum
2030 2157 2177 2227 ipse,

2283 2166 2355 2230 ὡς
2381 2167 2591 2231 ἑαυτὸν,
2636 2167 2713 2230 ὡς
2759 2166 2922 2230 αὐτὸς
2967 2167 3300 2239 ἁμαρτήσας
3333 2164 3438 2221 οἶδε
3485 2167 3821 2239 τιμωρηθῆναι

605 2270 728 2310 cum
761 2252 1026 2324 peccavit,
1053 2250 1155 2305 scit
1197 2249 1342 2304 nolle
1386 2247 1441 2303 in
1478 2264 1536 2305 se
1565 2250 1945 2313 animadverti.
1977 2250 2050 2304 ita
2080 2264 2181 2305 nec

2283 2260 2357 2331 μὴ
2393 2259 2587 2325 θέλειν,
2635 2258 2809 2323 οὕτως
2843 2259 2964 2313 οὐδὲ
2997 2260 3125 2323 τοὺς
3160 2260 3571 2333 ἁμαρτάνοντας
3605 2262 3821 2331 τιμωρεῖ.

605 2355 921 2416 peccatores
964 2343 1217 2413 castigat,
1255 2352 1310 2396 et
1339 2341 1485 2397 sicut
1513 2342 1629 2397 vult
1665 2342 1984 2409 demulccri,
2017 2342 2181 2398 bene-
2278 2354 2389 2406 Καὶ
2419 2352 2497 2417 ὡς
2526 2353 2671 2407 θέλει
2698 2352 3089 2407 κολακεύεσθαι
3142 2355 3235 2407 καὶ
3269 2354 3602 2424 εὐλογεῖσθαι
3642 2353 3728 2406 καὶ
3756 2369 3821 2405 τι.

602 2437 733 2501 dici,
768 2434 1048 2501 honorari,
1084 2432 1441 2503 omniumque
1468 2434 1791 2489 delictorum
1820 2436 2036 2489 veniam
2081 2449 2177 2489 ac-

2283 2442 2487 2516 μᾶσθαι
2529 2445 2621 2498 καὶ
2669 2444 2847 2499 πάντα
2884 2445 2955 2499 τά
2970 2447 3016 2479 ’⁷
3048 2447 3423 2519 ἁμαρτήματα
3464 2446 3607 2517 αὑτῷ
3646 2462 3817 2515 συγχω-

603 2532 825 2600 eipere,
867 2529 971 2583 hoc
1024 2526 1139 2598 ipse
1171 2527 1419 2598 proximo
1462 2525 1598 2582 facit
1628 2538 1677 2593 α,
1726 2542 1888 2597 quem
1934 2527 2083 2581 velut
2122 2541 2181 2581 se

2283 2537 2492 2608 ρεῖσθαι
2520 2577 2535 2602 ,
2567 2536 2724 2591 τοῦτο
2767 2537 2932 2601 αὐτὸς
2976 2538 3056 2608 τῷ
3088 2538 3320 2609 πλησίον
3363 2542 3523 2602 ποιεῖ,
3554 2539 3625 2601 ὡς
3663 2535 3821 2590 ἑαυτὸν

604 2630 775 2678 amat.
804 2618 928 2677 Uno
959 2620 1149 2687 verbo,
1192 2617 1339 2691 quod
1376 2619 1481 2675 sibi
1519 2619 1688 2689 cupit,
1721 2619 1869 2689 cupit
1896 2626 1953 2673 et
1996 2618 2181 2688 proxi~

2283 2630 2484 2683 ἐκεῖνον
2521 2630 2769 2699 ἀγαπῶν.
2814 2631 2925 2684 Ἑνὶ
2961 2631 3123 2703 λόγῳ,
3144 2632 3172 2684 ὃ
3202 2632 3353 2685 θέλει
3384 2632 3577 2702 ἑαυτῷ,
3601 2630 3730 2682 θέλει
3749 2628 3824 2681 καὶ

604 2728 714 2767 mo.
751 2710 878 2768 Παῖς
922 2711 1068 2766 enim
1115 2720 1200 2767 est
1248 2710 1340 2767 Dei
1385 2726 1451 2766 ac
1494 2710 1886 2781 prophetarum
1926 2712 2033 2778 lex,
2067 2710 2181 2766 haec

2283 2723 2357 2795 τῷ
2386 2723 2630 2795 πλησίον.
2662 2716 2833 2786 Οὗτος
2874 2724 2984 2795 γάρ
3012 2724 3127 2776 ἐστι
3161 2722 3296 2776 Θεοῦ
3334 2724 3494 2795 νόμος
3530 2724 3620 2777 καὶ
3650 2737 3824 2790 προφηο

606 2805 852 2861 veritatis
882 2805 1152 2860 doctrina.
1185 2803 1374 2875 Itaque
1410 2801 1653 2857 charitas
1685 2817 1813 2871 erga
1847 2818 2064 2857 omnem
2088 2802 2181 2856 ho-

2283 2814 2416 2880 τῶν,
2452 2815 2589 2887 αῦτη
2604 2816 2650 2848 ⁷⁸
2676 2815 2779 2886 τῆς
2802 2814 3061 2887 ἀληθείας
3087 2817 3121 2887 ἡ
3161 2817 3504 2871 διδασκαλία.
3544 2816 3648 2869 Καὶ
3682 2813 3823 2868 ταῦτα

604 2898 809 2951 minem
838 2896 1076 2966 perfecta
1126 2911 1252 2964 pars
1292 2903 1375 2949 est
1402 2894 1648 2947 mascula
1680 2893 2063 2949 humanitatis.
2111 2894 2181 2950 At

2284 2908 2383 2979 μὲν
2417 2908 2605 2980 ἀγάπη
2634 2909 2668 2979 ή
2702 2908 2842 2980 πρὸς
2868 2908 3047 2962 πάντα
3080 2908 3373 2980 ἄνθρωπον
3400 2909 3578 2963 τελεία
3603 2908 3660 2960 τὸ
3684 2907 3824 2977 ᾶρῤεν

604 2989 978 3045 misericordia
1022 3003 1151 3057 pars
1179 2996 1261 3040 est
1307 2985 1453 3041 illius
1485 2985 1743 3041 feminea.
1774 2984 1906 3052 Quae
1943 2979 2028 3042 est
2053 3002 2181 3043 esu-

2286 3002 2450 3075 μέρος
2506 2979 2653 3056 ἐστὶν
2709 2979 2809 3073 τῆς
2855 2979 3292 3073 φιλανθρωπίας,
3365 3002 3427 3056 τὸ
3480 3001 3535 3055 δὲ
3574 3001 3726 3053 ἐλεεῖν
3777 2996 3824 3048 τὸ

605 3081 831 3137 rientem
863 3080 1030 3143 alere,
1073 3088 1257 3148 potum
1296 3079 1499 3135 sitienti
1528 3080 1680 3145 dare,
1712 3079 1921 3134 nudum
1956 3080 2179 3144 vestire,

2285 3095 2418 3166 θῆλυ
2451 3095 2614 3167 μέρος
2635 3097 2783 3149 ἐστὶν
2816 3096 3003 3167 αὐτῆς.
3029 3096 3206 3167 Ὅπερ
3224 3096 3349 3149 ἐστὶ
3373 3095 3634 3149 πεινῶντα
3660 3090 3825 3163 θρέψαι

605 3174 827 3228 visitare
874 3174 1265 3242 languentem,
1318 3172 1588 3241 hospitem
1643 3171 1909 3241 recipere,
1963 3187 2181 3228 carcere

2287 3188 2383 3241 καὶ
2415 3188 2580 3241 ποτὸν
2607 3186 2828 3257 διψῶντι
2855 3190 3158 3258 παρασχεῖν
3184 3187 3278 3240 καὶ
3297 3188 3506 3259 γυμνὸν
3536 3186 3732 3240 ἐνδῦσαι
3749 3183 3824 3236 καὶ

604 3266 926 3320 conclusum
972 3276 1072 3332 pro
1118 3260 1325 3316 viribus
1357 3260 1595 3319 invisere
1619 3270 1674 3319 et
1697 3262 1915 3334 juvare,
1957 3263 2181 3319 omnino

2284 3280 2545 3333 νοσοῦντα
2588 3279 2987 3348 ἐπισκέψασθαι
3026 3280 3119 3332 καὶ
3153 3278 3302 3343 ξένον
3329 3278 3610 3351 Ιδέξασθαι,
3640 3276 3825 3348 τῷ²⁹έν

604 3356 839 3426 denique
863 3355 1167 3413 calamimSi
1193 3354 1461 3412 ωίεθτθτίο
2284 3372 2473 3444 εἱρκτῇ
2498 3370 2639 3425 κατὰ
2658 3371 2721 3423 τὸ
2747 3369 2968 3425 δυνατὸν
2984 3372 3409 3443 ἐπιφαινόμενον
3434 3372 3654 3444 βοηθεῖν,
3686 3366 3824 3434 ἀπαξ-

2283 3463 2471 3527 απλῶς
2497 3463 2587 3517 τὸν
2616 3464 2674 3516 ὲν
2696 3466 3004 3536 συμφοραῖς
3024 3463 3265 3533 ἐλεῆσαι.

2352 3555 2591 3610 XXXIII.
2644 3554 2785 3625 Ἐγὼ
2808 3556 2864 3609 δὲ
2892 3555 3131 3619 ἀκούσας
3160 3556 3324 3627 ἔφην’
3359 3556 3541 3611 Ταῦτα
3582 3556 3671 3627 μὲν
3690 3554 3823 3607 δυνα-

2282 3650 2374 3704 τδν
2418 3650 2697 3723 πράττειν·
2731 3648 2959 3720 ἐχθροὺς
2994 3649 3052 3702 δὲ
3094 3650 3427 3723 εὐεργετεῖν,
3462 3652 3635 3704 πᾶσαν
3677 3645 3825 3701 αὐτῶν

2284 3744 2621 3815 ὑποφέροντα
2666 3740 2949 3814 ἐπήρειαν,
2980 3741 3081 3794 οὐκ
3108 3741 3290 3813 οἴομαι
3313 3744 3362 3777 ⁸ο
3388 3742 3607 3796 δυνατὸν
3642 3738 3824 3809 ἀνθρω-

2284 3834 2413 3906 πεία
2440 3836 2718 3905 προσεῖναι
2740 3833 2921 3903 φύσει.
2944 3834 3054 3886 Καὶ
3073 3836 3101 3886 ὁ
3127 3835 3336 3906 Πέτρος
3357 3835 3697 3907 ἀπεκρίνατο⁸
3734 3832 3825 3901 Ὀρ-

630 3552 633 3555 ’
679 3555 913 3611 XXXIII.
940 3555 1053 3627 Ego
1080 3570 1208 3612 vero
1237 3557 1424 3613 audito
1454 3556 1560 3611 hoc
1580 3554 1698 3617 dixi
1742 3573 1755 3611 :
1792 3552 1919 3610 Ilaec
1957 3555 2179 3627 quidem

604 3648 785 3705 facere
818 3666 1134 3721 possumus,
1167 3659 1221 3705 at
1247 3650 1486 3706 inimicis
1524 3647 1846 3705 benefacere
1882 3664 2184 3718 omnesque

603 3759 791 3799 eorum
823 3743 1052 3813 injurias
1082 3745 1336 3808 tolerare,
1364 3752 1423 3797 ut
1446 3741 1579 3797 insit
1602 3742 1656 3796 in
1691 3742 1933 3796 humana
1958 3750 2179 3809 natura,

604 3836 942 3906 impossibile
963 3844 1114 3905 puto.
1152 3834 1292 3889 Tum
1320 3832 1513 3889 Petrus
1554 3834 1875 3903 respondit:
1910 3832 2076 3889 Recte
2100 3833 2185 3887 lo-

602 3939 763 3982 cutus
793 3943 871 3982 cs.
905 3927 1045 3981 Cum
1077 3927 1223 3981 enim
1249 3924 1562 3980 humanitas
1597 3940 1764 3979 causa
1790 3924 1863 3979 sit
1894 3924 2182 3979 immorta-

606 4022 797 4087 litatis,
844 4021 1019 4074 multo
1067 4026 1303 4073 constat.
1333 4015 1454 4070 Dixi
1493 4030 1632 4087 ego:
1673 4013 1794 4082 Quo
1823 4016 1986 4069 modo
2018 4014 2183 4085 igitur

605 4122 786 4166 mente
810 4119 991 4182 potest
1037 4110 1290 4179 concipi?
1317 4106 1617 4178 Respondit
1640 4105 1875 4163 Petrus:
1916 4106 2182 4162 Humani-

605 4212 707 4270 tas,
760 4204 957 4259 dilecte
1003 4202 1279 4268 Clemens,
1311 4200 1523 4271 acquiri
1554 4208 1753 4270 potest,
1791 4200 1836 4254 si
1864 4200 1989 4271 quis
2024 4201 2183 4271 plene

604 4295 708 4349 sibi
735 4294 1086 4365 persuadeat,
1116 4293 1392 4354 inimicos,
1414 4294 1542 4347 dum
1569 4307 1707 4363 quos
1730 4292 1964 4347 oderunt
1985 4300 2183 4348 vexant

603 4389 670 4441 ad
691 4397 927 4457 tempus,
948 4388 1134 4443 αξιοι-ιιὶ
1162 4386 1412 4456 supplicii
1440 4385 1818 4441 liberationem
1852 4386 1957 4441 illis
1980 4386 2180 4456 produ-

2283 4391 2371 4456 οὓς
2397 4392 2663 4463 μισοῦσιν,
2694 4392 2913 4446 αἰωνίου
2948 4393 3219 4456 κολάσεως
3242 4394 3565 4465 ἀπαλλαγῆς
3584 4392 3751 4452 αὐτοῖς
3765 4386 3827 4441 αἷ-

604 4496 765 4535 cere:
800 4481 989 4550 sicque
1033 4478 1069 4534 ii
1107 4480 1273 4533 etiam
1314 4487 1375 4532 ut
1422 4477 1654 4533 beneﬁci
1722 4478 2016 4533 admodum
2053 4478 2178 4532 dili-

2283 4502 2382 4538 τιοι
2408 4485 2665 4555 γίνονται’
2697 4486 2918 4559 προσέτι
2936 4488 2991 4541 δὲ
3018 4489 3213 4551 αὐτοὺς
3236 4488 3314 4551 ὡς
3339 4489 3626 4560 εὐεργέτας
3653 4483 3827 4552 σφόδρα

2285 3926 2395 3991 θῶς
2417 3927 2571 4000 ἔφης
2608 3926 2905 3990 ἀθανασίας
2934 3925 3043 3999 γὰρ
3069 3927 3219 3980 αίτία
3246 3924 3384 3982 οὖσα
3423 3931 3455 4000 ή
3488 3922 3826 3998 φιλανθρωπία

2281 4020 2475 4074 πολλοῦ
2509 4020 2726 4073 δίδοται.
2765 4017 2934 4089 Κάγὼ
2976 4018 3131 4090 ἔφην’
3181 4019 3306 4083 Πῶς
3345 4022 3510 4092 280
3537 4016 3625 4074 οὖν
3648 4018 3689 4050 ⁸¹
3725 4014 3826 4068 σύν-

2281 4129 2427 4166 εστιν
2455 4114 2512 4165 ὲν
2554 4112 2629 4183 νῷ
2667 4112 2882 4177 λαϐεῖν;
2917 4112 3027 4165 Καὶ
3048 4114 3076 4166 ὁ
3098 4112 3303 4183 Πέτρος
3326 4114 3673 4186 ἀπεκρίνατοο
3702 4108 3824 4161 Ταϋ-

2279 4223 2398 4277 την,
2434 4200 2477 4259 ὦ
2502 4206 2621 4276 φίλε
2658 4206 2891 4276 Κλήμης
2918 4206 2984 4270 ⁸⁸,
3015 4205 3202 4258 λαϐεῖν
3242 4205 3412 4270 ἔστιν,
3446 4207 3539 4261 ὲάν
3583 4204 3826 4276 πληροφο-

2281 4298 2421 4371 ρηθῇ
2443 4316 2546 4363 τις,
2570 4300 2651 4353 ὅτι
2685 4300 2735 4352 οἱ
2758 4299 2946 4371 ἐχθροὶ
2983 4300 3121 4371 πρὸς
3168 4301 3361 4373 καιρὸν
3401 4303 3447 4334 ⁸³
3468 4298 3829 4369 κακουχοῦντες

605 4581 820 4641 gentur.
869 4570 1040 4625 Porro
1082 4572 1168 4625 via
1209 4570 1601 4624 humanitatem
1646 4570 1969 4639 accipiendi,
2002 4569 2177 4624 amice

604 4662 878 4727 Clemens,
914 4662 1075 4716 unica
1105 4670 1211 4723 est.
1254 4660 1511 4714 nimirum
1545 4660 1710 4714 timor
1754 4660 1870 4715 Dei.
1908 4661 2042 4714 Nam
2080 4659 2177 4730 qui

606 4752 761 4805 timet
786 4750 979 4811 Deum,
1014 4765 1122 4803 non
1175 4749 1393 4819 quidem
1426 4756 1607 4817 potest
1652 4746 1923 4817 principio
1953 4747 2178 4817 diligere

606 4843 912 4913 proximum
946 4850 1206 4910 tanquam
1252 4856 1311 4895 se
1337 4859 1350 4894 :
1377 4840 1577 4894 etenim
1610 4841 1676 4894 ad
1705 4840 1811 4894 hoc
1847 4832 2175 4910 praéceptum

606 4950 713 4990 non
744 4934 950 4990 accedit
973 4936 1185 4999 anima;
1216 4941 1271 4986 at
1299 4932 1495 4986 timore
1517 4948 1642 5003 erga
1670 4931 1839 4987 Deum
1869 4927 2176 4986 amantium

604 5051 773 5106 opera
798 5044 972 5105 potest
1004 5049 1279 5104 peragere,
1306 5032 1496 5102 sicque
1534 5042 1745 5102 postea,
1775 5032 1865 5087 ubi
1893 5046 2057 5101 opera
2096 5030 2180 5085 di-

2284 4579 2673 4651 ἀγαπήσουσιν.
2717 4581 2780 4634 ’11
2803 4580 2857 4634 δὲ
2895 4581 3010 4644 ὁδὸς
3039 4581 3132 4635 τοῦ
3170 4584 3377 4653 ταύτην
3412 4581 3615 4643 λαϐεῖν,
3645 4573 3688 4631 ὦ
3725 4574 3826 4644 φίλε

2282 4672 2513 4743 Κλήμης
2529 4672 2594 4735 ⁸⁸,
2628 4672 2724 4744 μία
2746 4672 2829 4736 τίς
2867 4674 3038 4736 ἐστιν,
3069 4674 3215 4744 ἥπερ
3244 4675 3362 4726 ἐστὶ
3386 4672 3551 4743 φόόος
3585 4670 3733 4724 Θεοῦ.
3777 4667 3824 4717 '0

2283 4763 2392 4837 γὰρ
2432 4764 2563 4819 Θεὸν
2592 4764 2921 4835 φοϐούμενος
2941 4766 3031 4818 τὸν
3060 4766 3283 4836 πλησίον
3321 4766 3397 4829 ὡς
3428 4764 3616 4819 ἑαυτὸν
3637 4758 3829 4830 ἀγαπᾷν

2288 4857 2387 4927 μὲν
2413 4857 2691 4930 καταρχὰς
2704 4858 2764 4910 οὐ
2794 4856 3032 4909 δύναταιο
3066 4859 3185 4910 ἐπεὶ
3205 4857 3265 4910 τὸ
3288 4858 3529 4911 τοιοῦτον
3562 4849 3829 4909 κελεύειν⁸⁸

2284 4950 2346 5002 οὐ
2371 4952 2730 5023 προσέρχεται
2756 4952 2821 5022 τῇ
2853 4950 3019 5020 ψυχῗγ
3050 4949 3128 5021 τῷ
3161 4951 3342 5021 μέντοι
3374 4952 3515 5023 πρὸς
3545 4951 3672 5003 Θεὸν
3703 4944 3829 5015 φόθίε)

2284 5040 2354 5093 τὰ
2380 5042 2711 5109 ἀγαπώντων
2744 5045 2915 5095 ποιεῖν
2956 5042 3199 5109 δύναται,
3245 5046 3339 5098 καὶ
3369 5042 3467 5098 εἶθ’
3509 5044 3677 5104 οὕτως
3708 5036 3822 5109 7:95.-

674 5206 703 5232 ι
737 5189 927 5245 Matth.
961 5204 1058 5255 vn,
1098 5189 1185 5243 12.

1907 5299 2141 5355 νΑΒυΕ
2184 5300 2581 5359 LECTIONES.

656 5397 701 5430 τ’
728 5392 1146 5468 ἐμπαγίδιοοᾶ.
1183 5392 1333 5468 Reg.”
1358 5386 1629 5468 ξολλ-εῖτ.
1659 5385 1789 5468 ιυιεΣ
1825 5408 1922 5468 χιι,
1947 5391 2005 5468 _6,
2157 5390 2220 5468 ﬂ"
2249 5390 2397 5468 Fort.
2430 5390 2743 5468 addendum
2780 5392 2827 5468 εί
2863 5407 2985 5467 post
3018 5392 3152 5453 οἷον.
3195 5399 3297 5455 cfr.
3330 5400 3483 5459 hom,
3523 5416 3631 5467 xw,
3665 5398 3742 5455 10.
3776 5393 3824 5449 S.

588 5465 633 5501 "
664 5461 805 5521 ὲλεέῖ
837 5461 904 5521 υ.
975 5467 1021 5537 τξ
1054 5461 1460 5537 προαδικεῖσθαι
1486 5461 1550 5527 D,
1574 5462 2032 5537 Δπροσαδικεῖσθαι
2061 5463 2215 5537 ωλι),
2247 5462 2383 5537 πρδς
2417 5461 2717 5537 ἀδικεῖσθαι
2751 5461 2886 5524 alter
2912 5470 3033 5524 cod.
3076 5470 3158 5529 Ci.
3194 5470 3247 5525 in
3278 5487 3386 5537 quo
3411 5461 3636 5527 subin-te
3663 5468 3829 5537 ἀνέχει

588 5555 700 5614 Et“:
737 5535 1055 5614 υιηθκὶι-Ὼ-
1101 5532 1176 5614 ’τῒ
1207 5534 1564 5614 ὀρυξάμενος
1591 5532 1746 5614 “095?
1775 5535 1924 5614 εοιιο.
1948 5534 2080 5614 “.03.-
2114 5532 2252 5614 θίξιο.
2294 5532 2363 5614 ’,ἶῗ
2406 5532 2863 5614 saepissime;
2897 5542 2973 5614 0-_
3035 5542 3081 5614 ’ξ
3113 5532 3528 5614 ἁμαρτάνοντας
3559 5541 3676 5614 cod.
3711 5532 3821 5614 [ιέετ

585 5601 712 5663 804.
791 5610 833 5640 ⁷⁷
866 5609 935 5685 τά
966 5605 1170 5685 inserui
1215 5601 1261 5661 θ’.
1402 5601 1477 5685 ’7⁷⁸
1503 5604 1644 5685 αὕτη
1678 5602 2003 5685 5,9,3qu
2031 5604 2262 5685 CLat'nj
2302 5602 2394 5685 CL.
2461 5601 2618 5673 "mp
2652 5601 2777 5685 ρ’ρ.
3047 5612 3110 5666 0.
3156 5601 3435 5685 ’δ”οῖεμαι
3471 5601 3534 5669 0⁷,
3607 5613 3649 5685 ῆι
3681 5601 3825 5685 adyti

586 5689 640 5733 et
672 5694 737 5753 εξ
778 5680 1011 5753 conject.
1050 5676 1127 5739 C,
1159 5678 1212 5753 in
1248 5676 1357 5753 gtj.
1412 5684 1561 5753 textu
1592 5673 1677 5753 οὐ.
1752 5676 1803 5753 3:
1836 5673 2036 5753 ᾈλήμη
2218 5673 2264 5753 ξδ
2291 5673 2623 5753 πρόσκαιρον
2654 5676 2715 5731 Ο.
2790 5682 2835 5719 υ
2872 5680 3072 5753 Κλήμη
3110 5685 3152 5736 0
3185 5673 3515 5743 constanter,
3590 5684 3633 5717 ⁸⁸
3661 5680 3744 5736 ἐπὶ
3772 5676 3823 5730 τὸ

585 5747 798 5803 τοιοῦτο
830 5745 1224 5806 κελεῦσαντιϐ.
1254 5746 1391 5803 Tum
1420 5748 1454 5818 ἡ
1479 5746 1624 5818 ψυχή
1659 5762 1711 5818 p.
1740 5749 1807 5819 τῇ
1842 5745 1989 5821 ψυχῇ
2020 5746 2122 5818 legi
2145 5746 2262 5801 vult
2290 5745 2348 5801 S.
