4004 6332
524 307 629 343 ,σέ-ιν

1422 314 1478 371 S.
1514 312 1896 369 CLEMENTIS
1934 311 1954 365 l
1992 311 2155 367 ROM.
2191 311 2391 366 PONT.
2433 310 2663 366 OPERA
2699 309 2922 366 DUBIA.

3613 321 3702 376 555

527 437 639 493 Nos
664 451 794 492 vero
820 450 915 506 per
940 444 1150 492 aetatem
1179 437 1476 507 prudentes
1499 439 1628 494 facti
1649 480 1664 504 ,
1690 447 1744 492 et
1768 437 2083 507 religionem

2193 433 2486 507 θρησκείαν
2512 430 2897 502 ἠγαπήσαμεν,
2945 430 3038 483 καὶ
3076 429 3146 483 τὰ
3179 429 3274 500 τῆς
3307 431 3529 497 παιδείας
3549 435 3707 503 ἐφιλο-

533 530 858 594 τωιανίωιιε,
883 537 935 582 et
961 528 1158 584 litteris
1177 530 1423 599 gnaviter
1461 547 1683 601 operam
1727 531 1998 590 dedimus,
2028 537 2089 581 ut

534 638 657 679 cum
684 621 905 690 reliquis
942 621 1193 691 gentibus
1222 623 1584 691 disputantes,
1638 638 1730 676 eas
1781 621 1849 676 de
1902 637 2088 676 errore

535 729 820 783 possemus
839 727 1087 782 arguere.
1113 710 1221 767 Sed
1247 721 1301 765 et
1322 713 1709 783 perdidicimus
1739 714 2091 782 philosopho-

534 820 652 858 rum
683 804 917 868 decreta,
943 803 1178 858 maxime
1199 819 1322 874 qua:
1359 819 1389 858 a
1417 804 1614 873 pietate
1653 804 1705 857 in
1738 804 1907 859 Deum
1951 805 2088 858 alie-

534 896 758 950 nissima
806 903 953 960 sunt,
981 894 1220 965 Epicuri,
1262 895 1510 965 inquam,
1534 905 1587 950 et
1626 895 1945 966 Pyrrhonis,
1974 912 2083 965 quo

532 989 707 1054 magis
732 1002 1018 1056 possemus
1044 985 1348 1042 confutare.

606 1078 735 1132 Vlll.
765 1079 1030 1133 Caeterum
1072 1093 1177 1131 una
1216 1092 1342 1132 cum
1383 1075 1605 1133 Simone
1650 1079 1884 1148 quodam
1929 1090 2088 1149 mago

530 1172 764 1238 educati,
809 1171 1019 1225 ratione
1045 1171 1300 1226 amicitiae
1329 1170 1385 1224 iu
1430 1170 1677 1225 fraudem
1735 1171 1846 1227 fere
1881 1173 2087 1227 inducti

531 1263 751 1317 fuimus.
770 1261 963 1317 Fertur
981 1261 1124 1316 enim
1141 1261 1383 1332 quedam
1403 1262 1468 1316 de
1490 1264 1670 1332 aliquo
1688 1264 1903 1318 homine
1923 1263 2086 1331 fama,

529 1356 620 1425 qui
656 1356 748 1410 ubi
773 1354 1116 1426 apparuerit,
1161 1355 1412 1409 universa
1445 1356 1658 1425 piorum
1715 1357 2007 1410 multitudo
2031 1357 2085 1412 itt

527 1463 694 1518 regno
719 1448 862 1502 vivet
903 1456 1164 1517 perpetuo
1191 1462 1255 1502 ac
1279 1447 1424 1511 citra,
1454 1447 1781 1502 molestiam.
1836 1446 1937 1502 Sed
1974 1449 2088 1504 ha:e

527 1541 644 1606 tibi,
679 1553 870 1605 mater,
897 1540 1210 1611 diligentius
1238 1539 1296 1593 in
1329 1549 1572 1609 tentpore
1595 1552 1953 1610 exponentur.
1975 1540 2087 1597 Nos

529 1634 745 1688 interim
819 1649 940 1687 cum
989 1646 1125 1703 pene
1169 1632 1280 1701 jam
1331 1632 1704 1703 deciperemur
1751 1650 1780 1686 a
1841 1633 2084 1700 Simone,

527 1726 743 1794 quidam
769 1726 970 1795 collega
1017 1723 1223 1780 domini
1272 1723 1444 1779 nostri
1492 1723 1659 1788 Petri,
1701 1723 1958 1781 Zachaeus
1988 1743 2086 1780 llo-

526 1817 693 1883 mine,
739 1819 1002 1873 accedens
1049 1817 1261 1872 monuit
1289 1833 1356 1872 ne
1408 1815 1722 1872 fallerentur
1745 1833 1775 1870 a
1812 1816 2000 1887 ‘Mago,
2032 1826 2086 1872 et

525 1908 688 1962 Petro
713 1909 1020 1964 advenienti
1053 1925 1153 1965 nos
1200 1910 1416 1976 obtulit,
1470 1919 1528 1964 ut
1565 1909 1634 1963 ab
1681 1912 1800 1979 ipso
1849 1909 2085 1980 perfecte

525 2016 645 2070 qua}
706 2009 950 2069 spectant
988 2001 1053 2054 ad
1105 2001 1310 2055 cultum
1366 2001 1460 2056 Dei
1514 2003 1853 2057 doceremur.
1904 2002 2086 2070 Quare

525 2093 685 2147 etiam
735 2101 784 2146 te
828 2107 1086 2157 oramus,
1143 2101 1317 2148 mater
1344 2133 1359 2160 ,
1394 2101 1452 2147 ut
1500 2109 1621 2163 qua:
1666 2109 1766 2148 nos
1801 2095 2084 2149 consecuti

526 2197 716 2236 sumus
744 2181 903 2248 bona,
957 2181 1047 2236 illa
1095 2191 1150 2236 et
1200 2193 1256 2237 tu
1309 2183 1606 2253 percipias,
1648 2199 1758 2253 quo
1810 2186 2086 2255 possimus

525 2275 704 2328 cibum
737 2283 790 2328 et
838 2289 1081 2327 mensam
1113 2274 1312 2330 habere
1359 2291 1729 2332 communem.
1789 2277 1864 2331 Ea
1919 2277 2090 2347 igitur.

523 2381 690 2421 causa
740 2365 923 2429 fuit,o
967 2366 1221 2435 genitrix,
1271 2376 1491 2436 propter
1539 2384 1702 2438 quam
1756 2369 2083 2425 existimasti

525 2475 625 2526 nos
673 2458 896 2524 obiisse,
943 2457 1088 2527 quod
1134 2459 1186 2512 in
1238 2473 1300 2513 ea
1352 2459 1666 2516 diﬂicillima
1717 2471 1876 2516 nocte
1925 2478 1955 2516 a
2003 2463 2086 2532 pi-

524 2551 656 2605 ratis
706 2550 759 2604 in
807 2550 996 2621 pelago
1043 2551 1179 2620 rapti
1230 2565 1441 2618 sumus,
1491 2561 1657 2623 tuque
1699 2569 1800 2608 nos
1854 2553 2084 2624 periisse

525 2644 830 2699 credidisti.

595 2737 684 2792 ΙΧ.
732 2736 1027 2808 Postquam
1079 2739 1194 2792 haec
1241 2737 1470 2794 dixisset
1530 2737 1862 2806 Faustinus,
1909 2750 2084 2798 mater

525 2837 707 2882 nostra
739 2828 968 2898 procidit
995 2828 1061 2880 ad
1087 2827 1248 2897 pedes
1276 2827 1440 2894 Petri,
1458 2844 1656 2900 rogans
1681 2838 1734 2884 et
1764 2831 2079 2898 obsecrans,

527 2929 584 2987 ut
609 2929 661 2974 et
696 2920 866 2989 ipsam
894 2929 947 2973 et
978 2921 1247 2989 hospitam
1279 2937 1433 2976 suam
1459 2931 1736 2976 evocatam
1766 2924 1884 2980 siue
1918 2941 2075 2982 mora

525 3010 847 3080 baptizaret,
896 3006 978 3065 Uti
1008 3020 1061 3064 et
1105 3025 1172 3064 ne
1211 3027 1337 3078 una,
1373 3013 1565 3082 inquit,
1597 3013 1712 3070 dies
1741 3016 2080 3086 excludatur,

2151 588 2161 603 .
2190 527 2522 596 πονήσαμεν,
2567 525 2714 586 ὅπως
2745 523 2880 594 πρὸς
2903 521 2972 575 τὰ
2995 520 3158 574 λοιπά
3205 521 3325 592 ἔθνη
3372 522 3703 595 διαλεγόμενοι

2190 614 2428 684 ἐλέγχειν
2452 612 2590 667 αύτά
2616 613 2741 684 περὶ
2788 611 2992 682 πλάνης
3015 611 3310 682 δυνώμεθα.
3347 613 3495 665 Ἀλλά
3536 617 3619 668 καὶ
3648 616 3707 670 τά

2191 705 2489 774 φιλοσόφων
2514 702 2919 774 ῆκριὸώσαμεν,
2957 701 3246 773 ἐξαιρέτως
3271 703 3325 755 δὲ
3347 703 3412 756 τὰ
3436 704 3704 770 ἀθεώτατα,

2190 795 2333 863 λέγω
2352 795 2416 866 δὴ
2446 796 2488 827 ¹⁹
2515 794 2585 847 τὰ
2622 795 2939 866 Ἐπικούρου
2964 795 3056 848 καὶ
3097 794 3402 866 Πύρρωνος,
3428 795 3509 848 ἵνα
3537 796 3708 865 μᾶλλον

2188 884 2577 948 ἀνασκευάζειν
2603 883 2903 955 δυνώμεθα.

2263 1061 2402 1115 VIII.
2430 1062 2632 1132 Σίμωνι
2655 1060 2712 1114 δέ
2733 1078 2838 1114 τινι
2870 1059 3026 1130 μάγῳ
3055 1058 3238 1128 σχεδον
3269 1059 3544 1129 σύντροφοι
3577 1060 3713 1128 γενύε-

2192 1172 2360 1226 μενοι,
2413 1154 2594 1222 φιλίας
2633 1154 2677 1184 ³⁶
2719 1153 2822 1223 ὁδῷ
2869 1152 3213 1223 ἀπατηθῆναι
3271 1151 3714 1222 ἐκινδυνεύσαμεν.

2193 1250 2346 1301 Ἔστι
2377 1249 2416 1279 ³⁸
2442 1247 2496 1299 δέ
2522 1265 2605 1310 τις
2649 1247 2773 1318 περὶ
2799 1243 3084 1316 ἀνθρώπου
3117 1243 3258 1308 τινὸς
3283 1243 3451 1313 λόγος,
3477 1240 3533 1298 οὗ
3558 1246 3720 1313 φανέν·

2187 1357 2277 1403 τος
2303 1341 2359 1392 ἐν
2385 1335 2627 1408 βασιλείᾳ
2650 1337 2757 1391 τῶν
2777 1337 3207 1407 θεοσεϐησάντων
3231 1335 3383 1405 ὄχλος
3405 1336 3446 1367 ³³
3465 1335 3720 1398 ἀθανάτως

2188 1430 2281 1483 καὶ
2315 1427 2532 1491 ἀλύπως
2561 1429 2721 1498 287
2763 1427 2953 1498 βιῶσαι
2985 1427 3115 1497 ἔχει·
3147 1428 3293 1497 ὅμως
3318 1424 3485 1478 ταῦτα
3520 1425 3609 1495 μέν
3630 1441 3718 1486 σοι,

2191 1523 2365 1593 μῆτερ
2398 1521 2462 1584 ³³,
2511 1523 2603 1572 ἐπὶ
2648 1519 2840 1590 καιροῦ
2891 1518 3278 1591 ἀκριῦέστερον
3312 1514 3718 1587 ἐκτεθήσεται³⁸.

2187 1613 2332 1685 Πλὴν
2388 1613 2668 1683 μέλλουσιν
2715 1614 2844 1682 ἡμῖν
2879 1610 3186 1664 ἀπατᾶσθαι
3231 1609 3338 1663 ὑπὸ
3367 1607 3461 1661 τοῦ
3505 1609 3724 1678 Σίμωνος

2187 1705 2402 1776 ἑταῖρός
2433 1723 2519 1769 τις
2545 1704 2638 1757 τοῦ
2684 1705 2872 1776 κυρίου
2900 1703 3052 1775 ἡμῶν
3081 1704 3310 1776 Πέτρου,
3362 1705 3618 1772 Ζακχαῖος
3647 1701 3724 1752 λε-

2185 1797 2432 1867 γόμενος,
2467 1797 2879 1868 προσηκάμενος
2915 1794 3229 1866 ἐνουθέτησε
3286 1795 3358 1866 μὴ
3412 1793 3726 1864 ἀπατηθῆναι

2185 1889 2262 1960 τῷ
2281 1889 2479 1960 Μάγῳ,
2515 1889 2790 1942 ἐπελθόντι
2814 1888 2869 1940 δὲ
2890 1888 2968 1958 τῷ
2987 1888 3176 1959 Πέτρῳ
3210 1889 3573 1960 προσήγαγεν,
3598 1888 3727 1949 ὅπως

2187 1963 2607 2053 πληροφορήσαξ
2639 1982 2782 2052 ἡμᾶς
2809 1982 2852 2014 ³⁵
2879 1981 3040 2053 πείσῃ
3075 1983 3200 2052 περὶ
3232 1981 3343 2034 τῶν
3385 1985 3449 2052 τῇ
3479 1979 3731 2049 θεοσεϐείᾳ

2184 2073 2566 2146 διαφερόντων.
2621 2073 2712 2125 Διὸ
2764 2074 2856 2126 καὶ
2887 2073 2965 2135 σὲ,
3006 2073 3175 2143 μῆτερ
3204 2072 3272 2134 ³⁸,
3325 2071 3606 2142 εὐχόμεθα,
3654 2070 3730 2122 ἵνα

2185 2159 2259 2218 ὧν
2321 2168 2478 2237 ἡμεῖς
2528 2164 2940 2237 κατηξιώθημεν
3004 2163 3246 2232 ἀγαθῶν,
3283 2164 3486 2216 τούτων
3532 2163 3621 2214 καὶ
3674 2163 3731 2215 σὺ

2189 2257 2516 2330 μεταλάϐῃς,
2549 2258 2696 2320 ὅπως
2721 2257 2912 2310 κοινῶν
2940 2257 2982 2288 ³⁷
3002 2257 3143 2310 ἀλῶν
3171 2258 3267 2310 καὶ
3288 2255 3562 2328 τραπέζης
3588 2270 3733 2325 μετα-

2184 2352 2376 2405 λαϐεῖν
2412 2349 2746 2421 δυνηθῶμεν.
2781 2349 2928 2421 Αὕτη
2952 2345 3042 2402 οὖν
3066 2351 3210 2402 ἐστιν
3234 2352 3268 2420 ῆ
3301 2349 3476 2411 αἰτία,
3499 2346 3731 2408 τεκοῦσα,

2183 2445 2251 2499 δι’
2271 2445 2337 2515 ἥν
2365 2442 2608 2513 ἐνόμιζες
2624 2444 2768 2513 ἡμᾶς
2782 2441 3051 2504 τεθνάναι,
3074 2441 3150 2511 τῷ
3173 2443 3218 2473 ³⁸
3238 2441 3422 2514 ἐκείνῃ
3445 2443 3509 2510 τῇ
3521 2439 3737 2508 χαλεπω·

2183 2536 2321 2610 τάτῃ
2367 2537 2522 2588 νυκτὶ
2553 2535 2658 2589 ὑπὸ
2686 2534 2958 2606 πειρατῶν
2992 2534 3222 2606 ἀρθῆναι
3275 2536 3333 2587 ἐν
3390 2533 3630 2600 πελάγει,
3685 2528 3735 2581 σὲ

2183 2628 2238 2681 δὲ
2271 2628 2510 2700 νομίζειν
2540 2628 2686 2699 ἡμᾶς
2713 2625 3068 2680 ἀπολωλέναι.

2262 2741 2354 2797 IK.
2384 2741 2567 2794 Ταῦτα
2597 2739 2691 2792 τοῦ
2716 2727 3008 2791 Φαυστίνου
3037 2737 3306 2804 εἰπόντος,
3334 2740 3366 2810 ἠ
3398 2739 3576 2810 μήτηρ
3599 2734 3738 2807 ἡμῶν

2184 2833 2488 2905 προσέπεσε
2515 2831 2592 2902 τῷ
2627 2830 2848 2902 Πέτρῳ,
2891 2828 3117 2899 δεομένη
3166 2829 3266 2881 καὶ
3315 2827 3563 2894 ἀξιοῦσα,
3607 2826 3738 2888 ὅπως

2189 2925 2356 2994 αύτὴν
2388 2941 2446 2975 τε
2475 2924 2567 2975 καὶ
2596 2923 2692 2993 τὴν
2739 2920 3008 2991 ξενοδόχον
3051 2919 3222 2989 αὐτῆς
3262 2918 3741 2989 μεταπεμψάμενος

2183 3015 2412 3086 ἐξαυτῆς
2448 3014 2720 3086 βαπτίαῃ,
2757 3012 2876 3076 ἵνα,
2908 3013 3072 3083 φησὶ,
3139 3012 3385 3082 μηδεμία
3441 3028 3524 3073 τις
3578 3007 3741 3080 ἡμέρα

523 3120 589 3158 ex
621 3119 729 3172 quo
781 3113 940 3157 natos
987 3118 1136 3156 meos
1179 3104 1380 3172 recepi,
1415 3104 1466 3158 in
1519 3121 1624 3174 qua
1677 3122 1800 3161 cum
1843 3109 1922 3164 eis
1970 3127 2081 3166 non

2185 3107 2410 3178 ἄμοιρος
2436 3105 2677 3176 γένηται,
2703 3103 2793 3172 ἀφ’
2815 3099 2883 3176 ἧς
2904 3103 2972 3155 τὰ
3000 3103 3243 3172 ἐμαυτῆς
3270 3101 3542 3156 ἀπέλαϐον
3571 3101 3740 3159 τέκνα,

526 3193 848 3261 sumpserim
879 3193 1079 3246 cibum.
1131 3193 1376 3263 Cumque
1400 3210 1497 3249 nos
1527 3195 1713 3249 eadem
1744 3212 1866 3267 qua:
1911 3211 2084 3257 mater

527 3297 1020 3351 comprecaremur,
1051 3283 1246 3338 Petrus
1261 3285 1337 3339 ait
1362 3304 1374 3338 :
1395 3284 1533 3351 Quid
1563 3287 1875 3354 putatis,me
1902 3290 2082 3345 immi-

526 3374 850 3430 sericordem
883 3389 1000 3428 esse
1021 3375 1218 3440 solum,
1243 3376 1388 3445 quod
1419 3377 1586 3429 nolim
1613 3392 1708 3431 vos
1739 3380 1928 3433 matris
1954 3396 2079 3435 cou-

522 3467 666 3521 vivio
712 3465 932 3530 sociari,
962 3466 1124 3519 hodie
1170 3467 1315 3520 illam
1365 3467 1649 3536 baptizans
1675 3468 1696 3521 ?
1725 3465 1828 3522 Sed
1860 3485 2082 3526 necesse

521 3567 602 3623 est
625 3573 743 3612 eam
769 3557 851 3610 vel
890 3572 996 3610 una
1023 3556 1108 3612 die
1141 3566 1264 3613 ante
1324 3558 1652 3627 baptismum
1702 3559 1952 3628 jejunare
1987 3579 1999 3615 :
2030 3572 2084 3616 et

524 3649 646 3712 hoc,
678 3647 804 3716 quia
835 3647 1056 3700 omnino
1084 3647 1372 3715 quemdam
1413 3663 1510 3716 pro
1553 3664 1612 3703 se
1641 3650 1817 3703 locuta
1849 3659 1931 3704 est
1962 3669 2084 3708 ser-

524 3756 760 3806 tuonem,
782 3755 943 3811 quem
981 3754 1080 3809 ego
1108 3739 1361 3794 idoneum
1388 3739 1509 3794 [ldei
1551 3741 1695 3796 illius
1736 3742 2080 3813 interpretem

523 3835 735 3890 habeo:
767 3830 970 3902 alioqui
1006 3833 1190 3887 multis
1249 3833 1424 3902 ipsam
1454 3832 1644 3889 diebus
1689 3839 1970 3906 oportebat
2001 3839 2083 3894 lu-

524 3927 705 3980 strari.

591 4017 660 4072 Χ.
697 4018 762 4073 Et
782 4034 880 4088 ego
921 4037 933 4072 :
968 4016 1064 4072 Dic
1092 4017 1272 4083 nobis,
1305 4017 1547 4088 inquam,
1575 4020 1791 4088 qualem
1847 4023 2085 4091 protule-

523 4110 594 4164 rit
618 4124 945 4175 sermonem,
978 4109 1072 4179 qui
1116 4110 1274 4164 tidem
1303 4110 1450 4164 illius
1471 4111 1802 4180 patefecerit.
1838 4111 2084 4183 Respon-

523 4201 602 4255 dit
625 4200 819 4258 Petrus
851 4217 863 4254 :
895 4201 986 4256 llle
1015 4217 1195 4258 sermo
1224 4210 1326 4266 est,
1359 4217 1468 4271 quo
1501 4203 1711 4274 rogavit
1748 4213 1808 4258 ut
1863 4205 2080 4275 hospita

523 4303 577 4347 et
603 4293 843 4348 beneﬁca
872 4293 1035 4350 simul
1066 4293 1436 4362 baptizaretur
1487 4309 1608 4348 cum
1640 4294 1776 4363 ipsa.
1834 4294 1948 4351 Non
1979 4312 2080 4350 au-

526 4393 632 4438 tem
659 4392 894 4455 rogaret,
925 4393 985 4438 ut
1024 4384 1101 4438 illi
1145 4400 1309 4455 quam
1359 4383 1535 4454 diligit
1564 4395 1917 4454 praestaretur
1960 4390 2076 4442 haec

2187 3197 2307 3251 καθ’
2335 3197 2401 3267 ἢν
2459 3195 2524 3248 ἂν
2563 3198 2624 3248 οὐ
2651 3195 2695 3226 ³⁹
2730 3192 3132 3264 συνεστιαθείην
3181 3193 3394 3255 αὐτοῖς.
3451 3189 3632 3245 Ταύτά
3659 3185 3742 3241 οὖν

2186 3291 2278 3343 καὶ
2311 3291 2463 3362 ἡμῶν
2490 3293 2555 3360 τῇ
2594 3288 2762 3361 μητρὶ
2807 3285 3445 3359 συμπαρακαλεσάντων,
3496 3286 3522 3337 ὁ
3556 3283 3744 3354 Πέτρος

2193 3383 2321 3454 ἔφη’
2351 3382 2414 3434 Τί
2442 3380 2708 3453 νομίζετε,
2737 3379 2845 3449 ἐγὼ
2879 3378 3038 3449 μόνος
3063 3375 3415 3450 ἀσπλαγχνός
3435 3377 3480 3408 ⁸ο
3509 3377 3641 3446 είμι,
3671 3374 3744 3426 ὅτι

2175 3477 2250 3549 μὴ
2289 3475 2544 3547 βούλομαι
2593 3469 2737 3546 ὑμᾶς
2787 3468 3199 3549 συνεστιαθῆναι
3231 3471 3276 3501 ’δ’
3312 3471 3381 3541 τῇ
3431 3467 3617 3539 μητρὶ,
3661 3464 3749 3536 βα-

2171 3569 2368 3632 πτίσας
2399 3569 2565 3637 αὐτὴν
2601 3569 2873 3638 σήμερον;
2918 3561 3054 3616 ἀλλά
3090 3561 3192 3616 κᾶν
3231 3563 3365 3634 μίαν
3404 3561 3615 3633 ἡμέραν
3655 3556 3752 3628 πρὸ

2170 3659 2264 3714 τοῦ
2313 3659 2670 3730 βαπτισθῆναι
2717 3655 3005 3728 νηστεῦσαι
3059 3656 3230 3726 αὐτὴν
3283 3656 3387 3709 δεῖ.
3440 3655 3553 3709 Καὶ
3594 3650 3749 3706 ταῦτα

2172 3753 2294 3805 ἐπεὶ
2333 3752 2517 3815 ἁπλῶς
2549 3752 2714 3821 288
2746 3767 2864 3802 τινα
2904 3749 3043 3820 ὑπὲρ
3093 3749 3299 3818 ἑαυτῆς
3333 3747 3638 3818 ἐφθέγξατο
3679 3739 3752 3793 λὸ-

2171 3861 2265 3914 γον
2291 3845 2355 3907 “,
2377 3844 2435 3896 ὃν
2458 3842 2566 3911 ἐγὼ
2587 3844 2684 3912 τῆς
2709 3843 2942 3904 πίστεως
2963 3841 3132 3910 αὐτῆς
3155 3841 3344 3893 ἱκανὸν
3369 3836 3620 3911 ἑρμηνέα
3639 3851 3753 3886 συν-

2173 3937 2326 3990 εῖδον·
2362 3936 2482 3988 ἐπεὶ
2525 3933 2732 3987 πολλῶν
2775 3932 2995 4003 ἡμερῶν
3018 3933 3185 3994 αὐτὴν
3216 3921 3549 3995 ἁγνισθῆναι
3573 3930 3616 3960 ⁸³
3636 3927 3750 3979 ἔδει.

2253 4019 2342 4075 Χ.’
2365 4016 2535 4087 Κάγὼ
2556 4017 2708 4089 ἔφην’
2736 4016 2872 4070 Είπέ
2926 4018 3056 4087 ἡμῖν
3086 4014 3205 4066 τίνα
3234 4012 3547 4084 ἐφθέγξατο
3584 4011 3751 4079 λόγον,

2180 4114 2240 4178 ὃς
2269 4112 2317 4144 ⁸⁵
2341 4112 2440 4183 τὴν
2470 4111 2648 4163 πίστιν
2702 4109 2871 4178 αὐτῆς
2925 4107 3180 4177 ἐξέφηνεν
3210 4106 3280 4159 ⁸³.
3323 4108 3440 4160 Καὶ
3471 4107 3500 4158 ὁ
3559 4103 3752 4171 Πέτρος

2183 4207 2287 4277 ἔφη
2309 4223 2323 4236 ⁸
2358 4206 2423 4259 Ἥ
2456 4204 2678 4270 ἀξίωσις
2711 4202 2878 4272 αύτῆς
2907 4199 3001 4253 τοῦ
3029 4198 3522 4269 συμὸαπτιισθῆναι
3545 4195 3590 4227 ⁸⁵
3623 4193 3754 4262 αύτῇ

2183 4299 2280 4370 τὴν
2316 4296 2583 4366 ξενοδόχον
2639 4295 2732 4348 καὶ
2755 4293 3054 4364 εὐεργέτιν.
3110 4292 3224 4344 Ούκ
3253 4290 3321 4343 ἂν
3367 4291 3427 4343 δὲ
3485 4288 3643 4341 τοῦτο
3692 4287 3752 4354 τῇ

2187 4390 2276 4445 ὑπ’
2299 4389 2464 4459 αὐτῆς
2488 4386 2793 4458 ποθουμένη
2825 4384 3042 4454 δοθῆναι
3066 4381 3395 4453 παρεκάλει,
3429 4382 3479 4435 εί
3518 4381 3594 4453 μὴ
3625 4376 3752 4450 πρό-

524 4475 718 4543 gratia,
749 4475 855 4530 nisi
906 4475 1057 4544 prius
1100 4491 1227 4545 erga
1272 4476 1603 4546 baptismum
1657 4485 1913 4547 tanquam
1950 4497 2079 4550 erga

2183 4498 2336 4553 τερον
2363 4479 2498 4549 αὐτὴ
2525 4477 2736 4548 διετέθη
2762 4477 2803 4508 ⁸⁷
2827 4476 2901 4540 ὡς
2939 4475 3030 4529 ἐπὶ
3082 4474 3294 4547 μεγάλῃ
3338 4477 3410 4545 τῇ
3441 4473 3540 4527 τοῦ
3572 4470 3759 4543 βαπτί.

524 4582 778 4635 magnum
810 4581 1010 4621 munus
1042 4575 1188 4622 esset
1216 4566 1426 4622 aﬂ'ecta.
1473 4565 1623 4622 Unde
1660 4583 1760 4638 ego
1793 4571 2083 4639 reprehen-

525 4657 595 4710 do
638 4657 924 4724 pluriutos,
949 4657 1041 4725 qui
1069 4671 1194 4712 cum
1229 4657 1486 4727 baptizati
1529 4658 1749 4726 fuerint,
1783 4669 1838 4715 et
1861 4661 2082 4717 credere

526 4763 585 4801 se
613 4747 817 4814 dicant,
859 4748 997 4800 nihil
1043 4757 1221 4802 tamen
1277 4748 1498 4819 dignum
1526 4749 1629 4806 ﬁde
1673 4760 1854 4822 agant,
1907 4768 2083 4822 neque

527 4855 619 4893 eos
664 4855 802 4909 quos
842 4840 1072 4910 diligunt
1103 4840 1345 4909 (uxores,
1404 4842 1622 4911 inquam
1649 4884 1664 4908 ,
1692 4845 1774 4897 vel
1803 4845 1962 4911 tilios,
2001 4847 2082 4900 vel

529 4933 752 5002 amicos)
783 4932 848 4986 ad
901 4932 1003 4986 hoc
1038 4934 1346 4992 hortentur.
1401 4931 1537 4988 Nam
1563 4935 1610 4988 si
1660 4936 1966 5003 crederent,
2000 4938 2082 4990 vi-

2186 4587 2390 4642 σματος
2438 4569 2636 4640 δωρεᾷ.
2691 4567 2852 4620 ’ὐθεν
2899 4565 3008 4636 ἐγὼ
3065 4565 3273 4619 πολλῶν
3337 4563 3758 4635 καταγινώσκω,

2185 4664 2388 4717 ὁπόταν
2412 4662 2477 4728 ⁸⁸,
2514 4660 2896 4732 βαπτισθέντες
2916 4660 3008 4712 καὶ
3030 4661 3310 4713 πιστεύειν
3339 4661 3621 4730 λέγοντες,
3657 4675 3759 4730 μη·

2182 4755 2270 4808 δὲν
2297 4754 2444 4820 ἀξιον
2477 4754 2710 4816 πίστεως
2738 4750 2953 4813 ποιῶσι,
3000 4750 3122 4821 μηδ’
3150 4750 3244 4814 οὓς
3270 4751 3598 4819 ἀγαπῶσιν,
3623 4749 3763 4818 λέγω

2184 4847 2246 4917 δὴ
2261 4850 2519 4916 γυναῖκας
2541 4843 2716 4898 αὐτῶν
2732 4842 2764 4914 ἢ
2781 4841 2974 4912 υἱοὶ)ςῆ
2993 4839 3340 4914 φίλουςςπρός
3355 4842 3523 4898 τοῦτο
3538 4840 3764 4913 προτρέι

2190 4955 2418 4992 πωνται.
2477 4937 2538 4989 Εἰ
2593 4935 2702 5008 γὰρ
2734 4933 3129 4988 πεπιστεύκασι
3179 4933 3326 5006 ζωὴν
3397 4935 3622 4988 αἰώνιον
3671 4933 3763 4984 σὺν

1793 5116 2027 5172 ΥΑΗΙᾹΞ
2067 5117 2464 5172 LECTlONES.

599 5259 642 5292 ³⁸
681 5258 751 5313 Ita
782 5253 948 5325 Epit,
971 5257 1113 5324 λέγω
1127 5256 1183 5309 δέ
1209 5255 1273 5320 C,
1304 5254 1369 5314 Ο.
1446 5259 1488 5290 ³⁰
1521 5259 1713 5328 φιλίοις
1741 5259 1803 5315 Ο.

1894 5261 1935 5292 ³³
1977 5261 2199 5332 Recogn.
2274 5275 2392 5325 vni,
2436 5259 2506 5332 55
2541 5257 2785 5332 :_Fertur
2825 5260 2963 5332 enim
2988 5261 3059 5332 _in
3093 5257 3346 5332 reiigionc
3373 5268 3567 5310 nostra
3599 5269 3762 5309 sermo

529 5333 592 5385 de
620 5329 878 5398 Propheta
902 5328 1125 5398 quoda_m
1152 5343 1242 5395 per
1271 5344 1420 5397 quem
1450 5326 1764 5384 imrnortalis
1790 5341 1838 5384 et
1879 5330 2028 5385 beata
2063 5326 2169 5384 viia
2195 5329 2522 5384 credentibus
2554 5329 2733 5382 danda
2761 5329 3108 5398 promittitur.
3141 5326 3296 5398 Hunc
3330 5341 3462 5397 ergo
3487 5344 3586 5380 nos
3614 5335 3764 5398 puta-

531 5396 1026 5471 bmnus’Simottem.
1049 5396 1149 5471 Sed
1175 5396 1291 5471 [nec
1319 5399 1434 5471 tibi,
1484 5411 1670 5471 mater,
1707 5404 2050 5471 opportunius
2082 5411 2420 5471 exponentur.
2499 5398 2735 5471 "oximi
2756 5396 2796 5453 (Σ
2825 5439 2848 5471 ,ν
2874 5401 2965 5469 qui
2987 5399 3138 5471 conj.
3161 5397 3338 5471 ὄχλος,
3378 5396 3436 5451 in
3470 5397 3761 5471 Oﬁlium):

600 5472 770 5554 μῆτέρ
790 5467 965 5554 δορα
997 5468 1252 5554 μήτερές
1312 5470 1374 5554 3⁸
1397 5462 1818 5554 insuescas,
1834 5489 1881 5554 ος
1897 5470 2074 5554 Ωιι,νὶ
2090 5462 2238 5554 his:
2261 5462 2674 5554 πληροφορῄοίἀς
2697 5469 2758 5554 9-
2792 5545 2802 5554 .
2828 5462 3222 5554 "“réesi’v'O-n"
3253 5468 3294 5497 ³⁷
3325 5472 3492 5538 κοινῇ
3517 5462 3764 5554 PQ”?

531 5539 674 5609 conj.
700 5540 756 5606 S,
784 5539 915 5593 satis
935 5539 1092 5593 bene.

532 5596 663 5662 Τ..ιῆ
695 5596 866 5663 τάυτά
901 5609 959 5668 s,
994 5609 1166 5662 ταῦτα
1191 5609 1253 5672 c,
1287 5596 1349 5664 θ’.

1177 5533 1340 5621 ⁸ξένῇ
1361 5541 1497 5621 pulp.
1521 5532 1712 5621 καθ’ᾖν
1735 5532 1881 5621 ἀν’ρύ
1983 5532 2676 5621 ξιιὺῖὁόόσυνέὲτίασθείην
2694 5540 2840 5621 Ἐρίῑ.
2866 5532 2922 5593 (3.⁷
2954 5532 3062 5621 1'0?-
3081 5548 3136 5621 et
3154 5537 3243 5621 Ol,
3265 5532 3680 5621 ouvsgétéoﬂqv
3702 5532 3761 5586 C.

1426 5607 1953 5698 ‘i‘e?6ﬁ3\EIYXVé‘g-O.
1979 5613 2094 5698 Alia
2123 5607 2745 5698 Illa'l'lz‘pl'ﬂslllisil‘gﬁ’i'lt
2778 5626 2955 5698 marg:
3098 5607 3174 5692 ita
3203 5608 3245 5660 0
3527 5621 3767 5698 ςίνξστι-

529 5679 754 5760 ασθηῆῇναι
871 5680 956 5760 ﬂ"
987 5679 1141 5760 λόγον
1183 5694 1296 5760 om.
1456 5681 1503 5760 f’
1529 5674 2086 5760 ἀφελ-ληνισθῆναις.-
2135 5682 2236 5760 ’⁸⁸Αό
2256 5674 2416 5760 (Υ,Λῷ
2546 5674 2604 5760 ,δέ
2635 5674 2957 5760 ἐξέφηνεγ
2984 5717 3000 5760 ,
3025 5679 3276 5760 ἐξέφανεν
3305 5679 3372 5745 U,
3397 5677 3466 5734 Ο.
3547 5677 3596 5709 ⁸⁸
3626 5675 3740 5728 Ba:

523 5749 774 5817 ,τισθῆναι
801 5749 1001 5804 0.Cum
1033 5752 1152 5806 eod.
1177 5750 1352 5807 addidi
1381 5752 1473 5807 καί
1497 5749 1616 5824 post
1650 5749 1934 5823 ξενοδόχον.
1989 5753 2032 5786 ⁸⁷
2067 5752 2145 5810 lta
2173 5749 2218 5809 Ο
2270 5767 2319 5808 c.
2349 5749 2429 5822 S',
2462 5751 2669 5820 διεθέτη
2694 5750 2754 5803 C.
2787 5749 2793 5750 ⁷
2832 5751 2876 5782 ⁸⁸
2903 5749 3052 5802 ὁτώτ⁶
3085 5749 3148 5802 ἄν
3179 5749 3236 5803 (.2.
