4004 6332
279 265 369 321 533

1374 271 1835 330 CLEMENTINA.
1876 281 1946 316 -‘—
1985 277 2266 334 HOMILIA
2314 281 2451 337 XIV.

3417 290 3520 345 346

276 383 398 436 Θεοῦ
432 384 719 454 εἰσελθεῖν,
755 385 897 457 τάχα
929 403 1032 440 που
1073 387 1183 442 τῶν
1222 388 1388 443 ἐθνῶν
1414 391 1464 443 οἱ
1499 390 1825 461 πεπλανημέ

1949 381 2225 462 grediatur
2263 399 2317 450 in
2365 415 2589 468 regnum
2631 399 2744 466 Dei,
2780 401 2918 458 forte
2957 421 3046 474 qm
3092 417 3250 462 erant
3284 410 3339 462 in
3383 428 3518 480 geu-

284 492 347 526 θοι
389 475 474 528 διά
529 476 887 549 σωφροσύνην
939 479 1098 550 μόνον
1157 480 1394 550 σωθῆναι
1444 481 1710 534 ἐδύναντο.
1748 480 1845 534 Διὰ

274 564 420 618 τούτο
449 566 571 619 λίαν
599 566 790 638 ἀθυμῶ
815 569 1071 640 περὶτῶν
1104 571 1160 622 ἐν
1188 570 1366 642 πλάνῃ
1405 571 1841 644 σωφρονούντων,

273 657 346 708 ὅτι
377 659 503 711 ἄνευ
532 658 749 722 ἐλπίδος
774 660 986 732 ἀγαθῆς
1013 665 1307 731 σωφρονεῖν
1347 663 1590 735 ἑλόμενοι
1624 666 1760 736 πρὸς
1783 667 1845 720 τὸ

276 749 625 822 βαπτισθῆναι
659 753 906 825 ὀκνηρῶς
945 753 1177 824 ἔχουσιν.
1220 756 1310 808 Διὸ
1336 757 1399 808 οὐ
1445 756 1733 822 σώζονταιο
1762 759 1842 811 ὅτι

271 842 436 914 δόγμα
473 843 610 898 Θεοῦ
645 848 841 911 κεῖται,
885 845 1217 900 ἀϐάπτιστον
1244 851 1326 912 εἰς
1357 848 1454 918 τὴν
1477 849 1640 902 αὐτοῦ
1687 849 1841 920 βασι-

273 935 412 990 λείαν
436 938 508 1008 μὴ
535 938 818 991 εἰσελθεῖν.
844 938 1029 992 Ταῦτα
1052 939 1215 992 αὐτοῦ
1243 941 1490 1004 εἰπόντος
1521 943 1614 994 καὶ
1637 941 1840 996 τούτων

273 1029 497 1094 πλείονα,
523 1032 604 1094 εἰς
641 1030 807 1085 ὖπνον
834 1031 1169 1103 ὲτράπημεν.

837 1319 1096 1375 ὈΜΙΛΙΑ
1134 1322 1232 1377 ῐΔ¹.

342 1448 377 1502 Ι.
412 1449 811 1525 Ὀρθριαιτερον
836 1453 877 1484 ¹⁰
903 1453 959 1506 δέ
986 1452 1164 1526 πολλῷ
1197 1454 1292 1508 τοῦ
1326 1454 1645 1527 καθημέραν
1676 1457 1704 1510 ὁ
1731 1457 1838 1510 Πέ-

288 1558 390 1612 τρος
402 1541 726 1606 διυπνισθεὶς
747 1544 918 1615 εἰσῄει
938 1545 1074 1617 πρὸς
1101 1548 1266 1616 ἡμᾶς,
1285 1547 1379 1600 καὶ
1405 1546 1693 1614 ὲξυπνίσσις
1708 1547 1834 1620 ἔφη’

289 1634 544 1696 Φαυστῖνος
585 1635 679 1688 καὶ
701 1636 1086 1700 Φαυστινιανὺς
1116 1636 1231 1707 ἅμα
1258 1637 1534 1708 Κλήμεντι
1560 1623 1695 1709 μετὰ
1728 1639 1835 1693 τῶν

289 1725 469 1779 οξκείων
502 1725 1021 1797 άκολουθησάτωσάν
1045 1746 1134 1798 μοι
1162 1730 1225 1795 ¹¹,
1257 1729 1405 1792 ὅπως
1439 1731 1496 1782 ἐν
1530 1731 1769 1802 σκεπινῷ
1793 1731 1833 1762 ¹⁸

289 1814 366 1882 τῆς
383 1813 642 1884 θαλάσσης
659 1815 808 1886 τόπῳ
835 1815 1077 1880 ἐλθόντες
1102 1817 1158 1870 ἐν
1184 1818 1552 1888 ἀκατασκόπῳ
1577 1819 1836 1890 βαπτίσαι

291 1905 428 1975 αὐτὴν
445 1906 773 1978 δυνηθῶμεν.
793 1908 938 1980 Πλὴν
962 1909 1054 1962 ἐπὶ
1077 1909 1183 1962 τῶν
1211 1909 1836 1982 αἰγιαλῶν¹³γενομένων

293 1997 436 2066 ἡμῶν,
465 1997 660 2068 μεταξὺ
693 1999 909 2071 πετρῶν
949 2017 1109 2054 τινων
1143 2001 1378 2072 γαληνοῦ
1411 2003 1503 2056 καὶ
1523 2003 1565 2033 ⁸⁸
1593 2003 1834 2075 καθαροῦ

294 2087 428 2141 τόπου
462 2089 874 2162 εὐπορησάντων
907 2091 1194 2145 ἐϐάπτισεν
1235 2094 1424 2164 αὑτήν.
1475 2094 1663 2164 Ἡμεῖς
1693 2093 1749 2145 δέ
1783 2095 1834 2147 oi

294 2181 490 2251 ἀδελφοὶ,
520 2184 625 2236 τῶν
655 2184 929 2253 γυναικῶν
953 2184 1112 2255 χάριν
1144 2184 1261 2256 ἅμα
1287 2185 1501 2256 ἀδελφῷ
1539 2187 1631 2240 καὶ
1656 2186 1834 2250 ἄλλοις

295 2273 410 2324 τισὶν
434 2274 870 2345 ὑποχωρήσαντες
911 2275 1004 2327 καὶ
1030 2274 1370 2345 λουσάμενοι,
1394 2275 1554 2346 297
1590 2275 1833 2340 ἐλθόντες

301 2363 378 2415 ἐπί
398 2364 524 2428 ³⁸τὰς
546 2368 814 2433 γυναῖκας
851 2365 1253 2437 παρελάϐομεν.
1291 2367 1402 2419 Καὶ
1425 2365 1597 2430 οὕτως
1623 2369 1678 2420 ἐν
1705 2385 1830 2439 κρυ-

299 2456 420 2525 φαίῳ
445 2457 565 2526 τόπῳ
612 2456 970 2527 πορευθέντες
1003 2455 1292 2527 εὐχόμεθα.
1316 2458 1544 2510 Ἔπειτα
1571 2459 1599 2511 ὁ
1626 2457 1831 2530 Πέτρος

294 2546 378 2608 τὰς
394 2551 618 2612 γυναῖκας
637 2548 726 2600 διὰ
745 2548 835 2601 τὸν
857 2547 1010 2619 ὄχλον
1039 2548 1412 2619 προέπεμψεν,
1429 2549 1494 2602 δι’
1523 2549 1687 2620 ἄλλης
1708 2549 1827 2604 όδοῦ

287 2637 455 2708 ἐπὶτὴν
480 2639 646 2704 ξενίαν
683 2639 855 2693 ἐλθεῖν
875 2639 1154 2705 κελεύσας,
1184 2641 1390 2713 ἀνδρῶν
1416 2658 1474 2694 τε
1497 2642 1674 2712 μόνοις
1697 2643 1826 2714 ἡμῖν

283 2733 485 2793 συνεῖναι
507 2735 570 2803 τῇ
608 2733 777 2804 μητρὶ
803 2734 896 2786 καὶ
919 2735 1038 2797 ταῖς
1061 2735 1251 2796 αὑταῖς
1280 2733 1522 2802 γυναιξὶν
1542 2735 1584 2765 ¹⁶
1606 2735 1828 2806 ἐπέτρε-

276 2821 378 2890 ψεν.
413 2825 674 2888 Ἐλθόντες
717 2821 810 2879 οὖν
855 2827 934 2889 εἰς
966 2826 1064 2896 τὴν
1113 2825 1287 2890 ξενίαν
1329 2829 1422 2881 καὶ
1466 2827 1826 2898 ἀναμένοντες

272 2915 412 2967 αὐτὸν
439 2914 605 2968 ἐλθεῖν
638 2913 886 2985 ἀλλήλοις
924 2914 1292 2986 διελεγόμεθα.
1328 2915 1484 2968 Μετὰ
1533 2915 1722 2980 ἱκανὰς
1765 2901 1829 2968 δὲ’

264 3004 396 3076 ὧρας
421 3008 447 3059 ό
473 3007 676 3078 Πέτρος
703 3004 893 3072 ἐλθὼν,
923 3007 1015 3059 τὸν
1043 3008 1204 3078 ἄρτον
1232 3009 1316 3060 ἐπ’
1345 3008 1664 3078 εὐχαριστία
1693 3007 1822 3060 κλά-

1950 489 2116 553 tibus,
2169 501 2387 558 propter
2433 493 2604 545 solam
2661 495 2976 562 pudicitiam
3025 509 3249 567 possent
3295 502 3516 558 salvari.

1947 581 2216 647 Quocirca
2247 584 2592 639 vehementer
2632 587 2828 644 anxius
2858 605 2976 644 sum
3003 591 3068 644 de
3100 591 3166 647 iis
3190 593 3283 661 qui
3331 593 3384 647 in
3429 611 3519 648 er-

1945 688 2069 727 rore
2099 674 2286 728 vivunt
2320 676 2535 744 pudice,
2563 679 2706 746 quod
2738 679 2857 734 sine
2889 681 3028 736 bona
3073 699 3167 752 spe
3198 684 3515 753 pudicitiam

1945 770 2268 835 consectati,
2312 771 2378 823 ad
2431 771 2760 840 baptismum
2805 774 3174 842 recipiendum
3221 793 3279 832 se
3325 788 3519 847 gerant

1943 862 2200 928 segniter.
2231 861 2411 929 Quare
2452 866 2584 918 solvi
2618 881 2722 918 non
2753 866 2920 932 ﬁunt;
2957 869 3084 936 quia
3115 868 3205 923 Dei
3239 871 3512 926 decretum

1943 953 2180 1020 positum
2207 964 2311 1020 est,
2336 972 2404 1010 ne
2431 956 2484 1010 in
2518 957 2689 1025 ipsius
2711 973 2938 1028 regnum
2966 959 3301 1029 ingrediatur
3321 979 3515 1030 expers

1942 1045 2224 1114 baptismi.
2273 1047 2404 1113 Qua:
2433 1060 2722 1119 postquam
2755 1052 3002 1120 protulit,
3040 1062 3096 1108 et
3126 1053 3211 1108 his
3241 1055 3418 1124 plura,
3447 1058 3514 1115 ad

1941 1153 2196 1193 somnum
2230 1143 2478 1196 conversi
2507 1157 2720 1196 smnus.

2688 1265 2760 1279 -—r-:-

2499 1323 2784 1380 llOSllLlA
2821 1328 2964 1385 XIV.

2011 1437 2054 1494 1.
2085 1437 2253 1493 Multo
2280 1450 2458 1495 autem
2497 1443 2786 1508 maturius,
2811 1460 2977 1514 quam
3006 1447 3249 1514 quotidie
3281 1447 3510 1514 solebat,

1937 1527 2132 1586 Petrus
2176 1543 2527 1600 experrectus
2557 1534 2623 1588 ad
2656 1551 2754 1590 nos
2786 1537 3067 1606 ingressus
3100 1549 3202 1603 est,
3239 1556 3376 1608 quos
3418 1557 3514 1594 ex.

1939 1625 2258 1694 pergefecit,
2307 1643 2370 1682 ac
2424 1629 2613 1684 dixit:
2671 1630 2967 1688 Faustinus
3018 1643 3072 1689 et
3123 1635 3512 1692 Faustinianus

1941 1731 2156 1784 unaque
2189 1715 2442 1772 Clemens
2486 1735 2609 1773 cum
2656 1721 2772 1775 suis
2824 1738 2910 1776 me
2956 1736 3276 1791 sequantur,
3326 1737 3383 1780 ut
3420 1743 3512 1782 ve-

1941 1807 2148 1862 nientes
2181 1809 2246 1863 ad
2293 1810 2568 1864 obtectum
2609 1813 2776 1867 maris
2825 1814 3004 1868 locum
3054 1817 3192 1870 clam
3233 1819 3512 1880 possimus

1937 1915 2055 1953 eam
2095 1901 2389 1970 baptizare.
2437 1902 2622 1973 itaque
2653 1905 2740 1958 ubi
2793 1905 2996 1962 fuimus
3038 1909 3091 1962 in
3125 1909 3324 1974 littore,
3372 1913 3512 1968 inter

1936 2007 2065 2046 saxa
2099 1995 2371 2060 quzedam,
2401 2011 2523 2064 quze
2556 1998 2911 2066 tranquillum
2944 2009 2997 2053 et
3029 2004 3288 2056 mundum
3330 2004 3507 2058 locum

1935 2085 2271 2152 prurhehant,
2292 2087 2589 2158 baptizavit
2619 2091 2786 2143 illam.
2806 2088 2915 2145 Nos
2939 2101 3118 2146 autem
3148 2093 3364 2159 fratres,
3398 2112 3512 2148 mu-

1936 2174 2130 2229 lierum
2158 2178 2362 2246 gratia,
2388 2195 2492 2231 una
2525 2195 2650 2233 cum
2673 2178 2839 2234 fratre
2869 2190 2921 2234 et
2958 2181 3078 2235 aliis
3121 2184 3397 2237 nonnullis
3429 2201 3512 2238 se-

1933 2266 2202 2321 cessimus
2228 2280 2280 2322 et
2313 2267 2578 2332 lavimus;
2617 2286 2680 2324 ac
2719 2271 2944 2339 profecti
2978 2274 3042 2326 ad
3078 2274 3331 2330 mulieres
3359 2291 3510 2330 rece-

1933 2361 2114 2431 pimus
2145 2361 2314 2430 ipsas.
2360 2359 2560 2430 Sicque
2593 2362 2646 2415 in
2696 2363 2878 2417 locum
2925 2367 3200 2419 occultum
3234 2368 3508 2437 progressi

1933 2453 2042 2507 illic
2071 2453 2272 2522 precati
2303 2468 2516 2507 sumus.
2547 2452 2736 2508 Postea
2767 2454 2958 2510 Petrus
2986 2459 3244 2513 mulieres
3275 2461 3345 2514 ob
3375 2462 3511 2516 mul-

1933 2546 2218 2600 titudinem
2271 2545 2562 2615 praemisit,
2606 2545 2805 2615 jubens
2854 2557 2913 2602 ut
2949 2565 3044 2618 per
3087 2552 3312 2606 alteram
3361 2554 3506 2607 viam
3590 2548 3592 2550 ’

1931 2639 2070 2693 irent
2097 2639 2162 2692 ad
2196 2639 2516 2708 hospitium,
2542 2638 2782 2708 solisque
2803 2641 3044 2694 virorum
3074 2643 3230 2697 nobis
3259 2646 3508 2713 permisit

1930 2742 2158 2784 matrem
2205 2745 2269 2785 ac
2316 2730 2576 2785 mulieres
2622 2731 2896 2787 comitari.
2942 2731 3235 2787 Venientes
3272 2750 3401 2804 ergo
3438 2735 3505 2789 ad

1928 2825 2293 2879 diversorium
2325 2831 2375 2878 et
2407 2825 2787 2893 pnestolantes
2816 2824 3107 2878 adventum
3154 2827 3301 2880 illius
3333 2827 3504 2881 collo—

1927 2913 2234 2982 quebamur
2273 2912 2528 2966 invicem.
2557 2911 2685 2966 Post
2717 2913 2916 2967 multas
2947 2930 3076 2968 vero
3109 2915 3274 2970 horas
3312 2916 3505 2974 Petrus

1927 3017 2212 3068 regressus
2246 3018 2441 3072 panem
2472 3003 2524 3056 in
2552 3003 2938 3058 eucharistiam
2976 3003 3153 3074 fregit,
3178 3016 3229 3059 et
3259 3007 3380 3060 cibo
3407 3024 3505 3076 po-

262 3115 349 3162 σας
391 3102 474 3154 καὶ
513 3099 723 3162 ἐπιθεὶς
759 3099 912 3165 ἃλας,
946 3102 1012 3170 τῇ
1064 3101 1230 3172 μητρὶ
1270 3100 1484 3172 πρῶτον
1526 3101 1817 3168 ἐπέδωκεν,

1932 3096 2030 3151 sito
2069 3097 2228 3150 matri
2271 3097 2506 3166 primum
2539 3097 2717 3164 dedit,
2765 3113 2829 3152 ac
2867 3107 2989 3167 post
3029 3113 3148 3152 eam
3187 3101 3345 3155 nobis
3377 3101 3504 3156 ﬁliis

258 3191 341 3243 καὶ
366 3190 402 3220 ¹⁷
431 3191 542 3260 μετ’
569 3189 742 3260 αὐτὴν
779 3191 910 3260 ἡμῖν
959 3192 1074 3251 τοῖς
1105 3190 1242 3250 υἱοῖς
1287 3189 1474 3259 αὐτῆς.
1505 3189 1616 3242 Καὶ
1651 3187 1824 3252 οὕτως

257 3282 380 3351 αὐτῇ
416 3280 863 3350 συνειστιάθημεν
887 3280 982 3332 καὶ
1009 3278 1099 3331 τὸν
1127 3279 1258 3331 Θεὸν
1283 3278 1673 3349 εὐλογήσαμεν.

316 3371 376 3425 I.
413 3372 540 3424 Τότε
576 3371 762 3424 λοιπὸν
784 3372 811 3424 ὁ
846 3370 1051 3442 Πέτρος
1077 3410 1090 3433 ,
1118 3371 1209 3432 τὸν
1251 3370 1406 3440 ὄχλον
1442 3370 1824 3442 εἰσεληλυθότα

255 3463 368 3516 ἰδὼν
396 3465 485 3518 καὶ
519 3463 807 3527 καθεσθεὶς
831 3464 924 3516 καὶ
952 3463 1434 3535 παρακαθεσθῆναι
1462 3465 1608 3535 ἡμᾶς
1635 3465 1822 3517 κελεύ-

253 3572 342 3618 σας
363 3595 376 3618 ,
403 3556 696 3626 derivatur
730 3554 796 3608 τὰ
840 3553 1033 3625 πρῶτα
1067 3554 1270 3608 πείθων
1311 3557 1460 3625 ἡμᾶς
1485 3595 1499 3620 ,
1534 3557 1639 3608 τίνι
1679 3556 1822 3629 λόγῳ

250 3648 562 3718 προπέμψας
595 3649 747 3718 ἡμᾶς
797 3647 906 3699 ἀπὸ
957 3647 1051 3698 τοῦ
1101 3645 1473 3717 βαπτίσματος
1517 3649 1610 3702 καὶ
1660 3649 1821 3714 αὐτὸς

251 3739 500 3810 βραδύνας
547 3740 801 3811 ἐπῆλθεν.
839 3740 950 3810 Τὴν
1009 3739 1064 3791 δέ
1122 3739 1298 3794 αἰτίαν
1343 3740 1493 3808 ἔλεγε
1539 3741 1816 3811 τοιαύτην.

251 3832 390 3902 Ἅμα
418 3833 494 3904 τῷ
540 3835 707 3904 ὑμᾶς,
747 3833 929 3902 φησὶν,
958 3833 1288 3902 ἀποστῆναι,
1326 3833 1504 3904 γέρων
1547 3835 1819 3905 συνεισῄει

249 3923 487 3993 ἐργάτης,
537 3923 847 3994 περιέργως
883 3923 925 3954 ³³
955 3922 1200 3975 κλέπτων
1225 3922 1266 3953 ⁸³
1306 3923 1528 3987 ἐαυτὸν,
1564 3924 1656 3976 καὶ
1683 3941 1817 3994 προ-

251 4018 660 4086 κατασκοπήσας
693 4017 870 4086 ἡμᾶς,
907 4014 982 4078 ὡς
1019 4013 1181 4077 αὐτὸς
1227 4012 1452 4085 ὕστερον
1510 4015 1814 4085 ὡμολόγει,

252 4107 376 4176 πρὸς
394 4109 451 4160 τὸ
478 4109 605 4160 ἰδεῖν
630 4107 682 4160 τί
707 4107 774 4160 ἂν
801 4106 1132 4178 πράττοιμεν
1158 4107 1238 4168 εἰς
1263 4104 1353 4158 τὸν
1378 4106 1631 4158 σκεπινὺν
1653 4107 1816 4159 τόπον

253 4200 582 4264 εἰσελθόντες,
610 4199 786 4270 λάθρα
829 4198 996 4261 ἐκϐὰς
1026 4196 1408 4268 ἠκολούθησεν·
1457 4198 1550 4250 καὶ
1571 4199 1614 4229 ¹⁰
1641 4199 1696 4250 ἐν
1727 4199 1817 4252 εύ-

252 4293 410 4365 καίρῳ
431 4295 579 4365 τόπῳ
615 4291 928 4364 προσελθὼν
961 4293 1055 4344 καὶ
1080 4290 1528 4362 προσαγορεύσας
1553 4291 1675 4362 ἔφη’
1721 4293 1815 4346 Ἐκ

254 4385 428 4438 πολλοῦ
463 4404 544 4438 σοι
573 4383 882 4438 ἀκολουθῶν
916 4386 1008 4437 καὶ¹
1036 4387 1320 4453 συντυχεῖν
1355 4383 1522 4437 θέλων
1549 4385 1809 4456 ᾐδούμην,

1927 3188 2066 3258 ejus.
2098 3191 2273 3258 Atque
2322 3191 2392 3242 ita
2425 3205 2548 3244 eum
2580 3205 2644 3244 ea
2676 3191 3038 3254 comedimus,
3069 3189 3350 3261 Deumque
3379 3192 3504 3246 lau-

1926 3281 2087 3335 dibus
2114 3281 2387 3349 prosecuti
2421 3298 2635 3336 sumus.

1997 3372 2058 3427 ll.
2103 3372 2240 3426 Tum
2273 3373 2468 3428 deinde
2510 3373 2736 3443 Petrus,
2775 3377 3085 3448 ingressum
3122 3375 3385 3444 pupulum
3422 3374 3503 3429 vi—

1925 3463 2094 3530 dens,
2143 3481 2268 3520 cum
2315 3465 2585 3530 sedisset,
2653 3483 2866 3538 nosque
2918 3468 3175 3538 jussisset
3223 3468 3498 3530 assidere.

1924 3558 2202 3612 enarravit
2236 3559 2410 3626 primo
2444 3573 2508 3611 ac
2549 3559 2754 3624 docuit,
2790 3575 2898 3629 qua
2935 3560 3142 3614 ratione
3189 3560 3348 3614 nobis
3381 3569 3501 3628 post

1923 3647 2257 3715 baptismum
2289 3648 2589 3718 prmmissis
2621 3648 2735 3717 ipse
2767 3651 2920 3705 tarde
2956 3651 3228 3705 rediissct.
3264 3651 3499 3706 Causam

1921 3755 2050 3792 vero
2081 3740 2218 3792 hanc
2251 3738 2501 3792 diccbat:
2547 3738 2721 3792 Simul
2770 3753 2934 3810 atque
2970 3757 3066 3794 vos
3092 3783 3106 3806 ,
3146 3741 3360 3811 inquit,
3388 3743 3499 3796 dis-

1921 3830 2185 3893 cessistis,
2214 3845 2375 3884 senex
2407 3831 2690 3898 operarius
2709 3832 3184 3894 advenit,curiose
3215 3833 3499 3886 occultans

1921 3936 2000 3985 se,
2052 3921 2320 3991 nobisque
2369 3922 2522 3992 prius
2572 3923 2878 3978 observatis
2934 3923 3118 3993 (sicut
3151 3924 3266 3993 ipse
3308 3931 3499 3993 postea

1920 4012 2099 4067 fassus
2128 4015 2254 4084 est),
2286 4023 2344 4067 ut
2376 4014 2601 4080 videret,
2633 4015 2894 4085 quidnam
2922 4015 3154 4085 ingrcssi
3183 4016 3362 4070 locum
3399 4016 3501 4071 ob-

1919 4115 2120 4159 tectum
2161 4121 2479 4176 ageremus,
2514 4107 2652 4160 clam
2691 4109 2824 4162 exiit
2858 4118 2913 4163 et
2947 4116 3167 4164 secutus
3199 4116 3302 4174 est,
3336 4117 3500 4178 atque

1919 4199 1970 4252 in
2013 4208 2321 4268 opportuno
2363 4200 2484 4254 loco
2528 4201 2858 4256 conveniens
2895 4217 2981 4255 me
3014 4217 3077 4255 ac
3106 4201 3351 4257 salutans
3379 4201 3494 4258 ait:

1914 4287 2034 4346 Jam
2064 4291 2156 4345 diu
2195 4301 2245 4346 te
2277 4307 2511 4361 sequens
2544 4301 2597 4347 et
2630 4293 2834 4363 alloqui
2873 4294 3123 4364 cupiens,
3159 4295 3387 4349 verebar
3429 4312 3500 4349 ne

1917 4384 2048 4438 mihi
2081 4393 2338 4454 tanquam
2370 4385 2591 4440 curioso
2623 4385 2962 4453 irascereris,
2982 4403 3128 4442 nunc
3156 4395 3338 4441 autem
3375 4403 3498 4457 quze

255 4478 430 4546 μήπως
452 4478 526 4540 ὡς
567 4475 846 4549 περιέργῳ
877 4493 966 4547 μοι
1004 4475 1352 4550 χαλεπαίνῃς·
1390 4476 1484 4530 νῦν
1510 4477 1565 4530 δέ
1591 4476 1660 4530 τὰ
1691 4478 1814 4548 ἐμοὶ

1932 4478 2049 4530 nihi
2078 4477 2333 4531 videntur
2362 4495 2510 4544 vera,
2546 4480 2592 4533 si
2615 4479 2698 4534 vis
2719 4479 2958 4549 profer-0.
2979 4479 3042 4534 Et
3070 4496 3170 4550 ego
3195 4480 3452 4550 respondi
3479 4499 3494 4540 :

249 4567 484 4624 Eomﬁwa
514 4571 712 4642 ἀληθῆ,
749 4571 796 4623 εἰ
849 4569 1056 4640 βούλει,
1102 4569 1263 4638 λέγω.
1299 4567 1469 4636 Κάγὼ
1509 4570 1806 4640 ἀπεκρινά-

251 4675 368 4729 inpr
388 4663 546 4734 298
563 4663 703 4732 Λέγε
729 4665 860 4734 ἡμῖν
887 4663 1024 4734 ὅπερ
1052 4679 1130 4714 σοι
1154 4662 1300 4715 δοκεῖ
1322 4658 1484 4713 καλὸν
1517 4657 1676 4722 εἶναι,
1713 4662 1807 4714 καὶ

247 4751 597 4826 ἀποδεξόμεθα
633 4773 713 4818 σε,
749 4753 852 4808 κᾶν
879 4755 955 4826 τῷ
997 4754 1109 4807 ὄντι
1147 4754 1220 4826 μὴ
1249 4752 1412 4806 καλὸν
1502 4753 1562 4805 τὸ
1587 4749 1809 4820 λεγόμε-

247 4848 596 4920 νον,ἐπείπερ
638 4848 819 4919 ἀγαθῇ
865 4849 1180 4922 προαιρέσει
1223 4848 1282 4901 τὸ
1321 4846 1510 4901 δοκοῦν
1539 4863 1619 4900 σοι
1648 4845 1808 4900 καλὸν

250 4937 406 4991 εἰπεῖν
430 4940 718 5011 ἠθέλησας.

315 5029 390 5085 lll.
429 5034 534 5085 Καὶ
557 5033 587 5084 ό
621 5031 802 5102 γέρων
827 5029 922 5082 τοῦ
958 5028 1135 5096 λέγειν
1155 5027 1354 5099 ἤρξατο
1387 5026 1577 5092 οὕτως·
1600 5028 1810 5083 Θαλάσ-

251 5133 316 5190 σῃ
358 5120 492 5193 ὑμᾶς
531 5120 890 5192 λελουμένους
938 5120 1019 5182 εἰς
1056 5118 1100 5149 ¹¹
1149 5118 1240 5170 τὸν
1283 5118 1597 5195 ἀπόκρυφον
1640 5120 1806 5174 τόπον

1915 4569 2011 4624 Dic
2045 4570 2205 4625 nobis
2249 4572 2393 4640 quod
2428 4569 2775 4626 tibi'videtur
2809 4588 2931 4626 esse
2963 4573 3191 4637 bonum,
3219 4581 3273 4626 et
3307 4572 3496 4626 lauda-

1913 4665 2094 4718 bimus
2130 4672 2202 4727 te,
2235 4664 2359 4718 licet
2393 4680 2450 4717 re
2480 4680 2606 4719 vera
2633 4706 2648 4731 ,
2682 4665 2831 4734 quod
2864 4665 3070 4720 dixeris
3096 4706 3110 4730 ,
3147 4665 3350 4719 bonum
3385 4679 3494 4720 non

1914 4753 2103 4817 fuerit,
2155 4756 2411 4824 quoniam
2464 4755 2716 4824 prudenti
2777 4757 3012 4810 consilio
3058 4757 3143 4822 id,
3191 4756 3339 4830 quod
3393 4757 3495 4811 tibi

1913 4846 2088 4902 visqu
2135 4857 2222 4903 est
2272 4847 2497 4914 bonum,
2535 4847 2774 4902 volueris
2808 4849 3084 4918 proloqui.

1982 5024 2068 5080 lll.
2112 5022 2249 5076 Tum
2287 5039 2452 5078 senex
2500 5022 2573 5076 ita
2608 5022 2776 5092 cmpit
2825 5025 3052 5079 dicere:
3109 5023 3166 5078 in
3204 5025 3342 5079 mari
3394 5038 3493 5078 vos

1913 5117 2114 5172 lavisse
2160 5117 2312 5183 vidi,
2348 5125 2404 5171 et
2454 5130 2578 5186 post
2626 5117 2728 5172 hoc
2759 5119 2827 5172 ad
2877 5129 3153 5174 secretum
3201 5117 3493 5175 secessisse

1530 5295 1764 5350 VARle
1804 5296 2206 5353 LECTIONES.

313 5411 350 5442 '°
383 5411 456 5467 lta
489 5412 535 5467 Ο
587 5428 637 5466 c.
681 5411 720 5465 S
749 5453 765 5476 ,
795 5410 1110 5484 όρθρίτερον
1172 5411 1236 5465 (Ξ.
1281 5411 1396 5465 Cl'r.
1431 5411 1580 5492 hom.
1608 5428 1702 5475 xu,
1748 5413 1844 5478 12;
1903 5429 1988 5466 xw
2015 5455 2030 5478 ,
2061 5413 2122 5466 2|
2155 5431 2169 5478 ;
2223 5431 2358 5496 xv",
2392 5415 2450 5480 l;
2489 5433 2599 5481 xix,
2629 5415 2679 5470 1.
2710 5414 2848 5468 Tum
2885 5412 3006 5466 καθ’
3056 5411 3269 5535 ἡμέὲαν
3321 5412 3485 5494 idem.

313 5483 856 5535 ἀκουλουθησάτωσάν
905 5499 992 5535 μοι
1022 5482 1084 5535 Ο.
1191 5483 1232 5512 ¹²
1272 5499 1545 5534 σκεπεινω
1584 5482 1626 5535 0
1659 5523 1672 5534 .
1698 5493 1751 5535 et
1797 5484 2044 5535 posthac.
2078 5483 2214 5535 Tum
2254 5487 2326 5535 ul.
2362 5486 2441 5535 Td:
2473 5487 2566 5535 τοῦ
2603 5486 2974 5535 ϐαπτίσματος
3008 5497 3152 5535 aveo:
3197 5499 3378 5535 σωιιεν
3411 5488 3485 5535 ita

243 5483 279 5512 "
308 5481 856 5555 ἀκουλωθησάτωσάν
899 5481 992 5555 μοι
1169 5483 1232 5555 _“
1272 5481 1550 5555 exat-remi}
1584 5482 1626 5536 0
1659 5523 1672 5545 ,
1698 5493 1751 5555 et

238 5567 401 5625 marg.
427 5553 694 5625 παρενΟᾹέν
744 5554 838 5606 καὶ
870 5553 1042 5625 νόθον)
1078 5569 1129 5622 p.
1164 5553 1233 5625 ἐν
1274 5553 1643 5625 ἀκατασκόπῳ

241 5621 374 5687 Epit:
403 5621 518 5677 “0'
540 5634 592 5678 et
615 5622 659 5674 0
690 5664 704 5678 .
733 5625 882 5676 deest
911 5624 963 5676 in
997 5621 1144 5677 textu
1177 5622 1260 5686 Ci.

238 5707 288 5756 γ.
322 5695 464 5760 conj.
497 5693 536 5746 S

241 5762 448 5833 ρὲεργος
494 5762 640 5836 Epit.

1797 5484 2044 5556 posthac.
2078 5483 2214 5538 Tum
2254 5486 2326 5540 id.
2362 5486 2441 5539 Td:
2473 5487 2566 5538 τοῦ
2603 5486 2974 5556 βαπτίσματος
3008 5482 3132 5556 σχεδ

1702 5553 1958 5628 βάπτισαι
2015 5555 2185 5628 αὐτὴν
2242 5556 2579 5628 δυνηθῶμεν.

1336 5625 1380 5655 ³⁸
1407 5623 1497 5675 ἐπί
1543 5625 1783 5693 suppleri
1821 5641 1884 5677 ex
1912 5623 1975 5679 0.

638 5696 677 5726 "’
702 5694 792 5768 καί
820 5694 948 5768 add.
980 5692 1163 5768 e.A0._
1189 5693 1266 5746 Ex
1311 5696 1499 5768 eodem
1547 5692 1762 5768 reposui
1811 5695 1932 5768 ἡμῖν
1954 5735 1971 5763 ,
2006 5698 2149 5766 quod
2199 5700 2412 5766 transiit
2438 5700 2495 5752 S.
2535 5692 2682 5761 'l‘um'
2705 5695 3132 5768 συνεστιάθημεν
3158 5697 3223 5751 C.
3304 5699 3346 5729 ³³
3394 5692 3494 5752 sta?

718 5765 758 5796 ¹⁹
786 5763 997 5820 κλέπων
1031 5763 1094 5820 Ο.
1131 5765 1378 5836 Sequens
1405 5763 1498 5820 καί
1525 5780 1593 5821 ex
1611 5762 1760 5833 Epit.
1785 5762 1906 5822 et'O

3197 5499 3378 5552 σωμεν
3411 5485 3488 5552 (ia

2681 5558 2722 5588 η
2752 5556 2844 5608 τὸν
2898 5555 3141 5621 αἰγιαλόν
3193 5557 3253 5607 (3.
3337 5557 3378 5586 ⁸⁵
3403 5555 3493 5613 καί

2057 5626 2098 5656 ¹⁶
2130 5625 2221 5680 καὶ
2252 5625 2476 5691 ταύταις
2508 5631 2628 5696 ταῖς
2661 5625 2901 5695 γυναιξίν
3004 5664 3018 5686 ,
3046 5627 3137 5678 καὶ
3160 5627 3280 5690 ταῖς
3303 5625 3495 5696 ἄλλαις

3058 5769 3106 5826 ,⁸⁸
3158 5769 3262 5823 ὑπό
3283 5770 3346 5824 0.

1937 5808 1952 5837 ,
1983 5768 2132 5824 deest
2158 5785 2242 5837 ap.
2273 5769 2334 5823 (Σ.
2413 5770 2457 5801 ³ο
2483 5769 2573 5824 καί
2609 5767 2809 5823 inserui
2841 5782 2890 5822 c.
2922 5765 2987 5822 Ο.
