4022 6336
569 317 676 376 347

1422 313 1478 370 ς.
1519 313 1906 369 CLEMENTIS
1940 313 1962 367 1
2017 314 2124 368 1101

2226 313 2420 368 ΡΟΝΤ.
2463 314 2688 367 OPEliA
2725 316 2949 372 DUBIA.
3673 324 3760 382 5‘8

561 433 744 490 locum
777 453 790 488 :
848 434 1116 489 accedens
1148 447 1278 503 ergo
1299 475 1314 498 ,
1355 441 1408 486 et
1458 433 1756 486 observans
1783 431 1850 484 de
1887 431 2124 486 occulto.

2241 432 2701 502 ὑποχωρήσαντας
2733 431 2873 491 ἰδὼν,
2903 429 3211 502 προσελθὼν
3237 431 3405 503 λάθρα
3435 437 3760 493 κατεσκόποον

561 526 694 596 quid
735 526 788 579 in
837 535 1108 580 secretum
1160 523 1392 594 ingressi
1443 524 1675 593 ageretis
1701 565 1716 588 ,
1751 538 1875 577 cum
1916 533 2134 577 orantes

563 619 954 687 inSpexissem,
992 617 1240 672 secessi:
1293 624 1348 670 et
1398 630 1497 669 vos
1544 617 1837 670 miseratus
1893 614 2132 684 opperiri

561 711 721 779 cmpi,
749 724 1039 778 usquequo
1063 722 1316 778 egressos
1345 707 1668 776 alloquerer,
1696 721 1760 761 ac
1781 708 2036 761 docerem
2068 722 2136 761 ne

559 801 777 855 erretis.
811 799 948 866 Quia
993 815 1170 868 neque
1197 797 1340 853 Deus
1371 807 1489 863 est,
1545 813 1720 867 neque
1769 798 2130 870 providentia,

558 891 651 943 sed
686 890 871 958 genesi
907 888 1090 942 omnia
1123 887 1437 954 subjacent,
1472 887 1612 941 sicut
1652 903 1751 956 ego
1782 903 1849 941 ex
1879 887 1946 942 iis
1969 928 1982 951 ,
2013 904 2134 957 quae

560 984 692 1036 mihi
729 982 1082 1046 acciderunt,
1115 979 1560 1034 manifestissime
1589 979 1852 1048 comperi,
1882 980 1934 1032 in
1967 979 2135 1033 disci-

559 1077 705 1144 plina
743 1074 1050 1127 matheseos
1079 1073 1193 1141 jam
1255 1073 1462 1141 pridem
1525 1071 1812 1140 diligenter
1865 1070 2130 1124 eruditus.

557 1165 680 1218 Noli
719 1182 849 1234 ergo
893 1179 1100 1230 errare,
1145 1163 1242 1217 ﬁli.
1284 1164 1409 1217 Sive
1451 1163 1596 1217 enim
1631 1179 1790 1224 ores,
1842 1161 1954 1214 sive
1989 1176 2128 1223 non,

558 1273 680 1326 qua:
712 1255 929 1323 genesis
959 1265 1052 1309 tua
1088 1256 1353 1320 continet,
1392 1255 1506 1308 haec
1541 1255 1634 1307 tibi
1671 1253 1915 1307 accident
1946 1267 2134 1305 neces-

557 1347 724 1400 sario.
771 1345 904 1399 Nam
969 1347 1014 1399 si
1055 1360 1243 1415 preces
1295 1355 1519 1415 possent
1552 1345 1757 1420 aliquid
1785 1385 1800 1408 ,
1851 1343 1935 1396 vel
1989 1342 2131 1395 bona

557 1454 744 1506 op.9t‘a,
784 1437 898 1506 ipse
934 1436 1076 1489 inter
1136 1436 1410 1489 feliciores
1443 1451 1641 1489 essem.
1678 1433 1756 1492 Ac
1810 1449 1990 1499 nunc,
2026 1432 2130 1485 nisi

559 1537 611 1580 te
644 1527 846 1594 decipit
893 1527 1009 1580 haec
1043 1525 1373 1595 paupercula
1406 1539 1523 1578 mea
1558 1523 1759 1588 vestis,
1794 1522 1957 1576 dictis
1997 1521 2130 1575 meis

556 1634 668 1672 non
695 1618 928 1672 diﬂidas.
963 1616 1100 1672 Cum
1148 1617 1275 1669 olim
1326 1616 1379 1680 in
1414 1630 1611 1683 magna
1652 1615 1918 1668 bonorum
1957 1612 2132 1666 abun-

557 1710 743 1763 dantia
778 1725 1063 1773 versarer,
1097 1708 1266 1762 multa
1301 1716 1412 1760 tum
1465 1707 1570 1760 diis
1608 1705 1978 1768 immolabant,
2015 1714 2126 1756 tum

555 1803 740 1870 egenis
779 1801 1048 1869 largiebar
1081 1818 1093 1854 :
1137 1808 1375 1856 attamen
1417 1797 1549 1851 dum
1592 1811 1689 1850 oro
1727 1805 1781 1850 et
1842 1795 1929 1865 pie
1961 1795 2085 1847 vivo
2111 1835 2124 1858 ,
2159 1779 2200 1832 Β

559 1893 727 1945 l'atum
765 1909 871 1946 non
921 1890 1069 1960 potui
1112 1889 1367 1958 effugere.
1412 1888 1474 1940 Et
1506 1901 1606 1956 ego
1641 1887 1754 1941 dixi
1793 1905 1805 1940 :
1867 1886 2124 1951 Quaenam

556 1995 723 2055 sunt,
772 2000 893 2054 quae
931 1985 1025 2038 tibi
1079 1981 1468 2053 contigerunt?
1504 1979 1595 2032 ille
1637 1994 1765 2033 vero
1802 1977 2080 2046 rc5pondit
2111 1993 2124 2028 :

554 2073 672 2127 Non
701 2089 921 2128 necesse
954 2084 1037 2127 est
1067 2088 1212 2126 nunc
1240 2071 1424 2124 dicere
1451 2088 1464 2123 :
1499 2068 1636 2123 forte
1686 2068 1737 2122 in
1775 2068 1879 2121 line
1910 2066 2118 2130 audies,

555 2169 807 2237 quisnam
839 2183 939 2238 ego
972 2183 1096 2221 cum
1143 2181 1318 2221 essetn
1339 2207 1354 2231 ,
1397 2172 1466 2238 et.
1489 2180 1555 2218 ex
1589 2163 1789 2234 quibus
1821 2171 1976 2216 ortus
2001 2202 2015 2226 ,
2063 2159 2116 2212 in

2233 521 2295 573 τὸ
2326 522 2377 572 τί
2408 522 2474 574 ἂν
2507 523 2566 575 ἐν
2591 523 2844 593 κρυφαίῳ
2869 522 3130 584 εἰσιόντες
3157 523 3461 592 πράττοιτε,
3487 529 3574 580 καὶ
3601 530 3765 604 ἐπειδὴ

2235 612 2560 682 εὐχομένους
2606 610 2743 665 εἶδον
2782 613 2849 674 ¹¹,
2893 612 3253 683 ὑπεχώρησα·
3303 612 3519 683 ἐλεήσας
3553 614 3605 667 δέ
3643 618 3768 688 ὑμᾶς

2237 702 2512 772 ἀνέμεινα,
2557 704 2705 766 ὅπως
2749 703 2951 770 ἐξιοῦσι
2973 706 3018 738 ’³
3063 703 3465 776 προσομιλήσας
3504 707 3658 760 πίσω
3704 711 3767 783 μὴ

2234 791 2568 846 ἀπατᾶσθαι.
2595 792 2731 846 Οΰτε
2754 793 2862 864 γάρ
2886 793 3019 857 Θεὸς
3047 793 3222 858 ἐστιν,
3249 793 3370 847 οὔτε
3398 796 3632 865 πρόνοια,
3654 799 3772 853 ἀλλά

2234 883 2449 950 γενέσει
2481 883 2548 936 τά
2581 885 2758 936 πάντα
2783 885 3085 946 ὑπόκειται,
3107 885 3182 947 ὼς
3215 884 3324 954 ἐγὼ
3349 887 3430 954 ἐφ’
3453 880 3530 948 οἷς
3559 887 3772 943 πέπονθα

2233 973 2755 1045 πεπληροφόρημαι,
2790 976 2854 1026 ἐκ
2887 974 3094 1026 πολλῶν
3117 975 3162 1006 ’³
3187 975 3428 1046 ἀκριϐῶν
3449 975 3510 1028 τὸ
3552 977 3770 1048 μάθημα.

2233 1064 2324 1134 Μὴ
2357 1059 2449 1115 οὖν
2476 1063 2689 1126 άπατῶ,
2724 1064 2931 1118 τέκνον.
2960 1065 3084 1118 Εἴτε
3117 1066 3227 1137 γὰρ
3256 1065 3418 1138 εὔχῃ,
3462 1067 3566 1120 είτε
3594 1069 3679 1139 μή,
3716 1070 3775 1124 τά

2233 1154 2298 1205 ἐκ
2320 1153 2418 1222 τῆς
2448 1153 2712 1221 γενέσεως
2735 1153 2963 1224 πάσχειν
2985 1155 3228 1225 ἀνάγκην
3251 1154 3412 1225 ἔχεις·
3441 1159 3488 1208 εί
3517 1157 3619 1230 γὰρ
3642 1160 3775 1231 εὐχαί

2231 1262 2286 1297 τι
2313 1245 2565 1298 ἐδύναντο
2587 1246 2632 1278 ’⁸
2659 1246 2690 1318 ἢ
2727 1245 2785 1298 τὸ
2817 1243 2874 1299 εὖ
2911 1251 3109 1310 ποιεῖν,
3136 1247 3299 1310 αὐτὸς
3320 1248 3387 1301 ἂν
3411 1251 3467 1300 ἐν
3491 1253 3597 1313 τοῖς
3619 1252 3778 1322 κρείτ-

2231 1354 2380 1390 τοσιν
2412 1339 2580 1408 ήμην.
2613 1339 2725 1390 Καὶ
2750 1337 2843 1391 νῦν
2876 1340 2924 1392 εί
2967 1341 3037 1409 μή
3075 1355 3134 1391 σε
3165 1339 3352 1409 ἀπατᾷ
3389 1342 3421 1410 ή
3447 1342 3666 1411 πενιχρά
3690 1360 3776 1412 μου

2232 1428 2377 1507 αὕτη.
2412 1428 2600 1508 ἐσθὴς,
2641 1430 2741 1482 οὐκ
2775 1430 3093 1501 ἀπιστήσεις
3128 1431 3172 1462 ⁸⁸
3197 1426 3280 1494 οἷς
3321 1431 3479 1499 λέγω.
3519 1433 3601 1484 Ἐν
3631 1431 3776 1502 πολλῇ

2234 1521 2349 1590 βίου
2385 1519 2514 1571 ποτὲ
2555 1517 2630 1572 ὣν
2664 1520 2977 1592 περιουσίᾳ,
3005 1521 3172 1573 πολλά
3198 1523 3292 1574 καὶ
3333 1521 3475 1584 Θεοῖς
3503 1521 3672 1586 ἓθυον,
3698 1524 3779 1575 καὶ

2231 1611 2504 1682 δεομένοις
2529 1614 2804 1682 παρεῖχον,
2836 1612 2928 1664 καὶ
2961 1612 3110 1681 ὅμως
3135 1612 3428 1682 εὐχόμενός
3450 1629 3507 1664 τε
3534 1613 3623 1665 καὶ
3647 1613 3780 1675 εὐτε-

2233 1702 2341 1754 ϐὦν
2376 1701 2475 1772 τὴν
2503 1701 2871 1773 πεπρωμένην
2903 1703 3160 1771 ἐκφυγεῖν
3191 1705 3291 1756 οὐκ
3316 1703 3596 1776 ἠδυνήθην.
3632 1702 3781 1771 Κάγὼ

2229 1794 2384 1864 ἔφην·
2409 1792 2541 1844 Τίνα
2567 1792 2712 1844 ἐστὶν
2737 1792 2772 1846 ἃ
2797 1793 3070 1856 πέπονθας
3082 1795 3156 1858 ¹“⁷;
3186 1795 3214 1846 ό
3239 1794 3296 1846 δὲ
3320 1795 3658 1866 ἀπεκρίνατο·
3684 1794 3781 1846 Οὐκ

2229 1883 2438 1952 ἀνάγκη
2463 1882 2639 1950 λέγειν
2668 1881 2782 1946 νῦν,
2815 1883 2944 1946 ἴσως
2987 1883 3078 1935 ἐπὶ
3109 1882 3251 1956 τέλει
3279 1884 3506 1956 ἀκούσῃ,
3537 1883 3615 1947 τίς
3637 1900 3690 1935 τι
3718 1881 3782 1935 ὢν

2230 1973 2340 2041 ἐγὼ
2371 1975 2464 2025 καὶ
2493 1973 2673 2037 τίνων,
2703 1975 2759 2025 ἐν
2800 1973 2980 2036 ποίαις
3024 1973 3139 2043 βίου
3189 1973 3541 2046 περιστάσεσι
3584 1975 3780 2042 γέγονα.

2228 2065 2342 2118 Νῦν
2374 2063 2429 2117 δὲ
2455 2066 2535 2117 ﬁt
2561 2066 2771 2134 γενέσει
2801 2065 2870 2118 τά
2902 2065 3078 2139 πάντα
3111 2061 3431 2128 ὑπόκειται,
3461 2065 3784 2137 πληροιρορη-

2230 2155 2387 2226 θῆναί
2424 2173 2482 2208 σε
2508 2155 2664 2208 θέλω.

555 2261 752 2329 quales
800 2258 1123 2313 ineurrerim
1173 2258 1298 2312 vita:
1351 2255 1710 2310 calamitates.
1755 2252 1862 2308 Sed
1913 2267 2082 2316 nunc,
2149 2248 2334 2305 omnia
2385 2245 2580 2316 subjici
2633 2245 2931 2317 genitum,
2965 2247 3090 2303 volo
3122 2248 3220 2302 tibi
3272 2263 3394 2304 esse
3444 2247 3779 2318 persuasissi-

557 2366 728 2404 tuum.

629 2443 716 2496 IV.
761 2442 874 2514 Ego
902 2443 1013 2498 dixi
1045 2462 1058 2504 :
1097 2443 1152 2497 Si
1186 2445 1368 2512 genesi
1394 2455 1586 2499 cuncta
1623 2441 1878 2508 subsunt,
1907 2436 2120 2510 hoche

556 2534 628 2587 ita
661 2549 782 2588 esse
809 2549 1129 2604 persuasum
1160 2535 1349 2600 habes,
1381 2543 1558 2587 tecum
1586 2530 1880 2602 pugnantia
1911 2529 2119 2598 cogitas

555 2635 609 2679 ct
658 2627 920 2680 consulis.
959 2625 1170 2678 Etenim
1229 2625 1273 2678 si
1333 2639 1524 2678 contra
1571 2622 1748 2679 natale
1796 2636 1863 2674 ne
1917 2619 2119 2674 sentire

555 2719 774 2786 quidem
823 2733 1156 2785 possumus,
1203 2731 1304 2770 cur
1351 2714 1556 2768 frustra
1591 2714 1846 2776 laboras,
1897 2711 1951 2763 id
2002 2709 2117 2762 ﬁeri

555 2809 918 2872 consulendo,
953 2807 1096 2879 quod
1132 2821 1252 2860 esse
1287 2803 1516 2873 nequit?
1547 2801 1852 2866 Quinetiam
1893 2800 1937 2854 si
1975 2798 2118 2852 nati-

553 2901 692 2955 vitas
721 2899 988 2965 subsistit,
1028 2897 1138 2951 noli
1192 2897 1244 2950 in
1300 2911 1364 2950 eo
1399 2908 1596 2959 navare
1627 2907 1873 2960 operam,
1906 2900 1966 2944 ut
1999 2907 2122 2960 per-

553 2992 784 3046 suadeas
817 2991 969 3056 mihi,
1005 3006 1070 3044 ne
1098 2989 1276 3052 colam
1309 2995 1580 3042 astrorum
1610 2986 1772 3038 etiam
1807 2983 2116 3050 hominum,

2298 2442 2462 2513 299
2498 2442 2586 2496 IV.
2623 2441 2792 2510 Κάγὼ
2833 2438 3073 2514 ἔφην”Εί
3105 2443 3322 2511 γενέσει
3362 2445 3429 2497 τά
3457 2445 3626 2498 πάντα
3664 2445 3781 2499 ὑπό-

2227 2547 2425 2594 κειται,
2470 2532 2563 2584 καὶ
2595 2529 2738 2582 τοῦθ’
2761 2531 2808 2561 ’⁸
2831 2530 3003 2600 οὕτως
3053 2530 3200 2600 ἔχειν
3219 2533 3264 2562 ²⁹
3300 2532 3782 2604 πεπληροφόρησαι,

2228 2621 2436 2692 σεαυτῷ
2456 2623 2668 2675 ἐναντία
2689 2621 2822 2676 νοῶν
2840 2639 2902 2674 συ
2911 2611 3241 2693 μϐουλεύεις.
3263 2624 3329 2675 Ei
3353 2623 3449 2693 μὲν
3470 2623 3575 2694 γάρ
3593 2624 3634 2654 ³⁹
3651 2625 3785 2696 παρά

2224 2717 2434 2786 γένεσιν
2458 2717 2518 2769 οὑ
2541 2717 2762 2770 δυνατὸν
2797 2705 3002 2769 οὐδὲτὸ
3040 2718 3254 2789 φρονεῖν
3281 2757 3296 2781 ,
3327 2717 3380 2769 τί
3408 2720 3784 2787 ματαιοπονεῖς,

2223 2808 2607 2880 συμϐουλεύων
2653 2809 2918 2878 γενέσθαι¹
2950 2808 2979 2860 ὃ
3019 2809 3275 2877 γενέσθαι
3322 2810 3578 2863 ἀδύνατόν
3616 2810 3748 2860 ἐστιν
3768 2825 3789 2878 ;_

2223 2899 2337 2954 ἀλλ’
2361 2900 2441 2953 ἔτι
2473 2900 2576 2970 μὴν
2599 2901 2646 2952 εί
2672 2900 2886 2968 γένεσις
2911 2901 3235 2972 ὑφέστηκεν,
3264 2902 3341 2971 μὴ
3378 2901 3571 2954 σπεῦδε
3599 2899 3788 2952 πείθειν.

2225 2991 2324 3060 ἐμὲ
2360 2991 2433 3061 μὴ
2464 2991 2643 3044 σέϐειν
2675 2991 2765 3043 τὸν
2791 2992 2884 3044 καὶ
2910 2992 3019 3043 τῶν
3059 2993 3275 3062 ἄστρων
3302 2992 3583 3063 δεσπότην,
3617 2987 3673 3045 οὗ
3704 2990 3782 3042 θέ-

552 3083 647 3152 qui
675 3090 730 3135 et
757 3081 800 3135 si
835 3050 966 3133 velit,
1005 3095 1110 3132 non
1138 3050 1263 3140 ilieri
1295 3074 1533 3155 aliquid,
1569 3073 1684 3130 lieri
1723 3072 1927 3139 nequit.
1961 3071 2118 3126 Sem-

2226 3050 2406 3147 λοντος
2423 3050 2521 3136 καὶ
2551 3083 2623 3154 μὴ
2647 3083 2899 3152 γενέσθαι
2932 3101 3004 3146 τι,
3040 3050 3296 3152 γενέσθαι
3321 3050 3580 3144 ἀδύνατον,
3598 3085 3659 3138 ³¹.
3681 3081 3783 3136 Alei

554 3193 650 3245 per
680 3175 848 3238 enim,
889 3171 1033 3242 quod
1069 3171 1280 3235 subest,
1316 3167 1391 3234 ei,
1424 3166 1566 3239 quod
1621 3174 1814 3235 praeest
1843 3179 1906 3218 ac
1946 3163 2116 3228 duelt,

553 3275 741 3334 pareat
771 3278 994 3318 necesse
1044 3263 1225 3315 habet.
1261 3260 1424 3315 Certe
1451 3256 1700 3313 venei'ari
1743 3271 1839 3310 eos
1865 3298 1879 3322 ,
1915 3255 2007 3324 qui
2043 3255 2118 3308 dii

553 3365 834 3426 putantur,
870 3355 1052 3424 genesi
1089 3352 1404 3406 dominante
1437 3347 1774 3419 superﬂuum
1798 3356 1900 3400 est.
1933 3344 2120 3416 Neque

552 3449 698 3503 enim
735 3457 926 3518 praeter
959 3446 1010 3500 id
1035 3489 1048 3510 ,
1082 3446 1226 3516 quod
1276 3443 1391 3499 fato
1437 3445 1649 3514 placet,
1685 3441 1982 3511 quidquam
2017 3440 2110 3507 ﬁt,

552 3556 731 3609 neque
762 3540 862 3609 ipsi
894 3539 1172 3610 quidpiam
1207 3536 1383 3594 facere
1417 3543 1666 3606 possunt,
1700 3535 1792 3605 qui
1827 3533 2120 3588 universali

553 3632 737 3701 genesi
772 3647 886 3684 sum
927 3629 1033 3684 sint
1081 3629 1330 3697 subjecti.
1371 3627 1426 3681 Si
1464 3627 1674 3698 genesis
1718 3625 1923 3689 existit,
1953 3640 2120 3693 repu-

554 3731 700 3790 gnat,
731 3722 782 3776 id
812 3721 955 3790 quod
990 3738 1098 3775 non
1133 3729 1216 3774 est
1244 3719 1503 3789 primum,
1528 3718 1832 3787 imperare:
1858 3723 1952 3769 aut
1985 3715 2117 3770 sub-

548 3815 754 3882 jactum
801 3829 920 3866 esse
973 3827 1080 3866 non
1129 3820 1308 3881 potest
1351 3809 1690 3881 ingenitum,
1746 3822 1893 3873 cum,
1928 3814 2113 3876 utpote

555 3906 880 3975 ingenitum,
911 3904 1045 3956 nihil
1077 3903 1275 3957 habeat
1311 3919 1367 3957 se
1401 3901 1700 3971 antiquius.

629 3996 692 4051 V.
733 3996 860 4051 llaec
891 4013 1015 4052 cum
1053 3997 1194 4049 inter
1225 4012 1323 4049 nos
1359 3995 1728 4064 loqueremur,
1765 3993 1954 4063 ingens
1988 3990 2120 4045 asti-

554 4089 617 4144 tit
649 4090 929 4143 hominum
959 4087 1270 4140 multitudo.
1301 4084 1563 4156 Tuncque
1597 4084 1664 4138 ad
1691 4100 1786 4138 eos
1821 4083 2120 4153 respiciens

552 4183 662 4236 dixi
691 4201 702 4235 :
730 4181 839 4250 Ego
868 4193 990 4233 cum
1018 4193 1214 4248 genere
1243 4193 1363 4232 meo
1387 4177 1568 4246 accepi
1609 4193 1637 4232 a
1676 4175 1974 4244 majoribus
2004 4175 2120 4231 cul-

554 4284 665 4327 tum
701 4272 815 4338 Dei,
851 4281 902 4325 et
936 4279 1263 4340 praeceptum
1301 4269 1475 4326 habeo
1509 4284 1573 4321 ne
1608 4268 1749 4320 ortui
1788 4267 2115 4329 adlneream,

2221 3173 2330 3244 γὰρ
2354 3173 2414 3226 τὸ
2441 3173 2796 3244 ὑποκείμενον
2820 3173 2898 3244 τῷ
2921 3174 3207 3245 ἡγουμένῳ
3235 3175 3520 3229 πείθεσθαι
3557 3173 3782 3242 ἀνάγκην

2220 3264 2353 3333 ἔχει.
2391 3264 2462 3316 Τὸ
2492 3265 2674 3335 μέντοι
2711 3267 2839 3328 τοὺς
2864 3265 3252 3336 νομιζομένους
3278 3266 3436 3330 θεοὺς
3479 3247 3776 3333 σέϐεινξγε·

2221 3356 2421 3418 νέσεως
2446 3355 2866 3427 ἐπικρατούσης,
2894 3357 3145 3427 περιττόν
3169 3359 3339 3410 ἐστιν.
3360 3357 3496 3410 υῦτε
3522 3358 3627 3428 γάρ
3653 3356 3784 3427 παρά

2218 3447 2280 3500 τὸ
2309 3446 2500 3500 δοκοῦν
2533 3449 2598 3518 τῇ
2627 3449 2962 3523 πεπρωμένῃ
2986 3466 3038 3501 τι
3068 3449 3112 3480 ³⁸
3145 3449 3380 3518 γίνεται,
3423 3451 3544 3504 οὔτε
3575 3449 3716 3505 αὐτοί
3738 3466 3783 3501 τι

2220 3543 2394 3593 ποιεῖν
2427 3540 2704 3606 δύνανται,
2737 3545 2804 3618 τῇ
2836 3540 3062 3599 καθόλου
3097 3542 3277 3595 αὐτῶν
3319 3544 3663 3614 ὑποκείμενοι
3700 3559 3781 3610 γε-

2219 3630 2382 3684 νέσει.
2427 3632 2489 3683 Εἰ
2529 3631 2741 3700 γένεσις
2792 3624 2960 3694 ἔστιν,
3006 3632 3308 3698 ἀντίκειται
3357 3634 3418 3686 τὸ
3467 3635 3539 3706 μὴ
3586 3633 3782 3706 πρῶτον

2217 3722 2484 3793 άρχειν,ῆ
2514 3723 2558 3753 ³³
2591 3723 2908 3779 ὑποκεῖσθαι
2940 3725 3001 3788 οὐ
3035 3724 3254 3777 δύναται
3281 3725 3344 3778 τὸ
3385 3727 3643 3797 ἀγένητον
3665 3765 3679 3790 ,
3710 3725 3778 3787 ὡς

2218 3814 2480 3885 ἀγένητον
2507 3813 2697 3867 ἐαυτοῦ
2724 3814 3088 3886 πρεσϐύτερον
3125 3814 3297 3886 μηδὲν
3321 3816 3464 3885 ἔχον.

2288 3993 2354 4048 ν.
2396 3992 2631 4046 Τοιαῦτα
2657 3991 2791 4067 πρὸς
2815 3989 3075 4060 ἀλλήλους
3117 3989 3388 4059 λεγόντων
3425 3991 3600 4063 ἡμῶν,
3632 3990 3780 4050 πολὺς

2219 4087 2465 4158 παρέστη
2491 4084 2665 4155 ὄχλος.
2693 4085 2804 4137 Καὶ
2835 4083 2956 4136 τότε
2983 4081 3094 4151 ἐγὼ
3131 4085 3212 4145 εἰς
3241 4083 3335 4135 τὸν
3370 4084 3525 4154 δχλον
3568 4080 3780 4136 ἀποϐλέ-

2221 4196 2336 4231 πων
2359 4177 2512 4249 έψηνο
2549 4175 2688 4244 Ἐγὼ
2711 4176 2805 4228 καὶ
2835 4172 2896 4226 τὸ
2927 4174 3058 4244 ἐμὸν
3083 4172 3246 4243 φῦλον
3275 4175 3338 4226 ἐκ
3367 4175 3642 4246 προγόνων
3664 4171 3782 4225 Θεὸν

2223 4269 2397 4323 σέϐειν
2419 4266 2772 4340 παρειληφὼς
2803 4267 2895 4319 καί
2922 4264 3288 4337 παράγγελμα
3313 4265 3458 4336 ἔχων
3482 4266 3685 4335 γενέσει
3716 4261 3781 4333 μὴ

552 4362 893 4430 astrologicae
919 4362 1143 4429 inquam
1167 4360 1468 4428 disciplina:
1493 4377 1506 4412 :
1536 4359 1741 4412 idcirco
1766 4357 1831 4411 ad
1855 4373 1974 4410 eam
1999 4357 2117 4409 ani-

2226 4361 2596 4434 προσανέχειν,
2630 4359 2772 4428 λέγω
2799 4359 2862 4429 δὴ
2885 4357 2963 4429 τῷ
2985 4359 3084 4429 τῆς
3109 4359 3468 4430 ἀστρολογίας
3495 4359 3779 4430 μαθήματι,

555 4471 701 4508 tuum
737 4471 844 4508 non
903 4454 1160 4524 applicui.
1208 4451 1361 4506 Unde
1411 4450 1714 4520 astrologia:
1755 4449 1972 4519 quidem
2009 4463 2119 4502 non

553 4556 673 4594 sum
708 4541 916 4609 peritus
945 4559 958 4594 :
994 4557 1228 4610 quorum
1264 4549 1446 4594 autem
1483 4539 1729 4609 peritiam
1781 4539 1955 4592 habeo
1979 4579 1994 4603 ,
2027 4537 2119 4590 illa

551 4645 844 4698 exponam.
881 4629 1018 4695 Quia
1051 4632 1272 4700 genesin
1307 4647 1372 4684 ex
1427 4631 1541 4698 ipsa
1589 4643 1851 4699 geneseos
1893 4628 2117 4682 scientia

552 4721 835 4776 confutare
883 4738 1116 4792 nequeo,
1150 4723 1272 4775 volo
1304 4722 1406 4774 alia
1443 4721 1653 4775 ratione
1687 4721 1992 4785 ostendere,
2026 4735 2116 4788 per

557 4815 646 4869 Dei
685 4816 1079 4884 providentiam
1127 4829 1214 4868 res
1249 4814 1637 4877 administrari,
1671 4821 1726 4867 et
1757 4829 2118 4881 unumquem-

555 4922 664 4974 que
693 4904 988 4959 secundum
1015 4919 1076 4957 ea
1109 4920 1230 4972 quae
1258 4903 1442 4966 faciat,
1490 4904 1771 4972 praemium
1801 4902 1885 4956 vel
1927 4918 2117 4971 pcenas

560 5015 675 5054 esse
706 5007 992 5052 naeturum
1023 5015 1036 5051 :
1074 4996 1190 5050 sive
1214 5011 1379 5061 nunc,
1412 4995 1530 5050 sive
1560 4997 1808 5066 posthac,
1837 4996 1973 5049 nihil
1998 5013 2116 5052 mea

2219 4455 2307 4509 διὰ
2329 4453 2484 4507 τοῦτο
2523 4453 2584 4505 οὐ
2631 4451 2950 4522 προσέσχον.
2979 4449 3140 4503 Ὅθεν
3175 4450 3533 4521 ἀστρολογίας
3560 4452 3654 4523 μὲν
3693 4451 3788 4501 οὐκ»

2219 4546 2333 4617 εἰμὶ
2377 4545 2665 4616 ἔμπειρος,
2713 4536 2786 4595 ὧν
2822 4542 2882 4594 δέ
2904 4541 3054 4612 είμι,
3104 4542 3478 4613 ὑφηγήσομαι.
3516 4540 3722 4609 Ἐπειδὴ
3741 4538 3782 4570 ιι

2221 4637 2432 4706 γένεσιν
2458 4635 2552 4688 ἀπ’
2586 4635 2754 4704 αὐτῆς
2792 4634 2890 4704 τῆς
2933 4632 3074 4685 κατά
3117 4633 3217 4703 τὴν
3242 4634 3456 4700 γένεσιν
3489 4633 3782 4702 ἐπιστήμης

2219 4727 2608 4790 ἀνασκευάζειν
2649 4726 2710 4778 οὐ
2752 4725 2796 4755 ³⁸
2845 4723 3108 4794 δύναμαι,
3154 4724 3316 4793 300
3349 4724 3609 4795 βούλομαι
3649 4721 3781 4788 ἄλλῳ

2218 4819 2403 4889 τρόπῳ
2451 4817 2750 4880 ἀποδεῖξαι,
2794 4817 2876 4867 ὃτι
2917 4815 3058 4870 κατὰ
3099 4816 3358 4887 Πρόνοιαν
3402 4816 3679 4868 διοικεῖται
3718 4811 3780 4863 τά

2223 4910 2553 4980 πράγματα,
2587 4909 2678 4960 καὶ
2709 4907 2935 4969 ἕκαστος
2959 4945 2974 4969 ,
3022 4907 3158 4977 πρὸς
3181 4906 3220 4959 ἀ
3251 4907 3479 4978 πράττει
3502 4947 3517 4970 ,
3550 4907 3709 4976 τιμῆς
3748 4903 3775 4971 ἢ

2226 5001 2498 5062 κολάσεως
2531 4997 2797 5064 τεύξεται·
2826 4999 2934 5050 εἴτε
2968 4999 3025 5050 δὲ
3061 5000 3106 5030 ³⁸
3138 4998 3236 5052 νῦν
3266 4999 3378 5051 εἴτε
3410 4995 3595 5063 αὖθις,
3634 4995 3776 5050 οὐθέν

1851 5179 2084 5234 νΑῐὶΙβΕ
2126 5176 2526 5233 LECTIONES.

640 5295 834 5351 ¹³εἷδον
869 5296 907 5348 S
965 5292 1008 5349 Ο
1040 5335 1054 5360 ,
1106 5293 1213 5346 ἴδον
1255 5292 1319 5346 C.
1392 5292 1437 5323 "
1468 5290 1544 5345 lta
1594 5289 1638 5345 Ο
1691 5301 1743 5344 et
1784 5305 1848 5344 ex
1906 5291 2137 5360 conject.
2168 5290 2208 5344 (Σ
2240 5330 2255 5353 ,
2289 5286 2928 5360 ἰιικοιιεὶηιεκιιιάξιοῦσι.
3004 5261 3289 5360 ἰζξτιτολλοῢ
3319 5285 3379 5340 C.
3459 5286 3503 5316 ³⁵
3537 5284 3773 5360 δύνανται

555 5366 618 5425 C.
729 5369 773 5399 "‘
804 5368 876 5421 lta
907 5365 951 5421 Ο
1000 5359 1048 5419 c.
1097 5363 1134 5417 S
1165 5404 1178 5425 ,
1231 5363 1535 5434 ἀπιστήσῃς
1565 5361 1626 5414 C.
1669 5360 2012 5434 _"_1ré7tov0£
2074 5359 2136 5434 Ο.

2213 5362 2258 5391 ’⁸
2289 5353 2538 5414 τοῦτο’(ἶ.
2649 5359 2693 5388 ¹⁹
2737 5360 2855 5428 ἕχον
2888 5358 2948 5411 (Σ.
3062 5357 3106 5388 ³ο
3143 5358 3248 5427 γάρ
3291 5353 3679 5428 pt'mtcrmis._S
3695 5367 3767 5428 ne.

673 5438 761 5494 ed.
799 5419 936 5492 16511
960 5446 1013 5489 ct
1041 5419 1198 5488 1724.
1275 5433 1318 5464 ³¹
1369 5419 1446 5486 Ιώ
1479 5419 1532 5486 ’ὅ
1577 5447 1627 5485 c.
1660 5427 1799 5495 Ispit.
1829 5439 1883 5483 et
1919 5446 2090 5495 marg.
2113 5431 2208 5492 Ci,
2249 5429 2466 5483 δυνατόν
2516 5428 2567 5480 in
2600 5419 2949 5497 textufquod
2983 5437 3038 5482 ut
3069 5419 3255 5497 sanam
3286 5419 3403 5480 lect.
3431 5423 3671 5497 repetivit
3693 5419 3767 5497 S_,

557 5488 1269 5567 .1'.‘.'...‘..‘.;..i(;'eaeam,
1321 5504 1526 5558 referas
1558 5488 1784 5570 τιό-ἐμέ.
1834 5500 1902 5570 β’
1930 5517 1983 5550 τι
2011 5488 2151 5570 Ole.
2197 5488 2371 5569 Epit.,
2398 5499 2570 5570 deest
2600 5499 2676 5570 iu
2699 5488 2990 5570 tentu77Ci.,_
3042 5498 3084 5529 ³³
3107 5494 3153 5570 ﬁ,
3195 5506 3260 5570 et
3275 5498 3334 5549 τὸ
3365 5488 3624 5570 ἀγένητον
3657 5488 3765 5544 cod.

561 5579 692 5647 lieg.
731 5578 855 5644 804,
885 5578 1153 5633 desuntin
1188 5564 1417 5647 utroque
1453 5564 1753 5647 II_o_m._eoi_l.
1921 5567 2106 5647 ἐπειδὴ
2307 5569 2429 5647 eod.
2483 5567 2613 5647 licg.
2651 5569 2775 5647 804.
2823 5569 2894 5647 _"
2941 5568 3000 5647 οὐ
3055 5567 3178 5647 add.
3227 5567 3268 5618 D
3316 5583 3391 5647 lex
3441 5564 3668 5647 conject.
3720 5576 3762 5647 ς.

562 5629 1149 5717 nﬁot‘it‘tullis,Ep1v'tomcs
1187 5629 1675 5717 codicilms._Vet_'_ha
1706 5637 1891 5717 ἐπειδὴ
1933 5629 2262 5717 γένεσίν
2288 5639 2453 5717 ἀυτῆς
2481 5629 2590 5708 τῆξ
2617 5629 2754 5691 κατά
2788 5638 2888 5708 τῆν
2909 5637 3118 5705 γένεσιν
3145 5639 3448 5707 ἐπιστήμης
3481 5629 3764 5698 ἀνασχευά-

561 5721 672 5785 ζειν
707 5721 766 5773 οὐ
801 5710 1029 5789 δύναμαι
1079 5717 1454 5773 desiderantur
1484 5714 1535 5766 in
1584 5710 1646 5764 0.

1724 5710 1766 5740 ⁵⁸³
1791 5708 1844 5762 δέ
1882 5708 2195 5778 transcripsi
2240 5725 2301 5763 ex
2330 5707 2391 5762 0.
