4022 6336
263 217 359 274 ειν

1389 227 1923 284 CLEMENTINA.—
1951 229 2231 294 lIOMILIA
2258 229 2394 284 XIV.

3391 230 3500 287 550

262 348 348 422 μοι
387 331 660 405 διαφέρει,
707 335 845 406 πλὴν
887 336 969 396 δτι
1008 339 1224 403 πάντως
1267 341 1564 397 ἀπολαύσει
1608 344 1812 396 ἕκαστος

1942 344 2203 402 interest:
2259 346 2361 399 nisi
2408 347 2554 416 quod
2590 346 2815 401 omnino
2853 349 3232 422 unusquisque
3262 347 3500 405 fructum

256 415 326 474 ὧν
361 423 618 496 ἔπραξεν.
659 428 722 480 Ἠ
763 428 818 485 δὲ
852 429 1124 498 ἀπόδειξις
1168 433 1261 486 τοῦ
1299 436 1372 506 μὴ
1418 431 1556 489 εἶναι
1597 438 1828 505 γένεσιν,

256 516 397 567 ἔστιν
422 515 584 587 αῦτη.
615 519 736 571 Τῶν
769 521 1132 593 παρεστώτων
1156 525 1210 577 εἴ
1245 544 1330 589 τις
1362 527 1655 600 ὀφθαλμῶν
1677 530 1830 582 ἐστέ-

261 623 452 676 ρηται,
492 609 524 679 ῆ
574 609 771 675 κυλλὴν
825 612 938 683 ἔχει
973 615 1015 646 ³⁷
1049 617 1146 687 τὴν
1192 621 1385 688 χεῖρα,
1447 619 1480 690 ἢ
1523 621 1694 690 χωλὸν
1738 621 1830 674 τὸν

257 699 384 752 πόδα
411 740 426 764 ,
455 701 488 772 ἢ
524 702 713 774 ’ἐτερόν
752 723 805 759 τι
839 708 963 780 περὶ
995 708 1152 780 σῶμα
1174 750 1188 775 ,
1222 710 1250 763 6
1300 713 1645 784 ὑποστροφὴν
1694 715 1829 787 πρὸς

256 788 392 841 ἴασιν
422 791 585 846 πάλιν
625 795 724 848 οὐκ
765 795 898 866 ἔχει,
943 800 1034 852 καὶ
1072 800 1269 864 παντὸς
1301 802 1541 874 ἰατρικοῦ
1578 804 1621 836 ³⁸
1653 807 1826 874 ἐπαγ-

251 879 518 949 γέλματος
569 885 725 949 ἐκτός
772 888 959 952 ἐστιν,
999 891 1057 944 ὃν
1103 893 1222 946 οὐδὲ
1279 895 1593 964 ἀστρολόγοι
1648 899 1826 957 ἰᾶσθαι

253 971 694 1040 ἐπαγγέλλονται,
723 977 803 1029 ὅτι
832 979 906 1049 μὴ
931 980 1037 1033 ἀπὸ
1069 982 1161 1034 τοῦ
1192 985 1400 1057 μακροῦ
1436 987 1630 1052 αἰῶνος
1652 989 1828 1045 τοιοῦ-

253 1061 337 1113 τόν
367 1081 422 1114 τι
455 1065 710 1134 γέγονεν·
738 1068 848 1137 ἐγὼ
870 1070 925 1123 δὲ
953 1071 1085 1126 Θεοῦ
1111 1074 1322 1147 δεηθεὶς
1352 1077 1450 1149 τὴν
1480 1080 1622 1134 ἴασιν
1649 1082 1826 1152 παρά-

257 1169 362 1221 σχω
382 1155 445 1217 ⁸⁹,
481 1157 642 1210 ὁπότε
679 1159 744 1212 ὲκ
776 1161 1041 1229 γενέσεως
1083 1167 1419 1239 κατόρθωσιν
1460 1171 1521 1224 τὸ
1545 1172 1753 1227 τοιοῦτο
1777 1175 1825 1206 ⁸⁸

257 1244 498 1303 οὐδέποτε
540 1247 723 1303 λαϐεῖν
771 1251 1027 1327 ἠδυνήθη·
1071 1257 1264 1312 τούτου
1308 1260 1479 1324 οὕτως
1534 1265 1822 1336 γενομένω

262 1337 348 1406 οὐχ
368 1339 771 1410 ἁμαρτάνουσιν
796 1345 844 1396 ol
870 1345 960 1399 τὸν
990 1347 1165 1404 πάντα
1191 1351 1252 1422 δη
1261 1356 1665 1426 μιουργήσαντα
1690 1357 1822 1411 Θεὸν

269 1429 690 1508 βλασςημοῦντες
713 1454 726 1502 ;
748 1439 856 1491 Kal
905 1440 932 1492 6
976 1442 1151 1513 γέρων
1184 1445 1536 1516 ἀπεκρίνατο·
1572 1448 1823 1520 Βλασφη-

275 1526 372 1591 μεῖν
390 1524 493 1595 γάρ
516 1527 633 1580 ἐστι
653 1528 713 1581 τὸ
733 1530 911 1600 λέγειν
933 1531 1144 1599 γενέσει
1171 1535 1486 1590 ὑποκεῖσθαι
1508 1537 1576 1591 τά
1604 1539 1780 1594 πάντα
1802 1557 1819 1607 ;

273 1612 400 1681 κάγὼ
421 1616 834 1690 ἀπεκρινάμην⁸
874 1623 982 1675 Kal
1016 1623 1178 1681 πάνυ.
1208 1626 1271 1679 Εἰ
1293 1625 1400 1698 γὰρ
1434 1630 1602 1683 πᾶσαι
1629 1631 1684 1683 αῖ
1709 1629 1819 1683 τῶν

1935 451 2123 489 eorum
2149 453 2270 505 qua:
2296 437 2524 505 gesserit
2559 437 2839 506 percipiet.
2867 438 3272 496 Demonstratio
3298 450 3499 506 autem,

1933 542 2040 580 non
2075 544 2196 582 esse
2250 529 2474 598 genesin
2498 568 2514 594 ,
2552 529 2668 584 haec
2699 537 2801 582 est.
2837 528 2915 584 Ex
2957 531 3264 586 astantibus
3299 533 3344 592 si
3376 533 3501 603 quis

1932 619 2108 672 oculis
2133 619 2202 673 sit
2232 619 2482 685 orbatus,
2510 628 2604 674 aut
2640 620 2889 674 mutilam
2924 621 3116 675 habeat
3143 637 3389 686 manum,
3417 621 3500 674 vel

1930 711 2120 781 pedem
2156 710 2435 775 claudum,
2465 712 2549 765 vel
2576 711 2629 765 in
2661 727 2890 782 corpore
2913 711 3116 782 aliquid
3153 713 3321 779 aliud,
3350 714 3498 782 quod

1928 807 1983 852 et
2018 799 2192 854 redire
2231 800 2296 853 ad
2336 799 2702 869 integritatem
2758 815 2867 853 non
2905 800 3096 861 valeat,
3134 809 3187 861 et
3231 801 3302 855 sit
3331 815 3498 868 supra

1927 906 2144 944 omnem
2181 891 2447 960 magicam
2481 902 2653 945 artem
2692 907 2705 945 :
2747 905 2907 961 quem
2939 906 3115 960 neque
3145 891 3402 960 astrologi
3438 905 3497 944 se

1926 983 2290 1052 profiteantur
2345 992 2658 1049 sanaturos,
2694 984 2953 1053 quoniam
2987 985 3055 1038 ab
3101 985 3247 1050 omni
3293 985 3495 1038 saeculo

1926 1072 2061 1128 nihil
2097 1073 2201 1126 tale
2248 1073 2517 1145 contigit:
2552 1090 2652 1144 ego
2673 1089 2803 1128 vero
2855 1072 3026 1127 Deum
3064 1083 3318 1150 precatus
3346 1076 3495 1128 sani-

1925 1171 2091 1217 tatem
2124 1165 2408 1232 prmhucro
2437 1205 2450 1227 ,
2481 1163 2923 1234 quandoquidem
2955 1165 3006 1219 id
3043 1165 3355 1226 nullatenus
3389 1179 3492 1234 po-

1926 1255 2028 1309 tuit
2056 1270 2149 1326 per
2178 1257 2398 1324 genesin
2426 1256 2624 1326 corrigi
2652 1273 2664 1309 :
2692 1256 2793 1310 hoc
2825 1255 2895 1310 ita
2926 1255 3088 1321 facto,
3113 1272 3295 1310 nonne
3310 1267 3493 1314 errant

1923 1348 2014 1417 qui
2049 1348 2102 1401 in
2133 1357 2455 1402 cunctorum
2481 1349 2729 1418 Opificem
2761 1348 2928 1402 Deum
2955 1349 3238 1414 maledicta
3262 1357 3314 1402 et
3343 1349 3492 1410 blas-

1923 1438 2168 1507 phemias
2210 1439 2553 1508 conjiciunt?
2587 1439 2885 1509 Respondit
2917 1455 3078 1494 senex
3107 1459 3119 1494 :
3168 1438 3405 1506 Scilicet,
3437 1440 3491 1504 id

1921 1540 2004 1584 est
2037 1531 2323 1586 maledicta
2353 1530 2620 1595 conferre,
2645 1532 2827 1586 dicere
2855 1533 3116 1602 genitura:
3149 1533 3342 1602 subjici
3371 1533 3490 1598 uni-

1921 1623 2120 1676 versa?
2154 1621 2352 1692 Excepi
2380 1638 2479 1694 ego
2511 1642 2523 1678 :
2548 1621 2783 1678 Omnino
2809 1635 2910 1679 est.
2933 1624 3066 1679 Nam
3099 1625 3143 1680 si
3174 1641 3362 1680 omnes
3389 1626 3490 1682 ho-

273 1704 541 1777 ἁνθρὼπων
587 1710 852 1783 ἁμαρτίαι
897 1714 991 1766 καὶ
1023 1715 1265 1770 ἀσέϐειαι
1302 1719 1392 1771 καὶ
1441 1721 1718 1790 ἀσέλγειαι
1762 1722 1812 1787 ἐξ

1924 1715 2132 1769 minum
2188 1731 2403 1772 errores
2459 1726 2512 1772 et
2563 1718 2870 1787 impietates
2922 1727 2976 1773 et
3024 1718 3372 1787 impudicitia:
3420 1733 3487 1772 ex

272 1798 483 1870 ἀστέρων
533 1801 802 1870 γίνονται,
836 1806 885 1858 οἱ
926 1805 981 1858 δὲ
1025 1808 1251 1880 ἀστέρες
1290 1811 1462 1865 ταίτα
1506 1817 1680 1868 ποιεῖν
1711 1815 1816 1869 ὑπὸ

271 1888 382 1941 θεοῦ
423 1891 725 1964 ἑτάγησαν,
755 1895 840 1948 ἵνα
876 1895 1091 1950 πάντων
1123 1898 1371 1969 χαλεπῶν
1411 1902 1816 1959 ἀποτελεστικο“ι

270 1982 520 2066 γένωνται,
543 1987 601 2046 αἱ
629 1987 846 2044 πάντων
869 1990 1134 2063 ἁμαρτίαι
1156 1993 1235 2055 είς
1259 1992 1417 2048 αὐτὸν
1437 1995 1814 2070 ἀναφέρονται,

269 2073 344 2126 τὸν
366 2076 454 2147 τὴν
478 2078 691 2145 γένεσιν
727 2079 886 2134 θέντα
909 2083 967 2134 ὲν
996 2085 1109 2146 τοῖς
1140 2084 1380 2155 ἄστροις.

330 2165 407 2220 V'l.
443 2168 548 2220 Kal
574 2169 601 2222 6
625 2169 805 2240 γέρων
839 2172 1198 2244 ἀπεκρίνατο*
1235 2174 1473 2246 Ἀληθῶς
1499 2178 1748 2248 μεγάλως
1767 2180 1812 2212 ⁸⁸

273 2261 410 2331 ετξης,
431 2264 552 2317 ἀλλά
578 2265 732 2338 πάσῃ
762 2283 852 2319 σου
879 2267 1034 2337 301
1063 2271 1128 2340 τῇ
1154 2269 1521 2343 ἀπαραϐλήτῳ
1546 2272 1812 2340 ἀποδείξει

279 2357 310 2424 ἡ
345 2356 437 2427 ἐμὴ
464 2358 736 2426 ἐμποδίζει
790 2359 1112 2431 συνείδησις.
1150 2361 1291 2430 Ἐγὼ
1340 2363 1448 2435 γὰρ
1491 2364 1814 2436 ἀστρολόγος

280 2445 346 2498 ὢν
368 2450 446 2501 ul
471 2448 676 2519 Ῥώμην
699 2449 910 2521 πρῶτον
935 2451 1179 2522 οἰκήσας,
1206 2448 1323 2506 εἶτα
1340 2454 1384 2484 ⁸⁸
1413 2454 1686 2523 φιλιωθείς
1708 2474 1814 2510 τινι

281 2543 398 2614 πρὸς
413 2543 580 2613 γένους
600 2545 717 2598 ὄντι
741 2545 1036 2618 Καίσαρος,
1066 2548 1229 2602 αὐτοῦ
1256 2567 1316 2603 τε
1345 2551 1438 2604 καὶ
1461 2552 1557 2623 τῆς
1587 2554 1812 2624 συμϐίω

273 2638 358 2707 τὴν
385 2638 576 2705 γένεσιν
619 2637 864 2709 ἀκριϐῶς
888 2638 934 2670 ⁸³
981 2640 1335 2714 ἠπιστάμην,
1377 2642 1474 2696 καὶ
1525 2645 1815 2719 ἱστορήσας

269 2730 544 2796 ἀκολούθως
586 2731 689 2795 τὰς
736 2732 966 2804 πράξεις
1007 2732 1460 2800 ἀποτελεσθείσας
1515 2737 1694 2792 αὐτῶν
1745 2742 1811 2814 τῇ

267 2823 451 2890 γενέσει
479 2824 622 2896 ἔργῳ
643 2826 708 2887 ⁸⁸,
739 2824 821 2876 σοὶ
861 2824 1004 2896 λόγῳ
1031 2825 1310 2880 πείθεσθαι
1345 2827 1405 2880 οὐ
1431 2827 1684 2901 δύναμαι.
1706 2827 1815 2887 Ἦν

265 2913 356 2991 γὰρ
377 2915 465 2983 τῆς
487 2915 754 2981 γενέσεως
774 2914 944 2984 αὐτῆς
964 2914 1026 2966 τὸ
1048 2914 1298 2987 διάθεμα,
1320 2917 1506 2972 ποιοῦν
1532 2921 1810 2991 μοιχάδας,

266 3005 390 3057 ίδὲων
418 3004 612 3058 δούλων
652 3003 894 3076 ὲρώσας,
930 3006 1025 3060 καί
1061 3005 1152 3058 ἐπὶ
1189 3005 1348 3078 ξένης
1389 3010 1448 3062 ὲν
1492 3009 1648 3066 ὕδασι
1683 3012 1809 3084 θνη-

1915 1807 2088 1863 stellis
2117 1809 2394 1877 oriuntur,
2429 1811 2596 1865 stella:
2634 1820 2813 1866 autem
2847 1812 2915 1868 ad
2944 1826 3005 1867 ea
3043 1809 3289 1865 facienda
3319 1826 3351 1865 a
3376 1808 3488 1864 Deo

1915 1899 2228 1954 constitutae
2277 1909 2428 1966 sunt,
2467 1918 2577 1970 quo
2627 1914 2952 1958 cunctorum
3004 1901 3331 1974 ﬂagitiorum
3376 1902 3488 1960 sint

1913 1990 2231 2057 effectrices,
2265 1992 2510 2048 omnium
2539 2003 2760 2066 peccata
2785 1994 2852 2048 ad
2879 2008 3003 2049 eum
3036 1992 3365 2060 referuntur,
3388 1991 3483 2063 qui

1914 2083 1970 2137 in
2003 2082 2169 2135 astris
2203 2085 2447 2152 posuerit
2476 2084 2722 2152 genesin.

1985 2173 2075 2228 Vl.
2119 2173 2183 2228 Et
2213 2189 2380 2229 senex
2418 2175 2702 2244 respondit
2729 2193 2744 2229 :
2777 2173 3086 2231 Admodum
3114 2190 3238 2230 vere
3268 2175 3484 2231 locutus

1913 2277 2009 2329 es;
2063 2263 2156 2318 sed
2191 2263 2338 2316 omni
2371 2276 2477 2318 tua:
2536 2265 2950 2334 incomparabili
3000 2266 3309 2337 probationi
3361 2281 3484 2321 mea

1913 2353 2094 2408 obstat
2125 2353 2486 2410 conscientia.
2512 2353 2626 2425 Ego
2653 2355 2798 2409 enim
2819 2397 2834 2422 ,
2868 2355 2960 2425 qui
2997 2355 3304 2426 astrologus
3333 2370 3480 2422 sum,

1913 2454 1965 2500 et
2001 2444 2186 2500 Romae
2212 2445 2450 2516 primum
2504 2447 2742 2500 habitavi
2766 2488 2782 2514 ,
2813 2447 3024 2502 amicus
3075 2456 3262 2517 postea
3306 2445 3484 2502 factus

1913 2539 2198 2609 cujusdam
2237 2539 2330 2610 qui
2363 2547 2483 2594 erat
2520 2555 2587 2594 ex
2621 2554 2819 2610 genere
2878 2537 3111 2594 Caesaris
3134 2578 3150 2602 ,
3182 2539 3284 2593 viri
3335 2539 3483 2594 illius

1915 2631 2215 2700 uxorisque
2261 2629 2380 2701 ejus
2409 2629 2714 2700 genituram
2763 2637 3019 2685 accurate
3051 2639 3237 2682 notam
3270 2629 3480 2691 habui;

1913 2736 2149 2792 cumque
2187 2721 2412 2775 \‘iderim
2454 2736 2560 2785 res,
2593 2729 2754 2790 prout
2784 2719 2990 2774 ferebat
3020 2733 3208 2773 eorum
3243 2718 3479 2788 genesis,

1915 2828 2102 2869 revera
2137 2814 2406 2880 evenisse,
2439 2828 2691 2868 sermone
2725 2828 2754 2866 a
2803 2821 2857 2866 te
2899 2827 3110 2880 nequeo
3137 2809 3478 2881 persuaderi.

1914 2903 2156 2958 Habebat
2189 2905 2336 2958 enim
2390 2904 2588 2958 mulier
2621 2904 2783 2958 talem
2817 2903 3284 2958 constellationem
3309 2943 3324 2969 ,
3359 2917 3482 2972 qua:

1913 2999 2191 3054 adulteras
2221 2998 2375 3065 facit,
2405 3007 2460 3055 et
2492 3014 2684 3054 servos
2717 2999 2969 3069 proprios
2999 3014 3201 3062 amare,
3231 2999 3284 3052 in
3326 3014 3481 3068 pere-

685 3061 697 3076 ι
842 3061 893 3068 --
1199 3061 1216 3071 -
1303 3061 1344 3078 σ-
1431 3061 1435 3062 ⁷
1501 3061 1647 3066 θίν’*
1689 3061 1779 3084 "'t

262 3096 489 3160 πιούσας.
511 3099 574 3152 Ὀ
598 3097 692 3152 καὶ
716 3095 889 3160 οὕτως
909 3099 952 3131 ⁸⁵
979 3097 1219 3167 γέγονεν.
1248 3098 1301 3153 Ἐ
1311 3101 1567 3172 ρασθεῖσα
1582 3103 1689 3175 γὰρ
1711 3104 1805 3157 τοῦ

1914 3089 2221 3160 grinatione
2253 3099 2307 3145 et
2337 3061 2390 3145 in
2423 3091 2582 3161 aquis
2615 3061 2837 3162 defungi
2865 3109 2879 3144 :
2913 3089 3058 3161 quod
3092 3099 3146 3145 et
3177 3061 3250 3144 ita
3277 3061 3479 3147 factum

262 3190 376 3254 ἰδίου
403 3189 605 3254 δούλου,
641 3191 735 3252 καὶ
761 3191 1101 3263 μὴ.φέρουσα
1122 3191 1212 3245 τὸν
1235 3192 1419 3263 ψόγον,
1444 3194 1686 3268 φυγοῦσα
1713 3197 1809 3254 σὺν

259 3286 413 3358 αὐτῷ,
448 3289 505 3343 ὲν
536 3286 810 3358 ἀλλοδαπῇ
857 3288 1146 3359 ὁρμήσασα
1171 3291 1265 3344 καὶ
1299 3291 1482 3364 κοίτης
1513 3292 1660 3366 αὑτῴ
1692 3312 1808 3349 κοι-

259 3382 537 3450 νωνήσασα,
567 3379 708 3434 κατά
734 3379 1006 3435 θάλασσαν
1026 3382 1070 3412 ⁶⁶
1102 3381 1384 3455 διεφθάρη.

323 3471 422 3530 VII.
455 3471 624 3540 Κάγὼ
669 3472 1071 3544 ἀπεκρινάμην·
1121 3475 1228 3527 Kal
1269 3474 1386 3539 πῶς
1425 3475 1530 3548 ἀρα
1550 3476 1594 3510 ⁸⁷
1641 3477 1804 3547 γινώ-

258 3581 388 3628 σκεις
416 3565 492 3618 ὅτι
526 3565 559 3634 ἡ
594 3561 838 3632 φυγοῦσα
877 3564 932 3615 ἐν
965 3562 1234 3636 ἀλλοδαπῇ
1271 3566 1537 3636 γενομένη
1566 3567 1655 3620 τὸν
1686 3567 1806 3621 δοῦ-

255 3652 333 3705 λον
356 3654 571 3724 ἔγημεν,
607 3654 700 3706 καὶ
733 3653 958 3723 γήμασα
1000 3653 1045 3684 ⁸⁸
1087 3653 1475 3726 ὲτελεῦτησενς
1513 3658 1621 3711 Kal
1651 3659 1678 3711 6
1708 3657 1802 3726 γέ-

257 3762 368 3815 ρων·
403 3744 679 3814 Ἀσφαλῶς
706 3740 822 3800 οἶδα
852 3744 1078 3816 τάληθῆ,
1113 3745 1210 3816 οὐχ
1251 3747 1332 3804 ᾶιι
1373 3746 1595 3820 ἔγημεν,
1642 3750 1802 3804 ὁπότε

251 3838 348 3891 οὐδ’
367 3840 442 3893 ὅτι
473 3841 582 3910 ἦρα
613 3838 928 3907 ἐγίνωσκον,
961 3837 1097 3890 ἀλλά
1126 3837 1262 3909 μετά
1309 3839 1407 3911 τὴν
1439 3840 1608 3912 αὐτῆς
1638 3841 1804 3896 ἀπαλ-

252 3929 402 4002 λαγὴν
431 3931 586 3985 xai."
607 3929 836 3998 ἀδελφὸς
863 3931 892 3983 6
924 3929 1018 3983 τοῦ
1052 3929 1242 4002 ἀνδρὸς
1273 3930 1440 4002 αὐτῆς
1459 3932 1581 4002 ἐμοὶ
1612 3931 1801 4005 διηγή-

255 4041 366 4078 caro
394 4027 564 4080 πάντα
610 4025 680 4078 τὰ
725 4023 866 4084 κατά
909 4025 998 4077 τὸν
1054 4026 1224 4097 αὐτῆς
1270 4026 1478 4098 ἔρωτα,
1526 4029 1620 4082 καὶ
1640 4030 1685 4061 ιο
1727 4031 1803 4095 ὡς

253 4123 426 4193 σεμνὸς
454 4121 552 4185 ὢν,
589 4120 684 4174 ἅτε
718 4119 780 4190 δὴ
816 4118 960 4175 xal“
986 4117 1232 4186 ἀδελφὸς,
1254 4119 1354 4171 οὐκ
1385 4118 1649 4192 ἐϐουλήθη
1680 4123 1803 4192 μιᾶ-

251 4230 326 4266 ναι
352 4214 444 4284 τὴν
482 4212 696 4282 κοίτην,
720 4209 814 4263 καὶ
845 4208 962 4273 πῶς
980 4207 1274 4278 βουλομένη
1291 4209 1685 4283 καὶαίδουμένη
1701 4213 1800 4266 αὐ-

245 4305 325 4356 τὸν
337 4307 419 4359 ml
433 4306 524 4359 τὸν
543 4304 709 4374 ψόγον
725 4304 757 4373 ἡ
775 4301 998 4355 τάλαινα
1015 4299 1376 4373 (οὐκέπιγάρ
1396 4301 1563 4375 αὐτὴν
1583 4303 1647 4376 μέ
1655 4305 1798 4375 μψα-

1909 3192 2011 3236 est.
2039 3181 2232 3236 Incidit
2257 3198 2494 3252 namque
2529 3182 2583 3236 in
2619 3198 2860 3236 amorem
2886 3183 3029 3237 servi
3058 3183 3166 3249 sui,
3197 3191 3251 3238 et
3278 3199 3482 3254 oppro-

1910 3276 2089 3331 brium
2125 3291 2232 3332 non
2265 3276 2445 3332 ferens
2472 3273 2612 3346 fugit
2641 3289 2766 3330 cum
2822 3277 2968 3345 ipso;
3009 3289 3072 3330 ac
3103 3290 3325 3346 peregre
3353 3291 3481 3347 pro-

1909 3369 2073 3437 fecta,
2106 3371 2294 3440 illique
2324 3369 2638 3434 commista,
2672 3369 2833 3438 periit
2867 3369 2918 3422 in
2958 3367 3116 3422 mari.

1981 3462 2088 3516 ιιι.
2141 3461 2204 3515 Et
2237 3476 2336 3530 ego
2367 3459 2621 3529 respondi
2663 3478 2676 3514 :
2729 3457 2879 3514 Unde
2933 3459 3098 3530 igitur
3146 3459 3274 3524 scis,
3331 3458 3477 3529 quod

1907 3555 1996 3609 illa
2032 3553 2266 3624 fugiens,
2308 3552 2362 3609 in
2398 3551 2578 3605 alieno
2615 3549 2733 3606 solo
2761 3551 2960 3618 posita,
3010 3565 3168 3605 servo
3209 3550 3473 3620 nupserit,

1904 3657 1958 3704 et
1982 3656 2103 3718 post
2135 3645 2352 3715 nuptias
2396 3641 2561 3697 fuerit
2595 3641 2889 3696 defuncta?
2926 3641 2990 3696 Et
3020 3657 3184 3696 senex
3222 3661 3237 3696 :
3269 3641 3477 3698 Certis-

1904 3741 2061 3805 sime,
2094 3738 2290 3808 inquit,
2317 3736 2452 3801 scio,
2477 3749 2666 3789 revera
2697 3750 2805 3788 non
2840 3733 2985 3804 quod
3020 3733 3268 3800 nupserit
3293 3748 3475 3799 servo,

1902 3829 2345 3903 quandoquidem
2403 3841 2582 3897 neque
2633 3827 2776 3896 quod
2805 3841 2930 3880 cum
2975 3832 3204 3890 amaret,
3241 3839 3479 3894 agnove-

1902 3941 2020 3981 ram
2058 3943 2072 3979 :
2107 3924 2200 3980 sed
2239 3933 2524 3994 postquam
2553 3921 2794 3991 profecta
2825 3927 2928 3983 est,
2973 3918 3134 3972 etiam
3179 3918 3346 3972 frater
3371 3914 3473 3971 viri

1901 4017 2024 4086 ejus
2053 4015 2187 4069 mihi
2243 4011 2516 4067 enarravit
2564 4026 2782 4065 omnem
2835 4009 2980 4063 illius
3009 4024 3286 4076 amorem;
3329 4008 3476 4078 quod

1903 4108 2039 4179 ipse,
2079 4107 2173 4176 qui
2203 4105 2467 4160 honestus
2496 4111 2632 4167 erat,
2674 4111 2861 4171 utpote
2899 4099 3085 4162 frater,
3131 4099 3367 4153 noluerit
3393 4109 3476 4154 to-

1903 4216 2023 4258 rum
2055 4199 2350 4260 maculare,
2386 4207 2440 4251 et
2482 4210 2592 4264 quo
2624 4195 2786 4248 modo
2818 4192 3025 4258 volens,
3061 4207 3125 4246 ac
3169 4192 3344 4261 ipsum
3387 4201 3475 4246 at-

1901 4307 2007 4365 que
2027 4287 2376 4359 opprobrium
2409 4286 2578 4342 verita
2610 4287 2697 4339 illa
2728 4282 2912 4339 infelix
2962 4283 3160 4353 (neque
3188 4281 3332 4336 enim
3366 4281 3476 4336 int-

249 4395 374 4459 σθαι,
402 4398 481 4450 δτι
510 4399 576 4449 ὲκ
606 4393 873 4463 γενέσεως
898 4391 1068 4445 ταῦτα
1101 4395 1273 4445 ποιεῖν
1302 4395 1419 4448 te"
1454 4395 1547 4449 καὶ
1575 4395 1804 4466 πάσχειν

1914 4383 2207 4454 putandum
2257 4380 2306 4434 ei
2347 4387 2453 4443 est,
2494 4379 2621 4448 quia
2663 4392 2782 4431 eam
2814 4375 3027 4444 genesis
3063 4373 3241 4429 facere
3286 4373 3376 4428 illa
3421 4382 3476 4427 et

244 4487 562 4555 ἠναγκάζετο
575 4487 644 4555 ⁸³)
666 4485 870 4554 ὄνειρον
893 4483 1000 4538 εἴτε
1025 4482 1196 4555 ἀληθῆ
1217 4483 1324 4540 εἴτε
1339 4484 1507 4557 ψευδῆ
1534 4486 1808 4542 ἐπλάσατο

242 4579 331 4631 οὐκ
360 4580 464 4650 ἔχω
503 4580 704 4648 λέγειν.
748 4576 941 4645 Ἔλεγε
971 4575 1082 4648 γὰρ
1115 4576 1280 4647 αὐτὴν
1311 4577 1470 4647 302
1504 4578 1801 4650 είρηκέναι’

253 4666 331 4730 Ὠς
357 4669 507 4722 δτιὲν
523 4668 764 4740 ὁράματι
789 4666 1014 4729 ἐπιστάς
1047 4683 1130 4729 τις
1160 4665 1410 4721 ἐκέλευσέ
1446 4685 1535 4738 μοι
1569 4669 1683 4740 ἅμα
1712 4671 1801 4723 τέ-

242 4775 378 4823 κνοις
412 4759 645 4829 ἐξαυτῆς
675 4758 776 4829 τὴν
828 4755 1108 4826 Ῥωμαίων
1157 4757 1382 4826 ἐκϐῆναι
1427 4759 1599 4814 πόλιν.
1647 4761 1703 4814 '0
1744 4760 1802 4814 δὲ

241 4848 368 4922 ἀνὴρ
398 4850 664 4914 σώζεσθαι
683 4849 852 4920 αὐτὴν
885 4849 980 4902 σὺν
1011 4851 1124 4911 τοῖς
1157 4849 1292 4912 υἱοῖς
1325 4849 1567 4904 σπεύδων
1599 4851 1800 4904 αὐτίκα

243 4941 425 5004 αὖτοὺς
454 4939 1038 5012 παιδευθησομένουςδδ
1057 4941 1136 5002 είς
1150 4940 1250 5004 τάς
1279 4940 1505 5011 Ἀθήνας
1526 4939 1799 5012 ἐξέπεμψε

246 5032 332 5085 σὺν
359 5037 422 5105 τῇ
459 5033 628 5106 μητρὶ
668 5031 761 5085 καὶ
805 5030 1034 5095 δούλοις,
1070 5029 1252 5102 τρίτον
1281 5029 1337 5082 δὲ
1387 5030 1648 5104 νεώτερον
1688 5034 1801 5087 υἱὸν

1908 4474 2122 4546 perpeti
2166 4471 2450 4541 compulit)
2500 4469 2717 4525 tinxerit
2764 4467 3060 4531 somnium,
3107 4481 3366 4520 verumne
3403 4481 3474 4519 an

1905 4567 2127 4628 falsum,
2162 4580 2268 4618 non
2301 4563 2477 4616 habeo
2513 4561 2712 4616 dicere.
2757 4559 2949 4613 Aiebat
2983 4557 3249 4627 siquidem
3299 4556 3472 4626 ipsam

1905 4659 2112 4714 dixisse
2147 4675 2160 4711 :
2196 4655 2382 4709 Astitit
2411 4653 2542 4707 mihi
2576 4651 2795 4721 quidam
2827 4666 2921 4719 per
2949 4650 3149 4714 visunt,
3180 4649 3271 4718 qui
3309 4649 3474 4719 jussit

1907 4765 1993 4803 me
2022 4764 2144 4803 cum
2170 4746 2351 4801 liberis
2375 4745 2494 4800 sine
2520 4758 2670 4797 mora
2701 4741 2833 4797 urbe
2869 4740 3040 4794 Roma
3070 4740 3274 4811 egredi.
3297 4740 3368 4794 At
3391 4741 3474 4794 vir

1905 4855 2004 4911 pro
2035 4839 2210 4895 salute
2235 4837 2355 4907 ejus
2384 4836 2733 4903 filiorumque
2762 4833 3028 4888 sollicitus
3062 4832 3346 4888 confestim
3376 4847 3471 4888 eos

1902 4931 2229 4988 erudiendos
2283 4929 2526 4983 Athenas
2578 4926 2729 4980 misit
2781 4939 2908 4979 cum
2948 4935 3120 4980 matre
3158 4934 3212 4980 et
3246 4923 3418 4983 servis
3451 4942 3467 4980 :

1903 5025 2111 5079 habens
2160 5021 2538 5076 verotertium
2587 5019 2779 5083 tilium,
2832 5016 2926 5086 qui
2969 5025 3086 5071 erat
3132 5016 3332 5082 iunior,
3365 5015 3468 5071 sibi

1554 5163 1789 5218 VARI/13
1826 5160 2116 5216 LECTIO‘N
2124 5159 2222 5213 ES.

310 5257 348 5296 ³⁷
370 5256 734 5328 ἔχει-σιωιιηι
756 5253 901 5324 Epit.
925 5263 977 5308 et
1003 5252 1122 5328 cod.
1159 5252 1290 5322 Reg.
1328 5252 1470 5328 8θάζ
1487 5233 1629 5328 ln_0_
1656 5263 1771 5328 _est
1807 5251 2146 5328 :_ﬁ_xu}l_ﬁv
2180 5251 2280 5328 τὴν
2323 5252 2484 5328 χεῖρα
2508 5248 2699 5328 ξχοι.Λ
2726 5247 2770 5278 ³⁸
2811 5247 2954 5328 ιξται
2990 5244 3069 5328 Ο...
3130 5244 3174 5276 ³⁹
3203 5244 3466 5325 παρασχῶ

247 5325 283 5375 C
309 5368 322 5390 ,
354 5322 572 5396 παρέξω
629 5322 813 5396 Eph,
844 5323 1201 5396 παρασχήσω
1233 5323 1379 5396 conj.
1438 5323 1783 5396 S._Snbi_nde
1831 5322 2046 5396 ὁπότελὸ
2073 5322 2244 5396 exuo.

246 5413 292 5450 (τ.
341 5392 445 5451 Ο.’
500 5398 546 5428 ⁸³
601 5392 722 5450 εἶτα
754 5395 878 5450 add.
933 5392 982 5447 ι’.
1039 5392 1104 5447 Ο.
1139 5393 1409 5463 rSuhinde
1453 5392 1713 5463 φιλωθείς
1745 5394 1806 5448 C.

245 5468 408 5520 αὐτῶν
451 5466 550 5530 τὰς
605 5467 837 5539 πράξεις
864 5462 1485 5539 ἀποτελεσθείς-αςῌὲργῳ
1518 5465 1581 5539 C.
1652 5465 1703 5539 ’δέ
1728 5463 1869 5539 οὕτω
1903 5463 1965 5539 (Ξ.

247 5541 620 5608 κοινωνήσασα.
649 5531 706 5590 'x.
735 5531 1030 5618 θράλασσαν
1172 5532 1231 5618 ’⁵⁷
1263 5531 1468 5618 11035;
1629 5534 1744 5597 πῶς
1779 5534 1884 5618 ἄρα
2025 5533 2096 5618 -Ῐδ

2320 5315 2364 5353 ⁸⁵
2391 5315 2627 5372 τοιοῦτον
2658 5315 2721 5372 Ο.
2827 5317 2870 5348 δί
2913 5315 3159 5386 μεγάλως
3189 5315 3464 5386 omiserint

1914 5394 1958 5424 ³³
1985 5392 2226 5463 ἀκριϐῶς
2259 5391 2436 5463 recepi
2487 5406 2552 5444 ex
2585 5387 2674 5463 _0:
2744 5380 3130 5463 Tago-105mm;
3149 5385 3214 5463 τῇ
3255 5380 3465 5463 γενέσᾳ

2037 5451 2086 5494 ’⁸³
2110 5451 2483 5531 κοινωνήσασα
2539 5451 3066 5531 αὐτῷ,μθαλᾲσσῃμρ.
3103 5451 3464 5531 κοίτης-αὐτῷ

2593 5529 2636 5561 ιθ
2658 5512 2774 5582 δ’ϐ.
2847 5527 2892 5558 ⁵⁸
2923 5512 3027 5577 κ’ἑιῖ
3040 5524 3130 5577 καί
3155 5522 3220 5578 0.
3243 5512 3340 5552 ’Ἦ
3373 5512 3462 5576 ua"

2133 5529 2514 5603 γημάσασαηΟ.

247 5591 287 5691 ςὶ
314 5625 358 5661 c.
555 5591 624 5691 λδ
656 5609 717 5662 C.
743 5606 880 5681 Tum
917 5605 1094 5686 recepi
1127 5604 1225 5676 τήν
1253 5621 1317 5660 ex
1347 5591 1428 5675 0;
1469 5606 1561 5676 qui
1594 5621 1698 5660 scr.
1726 5591 1941 5660 ὀιιάναι.
2022 5604 2066 5635 δ’
2095 5591 2156 5656 τέ
2190 5591 2309 5656 add.
2339 5621 2386 5658 υ.
2419 5601 2482 5659 0.
2559 5601 2604 5636 ⁸³
2633 5593 2987 5666 ἠναγκάζετο,
3023 5595 3085 5650 0.
3163 5593 3208 5626 5‘
3238 5591 3447 5659 παιδευ-

248 5677 525 5751 θησομένας
553 5677 617 5732 0.
