4022 6336
553 334 662 392 3'55

1415 323 1471 379 S.
1512 310 1897 377 CLEMENTYS
1930 314 1950 370 Ι
1983 313 2151 369 ROM.
2187 310 2386 366 PONT.
2417 306 2644 363 OPERA
2678 302 2905 360 DUBIA.
3676 303 3763 358 δτςη

556 451 880 511 thematicas
909 442 1225 515 disciplinas
1245 440 1462 512 penitus
1501 415 1649 501 novi,
1675 436 1932 490 dominus
1959 441 2138 486 autem

2255 425 2472 497 ,Επειδὴ
2506 424 2568 477 τὸ
2598 422 2825 495 μάθημα
2857 417 3101 491 ἀκριϐῶς
3133 417 3438 486 ἐπίσταμαι,
3470 417 3496 469 6
3525 416 3578 469 δέ
3609 418 3771 489 κύριος

556 558 608 606 et
635 554 787 617 pater
821 557 931 596 non
962 539 1115 602 item,
1143 537 1186 590 si
1217 537 1333 604 ipse
1363 531 1654 586 Annubion
1684 529 1920 593 adesset,
1952 541 2138 580 coram

557 652 708 713 patre
721 635 1143 708 disputationem
1159 631 1434 684 haberem.
1451 625 1526 680 lta
1542 625 1743 694 quippe
1757 639 1842 677 res
1857 621 2031 692 palam
2047 634 2141 674 ve-

559 735 676 790 nire
701 731 1045 804 pesset,dum
1074 725 1209 779 artis
1229 723 1436 794 peritus
1458 721 1721 774 adversds
1737 715 1980 784 eju‘sdem
2004 714 2140 767 artis

559 801 836 880 hominem
856 821 1209 890 quaestionem
1242 815 1488 885 agitaret.
1507 808 1808 877 Respondit
1823 816 1973 876 pater
1995 823 2008 858 :
2034 801 2138 858 Ubi

558 934 688 988 ergo
711 915 887 986 potest
902 925 1026 966 eum
1051 906 1379 961 Annubione
1394 916 1720 970 congressus
1737 907 1791 953 et
1807 898 2136 966 colloquium

561 987 789 1064 haberi?
813 1005 878 1058 Et
912 1003 1104 1056 Petrus
1147 999 1265 1052 ait:
1304 995 1607 1049 Antiochiae
1639 1011 1652 1047 :
1686 993 1758 1046 ibi
1802 990 1947 1044 enim
1978 987 2140 1042 audio

557 1117 680 1156 esse
710 1087 988 1154 Simonem
1039 1091 1277 1160 Magum,
1311 1101 1471 1157 quem
1517 1084 1805 1138 Annubion
1836 1089 2140 1135 assectatus

561 1207 668 1250 non
697 1189 916 1246 deserit.
945 1180 1174 1252 Quando
1192 1195 1322 1250 ergo
1353 1178 1465 1232 illic
1494 1176 1783 1238 fuerimus,
1816 1174 1860 1226 si
1885 1187 1979 1226 eos
2002 1186 2139 1225 nan-

559 1285 855 1344 eiscamur,
889 1273 1210 1344 disceptatio
1251 1269 1366 1325 ﬁeri
1397 1267 1614 1338 poterit.
1651 1263 1718 1318 Et
1759 1272 2049 1334 postquam
2074 1262 2140 1316 de

563 1372 751 1431 multis
789 1370 1176 1433 disseruimus,
1206 1369 1428 1435 propter
1466 1360 1894 1431 recognitionem
1949 1356 2055 1410 la:ti
2087 1356 2141 1410 et

561 1469 674 1523 Deo
702 1464 904 1537 gratias
950 1472 1196 1535 agentes,
1231 1469 1389 1514 nocte
1433 1453 1848 1526 superveniente
1891 1449 1960 1507 ad
1994 1456 2141 1506 soni-

562 1578 689 1616 num
717 1563 816 1615 nos
839 1557 1195 1614 contulimus.

1137 1849 1421 1908 HOMILIA
1460 1847 1577 1903 XV.

632 1975 674 2030 1.
714 1973 918 2028 Exorto
953 1979 1134 2024 autem
1176 1977 1354 2030 mane,
1385 1971 1541 2037 pater
1589 1977 1712 2017 cum
1741 1967 1916 2015 matre
1959 1965 2143 2012 nostra

565 2069 843 2136 tribusque
905 2064 1028 2118 filiis
1083 2064 1356 2131 ingressus
1408 2061 1460 2114 in
1523 2057 1701 2112 locum
1753 2053 1841 2108 ubi
1866 2060 1982 2106 erat
2038 2050 2142 2105 Pe-

565 2169 702 2219 trus.
751 2169 873 2210 cum
927 2155 1232 2214 salutasset,
1294 2150 1466 2211 sedit,
1521 2147 1717 2201 deinde
1767 2158 1865 2199 nos
1905 2156 2141 2211 quoque,

565 2251 656 2304 illo
686 2248 926 2316 iubente.
959 2245 1036 2300 Ac
1083 2243 1279 2298 Petrus
1327 2251 1532 2312 patrem
1576 2237 1807 2293 intuitus
1855 2235 1966 2290 ait:
2009 2233 2144 2288 Per-

563 2341 726 2410 cupio
781 2348 834 2393 te
898 2337 1039 2392 idem
1098 2335 1301 2390 sentire
1349 2332 1494 2403 quod
1541 2346 1684 2386 uxor
1711 2344 1776 2384 ac
1804 2325 1982 2393 liberi,
2007 2335 2067 2380 ut
2093 2335 2146 2380 et

567 2435 656 2488 hic
691 2447 815 2488 cum
847 2431 928 2486 eis
973 2429 1256 2493 convivas,
1297 2435 1353 2481 et
1385 2425 1517 2490 illic,
1561 2432 1686 2493 post
1719 2421 1918 2475 anima:
1949 2434 1980 2473 a
2018 2432 2143 2471 eor—

567 2539 698 2595 pore
745 2521 1190 2591 disiunctionem,
1237 2517 1401 2572 simul
1453 2531 1579 2570 eum
1629 2511 1832 2568 eisdem
1877 2511 1955 2565 sis
1994 2507 2144 2563 omni

567 2617 816 2672 molestia
857 2615 1013 2668 liber.
1045 2613 1126 2666 An
1156 2626 1265 2665 non
1299 2611 1444 2665 enim
1478 2618 1530 2662 te
1562 2613 1723 2676 atque
1755 2604 1878 2658 illos
1909 2601 2146 2656 maxime

568 2709 944 2772 eontrlstaret,
975 2707 1019 2759 si
1048 2721 1156 2758 una
1191 2719 1296 2757 non
1327 2701 1521 2756 essetis
1550 2698 1659 2753 ?Et
1696 2704 1848 2767 pater
1871 2713 1883 2748 :
1909 2692 2145 2748 Omnino

567 2816 721 2856 sane.
751 2794 888 2852 Tum
921 2797 1117 2851 Petrus
1145 2815 1157 2849 :
1187 2783 1245 2848 Si
1275 2805 1405 2863 ergo
1446 2791 1538 2844 hic
1589 2788 1818 2842 invicem
1861 2791 2147 2852 separatos

565 2905 687 2944 esse
707 2886 957 2942 molestia
981 2885 1376 2951 allieit,nonne.
1397 2879 1616 2950 quando
1648 2883 2012 2947 postmortem
2043 2872 2150 2926 erit

569 2979 796 3034 omnino
833 2991 1056 3032 nemsse
1078 2991 1175 3030 vos
1198 2985 1304 3027 non
1341 2987 1462 3026 esse
1493 2970 1675 3034 simul,
1705 2968 1875 3022 multo
1901 2965 2073 3035 magis
2097 2972 2148 3018 te

566 3068 932 3129 contristabit,
948 3075 999 3119 te
1016 3065 1256 3134 quidem,
1271 3061 1363 3132 qui
1379 3062 1460 3114 vir
1485 3060 1700 3128 sapiens
1720 3073 1800 3124 es,
1819 3057 2031 3111 ratione
2044 3063 2150 3109 tua:

2240 520 2334 572 καὶ
2364 521 2393 571 6
2439 516 2623 587 πατὴρ
2668 515 2766 583 ούχ
2799 512 2998 574 οὓτως,
3057 508 3264 579 ἦθελον,
3304 509 3350 558 εί
3395 506 3545 570 αὐτὸς
3587 507 3766 562 Ἀννου-

2242 609 2372 663 ϐίων
2420 607 2621 679 παρῆν,
2657 607 2748 658 ἐπὶ
2777 603 2872 658 τοῦ
2928 603 3133 674 πατρὸς
3186 602 3497 672 ποιήσασθαι
3538 603 3581 636 οι
3618 605 3772 673 λόγον,

2242 703 2396 783 Οὕτω
2428 703 2537 773 γὰρ
2560 702 2624 755 ἂν
2644 700 2705 754 τὸ
2735 702 2964 773 πρᾶγμα
2998 700 3078 761 είς
3110 697 3338 767 φανερὸν
3366 696 3528 748 ἐλθεῖν
3555 696 3774 766 ἠδύνατο,

2240 793 2482 866 τεχνίτου
2676 794 2966 865 ὁμάτεχνον
2995 792 3092 861 τὴν
3117 787 3336 861 ζήτησιν
3369 788 3655 858 ἐσχηκότος.
3683 789 3779 842 Καὶ

2241 887 2269 940 6
2303 886 2486 956 πατὴρ
2515 884 2864 955 ἀπεκρίνατο·
2901 879 3010 935 Ποῦ
3043 878 3134 934 οὖν
3166 880 3386 933 δυνατόν
3416 881 3552 932 ἐστιν
3590 879 3773 932 ’Ᾱννουο

2241 975 2393 1029 ϐίωνι
2430 977 2706 1046 συντυχεῖν
2727 991 2741 1040 ;
2766 974 2876 1027 Καὶ
2902 975 2930 1025 6
2959 972 3164 1043 Πέτρος
3190 970 3315 1040 ἔφη·
3361 970 3448 1022 Ἐν
3490 969 3775 1039 Ἀντιοχείᾳ·

2241 1070 2357 1121 ἐκεῖ
2379 1068 2492 1148 γάρ
2520 1067 2774 1139 μανθάνω
2790 1065 3006 1136 Σίμωνα
3034 1055 3126 1116 τὸν
3145 1063 3333 1131 Μάγον
3363 1061 3486 1114 ὄντα
3504 1062 3569 1124 ⁸⁸,
3605 1054 3646 1129 ᾧ
3681 1063 3783 1114 ’Λν-

2241 1159 2467 1214 νουϐίων
2501 1156 2881 1231 παρεπόμενος
2913 1147 3214 1228 ἀχώριστός
3247 1155 3414 1208 ἐστιν.
3462 1151 3624 1206 Ἐπάν
3648 1152 3692 1183 ’⁸
3709 1148 3788 1205 οὖν

2242 1254 2357 1305 ἐκεῖ
2382 1249 2686 1321 γενώμεθα,
2711 1248 2804 1302 ἐάν
2828 1245 2887 1317 γε
2914 1245 3313 1316 καταλάϐωμεν
3344 1244 3558 1307 αὐτοὺς,
3590 1245 3623 1315 ὴ
3647 1241 3791 1316 ζήτη-

2243 1357 2327 1406 σις
2357 1341 2609 1412 γενέσθαι
2641 1340 2877 1393 δύναται.
2918 1340 3026 1390 Καὶ
3055 1329 3206 1408 ὁμῶς
3247 1334 3418 1388 πολλά
3456 1333 3792 1402 διαλεχθέντες

2231 1439 2335 1492 ’καὶ
2368 1439 2461 1491 ἐπὶ
2491 1437 2568 1508 τῷ
2599 1432 2999 1505 ἀναγνωρισμῷ
3030 1423 3292 1503 χαρέντες
3319 1430 3362 1460 ³⁷
3391 1429 3484 1481 καὶ
3515 1427 3626 1497 Θεῷ
3655 1426 3793 1493 εὐχα-

2245 1531 2616 1604 ριστήσαντες,
2666 1526 2908 1598 ἐσπέρας
2953 1519 3478 1592 ἐπικαταλαϐούσης,
3536 1519 3611 1581 εἰς
3649 1516 3792 1570 ὕπνον

2243 1623 2579 1694 ἐτράπημεν.

2998 1715 3065 1728 —

2829 1825 3091 1878 'OMIAIA
3128 1823 3227 1875 IE'.

2315 1943 2354 1997 I.
2399 1943 2634 2014 Ὄρθρου
2659 1941 2716 1994 δὲ
2743 1939 3034 2011 γενομένου
3065 1941 3093 1992 6
3121 1937 3309 2007 πατὴρ
3341 1932 3478 2006 μετά
3496 1933 3592 2004 τῆς
3624 1929 3801 2002 μητρὸς

2243 2037 2400 2108 ἡμῶν
2437 2035 2660 2088 καὶτῶν
2690 2033 2855 2104 τριῶν
2906 2030 3038 2084 υἱῶν
3080 2026 3356 2092 εἰσελθὼν,
3397 2025 3522 2078 ἔνθα
3552 2026 3580 2076 6
3624 2023 3802 2092 Πέτρος

2242 2126 2332 2202 ἦν,
2357 2125 2804 2200 προσαγορεύσας
2831 2122 3119 2192 ἐκαθέσθη,
3139 2121 3330 2174 ἔπειτα
3354 2118 3511 2189 307
3531 2117 3621 2169 καὶ
3643 2116 3801 2186 ἡμεῖς,

2245 2221 2412 2275 αὐτοῦ
2449 2219 2822 2282 κελεύσαντος.
2860 2217 2969 2270 Καὶ
3002 2217 3030 2267 6
3057 2216 3260 2286 Πέτρος
3293 2213 3370 2283 τῷ
3405 2210 3569 2282 πατρὶ
3592 2224 3805 2280 προσεμ-

2247 2315 2450 2385 6λέψας
2483 2312 2609 2384 ἔφη’
2661 2309 2886 2364 Σπεύδω
2925 2307 3203 2379 ὁμόφρονα
3236 2324 3300 2359 σε
3333 2303 3584 2374 γενέσθαι
3613 2298 3805 2369 γυναικὶ

2246 2409 2340 2462 καὶ
2371 2407 2600 2469 τέκνοιςν
2635 2405 2783 2466 ὅπως
2815 2403 2996 2464 αὺτοῖς
3023 2401 3118 2452 καὶ
3149 2397 3386 2451 ἐνταῦθα
3417 2394 3706 2466 ὁμοδίαιτος
3731 2387 3804 2463 ᾖς,

2247 2501 2407 2552 κάκεῖ
2439 2496 2574 2569 μετὰ
2604 2496 2694 2550 τὸν
2727 2495 2836 2549 ἀπὸ
2861 2495 2955 2548 τοῦ
3002 2491 3252 2562 σώματος
3303 2491 3403 2560 τῆς
3446 2486 3621 2557 ψυχῆς
3660 2500 3806 2554 χωρι-

2249 2591 2383 2663 σμὸν
2409 2589 2583 2644 συνὼν
2614 2589 2819 2650 ἄλυπος
2847 2586 2945 2659 ἔσῃ
2978 2587 3041 2638 ν’.
3076 2585 3147 2636 Ἢ
3178 2582 3292 2654 γὰρ
3322 2583 3384 2635 ού
3410 2581 3478 2633 τά
3511 2575 3730 2651 μέγιστὰ
3759 2590 3808 2625 σε

2247 2683 2408 2737 λυπεῖ
2453 2683 2549 2736 και
2580 2682 2778 2743 αὐτοὺς
2822 2677 2884 2732 τὸ
2921 2679 2993 2750 μὴ
3049 2676 3301 2746 ἀλλήλοις
3359 2676 3626 2735 συνεῖναιξ
3658 2669 3810 2723 Καὶὸ

2249 2777 2451 2848 πατήρ·
2483 2776 2594 2828 Καὶ
2626 2775 2767 2828 πάνυ
2810 2791 2894 2843 γε.
2941 2772 3052 2828 Καὶ
3087 2773 3115 2824 6
3155 2771 3386 2841 Πέτρος
3436 2769 3500 2821 Εἰ
3544 2763 3631 2820 οὖν
3662 2765 3746 2818 καὶ
3773 2762 3809 2793 ”

2249 2865 2481 2922 ἐνταῦθα
2512 2867 2573 2920 τὸ
2591 2867 2831 2939 ἀλλήλων
2859 2864 3186 2936 κεχωρίσθαι
3221 2863 3406 2924 λυπεῖ,
3447 2859 3582 2932 μετά
3614 2858 3811 2912 θάνατον

2249 2961 2469 3023 πάντως
2518 2959 2864 3030 ὀφειλόμενον
2911 2959 3038 3028 ύμῖν
3093 2957 3210 3026 μετ’
3266 2955 3518 3026 ἀλλήλων
3556 2951 3626 3022 μὴ
3674 2943 3811 3008 εἶναι,

2251 3051 2402 3122 πόσῳ
2446 3068 2508 3120 γε
2561 3050 2757 3121 μᾶλλον
2805 3049 3036 3120 λυπήσει
3079 3048 3168 3112 ¹⁰⁰,
3204 3046 3264 3100 σὲ
3321 3048 3420 3118 μὲν
3455 3045 3621 3115 ἄνδρα
3675 3038 3814 3107 σοφὸν

569 3160 846 3230 Opinionis
866 3157 1102 3226 disjungi
1128 3171 1158 3210 a
1186 3156 1313 3220 tuis,
1342 3154 1463 3208 illos
1483 3167 1614 3206 vero
1646 3151 1819 3205 multo
1845 3150 2019 3220 magis
2047 3144 2147 3205 do¥

2250 3142 2377 3196 ὖντα
2404 3142 2484 3213 τῷ
2525 3142 2623 3213 τῆς
2673 3139 2898 3212 γνώμης
2934 3157 3026 3194 σου
3076 3139 3219 3210 λόγῳ
3255 3142 3272 3170 ί
3306 3139 3422 3192 τῶν
3457 3136 3570 3218 ,σῶν
3615 3129 3820 3202 κεχωρί-

567 3253 699 3318 lere,
742 3251 889 3321 quod
920 3251 1096 3304 sciant
1124 3258 1175 3303 te
1208 3248 1316 3301 alia
1363 3247 1688 3302 sentientem
1731 3253 1993 3298 arternum
2017 3255 2149 3314 sup-

568 3345 792 3414 plicitim
818 3345 889 3396 ob
915 3339 1028 3394 veri
1059 3337 1329 3410 dogmatis
1357 3335 1698 3404 negationem
1722 3331 1989 3388 manere?

639 3516 706 3572 ll.
739 3514 806 3569 Et
850 3523 1004 3584 pater
1033 3511 1210 3567 dixit:
1257 3512 1328 3566 At
1371 3525 1482 3564 non
1532 3509 1606 3564 ita
1644 3517 1747 3576 est,
1781 3524 1814 3564 ο
1863 3508 2059 3574 amice,
2091 3510 2152 3564 ut

572 3607 716 3676 apud
763 3605 969 3660 inferos
1001 3604 1300 3674 puniantur
1330 3602 1547 3668 animae,
1579 3601 1838 3672 quoniam
1867 3601 2048 3655 anima
2077 3601 2153 3655 si-

572 3699 687 3753 mul
715 3707 878 3766 atque
907 3712 939 3750 a
967 3711 1200 3765 corpore
1228 3694 1565 3758 discesserit,
1603 3695 1658 3748 in
1681 3709 1861 3749 aerem
1899 3693 2150 3749 dissolvi-

571 3800 682 3846 tur.
709 3789 931 3859 Excepit
966 3787 1162 3843 Petrus
1196 3788 1445 3858 :ltaque,
1486 3803 1660 3857 usque
1686 3787 1816 3842 dum
1864 3787 1966 3840 hac
2003 3785 2069 3840 de
2094 3799 2153 3840 re

573 3884 673 3940 tibi
703 3882 1153 3954 persuadeamus,
1181 3881 1450 3952 responde
1488 3881 1642 3947 mihi,
1678 3895 1859 3935 nonne
1881 3879 1978 3934 tibi
2003 3877 2154 3933 vide-

574 3987 683 4042 tur,
710 3983 765 4032 te
787 3975 1030 4046 quidem,
1055 3975 1149 4046 qui
1196 3973 1408 4029 futuras
1438 3986 1632 4044 ptenas
1664 3989 1774 4027 non
1816 3971 2015 4037 credis,
2051 3985 2151 4025 ne-

571 4085 849 4141 quaquam
873 4068 1080 4132 dolere,
1111 4067 1237 4123 illos
1278 4082 1428 4132 vero,
1462 4067 1555 4135 qui
1579 4066 1829 4130 credunt,
1869 4065 1935 4119 de
1961 4071 2014 4118 te
2057 4076 2154 4116 ne-

578 4164 813 4220 aessario
845 4159 1173 4244 angitTum
1197 4170 1351 4231 pater
1379 4177 1393 4214 :
1433 4158 1598 4215 Recte
1639 4159 1797 4214 dicis.
1830 4156 2025 4212 Petrus
2055 4171 2154 4209 au-

578 4269 687 4314 tem
719 4276 733 4314 :
764 4255 831 4313 Et
860 4273 1030 4326 quare
1053 4257 1293 4311 maximo
1315 4255 1382 4310 de
1420 4262 1475 4309 te
1505 4269 1742 4308 maerore
1770 4267 1877 4306 non
1900 4266 1994 4306 eos
2019 4250 2155 4303 libe-

575 4350 742 4412 rabis,
780 4351 1028 4422 religioni
1060 4349 1389 4412 assentiens,
1416 4362 1524 4401 non
1551 4345 1759 4416 pudore
1783 4343 2030 4413 inquam,
2057 4339 2153 4396 sed

575 4442 852 4512 aequitate,
883 4443 949 4498 de
978 4443 1044 4496 iis
1066 4449 1188 4510 qua:
1224 4439 1320 4494 tibi
1345 4455 1375 4493 a
1405 4453 1491 4492 me
1513 4438 1770 4492 dicuntur
1799 4433 2070 4488 audiendo
2099 4439 2152 4486 et

572 4536 890 4607 iudicando,
923 4541 1106 4588 utram
1131 4549 1193 4588 ea
1224 4533 1299 4586 ita
1327 4531 1582 4596 habeant,
1619 4543 1719 4583 nec
1743 4543 1830 4582 ne.
1860 4525 1938 4580 Ac
1957 4525 2004 4581 si
2032 4525 2155 4594 qui-

575 4631 698 4684 dem
725 4627 796 4680 ita
824 4635 927 4691 est,
951 4635 1012 4680 ut
1041 4621 1297 4689 dicimus,
1332 4627 1386 4678 et
1419 4623 1505 4677 hic
1531 4632 1639 4674 una
1665 4627 1791 4674 cum
1815 4617 2156 4672 charissimis

576 4718 936 4776 delectaberis
966 4728 1019 4772 et
1047 4718 1158 4772 illic
1200 4731 1325 4771 cum
1352 4715 1558 4770 eisdem
1584 4712 1828 4782 requiem
1853 4723 2157 4777 conseque-

577 4812 675 4867 ris.
733 4809 888 4877 Quod
937 4809 981 4865 si
1015 4810 1069 4863 in
1123 4817 1437 4865 sermonum
1492 4816 1710 4861 tuorum
1765 4801 2158 4871 disceptatione

577 4902 908 4965 ostenderis,
954 4917 1076 4969 qum
1121 4917 1151 4955 a
1199 4899 1358 4956 nobis
1403 4905 1758 4962 asseruntur,
1804 4892 1997 4948 falsam
2033 4905 2157 4946 esse

581 4995 842 5059 fabulam,
861 4994 1028 5050 etiam
1055 4994 1138 5049 sic
1163 4993 1422 5064 praeclare
1446 4991 1639 5057 facies,
1665 4989 1784 5044 illos
1809 4986 1949 5040 idem
1974 4992 2154 5038 tecum

582 5087 879 5142 sentientes
909 5085 1205 5154 accipiens,
1257 5083 1565 5153 eniciesque
1599 5089 1660 5135 ut
1704 5077 1968 5134 desistant
2012 5089 2154 5129 vana

581 5195 678 5251 spe
713 5177 890 5242 inniti.
917 5187 972 5232 et
1001 5176 1256 5232 liberabis
1284 5174 1437 5230 falsis
1464 5172 1786 5229 terroribus.

654 5270 740 5325 ΙΙΙ.
769 5269 834 5325 Et
872 5278 1026 5341 pater
1057 5289 1069 5324 :
1096 5267 1267 5324 Multa
1319 5267 1455 5322 mihi
1490 5266 1694 5323 videris
1733 5266 1913 5320 dicere
1957 5259 2155 5316 rationi

2249 3234 2394 3299 σθαι,
2425 3233 2621 3296 αὐτοὺς
2650 3234 2708 3286 δὲ
2751 3232 2886 3286 πολὺ
2925 3231 3122 3303 μᾶλλον
3169 3231 3474 3285 ὀδυνᾶσθαι
3507 3227 3585 3299 τῷ
3628 3223 3823 3287 εἰδέναι,

2249 3326 2330 3379 ὅτι
2365 3343 2423 3379 σε
2457 3325 2592 3379 ἄλλα
2625 3323 2924 3396 φρονοῦντα
2953 3323 3167 3388 αἰώνιος
3195 3323 3360 3395 μένει
3405 3322 3642 3382 κόλασις,
3679 3311 3824 3390 ῥητοῦ

2249 3420 2516 3490 δόγματος
2547 3417 2820 3487 ἀποφάσει
2845 3433 2860 3480 ;

2321 3511 2384 3566 ll.
2419 3511 2528 3564 Καὶ
2551 3512 2580 3564 6
2609 3509 2790 3581 πατὴρ
2825 3509 2948 3580 ἐφη·
2996 3507 3134 3560 Ἀλλ’
3180 3507 3279 3560 οὐκ
3320 3506 3503 3571 ἔστιν,
3537 3499 3582 3558 ὦ
3605 3501 3824 3573 φίλτατε,

2250 3602 2312 3656 τὺ
2343 3603 2400 3655 ἐν
2427 3601 2555 3673 ᾅδου
2603 3599 2780 3670 ψυχὰς
2827 3598 3170 3663 κολάξεσθαι,
3205 3598 3389 3670 αὐτῆς
3436 3599 3555 3668 ἅμα
3597 3594 3673 3665 τῷ
3703 3593 3825 3646 ἀπο·-

2253 3697 2442 3767 στῆναι
2472 3694 2566 3748 τοῦ
2591 3693 2839 3764 σώματος
2860 3695 2940 3756 εἰς
2958 3692 3095 3764 ἀέρα
3124 3691 3422 3763 λυομένης.
3443 3693 3554 3745 Καὶ
3584 3690 3612 3741 ὁ
3645 3682 3826 3756 Πέτρος

2251 3786 2376 3858 ἔφη·
2424 3787 2634 3858 Μέχρις
2665 3781 2757 3838 οὖν
2803 3784 2892 3838 ὅτε
2939 3784 3004 3837 ἂν
3037 3785 3056 3814 ⁸
3092 3784 3218 3854 περὶ
3257 3784 3460 3836 τούτου
3519 3777 3778 3848 πείσωμέν
3807 3774 3824 3805 ³

2255 3898 2334 3944 σε,
2369 3878 2659 3952 ἀπόκριναί
2692 3896 2801 3950 μοι,
2833 3878 2894 3931 ού
2930 3877 3076 3930 δοκεῖ
3128 3894 3230 3937 σοι,
3274 3875 3335 3928 σὲ
3379 3876 3484 3946 μὲν
3518 3869 3827 3928 ἀπιστοῦντα

2253 3971 2350 4042 τὴν
2383 3971 2600 4024 κόλασιν
2637 3969 2709 4042 μὴ
2738 3967 3042 4032 λυπεῖσθαι,
3077 3968 3317 4029 ἐκείνους
3353 3968 3413 4019 δέ
3450 3959 3828 4035 πεπεισμένους

2254 4062 2499 4134 ἀνάγκην
2547 4061 2690 4139 ἔχειν
2741 4060 2870 4131 περὶ
2921 4059 3014 4112 σοῦ
3071 4059 3363 4124 ἀνιᾶσθαι;
3412 4059 3525 4112 Καὶ
3570 4060 3599 4111 6
3643 4054 3829 4124 πατὴρ

2268 4153 2597 4216 Ἀκολούθως
2627 4151 2826 4220 λέγεις.
2862 4152 2972 4205 Καὶ
3001 4154 3028 4206 6
3061 4151 3284 4221 Πέτροςο
3337 4149 3442 4204 Διά
3474 4149 3528 4204 τί
3558 4149 3614 4202 δὲ
3651 4141 3832 4205 αὐτοὺς

2254 4246 2353 4300 ούκ
2385 4240 2712 4308 ἀπαλλάξεις
2758 4244 3019 4314 μεγίστης
3049 4244 3175 4315 περὶ
3220 4242 3314 4296 σοῦ
3359 4242 3567 4313 λύπης,
3611 4241 3676 4310 τῇ
3711 4238 3834 4308 θρηο

2257 4338 2415 4409 σκείᾳ
2457 4336 2800 4407 συνθέμενος,
2833 4335 2895 4388 ού
2925 4335 3173 4404 δυσωπίᾳ.
3195 4333 3368 4402 λέγω,
3408 4333 3529 4387 ἀλλ’
3577 4332 3836 4399 ἑύγνωμο-

2259 4431 2410 4504 σύνῃ,
2443 4428 2572 4500 περὶ¹
2599 4426 2706 4481 τῶν
2735 4426 3042 4496 λεγομένων
3073 4431 3153 4477 σοι
3190 4414 3281 4478 ύπ⁴
3311 4422 3453 4495 ἐμοῦ
3491 4422 3726 4485 ἀκούων,
3756 4416 3840 4470 καὶ

2255 4523 2454 4595 κρίνων
2488 4523 2536 4574 εἰ
2558 4519 2732 4574 ταῦτα
2758 4517 2930 4582 οὕτως
2954 4517 3087 4588 ἔχει,
3123 4516 3155 4587 ἢ
3189 4515 3286 4581 οῦ;
3323 4517 3422 4568 καὶ
3459 4517 3509 4568 εί
3550 4515 3649 4585 μὲν
3681 4509 3840 4569 οὕτως

2254 4616 2364 4686 ἔχει
2397 4617 2472 4678 ὡς
2502 4613 2752 4684 λέγομεν,
2796 4611 2890 4664 καὶ
2929 4605 3029 4664 ὦδε
3073 4605 3510 4671 συναπολαύσεις
3553 4605 3720 4676 308
3741 4604 3843 4664 τοῖς

2254 4704 2550 4774 φιλτάτοις,
2575 4704 2734 4756 κάκεῖ
2761 4699 3168 4772 συναναπαύσῃ·
3203 4699 3249 4750 εί
3273 4696 3329 4750 δὲ
3349 4699 3409 4750 ἐν
3443 4701 3513 4768 τῇ
3544 4696 3656 4748 τῶν
3678 4694 3842 4759 λόγων

2257 4813 2351 4848 σου
2381 4793 2403 4826 ⁸
2433 4793 2621 4870 σκέψει
2662 4791 2843 4863 δείξῃς
2887 4789 2956 4843 τά
3001 4789 3092 4858 ὑφ’
3134 4789 3293 4860 ἡμῶν
3344 4787 3626 4858 λεγόμενα
3687 4781 3846 4856 μῦθόν

2255 4902 2377 4938 τινα
2406 4882 2572 4954 ψευδῆ
2606 4877 2764 4944 εἶναι,
2800 4881 2894 4932 καὶ
2924 4877 3097 4942 οὕτως
3129 4877 3308 4940 καλῶς
3341 4878 3621 4948 ποιήσεις,
3656 4871 3846 4931 αὐτοὺς

2257 4975 2641 5048 ὁμογνώμονάς
2687 4991 2767 5027 σοι
2810 4971 3068 5044 εἰληφὼς,
3113 4971 3208 5024 καὶ
3258 4969 3350 5022 τοῦ
3396 4973 3594 5033 κεναῖς
3645 4964 3848 5020 ἐλπίσιν

2258 5065 2632 5138 ὲπερείδεσθαι
2695 5063 2952 5130 παύσεις,
3003 5063 3099 5116 καὶ
3157 5060 3366 5132 ψευδῶν
3432 5059 3625 5130 φόὸων
3681 5051 3848 5110 ἀπαλ-

2257 5159 2457 5224 λάξεις.

2331 5252 2417 5308 Ill.
2452 5251 2562 5306 Καὶ
2593 5253 2620 5305 ὁ
2650 5251 2852 5322 πατήρ·
2887 5248 3066 5303 Πολλά
3094 5248 3260 5320 φαίνῃ
3295 5262 3381 5318 μοι
3416 5243 3627 5313 εὔλογα
3659 5241 3844 5309 λέγων.

1893 5435 2126 5493 VARUE
2168 5430 2571 5488 LECTIONES.

656 5588 704 5620 "
729 5585 804 5640 lla
828 5583 893 5640 0.
922 5599 970 5639 e.
1007 5581 1169 5652 Epil.,
1194 5582 1536 5652 ἐποιησάμην
1565 5579 1625 5635 C.
1661 5579 1835 5652 Supra
1873 5579 2070 5652 ἐθέλων
2093 5578 2208 5652 leg.
2234 5583 2418 5652 cepset
2575 5574 2619 5652 οξ
2653 5571 2788 5652 εἶναι
2817 5591 2870 5644 p.
2905 5573 2994 5627 τὸν
3025 5570 3348 5652 μάγονῌρντα
3375 5566 3450 5652 0;
3525 5569 3592 5652 9“
3608 5566 3772 5652 cbcév

587 5658 826 5737 ’⁷.χαρᾶς
855 5633 1228 5723 πληρωθέντες
1251 5653 1314 5708 0.
1340 5633 1350 5652 l
1394 5633 1443 5683 ’δ
1466 5633 1605 5722 μετὰ
1634 5651 1724 5704 τὸν
1745 5633 2031 5753 ’χωρισμὸν
2057 5633 2354 5720 τῆςκῖψυχῆς
2385 5645 2492 5697 ἀπὸ
2523 5644 2616 5698 τοῦ
2652 5633 2901 5716 σώματος
2927 5633 3150 5696 συνὸντα
3188 5642 3389 5695 ἄλυπον
3423 5638 3658 5692 ἔσεσθαι
3693 5638 3756 5692 C.
3795 5633 3851 5688 In

764 5724 863 5753 ma
1119 5725 1176 5753 ι...
1210 5721 1508 5753 ..νηηληιυη
1543 5723 1734 5753 πηιυω.
1859 5722 1880 5750 9
1916 5720 2008 5753 ναι
2043 5721 2161 5753 mm
2199 5733 2228 5753 η
2281 5717 2325 5753 n
2448 5716 2516 5746 too
2555 5715 2750 5753 ..ἥὶὶηυ
2781 5717 2843 5753 ω’.
2876 5715 3100 5753 lue-tum
3137 5715 3190 5753 η
3306 5714 3321 5744 ι
3359 5711 3430 5753 Im
3487 5708 3632 5753 Enn-
3680 5704 3850 5753 910;

580 5721 743 5799 Epit.-
764 5721 1097 5799 122,55on
1117 5725 1176 5775 ἐν
1208 5721 1522 5799 εὐφροσύνῃ-
1543 5723 1751 5799 διάγῃς.

1859 5722 1880 5750 ⁹
1916 5717 2008 5772 καί
2042 5717 2166 5772 add.
2199 5733 2250 5772 c.
2281 5717 2346 5771 0.

2448 5716 2516 5788 ¹έ⁰
2554 5701 2843 5788 μᾶλλονοὺ
2876 5701 3104 5788 λυπήσει
3137 5715 3198 5771 C.
3306 5714 3321 5744 ¹
3356 5711 3433 5764 ιω
3484 5708 3656 5788 ΕΡίίο,
3680 5714 3737 5765 ει
3758 5704 3803 5764 0
3829 5701 3856 5773 δ’

575 5782 598 5856 ξ
608 5782 728 5871 ἐγω⁸
760 5810 852 5848 σου
874 5782 946 5848 ’0.
1021 5795 1042 5825 ³
1069 5793 1134 5847 ἄν
1171 5782 1376 5849 οηιλ).
1454 5782 1583 5849 ³”Ιι;ι
1755 5792 2012 5862 πείσομεν
2043 5787 2195 5855 (3,0.
2275 5787 2420 5865 foco
2474 5782 2773 5857 interposui
2815 5802 2862 5840 c.
2903 5784 2965 5840 0.
