4022 6336
497 293 600 350 339

1325 291 1380 347 S.
1417 288 1801 346 CLEMENTIS
1834 288 1854 342 l
1895 288 2057 345 ROM.
2097 288 2298 345 PONT.
2331 289 2559 344 OPERA
2597 287 2823 344 DUBIA.

3595 291 3692 344 ΞΜ

499 409 681 464 aiebat
732 405 882 472 esse,
933 414 987 461 ct
1029 407 1076 461 cl
1129 406 1220 475 qui
1277 406 1555 460 maxillam
1603 415 1751 459 tuam
1811 406 2064 474 percutit,

2171 404 2434 475 ἐφαίνετο.
2487 405 2598 456 Kal
2631 403 2693 455 τὸ
2734 401 2852 462 πῶς
2894 400 3022 472 ἐρῶ.
3060 400 3269 455 Δίκαιον
3312 402 3528 471 ἔφασκεν
3567 400 3688 460 εἶναι

498 501 725 554 alteram
763 514 982 567 quoque
1026 514 1332 568 opponere,
1384 508 1438 551 et
1479 497 1528 552 ei
1566 498 1658 566 qui
1690 497 1868 551 aulert
1911 506 2064 549 tuum

498 592 746 661 pallium,
780 590 993 644 tradere
1039 599 1090 642 et
1134 587 1394 653 maforte,
1446 599 1499 642 et
1541 603 1662 641 cum
1699 601 1805 652 eo,
1865 587 1956 656 qui
1999 587 2068 642 ad

499 701 667 739 unum
703 684 932 738 milliare
962 681 1149 752 adigit,
1184 696 1277 749 per
1304 680 1412 732 duo
1436 679 1729 748 proﬁcisci,
1767 688 1930 749 atque
1963 678 2068 732 alia

497 777 699 830 similia
737 788 785 828 ιι.

570 867 658 920 Ἦ.
693 865 991 934 Respondit
1018 863 1211 917 Petrus
1240 881 1254 917 :
1299 863 1461 932 Atqui
1487 863 1589 916 hoc
1608 860 1930 916 existimasti
1967 860 2072 914 ini-

497 975 691 1029 quum,
720 959 864 1027 quod
894 957 1268 1026 aequissimum
1316 964 1418 1008 est.
1462 955 1540 1008 Ae
1565 954 1610 1008 si
1652 955 1802 1007 lubet
1827 955 1974 1008 audi.
2005 953 2071 1008 Et

499 1062 652 1121 pater
682 1052 819 1106 dixit
853 1069 866 1103 :
903 1049 1132 1103 Prorsus
1159 1049 1324 1102 lubet.
1356 1047 1494 1100 Tum
1526 1046 1717 1102 Petrus
1754 1065 1767 1101 :
1801 1046 1940 1101 Num
1974 1048 2069 1101 tibi

497 1143 733 1205 videtur,
765 1157 889 1196 cum
928 1140 1036 1193 duo
1083 1155 1235 1209 reges
1266 1139 1471 1194 inimici
1507 1148 1637 1194 sunt
1663 1147 1718 1194 et
1755 1140 1960 1193 divisas
1987 1156 2071 1194 re-

500 1237 689 1306 giones
718 1244 924 1297 tenent,
950 1235 994 1286 si
1025 1234 1297 1303 quispiam
1329 1250 1396 1288 ex
1436 1233 1525 1297 iis,
1554 1233 1647 1302 qui
1685 1234 1914 1303 subjecti
1946 1243 2074 1288 sunt

497 1329 675 1392 alteri,
714 1330 766 1382 in
794 1328 1016 1382 alterius
1063 1327 1284 1394 regione
1330 1328 1786 1396 deprehendatur,
1840 1328 2073 1396 ideoque

498 1430 775 1474 mereatur
830 1430 1084 1484 mortem,
1133 1428 1188 1472 et
1221 1418 1473 1488 colapho,
1519 1435 1628 1472 non
1666 1429 1847 1474 autem
1895 1419 2074 1489 capite

501 1508 744 1581 punitus,
773 1527 988 1581 pmnam
1019 1511 1379 1575 evadat,num
1413 1511 1625 1564 videtur
1653 1513 1946 1575 humanus,
1977 1510 2072 1579 qui

497 1607 711 1658 veniam
741 1604 931 1658 dedit?
969 1603 1033 1657 Et
1079 1616 1232 1672 pater
1281 1603 1356 1656 ait
1389 1621 1402 1656 :
1435 1603 1766 1656 Admodum.
1800 1601 1945 1656 Dixit
1972 1601 2074 1656 Pc-

499 1707 616 1751 trus
654 1713 668 1749 :
704 1697 844 1762 Quid
873 1712 1022 1760 vero,
1073 1698 1117 1749 si
1149 1696 1193 1771 is
1226 1696 1340 1765 ipse
1384 1696 1548 1751 etiam
1585 1696 1748 1750 alicui
1790 1696 2069 1765 proprium

2172 499 2266 552 καὶ
2295 498 2373 569 τῷ
2396 497 2651 550 τύπτοντι
2691 495 2855 548 αὐτοῦ
2889 495 2986 566 τὴν
3023 495 3240 562 σιαγόνα
3263 495 3590 566 παρατιθέναι
3610 499 3690 551 καὶ

2169 592 2266 664 τὴν
2297 591 2509 662 ἑτέραν,
2542 591 2635 644 καὶ
2663 589 2741 660 τῷ
2778 587 2986 660 αἴροντι
3023 587 3186 640 αὐτοῦ
3223 587 3281 640 τὸ
3314 587 3510 658 ἱμάτιον
3549 606 3696 660 προσ-

2169 685 2365 738 διδόναι
2406 685 2499 738 καὶ
2530 683 2591 736 τὸ
2620 683 2882 754 μαφόριον
2916 682 3036 720 ’⁵-²⁸
3054 720 3068 743 ,
3091 681 3434 751 ἀγγαρεύοντι
3462 680 3512 732 δέ
3546 681 3695 751 μίλιον

2168 779 2226 830 ἒν
2255 775 2686 848 συναπέρχεσθαι
2707 775 2818 837 δύο,
2849 774 2942 826 καὶ
2967 774 3066 826 ὅσα
3098 772 3314 824 τοιαῦτα

2243 867 2329 921 Vl.
2354 868 2462 920 Kal
2493 869 2520 920 6
2542 867 2743 939 Πέτρος
2765 866 3094 936 ἀπεκρίνατο
3114 881 3127 894 ο
3177 864 3311 918 Ἀλλ’
3337 863 3572 934 ἐνόμισας
3601 862 3700 917 ἄδι-

2171 977 2266 1014 κον
2299 963 2326 1014 ὃ
2348 979 2400 1014 τι
2427 960 2758 1013 δικαιότατόν
2785 961 2948 1012 ἐστιν.
2975 957 3043 1010 Εἴ
3068 975 3147 1010 σοι
3189 957 3334 1026 φίλον
3375 957 3532 1020 ἐστὶν,
3565 955 3708 1009 ἀκου-

2174 1069 2280 1105 σον.
2320 1053 2429 1106 Kal
2464 1054 2491 1104 6
2527 1052 2708 1123 πατὴρ
2749 1052 2792 1082 ’⁷
2828 1050 2930 1121 ἔφη
2954 1067 2966 1081 ’
3022 1050 3169 1103 Πάνυ
3223 1067 3308 1120 μοι
3342 1050 3502 1119 φίλον.
3549 1050 3647 1102 Kal
3684 1052 3708 1103 6

2173 1145 2411 1216 Πέτρος*
2444 1145 2518 1196 Οὐ
2558 1143 2702 1197 δοκεῖ
2749 1144 2850 1206 σοι,
2903 1141 2995 1196 δύο
3037 1141 3244 1212 ἐχθρῶν
3271 1140 3522 1211 βασιλέων
3565 1141 3711 1194 ὀντων

2172 1238 2266 1289 καὶ
2286 1237 2444 1309 διῃρη
2453 1236 2616 1307 μένας
2641 1235 2738 1298 τὰς
2759 1234 2938 1305 χώρας
2963 1234 3211 1304 ἐχόντων,
3236 1232 3389 1296 εἴτις
3418 1234 3479 1284 ἐκ
3510 1231 3609 1284 τῶν
3633 1233 3712 1285 τοῦ

2172 1326 2290 1390 ἐνὸς
2327 1328 2581 1398 ὑπηκόων
2615 1329 2672 1381 ἐν
2695 1330 2761 1397 τῇ
2796 1327 2890 1379 τοῦ
2919 1322 3105 1398 ἐτέρου
3136 1327 3290 1398 χώρᾳ
3317 1326 3601 1397 φωραθείη,
3635 1329 3718 1379 καὶ

2172 1419 2259 1472 διὰ
2293 1419 2451 1472 τοῦτο
2497 1419 2722 1472 θάνατον
2753 1419 2982 1486 ὀφείλων
3006 1420 3070 1484 ²⁸,
3090 1419 3183 1472 ἐὰν
3213 1417 3512 1489 ραπίσματι
3545 1418 3629 1470 καὶ
3656 1417 3720 1488 μὴ

2174 1510 2387 1580 θανάτῳ
2409 1511 2508 1582 τῆς
2541 1511 2807 1581 τιμωρίας
2841 1510 3103 1580 ἀπολυθῇ,
3137 1511 3197 1562 οὐ
3235 1508 3471 1579 φαίνεται
3508 1508 3604 1580 μὴν
3627 1511 3666 1540 ²⁹
3699 1511 3724 1562 6

2173 1604 2448 1666 ἀπολύσας
2474 1603 2850 1674 φιλάνθρωπος
2887 1599 3058 1666 εἷναις
3086 1603 3193 1655 Kal
3224 1604 3254 1654 6
3288 1600 3468 1672 πατὴρ
3491 1599 3607 1670 ἔφη·
3632 1600 3726 1652 Kal

2175 1697 2334 1751 πάνυ.
2384 1697 2494 1750 Kal
2524 1699 2552 1749 6
2594 1695 2798 1766 Πέτρος
2838 1694 2976 1766 ἔφη’
3022 1695 3085 1746 Τί
3126 1694 3206 1757 δὲ,
3252 1695 3300 1746 εί
3340 1693 3433 1746 καὶ
3473 1691 3594 1744 ἴδιόν
3617 1691 3666 1743 τί
3688 1691 3726 1721 ³⁸

500 1789 582 1842 vel
613 1788 756 1840 aliud
795 1787 923 1856 quid
954 1785 1189 1852 auferat,
1227 1796 1281 1841 et
1307 1787 1360 1839 in
1386 1786 1530 1840 furto
1568 1787 1999 1856 comprehensus
2025 1787 2066 1840 si

2172 1805 2314 1852 τινος
2348 1787 2508 1850 αὐτὸς
2546 1780 2700 1850 οὗτος
2734 1786 3026 1858 ἀφέληται,
3066 1785 3098 1856 ἢ
3127 1785 3220 1838 καὶ
3247 1783 3521 1854 ἀλλότριον
3550 1783 3614 1847 ³⁸,
3653 1783 3733 1834 καὶ

497 1879 722 1947 duplum
756 1878 865 1943 det,
896 1893 1019 1931 cum
1044 1879 1332 1947 quadrupli
1377 1881 1447 1933 sit
1476 1881 1710 1944 debitor,
1743 1880 2072 1949 insuperque

498 1972 715 2036 mortis,
744 1971 836 2039 qui
867 1985 1059 2038 nempe
1089 1971 1141 2023 in
1186 1970 1486 2024 adversarii
1520 1971 1716 2026 ﬁnibus
1753 1980 1946 2039 captus
1977 1971 2070 2036 sit,

499 2079 679 2117 nonne
702 2064 798 2118 tibi
828 2063 1062 2127 videtur,
1082 2064 1380 2137 humanum
1414 2077 1536 2116 esse
1558 2078 1704 2126 eum,
1727 2064 1817 2131 qui
1845 2063 2072 2132 duplum

497 2157 707 2226 accepit
736 2164 789 2210 et
823 2166 1051 2209 mortem
1086 2155 1164 2208 illi
1214 2154 1464 2209 remisit?
1505 2153 1572 2208 Et
1607 2164 1760 2224 pater
1801 2155 1879 2208 ait
1907 2172 1918 2207 :
1946 2153 2072 2208 Cla-

497 2266 621 2302 rum
646 2258 748 2303 est.
779 2248 855 2302 Ac
886 2247 1077 2302 Petrus
1107 2266 1121 2301 ι
1152 2247 1293 2313 Quid
1337 2262 1486 2312 vero,
1513 2261 1691 2300 nonne
1719 2255 1954 2315 oportet,
1988 2254 2067 2312 ut,

496 2341 592 2410 qui
626 2341 678 2393 in
715 2341 938 2393 alterius
968 2355 1136 2409 regno
1181 2348 1430 2392 versatur
1453 2380 1469 2403 ,
1511 2339 1674 2408 idque
1706 2338 1926 2408 pessimi
1967 2338 2069 2392 bo-

495 2433 617 2498 stis,
650 2433 816 2486 vitam
840 2433 1195 2486 conservandi
1228 2432 1409 2502 gratia
1433 2432 1690 2486 omnibus
1720 2432 1988 2496 aduletur,
2017 2439 2072 2486 et

497 2525 550 2576 vi
582 2523 926 2593 adigentibus
955 2523 1128 2594 magis
1165 2524 1344 2584 cedat,
1376 2539 1486 2576 non
1519 2523 1820 2578 salutantes
1848 2523 2066 2589 salutet,

497 2616 753 2670 inimicos
777 2616 880 2669 sibi
915 2615 1189 2679 conciliet,
1227 2630 1352 2669 cum
1395 2615 1752 2670 irascentibus
1795 2631 1901 2670 non
1931 2631 2068 2670 con-

499 2709 702 2772 tendat,
767 2723 866 2761 sua
919 2708 1068 2762 omni
1137 2707 1395 2760 audacter
1472 2706 1671 2775 petenti
1724 2707 1960 2775 praebeat
2014 2716 2069 2762 et

498 2801 662 2854 faciat
711 2813 1053 2868 quzccuuque
1098 2809 1224 2852 sunt
1279 2797 1632 2864 hujusmodi?
1681 2796 1817 2851 Tum
1866 2808 2065 2867 pater:

496 2895 708 2947 Cuncta
737 2892 916 2961 potius
972 2891 1168 2944 merito
1205 2889 1518 2955 sustinebit,
1545 2891 1588 2944 si
1620 2889 1706 2945 his
1733 2892 1900 2946 vitam
1929 2908 2069 2961 prte-

497 2986 620 3040 fert.

569 3076 678 3130 Vll.
731 3074 797 3128 Et
845 3073 1039 3127 Petrus
1070 3089 1082 3124 :
1109 3071 1298 3126 Nonne
1330 3072 1495 3142 igitur
1531 3073 1601 3139 ii,
1664 3089 1804 3144 quos
1847 3075 2067 3132 dicebas

497 3168 634 3221 allici
658 3166 880 3235 injuria,
933 3165 1036 3233 ipsi
1092 3173 1219 3218 sunt
1258 3165 1444 3218 [inium
1495 3175 1960 3237 transgressores,
2010 3170 2066 3224 in

497 3265 761 3326 quantum
793 3263 1078 3308 versantur
1101 3254 1156 3308 in
1198 3270 1363 3322 regno
1401 3255 1646 3318 alterius,
1677 3265 1730 3310 et
1767 3257 1821 3310 in
1856 3265 2066 3312 tantum

496 3345 906 3400 dcfraudatores
935 3356 1082 3411 sunt,
1108 3349 1160 3400 in
1188 3356 1450 3416 quantum
1479 3348 1802 3418 possident?
1839 3349 1943 3404 Sed
1972 3351 2066 3421 qui

496 3441 748 3495 videntur
788 3441 965 3494 facere
1007 3440 1288 3509 iujuriam,
1326 3441 1620 3512 unicuique
1672 3459 1738 3498 ex
1791 3446 2068 3505 contraria

495 3540 651 3602 parte
695 3541 844 3586 tanta
895 3531 1310 3598 gratificantur,
1360 3543 1562 3602 quanta
1609 3535 1690 3590 eis
1745 3536 2069 3605 permittunt

498 3625 721 3678 habere.
747 3623 869 3677 [hec
892 3624 1094 3693 quippe
1120 3624 1185 3677 ad
1215 3639 1309 3682 eos
1358 3627 1652 3694 pertinent,
1699 3644 1792 3698 qut
1828 3645 2066 3698 prasen-

497 3718 570 3769 tia
594 3715 890 3780 elegerunt.
937 3711 1002 3767 Et
1047 3712 1182 3766 adeo
1214 3712 1436 3766 humani
1487 3725 1634 3780 sunt,
1667 3725 1724 3770 ut
1766 3715 1872 3770 illis
1899 3717 2064 3772 vitam

497 3806 723 3858 donent.
761 3803 937 3873 Atque
968 3804 1278 3872 exemplum
1335 3805 1408 3858 ita
1441 3807 1659 3875 quidem
1711 3809 1891 3862 habet.
1923 3809 2064 3864 Audi

492 3897 603 3965 jam
629 3896 802 3965 ipsam
827 3911 962 3948 rem.
992 3893 1248 3948 Veritatis
1275 3897 1538 3964 propheta
1563 3898 1858 3952 adveniens
1879 3901 2068 3956 docuit

499 4002 618 4048 nos.
646 3985 789 4055 quod
821 3985 1065 4040 omnium
1097 3997 1308 4040 creator
1333 4003 1397 4040 ac
1424 3987 1568 4043 Deus
1593 3989 1807 4045 duobus
1837 3992 2067 4060 quibus-

494 4079 618 4132 dam
648 4080 758 4133 duo
789 4095 952 4149 regna
987 4079 1287 4142 distribuit,
1309 4080 1453 4135 bono
1481 4092 1536 4135 et
1565 4083 1729 4148 malo,
1755 4085 1891 4139 dans
1921 4087 2063 4141 malo

496 4170 712 4238 quidem
748 4184 973 4238 regnum
1003 4167 1168 4237 hujus
1210 4170 1397 4224 mundi
1440 4186 1562 4224 cum
1607 4172 1740 4242 lege,
1779 4174 1850 4228 ita
1883 4185 1940 4228 ut
1969 4175 2065 4228 ha-

499 4260 622 4314 beat
649 4269 970 4329 potestatem
1018 4260 1314 4328 injuriosos
1351 4262 1642 4330 puniendi,
1695 4263 1841 4318 bono
1881 4276 2063 4320 autem

495 4354 720 4424 largitus
736 4354 976 4407 futurum
995 4362 1310 4421 perpetuum
1326 4353 2064 4431 saeculum.Unumquemque

2172 1882 2263 1933 ἐπὶ
2297 1879 2470 1951 τούτῳ
2500 1878 2824 1949 συλληφθεὶς
2872 1878 2965 1930 ἐὰν
2998 1877 3278 1930 διπλάσιον
3315 1875 3410 1946 δῷ,
3449 1874 3734 1946 τετραπλά-

2175 1990 2286 2025 σιον
2310 1971 2540 2041 ὀφείλων
2564 1969 2628 2035 ³³,
2653 1972 2745 2024 καὶ
2776 1971 2838 2023 τὸ
2870 1971 3067 2034 θανεῖν,
3115 1970 3191 2032 ὡς
3241 1972 3299 2022 ἐν
3335 1969 3494 2038 311
3519 1971 3629 2030 τοῖς
3652 1965 3736 2019 τοῦ

2172 2062 2414 2118 ἐναντίου
2450 2065 2609 2128 ἁλοὺς
2656 2065 2820 2135 ὅροις,
2865 2065 2924 2116 οὐ
2963 2064 3107 2116 δοκεῖ
3153 2075 3239 2115 σοι
3275 2063 3357 2115 ὅτι
3403 2064 3432 2114 ὁ
3473 2059 3644 2113 λαϐὼν
3685 2059 3738 2110 τὸ

2171 2156 2447 2210 διπλάσιον
2483 2157 2576 2210 καὶ
2604 2156 2832 2209 θανάτου
2867 2156 3030 2209 αὐτὸν
3066 2155 3348 2216 ἀπολύσας
3382 2153 3744 2224 φιλάνθρωπος

2170 2249 2425 2320 τυγχάνει
2446 2266 2460 2314 ;
2483 2251 2594 2302 Kal
2612 2252 2639 2303 6
2666 2249 2846 2320 πατὴρ
2871 2248 2970 2320 ἔφη
2996 2264 3008 2279 ·
3034 2248 3311 2302 Φαίνεται.
3343 2247 3453 2300 Kal
3471 2247 3500 2298 6
3524 2245 3739 2315 Πέτρος·

2170 2344 2236 2397 Τί
2262 2344 2348 2410 δέ;
2398 2344 2458 2397 ού
2501 2343 2606 2414 χρὴ
2649 2341 2741 2395 τὸν
2775 2344 2833 2395 ἐν
2881 2340 3067 2413 ἐτέρου
3111 2339 3368 2410 βασιλείᾳ
3402 2339 3533 2391 ὅντα
3569 2337 3631 2399 ³³,
3663 2333 3749 2389 καὶ

2169 2435 2341 2491 ταῦτα
2377 2435 2614 2507 πονηροῦ
2662 2451 2808 2498 τινος
2840 2433 3056 2504 ἐχθροῦ,
3092 2433 3186 2485 τοῦ
3239 2432 3341 2502 ζῇν
3367 2430 3529 2501 χάριν
3557 2427 3749 2488 πάντας

2171 2527 2505 2594 κολακεύειν,
2560 2529 2654 2582 καὶ
2703 2524 3099 2599 ἀγγαρεύουσιν
3131 2526 3226 2577 ἐπὶ
3263 2524 3451 2578 πλεῖον
3496 2519 3750 2582 ὑπείκειν,

2175 2621 2249 2692 μὴ
2279 2620 2784 2693 προσαγορεύοντας
2826 2618 3292 2690 προσαγορεύειν,
3343 2617 3576 2689 ἐχθροὺς
3612 2614 3752 2668 διαλ-

2169 2712 2418 2777 λάσσειν,
2471 2711 2846 2784 ὀργιζομένοις
2895 2711 2968 2782 μὴ
3021 2711 3388 2780 φιλονεικεῖν,
3445 2709 3516 2762 τὰ
3574 2697 3756 2762 ἑαυτοῦ

2169 2806 2340 2869 ἀδεῶς
2370 2804 2414 2837 ³⁸
2443 2805 2607 2858 παντὶ
2638 2804 2874 2858 αἰτοῦντι
2907 2804 3188 2874 παρέχειν,
3235 2804 3337 2857 καὶ
3370 2805 3474 2856 ὅσα
3509 2801 3754 2863 τοιαῦτας

2169 2900 2278 2952 Καὶ
2313 2901 2342 2952 6
2386 2899 2598 2970 πατήρ·
2644 2898 2827 2950 Πάντα
2865 2897 3062 2968 μᾶλλον
3095 2896 3342 2966 εὐλόγως
3385 2896 3658 2965 ὑποσταίη
3696 2893 3759 2958 ⁸⁵,

2170 2991 2328 3062 εἴπερ
2349 2990 2551 3043 τούτων
2583 2990 2643 3042 τὸ
2676 2987 2774 3061 ζῇν
2812 2989 3110 3061 προκρίνει.

2247 3081 2351 3136 VII.
2375 3083 2484 3137 Kal
2509 3085 2536 3136 6
2558 3083 2762 3154 Πέτρος
2781 3098 2794 3112 ·
2823 3081 3030 3136 Οὐκοῦν
3049 3082 3092 3112 ³⁸
3108 3081 3202 3144 οὒς
3223 3082 3544 3136 ἀδικεῖσθαι
3565 3080 3763 3148 ἔλεγες,

2171 3176 2322 3228 αὐτοὶ
2353 3177 2679 3247 παρορισταὶ
2703 3177 3082 3247 τυγχάνουσιν,
3107 3168 3246 3228 καθὸ
3275 3177 3322 3207 ⁸⁷
3357 3177 3421 3229 ἐν
3445 3175 3638 3248 ἐτέρου
3666 3173 3767 3226 είσὶ

2172 3265 2436 3338 βασιλείᾳ,
2463 3268 2555 3321 καὶ
2589 3267 2840 3321 τοσοῦτον
2872 3267 3188 3322 πλεονέκται
3213 3267 3386 3335 εἰσὶν,
3413 3270 3544 3322 ὅσον
3572 3284 3769 3337 κεκτη-

2173 3359 2323 3430 μένοι
2367 3361 2539 3425 είσίν;
2583 3361 2646 3413 Oi.
2679 3360 2722 3412 δ’
2777 3361 2823 3392 ³⁸
2869 3360 3074 3414 ἀδικεῖν
3123 3359 3496 3432 νομιζόμενοι
3540 3359 3776 3413 τοσαῦτα

2169 3450 2384 3525 ἑκάστῳ
2426 3454 2505 3525 τῷ
2558 3452 2618 3518 ἐξ
2665 3453 2913 3516 ἐναντίας
2945 3453 3055 3507 ὅντι
3108 3453 3451 3524 χαρίζονται
3477 3454 3551 3520 ³⁸,
3583 3453 3685 3506 ’όσα
3719 3450 3779 3503 ἀν

2168 3546 2347 3609 αὐτοῖς
2388 3546 2529 3616 ἔχειν
2584 3546 2956 3617 συγχωρῶσιν.
3010 3545 3197 3599 Αὐτῶν
3251 3547 3380 3618 γάρ
3434 3547 3559 3599 ἐστι
3612 3543 3780 3597 ταῦτα

2167 3639 2274 3691 τῶν
2296 3639 2362 3691 τὰ
2389 3641 2629 3712 παρόντα
2679 3637 2962 3711 ἑλομένων.
3005 3640 3114 3692 Kal
3151 3641 3231 3704 είς
3281 3640 3560 3694 τοσοῦτον
3599 3637 3784 3708 φιλάν-

2169 3729 2374 3806 θρωποί
2418 3736 2574 3796 εἰσιν,
2623 3731 2699 3797 ὡς
2739 3731 2800 3786 τὸ
2828 3733 2926 3804 ζῇν
2968 3734 3148 3794 αὐτοῖς
3186 3736 3541 3805 συγχωρεῖν.
3584 3731 3696 3784 Kal
3724 3729 3782 3781 τὸ

2171 3827 2267 3895 μὲν
2310 3826 2658 3897 παράδειγμα
2699 3823 2871 3886 οὕτως
2912 3824 3058 3895 ἔχει.
3099 3827 3308 3878 Ἄκουε
3359 3827 3434 3897 δὴ
3470 3827 3518 3858 ⁸ο
3562 3825 3701 3880 αὐτὸ
3725 3823 3785 3877 τδ

2167 3921 2416 3989 πρᾶγμα.
2466 3918 2521 3972 Ὀ
2544 3919 2645 3988 τῆς
2669 3918 2923 3989 ἀληθείας
2963 3917 3162 3990 παρὼν
3177 3923 3496 3992 προφήτης
3530 3921 3577 3951 ⁸¹
3612 3919 3785 3972 ἐδίδα-

2167 4008 2255 4075 ξεν
2288 4011 2452 4080 ἡμᾶς,
2485 4011 2566 4063 ὅτι
2598 4013 2626 4064 6
2657 4010 2766 4063 τῶν
2793 4011 2928 4063 ὅλων
2959 4011 3302 4082 δημιουργὸς
3337 4015 3444 4066 καὶ
3482 4013 3630 4078 Θεὸς
3668 4012 3788 4067 δυσί

2165 4118 2305 4154 τισιν
2336 4102 2595 4172 ἀπένειμε
2624 4102 2900 4172 βασιλείας
2931 4099 3044 4166 δύο,
3069 4103 3257 4175 ἀγαθῷ
3297 4124 3366 4159 τε
3399 4109 3507 4161 καὶ
3534 4105 3785 4178 πονηρῷ,

2164 4187 2288 4257 δοὺς
2321 4193 2397 4264 τῷ
2432 4189 2529 4265 μὲν
2562 4195 2714 4265 κακῷ
2737 4195 2830 4248 τοῦ
2862 4195 3132 4268 παρόντος
3167 4197 3395 4268 κόσμου
3434 4200 3588 4270 μετά
3618 4199 3792 4270 νόμου

2164 4286 2260 4356 τὴν
2295 4284 2587 4355 βασιλείαν,
2622 4287 2751 4340 ὥστ’
2787 4288 2854 4342 ἂν
2895 4289 3038 4359 ἔχειν
3065 4289 3320 4354 ἐξουσίαν
3360 4293 3642 4358 κολάζειν
3664 4294 3796 4354 τοὺς

2166 4378 2484 4443 ἀδικοῦντας
2501 4397 2513 4409 ·
2548 4379 2625 4451 τῷ
2650 4380 2810 4450 312
2830 4378 2886 4435 δὲ
2911 4382 3097 4454 ἀγαθῷ
3113 4383 3203 4436 τὸν
3228 4385 3521 4457 ἐσόμενον
3552 4388 3732 4441 ἀΐδιον
3749 4385 3793 4416 δ’

497 4460 625 4498 vero
655 4445 940 4498 hominum
974 4444 1203 4499 liberum
1238 4445 1364 4499 fecit
1390 4487 1404 4511 ,
1433 4447 1634 4515 quique
1672 4449 1868 4504 habeat
1907 4464 2059 4522 pote-

2171 4467 2352 4522 αἱῶνα.
2395 4444 2883 4524 Ἕκαστονϋδέζῶν
2916 4444 3214 4544 ἀνθρὼπων
3245 4444 3572 4548 ἐλεύθερον
3601 4477 3798 4546 ἐποίη-

497 4546 689 4589 statem
723 4552 781 4589 se
812 4536 1164 4590 tradendicui
1201 4537 1348 4602 velit,
1383 4547 1475 4590 aut
1500 4542 1750 4607 praesenti
1787 4545 1951 4609 malo,
1972 4558 2063 4603 aut

497 4629 680 4681 futuro
725 4627 886 4680 bono.
944 4627 1022 4680 Ex
1058 4629 1296 4697 quibus,
1354 4630 1447 4698 qui
1495 4633 1780 4698 praesentia
1833 4636 2060 4705 eligunt,

497 4726 816 4787 potestatem
873 4719 1076 4771 habent
1133 4726 1193 4771 ut
1240 4720 1436 4774 divites
1477 4721 1606 4787 sint,
1659 4724 1712 4775 in
1755 4725 1964 4782 deliciis
1999 4746 2062 4784 ac

496 4808 866 4877 voluptatibus
889 4810 1053 4862 vitam
1081 4820 1264 4878 agant,
1297 4820 1351 4864 ct
1375 4812 1572 4865 similia
1597 4815 1779 4869 omnia
1807 4833 1903 4886 pro
1931 4821 2060 4876 viri-

496 4902 598 4956 bus
639 4900 961 4970 percipiant.
1011 4898 1145 4954 Nam
1181 4900 1491 4958 futurorum
1534 4905 1800 4962 bonorum
1849 4913 2056 4968 nullum

564 5050 588 5076 ³
621 5035 752 5089 Luc.
783 5050 857 5098 vn,
889 5033 988 5102 29;
1023 5032 1211 5089 Matth.
1244 5051 1295 5101 v,
1321 5035 1409 5090 59.

2168 4578 2260 4612 σεν
2289 4559 2429 4630 ἔχειν
2458 4561 2556 4632 τὴν
2590 4561 2832 4628 ἐξουσίαν
2852 4561 3039 4616 ἐαυτὸν
3073 4565 3383 4635 ἀπονέμειν
3416 4562 3466 4636 ᾧ
3506 4569 3799 4640 βούλεται,

2165 4648 2196 4719 ἢ
2238 4651 2315 4722 τῷ
2358 4650 2581 4721 παρόντι
2623 4653 2774 4724 κακῷ
2815 4652 2847 4724 ἢ
2887 4654 2964 4725 τῷ
3009 4654 3250 4725 μέλλοντι
3298 4658 3547 4731 ἀγαθῷ.
3613 4656 3722 4713 τΩν
3752 4664 3802 4713 οἱ

2166 4742 2409 4812 ἑλόμενοι
2439 4743 2505 4796 τὰ
2530 4745 2771 4816 παρόντα
2805 4745 3052 4812 ἐξουσίαν
3081 4746 3261 4817 έχουσι
3296 4750 3620 4816 πλουτεῖν,
3667 4771 3806 4826 τρυ-

2165 4836 2289 4904 φᾷν,
2315 4836 2557 4905 ἥδεσθαι,
2597 4839 2690 4890 καὶ
2735 4841 2840 4891 πᾶν
2871 4841 2899 4892 ὅ
2941 4857 2992 4891 τι
3034 4839 3098 4892 ἂν
3135 4840 3444 4898 δύνωνται.
3501 4848 3641 4901 Τῶν
3696 4849 3810 4917 γάρ

2160 4925 2432 4995 ἐσομένων
2463 4927 2678 4996 ἀγαθῶν
2715 4929 2864 4982 οὐδὲν
2906 4928 3136 4997 ἕξουσιν.
3178 4933 3241 4985 0i
3281 4932 3351 4984 δὲ
3389 4935 3474 4989 τὰ
3504 4938 3622 5009 τῆς
3673 4937 3808 5010 μελ-

1788 5170 2021 5230 ΫΑΒΙΛΕ
2055 5179 2459 5244 LECTIONESo

565 5309 688 5352 ἐι-’⁵
744 5308 866 5363 Vid.
929 5308 1118 5365 Suicer
1180 5310 1432 5365 Thesaur.
1500 5327 1546 5364 s.
1603 5327 1656 5364 v.
1711 5310 1997 5378 Credner,
2045 5317 2066 5369 Ι

580 5384 603 5407 Δ
636 5381 812 5407 ---ΔΑ
843 5379 885 5407 Π
982 5381 1110 5407 QII...
1147 5383 1345 5407 ’.μοι-ΛΑ
1379 5382 1412 5407 tl
1467 5381 1676 5407 .‘t..t-l\-..
1707 5382 1939 5407 ..1.-..--.ι-
1964 5385 2006 5407 Π

2171 5338 2304 5407 rage
2338 5341 2398 5407 .1,
2439 5327 2582 5407 .508:
2638 5327 2888 5407 S..-.Tun_i
2950 5331 3175 5407 adjonxi
3205 5334 3297 5407 _Ev
3365 5339 3452 5407 αξ
3494 5341 3577 5398 0.

496 5400 545 5451 p.
578 5381 824 5472 ὀὶπατήρἺ
982 5381 1436 5472 ’f'ltla‘pptitne‘s',
1466 5381 1676 5448 όφείλον
1707 5382 1942 5472 absurde
1963 5385 2028 5449 Ο,
2047 5434 2066 5466 ,Α

2171 5403 2201 5472 ξε
2238 5379 2518 5472 barbarice
2546 5398 2774 5472 ὀφειλῴς
2838 5402 2880 5431 ²⁹
2913 5379 3036 5472 μήν’
3054 5379 3175 5456 οιιῖ
3197 5379 3288 5458 Οἷ⁷
3353 5379 3409 5439 ἦ

3666 5346 3715 5377 ιτ

3449 5413 3516 5464 τί
3557 5420 3819 5485 ascripsi

493 5450 556 5504 rx
587 5450 635 5544 ρ
694 5450 919 5544 etl'lajvit'.
985 5451 1037 5544 ‘3‘
1069 5452 1281 5544 ἀλλοπτι
1416 5453 1710 5544 ipsequeus
1737 5454 1828 5533 καί
1857 5455 2062 5544 inserui

2171 5459 2224 5544 δε
2303 5450 2605 5544 ³¹ῥφεξλςυῦ
2635 5470 2691 5544 ἓν
2719 5450 2770 5523 (ί
2792 5512 2806 5534 θ
2835 5450 3065 5544 ὸφὲιὶῖὼς
3090 5472 3129 5525 C
3163 5516 3177 5539 ,
3211 5450 3309 5544 qui
3352 5450 3544 5536 not-at

496 5522 779 5589 quadrupli
813 5523 863 5574 iu
897 5523 1038 5576 l'urto
1065 5525 1306 5576 sancitur
1335 5524 1544 5590 legibus
1576 5524 1842 5591 plurimis.

495 5593 676 5668 ἑτέρου
713 5591 955 5668 βασιλεία
1003 5593 1130 5668 ὄντα
1183 5593 1285 5668 O.__
1359 5595 1408 5668 ³ξ
1436 5593 1707 5668 Fortasse
1739 5593 1926 5668 ᾑδέως.
1961 5596 2018 5649 S.

496 5677 601 5722 xu,
629 5662 682 5714 4.
780 5662 1037 5714 ⁸⁶οὖκουν
1081 5664 1139 5717 C.
1244 5665 1285 5696 ⁸⁷
1316 5663 1455 5717 καθά
1508 5665 1567 5720 (ἶ.

495 5733 541 5762 ⁸ο
567 5729 621 5784 δέ
644 5730 707 5786 Ο.
805 5732 846 5764 δ’
879 5735 1160 5805 προρήτης
1196 5735 1380 5805 παρών
1413 5734 1475 5790 C.
1552 5735 1596 5768 ’⁵³
1633 5734 1758 5792 ἴδιον
1785 5736 1851 5794 0.

1921 5526 1962 5555 ³³
1985 5528 2066 5578 τοὶ

1921 5636 1926 5647 .
1961 5596 2018 5649 S.

2173 5533 2324 5655 :élpou
2338 5535 2620 5658 Samiae;
2652 5541 2807 5604 ὄντας
2837 5526 2890 5609 μί
2925 5543 3015 5595 τόν
3047 5526 3145 5609 λέν
3229 5526 3373 5599 ima.

2173 5602 2192 5631 ³
2252 5614 2299 5656 l3
2464 5624 2512 5658 C.
2561 5609 2621 5658 ὃ-
2669 5609 2913 5658 ὑποστέτι
2969 5614 3030 5658 (ἶ-
3074 5613 3351 5658 (ἶΓι-Ιιιιιη-
3421 5638 3493 5658 ιη
3565 5628 3634 5658 τά
3710 5629 3771 5658 τι

1667 5663 1709 5747 ῗδ
1740 5663 1868 5747 ὦσιν
1896 5670 1944 5720 οἱ
1977 5684 2028 5739 p.
2058 5669 2192 5729 εἰσίν
2213 5691 2225 5704 ·
2259 5676 2306 5730 (ἓ
2332 5676 2451 5746 ὃὈ,
2490 5663 2625 5735 ὦσιν
2649 5697 2663 5747 ;
2688 5683 2734 5734 οι
2764 5680 2846 5735 δέ

2464 5624 2519 5692 ο4
2561 5609 2622 5678 S,
2669 5609 2944 5692 ὑποριτέγγΔ
3074 5613 3166 5692 gr
3194 5616 3352 5692 lion).
3420 5609 3671 5690 "5'51:

2903 5682 2945 5715 ³9
2976 5682 3056 5739 lta
3083 5683 3126 5741 Ο
3179 5702 3230 5742 c.
3258 5685 3294 5741 S
3334 5726 3354 5754 ,
3383 5682 3730 5764 χαρίζοντι
3754 5682 3826 5753 ﬁ;
