4022 6336
230 303 315 360 565
1324 297 1774 353 CLEMENTINA.
1804 332 1871 342 -—
1909 299 2187 356 HOMILIA
2223 301 2360 355 XVI.

3315 310 3417 365 566

229 420 415 492 ἑτέρους
450 417 509 472 δὲ
554 418 689 488 μήτε
735 413 912 483 λέγειν
931 413 973 445 ⁸³
1017 415 1150 484 μήτε
1191 413 1430 482 νομίζειν
1454 453 1468 475 ,
1500 414 1592 465 καὶ
1623 413 1702 465 δτι
1733 413 1761 462 6

1867 429 1995 467 vero
2018 430 2116 469 nec
2154 414 2260 467 diei
2292 429 2390 469 nec
2411 416 2734 482 existimari,
2766 419 3040 476 hominem
3073 434 3285 486 autem,
3322 427 3414 493 qui

229 515 350 585 παρὰ
373 514 531 567 τοῦτο
560 511 729 565 ποιῶν
767 508 998 569 αἰωνίως
1039 506 1151 577 ἕχει
1184 504 1510 574 κολασθῆναι
1534 547 1547 568 ,
1577 505 1651 568 ὠς
1681 506 1761 567 εἰς

229 607 361 662 αὐτὸν
394 607 484 659 τὸν
507 605 616 659 τῶν
648 604 781 657 ὅλων
821 602 1084 672 δεσπότην
1110 597 1382 668 ἀσεϐήσας
1406 597 1474 650 τὰ
1509 599 1756 668 μέγιστα.

229 700 314 755 Καὶ
333 699 505 754 ταῦτα
528 696 694 750 εἰπὼν
721 694 814 749 καὶ
837 697 949 757 τοῖς
972 693 1074 747 ὑπὸ
1097 691 1281 746 παθῶν
1307 690 1648 761 ὁχλουμένοις
1668 691 1760 743 καὶ

227 791 408 844 νοσοῦσι
430 792 524 844 καὶ
545 787 897 859 δαιμονῶσιτθ
920 786 1018 849 τὰς
1038 788 1226 854 χεῖρας
1257 781 1466 845 ἐπιθεὶς
1497 782 1590 834 καὶ
1612 781 1761 844 εὑξά-

230 900 359 953 μενος
395 883 491 936 καὶ
539 882 826 952 ἰασάμενος
857 879 1091 933 ἀπέλυσε
1118 878 1243 941 τοὺς
1272 877 1477 948 ὄχλους.
1523 877 1631 930 Καὶ
1662 873 1760 929 εἷθ’

226 973 368 1036 οὕτως
407 973 592 1027 εἰσιὼν
627 973 733 1026 τῶν
768 971 1226 1042 συνηθεστέρων“⁷¹
1262 970 1405 1024 ἁλῶν
1448 970 1762 1041 μεταλαϐὼν

227 1063 462 1120 ὕπνωσεν.

693 1248 856 1320 316
903 1189 1156 1302 omnia
1195 1247 1306 1312 ις’.

281 1357 316 1411 1.
353 1358 592 1430 Ὀρθρου
619 1358 676 1411 δὲ
701 1357 857 1425 ἐξιὼν
882 1360 910 1410 6
942 1356 1144 1429 Πέτρος
1167 1359 1260 1411 καὶ
1291 1357 1515 1421 ἐπιστὰς
1539 1359 1631 1411 ἐπὶ
1671 1359 1760 1412 τὸν

227 1449 400 1522 συνήθη
426 1449 521 1502 τοῦ
545 1449 882 1518 διαλέγεσθαι
909 1449 1070 1502 τόπον
1095 1451 1248 1520 ὄχλον
1269 1451 1432 1503 πολὺν
1457 1451 1762 1504 συνεστῶτα

225 1542 334 1596 εἶδεν
353 1544 417 1596 ⁷⁸.
443 1544 554 1596 Καὶ
581 1542 797 1613 ἆμαοτῷ
819 1541 1028 1612 μέλλειν
1051 1541 1389 1610 διαλέγεσθαι
1412 1542 1570 1595 αὑτὸν
1592 1541 1760 1612 εἰσῄει

224 1652 289 1697 τις
309 1635 414 1688 τῶν
453 1634 620 1688 αὑτοῦ
665 1633 920 1686 διακόνων
946 1633 1115 1701 λέγων
1141 1649 1154 1662 ·
1198 1633 1377 1703 Σίμων
1417 1633 1523 1686 ἀπὸ
1560 1634 1762 1686 Ἀντιο-

221 1729 350 1797 χεξας
397 1727 676 1797 ἐληλυθὼς
715 1726 863 1779 ἐπ”η
893 1726 1064 1796 αὐτῆς
1097 1727 1356 1798 ἑσπέρας,
1395 1725 1580 1796 μαθὼν
1629 1728 1762 1782 ὑπο·

1862 518 2018 558 secus
2067 502 2290 570 iecerit,
2321 515 2581 574 perpetuo
2614 510 2882 578 supplicio
2931 514 3312 582 multandum,
3356 525 3418 570 ut

1861 596 1954 664 qui
1998 595 2050 647 in
2087 595 2262 664 ipsum
2296 597 2673 654 universorum
2709 601 2994 659 Dominum
3042 608 3280 662 maxime
3311 608 3416 661 im-

1861 687 1982 756 pius
2029 689 2312 742 exstiterit.
2358 689 2535 759 Atque
2577 691 2664 748 his
2705 693 2901 760 dictis,
2951 712 3185 767 cumque
3233 700 3418 770 aliqua

1862 778 2208 846 perpessioue
2232 778 2520 846 infestatis,
2547 785 2936 851 :egrotantibus
2985 797 3038 841 et
3065 789 3420 847 daemoniacis

1864 867 2214 937 imposuisset
2249 887 2465 936 manus,
2497 873 2622 928 item
2657 886 2921 944 precatus‘
2937 889 3080 932 esset
3105 897 3168 935 ac
3195 896 3290 936 eos
3323 898 3421 937 cu-

1865 969 2074 1021 rasset,
2108 959 2313 1016 dimisit
2363 965 2640 1032 populum.
2681 965 2741 1020 Et
2772 978 2954 1036 postea
2999 970 3070 1023 ita
3117 971 3419 1042 ingressus,

1865 1054 2027 1106 solito
2053 1055 2347 1109 admodum
2383 1056 2505 1111 cibo
2538 1069 2822 1128 percepto,
2849 1076 2906 1116 se
2929 1078 3120 1116 somno
3144 1064 3313 1118 dedit.

2409 1239 2686 1294 IlOMILlA
2727 1241 2864 1296 XVI.

1935 1349 1974 1404 l.
2015 1349 2169 1404 Mane
2201 1368 2330 1404 vero
2356 1368 2607 1419 egressus
2641 1353 2862 1418 Petrus,
2896 1373 3018 1410 cum
3066 1361 3304 1414 venisset
3353 1359 3424 1415 ad

1865 1441 2066 1503 locum,
2092 1442 2146 1495 in
2171 1457 2280 1510 quo
2302 1441 2567 1497 disserere
2598 1444 2822 1509 solebat,
2844 1445 3112 1517 ingentem
3139 1449 3421 1504 hominum

1866 1533 2265 1588 multitudinem
2313 1535 2631 1590 convenisse
2673 1537 2825 1591 vidit.
2876 1537 2945 1592 Et
2993 1539 3154 1594 simul
3199 1558 3264 1598 ac
3307 1544 3429 1613 ipse
3495 1544 3506 1556 '

1860 1624 1972 1693 jam
2005 1637 2151 1679 esset
2180 1626 2462 1681 locuturus
2485 1668 2498 1691 ,
2533 1627 2772 1681 introivit
2803 1629 3021 1697 quidam
3047 1647 3115 1685 ex
3155 1633 3279 1704 ejus
3303 1635 3422 1690 dia—-

1864 1716 2038 1778 conis,
2075 1718 2302 1771 dicens:
2341 1715 2561 1782 Simon,
2613 1720 2705 1788 qui
2741 1721 2808 1774 ab
2838 1721 3130 1778 Antiochia
3169 1725 3286 1794 ipsa
3323 1743 3422 1782 ve-

224 1821 460 1890 σχόμενόν
509 1837 570 1872 σε
600 1820 692 1872 τὸν
728 1820 855 1890 περί
889 1819 1182 1889 μοναρχίας
1221 1819 1486 1870 ποιεῖσθαι
1524 1818 1677 1887 λόγον
1696 1819 1762 1882 ⁷⁸⁵,

1867 1822 2022 1877 spera
2055 1808 2236 1872 venit,
2270 1810 2499 1864 audiens
2551 1822 2602 1865 te
2651 1813 2966 1881 promisisse
3005 1816 3071 1870 de
3107 1820 3421 1875 monarchia

219 1912 410 1982 ἕτοιμός
451 1914 569 1964 ἐστι
621 1911 760 1981 μετά
805 1927 869 1978 γε
888 1910 933 1942 ⁷⁵
979 1909 1338 1982 Ἀθηνοδώρου
1382 1911 1476 1964 τοὺ
1516 1911 1765 1965 Ἐπικου-

223 2004 344 2074 palan
380 2001 752 2073 διαλεγομένῳ
792 2019 872 2054 σοι
914 1999 1174 2066 ἐπελθεῖν,
1209 2000 1344 2072 πρὸς
1374 2002 1435 2054 τὸ
1470 2003 1767 2071 ἀντιλέγειν

217 2097 429 2167 δημοσίᾳ
454 2098 590 2155 πᾶσι
622 2098 735 2156 τοῖς
756 2095 860 2148 ὑπὸ
887 2093 978 2146 σοῦ
1001 2094 1282 2147 όπώσποτε
1310 2095 1449 2162 ὑπὲρ
1475 2097 1768 2166 μοναρχίας

216 2186 513 2258 λεγομένοις
563 2187 762 2254 λόγοις.
817 2184 997 2238 Ταῦτα
1047 2185 1141 2238 τοῦ
1190 2186 1434 2239 διακόνου
1482 2186 1765 2255 λέγοντος,

217 2281 311 2332 ἰδοὺ
355 2280 518 2343 αὐτὸς
553 2279 724 2350 εἰσῄει
759 2277 937 2347 Σίμων
977 2277 1112 2347 μετὰ
1159 2276 1516 2349 Ἀθηνοδώρου
1545 2280 1638 2331 κα)⁵
1670 2278 1765 2331 ἄλ-

211 2372 310 2425 λων
360 2372 518 2426 τινῶν
580 2371 688 2424 τῶν
743 2369 1053 2440 έταίρωντδ,
1113 2371 1206 2422 καὶ¹
1260 2369 1365 2439 πρὸ
1415 2369 1508 2422 τοῦ
1563 2387 1613 2423 τι
1674 2371 1766 2422 τὸν

214 2465 411 2535 Πέτρον
437 2462 764 2534 φθέγξασθαι
798 2463 957 2526 αὑτὸς
986 2461 1267 2534 προλαϐὼν
1301 2461 1432 2531 ἔφη’

281 2640 339 2695 η.
385 2641 623 2710 Ἔμαθον
663 2640 738 2703 ὡς
764 2640 1002 2709 ὑπέσχου
1029 2638 1182 2708 ἐχθὲς
1200 2640 1245 2670 ⁷⁷
1282 2639 1359 2710 τῷ
1389 2639 1614 2710 Φαύστῳ
1639 2680 1653 2704 ,
1687 2642 1767 2705 εἰς

206 2733 299 2802 τὴν
333 2733 570 2803 σήμερον
607 2731 778 2795 δεῖξαι
811 2735 875 2801 τῇ
911 2730 1060 2795 τάξει
1091 2731 1182 2783 τὸν
1224 2730 1378 2798 λόγον
1412 2731 1728 2802 ποιούμενος
1749 2773 1764 2795 ,

210 2826 294 2878 καὶ
322 2826 416 2878 ἀπ’
449 2823 616 2877 αὑτοῦ
651 2823 946 2895 ἀρχόμενος
974 2822 1072 2876 τοῦ
1091 2823 1198 2876 τῶν
1229 2823 1363 2876 ὅλων
1384 2823 1664 2886 δεσπότου,
1686 2825 1766 2876 ὅτι

210 2916 360 2970 αὑτὸν
394 2917 556 2987 μόνον
582 2917 664 2968 δεῖ
685 2915 860 2984 λέγειν
891 2915 1021 2968 Θεὸν
1035 2916 1101 2979 ⁷⁸,
1123 2915 1314 2979 ἄλλους
1343 2917 1398 2969 δὲ
1427 2919 1561 2989 μήτε
1588 2918 1767 2986 λέγειν

213 3010 334 3079 μήτε
365 3009 612 3078 νομίζειν
636 3047 650 3070 ,
698 3007 829 3060 ὅτιὸ
856 3007 1003 3078 παρὰ
1032 3007 1188 3060 τοῦτο
1226 3009 1392 3061 ποιῶν
1415 3011 1646 3073 αἱωνίως
1677 3027 1767 3062 κο-

208 3098 459 3166 λασθῆναι
494 3098 631 3168 ἔχει.
661 3097 776 3169 Πρὸ
802 3099 1016 3152 πάντων
1041 3100 1098 3152 δὲ
1139 3099 1350 3170 άληθῶς
1381 3101 1766 3172 καταπέπληγ-

1868 1913 1961 1952 seu
1996 1900 2298 1969 principatu
2334 1901 2495 1956 unius
2520 1903 2678 1956 verba
2711 1919 2830 1958 esse
2861 1903 3131 1962 facturum
3157 1948 3172 1974 ,
3200 1919 3422 1980 paratus

1867 2001 1950 2046 est
1986 2009 2093 2046 una
2129 2011 2252 2049 cum
2308 1997 2658 2052 Athenodoro
2687 1998 2952 2068 Epicureo
3001 2004 3094 2057 tibi
3135 2005 3422 2061 disserenti

1868 2083 2211 2153 intervenire,
2248 2098 2305 2141 ut
2347 2089 2524 2157 palam
2575 2091 2850 2162 impugnet
2878 2097 3059 2149 omnia
3083 2113 3428 2168 quascunque

1868 2191 1964 2244 pro
2009 2179 2324 2233 monarchia
2372 2197 2402 2234 a
2450 2191 2501 2236 te
2539 2185 3032 2256 quomodocunque
3079 2188 3423 2257 proferentur

1867 2266 2050 2320 verba.
2085 2266 2209 2322 Haec
2240 2270 2453 2325 dicente
2491 2273 2724 2327 diacono
2763 2289 2888 2330 ecce
2918 2277 3196 2347 ingressus
3223 2290 3306 2334 est
3336 2280 3422 2334 Si-

1869 2373 1994 2411 mon
2021 2373 2142 2412 cum
2171 2361 2521 2416 Athenodoro
2543 2364 2774 2433 aliisque
2804 2367 3078 2422 nonnullis
3107 2369 3418 2427 sodalibus:

1867 2457 1951 2511 et,
1987 2460 2110 2504 ante
2137 2466 2299 2520 quam
2335 2451 2526 2507 Petrus
2558 2455 2760 2524 aliquid
2810 2456 3101 2524 proferret,
3135 2461 3249 2530 ipse
3277 2463 3420 2516 antio

1867 2540 2055 2610 oipans
2084 2543 2158 2596 ait
2187 2559 2200 2594 :

1943 2633 2006 2687 ll.
2046 2635 2320 2704 Comperi,
2353 2646 2403 2690 te
2432 2638 2546 2692 heri
2571 2635 2770 2694 Fausto
2793 2641 3090 2709 pollicitum
3115 2645 3424 2716 esse,quod

1868 2725 2031 2780 hodie
2071 2726 2258 2781 habito
2305 2744 2555 2784 sermone
2582 2731 2774 2785 ordine
2801 2747 2952 2788 esses
2979 2744 3332 2805 ostensurus,
3369 2748 3422 2794 et

1868 2814 2174 2884 incipiendo
2203 2817 2271 2871 ab
2296 2817 2414 2886 ipso
2437 2819 2813 2875 universorum
2837 2823 3077 2890 domino,
3096 2842 3222 2881 eum
3245 2831 3421 2884 solum

1867 2905 2155 2962 dicendum
2185 2924 2306 2964 esse
2341 2909 2508 2964 Deum
2530 2953 2543 2975 ,
2591 2912 2729 2967 alios
2758 2929 2884 2969 vero
2933 2931 3109 2988 neque
3140 2919 3418 2988 dicendos,

1870 3013 2046 3068 neque
2080 2999 2501 3066 existimandos,
2533 3004 2824 3070 quoniam,
2867 3008 2961 3076 qui
3013 3024 3172 3067 secus
3200 3010 3420 3078 fecerit,

1870 3101 2131 3159 perpetuo
2159 3094 2432 3162 supplicio
2458 3097 2793 3151 multabitur.
2842 3103 2982 3155 Ante
3027 3105 3210 3159 omnia
3241 3115 3422 3161 autem

213 3191 299 3258 μαί
341 3207 438 3243 σου
477 3190 582 3261 τὴν
626 3191 886 3243 ἀπόνοιαν
906 3192 988 3255 ⁷⁸,
1023 3191 1102 3243 ὃτι
1137 3191 1368 3261 ἤλπισας
1409 3193 1488 3254 εἰς
1530 3191 1628 3262 τὴν
1671 3193 1767 3263 σὴν

1871 3198 1994 3236 vere
2017 3184 2324 3238 vecordiam
2354 3195 2500 3240 tuam
2531 3188 2828 3246 demiratus
2863 3206 2986 3246 sum
3010 3235 3024 3259 ,
3048 3197 3193 3264 quod
3230 3213 3422 3267 spera-

212 3280 452 3350 βοὺλησιν
483 3285 811 3350 μεταπεῖσαι
867 3281 1032 3352 ἄνδρα
1071 3282 1261 3350 σοφὸν,
1296 3283 1390 3335 καὶ
1419 3281 1589 3335 ταῦτα
1632 3301 1767 3355 πρε-

213 3375 421 3446 σόὺτην.
471 3375 616 3428 Ἀλλ’
659 3375 760 3427 οὐκ
784 3374 1040 3446 ἐπιτεύξῃ
1077 3373 1182 3426 τῶν
1223 3373 1328 3426 σῶν
1373 3373 1766 3445 βουλευμάτων,

209 3467 370 3538 ταύτῃ
397 3466 619 3537 μᾶλλον,
646 3466 911 3536 παρόντος
935 3465 1087 3536 ἐμοῦ,
1117 3466 1210 3517 καὶ
1241 3465 1368 3528 τοὺς
1381 3465 1539 3536 317
1559 3465 1770 3534 demisi;

213 3574 296 3610 σου
316 3559 682 3628 διελέγχοντος
709 3558 919 3625 λόγους.
939 3559 1096 3620 Ἴσως
1114 3556 1222 3628 γὰρ
1251 3557 1383 3628 ἐμοῦ
1411 3559 1486 3629 μὴ
1507 3559 1770 3630 παρόντος

211 3651 456 3722 ἠπατήθη
492 3652 566 3705 ἂν
599 3652 628 3702 6
660 3650 822 3719 σοφός
857 3650 1065 3721 γέρων,
1104 3648 1318 3718 ἰδιώτης
1360 3648 1433 3701 ὢν
1478 3650 1586 3702 τῶν
1622 3651 1770 3721 παρὰ

226 3743 491 3807 Ἰουδαίοις
534 3743 774 3813 δημοσία
802 3743 1244 3812 πεπιστευμένων
1260 3742 1308 3773 ⁸ο
1329 3742 1543 3811 βίϐλων.
1570 3745 1678 3796 Καὶ
1707 3744 1768 3796 τὸ

214 3835 299 3888 νῦν
325 3838 447 3899 τοὺς
477 3834 706 3896 πολλοὺς
731 3833 1102 3903 ὑπερθήσομαι
1127 3833 1317 3901 λόγους
1335 3874 1349 3897 ,
1381 3835 1468 3888 ἵνα
1502 3834 1602 3904 τῆς
1638 3836 1769 3888 ὑπο-

219 3926 437 3996 σχέσεὼς
470 3945 564 3981 σου
603 3925 792 3995 τάχιον
819 3925 910 3978 τὸν
944 3925 1160 3996 ἔλεγχον
1205 3933 1534 3995 ποιήσωμαι.
1564 3926 1656 3978 Διὸ
1682 3929 1766 3996 ἐφ’

379 4020 556 4073 αὑτῶν
581 4018 682 4080 τὰς
709 4017 930 4088 Γραφὰς
958 4017 1172 4070 εἰδότων
1190 4057 1205 4079 ,
1240 4017 1269 4069 ὅ
1295 4016 1530 4086 ὑπέσχου
1569 4017 1766 4086 λέγειν,

222 4110 384 4181 ᾰρξαι.
420 4114 482 4165 Εἰ
505 4112 564 4164 δὲ
591 4110 685 4163 τὸν
714 4110 933 4179 ἔλεγχον
960 4109 1276 4179 αἰδούμενος
1302 4112 1386 4187 ἐφ’
1419 4111 1574 4180 ἡμῶν
1593 4111 1769 4164 αὑτῶν

222 4201 357 4272 rip“
395 4203 690 4272 ὑπόσχεσιν
733 4201 1060 4272 παραλιπεῖν
1093 4201 1298 4265 θέλεις,
1349 4201 1627 4272 αὐτάρκης
1675 4203 1769 4256 καὶ

222 4293 429 4366 οὖτωςη
460 4291 736 4358 ἀπόδειξις
767 4294 848 4346 ὅτι
877 4291 1050 4362 ψεύδῃ
1065 4292 1131 4354 ⁸⁸,
1162 4292 1283 4345 καθ’
1311 4293 1394 4345 ὅτι
1423 4294 1514 4345 ἐπὶ
1541 4292 1649 4346 τῶν
1673 4293 1770 4356 τὰς

223 4385 422 4457 Γρᾶ-φὰς
455 4389 674 4441 εἰδότων
699 4387 870 4438 εἰπεῖν
903 4385 1002 4437 οὐκ
1026 4383 1346 4455 ἐτόλμησας.
1375 4386 1483 4438 Καὶ
1507 4383 1600 4437 νῦν
1630 4385 1686 4438 δὲ
1716 4385 1768 4437 τί

225 4492 273 4528 σε
324 4480 569 4550 ἀναμένω
618 4477 817 4546 λέγειν,
877 4478 1126 4546 μέγιστον
1178 4475 1316 4572 ἔχων
1365 4475 1617 4572 μάρτυρα
1666 4476 1767 4572 τῆς
1799 4519 1840 4572 D

221 4568 543 4640 ὑποσχέσεώς
578 4588 672 4623 σου
705 4569 796 4620 τῆν
827 4567 1150 4639 παρεστῶτα
1179 4566 1432 4638 γέροντα;
1464 4570 1570 4621 Kal.
1598 4569 1768 4621 ταῦτα

221 4662 375 4714 εἰπὼν
405 4663 676 4735 έμῦλέᾇας
703 4659 784 4730 τῷ
815 4661 982 4731 πατρὶ
1025 4659 1162 4729 ἔφη’
1204 4659 1340 4712 Εἰπέ
1390 4677 1514 4729 μοι,
1561 4661 1767 4730 ἀνδρῶν

220 4752 420 4806 πάντων
448 4752 743 4824 τιμιώτατε
765 4792 780 4814 ,
827 4751 945 4820 οὐχὶ
965 4745 1117 4812 οὗτος
1151 4751 1178 4801 6
1206 4751 1346 4820 ἀνὴρ
1388 4751 1653 4820 ὑπέσχετό
1685 4769 1766 4804 σοι

220 4841 377 4909 δεῖξαι
407 4848 659 4917 σήμερον,
692 4845 774 4896 ὅτι
812 4836 890 4904 εἷς
924 4843 1038 4894 ὲστί
1063 4841 1194 4904 Θεὸς
1229 4843 1322 4894 καὶ
1352 4843 1413 4894 οὑ
1447 4844 1550 4912 χρὴ
1585 4843 1769 4912 ἕτερόν

220 4950 332 4989 τινα
376 4938 547 5006 λέγειν
599 4937 633 5008 ἦ
681 4936 917 5005 νομίζειν
971 4933 1101 4985 Θεὸν
1122 4934 1188 4994 ⁸³,
1234 4935 1262 4984 6
1293 4934 1348 4986 δὲ
1396 4934 1544 5005 παρά
1596 4934 1768 4987 ταῦτα

223 5028 393 5092 mea”,
418 5029 491 5093 ὡς
512 5029 583 5082 τὰ
616 5028 846 5099 μέγιστα
877 5026 1224 5096 ἁμαρτάνων,
1246 5027 1475 5089 αἱωνίως
1508 5027 1764 5098 κολασθῆ-

219 5133 296 5168 ναι
323 5120 460 5188 ἔχεις
489 5122 564 5174 Ἦ
583 5120 692 5190 γὰρ
720 5119 820 5171 οὐκ
854 5117 1120 5189 ἀποκρίνῃ
1153 5134 1240 5187 μοι
1261 5117 1302 5148 ⁸⁵
1331 5135 1345 5180 ;

283 5209 368 5265 Ill.
400 5214 500 5268 Καὶ
529 5216 558 5268 6
589 5212 774 5283 πατὴρ
813 5210 944 5280 ἔφη·
981 5209 1176 5272 Καλῶς
1221 5209 1285 5262 ἂν
1324 5211 1422 5281 τὴν
1461 5212 1762 5282 μαρτυρίαν

1871 3275 2012 3328 veris
2040 3284 2090 3329 te
2118 3291 2275 3344 posse
2318 3277 2374 3330 in
2411 3287 2557 3332 tuam
2589 3283 2910 3336 sententiam
2941 3285 3210 3342 adducere
3246 3290 3421 3344 virum

1870 3367 2187 3433 sapientem,
2219 3370 2282 3422 ad
2314 3369 2426 3424 lucc
2457 3387 2664 3426 senem.
2698 3375 2767 3428 At
2801 3390 2922 3444 qua:
2953 3378 3042 3433 vis
3071 3393 3179 3433 non
3209 3381 3427 3438 obtine-

1869 3458 1973 3524 bis,
2005 3475 2092 3514 me
2123 3462 2469 3530 potissimum
2500 3476 2760 3532 prasente
2790 3475 3024 3538 tuosque
3065 3471 3427 3543 redarguente

1870 3549 2037 3604 falsos
2068 3568 2370 3611 sermones.
2409 3557 2571 3613 Forte
2599 3560 2743 3614 enim
2774 3561 2996 3617 absente
3035 3579 3122 3618 me
3165 3566 3423 3638 deceptus

1871 3641 2062 3698 fuisset
2089 3646 2306 3715 sapiens
2352 3663 2547 3716 senex,
2581 3666 2704 3705 cum
2744 3651 3028 3722 imperitus
3058 3657 3130 3710 sit
3157 3657 3422 3714 librorum

1869 3735 1962 3803 qui
2011 3734 2214 3792 Judaeis
2261 3738 2438 3806 palam
2489 3752 2614 3795 sunt
2664 3744 2868 3797 traditi.
2922 3743 2988 3798 Et
3039 3761 3183 3800 nunc
3237 3749 3422 3804 multis

1868 3828 2048 3883 verbis
2093 3832 2454 3898 supersedebo
2480 3873 2496 3899 ,
2535 3843 2594 3888 ut
2627 3835 2787 3889 citius
2819 3838 3234 3904 promissionem
3272 3849 3422 3894 tuam

1870 3917 2165 3975 confutem.
2196 3921 2460 3987 Quocirca
2489 3939 2673 3978 coram
2703 3927 2858 3982 nobis
2891 3927 3294 3998 Scripturarum
3324 3947 3421 4000 pe-

1869 4010 1994 4065 ritis
2014 4011 2159 4081 quod
2185 4014 2457 4082 pollicitus
2482 4031 2542 4070 es
2572 4016 2746 4086 incipe
2771 4019 2968 4074 dicere.
2994 4021 3090 4074 Sin
3118 4035 3300 4076 autem
3329 4037 3420 4076 re-

1869 4103 2284 4169 prehensionem
2313 4107 2519 4160 veritus
2548 4123 2732 4162 coram
2777 4110 2934 4166 nobis
2962 4112 3044 4165 vis
3087 4113 3420 4181 promissum

1869 4196 2156 4260 omittere,
2206 4200 2368 4251 etiam
2407 4199 2488 4254 sic
2516 4200 2786 4257 suﬁciens
2828 4205 2935 4258 erit
2966 4205 3232 4274 probatio,
3273 4208 3429 4276 quod

1869 4284 2047 4353 fallas,
2067 4290 2504 4358 quandoquidem
2553 4306 2738 4346 coram
2771 4293 3084 4351 hominibus
3111 4295 3432 4367 Scripturas

1869 4380 2189 4435 callentibus
2218 4397 2323 4434 nnn
2365 4397 2535 4436 ausus
2565 4384 2643 4438 sis
2674 4384 2843 4454 loqui.
2894 4385 2961 4440 Et
3005 4403 3132 4442 vero
3168 4389 3284 4457 jam
3319 4405 3434 4444 eur'

1869 4480 2126 4540 exspecto
2148 4482 2206 4527 ut
2227 4473 2397 4540 dicas,
2427 4477 2521 4544 qui
2552 4476 2848 4531 maximum
2879 4479 3052 4533 habeo
3080 4489 3270 4534 testem
3297 4482 3432 4550 polw

1868 4563 2185 4618 licitationis
2209 4573 2312 4619 tua:
2338 4575 2606 4620 astantem
2639 4569 2859 4622 senem?
2879 4568 2946 4623 Et
2971 4579 3092 4640 post
3120 4571 3430 4626 haec‘verba.

1867 4662 2073 4722 patrem
2096 4656 2354 4722 intuitus,
2373 4657 2448 4710 ait
2477 4675 2491 4710 :
2521 4657 2616 4713 Dic
2637 4660 2789 4725 mihi,
2816 4661 3055 4716 virorum
3087 4665 3433 4732 praestantis-I

1869 4746 2005 4799 sime
2024 4786 2040 4809 ,
2067 4762 2246 4801 nonne
2287 4749 2387 4803 iste
2417 4750 2581 4803 homo
2619 4751 2713 4804 tibi
2744 4753 3017 4820 pollicitus
3042 4763 3128 4809 est
3167 4766 3426 4812 ostensu-

1866 4853 1985 4891 rum
2013 4854 2069 4893 se
2098 4839 2253 4895 hodie
2275 4857 2438 4895 unum
2473 4842 2640 4897 Deum
2663 4859 2802 4908 esse,
2822 4861 2918 4899 nec
2945 4848 3109 4899 alium
3134 4848 3430 4904 dicendum-

1868 4939 1961 4982 aut
1989 4932 2294 4986 habendum
2326 4933 2491 4988 Deum
2513 4976 2526 4996 ,
2557 4936 2707 4989 illum
2740 4946 2942 5002 autern,
2971 4941 3064 5008 qui
3096 4957 3255 4997 secus
3277 4943 3428 4999 feci--

1869 5023 1958 5085 rit,
1978 5035 2228 5092 tanquam
2260 5035 2594 5093 peccatorem
2617 5029 2910 5083 maximum
2936 5042 3195 5100 perpetuo
3224 5037 3421 5105 suppli-

1871 5116 1956 5169 cio
1977 5116 2313 5170 multandum
2336 5119 2493 5172 esse?
2511 5118 2590 5172 An
2621 5121 2766 5174 enim
2801 5137 2904 5176 non
2927 5126 3221 5193 respondes
3247 5129 3422 5180 mihi?

1941 5204 2027 5260 lll.
2071 5206 2365 5276 Respondit
2407 5219 2560 5278 pater
2595 5230 2607 5264 :
2645 5212 2805 5268 Recte
2849 5230 2884 5268 a
2923 5230 3010 5270 me
3048 5218 3427 5272 testimonium

1507 5351 1588 5404 VA
1598 5350 1732 5406 Rl/E
1770 5349 2171 5406 LECTIODIES.

279 5443 324 5474 θ’
358 5444 584 5511 λέλέγειν
621 5445 748 5515 (sic)
770 5444 832 5498 Ο.
909 5445 956 5476 ⁷⁸
986 5444 1072 5515 δαι

213 5510 251 5563 D
278 5555 294 5576 ,
323 5510 580 5581 é:°C,O.
629 5510 636 5515 ’
687 5510 739 5545 ⁷³-
765 5516 936 5583 λέγων
979 5512 1042 5567 Ο.

209 5583 431 5655 ἑταίρων
463 5602 570 5655 om.
602 5585 668 5640 Ο.
765 5586 808 5616 ⁷⁷
845 5586 969 5654 χθές

1081 5443 1302 5517 μονιῶσι
1340 5445 1400 5500 C.
1473 5447 1517 5477 "
1541 5446 1792 5517 συνῄθων
1825 5446 1870 5500 Ο
1901 5489 1914 5509 ,
1960 5448 2101 5517 quod
2129 5457 2362 5515 praestat.

1171 5515 1218 5600 ζ’
1238 5532 1333 5600 εχει
1362 5515 1589 5600 orn-.HQ.
1636 5487 1767 5568 funt

1901 5489 1914 5509 ,
1960 5487 2101 5517 ιιυυυ
2130 5487 2362 5515 γιωσιυιο
2539 5487 2610 5504 ua
2637 5487 2680 5506 ν
2741 5487 2788 5504 υ.
2832 5487 2913 5514 υτ,
2954 5487 3057 5504 ιυςν
3089 5487 3149 5506 υ.
3327 5487 3395 5507 ω.

1872 5517 2278 5600 ιαξγομένῳιο
2340 5535 2392 5600 c.
2449 5513 2614 5600 Epit"
2654 5521 3044 5600 ,διαλεγομένου
3103 5523 3276 5600 CL"
3306 5526 3415 5579 τῶν

1155 5584 1200 5615 ⁷⁸
1235 5577 1364 5656 Θεόν
1392 5587 1511 5639 adili
1538 5589 1568 5638 ii
1611 5602 1732 5656 cum
1759 5586 1802 5640 Ο
1849 5597 1901 5640 et
1927 5577 2074 5656 Ep'it'.

2463 5452 2509 5483 τ’
2536 5450 2610 5504 Ita
2636 5449 2684 5506 Ο
2741 5465 2788 5504 c.
2831 5449 2913 5514 Si,
2954 5452 3058 5504 ἴδεν
3089 5453 3149 5506 C.
3254 5456 3300 5486 "
3327 5457 3414 5507 ἐπ’

2171 5586 2218 5620 ⁷⁸
2251 5589 2566 5655 πρόνοιανο
2597 5630 2610 5650 ,
2645 5586 2896 5655 ὑπόνοιαν
2922 5586 3065 5655 Epit.
3171 5594 3216 5625 ”
3248 5613 3414 5648 πεπι-

207 5641 492 5737 ςτωίίιέχων
525 5654 570 5709 0
599 5697 614 5718 ,
651 5657 743 5721 qui
779 5641 971 5737 deinde
995 5654 1066 5706 τὰ
1095 5652 1208 5737 νιξν.
1283 5655 1347 5737 1'.
1365 5658 1463 5737 σήν
1488 5657 1545 5737 (1|
1597 5668 1646 5711 et
1676 5655 1749 5737 Su

1867 5659 1957 5737 itis
1973 5641 2161 5737 ’ςρςιιιλ
2213 5641 2362 5737 "__lt:_l
2387 5658 2456 5737 o_
2477 5641 2610 5737 «In
2631 5641 2862 5737 (essay;
2895 5641 3065 5737 (λ’ςυί
3102 5641 3400 5737 οοηίΪᾷἔιΞς

205 5720 334 5785 ἕεις,
365 5720 500 5792 Epit.
529 5720 700 5795 ψευδῆ
752 5726 829 5778 τὰ.
872 5726 1240 5796 ὑπεσχημένα.
1280 5724 1388 5780 Cir.
1418 5720 1426 5726 ⁷
1452 5726 1588 5782 infra
1645 5745 1691 5781 c.
1721 5732 1767 5780 3.

1867 5728 1892 5757 με
1921 5728 2049 5779 θεάν
2122 5727 2183 5782 ο.
2261 5731 2306 5761 ει
2335 5730 2367 5799 ἦ
2399 5729 2506 5800 γὰρ
2539 5720 2638 5782 οὐκ
2659 5720 3007 5799 ς’ἀπόᾷιριναί
3031 5748 3122 5804 μοι
3164 5720 3309 5807 conj:
3350 5737 3416 5794 Ι).
