4022 6336
577 315 676 370 567

1416 310 1474 365 S.
1513 307 1894 368 CLEMENTIS
1931 312 1948 366 l
1992 307 2155 368 ROM.
2193 311 2389 367 PONT.
2433 311 2656 367 OPERA
2696 313 2918 370 Dl‘BlA.

3661 327 3748 383 568

574 431 903 504 postulares,
938 425 1153 495 Simon,
1185 425 1230 481 si
1266 436 1426 483 antea
1457 427 1649 483 Petrus
1672 437 1941 498 negasset.
1981 425 2126 483 Nunt

2238 429 2366 500 παρ’
2392 429 2523 500 ἐμοῦ
2547 428 2801 500 ἀπῄτεις,
2848 431 3050 502 Σίμων,
3091 433 3140 486 εί
3179 433 3433 506 πρότερον
3455 437 3651 506 ἠρνεῖτο
3680 441 3756 494 6"

581 535 755 580 autem
787 539 897 577 non
926 521 1152 576 verebor
1179 520 1359 575 dicere
1387 537 1510 590 qua:
1538 519 1763 575 dicenda
1797 530 1944 575 sunt.
1979 519 2140 574 Arbi-

577 630 690 674 tror
723 627 774 672 te
799 617 874 670 ira
901 614 1257 669 constrictum
1285 627 1347 667 ac
1377 613 1766 666 inﬂammatum
1796 611 1929 666 velle
1953 612 2139 680 dispu-

578 708 832 764 tationem
868 709 1146 775 suscipere
1182 724 1195 760 :
1235 721 1398 775 porro
1432 721 1606 774 neque
1645 705 1899 759 convenit
1941 713 1992 760 te
2038 705 2140 760 hoc

574 801 787 868 facere,
819 817 997 870 neque
1035 816 1133 854 nos
1160 798 1252 854 tali
1284 798 1522 868 praebere
1551 813 1757 862 aurem,
1794 798 2052 867 quoniam
2085 797 2138 853 id

572 914 810 970 pugnam
831 897 1009 951 videre
1029 904 1133 960 est,
1151 904 1204 948 et
1219 909 1328 948 non
1353 893 1420 948 ad
1440 892 1716 947 veritatem
1736 892 1938 962 juvari.
1962 892 2139 960 Atque

575 1006 744 1058 nunc,
771 1005 837 1044 ex
860 986 1042 1044 Graeca
1067 985 1371 1042 eruditione
1396 986 1596 1048 sciens,
1626 1000 1736 1054 quo
1765 984 1926 1039 modo
1952 1000 2139 1055 gerere

574 1100 635 1140 sc
669 1083 904 1140 debeant
928 1081 1315 1150 disceptantes,
1343 1079 1722 1133 commonebo.
1752 1076 1991 1148 Uterque
2016 1091 2136 1131 ves-

571 1189 718 1234 trum
747 1178 942 1248 dogma
971 1190 1131 1230 suum
1163 1181 1416 1246 exponat,
1447 1180 1500 1226 et
1533 1171 1758 1226 alternis
1787 1171 1950 1225 verba
1983 1169 2134 1225 ﬁant.

571 1269 730 1336 Quod
763 1269 808 1323 si
837 1268 988 1322 solus
1022 1265 1214 1320 Petrus
1242 1265 1474 1336 explicet
1502 1280 1657 1318 suam
1690 1261 2037 1326 sententiam,
2079 1271 2135 1315 tu

574 1380 702 1418 vero
747 1373 893 1416 tuam
945 1361 1191 1424 reticeas,
1241 1358 1355 1411 lieri
1397 1367 1594 1426 potest,
1647 1364 1707 1410 ut
1755 1355 1954 1424 aliquis
2003 1370 2034 1408 a
2087 1362 2137 1408 te

571 1455 817 1528 prolatus
847 1469 1026 1510 sermo
1055 1462 1110 1506 et
1141 1461 1284 1506 tuam
1312 1459 1365 1504 et
1388 1449 1534 1503 illius
1561 1447 1871 1518 opinionem
1904 1457 2135 1516 premat,

571 1558 735 1618 atque
774 1557 832 1601 ut
861 1557 1090 1616 uterque
1121 1553 1382 1602 vestrum,
1419 1541 1544 1595 licet
1584 1555 1768 1595 revera
1800 1540 1871 1594 sit
1900 1539 1990 1593 illo
2017 1554 2136 1593 ser-

571 1656 735 1696 mone
760 1639 955 1702 vietus,
991 1654 1098 1692 non
1128 1637 1377 1691 videatur
1407 1643 1586 1689 tamen
1620 1641 1925 1704 superatus,
1957 1631 2049 1686 sed
2092 1631 2137 1686 is

572 1733 744 1799 solus,
781 1732 873 1802 qui
905 1747 1057 1787 suam
1087 1729 1398 1799 opinionem
1431 1725 1704 1796 exposuit,
1743 1725 1833 1780 ille
1864 1740 2014 1790 vero,
2042 1723 2132 1792 qui

2237 519 2459 590 Πέτρος.
2488 520 2601 573 Νῦν
2624 521 2680 574 δὲ
2705 523 2803 576 οὐκ
2829 523 3216 596 αίδεσθήσομαι
3245 525 3414 595 λέγειν
3434 527 3467 581 ἃ.
3487 528 3561 581 δεῖ
3583 528 3755 599 λέγειν.

2237 606 2402 682 Οἶμαί
2455 629 2512 664 σε
2552 612 2686 685 ὀργῇ
2733 615 3113 686 πεπρησμένον
3133 616 3180 648 ⁸⁸
3225 616 3550 688 διαλεχθῆναι
3587 621 3758 689 θέλειν,

2237 704 2372 776 ὅπερ
2403 704 2664 758 ἀνοίκειόν
2695 723 2789 786 σοι.
2807 707 2962 760 τοῦτο
2979 713 3023 744 ⁸⁷
3067 709 3257 770 ποιεῖν,
3287 708 3378 761 καὶ
3407 710 3527 779 ἡμῖν
3550 711 3758 766 τοιοῦτον

2239 795 2543 862 ἐπακούειν,
2575 799 2656 852 ὅτι
2697 798 2874 869 μάχην
2919 799 3065 853 ἐστὶν
3088 800 3252 870 318
3275 800 3566 871 ἱστορῆσαι,
3599 804 3682 855 καὶ
3709 806 3763 858 οὔ

2239 888 2374 959 πρὸς
2423 889 2676 962 ἀλήθειαν
2724 891 3066 959 ὠφελεῖσθαι.
3119 893 3230 944 Kal
3275 892 3368 945 νῦν
3413 890 3765 966 έξἙλληνικῆς

2239 980 2482 1044 παιδείας
2500 1020 2514 1044 ,
2544 982 2620 1046 ὡς
2647 982 2752 1053 χρὴ
2781 984 2905 1046 τοὺς
2934 983 3229 1055 ζητοῦντας
3261 987 3453 1048 ποιεῖν,
3483 983 3625 1047 εἰδὼς
3651 987 3768 1038 ὑπο-

2240 1073 2446 1143 μνήσω.
2495 1073 2782 1145 Ἑκάτερος
2815 1074 2966 1145 ὑμῶν
3003 1076 3064 1128 τὸ
3095 1074 3284 1128 ἑαυτοῦ
3318 1075 3489 1146 δόγμα
3519 1075 3734 1129 ἑκθέσθω
3753 1115 3768 1140 ,

2237 1163 2330 1216 καὶ
2359 1166 2439 1227 είς
2459 1164 2546 1217 έτε
2554 1182 2642 1237 ρον
2665 1167 2714 1217 oi
2743 1165 2888 1234 λόγοι
2910 1167 3245 1236 γενέσθωσαν
3265 1175 3330 1221 ⁸⁸.
3370 1167 3494 1220 Ἐὰν
3518 1166 3571 1219 δὲ
3592 1167 3773 1239 Πέτρος

2240 1255 2398 1327 μόνος
2429 1257 2652 1329 ἐκθῆται
2683 1258 2743 1311 τὸ
2767 1257 2958 1311 ἐαυτοῦ
2991 1259 3242 1331 φρόνημα
3261 1299 3276 1323 ,
3324 1260 3387 1313 σὺ
3419 1258 3474 1311 δὲ
3502 1259 3560 1312 τὸ
3592 1259 3677 1312 σὸν
3705 1276 3773 1312 σι-

2236 1349 2409 1419 ωπᾷς,
2435 1348 2701 1419 ἐνδέχεταί
2720 1367 2843 1402 τινα
2866 1350 3019 1419 λόγον
3048 1351 3148 1404 ὑπὸ
3165 1351 3258 1404 σοῦ
3283 1351 3511 1424 ρηθέντα
3539 1349 3722 1404 θλίϐειν
3733 1349 3776 1383 ⁸⁸

2233 1438 2295 1492 τὸ
2320 1439 2484 1493 αὐτοῦ
2499 1440 2545 1472 ⁹⁰
2565 1441 2739 1494 καὶτὸ
2766 1441 2854 1494 σὸν
2878 1442 3149 1514 φρόνημα,
3178 1443 3276 1496 καὶ
3295 1442 3778 1514 ἀμφοτέρουςτῦμᾶς

2237 1530 2342 1584 ὑπὸ
2365 1531 2458 1584 τοῦ
2484 1531 2641 1602 λόγου
2669 1533 2994 1604 ἡττηθέντας
3028 1535 3099 1607 μὴ
3136 1534 3418 1604 φαίνεσθαι
3451 1534 3780 1606 ἡττημένους,

2236 1623 2370 1676 ἀλλὰ
2394 1624 2487 1678 τὸν
2509 1625 2631 1678 ἐκθέ
2639 1643 2794 1696 μενον
2817 1626 2879 1678 τὸ
2906 1627 3178 1698 φρόνημα,
3213 1628 3310 1681 τὸν
3333 1627 3389 1680 δὲ
3418 1627 3492 1699 μὴ
3517 1627 3783 1699 ἐκθέμενον

2235 1715 2435 1785 ὁμοίως
2477 1717 2773 1788 ἡττημένον
2791 1719 2837 1751 ’⁸
2883 1718 2955 1790 μὴ
3008 1717 3270 1790 πρόδηλον
3318 1715 3480 1784 εἶναι,
3531 1718 3659 1774 ἀλλὰ
3701 1718 3786 1771 καὶ

571 1839 680 1878 non
710 1823 994 1894 exposuit,
1024 1837 1131 1875 non
1159 1820 1407 1879 videatur
1435 1817 1637 1890 pariter
1665 1833 1788 1873 esse
1821 1825 2126 1886 superatus,

2237 1807 2575 1878 νενικηκέναι
2623 1808 2954 1880 νομίζεσθαι.
3001 1810 3109 1863 Kal
3145 1813 3174 1864 6
3217 1810 3400 1882 Σίμων
3444 1811 3782 1882 ἀπεκρίνατοο

571 1919 740 1971 immo
770 1930 1056 1986 superasse
1079 1913 1437 1970 existimetur.
1497 1909 1559 1965 Et
1598 1909 1783 1966 Simon
1816 1908 2133 1980 respondit:

571 2009 791 2066 Faciam
818 2007 1274 2081 quemadmodum
1306 2005 1443 2062 dicis
1472 2024 1486 2059 :
1516 2019 1703 2060 verum
1750 2002 1904 2058 valde
1948 2002 2136 2067 timeo,

572 2119 641 2157 ne
664 2101 779 2170 jam
809 2101 984 2173 ipsius
1010 2099 1191 2156 verbis
1227 2106 1525 2168 occupatus
1557 2112 1664 2151 non
1694 2096 1772 2152 sis
1811 2094 1979 2166 judex
2020 2093 2136 2149 veri

569 2194 871 2250 studiosus.

641 2304 732 2362 ιν.
773 2305 840 2362 Ει
866 2304 1026 2362 Pater
1051 2305 1332 2376 respondit
1363 2322 1378 2359 :
1424 2301 1504 2358 Ne
1528 2317 1616 2357 me
1643 2316 1809 2372 cogas
1838 2309 2043 2356 temere
2071 2314 2135 2356 ac

571 2400 771 2456 indicta
799 2414 967 2456 causa
991 2398 1086 2453 tibi
1109 2397 1386 2463 assentiri,
1413 2405 1472 2452 ut
1488 2395 1653 2466 iudex
1674 2394 1863 2450 videar
1883 2391 2134 2449 veritatis

570 2509 782 2548 amans.
820 2491 976 2559 Quod
1008 2492 1056 2546 si
1083 2505 1208 2546 vera
1238 2491 1425 2545 audire
1456 2487 1632 2558 cupis,
1668 2497 1760 2543 tua
1795 2486 1974 2558 potius
2003 2500 2130 2542 sen-

569 2587 738 2640 tentia
765 2593 1178 2657 praeoccupatus
1204 2599 1347 2639 sum.
1372 2583 1450 2638 Ac
1487 2582 1674 2639 Simon
1715 2598 1730 2635 :
1761 2578 2046 2647 Quomodo
2073 2595 2132 2635 es

569 2687 1010 2749 praeoccupatus,
1037 2677 1131 2748 qui
1163 2676 1342 2732 nescis
1371 2675 1500 2744 quid
1531 2673 1801 2729 sentiam?
1837 2672 1908 2726 At
1934 2679 2087 2741 pater
2113 2687 2128 2726 :

566 2771 748 2828 Facile
770 2782 857 2828 est
881 2771 1012 2827 illud
1035 2783 1367 2841 eognosrere
1391 2785 1405 2822 :
1430 2775 1485 2823 et
1509 2780 1746 2836 quonam
1775 2772 1954 2834 pacto,
1978 2763 2127 2819 audi.

565 2862 850 2921 Pollicitus
877 2878 937 2918 es
957 2903 972 2927 ,
1005 2878 1034 2916 a
1063 2871 1114 2918 te
1151 2860 1270 2916 falsi
1306 2857 1614 2914 convictum
1644 2856 1711 2912 iri
1751 2855 2004 2923 Petrum,
2036 2855 2128 2926 qui

565 2972 740 3014 unum
785 2969 908 3012 esse
937 2953 1109 3010 Deum
1147 2962 1377 3008 asserat.
1426 2949 1694 3006 Caeterum
1736 2949 1828 3019 qui
1864 2947 2130 3018 promittit

563 3065 627 3104 se
659 3047 780 3103 falsi
812 3046 1230 3116 redarguturum
1256 3051 1584 3099 assertorem
1612 3042 1774 3098 unius
1797 3040 1916 3108 Dei,
1945 3041 1993 3096 is
2019 3056 2128 3096 non

2238 1899 2455 1971 Ποιήσω
2481 1900 2556 1964 ὡς
2577 1900 2788 1970 λέγεις,
2820 1900 3015 1973 ἀθυμῶ
3049 1902 3106 1956 δὲ
3141 1905 3342 1975 μήπως
3372 1904 3473 1977 ἤδη
3507 1901 3785 1975 προειλημ-

2240 1991 2398 2064 μένος
2427 1993 2590 2047 αὑτοῦ
2622 1997 2734 2058 τοῖς
2762 1994 2938 2065 λόγοις
2969 1996 3032 2049 οὐ
3064 1995 3368 2068 φιλαλήθης
3396 1996 3498 2068 ἔσῃ
3524 1997 3725 2068 κριτής.

2304 2303 2394 2360 ιν.
2432 2306 2542 2360 Kal
2569 2308 2598 2360 6
2628 2306 2812 2378 πατὴρ
2841 2306 3196 2379 ἀπεκρίνατο·
3224 2309 3318 2380 Μή
3347 2325 3417 2380 με
3442 2307 3627 2379 βιάζου
3651 2305 3791 2378 ἀκρίο

2233 2413 2342 2462 τως
2374 2398 2657 2454 συνθέσθαι
2683 2416 2785 2464 σοι,
2819 2401 2904 2453 ἵνα
2935 2399 3070 2466 δόξω
3095 2400 3404 2473 φιλαλήθης
3430 2397 3567 2454 εἶναι
3597 2399 3794 2471 κριτὴς,

2232 2492 2281 2544 εί
2322 2491 2379 2544 δὲ
2422 2491 2628 2563 τάληθῆ
2671 2492 2899 2546 ἀκοῦσαι
2950 2491 3109 2566 θέλῃς
3141 2495 3209 2556 ’⁸,
3254 2493 3348 2564 τῷ
3391 2491 3470 2564 σῷ
3512 2494 3797 2564 φρονήματι

2235 2577 2432 2654 μᾶλλον
2459 2584 2850 2656 προείλημμαι.
2895 2585 3006 2639 Kal
3059 2587 3088 2639 6
3128 2585 3356 2656 Σίμων’
3399 2586 3527 2648 Πῶς
3566 2584 3797 2655 προείληι

2228 2674 2325 2744 ψαι
2348 2713 2364 2737 ,
2403 2675 2504 2729 οὐκ
2543 2675 2695 2739 εἰδὼς
2731 2676 2760 2730 ὃ
2801 2676 3014 2748 φρονῶ;
3049 2678 3158 2730 Kal
3194 2679 3224 2730 6
3251 2679 3470 2750 πατήρ
3506 2677 3673 2730 Τοῦτο
3713 2676 3796 2747 pq,

2227 2766 2337 2822 διόν
2369 2766 2520 2830 ἔστιν
2551 2768 2746 2822 είδέναι
2771 2807 2787 2833 ,
2833 2770 2928 2822 καὶ
2971 2769 3089 2833 πῶς
3111 2809 3128 2835 ,
3175 2771 3444 2825 ἄκουσον.
3485 2769 3739 2838 Ἐλέγξειν
3755 2768 3796 2800 ’³

2229 2859 2462 2930 ὑπέσχου
2513 2861 2718 2932 Πέτρον
2761 2861 2857 2915 ἕνα
2901 2861 3033 2915 Θεὸν
3071 2861 3308 2932 λέγοντα
3352 2860 3526 2929 εἶναι,
3559 2863 3640 2917 ὅτι
3677 2860 3797 2932 ψεῦ-

2227 2949 2372 3004 δεται
2393 2990 2408 3016 ,
2454 2953 2482 3005 ὁ
2519 2952 2577 3005 δὲ
2619 2952 2772 3007 τὸνεδ
2813 2953 2909 3007 ἕνα
2951 2954 3178 3022 λέγοντα
3221 2955 3550 3028 ψεύσματος
3599 2953 3794 3023 ἐλέγξαι

2227 3041 2706 3114 ἐπαγγελλόμενος,
2759 3045 2976 3108 πάντως
3025 3045 3240 3117 εὔδηλον
3303 3049 3381 3112 ὡς
3425 3050 3633 3111 ἐκεῖνος
3681 3047 3799 3117 ἁλη-

561 3141 708 3194 idem
740 3138 968 3193 allirmat
997 3153 1062 3192 ac
1083 3136 1172 3192 ille
1201 3133 1606 3191 evidentissima
1631 3149 1758 3189 vera
1789 3133 2039 3204 loquens.
2069 3131 2124 3187 Si

2229 3132 2422 3200 θεύων,
2450 3136 2512 3190 οὑ
2539 3137 2599 3190 τὸ
2624 3137 2754 3191 αὐτὸ
2769 3140 2814 3171 ⁸⁸
2837 3138 3000 3207 λέγει.
3028 3139 3090 3192 Et
3111 3138 3220 3210 γὰρ
3239 3141 3329 3212 τῷ
3358 3137 3798 3210 καταψευδομένῳ

563 3232 710 3284 enim
744 3230 884 3284 idem
913 3229 1115 3284 diceret
1144 3244 1267 3282 cum
1305 3241 1404 3293 eo,
1435 3227 1528 3296 qui
1559 3225 1817 3281 ementita
1860 3225 2122 3296 loquitur,

561 3322 682 3392 ipse
705 3336 922 3391 quoque
943 3329 1087 3374 esset
1114 3319 1349 3374 mendax
1377 3337 1390 3373 :
1415 3319 1460 3373 si
1490 3333 1620 3372 vero
1645 3317 1920 3373 contraria
1944 3317 2126 3373 dicere

564 3429 624 3468 se
650 3414 905 3480 ostendit,
936 3423 1066 3468 tunc
1110 3429 1270 3468 verus
1311 3421 1415 3467 est.
1458 3409 1574 3466 Non
1609 3410 1716 3465 alia
1750 3425 1881 3481 ergo
1913 3411 2126 3469 ratione

563 3506 971 3576 praedicatorem
997 3505 1160 3560 unius
1183 3503 1276 3559 Dei
1299 3519 1419 3558 esse
1443 3503 1756 3558 mendaeem
1780 3502 2122 3572 pronuntias,

560 3599 668 3655 nisi
711 3598 841 3668 quia
886 3599 1087 3655 multos
1130 3600 1262 3653 deos
1311 3611 1433 3652 esse
1471 3611 1682 3651 censes.
1722 3594 1888 3665 Atqui
1922 3594 2124 3651 multos

560 3694 692 3749 deos
720 3709 841 3749 esse
871 3708 971 3764 ego
1002 3707 1222 3763 quoque
1262 3692 1370 3746 aio.
1417 3689 1561 3745 Idem
1607 3689 1794 3761 igitur,
1847 3687 1995 3758 quod
2027 3697 2082 3743 tu
2103 3725 2121 3753 ,

560 3796 686 3842 ante
711 3787 1158 3856 disceptationem
1187 3786 1313 3841 dico
1331 3825 1346 3848 ,
1377 3794 1430 3840 et
1459 3799 1556 3853 pro
1587 3792 1637 3838 te
1670 3774 1848 3852 potius
1877 3795 1996 3836 sum
2024 3793 2120 3835 oe-

556 3887 812 3950 eupatus.
844 3877 1024 3946 Quare
1063 3895 1165 3934 non
1198 3878 1362 3934 debes
1394 3878 1462 3932 de
1489 3891 1573 3932 me
1601 3891 1724 3932 esse
1754 3877 1984 3943 anxius,
2027 3876 2120 3932 sed

556 3968 789 4036 Petrus,
837 3972 968 4041 quia
1019 3971 1194 4026 adhuc
1221 3981 1410 4026 contra
1443 3982 1605 4040 atque
1630 3969 1719 4024 ille
1753 3969 1952 4024 sentio.
1984 3968 2121 4024 Pro-

556 4073 740 4134 pterea
770 4073 894 4134 post
920 4064 1341 4134 disputationem
1364 4070 1604 4117 vestram
1631 4077 1812 4131 spero,
1831 4063 1974 4131 quod
2005 4061 2120 4116 veri

555 4157 834 4212 studiosus
857 4155 1025 4226 judcx
1046 4197 1060 4222 ,
1091 4155 1336 4224 deposita
1367 4154 1776 4224 anticipatione,
1809 4152 2121 4224 praevalenti

554 4262 930 4304 eonsensurus
958 4247 1061 4302 sim
1093 4246 1343 4302 orationi.
1394 4244 1520 4300 liae
1543 4261 1666 4300 cum
1691 4256 1844 4315 pater
1868 4244 2118 4312 dixisset,

555 4340 760 4394 sensim
789 4340 995 4394 clamor
1019 4340 1242 4409 quidam
1269 4337 1599 4393 laudationis
1621 4353 1652 4392 a
1677 4337 1876 4408 populo
1895 4345 2119 4393 exortus

553 4440 658 4495 est,
695 4431 953 4499 quoniam
985 4430 1059 4486 ita
1090 4441 1241 4500 pater
1270 4440 1412 4487 esset
1437 4431 1675 4486 locutus.

2226 3225 2288 3278 τὸ
2317 3227 2449 3280 αὐτὸ
2478 3228 2643 3299 319
2673 3229 2858 3298 λέγει,
2910 3232 3003 3284 καὶ
3037 3231 3198 3294 αὐτὸς
3230 3231 3536 3301 ψεύδεται,
3577 3233 3626 3285 εί
3649 3231 3703 3285 δὲ
3737 3227 3799 3282 τὰ

2225 3317 2443 3372 ἐναντία
2496 3318 2666 3388 λέγων
2715 3321 3128 3387 ἀποδείκνυσιν,
3179 3324 3308 3378 τότε
3365 3326 3644 3397 ἀληθεύει.
3697 3325 3799 3377 οὐκ

2225 3407 2397 3474 ἄλλως
2419 3406 2512 3465 οὖν
2539 3412 2628 3465 τὸν
2654 3413 2751 3467 ’ένα
2776 3413 2906 3466 Θεὸν
2927 3410 3063 3468 εἶναι
3085 3414 3316 3483 λέγοντα
3338 3417 3584 3490 ψεύστην
3610 3416 3793 3487 λέγεις,

2224 3503 2273 3554 εί
2305 3503 2376 3574 μή
2410 3520 2463 3556 τι
2488 3503 2554 3558 ἂν
2599 3505 2679 3558 ὅτι
2725 3504 2951 3569 πολλοὺς
2993 3505 3220 3580 δοξάζῃς
3235 3509 3289 3547 ’⁸
3324 3510 3507 3574 θεούς.
3550 3510 3712 3572 Θεοὺς
3747 3507 3797 3559 δὲ

2225 3594 2449 3660 πολλοὺς
2478 3593 2616 3651 εἶναι
2642 3597 2797 3666 κάγὼ
2815 3601 2859 3633 ³⁷
2889 3597 3050 3668 λέγω.
3085 3600 3156 3653 Τὸ
3181 3601 3321 3655 αὐτὸ
3346 3600 3446 3658 οὖν
3473 3620 3556 3657 σοι
3583 3603 3687 3676 πρὸ
3706 3601 3798 3674 τῆς

2225 3686 2502 3762 ζητήσεως
2523 3690 2714 3760 λέγων,
2750 3692 2834 3744 σοὶ
2859 3691 3056 3763 μᾶλλον
3086 3693 3498 3768 προείλημμαι.
3531 3699 3642 3752 Καὶ
3671 3694 3799 3751 κατὰ

2222 3781 2379 3836 τοῦτο
2411 3784 2646 3854 ἀγωνιᾷν
2679 3785 2806 3855 περὶ
2838 3784 2970 3856 ἐμοῦ
2999 3785 3097 3839 οὐκ
3121 3786 3386 3854 ὀφείλεις,
3412 3790 3553 3843 ἀλλὰ
3585 3790 3797 3859 Πέτρος,

2221 3875 2304 3928 ὅτι
2335 3877 2517 3949 ἀκμὴν
2560 3877 2710 3949 αὐτῷ
2756 3877 2825 3931 τὰ
2868 3878 3087 3932 ἐναντία
3116 3879 3324 3950 φρονῶ.
3361 3883 3581 3955 Ὥσπερ
3595 3889 3643 3922 ³³
3676 3880 3803 3953 μετὰ

2220 3968 2318 4040 τὴν
2353 3969 2622 4042 ὑμετέραν
2652 3969 2874 4042 ζήτησιν
2903 3971 3106 4036 ἐλπίζω
3137 3973 3453 4047 φιλαλήθης
3485 3977 3563 4031 ὢν
3598 3976 3799 4049 κριτὴς,

2220 4059 2486 4133 πρόληψιν
2525 4061 2946 4143 ἀποδυσάμενος,
2979 4065 3056 4136 τῷ
3088 4067 3487 4138 ἐπικρατοῦντι
3524 4069 3803 4124 συνθέσθαι

2219 4149 2382 4223 λόγῳ.
2411 4152 2596 4207 Ταῦτα
2645 4153 2738 4206 τοῦ
2785 4155 2988 4226 πατρὸς
3038 4156 3282 4220 εἰπόντος
3337 4160 3533 4232 ἠρέμα
3584 4162 3678 4231 βοή
3723 4175 3802 4223 τις

2219 4244 2438 4296 ἐπαίνου
2472 4245 2536 4297 ἐκ
2566 4244 2675 4298 τῶν
2703 4245 2871 4316 ὸχλων
2896 4247 3108 4316 ἐγένετο
3137 4249 3228 4302 ἐπὶ
3257 4251 3342 4323 τῷ
3371 4252 3557 4318 οὕτως
3583 4255 3672 4308 τὸν
3703 4271 3804 4306 πα-

2215 4333 2350 4407 τέρα
2371 4335 2734 4408 διαλεχθῆναι.

627 4519 694 4574 ν.
735 4519 906 4575 Porro
937 4519 1127 4576 Petrus
1157 4521 1294 4577 dixit
1323 4541 1337 4576 :
1376 4521 1486 4592 Ego
1506 4563 1522 4585 ,
1561 4523 1702 4578 sicut
1733 4521 2115 4577 controversia

2287 4511 2352 4568 ν.
2394 4515 2502 4569 Kal
2528 4517 2676 4588 ὁμῶς
2692 4519 2720 4570 6
2737 4518 2942 4590 Πέτρος
2960 4519 3062 4592 ἔφη
3081 4536 3096 4552 ⁶
3139 4520 3298 4591 Ἐγὼ,
3330 4525 3416 4590 ὡς
3444 4529 3475 4581 6
3500 4528 3614 4582 τῶν
3639 4528 3804 4597 λόγων

553 4612 762 4668 arbiter
790 4614 1194 4682 pronuntiavit,
1242 4630 1404 4686 agere
1442 4631 1563 4671 sum
1595 4625 1816 4686 paratus
1849 4632 1864 4670 :
1891 4614 2113 4684 jamque

553 4705 761 4773 abSque
794 4705 901 4760 ulla
949 4721 1102 4761 mora
1153 4723 1328 4762 meam
1376 4708 1442 4764 de
1488 4707 1600 4763 Deo
1642 4707 1964 4764 sententiam
2012 4721 2107 4762 ειη

551 4791 781 4860 ριὶοιιιιιδ.
817 4790 994 4848 Unum
1020 4809 1120 4866 ego
1156 4811 1276 4852 esse
1314 4795 1478 4852 Deum
1507 4812 1691 4853 assero
1715 4838 1730 4863 ,
1777 4795 2106 4852 conditorem

2217 4605 2442 4677 μεσίτης
2480 4609 2718 4680 εἴρηκεν,
2764 4614 2935 4665 ποιεῖν
2967 4613 3178 4685 ἕτοιμός
3221 4619 3365 4688 είμι,
3403 4622 3507 4674 καὶ
3541 4622 3644 4694 ἤδη
3681 4622 3806 4674 ποτὲ

2213 4697 2321 4769 πρὸ
2351 4699 2526 4770 πάσης
2561 4701 2825 4773 ἀναϐολῆς
2855 4705 2916 4756 τὸ
2961 4705 3091 4775 ὲμὸν
3137 4709 3265 4779 περὶ
3299 4710 3450 4765 Θεοῦ
3498 4714 3804 4785 ἐκθήσομαι

2211 4790 2484 4863 φρόνημα.
2509 4793 2677 4863 Κάγὼ
2705 4795 2800 4849 ἕνα
2827 4795 2955 4849 Θεὸν
2979 4793 3116 4852 εἶναι
3141 4798 3300 4869 λέγω,
3326 4803 3430 4858 τὸν
3461 4805 3806 4878 πεποιηκότα

550 4883 673 4937 (ιωιί
698 4893 751 4939 et
775 4893 930 4940 terra:
952 4887 1304 4958 onmiumque
1324 4888 1392 4944 iis
1414 4896 1811 4945 contentorum.
1840 4887 1917 4942 Ac
1941 4886 2104 4942 alium

2227 4883 2299 4937 τὸν
2333 4886 2556 4956 οὐρανὸν
2596 4887 2688 4942 καὶ
2734 4887 2830 4959 τὴν
2874 4888 2976 4960 γῆν
3021 4892 3115 4944 καὶ
3155 4892 3225 4946 τὰ
3254 4895 3312 4949 έν
3355 4899 3560 4963 αὐτοῖς
3607 4901 3803 4953 πάντα.

552 4986 727 5040 neque
757 4972 970 5041 dicere,
1019 4992 1195 5044 neque
1227 4980 1490 5044 extimare
1521 4978 1664 5034 licet.
1697 4977 1833 5031 Tum
1877 4976 2102 5032 Simon:

547 5061 663 5136 Ego
692 5073 870 5119 autem
901 5068 1008 5133 aio,
1037 5084 1066 5122 a
1095 5067 1389 5139 Scripturis
1421 5087 1542 5140 qua:
1567 5071 1706 5140 apud
1741 5069 1955 5125 Judaeos
1983 5086 2102 5125 cre-

546 5157 770 5223 duntur,
819 5158 926 5214 diei
963 5161 1162 5218 multos
1207 5165 1374 5227 deos,
1425 5179 1526 5218 nec
1571 5165 1639 5220 de
1679 5178 1745 5218 eo
1786 5178 2106 5218 succensere

2212 4977 2402 5033 Ἀλλον
2428 4997 2487 5033 τε
2524 4979 2645 5033 οὔτε
2685 4979 2882 5050 λέγειν,
2920 4983 3043 5036 οὔτε
3071 4985 3306 5056 νομίζειν
3341 4988 3595 5056 ἔξεστιν.
3628 4993 3740 5046 Καὶ
3778 4993 3808 5045 6

2211 5069 2418 5141 Σίμων·
2469 5071 2605 5140 Ἐγὼ
2636 5072 2693 5126 δέ
2711 5078 2758 5112 ⁹⁹
2795 5091 2932 5144 φημι
2966 5075 3062 5137 τὰς
3095 5083 3556 5151 πεπιστευμένας
3582 5083 3805 5156 Γραφὰς

2209 5164 2361 5236 παρὰ
2404 5164 2666 5229 Ἰουδαίοις
2694 5165 2915 5232 πολλοὺς
2945 5167 3120 5238 λέγειν
3157 5171 3331 5239 θεοὺς,
3372 5178 3477 5231 καὶ
3514 5179 3596 5252 μὴ
3641 5179 3802 5250 Xalt-

1835 5300 2068 5358 VARUE
2108 5299 2507 5356 LECTlONES.

609 5396 828 5473 “opm.
863 5395 926 5452 Ο.
951 5394 1002 5473 ff
1030 5393 1104 5473 Ita
1130 5392 1175 5447 Ο
1223 5405 1276 5448 et
1300 5412 1365 5449 ex
1385 5395 1735 5473 τριήρεας-.
1765 5394 2261 5473 ψιίπεπρισμένον
2283 5394 2335 5448 in
2366 5393 2718 5473 ιεέιυ,όργῆς
2741 5395 3118 5473 ττεπληᾼσμένον
3139 5394 3423 5473 Epit._i_5=l_
3446 5403 3800 5473 approbante

545 5464 620 5548 ἓξ..
669 5467 712 5548 δῖ
738 5467 828 5548 ⁸σοί
856 5463 1020 5548 τεῌΟκ
1043 5462 1186 5548 Ideni
1215 5467 1415 5548 αυξτυξί-
1451 5462 1580 5535 lieg.
1612 5468 1715 5521 804
1733 5462 2080 5548 ’τοιοῦτῳνςμ

542 5530 667 5599 τὸὺς
695 5537 882 5606 λόγους
905 5535 1093 5606 δοτέονΔ

1381 5467 1416 5551 ll
1451 5462 1580 5535 lieg.
1612 5462 2080 5551 804::otoott‘o'iip.
2101 5462 2550 5551 aetoﬁsovi‘Tumn
2565 5462 2856 5551 onmem
3009 5468 3054 5498 ⁸⁸
3079 5462 3294 5538 καἰ’ὑφ’
3326 5462 3798 5542 ἐτέρῲ’κρίνοντι

1267 5537 1311 5565 ⁸⁹
1361 5534 1548 5589 Clerici
1589 5538 1840 5591 mentium
1869 5534 2097 5591 θλίὸλέιν
2122 5535 2332 5604 repetiit
2365 5534 2421 5604 ὃ,
2505 5535 2550 5565 ⁸⁸³
2590 5535 2781 5587 ἑαυτοῦ
2815 5538 2874 5589 (ὲ.

541 5601 960 5679 τᾴληθῆβούλει
998 5601 1184 5679 μαθεῖν
1223 5605 1290 5679 0.
1365 5607 1410 5679 ‘f’
1435 5605 1674 5679 ἐλέγχειν
1784 5677 1792 5679 Α
1833 5607 1878 5639 ⁸⁸
1906 5606 2004 5679 τόν
2046 5601 2352 5679 adjunsiwc.
2379 5602 2467 5679 _,
2501 5607 2733 5679 quiotn.

2773 5537 2781 5587 ὃ
2815 5538 2874 5589 (ὲ.
2952 5537 2994 5566 ⁹¹
3041 5537 3338 5610 ήττομένον
3375 5537 3450 5595 OL
3488 5537 3500 5542 ⁷
3538 5537 3663 5596 πεί
3689 5541 3760 5610 γὰ

2773 5605 3103 5676 ψεύσματος.
3183 5611 3230 5641 ’⁸
3256 5609 3333 5671 ὡς
3387 5559 3802 5676 ἁληθεύων,τς

2920 5623 3117 5682 ματος.-
3148 5612 3333 5682 λοξῶς
3368 5612 3716 5682 ξὰληθεύων,
3738 5629 3768 5664 τ

543 5671 748 5758 (16:6va
778 5671 1236 5752 ἁπάντωςέΰδηλον
1266 5678 1341 5757 ὡς
1370 5671 1894 5748 ἐκεῖνος’ἀληθεύων,
1931 5678 1990 5730 οὑ
2026 5677 2087 5730 τὸ
2112 5671 2246 5728 αὐτό
2273 5675 2334 5726 (ἶ.
2411 5674 2457 5704 ⁹⁶
2493 5671 2734 5742 δοξάζεις
2763 5671 2822 5729 C.
2900 5671 2942 5707 ³⁷
2975 5675 3117 5800 ῧημί
3137 5677 3199 5735 Ο.
3224 5671 3573 5738 Lcctioném
3596 5671 3801 5753 λέγὼν,

547 5761 624 5798 σοι
655 5750 893 5800 eiusdem
924 5749 1042 5800 cod.
1077 5758 1187 5800 iatn
1219 5749 1350 5800 vidit
1380 5747 1420 5800 (ἐ
1450 5788 1463 5800 .
1490 5748 1543 5800 in
1571 5748 1678 5800 cui.
1713 5758 1859 5800 textu
1889 5748 2030 5800 λέγω
2056 5747 2156 5799 σοί.
2259 5746 2304 5776 ’⁸
2337 5745 2472 5800 ὅπερ
2502 5747 2560 5799 tl.
2669 5747 2711 5779 9’
2745 5745 2799 5797 δέ
2834 5762 2941 5800 oin.
3025 5785 3037 5798 .

547 5751 626 5798 σοί
655 5741 893 5817 ejusdem
924 5749 1042 5802 cod.
1077 5741 1187 5811 jam
1219 5747 1350 5802 vidit
1380 5747 1420 5801 (ἐ
1450 5788 1463 5814 ,
1490 5748 1543 5802 in
1571 5741 1859 5817 cuthcxtu
1889 5748 2030 5816 λέγω
2056 5747 2156 5799 σοί.

2259 5746 2304 5776 ’⁸
2337 5745 2472 5817 ὅπερ
2502 5747 2560 5799 tl.
2669 5747 2711 5779 ³³
2745 5745 2799 5797 δέ
2834 5762 2941 5801 om.
