4022 6336
572 323 669 382 571

573 441 850 510 deorsum,
900 451 949 497 et
992 453 1190 498 nonest
1230 444 1360 498 alius
1400 455 1591 514 praeter
1636 463 1750 500 eum
1775 459 1834 500 ι.

573 534 856 606 Scriptura
905 536 1039 592 dicit
1075 535 1387 590 Judarorum
1420 537 1659 607 p0pulo:
1705 535 1961 592 Dominus
1990 537 2128 594 Deus

572 636 693 684 tuus
734 628 842 698 ipse
881 639 957 682 est
1009 628 1142 682 Deus
1174 627 1390 682 deorum
1422 629 1486 698 ι),
1517 629 1591 684 ita
1645 639 1738 697 ut,
1776 631 2028 700 quamvis
2055 632 2130 686 dii

571 721 828 786 existant,
861 721 964 776 sub
991 719 1305 774 Iudaeorum
1340 720 1451 776 Deo
1477 723 1604 776 sint.
1638 721 1705 776 Et
1726 723 1844 778 aliis
1873 724 2051 778 verbis
2067 724 2132 778 de

569 825 634 866 eo
661 811 736 864 ait
773 809 1052 880 Scriptura
1083 829 1095 863 :
1121 810 1260 864 Deus
1285 828 1503 882 magnus
1531 823 1578 866 et
1610 829 1775 880 verus,
1803 815 1892 884 qui
1917 831 2017 868 non
2045 830 2134 867 ac-

569 903 697 970 cipit
719 919 990 972 personam
1009 943 1023 966 ,
1053 919 1212 971 neque
1239 911 1406 956 sumet
1435 920 1651 958 munera
1673 944 1686 968 ,
1721 905 1852 974 facit
1865 905 2132 973 judicium

567 993 768 1062 pupillo
815 995 883 1047 et‘
913 995 1082 1048 viduce
1126 1005 1172 1047 ο.
1231 994 1510 1064 Scriptura
1587 997 1752 1050 Deum
1822 995 2132 1050 Iudaeorum

569 1087 938 1155 nuncupando
987 1103 1242 1158 magnum
1280 1095 1334 1140 et
1371 1101 1555 1141 verum
1589 1097 1641 1140 et
1676 1085 1958 1142 facientem
1988 1087 2135 1156 judi-

567 1171 713 1225 cium
739 1213 754 1238 ,
792 1173 930 1228 alios
964 1173 1193 1242 pusillos
1244 1189 1343 1230 nec
1395 1189 1554 1230 veros
1599 1175 1896 1230 denotavit.
1949 1173 2050 1229 Sed
2081 1185 2136 1230 et

567 1263 738 1320 altero
785 1267 1021 1335 quodam
1059 1267 1111 1319 in
1157 1267 1280 1321 loco
1331 1265 1610 1335 Scriptura
1643 1266 1815 1320 dicit:
1865 1266 1988 1320 Vivo
2019 1283 2131 1336 ego,

567 1357 696 1410 dicit
743 1355 1000 1410 Dominus
1030 1399 1043 1418 ,
1094 1374 1195 1410 non
1240 1369 1316 1410 est
1342 1357 1480 1410 alius
1511 1355 1650 1410 Deus
1675 1365 1865 1425 praeter
1892 1373 1988 1410 me.
2023 1355 2134 1426 Ego

564 1449 766 1516 primus
789 1489 804 1511 ,
833 1464 924 1517 ego
955 1449 1288 1512 novissimus,
1318 1457 1508 1517 prwter
1557 1463 1636 1501 me
1689 1463 1790 1500 non
1813 1457 1889 1500 est
1913 1447 2052 1501 Deus
2081 1447 2131 1502 ά.

566 1541 643 1594 Ac
669 1555 884 1593 rursum
918 1559 930 1592 :
967 1539 1247 1593 Dominum
1291 1541 1456 1593 Deum
1516 1551 1662 1592 tuum
1702 1541 1906 1594 timebis
1927 1581 1942 1604 ,
1975 1549 2022 1592 et
2053 1541 2134 1593 iiii

565 1633 666 1686 soli
707 1635 896 1686 servies
933 1644 976 1685 ο.
1021 1633 1090 1686 Et
1151 1633 1368 1686 adhuc:
1409 1633 1546 1684 Audi
1594 1631 1768 1684 Israel
1808 1672 1824 1696 ,
1878 1631 2134 1684 Dominus

565 1724 706 1778 Deus
759 1735 928 1779 vester
991 1725 1242 1778 Dominus

1425 329 1480 386 S.
1524 327 1908 385 CLEMENTIS
1947 331 1962 384 Ι
2007 331 2166 386 ROM.
2209 331 2410 386 PONT.
2446 331 2672 387 OPERA
2706 333 2926 391 DUBIA.

3655 344 3743 400 δτι

1893 445 1959 502 Ει
2014 447 2139 502 alibi
2169 454 2211 508 Α
2241 447 2415 514 οὗτος
2447 449 2589 514 Θεὸς
2615 449 2684 502 ἐν
2710 450 2788 515 τῷ
2813 449 3044 518 οὐρανῷ
3083 450 3201 504 ἆνω
3222 491 3238 518 ,
3263 452 3354 506 καὶ
3387 453 3449 508 ἐν
3475 453 3543 522 τῇ
3567 455 3636 524 γῇ
3663 465 3752 512 κά-

2229 555 2333 603 τω,
2367 539 2464 592 καὶ
2516 542 2626 594 οὐκ
2668 541 2836 594 ἐστιν
2879 541 3069 608 ἄλλος
3097 542 3260 612 πλὴν
3289 545 3481 600 αὑτοῦ.
3513 549 3613 601 Kal
3638 549 3754 624 ἄλλῃ

2231 646 2330 681 που
2381 631 2525 699 λέγει
2585 634 2617 702 ἡ
2674 632 2863 703 Γραφὴ
2903 632 2980 702 τῷ
3011 635 3274 689 Ἰουδαίων
3315 635 3477 708 ὄχλῳ·
3510 640 3698 707 Κύριος
3725 646 3754 696 ό

2235 719 2374 786 Bede:
2406 739 2520 776 σου
2539 763 2553 786 ,
2585 722 2758 790 οὗτος
2793 724 2937 790 Θεὸς
2969 725 3086 778 τῶν
3136 727 3314 793 θεῶν,
3357 728 3533 800 ὥσπερ
3551 730 3588 760 ¹¹
3618 731 3689 784 ὅτι
3714 735 3755 785 εἱ

2232 811 2326 863 καί
2357 814 2459 864 εἰσι
2484 811 2594 865 θεοὶ
2617 857 2630 880 ,
2662 814 2765 868 ὑπὸ
2789 815 2878 868 τὸν
2927 817 3190 872 Ἰουδαίων
3215 818 3342 872 Θεόν
3361 822 3508 872 εἰσιν.
3528 823 3627 874 Kal
3644 823 3758 896 ἄλλῃ

2232 917 2333 951 που
2377 903 2503 973 περὶ
2550 903 2711 957 αὐτοῦ
2745 904 2953 977 λέγειή
2998 907 3222 980 Γραφή⁸
3267 909 3329 962 '0
3373 911 3508 978 Θεὸς
3553 913 3760 982 opem

2233 992 2332 1045 καὶ
2373 995 2657 1062 ἀληθινὸς
2681 1037 2696 1061 ,
2731 998 2799 1064 ὃς
2829 1000 2900 1052 οὐ
2951 999 3239 1068 λαμϐάνει
3270 1005 3356 1068 εὶς
3377 1003 3416 1034 ι’
3452 1003 3760 1072 πρόσωπον,

2234 1083 2377 1138 οὐδὲ
2393 1085 2480 1154 μὴ
2505 1087 2660 1156 λάϐῃ
2685 1087 2896 1158 δῶρον,
2928 1089 3114 1145 ποιῶν
3143 1094 3343 1161 κρίσιν
3368 1093 3522 1164 322
3555 1095 3762 1164 ὀρφονῷ

2235 1175 2333 1229 καὶ
2359 1177 2533 1246 χήρᾳ.
2563 1180 2749 1247 Μέγαν
2781 1181 2837 1234 δὲ
2864 1183 2955 1235 καὶ
2987 1183 3232 1254 ἀληθινὸν
3260 1186 3351 1239 καὶ
3377 1185 3547 1256 κρίσιν
3579 1186 3768 1240 ποιοῦν-

2232 1283 2300 1318 τα
2331 1267 2421 1320 τὸν
2454 1267 2562 1320 τῶν
2585 1269 2628 1300 ³³
2673 1269 2934 1324 Ἰουδαίων
3023 1271 3061 1324 Γ
3065 1273 3210 1344 ραφὴ
3239 1274 3460 1327 εἰποῦσα
3487 1274 3631 1342 Θεὸν,
3657 1275 3768 1338 τοὺς

2234 1357 2421 1422 ἄλλους
2457 1363 2682 1432 μικροὺς
2721 1362 2944 1416 καὶούκ
2984 1363 3265 1436 ἀληθινοὺς
3309 1367 3588 1436 ἐσήμανεν.
3633 1365 3770 1419 Ἀλλὰ

2235 1448 2330 1500 καὶ
2357 1449 2491 1523 ἄλλῃ
2513 1467 2612 1503 που
2637 1450 2782 1520 λέγει
2813 1454 2846 1523 ἡ
2879 1453 3062 1524 Γραφή
3084 1469 3096 1480 ⁸
3121 1451 3211 1506 Ζῶ
3231 1453 3364 1522 ἐγὼ,
3385 1453 3541 1523 λέγει
3559 1455 3769 1523 Κύριος,

2235 1542 2346 1592 οὐκ
2382 1540 2514 1594 ἐστι
2549 1540 2691 1608 Θεὸς
2717 1541 2918 1610 ἕτερος
2955 1542 3120 1611 πλὴν
3142 1542 3307 1612 ἐμοῦ.
3356 1545 3499 1613 Ἐγὼ
3537 1545 3772 1612 πρῶτος,

2234 1629 2349 1698 ἐγὼ
2382 1629 2534 1700 μετὰ
2563 1633 2777 1696 ταῦτα,
2812 1633 2978 1701 πλὴν
3007 1633 3151 1702 ἐμοῦ
3179 1634 3324 1702 Θεὸς
3350 1637 3459 1690 οὐκ
3482 1637 3657 1689 ἔστιν.
3679 1638 3774 1689 Kal
3823 1689 3826 1692 .

1318 1742 1451 1779 unus
1503 1735 1578 1778 est
1629 1725 1673 1777 τ.
1726 1723 1921 1794 Sicque
1970 1724 2128 1778 multa

2237 1719 2426 1774 πάλιν·
2455 1723 2674 1790 Κύριον
2686 1723 2793 1776 τὸν
2827 1725 2972 1776 Θεόν
3003 1739 3118 1778 σου
3148 1725 3482 1794 φοϐηθήσῃ,
3515 1725 3610 1779 καὶ
3637 1727 3778 1792 αὐτῷ
3865 1785 3870 1795 ν

564 1815 876 1869 testimonia
904 1831 1025 1870 cum
1050 1816 1359 1884 jurameuto
1386 1817 1728 1887 consignant,
1765 1815 1932 1870 Deum
1959 1811 2125 1870 unum

2230 1810 2394 1878 μόνῳ
2415 1789 2779 1879 λατρεύσεις.
2805 1813 2914 1866 Kal
2943 1811 3102 1865 πάλιν
3119 1829 3134 1842 ο
3149 1789 3384 1868 nam
3417 1789 3669 1883 Ἰσραὴλ,
3683 1789 3778 1867 κι-

563 1921 683 1960 esse
709 1947 722 1971 ,
758 1917 810 1959 et
843 1917 1036 1975 praeter
1062 1907 1211 1960 illum
1243 1923 1348 1962 non
1373 1924 1493 1962 esse
1529 1907 1722 1961 Deum.
1756 1905 1910 1960 Unde
1935 1907 2124 1970 miror,

559 2012 668 2065 qua
693 1999 1048 2064 ratione,cum
1075 2011 1152 2054 tot
1177 2002 1293 2054 loca
1315 2009 1578 2054 testentur
1607 2017 1772 2055 unum
1790 2016 1909 2054 esse
1936 1999 2126 2064 Deum,

561 2099 618 2141 tu
671 2091 875 2144 multos
908 2107 1029 2147 esse
1058 2092 1312 2146 affirmes.
1779 2099 1788 2108 '

2225 1913 2358 1968 ριος
2371 1905 2404 1955 ό
2423 1902 2566 1968 Θεὸς
2579 1903 2745 1972 ὑμῶν
2765 1904 2809 1934 ¹⁵
2826 1906 3039 1974 Κύριος
3056 1908 3141 1974 εἷς
3159 1908 3351 1962 ἐστίν.
3369 1907 3478 1960 Καὶ
3497 1907 3639 1978 ὁμῶς
3668 1906 3778 1959 πυλ-

2233 1991 2322 2045 λαὶ
2353 1995 2526 2062 φωναὶ
2554 1993 2671 2064 μεθ’
2699 1995 2862 2064 ὅρκου
2895 1997 3401 2069 ἐπισφραγίζουσιν,
3437 1999 3517 2050 ὅτι
3543 1993 3620 2061 εἶς
3648 1997 3777 2050 ἐστὶν

2231 2089 2259 2138 6
2321 2085 2480 2152 Θεὸς,
2535 2089 2628 2141 καὶ
2685 2088 2819 2160 πλὴν
2873 2091 3036 2144 αὐτοῦ
3099 2093 3198 2144 οὐκ
3255 2091 3372 2144 ἐστι
3428 2091 3575 2155 Θεός.
3636 2091 3778 2144 Ὅθεν

563 2181 851 2251 θαυμάζω,
887 2182 1002 2246 πῶς
1045 2183 1310 2237 τοσούτων
1358 2183 1742 2256 μαρτυρουσῶν
1791 2183 1979 2253 φωνῶν
2027 2183 2122 2236 ἕνα
2153 2178 2288 2235 εἷναι
2317 2181 2467 2244 Θεὸν,
2501 2181 2562 2234 σὺ
2596 2179 2818 2243 πολλοὺς
2850 2176 2985 2235 εἶναι
3015 2181 3208 2251 λέγεις.

633 2273 768 2327 VIII.
813 2273 880 2328 Et
921 2271 1154 2329 Simon:
1188 2275 1460 2346 Principio
1515 2292 1577 2331 ea
1625 2277 1762 2332 mihi
1813 2287 1987 2330 tecum
2030 2275 2126 2330 fuit

565 2365 809 2418 conditio
835 2405 850 2429 ,
889 2375 952 2419 ut
982 2379 1046 2419 ex
1083 2365 1380 2435 Scripturis
1408 2368 1786 2422 convincerem
1819 2376 1871 2422 te
1897 2367 2123 2421 menda-

561 2455 653 2520 cii,
677 2456 943 2511 dicentem
970 2473 1312 2527 nequaquam
1335 2459 1533 2514 multos
1555 2459 1738 2513 vocari
1760 2459 1954 2514 debere
1971 2459 2122 2513 deos.

560 2549 828 2614 Quocirca
873 2549 1059 2604 multis
1098 2549 1502 2621 Scripturarum
1533 2551 1758 2606 vocibus
1780 2551 2026 2614 ostendi,
2059 2551 2126 2604 ab

562 2641 694 2711 ipsis
745 2639 1041 2710 Scripturis
1096 2643 1295 2698 divinis
1345 2645 1527 2712 plures
1583 2643 1921 2712 pronuntiari
1970 2644 2122 2696 deos.

564 2731 703 2786 Tum
731 2731 927 2788 Petrus
958 2754 970 2788 :
1011 2733 1144 2803 Ipsae
1163 2776 1178 2800 ,
1209 2751 1329 2805 qua:
1354 2735 1554 2790 multos
1591 2735 1722 2789 deos
1749 2733 2120 2804 pronuntiant,

563 2825 879 2894 Scriptum,
911 2829 1109 2880 eaedem
1139 2827 1438 2881 adhortatu:
1477 2843 1576 2882 nos
1611 2835 1740 2882 sunt
1785 2827 1870 2882 his
1899 2827 2120 2881 verbis:

563 2915 798 2971 Nomina
841 2919 1057 2973 deorum
1105 2919 1337 2972 aliorum
1388 2937 1490 2973 non
1545 2919 1820 2973 ascendent
1869 2920 1923 2971 in
1979 2918 2122 2972 labia

565 3021 657 3064 tua
699 3009 746 3065 ⁸.
805 3011 894 3066 Sic
919 3021 1112 3080 praeter
1139 3013 1213 3076 id,
1239 3011 1383 3081 quod
1411 3001 1680 3082 scriptum.
1701 3021 1804 3076 est,
1839 3025 1945 3064 non
1971 3011 2121 3065 locu-

555 3110 653 3153 tus
689 3115 808 3193 s-um
831 3142 844 3164 ,
877 3099 1100 3193 Simon.»
1121 3101 1185 3154 Et
1213 3101 1398 3193 Simon
1427 3121 1439 3156 :
1469 3103 1606 3156 Audi
1632 3103 1694 3156 ad
1732 3103 1834 3156 hoc
1857 3110 1910 3156 et
1931 3110 1986 3155 tu
2016 3101 2120 3156 Pe-
2149 3137 2190 3193 ο

561 3203 663 3242 tre.
692 3187 924 3244 Peccare
973 3191 1104 3244 mihi
1145 3192 1346 3247 videris
1372 3235 1386 3259 ,
1421 3193 1514 3263 qui
1549 3193 1652 3248 diis
1687 3193 1962 3260 detrahis,
1994 3209 2120 3246 cum

565 3277 844 3348 Scriptura
899 3281 1082 3336 dicat:
1135 3283 1296 3353 (Diis)
1336 3300 1438 3336 non
1476 3284 1750 3348 detrahes,
1801 3284 2122 3352 principibus

560 3373 744 3441 populi
772 3375 850 3425 tui
879 3391 977 3426 non
1024 3373 1302 3428 maledices
1325 3377 1379 3423 δ.
1426 3376 1504 3430 Ac
1534 3375 1724 3430 Petrus
1756 3375 1905 3430 :Non
1937 3391 2120 3446 pecco,

564 3461 778 3526 Simon,
813 3473 1207 3532 consequenter
1236 3465 1531 3533 Scripturis
1557 3465 1909 3535 perditionem
1934 3481 2121 3519 eorum

561 3563 876 3626 prmmtans
908 3573 920 3606 :
955 3555 1026 3607 ita
1072 3555 1218 3608 enim
1254 3557 1514 3624 scriptum
1548 3567 1630 3610 est
1661 3574 1674 3609 :
1714 3555 1796 3608 Dii
1825 3558 1914 3625 qui
1941 3555 2125 3609 coelum

559 3653 612 3698 et
639 3655 831 3698 terram
883 3661 983 3698 non
1030 3645 1292 3714 fecerunt,
1339 3657 1552 3714 pereant
1601 3648 1658 3707 ί.
1713 3657 1875 3716 atque
1918 3647 1997 3700 sic
2036 3647 2126 3700 ille

563 3736 780 3791 locutus
808 3745 920 3800 est,
971 3752 1076 3791 non
1115 3738 1272 3806 qua’si
1312 3738 1532 3807 quidam
1573 3739 1646 3792 dii
1681 3737 1903 3793 fecerint
1932 3753 2027 3800 ea,
2073 3747 2128 3791 et

564 3847 673 3886 non
703 3841 945 3901 pereant,
965 3832 1422 3900 quemadmodum
1455 3832 1841 3900 interpretatus
1865 3847 1944 3885 es.
1973 3829 2125 3886 Unus

563 3924 709 3980 enim
733 3923 1040 3978 declaratur
1083 3923 1309 3978 Creator
1355 3941 1421 3978 eo
1467 3927 1609 3994 quod
1662 3925 1817 3980 initio
1861 3926 2121 3994 scriptum

563 4023 691 4068 est:
724 4011 791 4066 In
837 4013 1097 4082 principio
1127 4015 1320 4066 creavit
1357 4013 1495 4067 Deus
1526 4014 1708 4068 caelum
1752 4025 1800 4068 et
1858 4025 2051 4068 terram
2073 4013 2122 4070 ι.

525 4127 530 4132 ·
562 4100 676 4158 Nec
703 4104 839 4158 dixit
873 4121 886 4156 ε
925 4103 1030 4156 Dii.
1059 4102 1124 4156 Et
1155 4103 1279 4156 alibi
1314 4104 1385 4156 ait
1419 4123 1432 4156 :
1465 4102 1531 4155 Et
1557 4121 1712 4173 opera
1742 4121 1989 4159 manuum
2012 4107 2124 4176 ejus

564 4197 846 4250 annuntiat
873 4195 1262 4264 ﬁrmamentum
1302 4193 1346 4247 ἱ.
1387 4195 1564 4264 Atque
1595 4197 1646 4248 in
1677 4197 1781 4250 alio
1825 4199 1945 4254 loco
1994 4199 2128 4253 scri—

2303 2271 2440 2325 Vlll.
2464 2273 2572 2324 Kal
2595 2272 2624 2324 6
2647 2271 2826 2342 Σίμων
2845 2289 2858 2302 ·
2897 2273 2954 2326 Ὁ
2973 2273 3131 2342 λόγος
3148 2273 3250 2344 τὴν
3272 2275 3446 2345 ἀρχὴν
3467 2269 3532 2345 ἦν
3559 2292 3642 2345 μοι
3661 2271 3781 2344 πρὸς

2233 2365 2311 2426 σὲ,
2331 2365 2437 2417 ἀπὸ
2459 2363 2686 2434 Γραφῶν
2722 2363 2932 2432 ἐλέγξαι
2957 2382 3036 2430 σε,
3059 2366 3140 2418 ὅτι
3169 2365 3346 2439 ψεύδῃ
3364 2365 3538 2434 λέγων
3568 2367 3638 2437 μὴ
3666 2365 3778 2428 mir

2231 2456 2355 2518 λοὺς
2374 2455 2415 2486 ⁸⁵
2433 2455 2540 2508 δεῖν
2561 2454 2886 2523 φθέγγεσθαι
2906 2454 3078 2518 θεούς.
3095 2455 3258 2509 Ὅθεν
3285 2456 3484 2520 πολλὰς
3499 2457 3781 2528 ἐγγράφους

2230 2543 2404 2609 ἔδειξα
2431 2545 2629 2614 φωνὰς,
2651 2547 2732 2598 ὅτι
2763 2546 2920 2599 αὐταὶ
2939 2549 2994 2598 ai
3011 2545 3146 2599 Θεῖαι
3165 2547 3386 2620 Γραφαὶ
3405 2548 3628 2612 πολλοὺς
3645 2548 3784 2618 φθέγ-

2229 2658 2414 2710 γονται
2430 2639 2604 2704 θεούς.
2631 2641 2738 2693 Καὶ
2757 2644 2784 2696 ὁ
2803 2642 3005 2713 Πέτρος
3018 2659 3032 2672 ο
3052 2643 3223 2695 Αὐταὶ
3239 2645 3299 2695 αἱ
3318 2642 3545 2705 πολλοὺς
3569 2640 3780 2711 φθεγγό-

2233 2747 2390 2801 μεναι
2410 2730 2564 2794 θεοὺς
2586 2731 2818 2802 Γραφαὶ,
2847 2731 3008 2784 αὐταὶ
3031 2731 3348 2802 παρῄνεσαν
3369 2735 3499 2803 ἡμῖν
3519 2728 3752 2783 είποῦσαι
3767 2745 3780 2760 ·

2240 2820 2527 2892 Ὀνόματα
2551 2819 2700 2876 θεῶν
2720 2822 3056 2891 ἐτέρωνςοῠκ
3069 2823 3437 2890 ἀναϐήσεται
3451 2823 3548 2876 ἐπὶ
3565 2821 3676 2876 τῶν
3689 2835 3785 2890 χει·

2227 2913 2383 2967 λέων
2414 2928 2548 2967 σου.
2581 2912 2766 2976 Οὕτως
2793 2914 2852 2966 ού
2882 2915 3032 2984 παρὰ
3058 2913 3118 2967 τὸ
3147 2915 3538 2988 γεγραμμένον
3566 2915 3714 2986 ἔφην,
3745 2907 3786 2966 ὦ

2227 3005 2421 3075 Σίμων.
2446 3005 2555 3057 Καὶ
2573 3007 2601 3058 ὁ
2615 3004 2794 3076 Σίμων
2813 3022 2827 3034 ·
2845 3005 3258 3077 Ἀκουσονξπρδς
3279 3007 3414 3061 αὐτὸ
3431 3009 3524 3062 καὶ
3545 3009 3628 3072 σὺ,
3645 3001 3686 3060 ὦ
3702 3003 3788 3058 Πέ-

2225 3111 2338 3165 τρε.
2359 3093 2712 3164 ’Δμαρτάνειν
2733 3111 2820 3164 μοι
2835 3095 3028 3160 δοκεῖς,
3048 3097 3128 3149 ὅτι
3146 3097 3330 3152 αὐτῶν
3347 3099 3685 3170 καταλέγεις,
3701 3097 3790 3169 τῆς

2224 3185 2262 3238 Γ
2267 3184 2445 3256 ραφῆς
2475 3183 2738 3257 λεγούσης
2757 3201 2770 3213 ·
2805 3185 2864 3238 ού
2897 3185 3316 3258 κακολογήσεις,
3351 3189 3448 3242 καὶ
3478 3189 3732 3259 ἄρχοντα,ς
3753 3186 3790 3216 ιι

2223 3273 2320 3326 τοῦ
2363 3273 2490 3326 λαοῦ
2526 3290 2617 3326 σου
2661 3273 2723 3325 οὐ
2773 3273 2956 3338 κακῶς
2999 3275 3162 3345 ἐρεῖς.
3211 3275 3338 3328 Καὶ
3371 3278 3400 3328 6
3431 3277 3664 3348 Πέτρος·
3700 3275 3796 3343 Οὐχ

2225 3367 2537 3438 ἁμαρτάνω,
2573 3367 2770 3438 Σίμων,
2801 3367 3102 3431 ἀκολούθως
3127 3371 3246 3431 ταῖς
3272 3369 3530 3440 Γραφαῖς
3551 3369 3646 3440 τὴν
3665 3363 3798 3420 ἀπώ-

2223 3456 2370 3512 λειαν
2401 3457 2576 3510 αὐτῶν
2609 3459 2995 3529 προσημαίνων
3021 3476 3034 3488 ·
3068 3459 3228 3529 323
3275 3459 3433 3514 οὕτω
3468 3461 3578 3531 γὰρ
3619 3459 3800 3530 γέγρα-

2225 3548 2355 3601 πται
2370 3565 2386 3580 ο
2419 3549 2568 3612 Θεοί,
2598 3547 2655 3601 οἳ
2679 3549 2786 3604 τὸν
2803 3549 3063 3618 οὐρανὸν
3077 3550 3176 3604 καὶ
3201 3546 3327 3614 τὴν
3353 3553 3476 3621 γῆν
3492 3555 3602 3606 οὐκ
3619 3549 3801 3615 ἐποίη-

2227 3656 2348 3694 σαν
2369 3680 2382 3706 ,
2409 3641 2870 3696 ἀπολέσθωσαν·
2903 3642 2997 3695 καὶ
3020 3642 3176 3695 τοῦτο
3207 3643 3389 3698 εἰπὼν
3425 3645 3526 3715 οὐχ
3557 3645 3631 3707 ὼς
3659 3641 3800 3697 ὲνίων

2228 3733 2624 3804 πεποιηκότων,
2644 3733 2738 3786 καὶ
2761 3732 2834 3804 μὴ
2858 3731 3055 3785 ἀπολλυ
3065 3731 3260 3802 μένων,
3278 3734 3366 3798 ὡς
3381 3737 3724 3806 ήρμήνευσας
3740 3732 3796 3784 ¹⁷.

2225 3825 2489 3898 Δηλοῦται
2537 3825 2644 3896 γὰρ
2675 3819 2757 3888 εἷς
2785 3828 2812 3876 6
2845 3823 3156 3896 πεποιηκὼς
3184 3824 3261 3894 τῷ
3315 3827 3578 3897 ἀπαρχῆς
3617 3823 3802 3896 γεγρά-

2229 3918 2356 3987 φθαι
2374 3935 2387 3948 ·
2435 3919 2536 3972 Ἐν
2557 3915 2714 3985 ἀρχῇ
2733 3913 3018 3982 ἐποίησεν
3044 3919 3077 3970 ὀ
3107 3915 3249 3981 Θεὸς
3273 3917 3390 3971 τὸν
3427 3917 3685 3985 οὐρανὸν
3714 3915 3802 3968 καὶ

2227 4010 2340 4078 τὴν
2371 4009 2504 4078 γῆν.
2551 4009 2660 4062 Καὶ
2709 4009 2808 4061 οὐκ
2863 4003 3040 4061 εἶπεν·
3091 4011 3154 4062 Oi
3197 4011 3344 4063 θεοί.
3399 4013 3512 4065 Kal
3543 4010 3676 4082 ἄλλῃ
3707 4023 3801 4062 που

2227 4101 2372 4169 λέγει
2391 4117 2408 4131 ι
2459 4101 2713 4168 Ποίησιν
2762 4098 2830 4151 δὲ
2876 4098 3088 4168 χειρῶν
3119 4100 3306 4154 αὐτοῦ
3359 4102 3718 4172 ἀναγγέλλει
3741 4098 3802 4151 τὸ

2227 4193 2542 4262 στερέωμα.
2575 4193 2685 4245 Kal
2715 4193 2771 4243 ἐν
2805 4191 2972 4262 ἑτέρῳ
2987 4193 3137 4278 ίτόπῳ
3159 4192 3200 4224 ¹⁸
3232 4192 3582 4265 γέγραπται·
3621 4195 3684 4246 0i
3710 4192 3804 4245 οὐ·

564 4299 716 4358 pIum
749 4295 833 4341 est
861 4306 873 4340 :
906 4285 1036 4339 Coeli
1065 4287 1169 4356 ipsi
1195 4286 1463 4355 peribunt,
1501 4296 1557 4339 tu
1604 4297 1774 4340 autem
1802 4291 2126 4354 perntanebis

2230 4284 2398 4353 ραν-οὶ
2430 4283 2600 4337 αὐτοὶ
2629 4283 2994 4336 ἀπολοῦνται
3014 4322 3027 4346 ,
3054 4283 3134 4336 σὺ
3159 4281 3226 4336 δὲ
3253 4283 3567 4354 διαμενεῖς
3597 4287 3683 4350 εὶς
3709 4281 3808 4336 τὸν

565 4377 621 4428 in
639 4383 890 4427 internum
921 4385 980 4426 ω.

2229 4379 2430 4434 αἰῶνα.

639 4486 730 4542 IX.
770 4485 916 4541 Dixit
949 4487 1135 4541 Simon
1169 4507 1183 4544 :
1215 4489 1294 4543 Ad
1329 4490 1430 4544 hoc
1461 4490 1605 4558 quod
1643 4505 1742 4562 ego
1779 4493 1980 4547 multos
2009 4497 2128 4548 esse

2303 4491 2392 4547 IX.
2433 4493 2543 4546 Kal
2575 4493 2603 4544 6
2634 4493 2815 4561 Σίμων
2849 4491 2973 4563 ἔφη·
3003 4491 3145 4562 Πρὸς
3176 4493 3238 4545 τὺ
3273 4493 3378 4564 ἐμὲ
3397 4493 3572 4560 δεῖξαι
3593 4491 3809 4553 πολλοὺς

569 4577 702 4632 deos
719 4575 934 4632 ostendi
961 4593 1025 4632 ex
1053 4577 1370 4648 Scripturis,
1390 4594 1621 4648 quarum
1653 4579 1813 4634 verba
1841 4581 2126 4636 manifesta

570 4668 792 4724 exhibui
822 4709 836 4732 ,
869 4677 927 4722 tu
962 4671 1146 4725 itidem
1180 4673 1260 4725 vel
1293 4673 1447 4741 plura
1498 4673 1809 4726 testimonia
1836 4689 1900 4728 ex
1932 4673 2124 4730 iisdem

576 4759 874 4828 Scripturis
891 4761 1139 4824 attulisti,
1168 4761 1404 4830 probans
1423 4779 1590 4818 unum
1619 4777 1738 4818 esse
1761 4763 1950 4831 Deum,
1973 4781 2128 4820 cum-

571 4867 680 4919 que
727 4849 1058 4904 Iudaeorum.
1103 4849 1168 4904 Et
1214 4850 1280 4904 ad
1317 4851 1368 4904 id
1397 4854 1538 4922 quod
1573 4853 1725 4908 dixi:
1767 4853 1886 4908 Non
1928 4865 2127 4924 oportet

652 4973 678 5001 ιι
719 4961 876 5016 Deut.
913 4977 986 5028 ιν,
1023 4961 1112 5016 39.

649 5031 678 5069 ιι
721 5031 878 5086 Deut.
908 5047 964 5096 x,
991 5031 1078 5087 18.

649 5113 670 5138 α
713 5101 871 5169 lbid.,
915 5103 1001 5156 i7.

645 5171 672 5208 τι
711 5170 865 5226 Deut.
895 5188 978 5239 1v,
1012 5171 1098 5226 59.

637 5247 678 5278 ἐ
722 5241 876 5296 Deut.
905 5259 979 5310 v1,
1010 5243 1094 5296 15.

653 5311 671 5348 τ
715 5311 876 5378 lbid.,
905 5314 958 5366 4.
1425 5374 1480 5420 ξ.

2233 4579 2372 4638 εῖναι
2406 4583 2560 4646 θεοὺς
2586 4582 2691 4636 ἀπὸ
2718 4575 2823 4636 τῶν
2845 4582 3094 4653 Γραφῶν,
3120 4583 3302 4652 φωνὰς
3321 4588 3524 4654 σαφεῖς
3544 4585 3810 4658 παρέστη-

2237 4695 2324 4739 σα,
2361 4675 2422 4728 σὺ
2462 4675 2518 4728 ἃ
2545 4674 2811 4737 τοσαύτας
2833 4673 2924 4744 ¹⁹ἢ
2955 4675 3049 4727 καὶ
3083 4673 3333 4738 πλείονας
3369 4675 3562 4744 φωνὰς
3583 4677 3691 4730 ἀπὸ
3711 4673 3810 4726 τῶν

2236 4767 2413 4822 αὐτῶν
2445 4766 2674 4838 Γραφῶν
2703 4767 2958 4837 ὲνήνοχας
2975 4806 2990 4830 ,
3015 4765 3270 4820 δεικνύων
3291 4767 3376 4820 ὅτι
3410 4762 3495 4832 εἷς
3529 4769 3647 4823 ἐστὶ
3665 4767 3810 4829 Θεὸς,

2239 4863 2331 4914 καὶ
2357 4853 2508 4922 οὗτος
2545 4859 2827 4912 Ἰουδαίων.
2865 4859 2974 4910 Kal
3004 4857 3139 4930 πρὸς
3169 4858 3232 4912 τὸ
3259 4861 3442 4914 εἰπεῖν
3481 4877 3576 4931 με·
3625 4861 3706 4914 Οὐ
3729 4855 3816 4912 δεῖ

2306 4975 2331 5012 ε
2369 4947 2484 5042 tos.
2522 4988 2678 5038 χχιιι,
2705 4971 2757 5042 7,
2787 4971 2926 5042 apud
2957 4969 3118 5026 Lxx.

2305 5043 2332 5080 h
2373 5041 2543 5096 Exod.
2572 5043 2644 5095 22
2663 5084 2676 5102 ,
2706 5041 2794 5095 28.

2314 5110 2486 5166 iJer.
2521 5129 2582 5176 x,
2613 5113 2698 5164 il.

2315 5182 2342 5220 ι
2383 5181 2516 5235 Gen.
2535 5199 2589 5242 κ,
2623 5184 2672 5235 ι.

2323 5249 2338 5289 ι
2379 5249 2522 5304 Psal.
2545 5265 2698 5316 xvtlt,
2733 5247 2788 5309 2.

2314 5331 2352 5358 ιη
2397 5319 2536 5375 Psal.
2565 5336 2616 5375 (ιι
2646 5361 2660 5384 ,
2693 5323 2763 5382 26

1881 5469 2106 5530 VARIAS
2145 5471 2544 5530 LECTIONES.

661 5585 700 5614 ”
729 5583 802 5645 ὣς
829 5583 890 5636 Ο.
971 5585 1011 5614 "
1054 5585 1130 5646 εἰς
1165 5597 1273 5636 om.
1319 5581 1382 5637 Ο.
1467 5583 1508 5616 ¹³
1547 5585 1653 5639 τῶν
1700 5587 1929 5641 accessit
1964 5605 2028 5640 ex
2074 5587 2136 5640 0.

2214 5588 2258 5618 ¹¹’
2289 5581 2553 5656 autiac-

2651 5585 2691 5664 ξ’
2713 5587 2940 5664 young;
2969 5587 3013 5644 Ο
3036 5607 3127 5664 οξ(
3161 5594 3392 5664 οοηίοςι.
3449 5597 3494 5650 Ι)
3526 5641 3542 5664 ,
3593 5597 3732 5652 αὑτά
3753 5595 3812 5664 C.

589 5653 637 5739 1:
660 5654 909 5739 ’ἔρχοντα
1047 5670 1114 5739 ex
1141 5668 1249 5739 quo
1295 5655 1656 5739 ae‘ccssiLscq.
1697 5673 1814 5738 σου.
1895 5659 1933 5688 ¹⁷
1967 5651 2403 5739 spumaque-53.
2439 5655 2581 5738 Tum
2597 5657 2674 5726 τῷ
2707 5655 2763 5739 Ο⁹
2799 5676 2845 5712 c.
2877 5659 2915 5712 S
2945 5701 2958 5720 .
2985 5661 3136 5739 16!).
3173 5651 3412 5719 Subinde
3439 5651 3542 5720 dm‘
3573 5651 3729 5739 ἆρχῇί
3750 5663 3811 5720 Ο.

591 5724 638 5754 ’⁸
660 5723 848 5778 'l‘cxtui
876 5724 1080 5779 reddidi
1113 5725 1260 5796 τόπῳ
1281 5741 1310 5779 a
1329 5725 1386 5780 Cl
1433 5734 1484 5780 et
1514 5725 1551 5779 S
1603 5723 1883 5782 emissum.

1967 5725 2012 5756 m
2044 5725 2286 5797 γραφῶν.
2332 5725 2396 5791 ἃς
2427 5729 2610 5796 caesi:
2631 5725 2959 5798 παρέστησα,
2991 5731 3175 5796 σὺῖὲὰς
3197 5735 3362 5798 αὑτάς
3399 5738 3464 5792 (ὲ.
