4022 6336
259 311 345 366 373
1321 317 1775 373 CLEMENTINA.
1801 351 1866 362 —
1885 321 2166 377 HOMILIA
2207 322 2344 376 XVI.

3364 325 3469 381 3⁸14

257 426 590 494 κακολογεῖν
618 421 819 494 θεοὺς,
872 429 1147 500 ἐπήγαγες
1204 430 1336 500 πρὸς
1383 431 1442 483 τὸ
1487 431 1693 495 δεῖξαι,
1723 433 1803 484 ὅτι

1910 433 2008 486 diis
2041 435 2345 487 maledicere
2373 473 2386 497 ,
2435 434 2763 504 subjunxisti
2789 475 2802 498 ,
2851 445 2903 490 ut
2956 436 3258 495 declarares
3299 457 3468 499 unum

263 517 327 579 είς
375 516 524 570 ἐστὶν
578 522 607 572 6
667 523 1019 596 πεποιηκὼς,
1094 519 1177 570 ὅτι
1211 519 1274 570 οὶ
1302 519 1387 588 μὴ
1419 522 1804 586 πεποιηκότες

253 605 564 662 ἀπολέσθαι
592 606 858 672 ἔχουσι-ι’.
897 607 1038 676 Πρὸς
1070 607 1124 660 δὲ
1158 607 1219 660 τὸ
1265 611 1436 661 εἰπεῖν
1474 627 1541 679 με
1566 649 1580 671 ,
1611 610 1692 661 ὅτι
1724 611 1808 662 δεῖ

254 697 387 759 θεοὺς
409 697 586 764 λέγειν
621 696 752 750 καθὸ
773 697 817 727 ’θ
852 699 944 750 καὶ
986 700 1040 751 αί
1076 699 1113 750 Γ
1119 700 1288 770 ραφαὶ
1322 701 1515 764 αὐτοὺς
1538 700 1803 768 λέγουσιν,

253 789 330 840 καὶ
364 787 502 858 πρὸς
524 787 800 856 ίτούτοιςἭ
826 786 1054 854 ἔδειξας,
1073 791 1153 842 ὅτι
1179 792 1253 861 μὴ
1280 792 1360 844 δεῖ
1379 791 1553 844 αὐτῶν
1573 792 1808 860 ὀνόματα

253 880 591 948 φθέγγεσθαι,
620 879 697 950 τῷ
727 881 824 951 τὴν
859 881 1025 952 αὐτὴν
1046 881 1264 952 Γραφὴν
1284 885 1455 935 εἰπεῖν
1475 883 1539 945 “,
1567 881 1808 952 ὀνόματα

253 971 376 1024 θεῶν
405 972 607 1042 ἑτέρων
650 973 724 1042 μὴ
771 972 1115 1041 φθέγγεσθαι.
1156 974 1306 1026 Ἐπεὶ
1349 969 1440 1026 οὖν
1483 974 1642 1026 αὑταὶ
1663 972 1707 1004 ³³
1751 973 1806 1026 αί

251 1059 450 1131 Γραφαὶ
484 1060 712 1123 πολλοὺς
729 1061 974 1129 λέγουσιν
999 1058 1134 1116 εἶναι
1169 1063 1341 1126 Οεοὶις,
1377 1065 1468 1117 καὶ
1500 1063 1683 1117 ἄλλοτε
1713 1064 1810 1117 ἕνα

253 1152 398 1220 μόνον
431 1147 572 1204 εἶναι
592 1191 607 1214 ,
641 1153 734 1204 καὶ
766 1153 854 1205 ἁτε
891 1154 988 1223 μὲν
1040 1155 1112 1225 μὴ
1150 1141 1597 1223 ’κακολογεῖσθαῃ
1625 1155 1713 1208 ὁτὲ
1751 1154 1808 1207 δὲ

249 1243 652 1311 κακολογεῖσθαι
676 1284 691 1307 ,
717 1244 878 1316 324
907 1246 1041 1316 πρὸς
1070 1245 1228 1298 τοῦτο
1258 1246 1310 1298 τί
1341 1247 1422 1300 δεῖ
1452 1246 1764 1315 λογίσασθαι
1788 1287 1804 1311 ,

248 1332 278 1403 ἢ
307 1334 385 1386 ὅτι
418 1334 580 1387 αὑταὶ
608 1337 756 1406 ἡμᾶς
787 1337 841 1390 αἱ
869 1336 1082 1405 Γραφαὶ
1116 1337 1423 1402 πλανῶσιν;

306 1532 370 1587 Χ.
415 1535 566 1587 Καὶὸ
589 1536 791 1606 Πέτρος
807 1535 928 1608 ἔφη·
945 1537 1017 1590 Οὑ
1039 1539 1329 1606 πλανῶσιν,
1347 1539 1461 1593 ἀλλ’
1475 1539 1806 1609 ἐλέγχουσιν,

247 1623 417 1685 καὶεὶς
433 1626 667 1695 φανερὸν
688 1628 818 1695 ἄγου
828 1645 877 1680 σι
892 1629 988 1699 τὴν
1008 1630 1064 1683 ἐν
1087 1632 1298 1700 ἑκάστῳ
1319 1631 1457 1683 κατὰ
1476 1631 1569 1684 τοῦ
1582 1629 1715 1684 Θεοῦ
1735 1633 1812 1683 ὲν-

243 1714 467 1785 δομυχοῦ
477 1733 576 1768 σαν
593 1718 639 1748 ’⁵
653 1717 800 1771 ὥσπε
807 1737 839 1791 ρ
855 1720 1029 1788 ὄφεως
1044 1723 1218 1792 κακὴν
1235 1723 1573 1794 προαίρεσιν.
1593 1722 1811 1786 Πολλοῖς

1906 542 2026 580 esse
2047 534 2369 588 creatorem,
2389 525 2532 593 quod
2559 526 2647 594 qui
2661 542 2762 578 non
2788 539 3052 594 crearunt,
3074 530 3242 598 perire
3259 530 3469 590 habent.

1907 617 2152 683 Cumque
2183 615 2434 678 dixerim,
2475 617 2834 672 nominandos
2870 634 2989 673 esse
3015 619 3178 685 deos,
3210 623 3470 692 quoniam

1907 717 1960 760 et
1991 705 2286 774 Scriptura:
2316 721 2411 760 eos
2440 706 2760 770 nominant,
2801 707 2965 760 etiam
2997 709 3062 762 ad
3095 709 3209 765 haec
3247 711 3474 765 demon-

1907 799 2086 852 strasti
2116 840 2131 862 ,
2173 813 2277 850 non
2337 809 2590 864 oportere
2639 812 2830 850 eorum
2878 799 3097 853 nomina
3131 800 3373 869 proferre
3409 818 3477 857 eo

1907 891 2052 958 quod
2075 890 2262 944 eadem
2293 886 2572 956 Scriptura
2606 888 2779 952 dicat,
2815 890 3035 942 nomina
3064 890 3291 944 deorum
3337 892 3477 947 alio-

1859 1019 1861 1024 .
1908 994 2028 1031 rum
2077 993 2182 1032 non
2227 993 2347 1032 esse
2394 979 2815 1048 pronuntianda.
2867 978 3318 1050 Quandoquidem
3346 999 3478 1052 ergo

1908 1070 2108 1124 ezedem
2143 1069 2435 1140 Scriptura:
2465 1071 2666 1126 multos
2695 1072 2884 1126 dicunt
2905 1088 3026 1127 esse
3053 1072 3206 1136 deos,
3240 1084 3293 1128 et
3323 1074 3479 1137 alibi,

1910 1176 2079 1214 unum
2109 1162 2283 1214 solum
2316 1177 2457 1227 esse,
2485 1171 2538 1216 et
2569 1162 2883 1231 aliquando,
2918 1163 2985 1218 iis
3015 1179 3123 1217 non
3151 1164 3477 1218 maledicen-

1909 1252 2060 1317 dum,
2121 1252 2412 1320 aliquando
2444 1255 2871 1309 maledicendum
2895 1297 2910 1319 ,
2943 1271 3007 1308 ex
3042 1256 3146 1310 hoc
3188 1256 3316 1324 quid
3348 1272 3478 1310 con-

1909 1343 2127 1398 cludere
2157 1345 2438 1411 debemus,
2457 1346 2559 1400 nisi
2586 1345 2730 1414 quod
2749 1347 2876 1414 ipsa:
2897 1361 2996 1400 nos
3021 1346 3299 1416 decipiunt
3326 1345 3474 1403 Scri-

1912 1443 2083 1503 ptura:
2105 1435 2127 1486 ?

1981 1524 2049 1578 Χ.
2091 1525 2282 1596 Petrus
2306 1528 2583 1595 respondit
2613 1547 2625 1582 :
2657 1525 2773 1582 Non
2817 1527 3093 1597 decipiunt
3118 1570 3132 1592 ,
3165 1531 3255 1584 sed
3286 1531 3476 1584 redar«

1912 1625 2102 1686 guunt,
2135 1633 2197 1672 ac
2229 1618 2281 1671 in
2311 1619 2583 1687 publicum
2607 1619 2887 1688 proferunt
2924 1624 3120 1676 malam
3157 1639 3281 1693 erga
3308 1623 3484 1679 Deum

1914 1709 2265 1775 voluntatem,
2312 1710 2365 1764 in
2423 1726 2752 1781 unoquoque
2813 1713 2985 1768 instar
3042 1717 3309 1785 serpentis
3357 1719 3479 1772 lati-

245 1805 340 1875 γὰρ
370 1807 463 1858 καί
492 1807 773 1878 διαφόροις
804 1809 992 1872 τύποις
1020 1813 1247 1864 ἐοικυῖαι
1281 1812 1610 1883 πρόκεινται.
1646 1811 1809 1863 Ἕκα-

1913 1808 2132 1854 tantem.
2190 1799 2374 1856 Multis
2417 1802 2562 1856 enim
2611 1819 2678 1857 ac
2723 1804 2888 1858 variis
2946 1806 3086 1877 typis
3139 1808 3343 1864 similes
3389 1810 3478 1878 ja-

245 1915 355 1961 στος
385 1895 480 1951 οὖν
510 1900 666 1970 κηρῷ
698 1901 933 1954 ἐοικυῖαν
966 1902 1064 1972 τὴν
1094 1901 1256 1956 αὑτοῦ
1293 1903 1606 1974 προαίρεσιν
1653 1901 1808 1972 έχων,

242 1989 707 2060 περιϐλεψάμενος
737 1994 906 2055 αὐτὰς
937 1994 1030 2046 καὶ
1060 1993 1235 2047 πάντα
1284 1993 1456 2065 εὑρὼν
1499 1994 1557 2046 ἐν
1586 1993 1774 2056 αὑταῖς
1793 2034 1809 2058 ,

239 2085 408 2136 ὁποῖον
435 2084 570 2136 Θεὸν
596 2080 736 2137 εἶναι
761 2083 977 2156 θέλει¹⁸,
1008 2087 1134 2158 τὴν,
1168 2087 1243 2149 ὡς
1274 2086 1409 2157 ἔφην
1429 2128 1443 2153 ,
1490 2084 1645 2156 κηρῷ
1702 2085 1810 2136 ἐοι-

241 2179 386 2227 κυῖαν
422 2176 746 2247 προαίρεσιν
778 2176 1046 2229 ἐπιϐαλὼν
1089 2178 1480 2247 ἀπομάσσεται.
1529 2177 1681 2229 Ἐπεὶ
1719 2171 1811 2228 οὖν

239 2267 394 2319 ὃτι²⁶
428 2267 495 2319 ἂν
524 2266 782 2338 βούληταί
814 2285 895 2330 τις
927 2268 1053 2338 περὶ
1082 2267 1217 2320 Θεοῦ
1248 2270 1495 2338 φρονεῖν,
1532 2267 1589 2318 ὲν
1622 2265 1812 2328 αὑταῖς

240 2358 497 2428 εὑρίσκει,
552 2359 742 2413 τούτου
774 2359 930 2430 χάριν
961 2362 990 2413 6
1034 2361 1130 2430 μὲν
1178 2359 1385 2412 πολλῶν
1418 2358 1554 2412 θεῶν
1609 2359 1750 2422 ἰδέας
1766 2358 1809 2389 ’τ

243 2449 616 2518 ἁπομάσσεται
647 2451 740 2502 ἀπ’
776 2451 952 2504 αὐτῶν
971 2493 985 2516 ,
1021 2451 1114 2503 καὶ
1142 2453 1299 2520 ἡμεῖς
1330 2450 1427 2521 τὴν
1455 2449 1548 2503 τοῦ
1582 2450 1747 2513 ὅντως
1767 2451 1813 2482 ⁸⁸

243 2537 641 2610 ἀπμαξάμεθα
689 2540 830 2594 ἰδέαν
851 2541 917 2605 ’⁸,
947 2543 1010 2593 ἐκ
1051 2541 1149 2611 τῆς
1180 2541 1452 2611 ἡμετέρας
1483 2542 1694 2612 μορφῆς
1721 2541 1811 2594 τὸν

240 2631 408 2701 ἀληθῆ
442 2633 761 2701 ἐπιγνόντες
791 2633 982 2685 τύπον.
1025 2632 1182 2684 Ἀλλὰ
1214 2633 1366 2702 καὶὴ
1420 2631 1628 2684 ἔνδοθεν
1656 2630 1810 2701 ἡμῶν

237 2725 372 2795 ψυχὴ
407 2726 509 2796 τὴν
544 2725 709 2779 αὐτοῦ
751 2725 932 2778 εἰκόνα
980 2725 1116 2796 πρὸς
1157 2723 1448 2777 ἀθανασίαν
1495 2721 1807 2792 ἠμφίεσται.

235 2815 448 2887 Ταύτης
480 2816 576 2869 τὸν
609 2818 905 2887 γεννήτορα
939 2815 1031 2868 ἐὰν
1065 2815 1344 2869 καταλίπω
1367 2855 1381 2877 ,
1409 2815 1593 2884 δικαίᾳ
1635 2814 1812 2885 κρίσει

235 2907 324 2959 καὶ
358 2908 504 2978 αὐτή
549 2924 617 2978 με
644 2905 957 2960 καταλιπεῖν
984 2906 1125 2976 ἔχει,
1163 2905 1309 2976 αὐτῷ
1327 2906 1405 2976 τῷ
1430 2905 1474 2940 ³ο
1508 2903 1811 2977 τολμήματι

237 3001 556 3071 γνωρίσασα
586 3000 791 3064 ἄδικον,
821 2999 912 3052 καὶ
937 2998 1012 3061 ὼς
1037 2998 1144 3051 ἀπὸ
1169 2997 1374 3051 δικαίου
1402 2999 1623 3061 δικαίως
1651 3014 1812 3050 κατα-

234 3091 399 3160 λείψει
437 3109 538 3161 με·
576 3092 670 3145 καὶ
703 3091 875 3154 οὕτως
911 3091 1010 3161 τὴν
1040 3090 1215 3164 ψυχὴν
1255 3091 1390 3162 μετά
1425 3091 1670 3157 κόλασιν,
1713 3091 1812 3162 τῆς

236 3185 324 3237 ἀπ’
346 3183 524 3252 αὐτῆς
551 3181 956 3250 ἀπολειφθεὶςδί
976 3181 1246 3252 βοηθείας,
1273 3183 1636 3253 φθαρήσομαι.
1668 3183 1730 3236 Εἰ
1756 3183 1812 3236 δὲ

236 3274 373 3327 ἐστιν
396 3274 609 3344 ἕτερος,
627 3273 837 3344 πρῶτον
861 3272 1131 3326 ὲνδυσάτω
1154 3274 1341 3345 ἑτέραν
1365 3273 1505 3326 ίδέαν
1531 3273 1598 3338 ³¹,
1622 3273 1812 3344 έτέραν

240 3366 481 3436 μορφὴν,
509 3366 597 3419 ἵνα
627 3365 714 3416 διὰ
739 3357 837 3436 τῆς
859 3366 952 3418 τοῦ
980 3364 1231 3436 σώματος
1263 3366 1452 3437 καινῆς
1487 3365 1700 3436 μορφῆς
1721 3365 1812 3418 τὸν

237 3457 417 3509 καινὸν
453 3455 661 3522 ἐπιγνῶ
685 3455 836 3508 Θεόν.
866 3456 927 3508 Εἰ
953 3455 1010 3508 δὲ
1042 3456 1134 3508 καὶ
1159 3455 1258 3526 τὴν
1285 3456 1496 3527 μορφὴν
1521 3455 1722 3529 ἀλλάξῃ
1745 3455 1809 3520 ³³,

244 3548 312 3617 μή
352 3564 406 3599 τι
434 3545 600 3616 325
636 3549 730 3600 καὶ
767 3547 864 3617 τῆς
894 3547 1069 3618 ψυχῆς
1097 3547 1196 3619 τὴν
1227 3547 1414 3601 οὐσίαν
1439 3566 1453 3614 ;
1480 3549 1543 3601 Εἰ
1570 3549 1626 3601 δὲ
1650 3550 1745 3604 καὶ
1769 3548 1813 3580 ³⁵

239 3638 440 3712 ἀλλάξῃ
456 3682 470 3703 ,
499 3640 601 3692 οὐκ
626 3638 704 3691 ἔτι
731 3638 839 3706 ἐγώ
862 3641 996 3710 είμι,
1023 3639 1180 3702 ἄλλος
1203 3640 1492 3710 γενόμενος
1515 3642 1606 3695 καὶ
1631 3645 1810 3713 μορφῇ

241 3732 334 3784 καὶ
357 3731 538 3800 οὐσίᾳ.
568 3729 790 3792 Ἀλλους
814 3725 904 3782 οὖν
934 3729 1230 3790 πλαττέτω,
1255 3732 1302 3782 εἰ
1329 3729 1485 3793 ἄλλος
1509 3732 1674 3784 ἐστίν.
1699 3732 1813 3784 Οὐκ

245 3820 356 3874 ἔστι
379 3822 454 3874 δέ.
485 3821 550 3874 Εἰ
572 3821 628 3873 δὲ
653 3815 742 3890 ἦν,
776 3819 1005 3873 ἔπλασεν
1030 3819 1113 3873 ἄν.
1155 3821 1308 3874 Ἐπεὶ
1328 3816 1419 3873 οὖν
1441 3822 1540 3874 οὐκ
1563 3821 1809 3886 ἔπλασεν,

246 3909 321 3974 ὡς
349 3912 444 3964 οὐκ
463 3910 540 3964 ὢν
574 3911 664 3963 τὸν
698 3910 826 3963 ὄντα
849 3910 925 3980 τῷ
961 3910 1072 3963 ὄντι
1105 3912 1462 3966 καταλιπέτω.
1499 3913 1685 3976 Οὐδεὶς
1706 3916 1813 3988 γάρ

253 4000 409 4066 ἐστιν,
451 4003 484 4074 ἢ
540 4003 676 4075 μόνῃ
726 4001 916 4074 γνώμῃ
956 4003 1212 4073 Σίμωνος.
1255 4004 1393 4074 Ἐγὼ
1419 4005 1574 4058 ἄλλον
1595 4007 1726 4061 Θεὸν
1751 4010 1812 4062 ού

259 4092 641 4164 παραδέχομαι,
671 4094 808 4165 πλὴν
833 4094 923 4146 τὸν
951 4095 1210 4149 κτίσαντά
1238 4113 1302 4166 με
1333 4096 1506 4167 μόνον.

319 4207 404 4262 XI.
428 4210 538 4263 Καὶ
561 4210 591 4262 6
615 4209 823 4279 Σίμων⁹
861 4211 1014 4264 Ἐπεὶ
1037 4211 1363 4282 πυκνότερόν
1391 4227 1450 4263 σε
1472 4210 1582 4281 ὁρῶ
1606 4211 1697 4264 τὸν
1721 4211 1811 4265 λό-

257 4314 345 4366 γον
367 4301 682 4372 ποιούμενον
707 4301 848 4373 ὑπὲρ
873 4301 967 4355 τοῦ
995 4302 1314 4366 πλάσαντος·
1351 4321 1410 4356 σε
1460 4303 1618 4367 Θεοῦ,
1673 4303 1810 4374 μάθε

253 4392 375 4462 παρ’
404 4393 558 4464 ἐμοῦ,
589 4393 710 4458 πῶς
732 4395 823 4447 καὶ
851 4397 929 4458 είς
952 4395 1112 4447 αὑτὸν
1141 4396 1372 4459 ἀσεϐεῖς.
1401 4397 1465 4448 Οἱ
1511 4395 1812 4460 πλάσαντες

1913 1901 2053 1946 cent.
2096 1890 2486 1964 Unusquisque
2525 1910 2654 1966 ergo
2696 1912 2835 1951 cera:
2884 1900 3220 1954 consimilem
3271 1901 3484 1958 habens

1913 1983 2240 2039 voluntatem
2267 2001 2443 2051 suam,
2506 1987 2634 2041 dum
2667 1986 2977 2058 Scripturas
3004 1993 3314 2059 perlustrat,
3343 2011 3483 2048 cuna

1911 2081 2105 2141 ctaque
2132 2073 2186 2126 in
2214 2074 2320 2128 illis
2352 2075 2575 2141 invenit,
2596 2076 2807 2145 qualem
2833 2076 2998 2132 Deum
3027 2096 3147 2135 esse
3165 2083 3294 2143 vult,
3313 2085 3472 2138 talem

1912 2162 2164 2231 exprimit
2195 2164 2436 2219 immissa
2468 2166 2773 2229 voluntate,
2812 2183 2960 2236 quae,
2995 2180 3052 2223 ut
3080 2171 3227 2237 dixi,
3256 2175 3485 2228 assimi-.

1913 2254 2056 2308 latur
2077 2270 2234 2310 certe.
2260 2255 2398 2322 Quia
2434 2272 2565 2327 ergo
2603 2259 2864 2329 quidquid
2888 2262 3003 2315 vult
3036 2262 3233 2333 aliquis
3263 2265 3328 2319 de
3367 2263 3488 2319 Deo

1914 2350 2132 2410 sentire,
2180 2347 2234 2401 in
2280 2347 2573 2418 Scripturis
2617 2351 2878 2417 offendit,
2909 2369 2972 2408 ea
3028 2357 3196 2424 gratia
3235 2357 3322 2410 ille
3355 2358 3486 2427 qui-.

1913 2437 2033 2490 dem
2070 2438 2364 2492 multorum
2405 2439 2626 2493 deorum
2657 2441 2920 2510 imagines
2964 2460 3029 2498 ex
3065 2446 3131 2500 iis
3156 2445 3390 2517 eﬂingit,
3422 2459 3479 2503 at

1913 2544 2012 2584 nos
2043 2528 2134 2583 Dei
2173 2530 2284 2584 veri
2315 2532 2547 2599 speciem
2579 2535 2968 2602 expressimus,
3000 2554 3062 2591 ex
3087 2548 3269 2593 nostra
3305 2539 3491 2595 forma.

1911 2635 2098 2673 verum
2137 2631 2493 2690 agnoscentes
2539 2625 2838 2693 exemplar.
2889 2627 2990 2681 Sed
3022 2639 3075 2683 et
3111 2631 3266 2686 nobis
3316 2632 3491 2687 insita-

1913 2712 2091 2764 anima
2124 2712 2269 2766 illius
2298 2712 2532 2784 imagine
2561 2715 2627 2769 ad
2669 2717 3128 2774 immortalitatem
3157 2721 3341 2776 induta
3373 2734 3475 2780 est.

1913 2803 2044 2872 Ejus
2073 2815 2348 2874 parentem
2381 2807 2426 2861 si
2457 2808 2735 2879 relinquo,
2758 2810 2907 2880 justo
2938 2812 3137 2880 judicio
3171 2829 3232 2868 ea
3262 2831 3488 2885 quoque.

1913 2912 2000 2952 me
2032 2897 2342 2967 relinquet,
2368 2899 2486 2968 ipso
2521 2899 2761 2958 facinore
2791 2903 3036 2962 indicans
3065 2906 3327 2974 injustum
3348 2949 3364 2973 ,
3401 2918 3474 2971 et.

1913 2998 1973 3043 ut
1994 3003 2114 3058 quae
2137 2989 2319 3044 veniat
2347 3004 2375 3043 a
2401 2989 2574 3058 justo,
2595 2990 2741 3060 juste
2771 3008 2856 3048 me
2885 2993 3118 3060 deseret,
3147 2997 3334 3065 sicque
3360 2997 3479 3052 ani-

1914 3095 2058 3134 mam
2091 3089 2213 3150 post
2236 3081 2572 3150 punitionem
2603 3083 2846 3152 perdam,
2873 3085 3157 3140 deliciente
3181 3088 3385 3143 auxilio
3409 3089 3488 3146 ab.

1913 3188 1974 3226 ea
2017 3181 2154 3227 orto.
2202 3170 2259 3225 Si
2304 3180 2482 3227 autem
2515 3182 2599 3228 est
2632 3174 2771 3230 alius
2816 3174 3001 3242 Deus,
3045 3177 3280 3251 primum
3315 3169 3495 3237 aliam

1911 3267 2146 3335 speciem
2179 3264 2396 3327 induat,
2442 3264 2603 3319 aliam
2634 3265 2887 3333 formam,
2907 3278 3075 3339 utper
3098 3273 3343 3341 corporis
3376 3289 3487 3326 no-.

1911 3373 2030 3411 vam
2053 3359 2280 3428 tiguram
2300 3372 2496 3412 novum
2516 3373 2804 3429 agnoscant
2821 3360 3126 3418 Deum.Sed
3141 3373 3194 3416 et
3214 3363 3260 3418 si
3285 3365 3474 3434 ﬁguris

1911 3448 2136 3520 ﬁguram
2153 3458 2346 3515 mutet,
2362 3452 2606 3522 nunquid
2631 3461 2684 3506 et
2707 3453 2902 3507 animae
2923 3455 3309 3509 substantiam?
3323 3455 3496 3522 Quod.-

1912 3541 1957 3595 si
1982 3555 2100 3594 eam
2129 3555 2346 3610 quoque
2371 3542 2680 3607 mutaverit,
2707 3558 2813 3597 non
2839 3545 3072 3614 amplius
3100 3561 3199 3616 ego
3228 3549 3480 3618 sum,qui

1912 3631 2050 3685 alius
2073 3629 2247 3686 factus
2270 3629 2347 3684 fui
2369 3639 2481 3685 tum
2507 3631 2820 3701 ﬁgura,tum
2846 3634 3324 3691 substantia.Alios
3354 3653 3495 3704 ergo

1911 3733 2076 3789 creet,
2094 3722 2137 3777 si
2152 3723 2292 3778 alius
2306 3732 2406 3778 est.
2421 3721 2594 3778 Porro
2607 3733 2825 3779 nonest.
2843 3724 2899 3778 Si
2913 3726 3055 3784 enim
3072 3737 3490 3789 esset,creasset

1913 3816 2120 3884 utique.
2146 3813 2283 3870 Cum
2314 3827 2443 3884 ergo
2473 3829 2581 3868 non
2611 3816 2910 3879 creaverit,
2948 3825 3206 3887 tanquam
3239 3820 3331 3889 qui
3370 3834 3478 3873 non

1911 3904 2115 3971 existit,
2141 3919 2326 3958 revera
2350 3904 2673 3958 existentem
2709 3907 2961 3962 existenti
2987 3909 3269 3978 relinquat.
3288 3910 3480 3966 Nullus

1913 3997 2110 4068 quippe
2150 4005 2256 4063 est,
2291 3997 2397 4052 nisi
2440 3997 2553 4051 sola
2587 3995 2828 4052 Simonis
2861 4000 3138 4069 Opinione.
3167 4001 3280 4073 Ego
3312 4002 3477 4058 alium

1913 4087 2081 4144 Deum
2102 4104 2208 4143 non
2227 4089 2649 4160 recipio,prmter
2665 4106 2788 4145 eum
2809 4093 2984 4147 solum
3002 4094 3092 4164 qui
3113 4111 3197 4150 me
3212 4097 3475 4152 condidit.

1983 4202 2070 4258 XI.
2089 4203 2224 4258 Tum
2258 4204 2476 4260 Simon:
2503 4205 2640 4272 Quia
2658 4208 2811 4263 video
2839 4216 2888 4262 te
2913 4208 3245 4277 frequentius
3273 4201 3480 4268 sermo?

1913 4309 2035 4348 nem
2070 4292 2248 4348 facere
2278 4295 2346 4350 de
2378 4295 2488 4352 Deo
2511 4297 2603 4367 qui
2637 4308 2684 4352 te
2707 4297 2932 4360 creavit,
2950 4298 3100 4352 disce
3123 4314 3153 4352 a
3183 4315 3267 4354 me
3288 4316 3480 4370 quem-

1916 4387 2213 4441 admodum
2240 4389 2294 4442 in
2323 4387 2500 4458 ipsum
2531 4388 2692 4442 etiam
2724 4389 2923 4458 impius
2950 4389 3046 4444 sis.
3083 4390 3318 4460 Apparet
3341 4393 3479 4448 duos

255 4482 342 4538 δύο
364 4488 659 4555 φαίνονται,
687 4488 764 4549 ὼς
787 4489 819 4558 ἡ
849 4487 1036 4558 Γραφὴ
1064 4487 1237 4553 λέγει’
1266 4488 1376 4540 καὶ
1395 4487 1562 4540 εἶπεν
1590 4490 1622 4541 δ
1648 4488 1806 4553 θεός

1916 4495 2037 4534 esse
2073 4488 2370 4545 creatores,
2402 4481 2544 4535 sicut
2579 4482 2656 4535 ait
2684 4479 3001 4550 Scriptura:
3037 4482 3101 4536 Et
3135 4485 3270 4538 dixit
3295 4484 3434 4538 Deus
3457 4501 3478 4542 :

254 4576 587 4647 Ποιήσωμεν
632 4577 940 4645 ἄνθρωπον
985 4578 1109 4631 κατ’
1140 4579 1340 4631 εἰκόνα
1381 4578 1670 4647 ἡμετέραν
1714 4580 1812 4632 καὶ

251 4669 373 4721 καθ’
399 4671 681 4739 ὁμοίωσιν
712 4669 776 4721 ³⁸.
826 4669 899 4721 Τὸ
923 4667 1263 4738 ποιήσωμεν
1298 4669 1390 4722 δύο
1440 4670 1727 4740 σημαίνει,
1775 4671 1807 4741 ἢ

250 4759 510 4827 πλείονας,
531 4761 674 4831 πλὴν
693 4762 791 4831 οὐχ
815 4760 930 4814 ἕνα.

318 4871 430 4928 ΧΠ.
455 4876 562 4928 Καὶ
587 4876 618 4927 6
645 4875 849 4946 Πέτρος
864 4875 1219 4945 ἀπεκρίνατοο
1250 4865 1348 4936 Εἷς
1369 4874 1514 4927 ἐστὶν
1539 4876 1568 4927 6
1607 4875 1672 4944 τῇ
1707 4873 1804 4925 αύο

245 4961 342 5015 τοῦ
372 4965 523 5037 σοφίᾳ
543 4963 739 5017 εἰπών·
770 4963 1117 5032 Ποιήσωμεν
1162 4963 1491 5032 ἄνθρωπον.
1533 4963 1596 5016 Ἡ
1633 4963 1688 5014 δὲ
1718 4979 1804 5015 σο-

220 5147 230 5168 ὶ
319 5090 343 5117 ⁸
381 5078 512 5135 Gen.
543 5096 582 5144 ι,
620 5078 712 5133 26.

1919 4569 2206 4625 Faciamus
2230 4573 2488 4627 hominem
2511 4573 2581 4625 ad
2603 4584 2839 4628 nostram
2889 4575 3172 4643 imaginem
3201 4586 3248 4630 et
3287 4577 3481 4630 simili-

1918 4664 2148 4720 tudinem
2183 4677 2230 4719 α.
2264 4663 2552 4720 Faciamus
2607 4665 2744 4720 duos
2797 4665 3095 4736 signiﬁcat,
3130 4676 3223 4721 aut
3273 4669 3476 4737 plures,

1914 4768 2058 4814 certe
2088 4775 2194 4815 non
2227 4775 2417 4814 unum.

1983 4874 2096 4930 ΧΠ.
2137 4875 2202 4929 Et
2223 4875 2416 4930 Petrus
2441 4877 2751 4945 respondit:
2783 4874 2938 4930 Unus
2959 4885 3060 4939 est,
3083 4877 3174 4944 qui
3200 4877 3479 4946 sapientiae

1913 4983 2027 5023 sua:
2049 4970 2218 5023 dixit:
2247 4967 2533 5022 Faciamus
2555 4970 2837 5024 hominem.
2866 4968 3001 5022 Huic
3025 4985 3151 5023 vero
3180 4970 3484 5038 sapientiae,

1543 5257 1776 5312 VARle
1813 5256 2212 5313 LECTIONES.

328 5393 369 5424 ’°
387 5393 532 5448 καθ“ὄ
560 5394 623 5449 C.
667 5395 711 5425 ¹¹
751 5393 908 5448 τοῦτο
937 5371 1001 5448 0:
1021 5393 1156 5463 Tum
1189 5395 1268 5448 δεῖ
1292 5393 1436 5462 conj.
1468 5393 1507 5444 (ἶ
1539 5435 1552 5459 ,
1585 5395 1676 5463 qui
1705 5394 1757 5448 in
1781 5403 1930 5449 textu
1961 5395 2069 5448 δεῖν
2096 5407 2152 5450 ιιι
2175 5395 2238 5452 0.
2282 5397 2324 5427 ²²
2356 5397 2527 5450 εἰπεῖν
2550 5411 2659 5452 om.
2697 5396 2762 5452 0.
2832 5397 2875 5427 "
2905 5397 2943 5450 C
2997 5397 3153 5451 vertit
3189 5395 3342 5460 quasi
3371 5394 3472 5460 legi

242 5462 469 5518 voluerit
499 5467 554 5518 αἱ
587 5465 752 5518 αὐταί
785 5463 845 5519 S.
924 5465 970 5496 ⁸⁸
1000 5463 1073 5518 Ita
1106 5462 1150 5518 Ο
1205 5480 1252 5519 c.
1278 5464 1337 5519 Cl
1368 5505 1383 5529 ,
1408 5462 1822 5534 ένδομοιχοῦσαν
1853 5465 1914 5519 C.
1943 5465 2062 5518 Vid.
2083 5465 2236 5520 Hom.
2282 5477 2358 5531 XI,
2391 5467 2423 5521 6
2452 5477 2506 5521 et
2542 5469 2626 5523 11.

242 5530 371 5566 (lacn
464 5537 550 5566 sua.
573 5553 632 5566 ...-
656 5534 702 5566 n
757 5534 1016 5566 nutu..an
1051 5535 1165 5566 nam
1179 5551 1287 5566 ηρ...
1327 5533 1365 5566 ι’
1469 5534 1512 5564 ιτ
1546 5534 1718 5566 em...
1747 5535 1786 5566 ιτ
1885 5535 1929 5566 ιιι
1945 5534 2094 5566 tt..-”
2118 5536 2156 5566 Γ
2257 5537 2300 5566 so
2330 5537 2499 5566 -121-..
2526 5538 2564 5566 ι·

239 5530 391 5586 dese.
464 5537 551 5589 "6
573 5553 633 5588 τε
656 5534 722 5589 0.
757 5534 1019 5604 Deinceps
1031 5535 1292 5657 foﬁletat
1327 5533 1388 5586 C.
1469 5534 1512 5564 ’⁷
1533 5530 1718 5598 ἐίδέας
1747 5535 1806 5589 C.
1885 5535 1929 5566 ’⁸
1945 5534 2094 5598 ὄντος
2118 5536 2176 5588 (ἒ.
2257 5537 2300 5567 ¹⁹
2329 5537 2499 5591 εἰδέαν
2525 5538 2587 5593 C.
2659 5538 2701 5570 ³ο
2718 5538 2794 5608 τῷ
2825 5530 3024 5592 inserui
3047 5553 3092 5590 (ι.
3124 5534 3186 5589 0.
3268 5535 3309 5566 ³⁸
3340 5535 3475 5587 ἀπο-

239 5599 476 5674 ἳειφθείς
521 5606 851 5674 conjectavit
895 5605 935 5658 C
985 5647 998 5668 ,
1071 5603 1452 5674 πολειφθείσης
1495 5603 1658 5674 fidem
1727 5604 1780 5656 in
1807 5613 1976 5674 textu,
2021 5617 2077 5659 ut
2125 5605 2187 5660 0.
2267 5608 2311 5640 ³⁸
2349 5607 2525 5661 είδέαν
2554 5609 2612 5663 C.
2663 5608 2863 5663 Deinde
2902 5607 3021 5659 dedi
3051 5607 3133 5658 ἵνα
3174 5633 3243 5674 -τ
3271 5607 3476 5674 ἐπιγνῳ

237 5599 476 5676 ἳειςρθεῖς
521 5606 851 5676 conjectavit
895 5599 998 5668 ϐ’,

2706 5469 2750 5500 ³⁸
2779 5468 2924 5535 λέγει
2970 5467 3028 5520 Cl
3095 5476 3150 5535 et
3199 5465 3236 5517 S
3269 5505 3280 5525 ,
3314 5480 3474 5517 men-

2257 5537 2300 5567 "
2329 5537 2499 5591 εἰδέαν
2525 5538 2587 5593 C.
2659 5538 2701 5570 ³ο
2718 5538 2794 5591 τῶ
2825 5534 3024 5592 inserui
3047 5553 3092 5590 (ι.
3124 5534 3186 5589 0.
3268 5535 3309 5566 ³⁸
3340 5535 3475 5587 ἀπο-

237 5685 269 5722 c
318 5672 363 5727 0
390 5672 646 5750 ἐπιγνῶν
680 5677 756 5750 C_;
804 5685 1005 5750 rectum
1026 5676 1136 5750 jam
1171 5673 1301 5750 vidit
1329 5672 1418 5750 S.‘
1465 5673 1508 5709 ⁸³
1544 5673 1758 5750 ἀλλάξει
1794 5672 1887 5750 0._
1930 5676 1976 5732 P‘
2017 5676 2209 5732 Deessc
2247 5680 2453 5734 videtur
2497 5679 2696 5750 ταύτην
2728 5686 2849 5749 post.
2883 5677 2926 5729 ςξ
2959 5675 3015 5731 δὲ
3054 5676 3163 5732 καί.
3197 5672 3254 5729 S.
3290 5672 3470 5730 οὐκέτι

238 5755 344 5797 scr.
382 5743 445 5800 Ο.
525 5747 572 5779 ³⁵
622 5747 740 5800 κατ’
783 5744 961 5799 εἰκόνα
999 5747 1089 5798 καὶ
1121 5743 1238 5798 καθ’
1262 5744 1516 5815 ὁμοίωσιν
1544 5744 1816 5814 ἡμετέραν
1848 5745 1906 5799 C.
