4022 6336
257 331 361 388 58!
1343 333 1800 391 CLEMENTINA.
1828 334 2191 391 —HOMILIA
2230 335 2364 392 XVI.
3377 338 3483 395 582

261 453 396 524 πῦρ,
427 453 508 510 Evt
532 453 678 526 λόγῳ
704 455 794 508 καὶ
817 453 886 507 τὰ
906 453 1064 507 λοιπὰ
1099 452 1292 518 πάντα,
1321 451 1357 506 ἀ
1381 470 1498 506 τινα
1529 453 1606 515 εἰς
1625 452 1821 523 ὑπηρε-

1931 461 2014 506 est
2042 452 2264 519 servire,
2310 460 2530 522 propter
2583 452 2835 509 Numinis
2883 454 3140 529 formam.
3172 456 3306 514 Nam
3344 460 3486 516 sicut

261 545 384 597 σίαν
411 545 702 617 ἀνθρώπου
727 546 990 617 γενόμενα
1020 545 1112 598 καί⁵
1165 549 1280 598 κατ’
1314 544 1498 597 οὐσίαν
1544 543 1821 616 κρείττονα

1930 545 2022 614 qui
2047 544 2246 599 luteam
2273 545 2610 614 imperatoris
2639 554 2874 601 statuam
2905 548 3191 616 honorant,
3219 551 3483 606 honorem

257 636 389 688 ὂντα
414 636 588 707 ἡδέως
612 637 870 708 ὑπομένει
909 636 1174 689 δουλεύειν
1217 636 1293 708 τῷ
1335 638 1452 690 κατ’
1498 635 1682 688 οὐσίαν
1718 635 1821 706 χεί-

1933 637 2161 690 relatum
2195 636 2397 691 habent
2426 636 2478 689 in
2512 637 2914 706 imperatorem,
2957 642 3113 710 cujus
3144 642 3316 696 lutum
3348 641 3486 713 ﬁgu-

256 745 401 798 ρονι.
448 729 539 782 διὰ
585 731 683 802 τὴν
708 730 802 782 τοῦ
835 725 1151 803 Κρείττονος
1203 730 1432 801 μορφήν.
1482 729 1570 792 Ὦς
1622 727 1729 800 γὰρ
1777 729 1821 780 οε

1933 748 2050 786 ram
2081 741 2449 802 repraesentat,
2477 733 2557 787 sic
2589 732 2840 788 universa
2885 744 3131 789 creatura
3167 737 3372 791 homini
3417 738 3485 792 de

256 820 482 891 πήλινον
509 823 555 854 ⁷⁸
584 822 874 894 ἀνδριάντα
926 821 1186 892 βασιλέως
1229 821 1494 891 τιμῶντες
1543 824 1638 892 τὴν
1664 823 1827 894 τιμὴν

1936 835 2076 880 terra
2104 834 2224 879 orto
2255 835 2370 880 laeta
2398 827 2638 889 inservit,
2664 826 2728 879 ad
2761 825 2853 880 Dei
2880 826 3140 881 honorem
3161 830 3477 900 respiciens.

251 910 674 983 ἀναφερομένην
702 912 913 982 ἔχουσιν
939 914 1018 975 είς
1041 914 1264 978 ἐκεῖνον,
1289 907 1459 984 οὗπερ
1482 913 1510 963 ὁ
1535 913 1704 983 πηλὸς
1727 916 1824 986 τὴν
1859 920 2068 990 μορφὴν
2091 919 2347 988 τυγχάνει
2377 917 2512 988 ἔχων
2535 961 2549 983 ,
2598 917 2738 972 οὕτω
2792 921 2836 951 ⁷³
2882 919 2976 972 καὶ
3022 921 3056 990 ἡ
3111 923 3254 974 πᾶσα
3306 921 3483 985 κτίσις

249 1002 336 1073 τῷ
394 1003 502 1055 ἀπὸ
551 1003 652 1074 γῆς
684 1004 955 1074 γενομένῳ
1000 1003 1270 1075 ἀνθρώπῳ
1310 1003 1570 1076 χαίρουσα
1601 1006 1856 1076 δουλεύει,
1894 1012 1975 1075 είς
1999 1012 2098 1082 τὴν
2123 1012 2330 1065 ἐκείνου
2358 1011 2615 1082 ἀφορῶσα
2642 1012 2822 1082 τιμήν.

329 1097 486 1168 331
530 1096 651 1152 XX.
696 1098 791 1151 Ἱδὲ
848 1098 914 1164 ⁷⁸,
956 1099 1053 1168 οἴῳ
1096 1097 1235 1168 Θεῷ,
1261 1099 1461 1169 Σίμων,
1518 1100 1827 1171 ἀχαριστεῖν

250 1192 407 1261 ἡμᾶς
452 1195 636 1245 πεῖσαι
670 1191 870 1255 θέλεις·
919 1192 1012 1244 καὶ
1035 1191 1290 1261 βαστάζει
1331 1208 1390 1244 σε
1423 1192 1573 1263 ήγῆ,
1604 1192 1731 1257 ἴσως
1769 1194 1826 1247 δὲ

257 1285 388 1337 ἰδεῖν
413 1285 462 1315 ⁷⁸
489 1283 806 1356 βουλομένη,
855 1285 938 1348 τίς
965 1303 1046 1338 σοι
1069 1285 1137 1338 τὰ
1183 1285 1341 1356 ὃμοια
1385 1289 1600 1356 φρονεῖν
1623 1287 1825 1358 τολμή-

254 1392 341 1428 om
367 1376 435 1428 ⁷⁵.
465 1375 691 1447 Πρῶτος
732 1376 839 1448 γὰρ
868 1375 1027 1439 αὐτὸς
1067 1376 1384 1446 ἐτόλμησας,
1410 1376 1438 1428 ὃ
1465 1377 1647 1448 μηδεὶς
1679 1379 1826 1431 ἐτόλ-

256 1485 450 1541 μησεν⁴
505 1468 720 1540 πρῶτος
772 1468 1053 1539 ἐφθέγξω,
1109 1468 1144 1522 ἃ
1199 1468 1428 1540 πρώτως
1492 1471 1822 1541 ἠκούσαμεν.

252 1560 471 1631 Πρῶτοι
522 1562 616 1613 καὶ
653 1561 800 1631 μόνοι
826 1563 986 1631 ἡμεῖς
1027 1560 1117 1612 ἐπὶ
1139 1563 1204 1631 τῇ
1245 1561 1291 1592 ⁷⁸
1338 1560 1558 1632 τοιαύτῃ
1585 1577 1676 1614 σου
1699 1563 1827 1615 ἀσε-

252 1652 370 1724 ϐείᾳ
399 1654 501 1723 τὴν
526 1653 749 1723 ἄπειρον
795 1653 886 1706 τοῦ
934 1653 1066 1706 Θεοῦ
1111 1652 1486 1724 μακροθυμίαν
1537 1655 1823 1725 ἱστορήσα-

1997 1104 2115 1159 ΧΧ.
2164 1105 2319 1170 Vide,
2351 1105 2562 1170 Simon,
2602 1105 2747 1174 quali
2787 1104 2896 1158 Deo
2954 1113 3015 1158 ut
3061 1103 3233 1159 simus
3283 1103 3483 1174 ingrati

1927 1197 2256 1266 persuadere
2289 1198 2444 1266 cupis
2471 1215 2485 1251 :
2511 1206 2564 1252 et
2587 1207 2725 1251 terra
2758 1204 2933 1266 portat
2960 1203 3032 1258 te,
3057 1195 3309 1250 fortassis
3341 1196 3482 1250 scire

1928 1289 2136 1356 volens,
2163 1289 2288 1358 quis
2343 1289 2540 1344 similia
2570 1304 2635 1343 ac
2681 1298 2736 1342 tu
2790 1288 2989 1342 sentire
3022 1288 3235 1341 audeat.
3268 1286 3482 1341 Primus

1929 1381 2073 1435 enim
2112 1397 2280 1434 ausus
2308 1396 2386 1444 es,
2419 1380 2562 1449 quod
2618 1380 2799 1434 nullus
2849 1379 2901 1433 in
2936 1379 3178 1432 animum
3228 1379 3478 1432 induxit:

1929 1473 2139 1541 primus
2188 1471 2401 1526 locutus
2455 1487 2514 1525 es
2561 1486 2643 1537 ea,
2697 1485 2816 1540 qua:
2866 1469 3100 1539 primum
3150 1470 3476 1524 audivimus.

1927 1562 2096 1618 Primi
2132 1580 2193 1619 ac
2223 1565 2322 1618 soli
2376 1579 2474 1618 nos
2520 1579 2682 1632 super
2733 1572 2880 1617 tanta
2931 1573 3018 1617 tua
3061 1564 3334 1633 impietate
3376 1565 3480 1616 im-

1927 1672 2168 1711 mensam
2195 1656 2288 1711 Dei
2315 1656 2629 1726 patientiam
2684 1657 3056 1727 cognovimus,
3104 1671 3203 1711 nec
3251 1655 3479 1710 alterius

257 1761 375 1814 μεν,
395 1747 493 1798 καὶ
527 1746 627 1798 οὐκ
655 1745 812 1799 ἄλλου
827 1744 988 1808 τινὸς,
1017 1745 1048 1816 ἦ
1074 1744 1164 1798 τοῦ
1186 1744 1467 1808 κτίσαντος
1486 1745 1576 1798 τὸν
1600 1745 1819 1816 κόσμον,

1926 1749 2251 1818 cuiuspiam,
2301 1764 2462 1818 quam
2514 1748 2659 1802 illius
2703 1751 2796 1817 qui
2842 1749 3100 1803 mundum
3150 1748 3385 1811 creavit,
3423 1748 3478 1802 in

254 1837 332 1898 εἰς
356 1837 416 1888 ὃν
479 1829 696 1889 ἀσεϐεῖν
745 1836 1066 1906 ἐτόλμησας.
1127 1838 1237 1890 Καὶ
1289 1837 1540 1908 χάσματα
1591 1840 1693 1909 γῆς
1724 1841 1822 1893 οὐκ

253 1930 527 2002 ἐγενηθη,
585 1929 678 1982 καὶ
735 1928 846 2000 πῦρ
907 1929 1000 1980 ἀπ’
1044 1929 1271 2000 ούρανοῦ
1323 1931 1382 1983 οὐ
1432 1929 1819 2000 κατεπέμφθη,

254 2024 345 2075 καὶ
370 2025 454 2086 εἰς
478 2021 809 2094 ἐμπρησμὸν
854 2020 1060 2090 ἀνδρῶν
1084 2022 1185 2073 ούκ
1217 2020 1526 2093 ἐπεξῆλθεν,
1554 2023 1644 2076 καὶ
1671 2021 1822 2083 ὑετὸς

253 2116 348 2167 οὐκ
374 2113 649 2185 ἐπεσχέθη
699 2114 776 2176 ⁷⁷,
813 2112 907 2166 καὶ
959 2111 1142 2183 θηρῶν
1173 2112 1390 2182 ’πλῆθος
1446 2113 1554 2166 ἀπὸ
1604 2110 1821 2182 δρυμῶν

253 2206 349 2258 οὒκ
381 2205 662 2277 ἐπέμφθη,
697 2205 791 2257 καὶ
824 2205 908 2255 ἐπ’
946 2204 1142 2266 αὐτοὺς
1196 2205 1342 2274 ἡμᾶς
1403 2205 1491 2258 διὰ
1521 2206 1614 2258 ἕνα
1642 2206 1821 2276 ἁμαρ-

255 2299 481 2352 τάνοντα
530 2297 608 2360 ὡς
658 2298 752 2350 ἐπὶ
800 2296 1043 2366 μοιχείας
1090 2297 1484 2366 πνευματικῆς,
1528 2299 1625 2369 τῆς
1684 2298 1821 2350 κατὰ

261 2392 438 2462 σάρκα
461 2392 702 2462 χείρονος
739 2389 786 2419 ⁷⁸
811 2389 1179 2461 ὑπαρχούσης,
1205 2393 1236 2461 ἡ
1263 2390 1397 2443 Θεοῦ
1424 2391 1560 2461 ὀργὴ
1587 2391 1821 2462 ὀλέθριος

256 2483 360 2536 οὐκ
389 2482 603 2554 ἤρξατο.
650 2482 724 2533 Οὐ
770 2482 875 2552 γάρ
906 2482 1050 2533 ἐστιν
1097 2483 1125 2533 ὁ
1161 2483 1206 2516 ⁷³
1239 2482 1358 2534 τότε
1411 2481 1708 2548 ἐπεξελθὼν
1754 2481 1822 2536 τὰ

258 2576 627 2647 ἁμαρτήματα
669 2574 894 2645 ούρανοῦ
921 2574 1015 2627 καὶ
1041 2575 1143 2644 γῆς
1171 2573 1396 2645 κτίστης
1437 2575 1598 2640 Θεός;
1667 2575 1821 2628 Ἐπεὶ

249 2669 348 2720 καὶ
411 2666 508 2721 νῦν
537 2665 608 2720 τὰ
661 2666 891 2737 μέγιστα
942 2665 1424 2736 βλασφημούμενος
1475 2667 1544 2720 τὰ
1594 2667 1822 2737 μέγιστα

253 2760 610 2830 ὲπεξήρχετο.
653 2758 810 2810 Ἀλλὰ
853 2756 1157 2809 τούναντίον
1187 2758 1546 2828 μακροθυμεῖ,
1595 2759 1674 2820 εἰς
1728 2775 1823 2829 με-

248 2853 470 2904 τάνοιαν
516 2851 691 2916 καλεῖ,
743 2849 1094 2902 συντελοῦντα
1154 2847 1280 2918 βέλη
1333 2849 1470 2918 πρὸς
1517 2849 1820 2902 συντέλειαν

251 2945 357 2996 τῶν
396 2944 611 2997 ἀσεϐῶν
652 2945 710 2995 ὲν
740 2945 852 3005 τοῖς
884 2929 1176 3013 θησαυροῖς
1225 2941 1557 3010 ἀποκείμενα
1601 2941 1757 3010 ἔχων,
1785 2941 1821 2995 ἆ

247 3053 370 3088 τινα
400 3038 674 3106 ὲπαςρήσει
726 3034 958 3100 (ὓς-ζῷα
1021 3033 1266 3106 ἔμψυχα,
1323 3034 1450 3086 ὅταν
1500 3033 1545 3064 ⁸ο
1587 3033 1821 3086 ἀνταπο-

1901 1854 2083 1908 quem
2117 1838 2420 1894 sustinuisti
2449 1854 2569 1893 esse
2594 1839 2813 1908 impius.
2835 1838 2900 1892 Et
2922 1848 3080 1893 terrai
3106 1838 3283 1893 hiatus
3305 1837 3478 1891 factus

1923 1947 2030 1984 non
2064 1942 2167 1995 est,
2199 1942 2361 1999 atque
2387 1931 2524 2001 ignis
2549 1946 2577 1985 e
2606 1931 2745 1985 coelo
2777 1945 2883 1984 non
2916 1945 3000 1984 εει
3027 1930 3262 1985 emissus
3293 1945 3392 1983 nec
3420 1931 3476 1983 in

1922 2023 2202 2076 hominum
2251 2022 2727 2093 conﬂagrationem
2783 2023 2933 2088 exiit,
2964 2031 3018 2076 et
3039 2022 3212 2077 imber
3238 2038 3345 2077 non
3395 2030 3478 2076 est

1923 2129 2242 2183 suspensus,
2268 2129 2331 2169 ac
2361 2115 2652 2168 multitudo
2680 2113 2915 2168 ferarum
2939 2129 3045 2168 non
3071 2124 3166 2183 est,
3187 2130 3216 2168 e
3251 2114 3477 2168 saltibus

1921 2209 2189 2274 immissa,
2229 2217 2391 2276 atque
2422 2208 2475 2260 in
2506 2223 2606 2262 nos
2653 2208 2798 2276 ipsos
2845 2217 3066 2276 propter
3088 2223 3254 2260 unum
3287 2222 3478 2275 pecca-

1924 2309 2114 2364 torem,
2168 2301 2238 2353 οι)
2270 2300 2548 2368 spirituale
2581 2299 2926 2370 adulterium,
2965 2300 3109 2368 quod
3144 2282 3346 2352 carnali
3385 2313 3480 2368 pe-

1917 2388 2008 2458 jus
2036 2397 2139 2453 est,
2177 2404 2288 2440 non
2323 2403 2586 2442 conversa
2639 2399 2724 2442 est
2777 2390 3081 2457 perniciosa
3115 2387 3205 2444 Dei
3251 2390 3349 2442 ira.
3395 2390 3478 2442 An

1921 2482 2064 2534 enim
2104 2495 2211 2534 non
2244 2488 2345 2544 est,
2380 2479 2470 2547 qui
2517 2487 2645 2532 tunc
2704 2479 3012 2532 vindicabat
3060 2488 3300 2547 peccata,
3355 2480 3477 2533 ειειί

1921 2586 1984 2624 ac
2009 2581 2166 2626 terra:
2191 2570 2441 2624 conditor
2465 2569 2652 2623 Dens?
2701 2570 2941 2638 alioquin
2979 2580 3032 2624 et
3059 2586 3202 2624 nunc
3228 2572 3480 2625 maximis

1921 2665 2190 2733 appetitus
2221 2663 2482 2716 conviciis
2529 2661 2764 2715 maxime
2795 2662 3166 2716 ulcisceretur.
3217 2661 3318 2714 Sed
3348 2680 3480 2716 con-

1921 2767 2024 2822 tra,
2048 2757 2256 2824 patiens
2277 2766 2377 2817 est,
2403 2755 2468 2807 ad
2500 2754 2871 2824 paenitentiam
2899 2761 3076 2819 vocat,
3104 2754 3196 2821 qui
3221 2768 3481 2806 consum-

1922 2847 2125 2902 mantia
2160 2847 2260 2900 tela
2295 2845 2360 2900 ad
2392 2846 2680 2915 impiorum
2708 2845 3210 2900 exterminationem
3235 2844 3395 2897 habet
3423 2844 3477 2896 in

1920 2941 2195 2995 thesauris
2222 2940 2476 3009 reposita,
2494 2955 2635 3009 quae,
2656 2947 2910 3007 tanquam
2936 2938 3172 2989 viventia
3199 2936 3476 3001 animalia,

1922 3045 2051 3088 tunc
2083 3032 2350 3093 demittet,
2414 3047 2536 3085 cum
2584 3029 2897 3098 praesederit
2948 3028 3014 3080 ad
3068 3027 3476 3080 retribuenduni

248 3128 429 3181 δοῦναι
472 3129 649 3200 κρίσιν
677 3130 787 3190 τοῖς
817 3140 840 3167 ε
877 3124 1037 3179 αὐτοῦ
1073 3123 1432 3196 προκαθεσθῇ.
1470 3123 1560 3176 Διὸ
1585 3119 1821 3192 φοϐηθῶ-

1926 3127 2172 3181 hostibus
2206 3127 2318 3179 suis
2342 3125 2626 3194 judicium.
2661 3123 2922 3189 Quocirca
2961 3120 3475 3188 timcamusjustum

253 3237 352 3288 μεν
377 3221 508 3274 Θεὸν
541 3221 765 3283 δίκαιον,
797 3215 857 3274 οὗ
902 3220 1000 3289 τὴν
1063 3219 1272 3290 μορφὴν
1316 3217 1451 3288 πρὸς
1497 3217 1661 3288 τιμὴν
1692 3217 1753 3269 τὸ
1775 3217 1818 3248 ⁸³

251 3310 539 3379 ἀνθρώπου
571 3310 824 3382 βαστάζει
854 3310 1030 3381 σῶμα.

321 3403 484 3473 332
530 3403 673 3458 XXI.
725 3405 907 3458 Ταῦτα
935 3402 1028 3455 τοῦ
1066 3402 1274 3474 Πέτρου
1312 3402 1555 3465 εἰπόντος
1581 3404 1609 3455 ό
1640 3403 1820 3472 Σίμων

255 3494 614 3567 ἀπεκρίνατο·
689 3495 906 3567 Ἐπειδὴ
957 3495 1066 3567 ὁρῶ
1125 3512 1184 3548 σε
1220 3493 1397 3564 σοφῶς
1445 3494 1820 3564 αἰνισσόμενον

255 3590 334 3642 ᾰτι
364 3589 434 3642 τὰ
462 3587 820 3660 γεγραμμένα
847 3587 988 3640 κατὰ
1035 3585 1128 3640 τοῦ
1152 3585 1491 3656 Δημιουργοῦ
1521 3586 1578 3638 ὲν
1629 3587 1748 3645 ταῖς
1774 3584 1820 3616 ⁸⁸

259 3682 458 3750 βίϐλοις
488 3683 586 3734 οὐκ
632 3679 802 3752 ἀληθῆ
849 3679 1124 3749 τυγχάνει,
1171 3676 1359 3748 αὔριον
1407 3675 1513 3727 ἀπὸ
1565 3673 1674 3727 τῶν
1725 3675 1819 3728 τοῦ

257 3774 578 3826 διδασκάλου
631 3790 724 3825 σου
772 3771 943 3840 λόγων
967 3769 1126 3834 δείξω
1164 3769 1256 3822 τὸν
1296 3768 1342 3800 ⁸³
1393 3767 1719 3840 δημιουργὸν
1746 3767 1819 3838 μὴ

257 3866 526 3920 ἀνώτατον
563 3865 786 3933 λέγοντα
811 3858 948 3916 εἶναι
971 3861 1018 3892 ⁸⁸
1062 3862 1211 3915 Θεόν.
1240 3860 1349 3913 Καὶ
1375 3860 1404 3911 ὁ
1426 3860 1609 3928 Σίμων
1654 3858 1823 3911 ταῦτα

261 3961 421 4014 εἰπὼν
454 3959 691 4029 ἐξῆλθεν.
741 3958 798 4009 '0
824 3955 881 4009 δὲ
906 3954 1108 4025 Πέτρος
1134 3955 1247 4015 τοῖς
1271 3949 1614 4022 παρεστῶσιν
1646 3949 1822 4019 ὄχλοις

261 4055 357 4125 ἔφη
376 4071 389 4082 ·
443 4052 502 4104 '0
529 4051 709 4121 Σίμων
741 4047 840 4101 κᾶν
867 4045 1029 4117 μηδὲν
1076 4045 1260 4115 ἓτερον
1294 4041 1420 4114 περὶ
1451 4040 1584 4094 Θεοῦ
1623 4040 1820 4110 βλάψαι

260 4149 400 4216 ἡμᾶς
430 4143 656 4214 δυνηθῇ,
684 4140 798 4193 ἀλλ’
832 4136 924 4192 οῦν
950 4155 1016 4206 γε
1049 4137 1094 4168 ⁸⁸
1127 4135 1403 4208 ἐμποδίζει
1433 4135 1561 4205 ὑμῖν
1604 4132 1821 4187 ἀκούειν

259 4239 379 4302 τοὺς
409 4237 508 4308 τὴν
531 4235 706 4306 ψυχὴν
730 4231 1057 4303 δυναμένους
1090 4227 1371 4299 καθαίρειν
1401 4225 1612 4295 λόγους.
1639 4224 1822 4278 Ταῦτα

258 4328 347 4381 τοῦ
373 4329 583 4399 Πέτρου
646 4325 887 4386 εἰπόντος
937 4322 982 4353 ⁸⁸
1033 4320 1199 4382 πολὺς
1235 4316 1576 4389 ψιθυρισμὸς
1609 4316 1821 4386 ἐγένετο

259 4421 360 4472 τῶν
417 4420 588 4490 ὔχλων
643 4415 902 4484 λεγόντων
923 4431 936 4443 ·
989 4413 1084 4475 Τίς
1136 4412 1191 4464 δὲ
1255 4411 1466 4481 ἀνάγκη
1511 4411 1605 4480 ὲᾷν
1655 4409 1816 4463 αὐτὸν

1924 3217 2117 3284 Deum,
2155 3216 2311 3286 cujus
2341 3215 2568 3269 formam
2603 3215 2658 3267 in
2690 3215 2950 3267 honorem
2994 3210 3233 3264 hominis
3277 3223 3478 3277 corpus

1919 3307 2073 3378 gerit.

1991 3400 2136 3454 XXI.
2183 3383 2320 3466 Quae
2374 3408 2664 3469 postquam
2710 3397 2903 3452 Petrus
2954 3397 3129 3459 dixit,
3196 3394 3479 3464 respondit

1924 3492 2111 3547 Simon
2147 3510 2159 3546 :
2205 3491 2648 3560 Quandoquidem
2676 3490 2831 3542 video
2859 3499 2911 3543 te
2937 3489 3128 3543 callide
3149 3487 3476 3557 signiﬁcare,

1921 3598 1982 3637 ca
2008 3598 2126 3652 quae
2154 3581 2210 3650 in
2246 3582 2411 3636 libris
2443 3581 2703 3634 adversus
2719 3581 3030 3637 Creatorem
3077 3579 3276 3646 scripta
3328 3583 3477 3641 sunt,

1922 3690 2030 3727 non
2056 3687 2175 3727 esse
2200 3687 2348 3736 vera,
2395 3672 2634 3724 crastino
2670 3670 2758 3724 die
2787 3684 2866 3722 ,ει
2902 3667 3142 3738 Magistri
3174 3669 3248 3720 lui
3294 3667 3478 3721 verbis

1921 3765 2224 3830 ostendam,
2243 3765 2310 3817 ab
2327 3778 2391 3818 eo
2414 3763 2542 3830 dici,
2566 3771 2866 3817 creatorem
2895 3775 3000 3813 non
3020 3774 3140 3813 esse
3164 3773 3476 3826 supremum

1922 3859 2111 3913 Deum.
2137 3857 2204 3911 Et
2227 3857 2416 3911 Simon
2451 3857 2538 3911 his
2569 3855 2728 3911 dictis
2771 3855 2926 3908 abiit.
2960 3853 3028 3906 At
3055 3851 3250 3906 Petrus
3280 3853 3479 3906 astanti

1921 3949 2062 4020 plebi
2087 3948 2162 4001 ait
2187 3967 2200 4003 :
2229 3946 2439 4012 Simon,
2469 3946 2717 4015 quamvis
2743 3945 2793 3998 in
2822 3945 2970 3997 nullo
2993 3945 3105 3997 alio
3136 3943 3279 3997 circa
3307 3941 3478 3996 Deum

1922 4056 2022 4095 nos
2066 4040 2240 4110 possit
2288 4039 2518 4103 laedere,
2593 4045 2647 4090 at
2693 4045 2840 4090 certe
2885 4035 3039 4089 vobis
3093 4035 3479 4103 impedimento

1921 4137 2023 4192 cst,
2054 4142 2121 4181 ne
2170 4127 2402 4181 audiatis
2450 4140 2729 4181 sermones
2753 4125 2844 4194 qui
2898 4126 3079 4179 valent
3105 4139 3334 4193 purgare
3360 4123 3481 4176 ani-

1922 4236 2087 4274 mam.
2117 4219 2241 4274 Haec
2264 4219 2423 4273 Petro
2472 4216 2778 4288 proferente
2807 4219 2994 4286 ingens
3022 4226 3244 4270 exortus
3273 4225 3357 4270 est
3382 4231 3478 4269 su-

1923 4328 2113 4368 surrus
2138 4310 2524 4373 multitudinis,
2553 4309 2781 4363 dicentis
2809 4327 2820 4362 :
2849 4307 2979 4374 Quae
3002 4323 3131 4362 vero
3157 4307 3477 4372 necessitas,

1924 4402 2133 4458 sinendi
2167 4417 2290 4456 eum
2319 4401 2427 4454 huc
2469 4400 2856 4469 ingredientem
2906 4398 3266 4466 blasphemias
3288 4404 3479 4451 contra

259 4467 487 4564 ἐνταῦθά
520 4467 755 4562 εἰσιόντα
781 4505 878 4570 τὰς
911 4503 1052 4558 κατὰ
1081 4503 1173 4556 τοῦ
1198 4502 1330 4555 Θεοῦ
1365 4467 1710 4574 βλασφημίας
1733 4501 1820 4554 λέ-

1926 4496 2091 4550 Deum
2117 4495 2305 4564 loqui?
2331 4492 2396 4546 Et
2417 4467 2610 4546 Petrus
2662 4492 2900 4570 audiens.
2920 4492 3056 4548 dixit
3080 4511 3092 4544 :
3124 4489 3340 4544 Utinam
3368 4505 3479 4544 non

259 4601 594 4669 γειν;Καὶό
639 4600 842 4669 Πέτρος
896 4597 1136 4658 ἀκούσας
1205 4593 1345 4664 ἔφη’
1394 4594 1432 4645 Γ
1435 4594 1606 4646 ένοιτο
1661 4593 1821 4664 μέχρι

257 4695 493 4764 Σίμωνος
525 4691 751 4764 ἀρκετὸν
789 4689 1040 4758 γενέσθαι
1083 4688 1175 4739 τὸν
1223 4685 1362 4740 κατά
1402 4685 1494 4737 τοῦ
1521 4684 1652 4738 Θεοῦ
1686 4684 1822 4756 πρὸς

261 4785 563 4857 πειρασμὸν
595 4781 891 4853 ἀνθρώπων
921 4779 1095 4847 λόγον.
1140 4779 1394 4830 Ἔσονται
1428 4777 1472 4808 ⁸⁷
1504 4776 1632 4847 γὰρ,
1669 4776 1743 4839 ὡς
1791 4777 1821 4829 ὁ

259 4878 458 4948 Κύριος
517 4871 689 4938 εἶπεν,
739 4871 1155 4943 ψευδαπόστολοι
1178 4910 1193 4934 ,
1250 4868 1458 4938 ψευδεῖς
1521 4869 1815 4940 προφῆται,

262 4969 519 5040 αἱρέσεις,
566 4964 846 5037 φιλαρχίαι
868 4981 882 4994 ·
939 4964 999 5016 αῖ
1024 4979 1186 5037 τινες,
1226 4961 1301 5024 ὡς
1326 4959 1674 5032 στοχάζομαι,
1709 4959 1817 5013 ἀπὸ

1923 4589 2064 4642 ultra
2093 4584 2368 4640 Simonem
2389 4584 2799 4654 protenderetnr
2820 4583 3064 4638 doctrina
3083 4592 3269 4637 contra
3285 4580 3477 4645 Deum,

1922 4681 1987 4735 ad
2017 4679 2296 4735 hominum
2327 4677 2680 4731 tentationcm
2727 4675 2893 4729 illata.
2922 4675 3095 4729 Erunt
3120 4675 3286 4733 enim.
3337 4674 3481 4729 sicut

1920 4772 2236 4845 prolocutus
2259 4779 2343 4826 est
2366 4769 2652 4834 Dominus,
2697 4768 3160 4839 pseudoapostoli,
3187 4767 3306 4821 falsi
3349 4779 3477 4835 pro-

1922 4866 2116 4935 phetae,
2139 4865 2390 4928 haereses,
2419 4861 2787 4915 aﬂectatioues
2811 4859 3147 4926 dominandi,
3175 4874 3316 4928 quae,
3341 4859 3482 4914 sicut

1924 4955 2195 5024 conjicio,
2245 4970 2275 5008 a
2325 4952 2544 5008 Simone
2593 4951 2760 5006 Deum
2810 4952 3215 5021 hlasphemante
3260 4967 3481 5006 sumen-

1554 5071 1788 5126 VARIIE
1819 5067 2216 5127 LECTIONES.

326 5175 368 5209 "’
407 5173 571 5226 πάλιν
597 5171 660 5227 0.

736 5172 782 5203 τ’
826 5170 995 5231 οὕτως
1024 5166 1085 5223 C.
1161 5167 1206 5197 '”
1244 5164 1320 5221 lta
1353 5163 1397 5219 0
1433 5181 1482 5218 c.
1526 5162 1566 5218 S
1612 5205 1626 5230 ,
1667 5159 1772 5216 εῐδε
1823 5164 1884 5219 C.
1961 5163 2009 5195 ⁷⁸
2051 5161 2176 5215 ἰδεῖν
2234 5159 2308 5214 S.

2389 5157 2433 5213 Ο
2486 5158 2647 5212 είδεῖν
2680 5157 2740 5213 C.
2817 5158 2864 5229 ’ἔ
2889 5157 3148 5229 τολμήσει
3296 5152 3477 5229 Male

260 5221 713 5330 τολμήᾲῐέῖᾗέεη
744 5221 916 5330 εει]εεὶ
943 5221 1103 5330 εξὺτός
1135 5235 1276 5322 ε.Ὀ.
1346 5237 1392 5330 ’2⁵
1428 5236 1493 5315 τῇ
1525 5221 1789 5330 adscripsi
1815 5251 1886 5330 ex
1916 5232 1978 5288 Ο.
2007 5305 2016 5315 ο
2057 5232 2099 5263 ⁷⁷
2130 5231 2366 5330 ὲπεχέθη
2529 5229 2575 5259 ⁷⁸
2611 5231 2710 5330 θῇς
2733 5228 2881 5330 κατὰ
2916 5221 3475 5330 σάρκαεχεὶίρρμέἱφξί.

267 5305 606 5395 approbante
633 5311 677 5366 Ο
705 5353 720 5375 ,
749 5305 890 5391 κοίτά
922 5308 1096 5395 σάρκα
1127 5305 1418 5395 χείρωνβι
1440 5306 1696 5395 in‘textu,
1745 5305 1829 5374 χεί

264 5374 416 5439 “ulta
458 5383 504 5438 Ο
558 5391 614 5436 et
645 5374 712 5436 exi
745 5381 973 5449 conject.
997 5374 1042 5431 'G
1085 5418 1101 5443 ,
1128 5374 1227 5430 “iu'
1254 5375 1363 5442 cuj.
1405 5383 1555 5428 textu
1606 5374 1753 5427 ὄντα.

263 5455 386 5507 νόθα
408 5452 549 5508 κατὰ
576 5451 760 5522 νόμου.
867 5450 913 5522 εξ
940 5448 1094 5522 τό
1122 5518 1132 5522 _
1196 5446 1245 5522 _“
1280 5440 1692 5522 λέγονταήεἷναι

1832 5321 1999 5405 ρονος
2007 5305 2058 5356 in
2086 5317 2257 5369 marg.

1860 5375 1875 5405 ι
1909 5392 2002 5405 οι..
2031 5373 2070 5405 l‘
2169 5371 2214 5401 83
2256 5395 2257 5401 η

1909 5375 2002 5426 τοῦ
2031 5375 2091 5422 (ἶ.

1200 5446 1245 5477 ⁸⁸
1280 5431 1685 5513 λέγονταᾲεῖναι
1733 5445 1872 5498 idem
1909 5442 2050 5512 quod
2098 5440 2294 5513 λέγειν.
2325 5431 2810 5513 Αιὶριῇιι-ιῖηῌξιιιὶιιμίιι
2853 5437 3169 5493 mutandum
3225 5441 3371 5489 esset
3419 5431 3473 5485 in

2321 5294 2366 5330 ⁷⁵
2403 5302 2432 5351 ὁ
2481 5314 2591 5351 om.
2627 5294 2696 5369 θ’,
2733 5294 3479 5369 interpungens'postﬁajgtv.

2169 5361 2235 5401 ³³⁷
2256 5386 2384 5422 ποτε
2428 5371 2484 5420 ὲν
2512 5385 2565 5437 ιι.
2594 5371 2649 5420 ὲν
2681 5361 2800 5432 ταῖς
2833 5361 2891 5424 ΟΣ
2923 5361 3014 5420 Αιῖ
3031 5361 3180 5420 oraui
3210 5363 3332 5419 cod.
3362 5361 3476 5437 Ott.

265 5535 408 5579 textu
441 5526 503 5580 s.
571 5523 616 5555 ιι
641 5509 707 5591 κίε
740 5537 850 5576 om.
873 5518 938 5574 0.
1015 5520 1060 5550 οε
1089 5517 1331 5579 εἰπόντος
1353 5509 1471 5570 ὀιιι.
1507 5511 1572 5568 0.
1647 5513 1692 5546 ετ
1730 5514 1841 5568 ειν.
1871 5509 2112 5567 (Zredncr
2138 5511 2306 5562 lleitr.
2349 5532 2390 5573 .,
2413 5511 2538 5570 aut,
2570 5510 2672 5563 518
2708 5509 2766 5563 s.

1561 5607 1919 5663 VABIORUM
1961 5606 2190 5660 NOTJE.

328 5723 351 5750 ⁸
396 5709 703 5780 chendum
733 5708 842 5771 τοῖς
866 5705 1076 5778 δχθροῖς
1106 5702 1300 5769 αὑτοῦ,
1333 5704 1374 5757 si
1408 5702 1639 5757 versioni
1673 5701 1875 5755 Latium
1905 5701 2054 5753 li'lcs.
2093 5698 2243 5751 lini'r.
2288 5696 2522 5752 PATROL.
