4022 6336
305 276 515 372 385‘

1327 317 1780 373 CLEMENTINA.
1822 352 1885 361 -η
1914 319 2195 376 llOMllJA
2232 324 2397 379 XVII.

3416 339 3523 394 586

303 435 379 497 εἰς
402 432 632 504 φοϐερὸν
660 434 790 486 θεὸν
814 434 1191 488 ἀποϐλέπουσα
1215 434 1322 488 τῶν
1347 435 1487 489 κατὰ
1519 436 1677 504 φύσιν
1702 437 1845 490 ἐκδα-

1966 438 2205 496 tionibus
2249 442 2452 498 deludi.
2502 442 2572 497 At
2617 443 2792 499 fallaci
2840 442 3087 499 doctrina
3123 445 3343 516 decepta
3394 450 3521 505 dum

302 522 567 597 ορεύεται.
594 526 700 578 Καὶ
724 524 893 578 ταῦτα
935 526 1045 595 ἐγὼ
1085 527 1245 597 λέγω,
1278 527 1373 597 οὺχ
1404 528 1482 579 ὅτι
1508 528 1645 598 ὑμᾶς
1676 528 1866 582 εἴδωλα

304 617 477 669 σέϐειν
526 617 811 689 παραινῶ,
865 617 1078 671 ἀλλ’ὅτι
1130 620 1332 691 Πέτρος
1372 620 1614 691 φοϐερῶν
1657 619 1806 673 ἰδεῶν
1843 620 1864 651 ²

299 706 466 760 δοκῶν
515 708 879 762 ἀπαλλάσσειν
927 709 1079 779 ὑμῶν
1122 709 1222 773 τὰς
1267 709 1479 779 ψυχὰς,
1516 709 1865 781 φοϐερωτέρα

303 799 413 869 ἰδέα
435 800 457 831 ³
481 800 574 853 τὸν
597 801 823 853 ἕκαστον
856 800 1009 872 ὑμῶν
1047 801 1325 873 ὲνθουσιᾷν
1365 805 1508 856 ποιεῖ
1542 802 1687 866 νοῦν,
1732 799 1863 857 Θεὸν

298 892 354 943 ἐν
388 895 568 963 μορφῇ
601 891 1012 963 εἰσηγούμενος,
1052 893 1143 946 καὶ
1186 893 1362 947 ταῦτα
1404 896 1588 966 ἄκρως
1635 894 1859 958 δίκαιον,

293 982 452 1052 335
472 976 518 1049 ᾧ
545 984 734 1036 ἕπεται
765 983 825 1036 τὸ
850 982 1072 1052 φοϐερὸν
1101 983 1193 1037 καὶ
1223 988 1289 1055 τῇ
1321 984 1606 1056 συννοούσῃ
1632 985 1774 1057 ψυχῇ
1800 984 1861 1039 τὸ

294 1075 582 1145 φρικῶδες,
614 1074 905 1147 δυνάμενον
945 1077 1040 1129 καὶ
1069 1076 1177 1129 τῶν
1214 1076 1388 1149 ὀρθῶν
1410 1076 1682 1148 λογισμῶν
1703 1076 1860 1131 ἐκλῦ-

294 1183 381 1219 σαι
404 1168 534 1229 τοὺς
570 1167 773 1231 τόνους.
814 1169 903 1221 Ἑν
935 1166 1041 1239 γὰρ
1077 1167 1300 1241 τοιούτῳ
1336 1168 1610 1232 καθεστὼς
1633 1170 1857 1241 χειμῶνι

289 1258 319 1309 6
356 1257 480 1321 νοῦς
531 1257 608 1321 ὡς
654 1257 813 1328 βυθὸς
865 1260 952 1313 ὕπ’
988 1258 1008 1290 ⁸
1034 1259 1233 1329 ἀνέμου
1273 1259 1499 1333 σφοδροῦ
1528 1260 1772 1315 θολοῦται
1797 1261 1858 1313 τὸ

288 1347 559 1421 λαμπρόν.
601 1350 691 1404 Διὸ
723 1352 771 1404 εὶ
811 1352 896 1404 ἐπ’
915 1351 1148 1424 ὠφελείᾳ
1190 1354 1339 1425 ὑμῶν
1373 1354 1749 1427 προσέρχεται,
1781 1355 1854 1427 μὴ

291 1439 442 1509 ὑμῶν
472 1440 603 1503 τοὺς
638 1440 699 1505 ἐξ
741 1441 961 1512 ἀψύχων
1011 1444 1230 1514 μορφῶν
1277 1445 1453 1515 ἠπίως
1496 1446 1517 1477 ⁸
1545 1446 1857 1516 γινομένους

288 1530 486 1601 φόὸους
533 1530 746 1585 ἐκλύειν
787 1532 955 1587 δοκῶν
1002 1535 1235 1607 φοϐερὰν
1277 1534 1411 1588 Θεοῦ
1460 1537 1855 1609 ἀντεισφερέτω

287 1624 522 1694 μορφήν.
558 1625 787 1695 Μορφὴν
824 1624 879 1677 δὲ
916 1626 1027 1696 ἔχει
1064 1627 1195 1690 Θεός
1226 1626 1283 1691 ⁸;
1316 1627 1378 1679 Ei
1408 1626 1463 1679 δὲ
1489 1627 1607 1698 ἔχῃ,
1633 1627 1689 1679 ὲν
1724 1630 1855 1699 σχή-

1967 533 2260 588 terribilem
2297 534 2461 587 Deum
2494 535 2735 605 respicit,
2769 550 2835 589 ex
2880 536 2946 589 iis
2979 552 3098 606 qua:
3135 548 3327 595 natura
3362 540 3526 596 hab‘et

1964 625 2165 680 excidit
2210 624 2473 682 funditus.
2524 630 2699 697 Atque
2733 629 2844 684 hmc
2883 630 3027 696 dico,
3058 648 3163 685 non
3205 635 3349 702 quod
3380 636 3525 693 idola

1962 718 2139 771 colere
2174 718 2452 786 suadeam,
2480 719 2573 775 sed
2604 722 2729 789 quia
2757 719 2977 784 Petrus,
3009 712 3135 777 dum
3162 725 3376 780 videtur
3404 728 3524 781 ani-

1961 824 2079 863 mas
2107 818 2316 863 vestras
2339 812 2544 880 eripere
2572 810 3007 867 formidabilibus
3044 816 3344 883 speciebus,
3371 834 3524 872 men-

1961 902 2081 951 tem"
2107 898 2538 970 uniuscujusque
2576 911 2817 955 vestrum
2853 901 3159 957 formidain
3190 905 3307 960 idea
3347 909 3526 963 reddit

1962 992 2274 1059 fanaticam,
2332 993 2497 1048 Deum
2552 994 2606 1047 in
2656 995 2832 1049 forma
2872 995 3243 1062 introducens,
3288 1014 3523 1071 eumque

1958 1098 2171 1138 summe
2220 1084 2463 1153 justum,
2497 1102 2659 1155 quam
2708 1087 2884 1141 ideam
2938 1089 3184 1158 sequitur
3228 1100 3429 1159 terror,
3466 1103 3523 1147 et.

1958 1174 2153 1227 animae
2184 1176 2469 1243 cogitantis
2501 1176 2718 1243 horror,
2749 1178 2933 1233 valens
2968 1180 3129 1232 etiam
3168 1190 3327 1233 rectae
3355 1183 3520 1235 rat’o-

1957 1267 2041 1321 uis
2074 1268 2310 1335 vigorem
2340 1269 2568 1323 solvere.
2596 1269 2651 1323 In
2683 1270 2783 1324 hac
2809 1270 3006 1340 quippe
3038 1272 3273 1339 procella
3300 1273 3519 1329 animus

1956 1358 2285 1413 Constitutus
2314 1359 2461 1412 velut
2503 1375 2651 1412 mare
2692 1376 2720 1413 a
2749 1361 3051 1414 vehementi
3088 1372 3247 1414 vento
3277 1360 3518 1415 infusca-

1958 1456 2045 1502 tur
2072 1458 2123 1503 et
2149 1447 2489 1517 splendorem
2514 1448 2708 1518 perdit.
2745 1448 3008 1514 Quocirca
3051 1450 3095 1502 si
3130 1452 3197 1503 ad
3232 1450 3516 1504 utilitatem

1953 1550 2185 1595 vestram
2204 1540 2437 1602 advenit.
2462 1557 2550 1607 ne,
2584 1542 2711 1595 dum
2731 1542 2942 1594 videtur
2972 1541 3190 1595 timores
3218 1550 3427 1596 vestros
3450 1557 3517 1597 ex

1953 1630 2265 1687 inanimatis
2290 1631 2479 1686 formis
2516 1632 2707 1685 leuiter
2732 1640 2882 1686 ortos
2922 1632 3214 1698 resolvere,
3250 1632 3303 1685 in
3332 1633 3514 1686 locum

287 1716 414 1785 ματί
444 1718 616 1771 ἐστιν.
665 1718 750 1771 Ἐν
790 1720 1024 1790 σχήματι
1066 1720 1121 1774 δὲ
1152 1722 1227 1774 ὢν
1258 1720 1374 1785 πῶς
1415 1723 1475 1775 ού
1514 1722 1845 1794 περιόριστός

1953 1738 2141 1776 eorum
2192 1724 2484 1778 terribilem
2537 1722 2627 1776 Dei
2682 1722 2913 1777 formam
2966 1723 3209 1777 inducat.
3257 1725 3339 1777 An
3385 1739 3516 1777 vero

282 1808 459 1873 έστινς
498 1785 852 1882 Περιόριστος
968 1814 1043 1867 ῶν
1074 1815 1131 1867 ὲν
1171 1815 1319 1884 τόπῳ
1364 1816 1523 1869 ἐστίν.
1575 1785 1845 1887 ’Ἐν-τόπῳ

1953 1817 2096 1873 Deus
2127 1818 2289 1873 habet
2314 1817 2585 1871 formam?
2613 1816 2767 1883 Quod
2804 1817 2847 1871 si
2878 1816 3059 1882 habet,
3085 1800 3149 1868 in.
3178 1817 3349 1884 figura
3382 1830 3516 1869 con-

279 1895 332 1949 δὲ
362 1897 440 1951 ῶν
474 1900 655 1970 ἥττων
683 1902 800 1955 ἐστὶ
828 1903 921 1957 τοῦ
954 1905 1295 1975 περιέχοντος
1317 1906 1476 1959 αὐτὸν
1504 1907 1689 1961 τόπου.
1725 1908 1845 1961 Ἤτ-

1952 1910 2114 1965 εἰειὶι.
2146 1908 2202 1963 In
2231 1911 2400 1980 figura
2447 1918 2625 1963 autem
2670 1908 2978 1962 consistens
3001 1946 3014 1970 ,
3057 1920 3165 1975 quo
3216 1907 3376 1960 modo
3405 1922 3511 1960 non

278 2006 385 2044 των
428 1992 487 2045 δέ
522 2011 666 2057 τινος
706 1994 782 2048 ῶν
824 1994 942 2060 πῶς
990 1998 1203 2051 πάντων
1253 1998 1400 2051 ἐστὶν
1444 2000 1472 2051 6
1511 1998 1531 2029 τ
1577 1998 1774 2069 μείζων
1812 1999 1845 2071 ἢ

1950 2010 2033 2055 εει
2070 2000 2547 2069 circumscriptus?
2573 1997 2636 2052 Et
2661 1998 3128 2067 circumscriptus,
3159 1996 3210 2049 in
3242 1997 3362 2051 loco
3392 2012 3516 2049 ver-

278 2083 543 2153 κρείττων
574 2084 607 2155 ἢ
637 2084 938 2151 ἁνώτατοςς
970 2087 1079 2141 Καὶ
1103 2086 1275 2141 ταῦτα
1308 2089 1405 2159 μὲν
1435 2088 1624 2152 οὕτως.

1951 2098 2121 2143 satur.
2148 2089 2414 2143 Cancrum
2443 2088 2497 2141 in
2542 2087 2661 2142 loco
2683 2087 2983 2151 exsistens,
3012 2086 3191 2139 minor
3219 2097 3302 2140 est
3342 2086 3512 2139 conti-

278 2185 441 2229 nente
488 2176 639 2230 illum
696 2178 837 2232 loco.
892 2178 1131 2250 Denique
1174 2180 1268 2251 qui
1314 2191 1396 2236 est
1430 2181 1616 2252 aliquo
1673 2181 1874 2251 minor,
1912 2199 2022 2254 quo
2042 2194 2201 2252 pacto
2236 2180 2411 2251 major
2437 2194 2520 2236 est
2550 2180 2827 2246 omnibus,
2882 2187 2976 2233 aut
3013 2178 3381 2248 praestantior,
3418 2190 3512 2235 aut

279 2266 609 2336 supremus?
634 2266 811 2337 Atque
834 2268 949 2324 haec
968 2268 1187 2339 quidem
1223 2268 1317 2323 ita.

352 2376 444 2433 IV.
485 2379 605 2431 ὐτι
638 2378 695 2432 δὲ
734 2378 949 2450 ἀληθῶς
987 2380 1105 2442 οὐδὲ
1151 2378 1221 2433 τὰ
1254 2379 1360 2433 ὑπὸ
1399 2377 1495 2432 τοῦ
1516 2377 1840 2434 Διδασκάλου

281 2468 445 2522 αὐτοῦ
476 2468 705 2541 ρηθέντα
757 2471 1035 2534 πιστεύει,
1081 2470 1313 2543 φανερόν
1362 2471 1527 2525 ἐστιν.
1569 2469 1650 2526 Τὰ
1687 2471 1842 2544 γὰρ⁸

276 2560 493 2613 ἐναντία
533 2560 682 2631 αὐτῷ
712 2561 991 2634 κηρύσσει.
1032 2562 1267 2616 Ἐκείνου
1296 2562 1406 2633 γὰρ
1435 2562 1678 2627 εἰπόντος
1713 2566 1842 2631 τινὶ,

273 2650 351 2713 ὡς
401 2649 678 2721 μανθάνω
719 2650 814 2716 Μή
843 2668 919 2721 με
957 2649 1099 2719 λέγε
1147 2650 1399 2720 ἀγαθὸν,
1430 2653 1462 2703 ὀ
1489 2656 1600 2722 τὰρ
1624 2651 1843 2721 ἀγαθὸς

273 2740 361 2805 εἷς
387 2741 578 2793 ἐστιν.
627 2740 848 2808 Ἀγαθὸν
892 2740 947 2793 δὲ
992 2740 1159 2793 εἰπὼν
1184 2740 1283 2792 οὐκ
1330 2738 1410 2791 ἔτι
1453 2738 1655 2791 ἐκεῖνον
1695 2737 1843 2808 λέγει

270 2830 363 2883 τὸν
408 2830 646 2893 δίκαιον,
689 2830 747 2883 ὃν
794 2831 849 2883 αἱ
907 2831 1116 2901 Γραφαὶ
1157 2828 1551 2901 κηρύσσουσιν,
1588 2826 1657 2895 ὃς
1693 2828 1843 2882 ἁπο-

272 2924 491 2975 κτείνει
522 2922 543 2952 ⁹
576 2921 673 2974 καὶ
716 2919 994 2983 ζωοποιεῖ,
1039 2920 1347 2973 ἀποκτείνει
1380 2918 1477 2990 μὲν
1512 2920 1636 2982 τοὺς
1665 2920 1844 2991 ἁμαρ-

2015 2379 2103 2436 ιγ.
2142 2379 2297 2449 Quod
2329 2389 2509 2435 autem
2540 2394 2665 2434 vere
2694 2394 2869 2450 neque
2904 2394 3025 2450 quae
3061 2395 3090 2433 a
3124 2378 3379 2450 Magistro
3410 2398 3512 2436 suo

1943 2476 2088 2532 dicta
2114 2485 2243 2531 sunt
2280 2472 2488 2537 credat,
2525 2471 2872 2550 manifestum
2922 2481 3023 2526 est.
3071 2470 3203 2527 Nam
3237 2475 3510 2529 contraria

1945 2568 1993 2623 ei
2025 2567 2299 2638 praedicat.
2345 2564 2563 2620 Scilicet
2604 2563 2712 2628 ille,
2764 2563 2905 2619 sicut
2944 2562 3142 2630 audio,
3175 2563 3391 2618 cuidam
3422 2563 3510 2617 di-

1948 2658 2026 2712 xit
2056 2674 2069 2710 :
2103 2655 2185 2710 Ne
2223 2672 2305 2710 me
2348 2656 2494 2708 dicas
2525 2654 2715 2708 bonum
2745 2695 2760 2721 ,
2801 2655 2962 2707 bonus
2993 2654 3128 2707 enim
3167 2671 3301 2708 unus
3355 2663 3428 2706 est
3457 2666 3505 2707 ι.

1944 2751 2156 2807 Bonum
2194 2764 2325 2805 vero
2353 2750 2524 2816 aiens,
2557 2764 2663 2803 non
2708 2748 2938 2817 amplius
2988 2747 3137 2801 illum
3182 2747 3376 2818 inquit,
3412 2746 3507 2816 qui

1943 2844 2122 2915 justus
2149 2851 2253 2908 est,
2285 2856 2557 2911 quemque
2601 2838 2895 2908 Scriptura:
2931 2839 3243 2910 praedicant,
3288 2832 3379 2907 qui
3409 2851 3506 2890 oc-

1946 2934 2074 2988 cidit
2106 2975 2121 3001 ,
2150 2943 2199 2987 et
2249 2933 2416 2988 vivere
2447 2931 2577 3001 facit
2603 2931 2653 2997 b,
2685 2930 2880 2985 occidit
2918 2930 3131 2999 quidem
3174 2937 3505 2998 peccatores,

269 3014 531 3076 τάνοντας
554 3051 570 3076 ,
619 3011 868 3075 ζωοποιεῖ
928 3012 985 3064 δὲ
1027 3013 1152 3074 τοὺς
1208 3009 1348 3064 κατὰ
1402 3008 1623 3080 γνώμην
1677 3008 1841 3064 αὑτοῦ

1945 3023 2124 3078 vivere
2149 3033 2325 3076 autem
2358 3020 2489 3074 facit
2513 3035 2630 3085 eos,
2659 3018 2751 3088 qui
2776 3018 3073 3073 secundum
3107 3017 3226 3087 ejus
3255 3017 3507 3071 volunta-

272 3100 537 3176 βιοῦντας.
585 3104 704 3156 Ὅτι
743 3104 797 3157 δὲ
845 3103 1013 3166 ὅντως
1056 3103 1116 3155 ού
1162 3101 1252 3154 τὸν
1283 3098 1617 3172 Δημιουργὸν
1658 3100 1841 3169 ἔλεγεν

1945 3124 2051 3169 tem
2079 3122 2264 3184 agunt.
2293 3111 2465 3166 Porro
2487 3111 2630 3181 quod
2676 3126 2862 3164 revera
2896 3108 3205 3163 Creatorem
3235 3123 3339 3162 non
3368 3107 3507 3162 dixit

272 3201 502 3269 ἀγαθὸν,
537 3199 616 3269 τῷ
642 3196 981 3268 διανοηθῆναι
1014 3193 1294 3265 δυναμένῳ
1329 3193 1495 3261 σαφές
1532 3194 1694 3246 ἐστιν.
1733 3192 1838 3246 Τοῦ

1945 3204 2164 3268 bonum,
2191 3203 2239 3256 ei
2263 3204 2354 3272 qui
2382 3202 2581 3272 poterit
2609 3201 2951 3256 considerare
2974 3202 3180 3255 clarum
3209 3200 3329 3255 erit.
3364 3198 3504 3254 Cum

269 3290 733 3364 γὰρΔημιουργοῦ
759 3288 1097 3359 ἐγνωσμένου
1123 3286 1216 3339 καὶ
1233 3285 1309 3355 τῷ
1331 3284 1616 3339 πλασθέντι
1650 3284 1837 3356 Ἀδὰμ,

269 3387 363 3439 καὶ
407 3384 487 3455 τῷ
536 3384 957 3454 εὐαρεστήσαντι
1003 3377 1150 3449 αύτῷ
1184 3377 1227 3408 ¹⁰
1271 3378 1469 3447 Ἑνὼχ,
1498 3377 1593 3429 καὶ
1634 3377 1717 3447 ιτῷ
1747 3377 1838 3429 ὑπ’

268 3473 436 3529 αὑτοῦ
469 3475 663 3543 δικαίῳ
690 3471 937 3544 ὁραθέντι
961 3470 1105 3531 Νῶε,
1131 3470 1330 3540 ὁμοίως
1359 3468 1452 3520 καὶ
1474 3467 1551 3538 τῷ
1592 3465 1839 3538 Ἀϐραὰμ

268 3566 433 3637 336
465 3568 559 3619 καὶ
601 3564 783 3618 Ἰσαὰκ
824 3565 917 3617 καὶ
965 3561 1178 3622 Ἰακὼΰ,
1212 3559 1346 3614 ἀλλὰ
1386 3560 1479 3612 καὶ
1506 3561 1710 3629 Μωῡσῇ
1745 3559 1837 3611 καὶ

267 3656 384 3727 λαῷ
412 3658 505 3710 καὶ
529 3656 634 3726 ὅλῳ
658 3655 734 3726 τῷ
776 3655 997 3724 κόσμῳ,
1039 3655 1066 3705 6
1098 3650 1412 3713 διδάσκαλος
1440 3648 1601 3703 αὐτοῦ
1631 3649 1835 3720 Πέτρου

280 3746 490 3817 Ἰησοῦς
520 3746 689 3798 ἐλθὼν
716 3747 755 3777 υ
790 3745 971 3812 ἔλεγεν
1025 3741 1308 3807 ¹¹⁶Οὺδεὶς
1340 3742 1490 3810 ἔγνω
1524 3739 1627 3793 τὸν
1657 3737 1839 3793 Πατέ-

259 3856 363 3905 pa,
393 3837 546 3905 εὶμὴ
578 3840 609 3889 ό
649 3835 798 3901 Υἱὸς,
826 3835 906 3899 ὼς
933 3832 1074 3886 οὐδὲ
1094 3831 1202 3885 τὸν
1240 3832 1374 3884 Υἰόν
1407 3848 1495 3895 τις
1524 3828 1683 3883 οἶδεν
1716 3830 1759 3860 ¹³
1783 3832 1837 3883 εὶ

262 3932 347 3999 μὴ
384 3934 415 3983 ό
446 3926 664 3996 Πατὴρ,
696 3926 794 3978 καὶ
823 3926 912 3990 Οἷς
946 3924 1022 3978 ἂν
1057 3924 1353 3989 ,βούληται
1384 3925 1415 3974 ό
1454 3921 1584 3985 Υἱὸς
1610 3921 1833 3975 ἀποκα-

264 4025 481 4090 λύψαι.
510 4021 571 4072 Εἰ
602 4015 691 4072 οὖν
720 4018 877 4080 αὐτὸς
908 4017 1037 4079 Υἱὸς
1063 4012 1131 4086 ἦν
1167 4018 1195 4068 6
1221 4013 1429 4086 παρὼν,
1468 4013 1573 4066 ἀπὸ
1600 4012 1699 4082 τῆς
1734 4014 1833 4066 αύ-

266 4110 361 4165 τοῦ
427 4108 726 4181 παρουσίας
772 4102 853 4168 οἷς
899 4104 1147 4158 ἐϐούλετο
1194 4104 1284 4157 τὸν
1342 4104 1503 4155 πᾶσιν
1561 4102 1834 4170 ἄγνωστον

266 4203 669 4257 ἀπεκάλυπτεν.
732 4199 840 4251 Καὶ
883 4196 1054 4259 οὕτως
1107 4199 1219 4259 τοῖς
1278 4194 1385 4266 πρὸ
1441 4193 1602 4247 αὑτοῦ
1670 4195 1832 4246 πᾶσιν

266 4295 542 4363 ἄγνωστος
589 4287 658 4362 ἦν
705 4292 733 4343 6
776 4288 999 4361 Πατὴρ,
1050 4287 1147 4357 οὐχ
1194 4284 1364 4348 οὕτως
1416 4285 1460 4316 ⁸⁵
1491 4283 1565 4339 ῶν
1603 4287 1631 4338 6
1669 4286 1831 4339 πᾶσιν

267 4383 625 4453 ἐγνωσμένος.

341 4472 403 4527 V.
449 4448 569 4526 *Καὶ
614 4471 771 4525 τοῦτο
812 4468 978 4523 εἰπὼν
1024 4466 1231 4538 Ἰησοῦς
1278 4466 1395 4519 οὐδὲ
1446 4448 1605 4528 αὐτὸς
1654 4463 1829 4535 ἑαυτῷ
1862 4490 1903 4544 D

271 4570 567 4638 συμφωνεῖ.
615 4564 813 4618 Ἐνίοτε
845 4561 953 4633 γὰρ
983 4562 1167 4624 ἄλλαις
1199 4562 1401 4629 φωναῖς
1427 4557 1533 4611 τῶν
1574 4557 1679 4611 ἀπὸ
1722 4556 1830 4610 τῶν

272 4659 312 4689 ¹⁵
340 4658 572 4729 Γραφῶν
619 4653 849 4724 φοϐερὸν
895 4652 987 4705 καὶ
1024 4651 1226 4703 δίκαιον
1270 4648 1545 4717 συνίστησι
1580 4645 1710 4699 Θεὸν
1746 4644 1834 4699 λέ-

266 4768 406 4820 γων·
443 4750 540 4815 Μὴ
570 4745 866 4817 φοϐηθῆτε
903 4744 1018 4797 ἀπὸ
1049 4742 1154 4796 τοῦ
1195 4740 1653 4803 ἀποκτείνοντες
1686 4737 1728 4768 ¹⁶
1764 4738 1829 4790 τὸ

266 4840 457 4911 σῶμα,
490 4839 566 4909 τῇ
596 4839 663 4891 δὲ
687 4836 861 4906 ψυχῇ
896 4836 935 4866 ¹⁷
970 4832 1055 4902 μὴ
1099 4830 1434 4897 δυναμένου
1462 4846 1515 4882 τι
1545 4827 1789 4895 ποιῆσαι
1814 4844 1827 4857 ·

266 4924 561 5000 φὸϐήθητε
589 4928 654 4981 δὲ
675 4929 780 4981 τὸν
807 4924 1139 4992 δυνάμενον
1164 4920 1261 4973 καὶ
1288 4917 1456 4987 σῶμα
1494 4916 1591 4970 καὶ
1617 4915 1828 4984 ψυχὴν

266 5027 352 5090 εἰς
396 5022 510 5091 τὴν
557 5020 808 5089 γέενναν
861 5016 966 5069 τοῦ
1018 5012 1205 5081 πυρὸς
1251 5008 1487 5075 βαλεῖν.
1519 5006 1631 5062 Ναὶ
1674 5004 1827 5075 λέγω

336 5150 364 5177 ι
391 5134 580 5189 Matth.
615 5146 730 5190 χιε.
765 5127 847 5181 17.

336 5207 367 5247 1³
407 5208 558 5259 Deut.
591 5215 767 5266 χχιιι,
800 5198 885 5252 59.

1940 3295 2083 3349 enim
2116 3295 2340 3349 Creator
2363 3302 2524 3347 notus
2552 3292 2715 3347 fuerit
2750 3302 2799 3347 et
2831 3292 3041 3346 Adamo
3071 3292 3163 3362 qui
3196 3292 3262 3344 ab
3289 3305 3354 3344 eo
3392 3289 3505 3343 for—

1940 3395 2120 3441 matus
2162 3395 2267 3450 est,
2293 3395 2346 3439 et
2373 3382 2595 3438 Enocho
2627 3384 2717 3454 qui
2750 3385 2797 3437 ei
2844 3383 3064 3453 placuit,
3093 3393 3146 3435 et
3178 3380 3303 3435 Νοιε
3329 3382 3421 3449 qui
3452 3382 3502 3436 ei

1934 3478 2115 3549 justus
2140 3494 2261 3533 esse
2286 3478 2555 3548 apparuit,
2584 3477 2836 3532 similiter
2859 3485 2910 3528 et
2933 3475 3030 3527 Ab:
3047 3476 3263 3539 ahamo,
3293 3474 3498 3537 Isaaco,

1936 3573 2160 3638 Jacobo,
2202 3571 2295 3627 sed
2339 3581 2391 3625 et
2438 3570 2628 3641 Moysi,
2674 3586 2736 3623 ac
2783 3568 3000 3638 pOpttIo,
3035 3567 3238 3636 totique
3275 3566 3499 3627 mundo,

1938 3664 2196 3735 magister
2228 3663 2401 3732 ipsius
2447 3661 2619 3725 Petri;
2647 3661 2828 3725 Jesus,
2863 3661 3084 3714 veniens
3110 3659 3247 3712 dixit
3276 3676 3289 3710 :
3330 3656 3503 3711 Nemo

1937 3759 2077 3811 novit
2105 3756 2344 3821 Patrem,
2376 3756 2481 3808 nisi
2518 3753 2709 3818 Filius,
2734 3754 2869 3807 sicut
2911 3768 3003 3804 nec
3034 3749 3234 3803 Filium
3263 3750 3378 3819 quis
3406 3765 3501 3801 no-

1938 3852 2031 3915 vit,
2061 3849 2165 3902 nisi
2206 3847 2382 3911 Pater,
2414 3854 2462 3899 et
2494 3845 2678 3914 quibus
2720 3843 2826 3895 vult
2861 3841 3034 3895 Filius
3093 3838 3312 3891 revelare
3340 3849 3384 3891 ο.
3441 3837 3497 3891 Si
3540 3850 3545 3855 ’

1935 3955 2087 4012 ergo,
2124 3939 2217 4009 qui
2247 3937 2484 3999 advenit,
2525 3936 2637 4003 ipse
2667 3933 2835 3988 Filius
2865 3942 2999 3996 erat.
3047 3940 3168 4001 post
3209 3948 3365 3985 suum
3404 3933 3491 3985 σάς

1934 4042 2154 4088 ventum
2180 4030 2384 4100 quibus
2424 4029 2595 4082 voluit
2636 4043 2781 4091 eum,
2810 4026 2902 4095 qui
2945 4023 3154 4078 cunctis
3187 4023 3496 4093 incognitus

1931 4136 2068 4191 erat,
2120 4123 2395 4177 revelavit.
2435 4119 2631 4189 Sicque
2672 4119 2925 4172 omnibus
2955 4125 3078 4169 ante
3119 4131 3241 4168 eum
3278 4113 3495 4184 ignoms

1932 4227 2048 4272 erat
2090 4216 2285 4281 Pater,
2330 4213 2661 4283 proindequc
2701 4224 2809 4263 non
2850 4218 2933 4262 est
2964 4207 3053 4261 ille
3100 4206 3354 4260 omnibus
3397 4221 3492 4259 co-

1930 4311 2131 4382 gnitus.

2001 4447 2067 4501 V.
2110 4446 2287 4514 Atque
2328 4442 2430 4496 hoc
2473 4439 2660 4493 dicens
2705 4434 2863 4489 Jesus
2914 4448 3088 4503 neque
3141 4433 3258 4502 ipse
3307 4446 3493 4487 secum

1932 4521 2217 4597 consentit.
2254 4533 2525 4587 Interdum
2555 4529 2698 4583 enim
2737 4527 2857 4580 aliis
2889 4524 3294 4594 Scripturarum
3341 4523 3493 4577 voci-

1930 4634 2033 4687 bus
2063 4628 2359 4684 timendum
2386 4640 2449 4679 ac
2476 4624 2680 4692 justum
2706 4617 3048 4673 commendat
3080 4614 3274 4681 Deum,
3304 4615 3491 4668 aiens:

1935 4722 2115 4778 Nolite
2141 4721 2318 4773 timere
2346 4732 2484 4778 eum,
2520 4715 2607 4784 qui
2638 4711 2828 4765 occidit
2860 4725 3066 4779 corpus,
3098 4708 3289 4761 anima:
3312 4714 3492 4758 autent

1932 4814 2064 4870 nihil
2092 4818 2256 4882 potest
2291 4810 2480 4878 facere,
2504 4805 2593 4859 sed
2628 4805 2802 4857 timete
2836 4819 2951 4855 eum
2981 4802 3070 4871 qui
3108 4809 3273 4869 potest
3304 4806 3352 4851 et
3377 4813 3494 4850 cor-

1930 4922 2025 4976 pus
2046 4913 2093 4957 et
2119 4902 2347 4954 animant
2370 4900 2423 4951 in
2447 4896 2727 4966 gehennam
2749 4894 2882 4963 ignis
2906 4894 3128 4945 mittere.
3160 4888 3348 4958 Utique
3374 4888 3492 4941 dico

1930 4998 2103 5060 vobis,
2155 4996 2290 5047 hunc
2330 4993 2503 5043 timete
2532 4987 2580 5042 ά.
2631 4986 2784 5052 Quod
2820 4996 3000 5039 autem
3058 4998 3184 5037 vere
3229 4987 3373 5035 hunc
3423 4978 3491 5031 ti-

2005 5120 2027 5147 ε
2055 5107 2247 5160 Matth.
2279 5120 2357 5167 χι,
2381 5101 2472 5156 ‘27.

2003 5178 2029 5218 ά
2057 5176 2246 5231 Matth.
2280 5190 2334 5240 χ,
2364 5173 2456 5226 28.

1560 5304 1793 5361 ἾΑΙίΙΑΞ
1839 5296 2236 5361 LECTIONES.

336 5424 359 5455 ⁸
385 5419 565 5474 ειδεῶν
607 5418 666 5471 tl.
744 5414 765 5445 ³
796 5411 940 5474 εἰδέα
973 5408 1033 5463 C.
1108 5406 1130 5437 “
1164 5405 1267 5459 ὑπό
1288 5401 1350 5457 0.
1428 5400 1451 5433 ⁸
1477 5402 1680 5474 ,ἠπίους
1810 5398 1952 5453 Tum
1987 5408 2144 5474 rcecp

916 5468 990 5535 ΓΟ
1020 5522 1033 5539 .
1098 5476 1326 5531 articulo
1358 5468 1577 5543 quidem
1639 5472 1952 5543 sulmotato.

1139 5548 1177 5579 ιι
1221 5541 1421 5614 Πέτρός
1470 5541 1602 5614 ίσῷνγ
1636 5541 1808 5614 ὲλθῶῖ
1832 5556 1877 5614 ,9

267 5493 389 5548 cod.
421 5494 590 5546 deest.
693 5486 713 5516 ⁸
740 5488 768 5539 6
789 5476 926 5545 Θεός
946 5478 990 5534 0
1020 5522 1033 5539 ,
1098 5476 1326 5548 articulo

268 5573 407 5631 post.
508 5561 549 5589 ¹⁰
593 5556 740 5625 αὐτῷ
795 5570 902 5608 om.
958 5550 1049 5631 0:-
1083 5550 1177 5631 ﬁt“
1221 5550 1421 5631 Det-po;
1470 5550 1603 5631 tet-3v

464 5610 751 5686 sublimata
785 5633 931 5678 sunt.
1009 5622 1050 5650 ”
1080 5616 1189 5672 Cir.
1226 5610 1484 5686 tireiltter,
1514 5612 1707 5686 Beith
1732 5610 1815 5686 ,2

2148 5392 2162 5444 i
2198 5389 2395 5460 φόϐους
2426 5403 2488 5460 c.
2521 5385 2642 5460 eod.
2662 5394 2736 5460 _et_
2750 5400 2814 5439 ex
2841 5375 3211 5460 co_nject.ACi,
3247 5372 3301 5460 in
3328 5370 3486 5460 cuius

2056 5442 2248 5533 λέἾῆοὲ
2343 5442 2391 5533 δζ
2419 5455 2583 5533 δερ·
2651 5442 3032 5533 ,Ἶάποκτένῖίει
3069 5447 3168 5533 ,ρ’
3224 5442 3485 5533 εἶι.-.Ρ²¹ῑέ⁰

1884 5512 2419 5604 ΣἮΠέτροῦίἹησοῦς
2448 5526 2614 5604 ὲ-λοών
2645 5523 2689 5579 0
2734 5542 2747 5589 ;
2798 5512 3370 5604 'guaehquidetrr‘tvflijbn.
3423 5512 3490 5604 lg-

1821 5581 1909 5673 ίὲ,
2095 5581 2441 5673 ὲεῒιινιῖεΙειῗ,
2457 5581 3045 5673 acltapos'tleitnllt‘er
3075 5606 3144 5673 t_._

785 5652 1038 5763 ἓζύιλῇται
1732 5652 1965 5741 uligo;
1987 5674 2049 5731 0.
2097 5675 2138 5706 "
2165 5672 2256 5726 τόν
2414 5652 2475 5700 ’³⁸
2516 5652 2927 5725 ἀποκτέννοντος
2957 5661 3019 5716 0.
3102 5661 3144 5695 ⁸⁷
3186 5658 3284 5713 τ’ὶιν
3312 5652 3484 5723 ψυχήν

270 5788 325 5842 ιι.
350 5752 497 5842 *δὲ
535 5770 679 5839 ψυχῇ
712 5752 947 5823 α’Τιιιιί
977 5759 1177 5815 inserui
1214 5756 1269 5810 δέ
1306 5752 1354 5812 εν.
1386 5752 1597 5809 eodem.
