4022 6336
529 276 630 332 587

1413 277 1467 329 S.
1508 272 1894 328 CLEMENTIS
1927 273 1944 326 1
1987 269 2150 325 ROM.
2190 268 2387 323 ΡΟΝΤ.
2427 267 2651 324 OPERA
2690 269 2913 326 DL‘BlA.

3603 282 3696 338 338

531 388 788 443 mendum
817 402 937 442 esse
979 386 1177 440 dixerit
1219 395 1279 438 ut
1323 384 1529 453 justum
1576 384 1763 448 Deum,
1815 383 1879 436 ad
1922 397 2073 452 quem

2183 376 2342 446 ὑμῖν,
2375 377 2586 430 τοῦτον
2620 378 2933 447 φοϐήθητε.
2970 382 3089 437 Ὅτι
3117 385 3172 440 δὲ
3218 387 3377 452 ὅντως
3409 391 3582 448 τοῦτον
3616 413 3700 464 φο-

528 488 586 534 et
622 478 819 548 injuria
847 477 1066 533 aﬂectos
1107 477 1180 530 ait
1223 475 1478 538 clamare,
1512 475 1816 544 parabolam
1869 475 1933 528 ad
1965 489 2083 529 eam

529 585 645 626 rem
680 567 962 639 proferens
989 567 1488 636 interpretationem
1517 565 1816 634 subjungit,
1857 565 2041 618 dicens
2069 583 2081 617 :

530 659 590 717 St
624 679 745 730 ergo
783 661 948 730 judea:
995 660 1292 729 iniquitatis
1336 658 1415 710 ita
1456 657 1599 725 fecit,
1625 655 1763 725 quod
1800 657 2085 725 swpissime

530 765 825 825 rogaretur,
851 761 1045 822 quanto
1076 752 1241 820 magis
1275 749 1437 802 Pater
1467 750 1622 818 faciet
1661 749 1941 801 vindictam
1971 746 2083 800 cla-

529 846 787 897 mantium
833 845 900 896 ad
945 861 997 896 se
1039 844 1123 896 die
1165 860 1226 895 ac
1265 843 1452 894 nocte?
1495 844 1596 906 An,
1626 842 1750 910 quia
1781 842 1983 909 patiens
2007 850 2081 894 est

527 951 648 1004 erga
688 935 828 999 illos,
859 935 1060 1003 putatis
1095 933 1231 1002 quod
1281 950 1380 985 non
1417 931 1614 1000 faciet?
1651 931 1916 1000 Profecto,
1944 931 2084 991 ,dico

530 1027 694 1091 vobis,
749 1027 927 1094 faciet,
971 1035 1019 1078 et
1055 1026 1158 1077 cito
1185 1038 1232 1077 ει.
1263 1025 1528 1078 Caeterum
1568 1025 1662 1095 qui
1719 1024 2080 1078 vindicantem

524 1127 577 1171 et
610 1125 1040 1172 remunerantem
1087 1117 1218 1171 dicit
1260 1115 1424 1169 Deum
1449 1158 1462 1182 ,
1487 1117 1693 1186 justum
1734 1131 1856 1169 eum
1890 1124 2081 1169 natura

525 1209 838 1273 conﬁrmat,
867 1218 919 1262 et
954 1225 1060 1262 non
1097 1210 1320 1262 bonum.
1351 1208 1613 1264 Praeterea
1656 1208 1944 1262 conﬁtetur
1973 1206 2080 1259 Do—

525 1301 673 1355 mino
705 1300 825 1356 οωιί
871 1309 923 1354 et
965 1309 1120 1354 terra:
1147 1299 1195 1353 Ι).
1224 1299 1378 1364 Quod
1429 1301 1473 1354 si
1513 1298 1776 1354 Dominus
1825 1307 1908 1352 est
1959 1296 2081 1352 cceli

522 1401 576 1445 et
609 1401 784 1456 terra},
812 1390 1116 1444 admittitur
1143 1405 1262 1444 esse
1292 1389 1584 1456 Conditor;
1618 1390 1710 1458 qui
1737 1399 1914 1443 autem
1939 1389 2080 1444 Con-

521 1485 663 1538 ditor
702 1491 805 1548 est,
845 1482 1029 1552 justus
1075 1492 1176 1536 est.
1231 1481 1535 1550 Aliquando
1590 1483 1789 1536 bonum
1829 1481 2076 1546 dicendo,

521 1574 814 1643 aliquando
860 1573 1089 1641 justum,
1147 1588 1322 1642 neque
1369 1575 1448 1627 sic
1498 1582 1782 1626 consonat.
1834 1571 2075 1625 Tertium

522 1679 651 1717 vero
683 1663 812 1732 quid
841 1663 1059 1733 sapiens
1091 1663 1234 1718 illius
1263 1664 1560 1732 discipulus
1604 1664 1716 1718 heri
1757 1662 2074 1728 aﬂirmabat,

2184 465 2410 538 ϐηθῆναι
2441 466 2622 534 ἔλεγεν
2653 467 2728 530 ὡς
2751 467 2954 522 δίκαιον
2979 471 3127 536 Θεὸν,
3153 474 3284 545 πρὸς
3321 476 3376 529 ὃν
3400 479 3487 532 καὶ
3508 479 3699 535 ἀδικου-

2187 557 2377 628 μένους
2413 557 2538 628 βοᾷν
2561 557 2727 626 λέγει,
2755 561 3067 630 παραϐολὴν
3098 567 3176 628 είς
3216 566 3366 620 τοῦτο
3396 569 3551 624 εἰπὼν
3582 574 3702 628 ἐπα-

2183 665 2268 717 γει
2290 649 2387 718 τὴν
2411 649 2704 721 ἑρμηνείαν
2728 650 2920 720 λέγων’
2947 657 3018 708 El
3045 655 3162 708 οὖν
3185 660 3217 710 ὀ
3247 659 3445 726 κριτὴς
3467 661 3568 729 τῆς
3591 663 3702 716 ἀδι-

2183 741 2315 806 κίας
2359 741 2644 810 ἐποίησεν
2685 744 2889 810 οὕτως,
2941 746 3037 801 διὰ
3081 748 3144 801 τὸ
3175 749 3452 804 ἑκάστοτε
3479 753 3705 822 ἀξιωθῆ-

2182 848 2300 894 ναι,
2336 835 2503 896 πόσῳ
2526 834 2766 902 μᾶλλον
2797 839 2829 890 ό
2856 837 3058 906 Πατὴρ
3088 839 3320 906 ποιήσει
3352 841 3461 910 τὴν
3498 844 3708 914 ἐκδίκη-

2183 940 2285 1002 σιν
2310 922 2426 976 τῶν
2445 925 2727 988 ,Βοώντων
2752 927 2904 995 πρὸς·
2921 929 3106 982 αὐτόν
3129 931 3346 998 ἡμέρας
3373 933 3467 986 καὶ
3486 937 3710 1002 ’νυκτός

2184 1001 2224 1068 ἦ
2281 1015 2322 1046 ¹⁸
2339 1015 2435 1069 διὰ
2458 1016 2521 1069 τὸ
2545 1020 2944 1088 μακροθυμεῖν
2971 1021 3155 1075 αὐτὸν
3178 1024 3269 1076 ἐπ’
3289 1025 3484 1092 αὐτοῖς
3508 1001 3711 1083 δοκεῖτε

2182 1104 2272 1158 ὅτι
2301 1108 2372 1159 οὐ
2419 1107 2686 1172 ποιήσει;
2734 1110 2846 1172 Ναὶ
2875 1113 2940 1174 ι’,
2968 1112 3122 1182 λέγω
3165 1115 3322 1183 ὑμῖν,
3354 1117 3599 1183 ποιήσει,
3628 1119 3714 1172 καὶ

2179 1195 2248 1247 ἐν
2283 1195 2465 1263 τάχει.
2525 1198 2580 1249 Ὁ
2613 1197 2667 1250 δέ
2709 1199 3023 1255 ἐκδικοῦντα
3051 1202 3210 1273 337
3251 1207 3342 1259 καὶ
3368 1207 3713 1278 -ἀμειϐόμενον

2180 1286 2352 1354 λέγων
2381 1287 2510 1340 Θεὸν
2551 1288 2755 1344 δίκαιον
2799 1292 2956 1344 αὑτὸν
2995 1298 3059 1364 τῇ
3093 1295 3249 1362 φύσει
3293 1298 3609 1368 συνίστησιν,
3633 1300 3716 1353 καὶ

2179 1378 2278 1431 οὐκ
2315 1380 2534 1447 ἀγαθόν.
2572 1383 2690 1436 Ἔτι
2731 1383 2786 1435 δὲ
2820 1385 2910 1436 καὶ
2947 1386 2991 1416 ⁸ο
3028 1387 3421 1456 ἐξομολογεῖται
3451 1389 3525 1459 τῷ
3547 1391 3716 1460 Κυρίῳ

2178 1470 2403 1541 ούρανοῦ
2449 1473 2542 1524 καὶ
2569 1473 2691 1543 γῆς.
2737 1475 2799 1526 Ei
2847 1475 2903 1527 δὲ
2951 1476 3154 1547 Κύριός
3197 1480 3340 1532 ἐστιν
3386 1481 3718 1551 ούρανοῦ-καὶ

2178 1564 2300 1634 γῆς,
2346 1563 2681 1634 ὁμολογεῖται
2725 1565 3069 1640 δημιουργὸς,
3114 1570 3438 1642 δημιουργὸς
3465 1572 3519 1624 δὲ
3550 1572 3620 1625 ὢν
3650 1574 3719 1627 δί-

2178 1655 2331 1718 καιός
2361 1657 2522 1709 ἐστιν.
2553 1657 2687 1708 Ποτὲ
2713 1659 2808 1728 μὲν
2831 1660 3029 1726 ἀγαθὸν
3052 1661 3246 1729 λέγων,
3274 1664 3402 1716 ποτέ
3432 1663 3484 1714 δὲ
3511 1663 3720 1727 δίκαιον,

521 1757 890 1823 operationem
936 1755 1145 1809 visione
1199 1755 1460 1824 potiorem
1508 1770 1660 1820 esse,
1695 1755 1936 1823 ignarus,
1971 1754 2073 1808 evi-

2174 1745 2469 1811 ούδόὓτως
2516 1754 2807 1820 συμφωνεῖ.
2849 1749 3038 1822 Τρίτον
3075 1751 3131 1804 δὲ
3176 1756 3205 1806 ό
3249 1755 3411 1823 σοφὸς
3446 1754 3722 1824 αυτοῦ-μα-

519 1847 755 1900 dentiam
803 1861 962 1914 posse
1001 1862 1123 1901 esse
1171 1847 1485 1911 humanam,
1533 1855 1742 1900 certum
1792 1860 1917 1898 vero
1959 1859 2078 1899 esse

519 1938 659 2007 apud
695 1953 903 2004 omnes,
930 1938 1190 1992 visionem
1216 1937 1283 1992 ad
1313 1936 1654 1991 Divinitatem
1679 1937 1965 2006 pertinere.

588 2204 678 2260 Vl.
734 2187 858 2259 Haec
887 2214 1048 2273 atque
1094 2203 1177 2257 his
1219 2202 1369 2272 paria
1396 2245 1411 2268 ,
1446 2201 1642 2268 Petre,
1689 2199 1877 2255 Simon
1921 2209 2078 2257 extra

517 2308 668 2353 stans
697 2298 823 2352 dum
856 2295 1192 2350 multitudini
1222 2295 1512 2361 edisserit,
1549 2294 1732 2360 plures
1761 2295 1894 2348 mihi
1927 2295 2074 2349 vide-

516 2400 604 2444 tur
631 2389 982 2444 conturbare.
1017 2386 1290 2452 Quocirca
1317 2387 1402 2440 exi
1431 2387 1636 2452 statim,
1667 2397 1719 2442 et
1749 2388 1798 2440 vi
1827 2388 2072 2442 veritatis

515 2478 682 2534 falsos
709 2479 828 2548 ejus
863 2479 1102 2534 dissolve
1150 2494 1452 2534 sermones.
1489 2477 1700 2544 Quibus
1741 2495 1770 2533 a
1812 2479 2072 2534 Zacchteo

513 2570 674 2625 dictis
703 2612 718 2637 ,
760 2569 954 2624 Petrus
992 2585 1089 2638 pro
1138 2584 1289 2624 more
1336 2577 1589 2639 precatus
1645 2586 1899 2640 egressus
1947 2581 2067 2634 est,

513 2677 753 2730 cumque
785 2663 838 2714 in
876 2661 1065 2715 eodem
1099 2661 1251 2726 loco,
1286 2661 1338 2714 in
1368 2676 1477 2730 quo
1504 2661 1773 2729 superiori
1801 2661 1905 2726 die,
1938 2677 2071 2716 con-

513 2754 777 2818 stitisset,
819 2769 883 2806 ac
927 2767 993 2806 ex
1035 2752 1315 2821 religionis
1365 2752 1761 2806 consuetudine
1811 2753 2066 2822 populum

512 2846 829 2911 salutasset,
863 2845 938 2898 ita
968 2845 1131 2912 ccepit
1160 2843 1310 2912 loqui
1345 2859 1358 2895 :
1395 2841 1659 2897 Dominus
1699 2853 1886 2896 noster
1909 2841 2069 2898 Jesus

509 2937 800 3003 Christus,
851 2945 1034 3004 utpote
1068 2950 1229 2989 verus
1273 2933 1542 3004 Propheta
1590 2935 2065 3004 (quemadmodum

512 3029 567 3084 in
599 3039 840 3098 tempore
870 3043 931 3081 ea
960 3042 1178 3096 quoque
1205 3027 1271 3080 de
1303 3043 1359 3080 re
1397 3026 1891 3080 demonstrationes
1937 3027 2067 3081 affe-

509 3123 674 3191 ram),
707 3121 848 3175 circa
889 3135 971 3183 ea,
997 3135 1118 3187 quae
1152 3119 1217 3171 ad
1255 3119 1534 3171 veritatem
1568 3126 1846 3186 spectant,
1877 3119 2066 3173 breves

509 3211 640 3266 fecit
668 3210 986 3274 sententias,
1017 3221 1234 3278 propter
1261 3208 1375 3262 haec
1406 3208 1535 3269 duo,
1561 3207 1818 3276 primum,
1845 3208 1971 3276 quia
1999 3209 2066 3261 ad

508 3300 628 3370 pios
659 3299 1005 3368 loquebatur,
1033 3299 1264 3352 scientes
1289 3298 1355 3350 ah
1378 3313 1442 3350 eo
1470 3313 1564 3365 per
1589 3297 1910 3349 sententiam
1942 3312 2067 3364 pro-

509 3395 616 3448 lata
669 3393 906 3448 credere.
961 3391 1144 3461 Neque
1179 3392 1323 3445 enim
1378 3405 1517 3442 nova
1565 3398 1724 3442 erant
1769 3391 1836 3442 ad
1877 3404 2062 3442 eorum

507 3485 953 3542 consuetudinem
981 3527 994 3549 ,
1031 3499 1152 3554 quae
1180 3483 1523 3538 dicebantur.
1562 3481 1815 3536 Secundo
1843 3491 2020 3535 autem
2047 3525 2062 3548 ,

509 3580 637 3650 quia
670 3579 877 3632 habens
903 3577 1231 3647 praeﬁnitum
1260 3574 1664 3646 pratdicationis
1696 3580 1906 3642 tempus
1935 3588 2064 3643 pro-

507 3671 939 3727 bationibusnon
965 3670 1239 3734 utebatur,
1267 3683 1332 3722 ne
1363 3666 1417 3721 in
1447 3680 1726 3721 sermones
1750 3681 1911 3720 omne
1933 3665 2062 3718 illud

505 3773 720 3833 tempus
753 3761 1091 3826 insumeret,
1140 3760 1328 3830 sicque
1358 3759 1407 3812 ei
1451 3757 1806 3827 contingeret,
1849 3766 1909 3810 ut
1936 3757 2062 3810 dum

507 3864 868 3924 occuparetur
899 3853 952 3906 in
980 3849 1519 3920 interpretationibus
1543 3863 1840 3918 paucorum
1870 3847 2063 3901 verbo-

506 3963 649 4010 rum,
679 3962 800 4016 quaa
826 3961 948 4000 cum
982 3945 1165 3997 labore
1198 3942 1365 3995 animi
1396 3950 1621 4010 possent
1649 3939 1904 4010 intelligi,
1933 3939 2063 3993 doc-

505 4039 703 4092 trinam
733 4035 976 4090 veritatis
998 4050 1106 4087 non
1137 4033 1364 4087 multum
1394 4040 1758 4102 promoveret.
1789 4029 1972 4098 Itaque
1994 4029 2060 4083 de

507 4131 704 4199 quibus
735 4129 949 4183 volebat
979 4125 1398 4198 pronuntiabat,
1432 4135 1491 4177 ut
1517 4123 1715 4192 populo
1743 4122 1939 4176 valenti
1971 4122 2058 4175 in-

506 4223 769 4290 telligere,
805 4236 869 4274 ex
910 4220 1110 4288 quibus
1141 4232 1241 4272 nos
1267 4215 1432 4270 etiam
1471 4230 1661 4269 sumus
1680 4257 1696 4280 ,
1723 4213 1814 4284 qui
1841 4213 2058 4283 quando

506 4312 581 4380 (id
610 4312 752 4380 quod
785 4326 914 4365 raro
951 4309 1168 4378 accidit)
1210 4309 1278 4362 ab
1301 4322 1367 4362 eo
1395 4305 1537 4360 dicta
1581 4321 1687 4359 non
1727 4305 2060 4374 percipieba-

2092 3081 2134 3136 C

2177 1836 2342 1908 θητὴς
2375 1839 2526 1908 ἐχθὲς
2555 1841 2602 1870 ’ί
2625 1840 3001 1913 διισχυρίζετο,
3027 1844 3314 1915 ἐνάργειαν
3341 1847 3597 1910 ὀπτασίας
3619 1848 3725 1900 ἰκα-

2173 1929 2410 2001 νωτέραν
2443 1926 2600 1993 εἶναι,
2650 1933 2750 1986 οὑκ
2783 1933 2938 1996 είδὼς
2977 1935 3059 1988 ὅτι
3101 1938 3138 2007 μή
3173 1937 3429 2008 ἐνάργεια
3457 1939 3501 1968 ’³
3533 1938 3725 2010 ἀνθρω-

2175 2021 2299 2072 πεία
2331 2017 2464 2074 εἶναι
2499 2021 2736 2088 δύναται,
2767 2026 2798 2094 ὴ
2825 2025 2884 2077 δέ·
2903 2026 3136 2081 ὀπτασία
3174 2027 3426 2100 θεότητος
3449 2024 3585 2083 εἶναι
3612 2032 3727 2101 ὁμο-

2173 2111 2423 2179 λογεῖται.

2245 2201 2332 2256 Vl.
2364 2203 2546 2257 Ταῦτα
2578 2206 2672 2260 καί
2703 2205 2772 2259 τὰ
2796 2206 3006 2271 τούτοις
3036 2209 3197 2280 ὃμοια
3217 2251 3232 2275 ,
3261 2210 3435 2282 Πέτρε
3455 2252 3469 2275 ,
3502 2212 3530 2263 ὁ
3562 2211 3728 2282 Σίμων

2169 2293 2280 2354 τοῖς
2309 2290 2484 2362 ὄχλοις
2528 2293 2630 2360 ἔξω
2664 2295 2837 2358 ἐστὼς
2869 2299 2962 2349 καὶ
2996 2297 3041 2328 ³³
3077 2297 3499 2369 διαλεγόμενος,
3543 2301 3730 2372 ταράσ·

2173 2399 2283 2435 σειν
2329 2401 2418 2454 μοι
2466 2385 2612 2438 δοκεῖ
2653 2388 2779 2451 τοὺς
2825 2388 3093 2452 πλείονας.
3141 2390 3238 2444 Διὸ
3287 2393 3520 2464 ἐξαυτῆς
3564 2392 3729 2460 ἔξιθι,

2171 2474 2425 2544 ἀληθείας
2449 2477 2671 2548 δυνάμει
2696 2480 2823 2542 τοὺς
2849 2480 3012 2533 αὑτοῦ
3038 2481 3259 2551 ψευδεῖς
3286 2485 3496 2538 ἐκλύων
3531 2485 3728 2555 λόγους.

2171 2566 2354 2622 Ταῦτα
2374 2568 2466 2621 τοῦ
2491 2570 2760 2639 Ζακχαίου
2783 2573 3026 2638 εἰπόντος
3048 2578 3076 2628 ὁ
3099 2576 3309 2648 Πέτρος
3332 2577 3576 2648 συνήθως
3595 2576 3733 2643 εὐξά-

2174 2675 2332 2728 μενος
2367 2658 2541 2730 ἐξῄει,
2584 2664 2677 2716 καὶ
2709 2664 2789 2725 είς
2825 2663 2916 2718 τὸν
2948 2665 3053 2736 πρὸ
3089 2669 3222 2736 μιᾶς
3247 2669 3414 2722 τόπον
3449 2669 3578 2732 στάς
3600 2709 3614 2735 ,
3646 2669 3733 2724 καὶ

2167 2748 2246 2819 τῷ
2278 2751 2376 2821 τῆς
2409 2751 2714 2817 θεοσεϐείας
2745 2755 2854 2808 ἔθει
2885 2759 3338 2830 προσαγορεύσας
3377 2762 3504 2824 τοὺς
3534 2761 3730 2831 ὄχλους,

2166 2840 2260 2892 τοῦ
2300 2840 2476 2910 λέγειν
2523 2843 2722 2916 ἧρξατο
2767 2847 2956 2910 οὕτως·
3008 2849 3241 2921 Ἀληθὴς
3270 2850 3347 2904 ὢν
3393 2854 3669 2924 προφήτης
3708 2854 3736 2905 ό

2168 2927 2369 2999 Κύριος
2396 2929 2548 2999 ἡμῶν
2587 2929 2792 3002 Ἰησοῦς
2818 2934 3047 3004 Χριστὸς
3072 2936 3134 3002 ’⁸,
3179 2939 3261 3002 ὡς
3294 2939 3389 2991 ἐπὶ
3431 2940 3619 3012 καιροῦ
3653 2941 3736 2993 καὶ

2169 3020 2294 3090 περὶ
2320 3021 2512 3073 τούτου
2536 3023 2640 3093 πλη
2651 3027 2933 3098 ροφορήσω
2954 3068 2968 3090 ,
2999 3028 3124 3100 περὶ
3149 3031 3262 3083 τῶν
3283 3036 3354 3103 τῇ
3384 3033 3609 3103 ἀληθείᾳ
3632 3031 3736 3084 δια-

2169 3111 2438 3180 φερόντων
2468 3115 2744 3184 συντόμως
2775 3115 2874 3179 τάς
2898 3119 3198 3187 ἀποφάσεις
3229 3124 3473 3176 ἐποιεῖτο
3491 3165 3506 3188 ,
3541 3123 3627 3176 aut
3652 3123 3736 3176 δύο

2165 3203 2336 3256 ταῦτα
2363 3204 2426 3268 ’³,
2459 3205 2538 3257 ὅτι
2565 3207 2700 3278 πρὸς
2726 3207 2996 3275 θεοσεϐεῖς
3028 3214 3264 3267 ἐποιεῖτο
3291 3216 3386 3268 τὸν
3413 3216 3591 3284 λόγον,
3613 3217 3738 3270 εἰδό-

2164 3311 2262 3357 τας
2301 3294 2369 3347 τά
2412 3296 2681 3366 ἀποφάσει
2727 3299 2818 3350 ὑπ’
2859 3299 3023 3353 αὐτοῦ
3063 3304 3419 3376 ἐκφερόμενα
3449 3308 3734 3360 πιστεύειν

2165 3387 2283 3439 οὐδὲ
2309 3387 2414 3459 γὰρ
2437 3385 2503 3458 ἦν
2537 3389 2660 3453 ξένα
2698 3392 2800 3462 τῆς
2823 3394 2998 3446 αὐτῶν
3033 3397 3327 3467 συνηθείας
3355 3401 3426 3454 τά
3457 3402 3736 3473 λεγόμενα.

2164 3479 2420 3550 Δεύτερον
2465 3481 2520 3534 δέ
2560 3482 2639 3534 ὅτι
2688 3484 3026 3555 προθεσμίαν
3079 3487 3218 3557 ἔχων
3250 3493 3496 3562 κηρύξαι
3540 3493 3617 3564 τῷ
3653 3494 3742 3564 τῆς

2165 3569 2488 3634 ἀποδείξεως
2508 3571 2606 3624 ούκ
2622 3573 2820 3642 ἐχρῆτο
2834 3573 3000 3644 λόγῳ,
3190 3579 3282 3633 ἵνα
3298 3582 3376 3650 μὴ
3395 3583 3478 3645 είς
3499 3582 3686 3650 λόγους
3700 3581 3741 3612 ⁸⁸

2162 3659 2251 3713 τὸν
2285 3661 2459 3716 πάντα
2485 3663 2585 3732 τῆς
2629 3665 2967 3736 προθεσμίας
2999 3668 3223 3740 δαπανῴ
3278 3674 3326 3704 ³³
3378 3675 3574 3747 χρόνον
3598 3715 3611 3738 ,
3657 3675 3745 3731 καὶ

2162 3750 2333 3814 οὕτως
2357 3752 2505 3823 αὐτῷ
2531 3753 2883 3825 συμϐήσεται,
2917 3759 2996 3821 είς
3018 3759 3209 3830 ὀλίγων
3268 3762 3448 3833 λόγων
3477 3767 3743 3829 ἐπιλύσεις

2161 3842 2563 3916 ἀσχολουμένῳ,
2589 3845 2695 3899 τῶν
2720 3845 2823 3899 ὑπὸ
2847 3848 3007 3902 πόνου
3031 3851 3208 3923 ψυχῆς
3230 3858 3484 3912 νοεῖσθαι
3517 3859 3746 3931 δυναμέ-

2160 3953 2286 4000 νων,
2314 3938 2440 3999 τοὺς
2469 3937 2694 4008 ἀληθείᾳ
2719 3938 3075 4011 διαφέροντας
3110 3944 3184 4015 μὴ
3211 3947 3309 4001 ἐπὶ
3350 3950 3542 4004 πλεῖον
3565 3952 3742 4021 είσφέ-

2165 4045 2275 4100 ρειν
2308 4030 2352 4060 ’⁸
2385 4029 2591 4098 λόγους.
2632 4031 2846 4104 Ἐπειδὴ
2878 4035 3005 4106 περὶ
3041 4029 3114 4090 ὧν
3140 4038 3336 4108 ἤθελεν
3378 4043 3743 4112 ἀπεφαίνετο.

2159 4120 2233 4184 ὡς
2265 4121 2378 4192 λαῷ
2400 4127 2538 4176 νοεῖν
2561 4123 2860 4196 δυναμένῳ,
2901 4127 2993 4195 ἀφ’
3033 4121 3105 4181 ὧν
3139 4131 3311 4201 ἐσμεν
3355 4135 3457 4187 καὶ
3493 4138 3672 4205 ἡμεῖς,
3697 4134 3744 4186 οἳ

2159 4213 2316 4267 ὁπότε
2350 4214 2490 4268 κατά
2518 4215 2579 4268 τὸ
2626 4218 2848 4270 σπάνιον
2889 4220 2989 4272 οὐκ
3029 4222 3334 4292 ἐνοήσαμέν
3363 4242 3420 4278 τι
3445 4226 3493 4258 ¹⁹
3523 4228 3632 4281 τῶν
3658 4227 3745 4279 ὑπ’

2160 4306 2320 4359 αὐτοῦ
2353 4307 2640 4378 ῥηθέντων,
2672 4308 2777 4380 ἰδίᾳ
2803 4310 3231 4382 ἐπυνθανόμεθα,
3264 4316 3343 4387 μὴ
3382 4318 3524 4388 ἡμῖν
3557 4337 3615 4371 τι
3640 4318 3746 4370 τῶν

504 4417 653 4468 mus,
689 4416 932 4458 seorsum
969 4401 1418 4466 sciscitabamur,
1452 4414 1520 4454 ne
1554 4398 1684 4468 quid
1719 4413 1907 4452 eorum
1939 4412 2060 4468 quae

2171 4399 2250 4450 ὕπ’
2274 4398 2434 4452 αὑτοῦ
2461 4399 2728 4471 ῥηθέντων
2761 4401 2982 4472 ἀνόητον
3012 4403 3055 4434 ³ο

501 4493 717 4548 dicebat
748 4495 906 4548 nobis
933 4503 1078 4549 esset
1113 4494 1428 4548 obscurum.

578 4580 687 4636 VII.
723 4582 912 4638 Sciens
944 4599 1106 4653 ergo,
1138 4598 1238 4638 nos
1265 4591 1458 4637 cuncta
1483 4580 1551 4634 ab
1579 4596 1643 4635 eo
1673 4581 1880 4650 prolata
1922 4595 2055 4650 cog-

503 4690 750 4738 noscere,
777 4690 842 4729 ac
859 4691 1019 4745 posse
1044 4675 1533 4730 demonstrationes
1553 4675 1814 4742 praebere,
1839 4675 2057 4742 quando

505 4767 654 4822 misit
678 4783 778 4820 nos
801 4767 866 4820 ad
897 4767 1178 4837 imperitas
1209 4773 1416 4836 gentes,
1442 4773 1502 4819 ut
1527 4780 1622 4820 eos
1653 4765 2055 4834 baptizaremus

505 4859 562 4914 in
593 4858 967 4913 remissionem
1005 4867 1350 4927 peccatorum
1383 4868 1432 4924 ε,
1468 4858 1743 4928 praecepit,
1799 4865 1856 4910 ut
1907 4858 2056 4926 prius

2221 4582 2328 4638 Vll.
2362 4584 2530 4649 Εἰδὼς
2560 4581 2652 4640 οὖν
2675 4589 2820 4658 ἡμᾶς
2845 4589 3020 4643 πάντα
3049 4590 3256 4654 εἰδότας
3281 4591 3328 4623 ⁸¹
3358 4593 3434 4647 τὰ
3461 4595 3559 4648 ὑπ’
3585 4592 3748 4648 αὑτοῦ

2165 4674 2394 4746 ρηθέντα
2426 4678 2519 4729 καὶ
2561 4675 2660 4739 τὰς
2691 4678 2991 4743 ἀποδείξεις
3016 4683 3317 4750 παρασχεῖν
3364 4681 3745 4753 δυναμένους,

2142 4769 2239 4848 ,εἰς
2257 4765 2323 4819 τὰ
2338 4765 2523 4837 ἀμαθῆ
2543 4766 2668 4837 ἔθνη
2688 4769 3026 4822 ἀποστέλλων
3046 4771 3212 4840 ἡμᾶς,
3233 4770 3531 4839 βαπτίζειν
3552 4773 3750 4836 αὐτοὺς

2163 4861 2242 4922 εἰς
2266 4859 2455 4929 ἄφεσιν
2481 4859 2793 4932 ἁμαρτιῶν,
2839 4861 3144 4916 ἐνετείλατο
3186 4864 3315 4933 ἡμῖν
3355 4867 3642 4936 πρότερον
3671 4867 3748 4918 δι-

574 5065 600 5092 ·
634 5053 764 5110 Luc.
800 5070 953 5118 xvni,
984 5054 1035 5108 6.
1105 5054 1133 5093 ι)
1160 5053 1344 5110 Matth.
1373 5071 1446 5121 x1,
1472 5055 1560 5110 25.
1640 5066 1662 5092 ε
1693 5054 1885 5109 Matth.
1913 5043 2114 5124 x‘xvm,
2145 5059 2230 5114 19.

1793 5276 2026 5332 VARUE
2062 5276 2456 5332 LECTIONES.

571 5413 620 5454 ³⁸
648 5413 696 5465 εί
756 5409 821 5466 Ο.
900 5410 940 5444 ¹⁹
983 5408 1058 5463 Ita
1090 5406 1134 5463 Ο
1201 5415 1254 5463 et
1292 5424 1358 5462 ex
1411 5410 1640 5479 conject.
1699 5413 1738 5462 C
1777 5453 1790 5477 ,

501 5487 546 5518 ἰ
589 5484 712 5554 χθές
852 5479 988 5534 Tum
1006 5481 1303 5554 ’ἐνάργειαν
1339 5481 1483 5554 conj.
1513 5482 1615 5554 βίη
1643 5482 1919 5554 ἐνέργειαν
1942 5485 2006 5554 ς,
2029 5482 2091 5536 0.

501 5549 694 5609 melius
735 5553 963 5607 abesset.
1001 5550 1057 5604 S.
1123 5549 1181 5580 ³⁸⁵
1203 5549 1450 5619 Χριστός
1475 5552 1597 5605 add.
1640 5569 1688 5605 c.
1714 5549 1779 5605 Ο.

501 5627 544 5656 ’τ
573 5624 786 5692 δαπανᾴ
816 5621 880 5676 0.

1844 5411 1900 5464 in‘
1956 5413 2064 5479 cui.
2104 5421 2250 5467 textu
2315 5412 2427 5464 καί.
2495 5409 2711 5465 Excidit
2763 5427 2849 5480 ap.
2895 5411 2954 5466 Cl
3014 5421 3068 5467 et
3117 5410 3174 5466 S.
3278 5411 3324 5442 ²⁰

1633 5569 1688 5625 ρ.
1714 5551 1795 5625 Ο,Δ
1872 5551 2079 5625 "Post
2126 5551 2520 5625 caﬁraeicidit
2567 5551 2800 5625 fortasse
2836 5551 3063 5625 πρῶτον*
3091 5551 3272 5624 μέν.5.

957 5622 1000 5652 ²⁵
1029 5620 1276 5692 ἐκφέρειν
1297 5690 1306 5692 _
1330 5622 1578 5689 proponit
1757 5622 1800 5652 ¹⁹
1827 5639 1879 5673 τι
1905 5623 2093 5677 deesse
2140 5625 2275 5677 vidit
2301 5622 2339 5676 S
2387 5640 2399 5674 :
2422 5622 2532 5691 jam
2581 5624 2808 5677 accessit
2846 5619 2911 5675 ex
3035 5619 3224 5677 Pustea
3253 5623 3323 5692 μή
3351 5638 3409 5676 c.
3461 5619 3740 5679 Credner.

2353 5415 2427 5496 αἱ.
2495 5415 2711 5465 Excidit
2763 5427 2872 5496 ap._
3014 5421 3084 5496 et.
3278 5415 3496 5496 ’"nxgi
3523 5432 3649 5496 om.
3676 5415 3744 5496 0‘.

2207 5485 2250 5514 "
2280 5483 2537 5553 ἐνάργεια
2567 5496 2631 5534 ex
2669 5483 2897 5550 conject.
2930 5483 2986 5534 Cl
3019 5523 3032 5545 ,
3069 5483 3313 5554 ἐνέργεια
3330 5483 3490 5543 0.0.
3580 5486 3628 5515 ’³
3651 5484 3740 5538 καὶ

2207 5553 2294 5605 ὂτα
2315 5555 2520 5623 excidit
2567 5551 2800 5607 fortasse
2836 5551 3060 5623 πρῶτον
3091 5554 3272 5623 μέν.5.
3395 5555 3444 5584 ’⁵
3478 5555 3647 5623 λόγον
3679 5555 3741 5609 0.

499 5694 665 5748 Bcitr.
699 5713 738 5758 ι,
763 5690 903 5759 9.97;
931 5693 1015 5745 ἵνα
1038 5690 1262 5762 uterque
1296 5690 1442 5745 hom.
1479 5693 1627 5758 θυι,
1670 5693 1755 5744 ἵνα
1789 5693 1859 5763 μή
1883 5692 2027 5761 conj.
2060 5694 2119 5748 (Σ.
2198 5694 2241 5725 ³ο
2282 5693 2358 5764 μὴ
2386 5692 2610 5763 ἀνόητον
2642 5709 2693 5763 p.
2727 5690 3015 5761 ἀνόητονΟ.
3099 5693 3141 5724 ³ί
3174 5690 3387 5754 εἰδότας
3425 5696 3628 5748 πάντα
3672 5694 3736 5747 C.
