4022 6336
202 382 303 440 335

1261 377 1714 435 CLEMENTINA.
1771 410 1838 419 —
1878 375 2161 435 llOMlLlA
2210 374 2369 430 XVII.

3344 374 3450 430 396

202 501 291 558 τοῦ
323 501 588 566 ζωοποιδν
629 502 722 556 καὶ
759 500 1020 572 φρόνιμον
1047 499 1207 571 342
1236 499 1550 553 ἐκτείνουσα
1595 497 1775 567 φύσιν.

1886 496 2065 549 vidam
2102 493 2435 563 protendens
2471 490 2713 545 divinam
2759 499 3030 546 naturam.
3061 488 3175 546 Hoc
3200 491 3362 560 igitur
3382 506 3451 547 ex

201 596 370 650 τοῦτο
398 592 493 649 οὖν
525 596 669 662 τὺ⁹ὲξ
703 594 865 648 αὑτοῦ
897 592 1230 663 πανταχόθεν
1251 593 1474 664 ἄπειρον
1496 593 1541 623 ³³
1567 591 1778 662 ἀνάγκη

201 688 338 746 εἶναι
388 690 645 762 καρδίαν,
694 688 814 759 ἔχον
854 688 947 741 τὸν
982 688 1151 750 ὅντως
1182 686 1325 758 ὑπὲρ
1358 685 1534 762 πάντα
1559 686 1615 737 ὲν
1651 684 1782 754 σχή-

202 800 350 854 ματι,
377 758 624 845 ὃςξόπου
663 758 781 834 πότ’
808 779 873 833 ἂν
904 775 961 851 ᾖ,
995 779 1071 842 ὡς
1100 780 1158 831 ὲν
1188 758 1399 849 ἀπείριςᾶ
1427 777 1589 847 μέσος
1611 776 1777 839 ἐστὶν,

195 870 286 923 τοῦ
327 868 532 933 παντὸς
579 868 841 941 ὑπάρχων
872 868 1015 939 ὅρος.
1069 869 1186 920 Ἀπ’
1218 867 1382 921 αὑτοῦ
1415 863 1507 921 οὖν
1538 867 1778 938 ἀρχόμε-

195 978 283 1015 ναι
324 961 382 1014 αῖ
436 961 688 1023 ἐκτάσεις
705 960 749 992 ⁶⁶
778 960 837 1026 ἐξ
877 960 1196 1029 ἀπεράντων
1239 960 1419 1031 έχουσι
1458 959 1559 1032 τὴν
1593 960 1776 1029 φύσιν.

197 1041 294 1100 Ὧν
337 1048 366 1099 6
417 1047 518 1118 μὲν
550 1048 644 1101 ἀπ’
674 1048 838 1101 αὑτοῦ
877 1047 1058 1102 λαϐὼν
1087 1049 1187 1119 τὴν
1220 1049 1394 1121 ἀρχὴν
1425 1049 1709 1103 διικνεῖται
1733 1051 1778 1084 ⁸⁸

198 1144 277 1205 είς
313 1140 450 1212 ὕψος
481 1140 613 1206 ἀνω,
642 1143 671 1195 6
700 1141 756 1193 δὲ
787 1142 868 1205 είς
892 1141 1053 1212 βάθος
1089 1142 1263 1204 κάτω,
1298 1144 1326 1196 6
1363 1142 1420 1195 δὲ
1454 1145 1545 1197 ἐπὶ
1576 1142 1777 1210 δεξιὰν,

197 1235 227 1286 6
253 1234 308 1286 δὲ
332 1234 429 1287 ἐπὶ
459 1233 642 1297 λαιὰν,
672 1235 701 1287 6
729 1233 787 1286 δὲ
810 1232 1136 1305 ἔμπροσθεν,
1165 1237 1193 1288 6
1217 1235 1273 1289 δὲ
1304 1235 1545 1300 ὄπισθεν,
1579 1237 1659 1299 εἰς
1686 1235 1783 1298 06;

201 1324 361 1387 αὐτὸς
388 1323 718 1377 ἀποϐλέπων
744 1324 820 1386 ὡς
855 1324 936 1385 είς
972 1324 1205 1395 ἀριθμὸν
1236 1324 1569 1395 πανταχόθεν
1600 1321 1715 1377 ἴσον
1735 1325 1779 1356 ⁸¹

196 1419 470 1494 χρονικοῖς
501 1416 561 1482 ἒξ
593 1416 923 1488 διαστήμασι
953 1417 1193 1470 συντελεί
1212 1417 1257 1448 ⁸³
1288 1417 1379 1471 τὸν
1419 1418 1641 1489 κόσμον,
1678 1419 1779 1472 αὐ·-

194 1510 283 1573 τδς
313 1510 626 1572 ἀνάπαυσις
656 1508 732 1563 ῶν
770 1510 865 1562 καὶ
902 1510 992 1563 τὸν
1036 1510 1291 1581 ἐσόμενον
1341 1510 1567 1582 ἄπειρον
1610 1510 1781 1564 αίῶνα

197 1602 377 1656 εἰκόνα
400 1601 563 1671 ἔχων,
595 1600 737 1671 ἀρχὴ
766 1598 842 1652 ῶν
874 1600 969 1653 καὶ
988 1599 1236 1670 τελευτή.
1263 1600 1358 1662 Εἰς
1385 1600 1546 1653 αὐτὸν
1578 1600 1686 1673 γὰρ
1712 1601 1781 1655 τά

197 1694 251 1759 ἒξ
297 1694 512 1764 ἄπειρα
560 1692 808 1762 τελευτᾷ,
852 1690 947 1744 καὶ
988 1692 1082 1744 ἀπ’
1117 1690 1280 1744 αὑτοῦ
1314 1691 1414 1762 τὴν
1446 1692 1525 1754 είς
1555 1692 1781 1764 ἄπειρον

197 1786 419 1840 ἔκτασιν
445 1785 489 1816 ⁸⁸
517 1782 806 1855 λαμϐάνει.

1881 586 1974 640 illo
2006 585 2253 654 undique
2278 582 2552 637 inﬁnitum
2580 581 2892 634 necessario
2915 589 2999 634 est
3022 595 3138 645 cor,
3178 580 3453 649 habetque

1880 676 1935 730 in
1981 677 2151 745 ﬁgura
2205 690 2330 729 eum
2382 674 2476 743 qui
2517 688 2646 727 vere
2683 680 2880 727 cuneta
2923 682 3176 740 superat,
3210 670 3303 740 qui
3332 670 3455 724 uhl-

1880 783 2099 837 cunque
2124 766 2310 831 fuerit,
2344 766 2495 820 velut
2529 766 2582 819 in
2618 764 2831 819 inﬁnito
2858 764 3072 818 medius
3094 772 3198 824 est,
3233 763 3456 816 univer-

1883 860 2040 930 sique
2064 858 2354 914 terminus.
2382 856 2466 911 Ab
2487 872 2552 911 eo
2573 857 2737 926 igitur
2761 854 3085 924 incipientes
3109 855 3455 909 extensiones

1880 967 1946 1004 ex
1981 949 2267 1004 immensis
2307 948 2511 1002 habent
2554 955 2831 1001 naturam.
2868 944 3114 1011 Quorum
3161 944 3297 999 alter
3333 946 3459 1014 qui-

1880 1040 2029 1104 dem,
2056 1039 2124 1094 ab
2156 1054 2223 1093 eo
2246 1039 2461 1093 initium
2500 1037 2799 1107 accipiens,
2830 1043 3081 1105 penetrat
3117 1034 3171 1088 in
3212 1032 3459 1087 altitudi-

1882 1147 2005 1187 nem
2036 1147 2225 1201 supra,
2253 1131 2389 1184 alter
2419 1145 2550 1184 vero
2575 1129 2631 1183 in
2666 1126 3098 1198 profunditatem
3129 1122 3292 1187 infra,
3321 1123 3459 1178 alter

1881 1225 1950 1279 ad
1993 1224 2277 1288 dextram,
2325 1222 2464 1275 alter
2503 1220 2570 1275 ad
2629 1219 2942 1284 sinistram,
2971 1217 3114 1271 alius
3139 1224 3283 1281 ante,
3318 1217 3459 1272 alius

1880 1326 2049 1381 retro,
2080 1317 2132 1369 in
2169 1332 2309 1385 quos
2336 1314 2452 1384 ipse
2477 1313 2776 1383 respiciens
2800 1322 3057 1382 tanquam
3086 1308 3141 1362 in
3168 1323 3459 1364 numerum

1881 1409 2124 1479 undique
2174 1409 2437 1479 aequalcm
2488 1425 2581 1463 sex
2632 1407 2899 1477 temporis
2947 1405 3140 1476 spatiis
3190 1404 3459 1460 mundum

1881 1503 2115 1574 perﬁcit,
2145 1518 2269 1557 cum
2302 1503 2421 1573 ipse
2450 1502 2523 1557 sit
2552 1502 2790 1572 requies,
2820 1500 3182 1571 futurumque
3224 1502 3459 1556 immen-

1880 1612 2002 1650 sum
2032 1595 2290 1649 sarculum
2320 1595 2517 1649 habeat
2548 1594 2840 1664 imaginem
2859 1636 2874 1660 ,
2899 1595 3340 1666 principiumque
3387 1592 3460 1647 sit

1880 1702 1945 1741 ac
1977 1687 2122 1741 linis.
2157 1685 2213 1740 In
2253 1674 2378 1741 eum
2418 1686 2687 1756 siquidem
2725 1700 2820 1740 sex
2855 1686 3066 1741 inﬁnita
3098 1687 3377 1749 desinunt,
3404 1694 3461 1738 ct

1881 1780 1950 1834 ab
1977 1794 2042 1832 eo
2066 1778 2331 1832 inﬁnitam
2354 1777 2576 1845 capiunt
2602 1776 2996 1833 extensionem.

262 1881 331 1932 X.
376 1876 555 1931 Τοῦτό
586 1848 735 1930 ἐστιν
781 1875 1074 1947 ἑϐδομάδος
1108 1876 1423 1946 μυστήριον.
1470 1873 1644 1938 Αὐτὸς
1673 1875 1782 1948 γάρ

1952 1870 2021 1925 Χ.
2052 1869 2167 1924 Hoc
2197 1880 2279 1925 est
2306 1870 2661 1924 hebdomadis
2684 1871 3027 1940 mysterium.
3055 1869 3175 1941 ipse
3200 1871 3348 1925 enim
3374 1878 3461 1925 est

197 1972 342 2025 ἐστιν
371 1973 406 2041 ἡ
438 1969 548 2022 τῶν
574 1969 711 2022 ὅλων
743 1968 1069 2031 ἀνάπαυσις,
1098 1968 1155 2031 ὃς
1176 1967 1221 1998 ⁸³
1246 1970 1360 2030 τοῖς
1393 1968 1450 2021 ὲν
1476 1967 1661 2039 μικρῷ
1697 1985 1784 2039 μια-

200 2062 500 2133 μουμένοις
528 2060 693 2114 αὐτοῦ
736 2059 801 2112 τὸ
837 2059 980 2130 μέγα
1005 2058 1167 2112 αὑτὸν
1197 2058 1479 2131 χαρίζεται
1524 2060 1606 2121 εἰς
1653 2058 1785 2112 ἀνά-

196 2172 420 2209 παυσιν.
452 2152 623 2216 Αὐτός
649 2155 766 2205 ἐστι
793 2152 971 2222 μόνος,
998 2152 1074 2222 πὴ
1106 2152 1203 2222 μὲν
1226 2150 1594 2220 καταληπτδς,
1625 2150 1701 2221 πὴ
1728 2150 1786 2203 δὲ

194 2247 623 2318 ἀκατάληπτος,
673 2244 749 2316 πὴ
798 2243 855 2297 δὲ
907 2242 1212 2314 ἀπέραντος
1234 2243 1299 2306 ⁸⁸,
1339 2241 1439 2305 τὰς
1478 2243 1577 2295 ἀπ’
1619 2241 1784 2295 αὐτοῦ

196 2338 462 2401 ἐκτάσεις
487 2337 626 2407 ἔχων
659 2336 738 2398 είς
765 2334 1009 2406 ἄπειρον.
1036 2331 1222 2395 Οὕτως
1242 2332 1285 2363 ⁶τ
1310 2331 1419 2403 γὰρ
1441 2330 1787 2401 καταληπτός

196 2431 322 2482 ἐστι
374 2428 466 2481 καὶ
498 2425 882 2495 ἀκατάληπτος
905 2464 919 2487 ,
968 2424 1135 2492 ἐγγὺς
1164 2422 1258 2475 καὶ
1304 2420 1547 2493 μακρὰν,
1580 2414 1681 2473 ὧδε
1711 2418 1785 2473 ὣν

197 2521 402 2582 κάκεῖ,
458 2518 534 2581 ὼς
579 2515 740 2588 343
800 2516 959 2587 μόνος
1013 2514 1296 2585 ὑπάρχων.
1331 2513 1441 2565 Καὶ
1486 2511 1577 2566 διὰ
1594 2512 1642 2543 ⁸⁸
1689 2510 1785 2564 τοῦ

200 2609 542 2681 πανταχόθεν
585 2609 814 2680 ἀπείρου
860 2606 981 2669 νοὸς
1021 2606 1119 2676 τὴν
1167 2605 1454 2677 μετουσίαν
1497 2604 1668 2674 ἔχων,
1720 2606 1787 2676 ἢν

201 2704 422 2756 πάντων
465 2699 829 2754 άναπνέουσαι
864 2699 921 2751 αἱ
952 2696 1150 2767 ψυχαὶ,
1184 2696 1246 2749 τὸ
1277 2694 1375 2766 ζῇν
1408 2692 1647 2765 ἔχουσιν·
1686 2693 1788 2749 κᾶν

203 2791 619 2866 χωρισθῶσιτοῦ
647 2789 914 2861 σώματος,
940 2789 1037 2842 καὶ
1059 2789 1102 2820 ⁶⁹
1125 2789 1215 2842 τὸν
1240 2789 1319 2851 είς
1342 2788 1501 2841 αὐτὸν
1526 2787 1787 2859 εὐρεθῶσι

207 2885 368 2938 πόθον
414 2884 659 2953 ἔχουσαι,
687 2883 766 2946 είς
788 2881 878 2934 τὸν
905 2880 1069 2933 αὑτοῦ
1099 2879 1298 2933 κόλπον
1333 2879 1611 2951 φέρονται,
1647 2879 1723 2943 ὡς
1740 2880 1789 2912 ⁷⁸

209 2979 265 3047 ὲν
286 2976 518 3047 χειμῶνι
554 2974 702 3045 ῶρας
731 2975 780 3027 οί
813 2974 976 3044 ἀτμοὶ
1017 2970 1124 3025 τῶν
1161 2971 1302 3042 ὁρῶν
1335 2971 1441 3025 ὑπὸ
1471 2971 1515 3002 ⁷¹
1541 2970 1650 3024 τῶν
1693 2969 1787 3024 τοῦ

209 3046 357 3139 ἡλίου
382 3046 636 3119 ἀκτίνων
670 3064 949 3135 ἑλκόμενοι
989 3062 1245 3135 φέρονται
1283 3061 1423 3131 πρὸς
1452 3061 1612 3114 αὐτὸν
1655 3061 1788 3116 ἀθά-

210 3178 374 3215 νατοι.
404 3161 538 3213 Οἴαν
563 3154 654 3212 οὖν
681 3158 911 3228 στοργὴν
941 3156 1222 3209 συλλαϐεῖν
1243 3154 1536 3226 δυνάμεθα,
1566 3154 1660 3207 ἐὰν
1690 3156 1789 3226 τὴν

212 3252 513 3324 εὐμορφίαν
547 3250 710 3304 αὐτοῦ
753 3249 830 3321 τῷ
864 3247 941 3319 νῷ
976 3247 1466 3318 κατοπτεύσωμενε
1499 3247 1707 3310 ’Ἄλλως
1730 3247 1787 3301 δὲ

213 3344 512 3414 ἀμήχανον.
562 3339 839 3393 Ἀδύνατον
871 3337 981 3411 γὰρ
1015 3338 1208 3401 κάλλος
1231 3338 1358 3392 ἀνευ
1390 3339 1601 3410 μορφῆς
1626 3335 1786 3401 εἶναι,

213 3436 301 3487 καὶ
341 3435 483 3505 πρὸς
523 3433 615 3486 τδν
656 3432 820 3485 αὐτοϋ
864 3431 1043 3502 ἔρωτα
1085 3429 1419 3483 ἐπισπᾶσθαι
1452 3447 1606 3495 τινα,
1636 3431 1667 3502 ἢ
1693 3431 1789 3486 καὶ

212 3526 377 3581 δοκεῖν
406 3525 540 3579 Θεὸν
566 3526 697 3596 όρᾷν
730 3520 865 3588 εἶδος
889 3524 988 3576 οὐκ
1015 3523 1226 3595 ἔχοντα.

278 3621 371 3672 XI.
414 3616 580 3681 Τινὲς
608 3617 666 3671 δὲ
698 3616 799 3687 τῆς
824 3615 1082 3687 ἀληθείας
1107 3613 1376 3687 ἀλλότριοι
1407 3615 1577 3679 ὄντες,
1607 3614 1699 3669 καὶ
1719 3617 1787 3687 τῇ

212 3712 373 3783 κακίᾳ
412 3708 860 3780 συμμαχοῦντες,
906 3707 1174 3778 προφάσει
1206 3706 1510 3775 δοξολογίας
1540 3707 1790 3779 ἀσχημά-

212 3826 386 3862 τιστον
421 3806 586 3860 αὑτὸν
624 3804 895 3874 λέγουσιν,
926 3804 1013 3856 ἵνα
1060 3801 1306 3874 ἄμορφος
1350 3803 1445 3856 καὶ
1488 3803 1725 3867 άνείδεος
1743 3803 1789 3834 ⁷³

214 3898 286 3951 ὢν
314 3896 505 3971 μηδενὶ
537 3895 733 3968 ὁρατὸς
783 3889 839 3967 ᾖ,
868 3894 1017 3954 ὅπως
1050 3893 1123 3965 μὴ
1153 3892 1516 3963 περιπόθητος
1541 3892 1786 3963 γένηται.

217 3989 352 4053 Νοῦς
394 3987 507 4059 γάρ
549 3982 689 4048 εἶδος
730 3985 829 4054 οὐχ
881 3981 1021 4055 ὁρῶν
1054 3982 1189 4036 Θεοῦ
1234 3982 1389 4045 κενός
1425 3984 1571 4035 ἐστιν
1602 3982 1786 4035 αὐτοῦ.

220 4078 333 4142 Πῶς
360 4079 420 4132 δὲ
443 4077 491 4108 ⁷³
517 4077 611 4130 καὶ
635 4073 851 4146 εὔχεται
881 4090 985 4137 τις,
1019 4072 1118 4126 06x
1141 4071 1280 4143 ἔχων
1309 4071 1445 4144 πρὸς
1465 4073 1585 4126 τίνα
1622 4090 1791 4126 κατα-

228 4168 376 4241 1ςιόγῃ,
418 4168 501 4231 είς
530 4166 651 4219 τίνα
698 4164 881 4236 ἐρείσῃ
901 4164 978 4227 ";
1013 4161 1333 4215 ἀντιτυπίαν
1371 4161 1478 4234 γὰρ
1516 4162 1615 4215 οὐκ
1653 4162 1790 4233 ἔχων

221 4263 293 4324 είς
311 4260 468 4315 κενὸν
491 4256 906 4329 ἐκϐαθρεύεται.
935 4254 1071 4317 Ναὶ,
1100 4255 1282 4324 φησιν,
1309 4254 1370 4307 06
1401 4255 1507 4326 χρὴ
1534 4254 1666 4308 Θεὸν
1698 4273 1791 4325 φο-

220 4353 441 4414 ϐεῖσθαι,
471 4349 610 4404 ἀλλὰ
633 4349 870 4418 ἀγαπᾷν.
899 4347 1043 4419 Φημὶ
1069 4343 1244 4414 κάγώ.
1284 4344 1442 4399 Ἀλλά
1466 4345 1624 4398 τοῦτο
1652 4364 1793 4418 παρ-

220 4444 321 4509 έξει
360 4442 603 4512 ἑκάστης
649 4441 896 4503 εὐποιίας
947 4436 1341 4509 εὐσυνειδησία.
1391 4438 1456 4492 Ἠ
1487 4437 1545 4491 δὲ
1579 4438 1791 4491 εὐποιία

1881 1972 2206 2019 cunctorum
2240 1963 2478 2031 requies,
2526 1962 2621 2032 qui
2664 1972 2719 2017 et
2767 1962 3114 2017 imitantibus
3158 1963 3210 2016 in
3260 1963 3460 2032 exiguo

1885 2071 2142 2125 maguum
2177 2054 2297 2123 ejus
2329 2069 2469 2123 Opus
2498 2069 2558 2109 se
2589 2054 2644 2108 in
2678 2055 2979 2124 requietem
3015 2055 3202 2108 donat.
3231 2052 3353 2123 Ipse
3374 2062 3462 2107 est

1884 2147 2066 2212 solus,
2102 2147 2270 2201 modo
2302 2146 2525 2216 quidem
2576 2147 3129 2216 comprehensibilis,
3162 2146 3327 2200 modo
3369 2147 3458 2199 in-

1884 2239 2421 2309 comprehensibilis,
2450 2240 2617 2293 modo
2650 2238 2769 2294 sine
2795 2240 3082 2301 limitibus,
3109 2230 3461 2296 extensiones

1886 2346 2017 2386 suas
2045 2330 2253 2385 habens
2288 2330 2341 2384 in
2377 2330 2673 2385 inlinitum.
2700 2329 2815 2386 Hoc
2835 2332 2983 2386 enim
3010 2332 3174 2385 modo
3200 2340 3284 2386 est
3309 2346 3462 2386 com-

1885 2421 2275 2492 prehensibilis
2296 2430 2350 2476 et
2374 2422 2965 2491 incomprehensibilis,
2995 2439 3163 2492 prope
3194 2432 3249 2478 et
3280 2423 3460 2492 longe,

1887 2515 1977 2569 hic
2003 2522 2167 2584 atque
2194 2514 2306 2568 illic
2339 2515 2602 2580 existens,
2630 2524 2691 2568 ut
2720 2515 2813 2584 qui
2841 2516 2993 2570 solus
3026 2516 3117 2570 sit.
3157 2515 3223 2570 Et
3255 2532 3352 2586 per
3384 2516 3464 2571 in-

1888 2607 2054 2661 ﬁnita:
2106 2607 2469 2675 undecunque
2526 2606 2725 2661 mentis
2776 2606 3291 2676 participationem,
3350 2624 3460 2678 qua

1888 2707 2211 2754 cunctorum
2250 2697 2419 2751 animi
2467 2696 2772 2766 respirant,
2808 2697 2991 2752 vivere
3028 2698 3265 2764 habent;
3313 2706 3367 2753 et
3411 2699 3461 2755 si

1890 2798 2214 2859 separentur
2247 2804 2278 2842 a
2321 2803 2570 2856 corpore,
2599 2798 2764 2859 atque
2791 2790 2844 2841 in
2876 2787 3046 2844 Deum
3085 2804 3329 2844 amorem
3362 2790 3462 2845 ha“

1890 2881 2019 2935 bere
2068 2880 2440 2945 inveniantur,
2488 2879 2543 2933 in
2577 2880 2723 2934 illius
2758 2878 3014 2935 feruntur
3049 2882 3230 2936 sinum
3253 2920 3269 2949 ,
3318 2882 3461 2937 sicut

1891 2971 2123 3025 hiberno
2151 2979 2394 3040 tempore
2424 2984 2654 3037 vapores
2681 2971 2990 3037 montium,
3035 2987 3065 3026 a
3112 2972 3245 3027 solis
3291 2973 3462 3028 radiis

1891 3065 2074 3130 tracti,
2114 3064 2182 3118 ad
2212 3078 2335 3117 eum
2371 3062 2624 3118 feruntur
2659 3064 2925 3133 perpetui.
2971 3063 3145 3130 Quam
3172 3080 3302 3135 ergo
3328 3066 3462 3121 cha-

1890 3159 2104 3214 ritatem
2150 3159 2439 3227 concipere
2484 3173 2816 3228 possumus,
2870 3159 2913 3211 si
2960 3158 3279 3228 prmelaram
3314 3159 3462 3214 illius

1891 3250 2122 3305 formam
2148 3260 2330 3306 mente
2357 3252 2667 3305 intuemur!
2700 3250 2870 3304 Aliter
2902 3260 3083 3304 autem
3110 3250 3224 3304 ﬁeri
3248 3251 3460 3322 nequit.

1889 3342 2233 3413 lmpossihile
2251 3344 2398 3396 enim
2425 3352 2529 3407 est,
2556 3350 2616 3395 ut
2641 3343 2713 3397 sit
2733 3342 3081 3411 pulchritudo
3114 3343 3235 3397 sine
3260 3342 3459 3403 forma.

1890 3444 2060 3505 utque
2085 3435 2323 3503 aliquem
2360 3434 2427 3487 ad
2454 3434 2539 3488 sui
2562 3433 2910 3489 dilectionem
2940 3435 3239 3505 pertrahat,
3267 3444 3362 3490 aut
3404 3445 3465 3490 ut

1889 3530 2016 3601 quis
2049 3538 2228 3600 speret
2266 3528 2433 3584 Deum
2461 3529 2646 3584 videre
2672 3538 2945 3584 carentem
2982 3528 3177 3585 forma.

1960 3620 2055 3676 Xl.
2098 3619 2330 3687 Quidam
2353 3636 2483 3674 vero
2503 3620 2663 3674 alieni
2691 3635 2721 3674 a
2748 3621 2975 3675 veritate
2999 3630 3055 3675 et
3078 3620 3298 3676 malitia:
3324 3621 3461 3677 socii

1889 3724 2152 3785 praetextu
2180 3712 2511 3768 laudationis
2548 3712 2718 3766 Deum
2755 3713 2941 3782 ﬁgura:
2971 3721 3246 3782 expertem
3284 3712 3458 3774 aiunt,

1890 3819 1951 3865 ut
1983 3808 2159 3864 forma
2196 3817 2251 3863 et
2286 3807 2468 3875 specie
2500 3820 2724 3870 carens,
2754 3806 2958 3859 nemini
2993 3804 3341 3874 aspectabilis
3365 3804 3458 3867 sit,

1890 3918 1961 3956 ne
1981 3909 2271 3970 exoptatus
2309 3899 2423 3953 ﬁat.
2450 3897 2603 3953 Mens
2624 3898 2826 3968 quippe
2851 3912 2958 3951 non
2983 3897 3180 3951 intuita
3207 3895 3302 3951 Dei
3336 3911 3461 3966 spe-

1892 3991 2030 4045 ciem
2059 4005 2228 4044 vacua
2252 3988 2345 4042 illo
2373 3997 2474 4042 est.
2506 3984 2573 4040 Et
2593 4001 2701 4056 qua
2729 3986 2940 4040 ratione
2964 3995 3216 4054 precetur
3240 3985 3459 4055 aliquis,

1892 4096 2000 4134 non
2032 4079 2240 4133 habens
2271 4079 2338 4132 ad
2365 4092 2528 4147 quem
2553 4075 2853 4147 confugiat,
2889 4076 2943 4131 itt
2977 4091 3137 4146 quem
3164 4076 3462 4131 innitatur?

1891 4170 2028 4225 Nam
2063 4170 2314 4224 renixum
2350 4184 2456 4223 non
2496 4168 2739 4235 habens,
2768 4168 2821 4222 in
2860 4168 3009 4221 inani
3055 4166 3305 4222 funditus
3336 4183 3461 4223 cor-

1892 4262 2024 4317 ruit.
2066 4259 2179 4325 Nae,
2224 4259 2443 4329 inquit,
2482 4275 2593 4314 non
2623 4268 2837 4329 oportet
2870 4256 3038 4313 Deum
3080 4258 3308 4327 timere,
3363 4260 3458 4314 sed

1892 4368 2101 4408 amare.
2143 4350 2361 4405 Fateor.
2392 4348 2593 4407 Verum
2627 4350 2677 4403 id
2713 4348 2993 4419 praestabit
3030 4349 3461 4419 uniuscujusque

1896 4445 2023 4501 boni
2056 4444 2241 4514 operis
2272 4444 2417 4498 bona
2442 4442 2801 4497 conscientia.
2827 4441 2899 4494 At
2933 4440 3075 4494 bene
3098 4430 3317 4512 operari
3343 4441 3458 4496 ori-

219 4534 374 4608 344
406 4538 471 4588 ὲκ
492 4533 588 4587 τοῦ
614 4530 894 4601 φοϐεῖσθαι
915 4530 1143 4599 γίνεται.
1180 4528 1317 4582 Ἀλλ’
1341 4530 1369 4581 6
1393 4528 1577 4597 φόϐος,
1601 4530 1785 4601 φησιν,

1894 4547 1985 4591 tur
2015 4552 2080 4591 ex
2115 4536 2332 4590 timore.
2379 4533 2506 4599 Sed,
2552 4533 2648 4596 ait,
2694 4534 2860 4587 timor
2902 4532 3147 4602 percellit
3193 4533 3456 4587 animam.

219 4629 510 4701 ἐκπλήσσει
530 4627 629 4697 τὴν
649 4624 845 4696 ψυχήν.
886 4622 1022 4676 Ἀλλ’
1041 4619 1151 4690 ἐγώ
1171 4638 1311 4692 φημι
1331 4621 1412 4674 ὅτι
1433 4622 1531 4674 οὐκ
1551 4622 1790 4692 ἐκπλήσ-

221 4737 320 4786 σει,
351 4720 463 4776 at):
498 4717 774 4786 ὲξυπνὶζει
806 4717 899 4770 καὶ
927 4714 1263 4786 ἐπιστρέφει.
1302 4714 1463 4778 Ἴσως
1505 4714 1563 4767 δὲ
1608 4713 1785 4786 ὀρθῶς

1896 4628 2097 4682 Contra
2131 4641 2256 4697 ego,
2281 4624 2397 4680 Non
2440 4624 2703 4695 percellit,
2731 4626 2977 4695 inquam,
3005 4634 3060 4679 at
3091 4624 3461 4696 expergefacit

1897 4733 1962 4773 ac
1995 4715 2283 4772 convertit.
2326 4713 2488 4770 Forte
2514 4729 2644 4769 vero
2677 4723 2825 4769 recte
2852 4714 3127 4770 diceretur
3157 4730 3267 4776 non
3294 4730 3461 4785 opor-

1493 4846 1721 4901 VARUE
1763 4846 2159 4902 LECTIONES.

288 4988 330 5024 "
363 4988 540 5042 Aliam
569 4987 737 5059 huius
768 4987 871 5042 loci
902 4985 1401 5059 interpretationem
1458 4986 1742 5059 proposuit
1769 4983 2040 5059 Neander,
2070 4986 2286 5059 Gnou._
2328 4994 2486 5059 σείει..
2516 5002 2570 5059 ῃ.
2598 4985 2722 5059 59θ.
2765 4985 3105 5059 lnterpungit
3148 4989 3294 5045 enim
3347 5008 3458 5047 non

212 5067 340 5127 post
365 5052 718 5132 καρδίαν,ὼό
736 5067 864 5132 post
887 5052 1136 5132 εἶναιεξιει
1159 5055 1385 5127 ἄπειρον
1412 5052 1693 5132 ρξῳᾴἰοοιὶ.
1720 5056 1899 5110 locum
1935 5057 2193 5132 obtineat.
2254 5055 2312 5113 S.
2359 5052 2423 5132 in
2469 5052 2619 5132 cod._
2649 5052 3458 5132 OttobOIIiano:interpungitur

216 5124 340 5213 post
369 5124 679 5213 ἄπειρονει
707 5124 963 5213 καρδίαν..
1012 5127 1071 5213 ’ξ’
1098 5124 1509 5213 lta‘in'a'rgo
1531 5125 2067 5213 éﬁo'cdteueutcrque
2106 5127 2441 5213 .llom.ncod_.
2479 5196 2491 5210 .
2519 5128 2561 5160 “
2597 5126 2668 5180 ῑσ.
2715 5128 2995 5213 διῖξνεῖξαι
3031 5128 3075 5183 0
3143 5124 3215 5213 in:
3258 5124 3452 5202 πῶυ-8.,

212 5196 513 5251 δείκνυται’
544 5199 599 5252 in
664 5196 850 5264 textu,
910 5205 970 5251 ut
1010 5196 1071 5250 C.

1172 5197 1220 5233 ⁶²
1260 5194 1372 5249 ἴσον
1421 5194 1481 5250 C.
1559 5196 1605 5227 ⁸³
1645 5196 1911 5249 συνετέλει

210 5269 271 5305 ⁸³
305 5269 376 5331 ὼς
399 5270 460 5324 C.
492 5267 699 5323 Deinde
725 5268 786 5321 τό
824 5282 871 5323 c.
906 5266 979 5328 Ο,
1004 5266 1185 5335 utlegi
1214 5267 1331 5320 vult
1372 5264 1641 5336 Neander,
1683 5264 1869 5322 Gnost.
1913 5277 2075 5336 agam,
2102 5282 2157 5335 p.
2190 5266 2324 5333 597;
2346 5284 2400 5320 τι
2437 5266 2499 5321 C.

2011 5236 2025 5249 .
2105 5195 2243 5251 “Ita
2285 5194 2331 5251 0
2384 5208 2437 5252 et
2479 5196 2535 5250 iu
2578 5213 2751 5320 marg.
2787 5198 2829 5253 C
2858 5239 2873 5265 ,
2909 5198 3163 5253 ἔκστασιν
3193 5200 3246 5253 ἱη
3279 5194 3451 5257 ιθιῖιι.

2011 5277 2163 5340 τηρ.
2190 5266 2324 5333 597;
2346 5284 2400 5320 τι
2576 5266 2646 5340 _‘_'
2730 5269 2819 5340 bl).
2864 5269 2939 5340 πὴ
2965 5269 3023 5323 bs
3051 5269 3451 5339 ἀκατάληπτος,

2803 5307 2819 5321 .
2864 5286 2939 5339 πη
2965 5286 3023 5323 σε
3051 5286 3453 5339 ακαταΛηπτος,

212 5337 300 5408 πὴ
332 5330 713 5411 δξ-άπέραντος
742 5347 1091 5411 accesserunt
1123 5330 1189 5411 ex
1228 5336 1291 5391 Ο.
1345 5337 1413 5411 ,⁸⁷
1437 5330 1590 5411 οὗτος
1625 5330 1685 5391 C.
1744 5406 1754 5411 _
1781 5336 1828 5370 ⁸⁸
1854 5330 1967 5391 διά⁷
1981 5330 2166 5411 addidi
2194 5330 2700 5411 auctore‘Davisio.
2731 5330 2945 5411 Retinei
2966 5340 3235 5411 vulgatam
3261 5330 3456 5411 lectio;

212 5396 345 5462 ne'm
368 5396 635 5475 Neaniler,
690 5396 727 5461 l.
759 5424 835 5471 c.,
865 5423 919 5477 p.
965 5407 1089 5469 597,
1122 5396 1249 5461 dum
1293 5407 1359 5462 ad
1399 5407 1498 5478 τὴν
1537 5396 1823 5488 μετουσίαν
1842 5408 2052 5488 supplet
2068 5406 2242 5471 διδούς
2280 5406 2336 5461 S.
2369 5406 2575 5463 Deinde
2597 5408 2787 5477 scripsi
2822 5396 3109 5491 μετουσίῶ
3144 5408 3280 5491 ξχων
3304 5410 3374 5534 Ῥν
3397 5426 3453 5464 c.

212 5476 271 5531 0
300 5518 313 5534 .
334 5470 775 5534 μετουσίανλὶνϐ
802 5518 818 5534 .
853 5478 1158 5534 μετουσίαν,
1186 5471 1217 5534 ἦ
1252 5478 1307 5534 S.
1341 5486 1563 5531 auctore
1593 5477 1634 5529 Ι)
1664 5519 1678 5534 .
1708 5494 1801 5534 mu
1832 5486 1992 5531 etiam
2025 5479 2229 5532 mavult
2253 5477 2468 5534 πάντως
2494 5492 2548 5534 n.
2574 5478 2811 5534 πάντων.
2848 5487 3283 5534 mterounctrone
3335 5490 3453 5534 acta

852 5471 1158 5549 μετουσίαν,
1252 5478 1307 5549 S.
1341 5471 1563 5549 auctore
1593 5477 1634 5529 Ι)
1664 5519 1681 5549 ,
1708 5476 1801 5546 qui
1832 5471 1992 5549 etiam
2025 5479 2229 5549 mavult
2253 5477 2468 5549 πάντως
2494 5471 3283 5549 ρηπάντωνξὶηιετρυιιειίὂηο

209 5476 271 5531 0
300 5518 313 5539 ,
334 5470 775 5548 μετουσίαν,ἧν(ἒ
802 5518 818 5541 ,

3335 5490 3458 5535 acta

215 5536 476 5617 Iton'post
498 5551 556 5603 ai
580 5536 768 5619 ψυχαί,
793 5536 887 5603 sed
924 5557 1047 5619 post
1069 5536 1423 5619 ἀνατξνέουσιν
1442 5547 1466 5619 ν(
1482 5536 1842 5619 ἀναπνέουσαι
1870 5545 2003 5619 (3,0
2030 5546 2071 5618 ).
2147 5549 2193 5581 ⁶⁹
2235 5549 2331 5602 καὶ
2357 5550 2407 5601 εί
2428 5536 2513 5602 Ο.’
2533 5547 2580 5580 ⁷⁸
2600 5546 2645 5602 0
2708 5549 2764 5619 in
2785 5536 2955 5619 marg.
2989 5536 3096 5602 ’καί
3137 5564 3263 5617 cum
3296 5550 3456 5619 signo

208 5619 297 5692 ad
341 5619 513 5692 locum
564 5616 693 5692 ante
740 5619 816 5682 ὡς
864 5616 1163 5692 referente._
1191 5616 1304 5687 Ego
1348 5618 1640 5692 maluerim
1661 5617 1759 5692 ⁸ᾡς
1787 5618 1902 5671 καί.
1938 5617 1976 5671 S
2030 5616 2151 5692 leg.
2198 5629 2384 5674 censet
2413 5618 2678 5692 χειμῶνος
2708 5618 2847 5692 ὥρᾳ.

216 5688 640 5745 Distinctionem
672 5689 811 5744 forte
843 5688 1259 5758 praeponendam
1285 5702 1407 5743 esse
1451 5688 1571 5758 v_oci
1596 5687 1873 5758 ,ἀθάνατοι
1912 5696 2067 5757 putat

2953 5619 2997 5653 τι
3027 5619 3137 5672 ἀπό
3172 5607 3247 5674 Ct'
3307 5607 3376 5675 et“
3395 5619 3456 5675 s.

2164 5727 2179 5752 ,
2210 5700 2273 5743 ut
2307 5706 2401 5759 per
2434 5688 2769 5760 hyperbaton
2804 5688 3085 5760 referatur
3122 5691 3189 5744 ad
3221 5691 3456 5757 animas,

217 5760 311 5839 vel
349 5761 613 5839 virgulam
650 5755 970 5839 ponendam'
989 5757 1436 5839 POSLEX§6pe?0t.
1464 5755 1503 5811 S
1552 5756 1698 5839 illam
1719 5755 1973 5813 vocem—tt
2001 5755 2818 5839 librarioﬂuodam;ascriptatn
2849 5774 2983 5839 esse
2999 5759 3275 5839 opinatur.
3308 5761 3366 5817 In
3388 5760 3432 5839 ρ

213 5830 301 5885 ad
340 5827 482 5886 orain
514 5827 806 5901 ydOa’mpt
843 5827 1055 5900 μορφῆς
1090 5827 1225 5883 Θεοῦ
1246 5827 1361 5892 ,‘ad
1400 5829 1680 5897 sequentia
1712 5839 1987 5899 spectans.
2061 5830 2108 5862 "
2138 5827 2342 5893 ἀνίδεος
2362 5827 2426 5884 0.

482 5927 751 5985 PATBOL.
787 5924 832 5983 ϐ
847 5943 907 5982 ιι.
940 5922 1020 5985 ll.

2503 5830 2550 5863 ⁷³
2583 5828 2697 5892 πῶς
2723 5829 2779 5881 δέ
2809 5844 2919 5884 om.
2944 5829 3007 5886 Ο.
3036 5828 3049 5830 ⁷
3084 5830 3130 5864 ⁷⁵
3160 5832 3361 5900 ὲρείσει
3389 5830 3454 5887 Ο.

3146 5924 3218 5984 13
