4022 6336
556 398 660 453 395

1328 380 1341 395 '
1401 396 1459 453 s.
1500 393 1883 451 CLEMENTIS
1926 393 1945 446 t
1982 392 2147 448 non.
2188 390 2387 445 pom.
2428 390 2655 445 orem
2693 386 2920 445 DUBIA.

3655 389 3749 442 396

555 519 668 566 tere
700 510 868 565 Deum
904 509 1101 573 vereri,
1130 510 1233 565 nisi
1266 523 1367 565 nos
1392 509 1644 565 homines
1671 509 1843 564 multa
1876 507 1982 563 alia
2016 522 2123 562 me-

2226 503 2440 572 ἐλέγετο
2464 505 2539 577 μὴ
2571 503 2680 557 δεῖν
2706 502 2839 557 Θεὸν
2860 500 3162 571 φοϐεῖσθαι,
3193 501 3238 553 εί
3267 501 3338 572 μὴ
3366 499 3523 554 πολλά
3541 500 3686 573 ἔτερα
3706 503 3751 554 οί

554 614 833 660 tueremus
867 621 881 657 :
915 603 1038 656 dico
1074 609 1255 656 autem
1291 602 1553 657 similium
1597 601 1849 666 insidias,
1891 600 1959 656 ad
2009 601 2125 654 haec

557 697 722 762 feras,
767 702 1080 765 serpentes,
1114 693 1375 759 morbos,
1422 694 1798 757 calamitates,
1848 692 2124 748 daemones

554 787 769 857 aliaque
792 785 1023 839 inﬁnita.
1057 784 1161 850 Qui
1188 798 1321 855 ergo
1362 799 1391 837 a
1432 783 1590 839 nobis
1632 784 1889 853 postulat,
1917 790 1979 837 ut
2010 797 2122 837 non

555 881 845 935 timeamus
878 877 1073 944 Deum,
1102 893 1201 932 nos
1225 878 1292 932 iis
1326 877 1540 941 liberet,
1571 891 1684 946 quo
1711 892 1886 946 neque
1914 891 1980 931 ea
2006 892 2123 931 me-

556 982 800 1028 tuamus.
830 969 985 1036 Quod
1011 970 1056 1025 si
1086 985 1194 1024 non
1229 977 1424 1038 potest.
1447 970 1577 1039 quid
1619 969 1862 1039 impedit,
1890 984 2003 1040 quo
2026 968 2126 1023 mi-

558 1079 661 1117 nus
687 1078 786 1132 per
808 1076 976 1115 unum
1006 1076 1132 1131 erga
1162 1060 1429 1131 justitiam
1466 1062 1720 1115 timorem
1752 1061 1899 1116 mille
1930 1062 2128 1131 eripia-

554 1173 682 1211 mur
710 1156 1036 1219 terroribus,
1070 1164 1125 1210 et
1164 1171 1262 1225 per
1302 1156 1521 1211 brevem
1562 1171 1688 1227 erga
1744 1154 1912 1210 Deum
1963 1156 2124 1213 [idem

557 1245 872 1298 innumeras
894 1252 948 1297 et
967 1253 1183 1299 nostras
1203 1252 1259 1297 et
1283 1244 1513 1298 aliorum
1547 1246 1924 1315 perpessiones
1949 1256 2139 1304 trans-.

556 1331 834 1397 feramus,
862 1334 1196 1404 insuperque
1230 1336 1567 1405 accipiamus
1606 1337 1874 1393 bonorum
1916 1354 2127 1395 merce-

558 1425 710 1491 dem,
743 1432 909 1493 atque
941 1434 1161 1494 propter
1190 1425 1444 1479 timorem
1487 1435 1683 1480 cuncta
1732 1426 2127 1496 conspicientis

558 1513 675 1579 Dei,
704 1514 840 1568 nihil
883 1514 1012 1567 mali
1040 1523 1283 1585 agentes,
1316 1515 1479 1570 etiam
1514 1515 1567 1571 in
1605 1516 1707 1572 hac
1729 1516 1839 1571 vita
1861 1516 2125 1588 degamus

554 1624 678 1663 cum
710 1608 880 1678 pace?

623 1701 741 1757 XII.
786 1699 877 1757 Sic
905 1710 1058 1772 grata
1096 1702 1150 1756 in
1182 1717 1372 1757 verum
1406 1701 1695 1758 Dominum
1727 1706 1962 1762 servitus
1992 1706 2125 1761 reli-

553 1809 695 1865 quos
738 1809 951 1850 omnes.
971 1794 1026 1848 in
1069 1794 1319 1849 libertate
1365 1796 1667 1851 constituit.
1700 1795 1757 1852 Si
1791 1813 1921 1869 ergo
1950 1808 2135 1868 potest

552 1886 678 1953 quis
719 1884 925 1953 absque
971 1883 1168 1937 timore
1201 1882 1291 1937 Dei
1338 1899 1445 1937 tton
1494 1899 1755 1953 peccare,
1793 1901 1862 1939 ne
1910 1885 2119 1940 timeat.

554 1974 706 2031 Licet
726 1976 872 2031 enim
894 1976 1164 2032 charitate
1189 1992 1313 2045 erga
1342 1991 1492 2041 eum,
1517 1976 1663 2046 quod
1688 1976 1791 2045 ipsi
1816 1976 2122 2047 displiceat,

555 2083 664 2123 non
697 2067 899 2124 facere.
932 2068 1167 2133 Etenim,
1200 2078 1261 2123 ut
1292 2069 1569 2133 timeatur,
1604 2070 1871 2139 scriptum
1907 2078 2017 2136 est,
2045 2079 2122 2137 et,

552 2168 612 2214 ut
642 2158 921 2229 diligatur,
954 2168 1284 2229 praeceptum
1320 2168 1433 2224 est,
1465 2174 1576 2227 quo
1615 2158 1994 2228 unusquisque
2023 2174 2123 2228 pro

552 2250 816 2321 temperie
862 2266 962 2305 sua
1001 2250 1344 2306 convenienti
1377 2259 1561 2304 utatur
1601 2250 1867 2306 remedio.
1916 2250 2125 2304 Timete

552 2358 688 2413 ergo
726 2343 901 2403 illum.
938 2342 1067 2412 quia
1103 2351 1185 2397 est
1212 2342 1414 2411 justus.
1443 2340 1570 2398 Sive
1601 2343 1766 2412 igitur
1796 2343 1975 2409 veriti,
2009 2343 2124 2398 sive

551 2435 866 2506 diligentes,
894 2452 961 2489 ne
988 2436 1244 2505 peccetis.
1279 2432 1499 2489 Utinam
1544 2444 1726 2491 autem
1779 2436 1978 2491 timens
2023 2437 2125 2490 ali-

551 2525 678 2593 quis
716 2525 922 2581 illicitis
959 2525 1352 2595 cupiditatibus
1400 2526 1735 2591 dominetur,
1787 2526 1979 2581 aliena
2012 2541 2122 2581 non

551 2614 857 2681 desideret,
908 2615 1305 2671 humanitatem
1344 2624 1636 2681 exerceat,
1676 2627 1988 2685 temperans
2018 2615 2120 2680 sit,

548 2708 696 2773 juste
737 2715 881 2775 agat.
927 2704 1099 2760 Video
1142 2707 1288 2761 enim
1332 2705 1624 2761 nonnullos
1666 2706 1720 2760 in
1768 2708 1963 2761 timore
2002 2706 2124 2776 ejus

554 2794 905 2865 imperfectos
959 2795 1194 2866 plurima
1258 2810 1506 2866 peccare.
1573 2793 1759 2865 Itaque
1815 2806 2125 2853 metuamus

556 2885 752 2953 Deum,
786 2901 885 2941 nec
911 2895 1121 2941 tantum
1146 2886 1271 2954 quia
1293 2884 1478 2954 justus
1506 2893 1608 2939 est.
1638 2882 1773 2939 Nam
1805 2884 2005 2955 injuria
2042 2885 2124 2940 af-

555 2979 825 3034 fectorutn
856 2977 1117 3033 misertus
1145 2976 1402 3045 injuriam
1439 2974 1739 3031 inferentes
1763 2976 1942 3044 punit.
1970 2977 2127 3032 Sicut

553 3072 721 3142 igitur
750 3085 891 3140 aqua
923 3069 1222 3140 exstinguit
1248 3068 1447 3137 ignem,
1472 3067 1544 3122 ita
1585 3077 1638 3122 et
1669 3068 1834 3122 timor
1857 3070 2126 3139 cupidita-

554 3171 661 3217 tem
689 3160 960 3216 malorum
981 3158 1194 3236 evertit.
1222 3156 1325 3223 Qui
1351 3156 1566 3211 timoris
1587 3158 1915 3212 vacuitatem
1942 3160 2122 3226 docet,

554 3267 732 3322 neque
777 3251 894 3320 ipse
932 3249 1125 3310 timet;
1167 3248 1260 3317 qui
1300 3261 1432 3303 vero
1461 3262 1571 3302 non
1610 3247 1799 3313 timet,
1831 3265 2007 3320 neque
2030 3248 2124 3319 ju-

552 3344 757 3397 dicium
797 3342 913 3395 fore
948 3339 1161 3405 credit,
1210 3338 1539 3408 cupiditates
1567 3347 1752 3409 auget,
1786 3356 1978 3412 magus
2016 3350 2124 3410 est,

554 3435 693 3490 alios
718 3433 773 3488 in
800 3432 893 3497 iis,
921 3446 1044 3502 qua:
1072 3430 1187 3500 ipse
1210 3428 1360 3494 facit,
1386 3430 1732 3487 criminatur.

623 3607 758 3664 XIII.
800 3606 895 3664 IIis
917 3607 1139 3671 auditis,
1169 3606 1357 3662 Simon
1401 3606 1803 3678 interrumpcns
1848 3607 1965 3663 ait:
1995 3606 2124 3663 Scio

553 3702 621 3758 ad
647 3717 807 3773 quem
841 3702 941 3756 ista
969 3701 1120 3755 dicas
1149 3718 1162 3755 :
1199 3698 1293 3754 scd
1318 3715 1385 3753 ne
1414 3714 1513 3767 ego
1545 3700 1732 3755 eadem
1762 3698 1830 3754 ad
1856 3709 1908 3754 te
1936 3698 2125 3754 redar-

550 3795 826 3868 guendum
857 3794 1086 3863 loquens
1112 3800 1326 3861 tempus
1354 3791 1663 3861 impendam
1700 3791 1752 3845 in
1778 3805 1900 3859 quae
1931 3790 2121 3855 nolim,

554 3890 621 3946 ad
653 3887 811 3944 nobis
840 3886 1060 3941 deﬁnita
1085 3884 1372 3954 responde.
1402 3882 1677 3938 Gloriatus
1711 3898 1794 3949 es,
1817 3897 1883 3938 ac
1913 3882 2122 3950 dixisti,

553 3991 607 4037 te
631 3979 847 4036 abunde
866 3976 1167 4046 intelligere
1190 3974 1431 4044 Magistri
1459 3975 1535 4029 tui
1566 3991 1674 4041 res,
1701 3974 1960 4045 quoniam
1984 3990 2125 4044 prte-

554 4088 681 4129 sens
727 4070 911 4127 vidisti
956 4083 1022 4125 ac
1063 4067 1287 4121 audiisti
1326 4082 1451 4121 eum
1484 4066 1779 4130 evidenter,
1821 4080 1921 4122 nec
1962 4080 2123 4137 posse

551 4162 860 4233 quempiam
892 4159 1058 4215 alium
1084 4157 1262 4214 simile
1293 4158 1422 4229 quid
1453 4174 1549 4228 per
1580 4168 1857 4227 spectrum
1900 4167 1997 4213 aut
2038 4159 2121 4211 vi-

553 4257 762 4310 sionem
793 4251 1175 4319 habere.Qnod
1200 4267 1332 4307 vero
1361 4252 1465 4306 hoc
1496 4249 1696 4305 falsum
1719 4250 1789 4306 sit
1810 4249 2117 4306 ostendam.

552 4346 660 4413 Qui
710 4346 856 4402 clare
905 4344 1057 4399 audit
1085 4344 1349 4413 aliquem,
1389 4358 1497 4397 non
1527 4341 1678 4397 omni
1710 4356 1777 4396 ex
1810 4350 1964 4410 parte
1990 4355 2119 4411 per-

552 4439 815 4493 suadetur
836 4437 904 4492 de
937 4436 1118 4491 dictis.
1148 4434 1321 4490 Habet
1350 4434 1495 4489 enim
1526 4448 1682 4489 mens
1708 4432 1829 4502 ejus
1855 4432 2115 4504 cogitare,

2224 594 2498 667 ἄνθρωποι
2534 594 2893 666 ἐφοϐούμεθα,
2926 594 3070 661 λέγω
3100 594 3155 647 δὲ
3175 594 3219 623 ⁷⁵
3251 592 3347 655 τὰς
3370 594 3430 646 ὲκ
3448 592 3548 646 τῶν
3577 593 3756 663 ὁμοίων

2225 686 2537 751 ἐπιϐουλὰς,
2573 687 2653 740 ἔτι
2678 704 2736 740 τε
2770 686 2953 758 θηρία,
2989 684 3211 756 έρπετά,
3246 685 3449 747 νόσους,
3469 684 3621 755 πάθη,
3652 685 3756 739 δαί-

2230 792 2395 848 μονας
2425 776 2519 830 καὶ
2550 775 2682 830 ἄλλα
2708 776 2896 848 μυρία.
2935 776 2995 828 'O
3024 773 3115 829 οὖν
3148 776 3292 847 ἡμᾶς
3319 773 3478 840 ἀξιῶν
3506 776 3576 846 μὴ
3597 774 3759 843 φοϐεῖ-

2227 866 2351 921 σθαι
2376 867 2527 930 Θεὸν,
2548 868 2751 921 τούτων
2772 869 2919 938 ἡμᾶς
2943 865 3212 939 ῥυσάσθω,
3235 867 3322 921 ἵνα
3347 866 3477 937 μηδὲ
3498 865 3657 920 ταῦτα
3676 884 3763 934 φο-

2227 957 2470 1029 ϐώμεθα.
2498 959 2561 1010 Εί
2586 958 2642 1010 δὲ
2665 958 2726 1010 οὺ
2747 957 2987 1021 δύναται,
3010 958 3064 1011 τί
3090 959 3218 1028 ἡμῖν
3243 955 3495 1025 φθονεῖ⁷⁸,
3520 956 3595 1009 ἑνὶ
3612 955 3765 1027 φόϐῳ,

2223 1048 2303 1120 τῷ
2325 1048 2459 1121 πρὸς
2477 1050 2537 1103 τὸ
2558 1049 2783 1112 δίκαιον,
2809 1049 3013 1121 μυρίων
3028 1044 3406 1117 ἀπαλλαγῆναι
3429 1046 3617 1116 φόϐων,
3632 1046 3763 1100 xal."

2228 1139 2459 1212 βραχείᾳ
2480 1143 2548 1212 τῇ
2578 1139 2714 1212 πρὸς
2757 1141 2917 1195 αὑτὸν
2953 1141 3131 1194 πίστει
3161 1140 3329 1211 μυρία
3369 1138 3510 1208 πάθη
3545 1139 3633 1191 καὶ
3660 1139 3768 1191 ἑαυ-

2224 1232 2335 1286 τῶν
2361 1234 2454 1286 καὶ
2480 1232 2652 1288 ἄλλων
2703 1232 3046 1304 μετατιθέναι
3087 1232 3308 1285 δυνατὸν
3346 1228 3623 1299 γενέσθαι,
3651 1228 3775 1300 μεςά

2224 1325 2318 1378 τοῦ
2364 1327 2457 1380 καὶ
2502 1325 2735 1396 ἀμοιϐὴν
2787 1324 3004 1393 ἀγαθῶν
3060 1322 3482 1397 προσδέχεσθαι,
3524 1324 3611 1375 καί
3641 1321 3776 1392 alti;

2226 1416 2389 1485 φόϐου
2415 1416 2508 1470 τοῦ
2530 1416 2707 1470 πάντα
2729 1415 2962 1487 ὁρῶντος
2987 1414 3121 1468 Θεοῦ
3150 1415 3315 1486 μηδὲν
3341 1413 3524 1477 κακῶς
3545 1413 3591 1446 ⁷⁸
3622 1412 3780 1483 πράσ-

2229 1526 2420 1572 σοντας
2451 1510 2545 1562 καὶ
2570 1511 2626 1563 ἐν
2657 1508 2735 1578 τῷ
2768 1508 2993 1578 παρόντι
3020 1508 3075 1559 ὲν
3102 1507 3293 1578 εἰρήνῃ
3324 1505 3600 1559 διατελεῖν.

2298 1689 2414 1741 XII.
2457 1686 2643 1751 Οὕτως
2665 1689 2697 1757 ὴ
2732 1686 2868 1758 πρὸς
2897 1686 2988 1739 τὸν
3014 1686 3182 1749 ὅντως
3208 1684 3484 1756 Δεσπότην
3509 1681 3784 1755 εὐγνώμων

2225 1777 2440 1831 δουλεία
2475 1777 2601 1839 τοὺς
2640 1777 2861 1840 λοιποὺς
2880 1778 2927 1809 ⁶⁷⁹
2958 1778 3164 1841 πάντας
3211 1777 3528 1849 ἐλευθέρους
3568 1775 3783 1846 τίθησιν.

2156 1855 2195 1907 Β
2226 1871 2288 1923 Εἰ
2320 1870 2420 1940 μὲν
2450 1865 2544 1923 οὖν
2573 1886 2681 1923 τινι
2716 1869 2937 1923 δυνατόν
2965 1872 3099 1933 ἐστι,
3124 1870 3255 1924 ἄνευ
3286 1869 3382 1922 τοῦ
3411 1868 3684 1938 φοϐεῖσθαι
3704 1867 3786 1919 τὸν

2226 1961 2359 2015 Θεὸν
2396 1961 2470 2032 μὴ
2514 1961 2847 2033 ἁμαρτάνειν
2873 2000 2887 2024 ,
2941 1962 3013 2032 μὴ
3060 1962 3337 2031 φοϐείσθω
3359 1961 3429 2014 ⁸⁸.
3459 1959 3670 2026 Ἔξεστι
3692 1957 3792 2029 γὰρ

2223 2054 2412 2125 ἀγάπῃ
2432 2056 2497 2125 τῇ
2526 2054 2664 2125 πρὸς
2685 2054 2846 2107 αὑτὸν
2873 2054 2900 2106 ὃ
2922 2054 3070 2125 αὐτῷ
3098 2056 3170 2126 μὴ
3194 2054 3331 2126 δοκῇ
3353 2055 3396 2085 ⁸¹
3426 2053 3500 2125 μὴ
3528 2052 3788 2124 πράττειν.

2225 2146 2335 2199 Καὶ
2360 2145 2468 2218 γὰρ
2509 2144 2811 2215 φοϐηθῆναι
2842 2146 3171 2217 γέγραπται,
3205 2145 3307 2198 κα)⁸
3340 2144 3565 2214 ἀγαπᾷν
3594 2143 3793 2213 παρήγ-

2224 2236 2434 2305 γελται·
2469 2236 2554 2290 ἵνα
2602 2236 2738 2307 πρὸς
2779 2237 2877 2307 τὴν
2912 2236 3077 2289 αύτοῦ
3114 2236 3356 2298 ἕκαστος
3388 2236 3586 2306 κρᾶσιν
3618 2232 3793 2300 ἐπιτη-

2222 2327 2349 2398 δείῳ
2389 2329 2659 2400 χρήσηται
2706 2329 2997 2399 φαρμάκῳ.
3038 2326 3298 2380 Φοϐεῖσθε
3326 2321 3421 2380 οὖν
3453 2324 3613 2379 αὑτὸν
3632 2323 3697 2387 ",
3725 2322 3798 2374 ’ότι

2223 2417 2429 2480 δίκαιός
2463 2418 2631 2470 ἐστιν.
2681 2416 2804 2469 Εἴτε
2836 2416 2997 2487 345
3029 2412 3121 2470 οὖν
3148 2416 3507 2487 φοϐούμενοι,
3531 2414 3639 2467 εἴτε
3677 2414 3799 2481 ἀγαη

2225 2508 2454 2572 πῶντες,
2485 2508 2559 2579 μὴ
2591 2509 2956 2579 ἁμαρτάνετε.
2986 2508 3202 2562 Γένοιτο
3223 2508 3287 2561 δὲ
3330 2506 3664 2579 φοϐούμενόν
3690 2520 3801 2557 τινα

2225 2597 2425 2669 ἡδονῶν
2447 2600 2659 2670 ἀνόμων
2680 2602 2901 2672 κρατεῖν
2921 2599 3208 2666 δύνασθαι,
3247 2600 3512 2673 ἀλλότρια
3531 2600 3605 2671 μὴ
3626 2597 3801 2652 ἐπιθυ-

2226 2692 2368 2759 μεῖν,
2402 2690 2809 2762 φιλανθρωπίαν
2856 2692 3065 2755 ἀσκεῖν,
3109 2696 3439 2764 σωφρονεῖν,
3493 2693 3802 2762 δικαιοπρα-

2224 2783 2359 2848 γεῖν.
2408 2781 2549 2853 Ὀρῶ
2580 2782 2688 2853 γάρ
2713 2799 2864 2845 τινας
2891 2782 3101 2846 ἀτελεῖς
3126 2784 3204 2854 τῷ
3240 2785 3387 2857 πρὸς
3413 2785 3580 2839 αὐτὸν
3607 2782 3748 2854 φόϐῳ
3765 2781 3805 2811 ⁸³

2223 2871 2454 2926 πλεῖστα
2491 2875 2923 2945 ἁμαρτάνοντας.
2948 2873 3283 2945 Φοϐηθῶμεν
3311 2872 3410 2930 οὖν
3433 2876 3524 2929 τὸν
3550 2874 3702 2937 Θεὸν,
3740 2871 3808 2944 μὴ

2227 2960 2386 3032 μόνον
2430 2962 2513 3014 ὅτι
2550 2963 2759 3027 δίκαιός
2793 2966 2960 3017 ἐστιν.
3008 2964 3203 3017 Ἐλεῶν
3245 2965 3362 3038 γάρ
3394 2968 3526 3030 τοὺς
3561 2963 3810 3036 ἠδικημέ-

2225 3067 2349 3115 νους
2392 3056 2626 3124 τιμωρεῖ
2666 3054 2792 3117 τοὺς
2839 3054 3184 3125 ἠδικηκότας.
3247 3056 3339 3120 Ὡς
3386 3053 3484 3110 οὖν
3535 3055 3677 3127 ὕδωρ
3707 3051 3810 3123 πῦρ

2229 3143 2529 3209 σϐέννυσιν,
2564 3144 2736 3208 οὕτως
2780 3145 2875 3198 καὶ
2909 3146 3069 3215 φόϐος
3101 3148 3199 3217 τὴν
3246 3148 3365 3202 τῶν
3411 3148 3607 3203 κακῶν
3634 3147 3814 3201 ἐπιθυ-

2232 3238 2360 3310 μίαν
2386 3240 2618 3310 ἀναιρεῖ.
2661 3239 2717 3291 Ὀ
2744 3239 2973 3307 ἀφοϐίαν
3013 3238 3279 3293 διδάσκων
3315 3242 3430 3295 οὐδ’
3458 3242 3623 3305 αὐτὸς
3651 3241 3819 3311 φοϐεῖ-

2226 3348 2339 3394 ται,
2363 3333 2390 3384 ό
2414 3330 2470 3383 δὲ
2493 3330 2566 3401 μὴ
2592 3328 2923 3400 φοϐούμενος
2945 3328 3067 3381 οὐδὲ
3092 3329 3272 3401 κρίσιν
3302 3331 3534 3385 ἔσεσθαι
3566 3332 3818 3393 πιστεύει,

2224 3421 2323 3485 τὰς
2349 3420 2641 3490 ἐπιθυμίας
2674 3418 2849 3485 αὔξει,
2883 3418 3109 3490 μαγεύει
3134 3458 3149 3484 ,
3185 3419 3392 3485 ἄλλους
3418 3423 3508 3493 ἐφ’
3541 3420 3625 3487 οἷς
3670 3422 3818 3483 αὐτὸς

2225 3513 2461 3585 πράσσει
2488 3511 2783 3565 διαϐάλλει.

2298 3600 2438 3656 XIII.
2480 3601 2665 3655 Ταῦτα
2701 3603 2730 3654 ό
2768 3602 2947 3672 Σίμων
2974 3601 3184 3656 ἀκούων
3211 3603 3501 3675 ὲπικόψας
3532 3605 3637 3677 ἔφη
3662 3623 3676 3637 ο
3702 3601 3822 3658 Οἶδα

2225 3693 2361 3763 πρὸς
2406 3692 2527 3746 τίνα
2570 3692 2742 3746 ταῦτα
2784 3692 2983 3761 λέγεις,
3012 3693 3126 3746 ἀλλ’
3158 3694 3245 3749 ἴνα
3277 3698 3363 3768 μὴ
3393 3697 3569 3762 αὐτὸς
3594 3698 3666 3751 τά
3696 3697 3826 3752 αύτά

2222 3791 2394 3859 λέγων
2436 3790 2571 3862 πρὸς
2608 3789 2669 3842 τὸ
2696 3790 2935 3860 ἐλέγχειν
2971 3807 3029 3842 σε
3060 3790 3277 3842 δαπανῶ
3321 3793 3424 3846 τὸν
3466 3796 3665 3865 χρόνον
3693 3794 3768 3856 εἰς
3794 3791 3825 3844 ἃ

2226 3883 2300 3954 μὴ
2322 3881 2477 3945 θέλω,
2502 3881 2638 3952 πρὸς
2662 3880 2730 3933 τά
2748 3880 3029 3951 ὁρισθέντα
3055 3882 3183 3951 ἡμῖν
3203 3882 3521 3954 ἀπόκριναι
3543 3886 3615 3939 ⁸⁸.
3635 3886 3830 3957 Ἐπηγ-

2220 3974 2405 4043 γείλω,
2440 3972 2640 4035 ἱκανῶς
2677 3971 2985 4042 νενοηκέναι
3030 3988 3087 4024 σε
3125 3971 3193 4024 τά
3219 3972 3317 4024 τοῦ
3353 3976 3709 4030 Διδασκάλου
3740 3991 3828 4027 σου

2221 4063 2413 4134 λέγων,
2447 4063 2535 4118 διά
2565 4064 2624 4116 τὸ
2654 4064 2893 4134 παρόντα
2920 4063 3174 4135 ἐναργείᾳ
3192 4064 3236 4094 ⁸⁸
3271 4067 3419 4137 όρᾷν
3469 4069 3575 4122 καὶ
3617 4067 3834 4123 ἀκούειν

2220 4157 2405 4222 αὐτοῦ,
2436 4158 2530 4210 καὶ
2576 4156 2749 4228 ἑτέρῳ
2796 4154 2902 4207 τινὶ
2942 4156 3015 4225 μὴ
3066 4154 3285 4209 δυνατὸν
3340 4154 3495 4211 εἶναι
3530 4156 3829 4231 όράματιῆ

2218 4249 2453 4321 ὀπτασίᾳ
2495 4248 2639 4318 ἔχειν
2676 4246 2737 4299 τὸ
2774 4247 3105 4317 ὅμοιον.”υτι
3135 4247 3192 4301 δὲ
3224 4248 3394 4302 τοῦτο
3424 4250 3641 4321 ψεῦδός
3671 4254 3835 4313 ἔστιν,

2217 4340 2394 4407 δείξω.
2413 4342 2469 4395 '0
2500 4338 2745 4412 ἐναργῶς
2772 4338 2985 4393 ἀκούων
3021 4339 3163 4403 τινὸς
3188 4341 3250 4393 ού
3269 4341 3429 4395 πάνυ
3462 4344 3835 4415 πληροφορεί-

2219 4449 2308 4485 ται
2342 4431 2434 4484 ἐπὶ
2460 4433 2572 4494 τοῖς
2600 4430 3094 4500 λεγομένοις.¹Έχει
3123 4430 3230 4501 γὰρ
3258 4433 3288 4484 ό
3314 4433 3456 4498 νοῦς
3490 4434 3672 4489 αὐτοῦ
3697 4433 3842 4503 λογί.

555 4545 684 4584 num
729 4529 818 4584 ille
847 4528 1163 4594 mentiatur,
1210 4536 1393 4597 utpote
1428 4527 1614 4590 homo,
1643 4524 1944 4581 secundum
1970 4525 2115 4595 quod

2225 4524 2436 4589 σασθαι,
2463 4522 2536 4595 μὴ
2578 4522 2684 4594 ἄρα
2723 4521 2996 4593 ψεύδεται,
3026 4523 3308 4595 ἄνθρωπος
3336 4524 3425 4580 ὢν
3464 4529 3533 4582 τὸ
3578 4529 3842 4599 φαινόμε-

552 4629 795 4691 apparet.
827 4618 897 4673 At
922 4618 1081 4685 visio,
1112 4618 1276 4674 simul
1298 4634 1361 4674 ac
1386 4618 1632 4688 contigit,
1657 4616 1817 4680 tidem
1842 4615 1973 4672 facit
1998 4630 2117 4673 cer-

554 4712 723 4775 nenti,
755 4711 900 4782 quod
930 4708 1195 4768 Divinitas
1223 4710 1316 4767 sit.
1344 4710 1424 4765 Ad
1454 4711 1558 4766 hoc
1585 4708 1719 4765 mihi
1750 4708 1987 4779 primum
2030 4724 2118 4765 re—

552 4804 778 4949 spgnlif.‘
808 4892 875 4947 Et
904 4891 1099 4949 Petrus
1126 4892 1203 4946 ait
1232 4910 1247 4947 :
1276 4891 1439 4947 Aliud
1469 4892 1803 4962 proposuisti
1832 4892 2033 4960 dicere,
2062 4903 2118 4951 et

551 4986 699 5043 aliud
728 4985 942 5041 locutus
970 5000 1051 5041 es.
1084 4984 1423 5054 Proposuisti
1451 4985 1620 5053 enim,
1643 4985 1790 5056 quod
1822 4986 1994 5057 possit
2017 4987 2119 5042 ali-

552 5080 675 5151 quis
707 5078 936 5135 audiens
966 5078 1088 5148 plus
1114 5076 1413 5149 intelligere
1440 5087 1496 5135 et
1525 5078 1580 5134 in
1611 5095 1791 5135 rerum
1821 5079 1982 5134 (idem
2019 5094 2115 5134 ve.

2221 4633 2329 4670 νον.
2348 4616 2410 4670 Ἡ
2443 4615 2499 4668 δὲ
2525 4615 2757 4669 ὀπτασία
2788 4613 2903 4685 ἀμα
2926 4614 3003 4686 τῷ
3037 4613 3249 4684 ὀφθέντι
3268 4617 3315 4650 ⁸⁸
3352 4619 3560 4676 πίστιν
3605 4621 3844 4694 παρέχει

2218 4708 2299 4779 τῷ
2321 4708 2539 4779 ὁρῶντι,
2572 4708 2652 4761 ὅτι
2675 4707 2885 4778 θειότης
2913 4705 3079 4760 ἐστίν.
3105 4706 3247 4779 Πρὸς
3273 4708 3449 4764 τοῦτό
3482 4731 3586 4785 μοι
3620 4714 3843 4786 πρῶτον

2218 4801 2531 4872 ἀπόκριναι.

2288 4894 2453 4966 346
2490 4888 2628 4945 XIV.
2669 4891 2779 4944 Kal
2799 4891 2827 4943 ό
2856 4890 3060 4963 Πέτρος
3087 4890 3188 4963 ἔφη
3205 4892 3248 4924 ⁸⁷
3269 4909 3283 4922 ο
3308 4894 3414 4957 Εἰς
3441 4895 3590 4951 ἄλλο
3624 4898 3846 4971 προτεί.

2221 5006 2316 5052 νας
2344 4988 2536 5048 εἰπεῖν,
2568 4984 2648 5046 είς
2692 4982 2880 5053 ἕτερον
2919 4983 3212 5053 ἀπεκρίνου
3229 4983 3295 5036 ⁸⁸.
3337 4985 3709 5057 Προέτεινας
3737 4987 3847 5059 γὰρ

2220 5082 2295 5144 ῶς
2328 5078 2525 5150 μᾶλλον
2565 5074 2819 5128 δύνασθαί
2861 5075 3041 5129 τινα⁸⁹
3072 5076 3254 5129 πλεῖον
3296 5080 3453 5131 νοεῖν
3491 5079 3629 5151 [καὶ
3662 5081 3849 5134 πίστιν

1816 5190 2051 5248 VARIE
2091 5191 2491 5247 LECTIONES.

618 5288 668 5320 "
703 5286 768 5356 δή
801 5285 859 5340 S.
883 5283 1022 5339 Tum
1052 5282 1111 5337 δέ
1132 5300 1187 5356 p.
1212 5300 1271 5356 τε
1301 5285 1362 5338 C.
1440 5286 1487 5319 το
1516 5282 1594 5339 De
1633 5284 1740 5356 ltoc
1772 5284 2030 5356 loquendi
2058 5282 2224 5356 modo
2257 5283 2297 5356 Ο
2351 5285 2562 5356 confert
2589 5285 2737 5339 hom.
2772 5301 2926 5350 xvtn,
2964 5286 3049 5345 12.
3076 5285 3213 5340 Tum
3254 5286 3301 5339 εί
3326 5284 3377 5338 δ’
3418 5285 3497 5342 Ο.
3529 5288 3574 5345 S
3629 5288 3848 5345 mavult

550 5358 690 5428 πρὸς
721 5352 833 5419 τόν,
859 5364 1079 5428 propter
1114 5352 1295 5428 αὐτόν,
1343 5357 1489 5428 quod
1514 5355 1794 5428 sequitur:
1839 5355 1897 5428 _"
1923 5352 2025 5428 καί
2044 5352 2447 5428 adjunxi_c._0.
2476 5357 2570 5428 _A'"_’
2600 5358 2767 5428 κακόν
2802 5356 2862 5411 C.
2940 5360 2985 5396 ⁷ο
3004 5360 3118 5419 τοῖς
3142 5356 3347 5417 λοιποῖς
3392 5360 3579 5428 _conj.
3619 5361 3665 5415 C
3699 5400 3716 5425 ,
3747 5358 3851 5428 τῆς

549 5421 745 5514 issit;
772 5421 877 5514 (δεῖ
904 5421 1165 5514 δέὶέῑίὲς)
1194 5421 2714 5514 Ξρξὶυφζεηέἓιὲβὶν-τέὶλ⁰Ἢὶιῖέ9ξὶοπξίίἓτμἭιὲο.
2744 5442 3001 5514 ⁰·.“¹³Σξέ·
3064 5428 3174 5514 (Ξίε
3206 5429 3262 5514 1"
3307 5425 3436 5514 °."J-
3494 5421 3668 5514 ιιὲιξιι
3699 5421 3852 5514 Κεδ-

550 5493 713 5599 167¢2
741 5498 814 5621 9.8
851 5493 1155 5576 φοϐεῖσθαι.
1194 5494 1238 5525 ⁸⁸
1263 5493 1317 5573 Ip
1342 5494 1386 5549 Ο
1440 5494 1569 5571 αύτό
1594 5510 1701 5549 rec.
1732 5510 1879 5548 man.
1910 5501 2216 5548 correctum
2250 5495 2301 5549 in
2333 5496 2474 5585 vulg.
2508 5493 2653 5549 Idetn
2686 5497 2851 5550 δοκεῖ.
2925 5493 2975 5529 ⁸⁸⁷
3011 5497 3293 5565 φοϐεῖσθαι
3327 5493 3436 5550 οὖν
3462 5500 3669 5554 αὐτὸν
3696 5493 3853 5553 ἐστιν

551 5568 614 5620 C.
717 5568 736 5597 ³
819 5582 913 5621 sus
953 5574 1185 5621 renutrtt
1209 5580 1304 5617 του
1341 5594 1408 5604 -
1437 5565 1603 5621 φόϐου
1632 5562 1689 5618 S.
1766 5564 1813 5595 "
1841 5564 2135 5621 ἀπόκριναι
2196 5566 2343 5621 coni.
2410 5574 2449 5621 ta
2479 5605 2494 5621 .
2547 5566 2945 5621 ἀποκρίνασθαι
2996 5577 3226 5621 uterque
3252 5568 3418 5621 Hom.
3459 5571 3609 5621 cod.
3696 5569 3746 5602 "
3772 5566 3853 5621 Ita

819 5563 913 5621 sus
953 5566 1185 5633 requirit
1209 5563 1304 5617 τοῦ
1341 5594 1408 5604 -—

1437 5564 1603 5634 φόϐου
1766 5564 1813 5595 ⁸⁵
1841 5564 2135 5635 ἀπόκριναι
2196 5566 2343 5635 conj.
2410 5562 2449 5621 t3
2479 5605 2494 5628 ,

2547 5566 2945 5638 ἀποκρίνασθαι
2996 5577 3226 5636 uterque
3252 5568 3418 5638 Hom.
3459 5571 3609 5625 cod.
3696 5569 3746 5602 "
3772 5566 3857 5638 Ita

548 5637 610 5713 gl
642 5678 657 5713 ,
689 5638 938 5713 ἐνεργείᾳ
964 5632 1166 5713 (ξ,0.“
1197 5635 1243 5713 ξθ
1279 5632 1507 5713 ἀφθῆναι
1630 5634 1882 5705 θεότητος
1907 5650 1960 5704 p.
1994 5632 2209 5713 ’θειότης
2238 5632 2583 5713 commendat
2622 5632 2820 5713 ἀπ’.
2854 5637 2999 5713 ltom.
3032 5632 3152 5690 ινιῐ
3167 5678 3181 5713 ,
3214 5638 3267 5693 5.
3363 5637 3421 5668 ³⁷
3461 5639 3589 5713 ἔφη
3623 5656 3757 5713 om.
3784 5637 3855 5693 0.

548 5705 603 5779 ξ’.
632 5703 925 5779 ἀπεκρίνω
952 5778 955 5779 ν
982 5704 1046 5762 0.
1121 5706 1168 5739 ⁸³
1200 5705 1256 5759 In
1285 5703 1329 5759 0
1382 5703 1503 5759 τινα
1531 5704 1638 5779 διά,
1661 5703 1800 5779 quas
1823 5703 1985 5779 voces
2005 5703 2207 5779 excipit
2239 5708 2400 5779 unius
2418 5722 2608 5779 versus
2630 5707 2822 5779 lacuna
2848 5722 2865 5773 ;
2892 5707 3005 5779 jam
3030 5708 3268 5777 sequitur
3303 5725 3317 5761 :
3348 5703 3852 5779 nap"6ittac£ac.

549 5774 694 5852 Idem
717 5772 837 5832 cod.
867 5778 1032 5832 unius
1066 5792 1216 5834 vocts
1239 5791 1471 5833 vacuum
1498 5772 1702 5849 praebet
1735 5776 1878 5831 inter
1918 5772 2209 5846 ἐναργείας
2248 5786 2299 5832 et
2327 5776 2621 5832 ἐπιϐαλών.
2646 5772 2963 5852 _Utramque
2996 5772 3251 5832 lacunam
3291 5772 3721 5849 conjectando
3749 5795 3857 5837 οι-

554 5847 711 5917 plevi.
