4022 6336
530 353 635 410 399

1336 357 1425 410 σε.
1462 354 1844 410 CLEMENTIS
1878 354 1897 408 1
1938 354 2104 410 ῐιολι.
2143 356 2339 410 ΡυΝΤ.
2378 356 2601 410 ΟΡΕΠΔ
2658 357 2886 413 ῡυΒΙΑ.

3648 370 3738 424 ME

535 470 611 524 ris
634 483 697 523 ac
728 484 823 539 per
853 469 1168 541 Scripturas
1195 470 1715 528 demonstrationem
1736 472 2016 527 exhibere.
2040 470 2104 525 Et

2207 474 2333 544 περὶ
2362 473 2552 528 τούτου
2581 474 2680 548 τὴν
2711 475 2982 542 ἀπόδειξιν
3014 478 3288 549 παρέχειν.
3322 478 3427 531 Kal.
3464 480 3552 533 νῦν
3578 482 3743 552 λέγον-

534 577 679 617 nunc
717 562 1027 633 loquentem
1070 562 1219 616 audi.
1246 560 1509 617 Novimus
1534 563 1736 618 multos
1766 567 1785 631 (
1808 564 1853 618 si
1884 564 2103 633 quidem

533 668 691 724 :equo
716 654 900 708 animo
930 653 1156 724 accipis,
1186 653 1429 724 alioquin
1477 663 1722 709 astantes
1764 654 1979 724 judices
2008 655 2104 710 lia-

532 746 655 814 beo)
681 744 952 799 idolorum
978 745 1219 800 cultores
1246 754 1298 799 et
1328 745 1607 801 adulteros
1629 760 1693 801 ac
1723 746 1949 801 omnino
1972 762 2102 815 pec-

530 846 745 892 catores
778 835 1128 906 conspexisse
1154 836 1273 890 visa
1321 847 1483 906 atque
1509 851 1637 892 vera
1680 837 1913 901 somnia,
1960 852 2100 891 non-

532 928 714 982 nullos
744 941 879 981 vero
906 927 1216 981 daemonum
1249 927 1510 982 visiones.
1544 924 1663 982 Non
1697 927 1845 982 enim
1892 929 2019 983 dico
2072 946 2100 985 δ

530 1018 843 1073 mortalium
878 1016 1051 1073 oculis
1097 1017 1264 1071 videri
1297 1033 1457 1088 posse
1502 1018 1874 1087 incorporeum
1924 1018 2101 1075 Patris

530 1122 625 1166 aut
652 1110 771 1166 Filii
796 1111 1055 1181 speciem,
1086 1110 1214 1180 quia
1243 1111 1487 1166 maximo
1530 1111 1735 1167 lumine
1767 1113 2095 1182 rcSplendct.

530 1203 684 1258 Unde
710 1203 778 1257 ab
810 1202 1029 1257 homine
1051 1201 1103 1256 in
1136 1218 1355 1257 carnem
1381 1219 1646 1259 converso
1668 1220 1773 1257 non
1801 1206 1971 1268 cerni,
1993 1220 2098 1259 non

524 1305 608 1349 est
637 1293 929 1349 invidentis
964 1292 1078 1354 Dei,
1116 1293 1208 1347 sed
1241 1293 1571 1349 miserantis.
1600 1292 1732 1349 Na'n
1757 1297 1849 1366 qui
1884 1296 2097 1362 viderit,

526 1387 708 1441 vivere
761 1402 869 1441 non
921 1395 1117 1456 potest.
1160 1385 1409 1440 Luminis
1462 1386 1663 1457 quippe
1714 1389 2096 1458 cxsuperantia

525 1477 799 1533 cernentis
825 1477 1080 1533 dissolvit
1109 1486 1734 1547 carnem,pra2terquam
1765 1482 1811 1533 si
1838 1478 1927 1533 Dei
1956 1479 2094 1533 incf-

527 1570 673 1625 l‘ahili
708 1571 907 1624 virtute
930 1585 1060 1624 caro
1090 1577 1331 1622 vertatur
1356 1567 1409 1621 in
1440 1567 1664 1623 luminis
1695 1576 2096 1639 naturam,qno

524 1662 699 1732 possit
727 1661 908 1717 lumen
932 1660 1136 1722 videre,
1168 1667 1262 1713 aut
1292 1658 1515 1713 luminis
1545 1658 1851 1714 substantia
1885 1658 1938 1713 in
1970 1676 2094 1713 car-

524 1769 647 1807 nem
682 1761 941 1818 mutetur,
969 1762 1026 1805 ut
1053 1750 1225 1822 possit
1246 1747 1413 1804 videri
1442 1764 1473 1804 a
1497 1765 1682 1805 carne.
1716 1748 1850 1804 Nam
1878 1750 2090 1807 Patrem

2204 580 2295 627 τος
2311 564 2497 619 ἄκουε.
2516 566 2699 636 Ἴσμεν
2730 566 2979 631 πολλοὺς,
3008 566 3083 638 (εί
3103 584 3165 636 γε
3192 567 3535 639 εὐγνωμονεῖς
3557 574 3664 626 ἐπεί
3687 593 3745 643 γε

2204 655 2332 720 τοὺς
2361 658 2721 728 παρεστῶτας
2750 658 2943 729 κριτάς
2969 658 3131 730 ἔχω),
3165 657 3357 714 εἴδωλα
3395 659 3629 727 σέϐοντας
3664 666 3751 719 καὶ

2206 746 2558 816 μοιχεύοντας
2589 748 2681 800 καὶ
2718 746 2859 801 κατά
2888 748 3065 800 πάντα
3090 748 3492 818 ἁμαρτάνοντας
3521 751 3748 823 ὁράματα

2203 838 2295 891 καὶ
2318 838 2532 909 ἀληθεῖς
2561 839 2799 910 ὀνείρους
2819 838 3077 910 ὁρῶντας,
3102 838 3274 901 ένίους
3304 839 3360 891 δὲ
3393 840 3482 893 καὶ
3508 842 3753 913 δαιμόνων

2200 929 2483 994 ὀπτασίας.
2518 930 2628 1002 Τὴν
2660 929 2805 1002 γάρ’
2833 931 3072 1001 ἀσαρκον
3108 929 3219 1000 (54)
3252 930 3390 983 ἰδέαν
3422 933 3481 984 οὐ
3512 932 3645 1001 λέγω
3673 934 3753 987 δύ·-

2201 1022 2391 1076 νασθαι
2417 1022 2679 1095 Πατρὸςῆ
2704 1022 2832 1076 Υίοῦ
2858 1022 3002 1086 ἰδεῖν,
3024 1022 3113 1076 διά
3131 1024 3193 1075 τὸ
3215 1023 3452 1094 μεγίστῳ
3480 1024 3612 1091 ato-cl.
3640 1043 3756 1080 κατ-

2200 1112 2529 1181 αυγάζεσθαι
2577 1115 2708 1177 τοὺς
2754 1112 2961 1185 θνητῶν
3008 1112 3336 1185 ὀφθαλμούς.
3385 1114 3542 1167 Ὅθεν
3582 1114 3640 1167 τδ
3690 1115 3757 1188 μὴ

2198 1205 2455 1276 ὁραθῆναι
2504 1204 2583 1277 τῷ
2631 1206 2710 1267 εὶς
2763 1205 2940 1276 σάρκα
2991 1203 3351 1275 τετραμμένῳ
3396 1204 3656 1276 ἀνθρώπῳ
3702 1207 3756 1258 οὗ

2200 1294 2521 1364 φθονοῦντός
2563 1297 2679 1348 ἐστι
2715 1293 2871 1359 Θεοῦ,
2900 1294 3012 1348 ἀλλ’
3041 1294 3316 1358 ἐλεοῦντος
3334 1296 3374 1347 ³.
3405 1296 3461 1347 '0
3501 1294 3604 1365 γὰρ
3648 1293 3760 1348 ἰδὼν

2199 1388 2298 1461 ζῇν
2331 1388 2392 1441 οὐ
2429 1387 2667 1441 δύναται.
2686 1388 2750 1440 Ἡ
2785 1385 2893 1458 γὰρ
2919 1385 3191 1457 ὑπερϐολὴ
3222 1385 3319 1439 τοῦ
3352 1385 3526 1455 φωτὸς
3556 1384 3649 1457 τὴν
3673 1384 3759 1438 τοῦ

2196 1480 2429 1552 ὁρῶντος
2459 1480 2639 1533 ἐκλύει
2673 1478 2869 1549 σάρκα,
2900 1478 3056 1541 ὲκτὸς
3102 1479 3149 1530 εί
3195 1478 3270 1549 μὴ
3317 1476 3453 1531 Θεοῦ
3484 1479 3764 1549 ἀπορρήτῳ

2196 1570 2421 1640 δυνάμει
2448 1573 2480 1641 ἡ
2514 1570 2648 1642 σὰρξ
2680 1570 2760 1633 είς
2788 1568 2950 1638 φύσιν
2970 1572 3151 1640 τραπῇ
3174 1567 3372 1638 φωτὸς,
3395 1569 3481 1622 ἵνα
3510 1568 3621 1637 φῶς
3644 1568 3766 1621 ἰδεῖν

2194 1661 2416 1732 δυνηθῇ,
2448 1660 2481 1731 ῆ
2511 1662 2543 1730 ή
2573 1659 2666 1712 τοῦ
2702 1660 2878 1730 φωτὸς
2913 1660 3072 1713 οὐσία
3118 1659 3199 1721 είς
3247 1658 3430 1731 σάρκα
3458 1661 3655 1731 τραπῇ,
3685 1659 3767 1711 ἵνα

2195 1754 2299 1808 ὑπὸ
2339 1752 2539 1824 σαρκὸς
2565 1751 2823 1823 ὁραθῆναι
2851 1752 3071 1823 δυνηθῇ.
3103 1749 3177 1803 Τὸ
3207 1750 3318 1821 γὰρ
3350 1750 3632 1821 ἀτρέπτως
3663 1750 3769 1802 Πα-

524 1843 721 1899 intueri
760 1843 965 1912 absque
994 1840 1369 1906 conversione,
1402 1840 1469 1895 ad
1506 1840 1684 1896 solum
1717 1839 1913 1896 Filium
1961 1857 2089 1912 per-

2190 1846 2325 1917 τέρα
2353 1818 2478 1898 ἰδεῖν
2504 1818 2635 1898 Υἱοῦ
2667 1818 2827 1915 μάνου
2866 1818 3340 1896 tantum»
3363 1818 3537 1911 stos;
3559 1840 3767 1911 ὁμοίως.

522 1937 679 1993 tinet.
716 1936 797 1991 Ad
839 1935 1020 2005 justos
1050 1944 1229 1989 autem
1269 1948 1377 1988 non
1414 1934 1580 1989 simili
1610 1934 1794 1990 modo.
1826 1933 1881 1989 In
1910 1950 2089 1990 resur-

522 2028 761 2086 rectione
782 2028 927 2082 enim
961 2035 1325 2093 mortuorum,
1361 2024 1581 2095 quando
1616 2025 1941 2095 corporibus
1970 2041 2091 2080 mu-

520 2124 617 2179 tati
647 2123 701 2177 in
730 2123 912 2178 lumen
944 2129 1106 2175 erunt
1134 2117 1340 2189 angelis
1381 2117 1641 2187 zequales,
1671 2127 1800 2173 tunc
1837 2126 2092 2188 poterunt

519 2229 764 2270 cernere.
801 2212 1041 2280 Denique
1071 2210 1192 2265 etsi
1228 2209 1543 2280 angelorum
1574 2210 1793 2280 aliquis,
1819 2218 1878 2264 ut
1910 2209 2091 2265 vidca-

520 2315 611 2360 tur
651 2304 720 2358 ab
768 2302 1005 2364 homine,
1039 2301 1239 2355 missus
1271 2299 1455 2365 fuerit,
1489 2309 1734 2354 mutatur
1763 2299 1813 2353 in
1844 2314 2086 2366 carnem,

520 2408 581 2452 ut
613 2412 711 2467 per
733 2409 951 2451 carnem
989 2391 1136 2447 cerni
1181 2391 1373 2462 possit.
1407 2390 1792 2462 Incorporcam
1816 2390 2086 2461 siquidem

520 2490 775 2543 virtutem
823 2502 930 2541 non
974 2484 1151 2539 solum
1179 2482 1325 2549 Filii,
1353 2482 1446 2539 sed
1475 2498 1575 2539 nec
1599 2482 1774 2555 angeli
1804 2497 1964 2538 nemo
1990 2498 2088 2553 po-

518 2589 623 2635 test
652 2593 893 2635 cernere.
932 2577 1025 2631 Sin
1058 2592 1189 2632 vero
1215 2576 1512 2631 nonnullus
1558 2576 1825 2631 visionem
1856 2590 2086 2646 conspe-

518 2673 677 2735 xerit,
709 2671 837 2725 mali
870 2668 1136 2725 daemonis
1159 2682 1280 2722 eam
1310 2682 1433 2722 esse
1461 2666 1746 2736 intelligat.

585 2762 749 2818 XVII.
788 2763 1055 2817 Caeterum
1105 2768 1161 2814 ct
1209 2760 1277 2813 ab
1312 2759 1497 2830 impiis
1552 2760 1667 2813 visa
1718 2767 1773 2813 et
1808 2760 2080 2814 insomnia

516 2868 647 2908 vera
683 2852 950 2921 conspici,
990 2848 1338 2905 manifestum
1359 2857 1466 2915 est,
1494 2858 1657 2919 atque
1682 2864 1747 2905 ex
1789 2848 2086 2919 Scripturis

516 2959 741 3016 possum
804 2942 1208 2997 demonstrare.
1246 2937 1488 3008 Denique
1536 2939 1589 2994 in
1644 2939 1759 3012 lege
1816 2940 2078 3009 scriptum

512 3045 616 3101 est,
646 3032 1109 3105 quemadmodum
1138 3029 1339 3098 impius
1362 3029 1772 3093 Abimclecbus,
1800 3045 1921 3083 cum
1947 3027 2080 3098 justi

512 3125 809 3181 Abrahami
844 3138 1072 3178 uxorem
1103 3121 1298 3175 vitiare
1332 3129 1588 3189 cuperet,
1629 3135 1660 3174 a
1707 3119 1818 3174 Deo
1851 3120 2084 3174 audierit

515 3219 568 3271 in
605 3230 823 3280 somno,
868 3214 1013 3269 sicut
1047 3214 1125 3269 ait
1172 3212 1488 3283 Scriptura,
1520 3226 1589 3266 ne
1624 3211 1768 3267 illam
1799 3221 2080 3282 tangeret,

512 3307 659 3377 quod
692 3304 1033 3381 cohabitaret
1077 3319 1203 3359 cum
1236 3303 1377 3358 viro.
1415 3301 1518 3358 Sed
1557 3311 1611 3357 et
1658 3301 1890 3369 Pharao,
1920 3302 2083 3357 homo

514 3399 749 3470 impius,
808 3396 1080 3453 somnium
1141 3395 1275 3451 vidit
1330 3395 1397 3450 de
1447 3392 1704 3450 frumenti
1751 3393 2081 3449 abundantia

511 3501 567 3545 et
611 3489 936 3551 sterilitate,
991 3487 1081 3542 cui
1113 3502 1237 3543 cum
1269 3485 1469 3555 Ioseph
1512 3486 1845 3557 explicaret.
1889 3501 1919 3540 a
1974 3486 2083 3541 Deo

513 3583 753 3640 asseruit
780 3582 998 3637 venisse
1022 3577 1845 3637 somnium.Nabuchodonosor
1876 3588 2079 3645 autem,

513 3678 787 3733 idolorum
823 3676 1024 3739 cultor,
1049 3674 1445 3746 quiquejussit
1479 3682 1538 3727 ut
1561 3671 1653 3728 Dei
1689 3672 1929 3727 cultores
1954 3671 2082 3725 mit-

512 3779 754 3826 terentur
788 3768 841 3823 in
879 3768 1088 3837 ignem,
1122 3767 1399 3822 somnium
1449 3763 1618 3830 vidit,
1648 3764 1793 3834 quod
1834 3762 2078 3817 omnium

511 3863 837 3919 szeculorum
872 3859 1264 3931 longitudinem
1290 3857 1770 3927 complectebatur.
1794 3853 1903 3911 Nec
1935 3854 2080 3911 dicat

509 3958 710 4030 aliquis
740 3977 754 4013 :
791 3957 861 4011 At
895 3956 1081 4011 nullus
1118 3955 1320 4024 impius
1352 3956 1531 4009 visum
1560 3968 1655 4023 per
1686 3952 1923 4023 vigiliam
1961 3967 2068 4006 cer-

509 4053 608 4107 nit.
647 4051 869 4107 Falsum
905 4057 1007 4105 est.
1044 4050 1163 4119 Ipse
1191 4058 1337 4102 certe
1381 4044 1894 4101 Nabuchodonosor
1916 4086 1932 4111 ,
1982 4044 2075 4115 qui

503 4142 748 4214 jusserat
778 4151 891 4198 tres
925 4142 1071 4197 viros
1099 4141 1152 4195 in
1190 4140 1371 4211 ignem
1400 4138 1541 4193 mitti
1570 4180 1586 4204 ,
1620 4153 1746 4193 cum
1774 4137 1829 4191 in
1860 4137 2077 4192 fornace

506 4243 767 4305 quartum
814 4234 1160 4296 intueretur,
1207 4230 1325 4285 ait:
1378 4228 1647 4295 Quartum
1683 4226 1878 4294 video,
1930 4227 2076 4282 velut

508 4326 713 4381 Filium
744 4324 863 4380 Dei.
897 4323 964 4378 Et
989 4332 1167 4378 tamen
1195 4322 1288 4393 qui
1322 4320 1563 4375 visiones
1597 4329 1652 4374 et
1684 4319 1995 4389 spectacula
2021 4330 2076 4376 et

503 4418 774 4473 insomnia
799 4424 1204 4486 conspexerunt
1226 4429 1376 4477 vera,
1407 4411 1559 4482 impii
1609 4420 1785 4466 erant.
1835 4410 1926 4468 Sic
1963 4429 2070 4468 non

2206 1938 2295 1991 Ἑν
2326 1935 2435 2008 γάρ
2463 1938 2531 2007 τῇ
2560 1934 2851 1989 ἀναστάσει
2878 1933 2987 1987 τῶν
3023 1932 3254 2005 νεκρῶν,
3291 1933 3419 1985 ὃταν
3439 1932 3462 1962 ⁸
3485 1931 3768 2004 τραπέντες

2194 2030 2276 2092 είς
2298 2028 2412 2098 φῶς
2434 2025 2505 2080 τὰ
2533 2024 2759 2097 σώματα
2782 2023 3057 2093 ἰσάγγελοι
3075 2024 3365 2092 γένωνται,
3386 2022 3510 2075 τότε
3545 2021 3666 2074 ἰδεῖν
3689 2021 3769 2073 δυ-

2192 2123 2464 2192 νήσονται.
2524 2116 2705 2189 Πέρας
2750 2115 2881 2185 γοῦν
2926 2115 3026 2169 κάν
3073 2113 3328 2184 ἀγγέλων
3383 2111 3770 2185 τις·άνθρὼπῳ

2191 2211 2420 2282 ὀφθῆναι
2449 2207 2693 2280 πεμφθῇ,
2716 2207 2975 2279 τρέπεται
3003 2206 3081 2269 είς
3104 2205 3310 2277 σάρκα,
3335 2204 3423 2258 ἵνα
3445 2204 3551 2257 ὑπὸ
3583 2204 3771 2274 σαρκὸς

2189 2300 2593 2373 ὀφθῆναι
2609 2298 2978 2371 δυνηθῇ.”Ᾱσα
2987 2315 3111 2370 ρκον
3131 2297 3241 2369 γὰρ
3261 2297 3517 2368 δύναμιν,
3541 2295 3601 2348 οὐ
3625 2294 3774 2365 μόνον

2190 2391 2341 2456 Υίοῢ,
2369 2390 2484 2444 ἀλλ’
2506 2391 2527 2422 ⁸
2558 2388 2665 2442 οὐδ’
2698 2387 2930 2457 ἀγγέλου
2963 2388 3090 2441 ἰδεῖν
3116 2405 3199 2450 τις
3226 2386 3484 2440 δύναται.
3510 2386 3574 2439 El
3610 2385 3663 2438 δὲ
3695 2383 3775 2455 ῐδῃ

2186 2499 2270 2547 τις
2296 2481 2584 2545 ὀπτασίαν,
2614 2478 2786 2534 κακοῦ
2816 2478 3064 2551 δαίμονος
3091 2476 3303 2550 ταύτην
3334 2472 3481 2531 εἶναι
3509 2475 3693 2530 νοείτω

2258 2764 2419 2819 XVII.
2461 2765 2607 2837 Πλὴν
2638 2765 2719 2818 ὅτι
2751 2763 2844 2818 καὶ
2876 2764 3091 2828 ἀσεϐεῖς
3122 2762 3387 2834 ὁράματα
3428 2763 3525 2816 καὶ
3558 2760 3779 2815 ἐνύπνια

2184 2857 2356 2929 ἀληθῆ
2386 2857 2696 2927 βλέπουσιν,
2726 2855 2882 2927 δῆλόν
2908 2857 3077 2918 ἐστιν,
3109 2854 3203 2907 καὶ
3236 2854 3545 2925 ἐγγράφως
3569 2852 3774 2906 ἀποδεῖ-

2185 2949 2277 3014 ξαι
2297 2949 2550 3020 δύναμαι.
2581 2950 2763 3020 Πέρας
2794 2947 2924 3017 γοῦν
2962 2948 3019 3000 ὲν
3053 2946 3130 3018 τῷ
3156 2945 3315 3017 νόμῳ
3342 2946 3683 3019 γέγραπται,
3707 2944 3779 3007 ὡς

2183 3043 2212 3094 ὁ
2245 3039 2561 3112 Ἀϐιμέλεχ,
2604 3038 2808 3110 ἀσεϐὴς
2849 3037 2960 3101 ὢν,
3008 3037 3106 3109 τὴν
3134 3036 3229 3089 τοῦ
3276 3037 3495 3091 δικαίου
3535 3034 3779 3106 ’Ἀϐραάμ

2186 3136 2416 3201 γυναῖκα
2449 3132 2541 3184 ἐπὶ
2570 3130 2826 3202 κοινωνίᾳ
2869 3131 3059 3201 μιᾶναι
3102 3127 3370 3199 θελήσας,
3400 3129 3609 3200 ἢκουσε
3638 3124 3783 3197 παρά

2184 3221 2280 3274 τοῦ
2304 3221 2437 3274 Θεοῦ
2472 3219 2591 3273 καθ’
2628 3218 2814 3282 ὕπνον,
2839 3219 2915 3283 ὡς
2947 3220 2980 3290 ἠ
3012 3218 3200 3289 Γραφὴ
3233 3218 3415 3287 λέγει,
3457 3218 3535 3291 μὴ
3571 3218 3739 3286 θιγεῖν
3758 3217 3778 3247 ⁷

2184 3313 2372 3384 αὐτῆς,
2406 3312 2491 3365 ὅτι
2518 3310 2669 3384 ἀνδρὶ
2696 3310 3041 3382 συνῳκηκυῖά
3064 3311 3234 3363 ἐστιν.
3278 3309 3453 3364 Ἀλλά
3486 3309 3588 3363 καὶ
3625 3312 3653 3364 ὁ
3682 3311 3786 3362 Φα-

2187 3405 2320 3479 ραὼ,
2354 3404 2557 3476 ἀσεϐὴς
2580 3403 2740 3475 ἀνὴρ,
2771 3402 3014 3473 ἑώρακεν
3043 3401 3257 3471 ὄνειρον
3309 3401 3448 3473 περι
3492 3419 3555 3455 τε
3600 3397 3784 3472 πυρῶν

2182 3498 2441 3571 εὐφορίας
2483 3496 2577 3549 καὶ⁵
2615 3492 2882 3565 ἀφορίας,
2911 3487 2954 3561 ᾧ
2979 3492 3050 3544 ὁ⁸
3101 3491 3306 3564 Ἰωσὴφ
3344 3492 3598 3547 ἐπιλύων
3639 3489 3788 3563 παρὰ

2182 3590 2315 3646 Θεοῦ
2343 3589 2446 3660 ἔφη
2471 3587 2562 3640 τὸν
2587 3586 2795 3658 ὄνειρον
2818 3581 3168 3654 γεγενῆσθαι.
3188 3583 3688 3656 Ναϐουχοδονόσορ
3707 3582 3785 3644 δὲ,

2180 3690 2209 3742 ὁ
2241 3685 2433 3740 εἴδωλα
2483 3681 2655 3737 σέϐων
2678 3720 2693 3743 ,
2740 3680 2834 3734 xal.
2882 3681 3007 3741 τοὺς
3054 3678 3187 3731 Θεδν
3222 3678 3503 3744 σέϐοντας
3554 3681 3636 3743 εἷς
3680 3674 3789 3751 πῦρ

2181 3776 2442 3839 κελεύσας
2476 3774 2757 3847 βληθῆναι,
2784 3772 2989 3844 ϐνειρον
3022 3771 3143 3825 ὅλου
3183 3773 3414 3843 μήκους
3441 3772 3648 3835 αἰῶνος
3666 3773 3783 3843 ὁρᾷ.

2179 3871 2290 3923 Καὶ
2317 3868 2391 3940 μὴ
2421 3868 2623 3937 λεγέτω
2660 3882 2764 3928 τις·
2802 3863 2942 3917 Ἀλλ’
2969 3864 3148 3936 ὅραμα
3181 3864 3529 3937 ἐγρηγορὼς
3552 3865 3574 3895 ³
3619 3864 3789 3927 οὐδεὶς

2178 3960 2390 4015 ἀσεϐῶν
2417 3959 2631 4031 θεωρεῖ.
2665 3955 2871 4019 Ψεῦδός
2906 3956 3072 4008 ἐστιν.
3107 3955 3285 4019 Αὐτὸς
3321 3957 3467 4025 γοῦν
3500 3960 3531 4011 ὁ
3574 3956 3790 4011 Ναϐου-

2176 4052 2459 4123 χοδονόσορ
2496 4052 2645 4122 τρεῖς
2679 4048 2877 4119 ἄνδρας
2913 4046 3177 4110 κελεύσας
3224 4045 3513 4121 βληθῆναι
3542 4049 3626 4113 εἰς
3658 4046 3790 4120 πῦρ,

2177 4141 2364 4196 ἐνιδὼν
2391 4144 2457 4212 τῇ
2484 4140 2700 4212 καμίνῳ
2730 4140 2990 4210 τέταρτον
3007 4138 3050 4169 ³⁵
3072 4136 3198 4209 ἔφη·
3236 4139 3354 4193 Τὸν
3382 4141 3663 4214 τέταρτον
3682 4138 3791 4213 ὁρῶ

2174 4233 2250 4297 ὡς
2266 4232 2395 4286 Υἱὸν
2420 4231 2575 4285 Θεοῦ.
2597 4231 2705 4284 Καὶ
2728 4230 2878 4301 ὅμως
2899 4229 3161 4291 ὀπτασίας
3179 4245 3241 4281 τε
3270 4231 3377 4283 καὶ
3404 4232 3677 4304 ὁράματα
3701 4231 3795 4285 καὶ

2174 4324 2402 4378 ἐνύπνια
2448 4322 2681 4396 ὁρῶντες
2727 4321 2938 4393 ἀληθῆ,
2980 4320 3199 4384 ἀσεϐεῖς
3245 4316 3431 4392 ἦσαν.
3485 4324 3685 4387 Οὕτως
3733 4322 3792 4375 οὔ

2173 4415 2392 4478 πάντως
2423 4415 2488 4468 ὲκ
2529 4413 2623 4467 τοῦ
2663 4414 2796 4485 ὁρᾷν
2825 4429 2948 4466 τινα
2987 4411 3241 4483 ὁράματα
3277 4412 3387 4465 καὶ
3423 4414 3673 4468 ἐνύπνια
3702 4413 3795 4467 καὶ

502 4509 687 4565 statim
718 4524 786 4563 ex
822 4522 912 4574 eo,
945 4506 1089 4580 quod
1128 4506 1255 4577 quis
1301 4514 1491 4560 cernat
1536 4504 1651 4558 visa
1683 4512 1737 4558 et
1780 4504 2071 4570 insomnia,

2190 4505 2445 4569 5πτασίας
2474 4505 2691 4567 πάντως
2723 4503 2951 4574 εὐσεϐής
2982 4504 3149 4555 ἐστιν.
3178 4501 3273 4573 Τῷ
3297 4503 3422 4575 γὰρ
3447 4505 3678 4559 εὐσεϐεῖ
3696 4508 3794 4575 ὲμ-

501 4600 731 4655 omnino
764 4599 888 4669 pius
920 4606 1023 4654 est.
1053 4595 1191 4651 Nam
1233 4595 1320 4666 pio
1346 4595 1401 4650 in
1430 4604 1610 4650 mente
1633 4595 1818 4650 innata
1854 4605 1909 4650 et
1937 4612 2072 4666 pura

501 4702 673 4746 scatet
696 4691 923 4755 veritas,
948 4704 1058 4743 non
1085 4703 1205 4759 quae
1230 4702 1327 4757 per
1357 4700 1611 4741 somnum
1645 4685 1948 4751 atl‘ectatur,
1977 4687 2071 4742 sed

499 4798 623 4853 quae
650 4798 746 4853 per
774 4779 1188 4851 intelligentiam
1218 4776 1379 4832 bonis
1402 4775 1739 4830 conceditur.

2177 4598 2329 4669 φύτῳ
2366 4598 2460 4651 καὶ
2492 4596 2718 4669 καθαρῷ
2748 4594 3036 4659 ἀναϐλύζει
3070 4591 3150 4665 τῷ
3193 4592 3276 4663 νῷ
3324 4592 3395 4648 τὺ
3430 4595 3671 4669 ἀληθὲς,
3697 4596 3796 4650 οὐκ

2172 4686 2364 4760 ὀνείρῳ
2398 4685 2908 4755 σπουδαζόμενονη,
2942 4682 3079 4738 ἀλλά
3113 4681 3342 4737 συνέσει
3380 4686 3633 4757 ἀγαθοῖς
3657 4687 3796 4741 διδό-

2176 4795 2356 4847 μενον.

1775 4926 2009 4981 VAIIIIE
2050 4928 2449 4986 LECTIONES.

567 5046 1085 5130 tremulisque“
1114 5042 1268 5130 9&9.-
1300 5043 1438 5130 Tu")
1469 5044 1753 5130 εεδέαν,.ο-
1831 5045 1852 5077 ³
1889 5044 2189 5130 ἐῶντοςρε
2225 5046 2403 5130 .t't?
2452 5043 2975 5130 δρηέἔκαξιιυτρ·
3006 5042 3073 5130 1"
3123 5040 3206 5130 (ἔ.
3238 5052 3388 5098 ποίει
3433 5042 3797 5130 marsi???“

496 5111 665 5223 ρεῦγὲ
705 5111 1126 5200 mammam
1162 5115 1297 5170 Vbb.
1336 5116 2027 5199 antecedentiaspeaans.
2103 5116 2125 5148 ⁸
2163 5117 2239 5170 ὅτ’
2269 5117 2418 5171 ἆγε.
2494 5116 2642 5170 σάλλ’
2671 5117 2795 5171 add.
2822 5131 2872 5170 c.
2913 5117 2974 5169 Ο.
3006 5114 3080 5168 Ex
3106 5111 3309 5169 eodem
3348 5111 3612 5172 accessi't
3645 5118 3793 5169 ίδείν.

536 5192 615 5245 Ita
651 5189 690 5245 S
718 5231 735 5254 ,
758 5205 848 5254 qui
870 5188 1080 5243 oonfert
1108 5184 1347 5241 Schaefer
1382 5186 1601 5254 (negor.
1622 5184 1861 5240 Corinth.
1890 5187 2017 5251 990,
2054 5186 2227 5254 θίγειν
2251 5188 2395 5245 (3.0.
2473 5187 2786 5254 ³εὺφημίας
2804 5186 2942 5239 καὶὸ
2970 5185 3000 5237 ὁ
3036 5202 3089 5254 p.
3120 5182 3405 5254 sbtpqpia;
3429 5186 3536 5240 καὶ
3560 5187 3798 5254 ἀφορίας

496 5202 615 5278 :Ita
651 5202 690 5245 δ
718 5231 735 5257 ,
758 5205 848 5259 qui
870 5202 1080 5243 contert
1109 5202 1347 5241 Demeter
1382 5202 1601 5254 uregor.
1622 5202 1861 5240 bonum.
1890 5202 2017 5251 usu,
2054 5202 2227 5255 υιγειν
2251 5202 2395 5245 mu.
2473 5202 2786 5258 ἐυφημιας
2804 5202 2942 5239 καιο
2970 5202 3000 5237 ο
3036 5202 3089 5255 p.
3120 5202 3405 5253 ευφοριας
3429 5202 3536 5240 και
3560 5202 3793 5261 αφοριας

493 5264 668 5343 ῳὸο.
743 5256 1086 5343 ’.ἐγρηγορόχ
1105 5257 1166 5311 Ο.
1230 5256 1273 5288 ¹⁰
1303 5257 1384 5309 Ita
1415 5258 1455 5308 0
1504 5264 1559 5311 et
1585 5271 1762 5329 marg.
1784 5256 1845 5313 Ci
1877 5297 1892 5322 ,
1917 5258 2009 5327 qui
2051 5258 2105 5313 in
2161 5267 2308 5312 textu
2346 5258 2474 5313 exh.
2524 5257 2952 5329 τεταρτώτατον.
3028 5257 3069 5288 ¹¹
3096 5250 3578 5327 σπουδαζόμενον
3624 5260 3668 5313 Ο
3744 5273 3793 5310 c.

496 5332 540 5383 υ
569 5371 584 5397 ,
616 5330 1028 5400 σπουδαζόμενα
1047 5330 1120 5384 C.

1795 5457 2163 5517 VARIORUM
2190 5457 2420 5514 NOTAE.

563 5588 674 5660 (54)
730 5588 1048 5660 Ἄσαρκον.
1097 5584 1233 5660 Nota
1279 5582 1534 5660 ἄσαρκον,
1586 5591 1693 5660 non
1745 5575 2053 5660 ἀσῴματον,

534 5649 710 5726 ropter
745 5658 798 5713 id
831 5649 972 5727 quod
1007 5649 1571 5727 scribebamuspaulo
1601 5656 1747 5727 ante,
1791 5649 1858 5701 ad
1889 5656 2054 5727 caput

534 5675 710 5726 ropter
745 5675 798 5713 ια
831 5675 972 5727 quoa
1007 5675 1380 5713 εει-ιυευιιιιιιιδ
1411 5675 1571 5720 puum
1601 5675 1745 5712 anw,
1791 5675 1858 5701 au
1889 5675 2046 5714 captu

492 5675 526 5781 ς
582 5728 746 5797 hujus
797 5727 1068 5793 homilim;
1118 5726 1225 5780 Deo
1273 5723 1416 5778 enim
1450 5720 1755 5775 tribuerunt
1804 5717 2046 5771 nonnulli

2164 5588 2365 5642 corpus
2378 5582 2579 5700 égnue,
2608 5574 2754 5631 velut
2782 5574 2985 5643 lumen,
3018 5592 3128 5634 non
3161 5585 3361 5635 autem
3398 5598 3627 5656 corpus
3656 5602 3781 5641 car-

2164 5659 2347 5700 neum.
2461 5659 2513 5699 τ.

2163 5659 2347 5700 neum.
2378 5659 2513 5700 ιιοτ.
