4022 6336
281 292 370 346 ιοι

1327 288 1782 344 CLEMENTINA.
1822 318 1889 329 --
1922 285 2202 342 IIOMIIJA
2238 284 2396 339 XV“.

3406 280 3509 336 ιον

339 408 506 479 350
542 407 730 464 XVIII.
766 407 952 473 Οὕτως
996 408 1105 480 γάρ
1146 408 1313 479 κάμοὶ
1354 408 1462 462 ἀπὸ
1504 407 1597 461 τοῦ
1637 404 1847 477 Πατρός

2017 402 2204 458 XVIII.
2247 402 2341 458 Sic
2386 402 2530 458 enim
2581 411 2635 457 et
2670 402 2805 457 mihi
2847 418 2877 457 a
2925 401 3085 457 Patre
3130 398 3399 455 revelatus
3429 409 3512 453 est

268 500 634 573 ἀπεκαλύφθη
663 503 692 555 ό
721 501 867 564 Υἱός.
911 501 1002 555 Διὸ
1022 497 1139 555 οἶδα
1178 500 1265 564 τίς
1305 500 1533 571 δύναμις
1570 496 1844 553 ἀποκαλύ-

268 591 448 660 ψεως,
492 590 586 659 ἀφ’
611 591 804 646 ἐαυτοῦ
845 589 1051 662 μαθών.
1080 591 1231 661 Ἅμα
1263 589 1372 663 γάρ
1402 590 1482 662 τῷ
1514 590 1605 644 τὸν
1644 589 1848 661 Κύριον

266 678 445 729 εἰπεῖν
458 677 522 740 ¹¹,
548 678 687 731 Τίνα
702 674 888 731 αὑτὸν
903 670 1213 748 λέγουσιντ
1225 681 1317 732 καὶ
1333 679 1522 742 ἄλλους
1543 679 1669 734 ἄλλο
1691 696 1744 731 τι
1762 678 1849 731 λέ-

268 785 470 836 γοντας
494 768 658 822 αὑτὸν
676 769 974 838 ἀκηκοότος
996 769 1150 841 ἐμοῦ,
1175 772 1267 825 ἐπὶ
1284 771 1384 841 τῆς
1408 771 1636 842 καρδίας
1657 769 1843 841 ἀνέϐηο

266 860 371 913 οὐκ
407 857 528 915 οἶδα
558 857 652 915 οὖν
701 861 818 924 πῶς
843 857 992 915 εἷπον
1011 879 1025 893 ·
1061 862 1144 916 Σὺ
1169 863 1225 917 εἷ
1252 865 1285 917 d
1323 862 1455 928 Υίός
1500 863 1606 917 τοῦ
1638 860 1851 927 ζῶντος

268 952 444 1005 Θεοῦ.
493 951 598 1004 Τδν
648 952 705 1005 δὲ
759 952 1143 1025 μακαρίσαντά
1185 971 1252 1024 με
1298 954 1534 1026 μηνῦσαί
1584 973 1712 1028 μοι,
1760 954 1851 1007 τὸν

266 1041 702 1111 ἀποκαλύψαντα
728 1044 947 1115 Πατέρα
975 1040 1144 1109 εἶναι,
1181 1046 1281 1117 ἐμὲ
1330 1047 1387 1101 δέ
1415 1047 1601 1101 ἐκτοτε
1636 1049 1849 1119 μαθεῖν,

266 1135 354 1186 ὅτι
374 1134 438 1187 τὸ
461 1135 790 1199 ἀδιδάκτως,
819 1137 945 1191 ἄνευ
977 1136 1240 1201 ὀπτασίας
1270 1139 1365 1192 καὶ
1396 1139 1620 1211 ὀνείρων
1663 1140 1853 1211 μαθεῖν

269 1226 620 1296 ἀποκάλυψις
658 1228 822 1282 ἐστιν.
861 1229 971 1282 Καὶ
1012 1228 1226 1300 ἀληθῶς
1253 1229 1427 1293 οὕτως
1457 1230 1592 1301 ἔχει.
1633 1232 1720 1285 Ἐν
1746 1232 1854 1305 γάρ

268 1322 336 1390 τῇ
364 1321 424 1372 ἐν
449 1323 587 1391 ἡμῖν
628 1322 693 1374 ἐκ
724 1320 858 1374 Θεοῦ
883 1322 1098 1396 τεθείσῃ
1133 1324 1524 1395 σπερματικῶς
1548 1324 1788 1399 [καρδίᾳ]
1812 1327 1854 1360 is

271 1412 425 1465 πᾶσα
452 1410 662 1465 ἔνεστιν
695 1412 728 1483 ἡ
762 1412 1007 1485 ἀλήθεια,
1047 1413 1182 1467 Θεοῦ
1210 1414 1265 1467 δὲ
1297 1416 1439 1487 χειρὶ
1476 1415 1734 1469 σκέπεται
1763 1418 1857 1469 καὶ

269 1501 745 1565 ἀποκαλύπτεται,
766 1503 859 1555 τοῦ
886 1502 1231 1574 ἐνεργοῦντος
1252 1504 1296 1535 ’⁸
1322 1504 1383 1556 τὸ
1410 1504 1531 1558 κατ’
1559 1505 1713 1571 ἀξίαν
1731 1505 1857 1559 ἐκά-

270 1612 405 1649 στου
432 1596 657 1659 εἰδότος.
686 1595 759 1647 Τὸ
779 1594 835 1648 δὲ
862 1592 1060 1661 ἔξωθεν
1082 1594 1147 1647 δι’
1174 1594 1451 1649 ὀπτασιῶν
1479 1596 1573 1648 καὶ
1595 1595 1857 1650 ἐνυπνίων

267 1685 581 1758 δηλωθῆναί
600 1703 675 1749 τι,
697 1687 779 1739 ὅτι
798 1686 897 1739 οὐκ
917 1685 1062 1739 ἐστιν
1081 1684 1493 1756 ἀποκαλύψεως,
1511 1685 1646 1740 ἀλλά
1666 1686 1853 1758 ὀργῆς,

1949 495 2139 551 Filius.
2166 495 2348 562 Quare
2382 495 2532 561 novi,
2558 510 2681 565 quae
2714 495 2788 549 sit
2830 493 3175 549 revelationis
3210 492 3316 556 vis,
3361 506 3391 546 a
3427 506 3515 544 me

1950 585 2068 655 ipso
2100 586 2345 641 edoctus.
2374 584 2509 639 Nam
2542 584 2707 640 simul
2741 599 2805 639 ac
2832 584 3096 639 Dominus
3137 578 3513 651 interrogavit,

1948 693 2107 747 quem
2141 692 2266 731 eum
2296 677 2569 743 dicerent,
2616 686 2671 730 et
2715 691 2816 746 ego
2843 676 2983 731 alios
3022 675 3170 731 aliud
3220 672 3351 743 quid
3395 686 3517 727 csse

1950 783 2072 822 eum
2109 767 2502 837 respondentes
2531 766 2753 834 audivi,
2796 766 2851 820 in
2893 782 2989 822 cor
3016 781 3195 821 meum
3231 763 3515 828 ascendit,

1950 875 2051 915 nec
2084 875 2214 915 vero
2247 860 2398 926 scio,
2424 876 2533 931 qua
2576 860 2786 915 ratione
2819 859 3051 914 dixerim
3081 878 3098 914 :
3147 858 3225 912 Tu
3254 874 3309 911 es
3340 854 3516 909 Filius

1950 950 2050 1007 Dei
2089 953 2188 1007 rivi
2215 965 2266 1006 ι.
2298 951 2389 1007 Ille
2426 962 2604 1008 autem
2650 952 2868 1006 beatum
2906 966 2992 1004 me
3024 948 3325 1020 prmdicans
3370 944 3517 999 indi-

1950 1046 2095 1099 cavit
2149 1046 2314 1113 mihi,
2359 1062 2483 1102 eum
2509 1085 2526 1111 ,
2567 1046 2661 1117 qui
2708 1043 3077 1123 revelaverat,
3111 1039 3326 1094 Patrem
3358 1050 3517 1101 esse,

1955 1149 2118 1208 atque
2149 1154 2216 1193 ex
2260 1155 2327 1193 eo
2363 1149 2608 1209 tempore
2664 1137 2875 1204 didici,
2922 1133 3310 1191 revelationem
3358 1142 3517 1193 esse,

1954 1232 2174 1301 quando
2216 1233 2422 1303 absque
2476 1239 2808 1302 praeceptore
2848 1237 2903 1283 et
2949 1227 3159 1283 visione
3184 1240 3252 1280 ac
3289 1220 3520 1278 somniis

1953 1326 2255 1381 erudimur.
2292 1328 2372 1381 Ac
2402 1341 2530 1380 vere
2577 1325 2651 1378 ita
2704 1323 2884 1377 habet.
2931 1319 3213 1390 Siquidem
3244 1316 3299 1370 in
3333 1314 3521 1377 corde,

1955 1417 2103 1487 quod
2143 1418 2195 1472 iu
2226 1417 2384 1472 nobis
2417 1416 2602 1487 posuit
2626 1415 2789 1479 Deus,
2813 1412 3067 1466 universa
3095 1412 3266 1465 instar
3298 1405 3523 1463 seminis

1956 1508 2098 1564 inest
2130 1510 2330 1566 veritas
2356 1550 2372 1574 ,
2430 1510 2628 1580 legitur
2678 1522 2807 1562 vero
2834 1521 2903 1560 ac
2928 1503 3199 1565 revelatur
3232 1515 3395 1555 mauu
3430 1496 3523 1551 Dei

1954 1603 2232 1672 operantis
2283 1619 2349 1658 ac
2418 1604 2758 1675 singulorum
2812 1600 3065 1653 meritum
3119 1591 3521 1665 cognoscentis.

1944 1692 2311 1750 Extrinsecus
2334 1703 2517 1750 autem
2548 1708 2642 1763 per
2675 1692 2914 1747 visiones
2943 1698 2997 1745 et
3023 1687 3301 1755 insomnia
3319 1684 3527 1755 aliquid
3610 1708 3615 1715 ί

269 1779 550 1847 φαίνεται.
568 1778 747 1849 Πέρας
770 1778 900 1847 γοῦν
923 1778 1230 1849 γέγραπται
1260 1780 1316 1832 ἐν
1338 1778 1417 1850 τῷ
1444 1778 1591 1851 νόμῳ
1610 1780 1691 1833 ὅτι
1711 1781 1859 1851 ὀργι-

1963 1787 2265 1851 declarari,
2300 1794 2523 1856 apparet
2556 1801 2663 1839 non
2697 1798 2818 1839 esse
2850 1780 3232 1842 revelationis,
3262 1778 3354 1834 scd
3408 1778 3522 1832 iraa.

275 1870 425 1934 σθεὶς
454 1871 483 1922 ό
513 1870 647 1933 Θεὸς
679 1868 889 1941 Ἀαρὼν
915 1871 1009 1923 καὶ
1034 1870 1265 1943 Μαριὰμ
1288 1870 1390 1943 ἐφη
1408 1888 1422 1901 ·
1458 1870 1598 1925 Ἐὰν
1625 1869 1861 1940 ἀναστῇ

273 1959 593 2029 προφήτης
631 1959 701 2025 ἐξ
741 1959 933 2029 ὑμῶν,
964 1960 1036 2014 δι’
1080 1960 1386 2031 ὁραμάτων
1424 1962 1522 2015 καὶ
1564 1962 1864 2017 ἐνυπνίων

272 2052 440 2119 αὐτῷ
482 2053 1003 2123 τνωρισθήσομαι,
1048 2054 1160 2122 οὐχ
1202 2054 1388 2121 οὕτως
1422 2054 1491 2108 δὲ
1522 2056 1603 2122 ὡς
1635 2054 1863 2124 Μωῠσῇ

273 2143 359 2210 τῷ
410 2142 732 2212 θεράποντί
773 2162 921 2212 μου,
966 2142 1056 2197 ὅτι
1106 2143 1176 2198 ἐν
1234 2143 1378 2197 εἴδει
1431 2142 1532 2198 καί
1594 2146 1667 2199 οὐ
1718 2143 1792 2198 δι’
1818 2145 1863 2177 ³⁸

272 2235 587 2288 ἐνυπνίων
611 2233 866 2301 λαλήσω
911 2234 1060 2302 πρὸς
1089 2233 1295 2298 αὑτὸν,
1326 2236 1408 2301 ὡς
1434 2236 1579 2303 stuc
1603 2235 1865 2303 λαλήσει

284 2326 438 2394 πρὸς
468 2326 577 2380 τόν
612 2326 828 2380 ἑαυτοῦ
861 2329 1063 2397 φίλον.
1093 2326 1256 2399 Ὁρᾷς
1296 2326 1414 2390 πῶς
1447 2328 1518 2381 τὰ
1559 2328 1659 2399 τῆς
1696 2329 1865 2401 ὀργῆς

282 2416 356 2469 δι’
384 2417 679 2489 ὁραμάτων
721 2417 817 2471 καὶ
851 2417 1143 2481 ἐνυπνίων,
1172 2417 1240 2471 τὰ
1266 2417 1323 2471 δὲ
1359 2417 1514 2489 351
1546 2418 1682 2489 πρὸς
1713 2420 1865 2490 φίλον

283 2509 460 2580 στόμα
477 2507 623 2562 κατά
656 2510 852 2579 στόμα,
892 2510 949 2562 ἐν
1000 2508 1151 2573 είδει,
1182 2510 1274 2562 καὶ
1310 2509 1371 2562 ού
1413 2510 1481 2562 δι’
1529 2511 1864 2582 αἰνιγμάτων

283 2602 378 2655 καὶ
406 2600 705 2672 ὁραμάτων
734 2601 828 2654 καὶ
854 2600 1118 2655 ἐνυπνίων
1142 2600 1208 2664 ³⁸,
1235 2600 1312 2664 ὡς
1349 2600 1485 2672 πρὸς
1510 2601 1722 2672 ἐχθρόν.

355 2691 501 2746 XIX.
543 2693 606 2745 Ei
626 2693 666 2723 "
698 2692 796 2763 μὲν
819 2688 910 2745 οῦν
936 2693 1029 2745 καὶ
1065 2695 1147 2746 σοὶ
1173 2694 1201 2745 ό
1231 2692 1436 2765 Ἰησοῦς
1465 2693 1621 2764 ἡμῶν
1645 2693 1712 2747 δι’
1733 2693 1864 2765 όρά-

289 2804 461 2857 ματος
488 2786 676 2855 όφθεις
698 2783 943 2856 ἐγνώσθη
976 2785 1069 2839 καὶ
1088 2785 1381 2857 ὡμίλησεν,
1405 2786 1480 2849 ὡς
1508 2786 1866 2858 ἀντικειμένῳ

282 2876 664 2948 ὀργιζόμενος,
713 2876 797 2929 διὸ
836 2875 904 2928 δι’
941 2876 1233 2947 ὁραμάτων
1268 2876 1362 2929 καὶ
1401 2876 1727 2948 ἐνυπνίωνῆ
1770 2878 1866 2930 καὶ

283 2970 353 3023 δι’
388 2966 790 3036 ἀποκαλύψεων
822 2967 1017 3033 ἔξωθεν
1043 2967 1216 3020 οὐσῶν
1236 2967 1513 3038 ἐλάλησεν.
1540 2967 1669 3020 Ei”
1699 2985 1782 3032 τις
1809 2968 1865 3021 δὲ

283 3061 352 3112 δι’
378 3058 653 3113 ὀπτασίαν
700 3058 836 3130 πρὸς
868 3058 1217 3111 διδασκαλίαν
1250 3057 1570 3128 ωφισθῆναι
1607 3058 1862 3125 δύναταις

288 3154 399 3206 Καὶ
428 3154 477 3205 εί
516 3151 616 3222 μὲν
645 3152 809 3223 ἐρεῖς·
841 3150 1075 3203 Δυνατόν
1122 3151 1300 3214 ἐστιν,
1332 3150 1421 3203 διὰ
1448 3150 1500 3203 τί
1539 3150 1645 3221 ὅλῳ
1681 3152 1863 3204 ἐνιαυ-

288 3245 366 3317 τῷ
394 3246 439 3277 ¹⁹
466 3244 581 3315 (55)
611 3242 938 3316 ἐγρηγορόσι
976 3242 1305 3315 παραμένων
1342 3242 1613 3314 ὡμίλησεν
1656 3244 1684 3295 ὁ
1712 3244 1865 3298 Διδά-

291 3346 524 3410 σκαλος;
564 3344 680 3408 πῶς
708 3343 764 3397 δέ
793 3361 874 3397 σοι
912 3344 1006 3397 καὶ
1036 3343 1397 3415 πιστεύσομεν
1438 3343 1599 3407 αὐτὸ,
1637 3344 1740 3397 κᾶν
1788 3344 1868 3397 ὃτι

288 3438 447 3508 ὤφθη
483 3453 597 3500 σοι;
632 3435 756 3499 Πῶς
783 3434 840 3488 δέ
878 3452 959 3488 σοι
1002 3434 1096 3488 καὶ
1136 3432 1311 3506 ὤφθη,
1342 3434 1502 3487 ὁπότε
1524 3436 1568 3466 ¹⁰
1608 3435 1773 3488 αὑτοῦ
1802 3434 1870 3488 τὰ

290 3528 513 3582 ἐναντία
561 3529 631 3598 τῇ
671 3526 988 3598 διδασκαλίᾳ
1032 3528 1286 3598 φρονεῖςς
1328 3525 1392 3577 Ei
1430 3524 1486 3577 δὲ
1530 3525 1621 3578 ὑπ’
1663 3524 1870 3579 ἐκείνου

295 3624 426 3693 μιᾶς
447 3621 598 3691 ὧρας
620 3619 805 3688 ὀφθεὶς
834 3620 927 3673 καὶ
957 3617 1316 3690 μαθητευθεὶς
1343 3619 1638 3682 ἀπόστολος
1660 3619 1869 3687 ἐγένου,

292 3711 392 3775 τάς
437 3710 649 3764 ἐκείνου
694 3709 875 3779 φωνὰς
921 3709 1277 3781 κήρυσσε,τά
1319 3709 1527 3763 ἐκείνου
1566 3711 1870 3782 ἐρμήνευε,

293 3804 421 3866 τοὺς
451 3801 662 3855 ἐκείνου
686 3801 1013 3864 ἀποστόλους
1033 3800 1203 3870 φίλει,
1231 3800 1352 3871 ἐμοὶ
1377 3800 1456 3870 τῷ
1498 3800 1873 3871 συγγενομένῳ

294 3894 446 3965 αὐτῷ
471 3895 548 3965 μὴ
579 3892 773 3964 μάχου.
808 3893 951 3964 Πρὸς
987 3893 1097 3965 γὰρ
1129 3892 1353 3965 στερεὰν
1394 3894 1596 3965 πέτραν
1624 3893 1753 3947 ὅντα
1783 3910 1871 3963 με,

300 3987 551 4058 θεμέλιον
584 3986 928 4058 Ἐκκλησίας,
970 3986 1209 4049 ἐναντίος
1241 3985 1577 4056 ἀνθέπηκάς
1604 3986 1774 4057 pot".
1809 3986 1873 4038 Ei

304 4080 376 4149 μὴ
412 4077 787 4148 ἀντικείμενος
818 4074 903 4150 ᾖς,
924 4077 1024 4130 οὐκ
1051 4077 1115 4130 ἀν
1145 4093 1210 4147 με
1241 4075 1536 4130 διαϐάλλων
1566 4076 1626 4128 τὸ
1652 4075 1718 4129 δι’
1741 4074 1872 4146 ἐμοῦ

300 4170 565 4239 κήρυγμα
594 4165 881 4236 ἐλοιδόρεις
900 4166 967 4224 “,
998 4166 1105 4228 ἵνα,
1129 4164 1156 4217 ὃ
1185 4162 1334 4235 παρὰ
1365 4163 1458 4217 τοῦ
1486 4164 1689 4237 Κυρίου
1715 4164 1876 4228 αὐτὸς

305 4259 494 4330 παρὼν
528 4258 762 4329 ἀκήκοα,
791 4258 962 4328 λέγων
990 4258 1064 4329 μὴ
1100 4256 1463 4328 πιστεύωμαι,
1492 4256 1645 4329 δῆλον
1683 4258 1764 4312 ὅτι
1800 4258 1876 4323 ὡς

306 4350 438 4420 ἐμοῦ
484 4347 961 4417 καταγνωσθέντος
999 4348 1095 4401 καὶ
1126 4346 1259 4418 ἐμοῦ
1280 4348 1324 4378 ’⁸
1355 4347 1780 4420 εὐδοκιμοῦντος.
1804 4352 1877 4403 Ἢ

1965 1875 2205 1946 Denique
2238 1877 2290 1929 in
2327 1877 2441 1944 lege
2470 1874 2730 1943 scriptum
2763 1880 2865 1936 est,
2898 1871 3064 1925 Deum
3095 1871 3291 1924 iratum
3322 1866 3525 1922 Aaroui

1961 1976 2016 2024 et
2048 1967 2228 2023 Maria:
2261 1969 2465 2023 dixisse
2492 1986 2505 2021 :
2545 1967 2605 2023 Si
2646 1966 2935 2021 surrexerit
2965 1970 3220 2035 propheta
3246 1978 3311 2016 ea:
3354 1961 3523 2027 vobis,

1961 2076 2053 2130 per
2079 2061 2301 2114 visiones
2337 2076 2400 2112 ac
2427 2059 2689 2113 insomnia
2714 2058 2763 2112 ei
2784 2057 3067 2127 apparebo,
3092 2072 3195 2109 non
3225 2064 3400 2107 autem
3425 2054 3528 2117 sic,

1962 2150 2401 2222 quemadmodum
2428 2149 2602 2219 Moysi
2643 2148 2846 2206 famulo
2878 2163 3011 2212 meo,
3035 2146 3287 2217 quoniam
3314 2144 3367 2197 in
3408 2159 3526 2210 spe-

1964 2244 2063 2309 cie,
2087 2259 2188 2296 non
2217 2254 2392 2296 autem
2431 2258 2522 2310 per
2552 2241 2817 2295 insomnia
2843 2239 3032 2310 loquar
3079 2238 3147 2291 ad
3189 2236 3323 2290 hunc
3345 2276 3359 2301 ,
3389 2237 3525 2288 velut

1964 2336 2010 2389 si
2054 2335 2170 2405 quis
2211 2333 2460 2404 loquatur
2503 2333 2570 2385 ad
2614 2333 2840 2385 amicum
2891 2347 3045 2384 suum
3093 2330 3143 2384 δ.
3169 2328 3364 2383 Cernis
3414 2341 3528 2397 quo

1967 2428 2149 2491 modo,
2183 2442 2303 2495 quae
2334 2440 2397 2478 ex
2434 2425 2534 2491 ira,
2568 2439 2663 2493 per
2707 2430 2824 2477 visa
2858 2423 2969 2477 sint
2994 2430 3049 2477 et
3078 2420 3372 2482 insomnia,
3403 2434 3526 2488 qua:

1966 2535 2093 2573 vero
2120 2517 2186 2572 ad
2233 2515 2489 2577 amicum,
2520 2529 2584 2568 os
2616 2514 2681 2567 ad
2715 2528 2801 2577 os,
2839 2513 2891 2566 in
2929 2512 3144 2581 specie,
3180 2520 3234 2564 et
3283 2525 3390 2564 non
3437 2524 3533 2580 per

1965 2607 2254 2677 ienigniata
2284 2606 2398 2659 visa
2430 2613 2485 2658 et
2514 2602 2810 2667 iusonmia,
2847 2603 2989 2656 sicut
3021 2601 3089 2667 ad
3116 2600 3419 2654 inimicum.

2034 2696 2175 2751 XIX.
2217 2697 2404 2766 Itaque
2456 2695 2500 2750 si
2542 2695 2638 2749 tibi
2672 2695 2835 2765 etiam
2883 2691 3042 2747 Jcsus
3084 2703 3269 2745 noster
3312 2692 3365 2744 in
3414 2688 3533 2744 viso

1965 2798 2294 2860 conspectus
2317 2789 2569 2859 apparuit
2594 2804 2659 2842 ac
2686 2788 2899 2841 locutas
2923 2795 3025 2849 est,
3056 2796 3312 2853 tanquam
3342 2783 3533 2838 adver~

1966 2882 2112 2937 sario
2148 2884 2340 2946 iratus,
2377 2880 2497 2935 ideo
2530 2895 2627 2950 per
2655 2879 2769 2933 visa
2796 2886 2852 2932 et
2886 2877 3177 2942 insomnia,
3204 2876 3284 2931 vel
3315 2890 3536 2945 quoque

1966 2989 2062 3043 per
2116 2972 2452 3027 extrinsecus
2510 2970 2869 3025 revelationes
2913 2969 3194 3025 disseruit.
3263 2970 3346 3022 Au
3405 2982 3534 3022 vero

1967 3073 2147 3134 potest
2176 3064 2380 3134 aliquis
2413 3079 2508 3134 per
2539 3063 2805 3118 visionem
2848 3062 3055 3116 institui
3084 3062 3151 3116 ad
3182 3057 3539 3115 doctrinam?

1969 3155 2123 3224 Quod
2155 3156 2202 3211 si
2263 3157 2413 3210 dicas
2438 3170 2620 3225 posse,
2668 3168 2838 3223 quare
2870 3169 2965 3225 per
3005 3168 3208 3207 annum
3264 3153 3535 3222 integrum

1970 3265 2092 3306 cum
2126 3248 2475 3319 vigilantibus
2520 3261 2843 3316 permanens
2894 3246 3197 3301 collocutus
3234 3255 3318 3300 est
3353 3243 3537 3298 Domi-

1970 3344 2117 3398 nus?
2157 3340 2221 3395 Et
2245 3356 2354 3411 quo
2386 3347 2547 3409 pacto
2578 3338 2674 3392 tibi
2707 3338 2807 3393 hoc
2837 3338 3015 3407 ipsum
3044 3338 3353 3403 credamus,
3388 3335 3535 3406 quod

1973 3436 2067 3490 tibi
2130 3432 2480 3504 apparuerit?
2532 3429 2599 3486 Et
2648 3446 2758 3501 quo
2813 3430 2973 3485 modo
3039 3429 3534 3500 tibiapparuerit',

1970 3544 2094 3582 eum
2139 3526 2411 3582 contraria
2481 3525 2625 3579 illius
2656 3523 2916 3578 doctrina:
2962 3522 3204 3578 sentias?
3248 3523 3343 3577 Siti
3385 3538 3535 3585 vero,

1971 3620 2152 3673 abillo
2178 3633 2271 3687 per
2299 3632 2460 3671 unam
2486 3615 2676 3671 horam
2700 3615 2953 3669 visitatus
2973 3629 3039 3669 ac
3065 3615 3290 3670 edoctus
3309 3655 3325 3677 ,
3360 3613 3536 3670 iactus

1972 3727 2031 3766 es
2073 3710 2353 3779 apostolus
2381 3750 2397 3775 ,
2454 3723 2616 3762 voces
2668 3707 2814 3761 illius
2878 3707 3109 3776 [medica
3140 3745 3156 3769 ,
3208 3706 3355 3759 illius
3400 3707 3536 3761 scita

1974 3806 2359 3871 interpretare,
2399 3802 2544 3856 illius
2576 3801 2851 3870 apostolos
2895 3814 3050 3863 ama,
3086 3799 3216 3853 mihi
3272 3800 3367 3868 qui
3409 3813 3535 3853 cum

1973 3913 2039 3951 eu
2074 3906 2321 3951 versatus
2359 3909 2480 3949 sum
2515 3908 2582 3947 ne
2633 3892 2830 3946 bellum
2879 3891 3107 3945 iudicas.
3161 3887 3296 3943 Nam
3343 3899 3534 3944 contra

1975 4002 2095 4052 me,
2150 3987 2360 4040 ﬁrmam
2401 3994 2604 4054 petram
2663 3992 2715 4038 et
2771 3982 3025 4038 Ecclesiae
3082 3982 3536 4049 fundamentum,

1975 4080 2322 4138 adversarius
2375 4078 2618 4133 rcstiusti
2695 4087 2742 4132 ο.
2795 4075 2910 4131 Nisi
2965 4091 3116 4133 esses
3164 4075 3536 4145 adversarius,

1975 4170 2221 4243 profecto
2241 4170 2306 4226 de
2324 4186 2407 4225 me
2430 4169 2741 4234 detrahens,
2760 4168 3196 4238 praedicationem
3220 4184 3396 4225 meam
3413 4185 3539 4240 pro-

1978 4264 2090 4320 bris
2135 4276 2243 4316 non
2271 4261 2635 4325 iusectareris,
2669 4270 2749 4327 ut,
2782 4260 2873 4330 qui
2907 4260 3029 4315 dico
3051 4274 3174 4330 quae
3205 4261 3319 4331 ipse
3348 4272 3536 4320 astans

1979 4372 2008 4411 a
2034 4356 2268 4411 Domino
2296 4353 2501 4419 audivi,
2535 4367 2645 4407 non
2684 4353 2910 4419 credar,
2936 4354 3096 4423 quasi
3143 4354 3353 4411 scilicet
3399 4371 3538 4412 con-

308 4446 354 4495 εἰ
383 4442 831 4514 κατεγνωσμένον
852 4459 919 4513 με
941 4441 1138 4511 λέγεις,
1155 4440 1288 4495 Θεοῦ
1316 4441 1409 4494 τοῦ
1432 4442 1862 4513 ἀποκαλύψαντός

1980 4447 2381 4505 demnationem
2410 4460 2643 4512 merear,
2657 4446 2908 4516 quamvis
2930 4445 3141 4501 laudari
3163 4447 3411 4504 debeam.
3430 4449 3540 4503 Aut

379 4566 406 4594 ι
445 4552 638 4608 Matth.
673 4568 786 4614 xvi,
812 4553 898 4609 I6.

380 4624 411 4664 ιι
450 4622 614 4679 Νυω.
642 4638 742 4691 xu,
766 4625 833 4689 6;
861 4620 1034 4678 Exod.
1067 4637 1261 4690 xum,
1289 4622 1377 4677 II.

2046 4576 2070 4604 ο
2111 4563 2299 4620 Matth.
2334 4576 2445 4627 xvi,
2482 4559 2569 4616 18.

1577 4735 1808 4791 VARUE
1846 4735 2245 4793 LECTIONES.

383 4832 431 4913 ξ’
454 4832 568 4913 ἐστι
597 4832 660 4885 0.
738 4831 782 4863 "
810 4829 943 4886 Post
982 4830 1229 4913 caesisq”
1253 4830 1689 4913 Schliemannus.
1715 4832 1882 4913 Clem.
1903 4876 1919 4901 ,
1960 4851 2015 4905 p.
2049 4833 2174 4896 £90.
2206 4833 2334 4913 560.
2361 4832 2535 4913 _addit
2552 4832 2803 4913 nuapoiqi,
2864 4828 3181 4913 conjectura
3236 4835 3534 4913 secundum

312 4902 716 4974 Schweglerum
747 4917 938 4974 parum
966 4899 1267 4969 probabili,
1291 4902 1692 4974 elegantissima
1721 4899 1938 4971 quidem
1960 4899 2029 4959 es
2064 4920 2183 4959 mea
2227 4902 2504 4974 opinione.
2552 4899 2723 4974 Etiam
2754 4899 2974 4974 parvula
3020 4901 3211 4959 lacuna
3233 4942 3249 4966 ,
3285 4920 3448 4974 quam
3481 4906 3536 4961 in

313 4990 420 5028 ms.
450 4972 629 5026 Ottob.
683 4971 851 5025 habes
882 4979 1003 5043 post
1037 4972 1419 5043 σπερματικῶς
1451 4973 1639 5027 deesse
1696 4974 1899 5043 aliquid
1956 4975 2089 5028 satis
2129 4971 2339 5043 probat.

2415 4972 2721 5044 "‘Cotelerii
2757 4973 3146 5044 interpretatio
3194 4972 3318 5044 n_ou
3362 4985 3538 5044 potest

312 5052 570 5097 constare
595 5057 719 5095 cum
751 5052 898 5095 textu
942 5040 1162 5106 Graeco,
1183 5040 1297 5097 nisi
1325 5051 1446 5111 post
1481 5040 1829 5111 ἐνεργοῦντος
1861 5044 2092 5098 addatur
2120 5040 2382 5113 particula
2411 5044 2523 5098 καί.
2548 5045 2617 5096 At
2654 5041 2804 5113 nihil
2826 5042 3167 5113 mutandum.
3213 5041 3293 5097 Tu
3346 5040 3492 5099 verte
3519 5063 3533 5099 :

314 5113 421 5178 Qui
451 5121 698 5183 operatur
726 5121 953 5176 tantum,
973 5122 1228 5183 quantum
1249 5122 1474 5183 meretur
1502 5114 1851 5183 unusquisque
1877 5115 2065 5167 sciens.
2085 5111 2171 5183 S._
2220 5116 2263 5147 ¹⁵
2282 5114 2369 5167 δια
2391 5114 2453 5168 C.
2533 5113 2576 5144 ¹⁶
2596 5113 2730 5167 Vhb.
2755 5111 2821 5165 τά
2835 5111 2892 5165 δὲ
2914 5112 3049 5183 πρὸς
3064 5141 3131 5151 -
3146 5114 3239 5168 καὶ
3274 5115 3536 5170 ἐνυπνίων

316 5178 696 5238 desiderantur
724 5183 778 5235 in
812 5184 872 5235 Ο.
953 5181 996 5215 ¹⁹
1014 5182 1061 5234 εί
1103 5180 1163 5235 8,
1195 5184 1234 5235 0
1265 5220 1277 5242 ,
1312 5178 1408 5245 ῆι)
1439 5221 1453 5243 ,
1488 5183 1554 5236 de
1576 5178 1687 5250 quo
1715 5178 1919 5237 fallitur
1949 5183 2006 5237 8.

2088 5180 2178 5255 ⁸ξῆ
2214 5186 2404 5255 scribit
2445 5180 3195 5255 8ιειιιίθιηιιιιι-ιυδδ-(ξίεηιη,ρ.
3226 5184 3366 5255 {02,
3409 5185 3533 5241 569,

317 5253 464 5341 ιιιεεη
487 5253 601 5341 issi
632 5253 745 5341 vel!
773 5250 1127 5341 ετξεαῖίαιςριο.
1147 5250 1427 5341 ire“;
1446 5251 1535 5341 5:,
1589 5249 1758 5341 9F,"-
1790 5249 2278 5341 Νςεινςειηιίξςειι·
2555 5254 2669 5341 ’κεν
2696 5252 2831 5341 δὲδς
2854 5249 3183 5341 ,ιέμεςιῑξειιῐι
3219 5251 3379 5341 ,θαέέ-
3405 5256 3536 5341 “"9-

320 5322 449 5376 Liu.
480 5320 624 5391 Ζιῤ.,
661 5320 754 5376 Nr.
787 5322 954 5446 80,
996 5321 1129 5382 659;
1164 5321 1327 5386 Baur,
1354 5320 1563 5376 Kanon.
1602 5340 1805 5393 evang.,

327 5396 493 5446 uoto.
552 5396 597 5425 "
615 5395 691 5446 Ita
720 5394 761 5445 0
813 5408 861 5446 c.
958 5430 973 5446 .
1011 5391 1283 5446 ἐλοιδόοης
1318 5391 1380 5445 C.
1457 5392 1645 5446 "Lee.
1690 5395 1781 5446 μή.

396 5411 413 5444 ι
434 5396 493 5445 0.
552 5396 597 5425 "
615 5395 691 5447 Ita
720 5394 761 5445 0
813 5408 861 5463 c.
892 5391 930 5446 S
958 5430 973 5455 ,
1011 5391 1283 5463 ἐλοιδόρῃς
1318 5391 1380 5445 C.

1457 5339 1563 5376 ron.
1602 5340 1805 5393 evang.,
1837 5340 1889 5392 p.
1928 5325 2032 5379 565
2065 5323 2121 5378 8.
2153 5327 2197 5358 ²⁰
2233 5324 2507 5395 ὤφθησαν·
2546 5324 2673 5377 πότε
2716 5326 2776 5375 Ο.
2854 5323 3164 5382 ἰέναντίως
3207 5325 3271 5376 ἀν

1457 5393 1500 5424 ³³
1520 5392 1645 5445 Leu.
1690 5395 1781 5445 μή.
1810 5393 2063 5445 Cotelerii
2092 5397 2270 5445 versit)
2298 5406 2443 5445 stare
2476 5410 2582 5445 non
2612 5403 2806 5445 potest.
2855 5389 2912 5445 S.
2949 5390 3191 5445 Sequens
3228 5394 3273 5445 εἰ

1562 5409 1645 5465 eg.
1689 5389 1781 5465 μῆ.
1810 5389 2063 5465 Qutelerii
2092 5397 2270 5450 versio
2293 5389 2443 5450 stare
2476 5410 2582 5449 non
2612 5403 2820 5465 potest.
2855 5389 2912 5445 S.
2949 5390 3191 5465 Sequens
3228 5394 3277 5445 εἰ
3315 5389 3430 5449 om.
3474 5389 3534 5452 0.

2854 5324 2897 5396 [ι
2910 5323 3164 5396 ἐναντίως
3207 5322 3539 5396 ἀνεθέτηκάς

351 5465 467 5518 ilem
494 5462 936 5533 κατεγνωσμένον
964 5470 1020 5517 et
1045 5461 1201 5516 antea
1225 5461 1706 5529 καταγνωσθέντος
1736 5461 1783 5518 ἁ.
1825 5462 1863 5518 8
1891 5504 1906 5530 ,
1938 5465 2390 5537 καταγνωσμένον
2405 5474 2457 5519 et
2483 5461 2945 5533 κατεγνωσθέντος
2968 5461 3028 5517 C.

1615 5577 1976 5639 VARIORUM
2004 5582 2231 5637 NOTAE.

400 5666 509 5735 (55)
550 5668 710 5738 Ὄλῳ
736 5668 1002 5734 ἐνιαυτῷ.
1043 5668 1210 5735 Quasi
1244 5666 1491 5725 Christus
1534 5689 1699 5726 unum
1731 5673 1871 5727 dun-

334 5745 477 5791 taxat
496 5753 699 5793 annum
732 5738 1121 5808 praedicarent,
1146 5750 1198 5795 ct
1236 5757 1358 5796 cuiu
1401 5744 1657 5811 apostolis
1686 5745 1869 5799 coiivi-

1983 5677 2119 5731 xerit
2146 5718 2159 5738 .
2199 5677 2350 5746 juxta
2376 5675 2691 5731 sententiam
2736 5674 2915 5728 minus
2943 5686 3121 5746 veram
3142 5673 3539 5746 multorum-ex

1979 5743 2237 5817 antiquis,
2263 5749 2635 5803 hmreticorutu
2664 5748 2859 5815 pariter
2882 5743 3368 5801 ctCatholicoruui.
3404 5748 3538 5803 Cor.
