4022 6336
550 288 655 357 405

1365 302 1422 358 S.
1461 302 1849 362 CLEMENTIS
1880 304 1895 357 I
1937 303 2100 359 ROM.
2139 301 2337 357 PONT.
2380 299 2607 356 OPERA
2646 300 2869 359 DUBIA.
3670 300 3758 354 404

549 414 594 467 si
632 429 719 471 me
752 413 1098 481 reum'dicis,
1133 415 1303 471 Deum
1332 417 1425 487 qui
1461 417 1595 471 mihi
1641 417 1920 471 Christum
1954 430 2113 470 reve-

2224 430 2311 482 μοι
2340 412 2429 465 τὸν
2454 413 2689 483 Χριστδν
2720 414 3061 484 κατηγορεῖς,
3090 412 3183 466 καὶ
3210 410 3299 464 τοῦ
3330 411 3419 464 ἐπὶ
3450 411 3763 482 ἀποκαλύψει

549 505 681 559 lavit
710 520 960 572 accusas,
985 517 1039 563 et
1073 509 1126 563 in
1158 524 1282 563 eum
1322 509 1416 579 qui
1452 524 1540 563 me
1587 520 1807 579 propter
1830 507 2119 562 revelatio-

551 612 675 651 nem
722 598 940 653 beatum
968 600 1281 670 praedicavit
1327 601 1623 656 inveheris.
1658 601 1763 655 Sed
1799 600 1845 654 si
1896 603 2118 671 quidem

549 702 677 741 vere
704 688 861 757 cupis
910 690 1289 745 adminiculari
1325 692 1582 759 veritati,
1620 694 1853 761 primum
1893 707 1923 746 a
1960 693 2119 749 nobis

546 777 721 845 disce,
755 795 876 849 qua:
906 795 1007 833 nos
1035 780 1104 835 ab
1137 796 1205 836 eo
1236 782 1551 850 didicimus,
1577 791 1631 837 et
1666 782 1843 840 factus
1876 783 2121 839 veritatis

547 872 852 941 discipulus
880 871 977 926 ﬁas
1011 881 1197 927 noster
1226 874 1467 943 adiutor.

618 962 739 1015 XX.
782 961 878 1017 His
929 964 1131 1019 auditis
1158 963 1345 1019 Simon
1391 966 1569 1022 dixit:
1620 966 1774 1022 Absit
1809 976 1867 1022 ut
1899 983 2001 1037 ego
2034 967 2117 1023 vel

548 1053 695 1109 illius
727 1055 809 1109 vel
842 1065 970 1112 tuus
1003 1057 1106 1111 sim
1140 1056 1465 1127 discipulus.
1495 1057 1683 1129 Neque
1713 1059 1857 1113 enim
1897 1060 2115 1129 ignoro,

546 1163 669 1217 quas
712 1162 1046 1217 cognoscere
1081 1158 1296 1219 Oportet
1328 1169 1341 1204 :
1381 1165 1443 1205 ea
1481 1165 1611 1205 vero
1648 1160 1905 1221 tanquam
1953 1151 2119 1205 disci-

546 1248 707 1294 turus
755 1241 1183 1310 interrogabam,
1234 1249 1293 1295 ut
1352 1256 1747 1311 agnoscerem,
1806 1257 1873 1295 an
1926 1256 2118 1317 posses

548 1330 840 1385 ostendere
884 1331 1150 1387 visionem
1198 1332 1471 1386 evidentia
1502 1347 1623 1386 esse
1677 1331 2114 1386 ineﬂicaciorem.

546 1421 617 1475 At
650 1430 707 1475 tu
747 1421 1203 1491 quemadmodum
1234 1421 1457 1475 voluisti
1500 1419 1716 1476 locutus
1748 1436 1808 1475 es
1830 1462 1844 1487 ,
1880 1435 1981 1474 nec
2025 1420 2119 1473 de-

550 1509 891 1563 monstrasti.
925 1508 990 1567 Et
1016 1525 1184 1577 nunc,
1213 1510 1439 1565 veniens
1471 1525 1595 1566 cras
1616 1511 1682 1564 ad
1710 1525 2016 1564 sermonem
2051 1509 2119 1564 de

552 1598 684 1667 Deo,
718 1615 879 1671 quem
904 1601 1220 1657 Creatorem
1253 1600 1522 1669 afﬁrmas,
1551 1601 1798 1671 probabo
1830 1601 1980 1655 illum
2008 1615 2115 1654 nou

544 1707 669 1748 esse
716 1708 1033 1765 supremum
1082 1708 1148 1748 ac
1196 1696 1400 1748 bonum
1430 1735 1445 1762 ,
1498 1703 1653 1749 tuum
1695 1708 1914 1764 quoque
1957 1691 2120 1763 Magi-

2226 504 2629 575 μακαρίσαντός
2660 502 2820 574 352
2853 521 2917 574 με
2965 504 3292 575 καταφέρεις
3308 504 3372 556 ’⁵.
3429 503 3560 555 Ἀλλ’
3601 506 3766 557 ἐπείη

2222 610 2328 666 περ
2380 595 2596 666 ἀληθῶς
2651 598 2716 666 τῇ
2768 595 2993 666 ἀληθείᾳ
3034 597 3357 667 συνεργῆσαι
3396 595 3600 661 Θέλεις,
3646 596 3767 669 μάθε

2222 684 2436 756 πρῶτον
2469 686 2597 757 παρ’
2624 686 2801 757 ἡμῶν,
2834 687 2869 741 ὃ.
2909 689 3068 758 ἡμεῖς
3099 687 3228 759 παρ’
3254 688 3458 740 ἐκείνου
3496 688 3767 761 ὶμάθομεν,

2220 780 2315 831 καὶ
2349 779 2595 851 μαθητὴς
2626 780 2882 851 ἀληθείας
2909 778 3147 848 γεγονὼς
3176 780 3332 849 γενοῦ
3360 782 3486 853 ἡμῖν
3515 784 3767 853 συνεργός.

2289 954 2409 1009 XX.
2453 954 2638 1009 Ταῦτα
2671 959 2699 1009 6
2748 955 2929 1027 Σίμων
2954 954 3195 1020 ἀκούσας
3220 954 3344 1027 ἔφη·
3383 954 3566 1026 Ἀπείη
3608 972 3688 1026 μοι
3717 955 3772 1009 τδ

2218 1048 2328 1102 εἴτε
2349 1049 2393 1080 ’⁸
2416 1048 2647 1111 ἐκείνου,
2679 1048 2787 1101 εἴτε
2820 1065 2911 1101 σου
2940 1048 3192 1117 γενέσθαι
3222 1046 3485 1119 μαθητήν.
3527 1048 3652 1100 Οὐδὲ
3676 1049 3772 1120 γὰρ

2219 1141 2398 1211 ἀγνοῶ
2425 1140 2459 1195 ἂ
2486 1141 2567 1195 δεῖ
2593 1140 2899 1210 γινώσκειν’
2932 1140 2966 1195 ἆ
2999 1139 3054 1193 δὲ
3076 1141 3152 1203 ὡς
3182 1139 3464 1211 μανθάνων
3494 1140 3770 1212 ἐπυθόμην,

2219 1235 2307 1287 ἵνα
2338 1234 2429 1287 ῖδω
2451 1234 2494 1264 ⁸⁷
2539 1235 2585 1286 εί
2612 1233 2833 1287 δύνασαι
2872 1235 3137 1297 ὀπτασίας
3170 1233 3453 1305 ἐνέργειαν
3480 1231 3773 1304 ἐνιργεστέ-

2224 1340 2321 1389 ραν
2341 1323 2388 1354 ’⁸
2418 1322 2608 1388 δεῖξαι.
2634 1322 2705 1374 Συ
2735 1323 2790 1375 δὲ
2822 1323 2898 1386 ὡς
2918 1322 3206 1393 ἠθέλησας,
3239 1318 3417 1385 εἶπας,
3444 1322 3541 1374 οὐκ
3567 1320 3772 1386 ἔδειξας.

2220 1416 2329 1467 Kal
2361 1413 2456 1467 νῦν
2491 1412 2677 1486 αὔριόν
2710 1431 2789 1467 σοι
2822 1417 2900 1477 εἰς
2924 1414 3014 1467 τδν
3053 1416 3182 1485 περὶ
3205 1413 3362 1478 Θεοῦ,
3389 1406 3448 1466 οὗ
3487 1412 3776 1483 διισχυρίζῃ

2218 1503 2552 1575 δημιουργοῦ
2577 1544 2590 1567 ,
2639 1503 2807 1557 ἐλθὼν
2854 1505 2947 1557 καὶ
2980 1503 3284 1575 διαλεχθεὶς
3327 1502 3482 1569 δείξω
3520 1503 3590 1573 μὴ
3631 1500 3777 1555 αὑτὸν

2218 1588 2357 1647 εἶναι
2383 1594 2655 1647 ἀνώτατον
2678 1595 2772 1648 καὶ
2792 1596 2838 1627 ¹⁹
2867 1595 3088 1664 ἀγαθὸν,
3113 1597 3205 1649 καὶ
3225 1595 3317 1648 τὸν
3346 1595 3435 1648 σὺν
3456 1594 3512 1647 δὲ
3531 1594 3777 1646 Διδάσκα-

2218 1683 2310 1736 λον
2361 1684 2430 1737 τὰ
2480 1685 2621 1738 αὑτά
2669 1702 2759 1755 μοι
2818 1685 3133 1755 είρηκέναι,
3178 1684 3324 1737 σὲδὲ
3374 1684 3448 1756 μὴ
3486 1683 3777 1755 νενοηκέναι

546 1794 722 1840 strum
749 1785 940 1839 eadem
969 1802 1180 1841 mecum
1211 1785 1436 1852 dixisse,
1460 1796 1511 1841 te
1536 1796 1717 1840 autem
1747 1801 1973 1856 arguam
2006 1800 2113 1839 non

2221 1776 2569 1845 ὲλέγξω.Καὶ
2593 1775 2765 1829 ταῦτα
2796 1776 2965 1830 εἰπὼν
2993 1778 3159 1848 ἐξῄει,
3201 1779 3283 1842 είς
3328 1776 3364 1832 ἃ
3408 1777 3701 1848 προέτεινεν
3722 1774 3776 1827 οὗ

547 1876 899 1933 intellexisse.
940 1877 1117 1948 Atque
1170 1890 1294 1948 post
1334 1879 1447 1933 hazc
1491 1878 1636 1933 dicta
1692 1878 1867 1943 exiit,
1928 1878 2118 1933 nolens

546 1969 743 2024 audire
778 1968 847 2023 ad
885 1985 949 2024 ea
983 1984 1105 2041 quas
1140 1979 1521 2040 proposuerat.

1076 2154 1363 2211 HOMILIA
1403 2154 1589 2211 XVIII.

616 2247 657 2301 l.
700 2245 856 2301 Mane
902 2256 1114 2314 autem,
1168 2264 1291 2303 cum
1341 2246 1534 2302 Petrus
1583 2246 1648 2301 ad
1694 2245 2117 2316 disputationem

546 2341 924 2411 processisset,
950 2339 1138 2395 Simon
1163 2341 1463 2409 anticipans
1487 2340 1621 2395 dixit
1646 2358 1660 2393 :
1691 2339 1812 2393 Heri
1836 2340 2121 2394 discedens

545 2429 773 2499 promisi
812 2430 931 2497 tibi,
970 2446 1055 2486 me
1096 2432 1257 2485 hodie
1288 2433 1589 2486 rediturum
1619 2473 1632 2494 ,
1664 2432 2117 2500 disceptaturum,

547 2535 612 2575 ac
640 2530 1013 2589 ostensurum,
1048 2523 1189 2592 quod
1228 2523 1416 2576 mundi
1462 2522 1643 2592 opifex
1678 2538 1785 2575 non
1822 2524 1894 2576 sit
1930 2537 2122 2591 supre-

547 2628 671 2668 mus
705 2612 869 2681 Deus,
894 2614 987 2669 sed
1021 2614 1109 2667 hic
1139 2613 1279 2669 alius
1309 2614 1401 2677 sit,
1438 2622 1623 2683 utpote
1658 2614 1807 2667 solus
1842 2614 2039 2679 bonus,
2066 2623 2121 2667 et

544 2706 655 2760 huc
704 2721 878 2776 usque
929 2705 1267 2775 incognitus.
1320 2704 1518 2760 Statim
1585 2722 1757 2775 ergo,
1806 2704 2119 2760 Creatorem

546 2798 798 2852 eumdem
823 2806 875 2851 et
902 2794 1263 2868 legislatorein
1293 2814 1413 2853 esse
1433 2798 1591 2863 dicis,
1619 2814 1718 2853 nec
1746 2798 1845 2851 ne?
1875 2796 1929 2851 Si
1957 2796 2121 2867 igitur

546 2888 825 2959 legislator
854 2898 955 2951 est,
984 2888 1167 2956 justus
1208 2898 1312 2955 est,
1340 2890 1385 2945 si
1423 2891 1630 2959 justus,
1655 2904 1764 2943 non
1813 2897 1897 2943 est
1921 2888 2119 2954 bonus,

545 2982 725 3036 bonus
760 2982 806 3036 si
835 2997 943 3036 non
976 2992 1079 3048 est,
1109 2983 1273 3036 alium
1310 2983 1623 3050 pradicavit
1660 2981 1819 3038 Jesus
1844 2982 2115 3036 dicendo:

550 3072 633 3127 Ne
656 3091 735 3127 me
761 3074 909 3127 dicas
935 3074 1149 3127 bonum.
1174 3072 1314 3126 Nam
1343 3073 1505 3126 bonus
1531 3091 1663 3127 unus
1687 3084 1784 3139 est,
1814 3075 1996 3143 Pater,
2028 3074 2117 3144 qui

2222 1866 2452 1938 θελήσας
2480 1865 2729 1920 ἀκοῦσαι.

2815 2141 3071 2198 ὈΜῙΛΙᾹ
3110 2144 3215 2197 lH’.

2293 2234 2333 2290 I.
2377 2235 2615 2307 Ὀρθρου
2643 2236 2721 2300 δὲ,
2755 2236 3112 2307 προελθόντος
3136 2237 3228 2291 τοῦ
3256 2236 3465 2308 Πέτρου
3495 2237 3574 2299 εἱς
3593 2237 3650 2289 τὸ
3673 2235 3776 2287 δια-

2221 2330 2497 2401 λεχθῆναι,
2520 2331 2550 2382 ὁ
2579 2330 2758 2400 Σίμων
2788 2329 3071 2401 πῳλαόὼν
3093 2330 3215 2401 ἔφη’
3254 2329 3444 2400 Ἐχθὲς
3464 2329 3510 2360 ³⁰
3528 2329 3778 2382 ἀπαλλασ-

2224 2421 2448 2491 σόμενος
2488 2424 2568 2484 είς
2598 2422 2697 2492 τὴν
2730 2423 2966 2492 σήμερον
3006 2423 3328 2493 ὑπεσχόμην
3370 2440 3450 2475 σοι
3494 2419 3778 2474 ἐπανελθὼν

2222 2513 2317 2565 καὶ
2360 2509 2669 2584 συζητὴσας
2709 2512 2919 2579 δεῖξαι,
2962 2514 3043 2565 δτι
3084 2514 3184 2566 οὐκ
3216 2513 3365 2566 ἔστιν
3399 2514 3426 2565 6
3472 2512 3561 2565 τδν
3598 2512 3778 2583 κόσμον

2220 2608 2629 2680 δημιουργήσας
2842 2606 3115 2671 ἀνώτατος
3134 2608 3173 2638 ²¹
3201 2607 3357 2673 Θεὸς,
3383 2606 3495 2660 ἀλλ’
3517 2608 3707 2677 ἓτεριις,
3730 2605 3781 2669 δς

2222 2700 2316 2752 κα)⁵
2346 2697 2503 2768 μόνος
2527 2695 2728 2766 ἀγαθὸς
2759 2695 2833 2749 ὢν
2860 2697 2954 2751 καλ¹
2992 2697 3155 2768 μέχρι
3195 2696 3290 2750 τοῦ
3337 2697 3492 2769 δεῦρο
3531 2696 3781 2766 ἄγνωστός

2222 2796 2391 2847 ἐστιν.
2423 2793 2632 2847 Αὐτίκα
2664 2792 2793 2861 γοῦν
2826 2792 2917 2845 τὸν
2943 2791 3284 2863 Δημιουργδν
3315 2793 3476 2846 αὑτὸν
3510 2794 3597 2846 καὶ
3635 2809 3780 2863 νομοι

2222 2887 2382 2960 θέτην
2404 2888 2508 2957 φῂς
2528 2882 2687 2948 εἶναι,
2710 2886 2742 2957 ἢ
2774 2883 2835 2938 οὗ
2860 2884 2905 2916 ⁸¹
2928 2902 2942 2949 ;
2968 2886 3028 2937 Εἰ
3061 2885 3159 2955 μὲν
3190 2881 3284 2939 οὖν
3312 2886 3601 2958 νομοθέτης
3626 2887 3779 2946 ἐστὶν,

2220 2979 2427 3042 δίκαιος
2457 2978 2734 3047 τυγχάνει,
2762 2977 2970 3040 δίκαιος
2994 2976 3049 3029 δὲ
3080 2976 3154 3030 ὢν
3180 2978 3388 3045 ἀγαθὸς
3421 2980 3517 3031 οὐκ
3546 2980 3698 3031 ἔστιν.
3724 2978 3779 3030 Ei

2221 3072 2275 3125 δέ.
2294 3071 2394 3124 οὐκ
2412 3070 2578 3134 ἔστιν,
2598 3069 2683 3121 ἓτε
2693 3085 2783 3141 ρον
2806 3072 3102 3139 ἐκήρυσσεν
3121 3071 3148 3121 6
3174 3070 3383 3140 Ἰησοῦς
3400 3071 3476 3142 τῷ
3494 3072 3678 3141 λέγειν·
3696 3068 3778 3135 Μή

545 3167 601 3218 it.
650 3165 793 3219 cwlis
834 3165 1038 3219 habita.
1071 3178 1119 3221 δ.
1167 3164 1338 3219 Porro
1394 3180 1502 3219 non
1545 3176 1627 3220 est
1672 3182 2004 3231 consonum,
2061 3176 2120 3221 ut

2221 3180 2293 3233 με
2321 3164 2461 3231 λέγε
2483 3137 2725 3230 ἀγαθόνῇ
2752 3163 2813 3214 Ὅ
2965 3161 3184 3231 ἀγαθός
3210 3137 3298 3228 εἷς
3324 3137 3516 3226 ἐστίν,
3599 3162 3780 3228 Πατὴρ

550 3256 1025 3326 legislatorjustus
1058 3256 1127 3311 sit
1160 3272 1222 3311 ac
1258 3257 1454 3311 bonus.
1484 3257 1572 3310 Ait
1601 3256 1793 3313 Petrus
1822 3278 1834 3311 :
1878 3258 2120 3312 Primum

547 3346 637 3399 dic
669 3346 850 3411 nobis,
882 3346 935 3399 in
971 3346 1169 3415 quibus
1207 3347 1519 3403 actionibus
1558 3347 1765 3402 bonum
1799 3357 1955 3419 putes
2000 3364 2121 3402 esse

547 3436 778 3497 bonum,
805 3447 857 3492 et
884 3438 938 3491 in
964 3439 1164 3508 quibus
1192 3439 1405 3509 justum
1427 3456 1549 3495 esse
1574 3440 1808 3510 justum,
1839 3450 1897 3494 ut
1931 3441 2012 3495 sic
2054 3440 2121 3495 ad

547 3541 778 3595 scopum
806 3540 967 3582 verba
1019 3527 1381 3585 destinemus.
1432 3529 1498 3584 Et
1541 3529 1776 3586 Simon:
1835 3530 1915 3586 Tu
1971 3530 2123 3602 prius

544 3615 734 3689 enare,
759 3616 887 3688 quid
916 3618 1200 3676 arbitreris
1231 3620 1455 3688 bonum,
1485 3622 1617 3692 quid
1642 3622 1877 3691 justum.

619 3800 682 3855 ll.
717 3800 856 3857 Tum
881 3800 1076 3857 Petrus
1108 3819 1121 3858 :
1146 3802 1224 3857 Ne
1253 3804 1654 3860 contentiosius
1678 3805 1965 3876 disputans
1989 3817 2125 3861 tem-

546 3910 680 3965 pora
710 3896 1004 3963 insumam,
1045 3896 1174 3950 dum
1211 3896 1358 3967 juste
1386 3898 1603 3966 postulo
1634 3909 1691 3953 ut
1725 3900 1859 3955 meis
1896 3915 2121 3969 respon-

545 3990 680 4043 deas
704 3988 1198 4058 propositionibus,
1240 3990 1701 4060 quemadmodum
1734 3992 1832 4046 tibi
1883 3992 2117 4056 videtur,

546 4078 666 4147 ipse
692 4078 759 4132 ad
798 4078 1131 4149 interrogata
1175 4081 1561 4151 responsiones
1597 4081 1841 4136 afferam.
1890 4081 2001 4153 Ego
2034 4084 2121 4138 aio

549 4170 755 4224 bonum
806 4185 930 4226 esse
979 4187 1127 4237 eum,
1173 4175 1268 4240 qui
1311 4172 1541 4243 largitor
1582 4182 1684 4239 est,
1718 4173 1860 4227 sicut
1897 4173 2053 4229 video
2088 4190 2119 4229 a

548 4264 808 4318 Creatore
860 4264 1117 4334 ﬁeri,qui
1168 4264 1371 4334 praebet
1423 4265 1594 4319 solem
1642 4265 1801 4320 bonis
1845 4273 1899 4320 et
1936 4266 2116 4331 malis,

2222 3256 2290 3308 ἐν
2308 3255 2431 3320 τοῖς
2450 3253 2743 3321 οίιρίινοῖς.
2765 3254 2838 3305 (ιύ
2863 3271 2923 3307 συ
2933 3257 3142 3324 μφωνεῖ
3160 3254 3214 3306 δὲ
3235 3255 3313 3326 τῷ
3335 3255 3596 3329 νομοθέτῃ
3610 3253 3780 3322 δικαίῳ

2220 3348 2335 3400 όντι
2377 3347 2472 3400 καὶ
2520 3345 2729 3416 ἀγαθῷ.
2762 3345 2872 3398 Kal
2920 3346 2948 3397 6
2977 3346 3181 3417 Πέτρος
3232 3346 3363 3418 ἔφη·
3412 3347 3629 3418 Πρῶτον
3665 3349 3780 3417 ἡμῖν

2221 3440 2378 3503 εἰπὲ,
2422 3440 2514 3493 ἐπὶ
2549 3438 2733 3502 ποίαις
2776 3437 3007 3509 πράξεσι
3050 3438 3196 3491 δοκεῖ
3237 3456 3320 3491 σοι
3357 3443 3385 3494 6
3413 3439 3609 3509 ἀγαθὸς
3640 3434 3781 3499 εἶναι,

2222 3529 2315 3581 ἐπὶ
2340 3528 2517 3592 ποίαις
2536 3530 2593 3582 δὲ
2626 3530 2719 3582 καὶ
2746 3532 2773 3582 ὀ
2796 3528 3004 3592 δίκαιος
3024 3528 3093 3594 ³⁸,
3125 3531 3211 3584 ἵνα
3233 3529 3414 3594 οὕτως
3441 3530 3578 3585 κατὰ
3602 3527 3781 3583 σκοποῦ

2220 3622 2347 3683 τοὺς
2386 3620 2576 3687 λόγους
2621 3619 2945 3689 πέμπωμεν.
3003 3620 3112 3673 Kal
3144 3622 3172 3673 6
3210 3620 3428 3690 Σίμων’
3476 3622 3545 3675 Σὺ
3589 3619 3783 3692 πρῶτον

2222 3712 2365 3776 εἰπὲ,
2394 3712 2448 3764 τί
2482 3729 2563 3766 σοι
2596 3710 2825 3764 δοκεῖτὸ
2850 3711 3073 3779 ἀγαθὸν,
3102 3711 3134 3781 ἢ
3164 3713 3257 3765 καὶ
3283 3712 3347 3765 τὸ
3380 3714 3599 3767 δίκαιον.

2292 3802 2356 3856 ll.
2386 3805 2495 3857 Kal
2524 3805 2553 3857 6
2594 3802 2799 3875 Πέτρος
2818 3820 2834 3833 ο
2873 3804 2989 3856 Ἵνα
3020 3803 3092 3875 μὴ
3114 3805 3536 3878 ἐριστικώτερον
3563 3802 3780 3871 διαλεγό-

2226 3913 2385 3967 μενος
2408 3896 2631 3949 δαπανῶ
2668 3899 2795 3959 τοὺς
2841 3896 3083 3967 χρόνους,
3128 3898 3383 3951 ἀπαιτῶν
3429 3898 3646 3961 δικαίως
3685 3894 3783 3948 τῶν

2222 3987 2369 4059 ἐμῶν
2416 3987 2729 4059 προτάσεών
2764 3987 2809 4019 ³⁸
2837 4006 2894 4041 σε
2933 3987 3028 4051 τὰς
3067 3990 3392 4060 ἀποκρίσεις
3423 3992 3695 4055 ποιεῖσθαι,
3716 3988 3781 4051 ὣς

2223 4096 2304 4133 σοι
2329 4081 2476 4133 δοκεῖ
2500 4080 2660 4143 αὐτὸς
2691 4073 2765 4132 ὧν
2809 4080 3086 4151 ἐπυθόμην
3120 4084 3419 4154 ποιήσομαι
3458 4085 3554 4148 τὰς
3574 4082 3782 4153 ἀποκρί·

2223 4190 2355 4237 σεις.
2395 4173 2534 4243 Ἐγώ
2563 4192 2701 4245 φημι
2724 4174 2925 4242 ἀγαθὸν
2950 4171 3085 4228 εἶναι
3112 4175 3202 4229 τὸν
3228 4177 3778 4249 παρεκτικδν[ὲκεῖνον

2220 4266 2278 4319 ὲν
2309 4264 2611 4337 τοιούτοις],
2655 4266 2701 4297 ⁸³
2744 4261 2853 4318 οἷον
2880 4267 2955 4330 ὡς
2993 4267 3152 4320 αὑτὸν
3188 4269 3298 4339 ὀρῶ
3346 4268 3598 4323 ποιοῦντα
3630 4270 3671 4301 ³⁸
3699 4266 3779 4319 τδν

548 4363 713 4424 atque
750 4355 980 4410 imbrem
1011 4356 1177 4427 justis
1202 4372 1267 4411 ac
1310 4357 1512 4427 iniquis
1541 4356 1676 4411 b.Et
1727 4356 1917 4410 Simon
1940 4356 2116 4413 dixit:

2221 4357 2565 4429 δημιουργὸν,
2602 4358 2905 4429 παρέχοντα
2927 4360 3018 4412 τὸν
3059 4338 3468 4429 ἧλίοννάγαθοῖς
3484 4363 3548 4393 ³⁶“
3582 4360 3670 4414 κάι
3699 4358 3779 4411 τόν

549 4446 664 4502 Hoc
687 4447 1094 4518 iniquissimum
1142 4460 1246 4515 est,
1292 4451 1479 4505 cadent
1510 4450 1675 4520 justis
1695 4458 1859 4521 atque
1898 4449 2118 4519 injustis

550 4538 812 4609 praebere.
840 4540 916 4595 Ac
949 4540 1141 4595 Petrus
1171 4560 1184 4595 :
1213 4539 1294 4594 Tu
1327 4557 1458 4611 ergo
1496 4541 1752 4611 deinceps
1787 4541 1945 4597 nobis
1973 4542 2117 4597 edis-

552 4646 707 4695 sere,
761 4646 874 4700 quo
911 4631 1074 4685 modo
1116 4646 1281 4701 agens
1333 4632 1507 4687 bonus
1552 4641 1715 4686 esset.
1764 4632 1952 4686 Simon
1995 4632 2117 4687 :Te

552 4730 766 4791 Oportet
793 4721 991 4777 dicere.
1014 4720 1206 4778 Petrus
1231 4738 1244 4774 ε
1273 4721 1385 4793 Ego
1409 4724 1607 4779 dicam.
1633 4723 1689 4778 Si
1717 4740 1910 4795 nempe
1928 4728 2115 4781 eadem

552 4815 801 4885 praebens
822 4814 982 4869 bouis
1006 4831 1071 4869 ac
1103 4816 1268 4885 justis
1313 4824 1368 4871 et
1409 4826 1669 4886 praeterea
1714 4817 1872 4871 malis
1915 4834 1979 4872 ac
2008 4820 2117 4874 ini-
2168 4864 2169 4867 η

552 4907 700 4980 quis,
728 4907 1026 4963 secundum
1066 4915 1118 4960 te
1151 4920 1251 4961 nec
1271 4907 1455 4976 justus
1487 4916 1589 4974 est,
1621 4917 1677 4961 tu
1706 4923 1852 4975 eum,
1888 4911 1933 4966 si
1960 4912 2120 4967 bonis

625 5036 652 5063 ιι
690 5020 879 5075 Matth.
909 5035 1023 5086 χιι,
1053 5018 1138 5073 17.
1215 5019 1244 5059 ιι
1271 5018 1459 5075 Matth.
1496 5037 1549 5084 ν,
1584 5022 1673 5077 45.

2223 4449 2378 4502 ὑετὸν
2410 4449 2641 4513 δικαίοις
2679 4451 2773 4503 καὶ
2812 4451 3035 4515 ἀδίκοις.
3077 4452 3187 4505 Kal
3209 4454 3237 4505 6
3258 4453 3441 4523 Σίμων
3473 4454 3600 4523 ἔφη’
3628 4449 3779 4503 Τοῦτο

2222 4540 2572 4605 ἀδικώτατον,
2592 4543 2672 4595 ὅτι
2707 4541 2777 4595 τὰ
2801 4543 2940 4597 αὑτὰ
2965 4544 3192 4608 δικαίοις
3208 4547 3301 4599 καὶ
3321 4546 3528 4610 ἀδίκοις
3549 4543 3775 4615 παρέχει.

2224 4634 2335 4685 Kal
2363 4632 2392 4683 6
2418 4634 2638 4706 Πέτρος·
2658 4636 2728 4689 Σὺ
2752 4631 2843 4689 οὖν
2860 4638 2989 4707 ἡμῖν
3008 4637 3100 4690 τοῦ
3122 4638 3308 4691 λοιποῦ
3331 4639 3476 4708 λέγε,
3496 4639 3609 4701 πῶς
3625 4633 3777 4689 ποιῶν

2222 4725 2425 4795 ἀγαθὸς
2471 4725 2537 4780 ἂν
2568 4721 2656 4798 ἦν.
2689 4728 2798 4781 Kal
2838 4731 2866 4781 6
2902 4730 3115 4800 Σίμων’
3153 4730 3220 4783 Σὲ
3265 4730 3345 4783 δεῖ
3384 4730 3578 4799 λέγειν.
3615 4727 3717 4781 Καὶ
3750 4726 3775 4777 ό

2226 4819 2429 4890 Πέτρος
2448 4836 2464 4851 ο
2492 4819 2655 4891 354
2688 4818 2828 4888 Ἐγὼ
2849 4820 3003 4885 λέξω.
3042 4822 3098 4875 ’0
3121 4823 3162 4854 ³⁷
3186 4823 3282 4893 μὲν
3302 4823 3367 4876 τὰ
3383 4822 3522 4876 αὐτὰ
3542 4821 3774 4894 παρέχων

2225 4909 2451 4978 ἀγαθοῖς
2494 4911 2589 4963 καὶ
2634 4909 2880 4975 δικαίοις,
2915 4911 2994 4965 ἔτι
3039 4912 3084 4943 ³⁸
3121 4930 3182 4966 τε
3220 4916 3408 4977 κακοῖς
3433 4914 3525 4967 καὶ
3558 4913 3772 4970 ἀδίκοις,

1836 5116 2069 5172 νΑΒιίΕ
2111 5118 2506 5175 LECTIONES.

624 5208 671 5240 “
700 5206 831 5279 Leg.
848 5208 1231 5279 καταφρονεῖς.
1267 5205 1420 5273 Quod
1444 5207 1750 5263 Cotelerius
1792 5211 1844 5264 in
1876 5212 2128 5266 versione
2158 5213 2304 5267 dedit
2334 5254 2347 5275 ,
2392 5215 2441 5267 id
2474 5229 2504 5268 e
2535 5214 2734 5268 Graecis
2774 5216 3093 5278 verbisnon
3143 5216 3389 5271 eﬂlcitur.
3424 5218 3481 5270 S.
3512 5211 3770 5279 καταφέρῃ

553 5277 618 5331 0.
695 5278 741 5311 "
758 5277 937 5355 Malim
970 5279 1026 5355 εί
1049 5278 1106 5331 S.
1184 5280 1350 5348 ²⁶μοι,
1390 5280 1497 5355 εἴτε
1546 5280 1607 5332 C.
1686 5281 1729 5312 "
1748 5280 1872 5355 εἰδῶ
1910 5281 2147 5355 C.Tum
2181 5284 2472 5355 6maaiav~
2490 5286 2768 5355 ἐνεργείας
2810 5287 2851 5337 Ο
2920 5286 2973 5339 in
3028 5295 3197 5349 textu,
3228 5287 3298 5339 ῖσ.
3334 5288 3595 5348 ὀπτασίας
3636 5277 3768 5355 ﬁlii?-

553 5365 707 5416 γειαν
733 5347 805 5401 al.
840 5364 984 5401 man.
1016 5350 1067 5402 in
1098 5347 1266 5418 marg.
1288 5389 1303 5413 ,
1335 5350 1478 5419 quod
1510 5360 1758 5418 prwstat;
1804 5353 2064 5405 ὀπτασίαν
2120 5355 2399 5425 ἐνεργείας
2433 5352 2474 5406 C
2503 5394 2518 5416 ,
2555 5347 2817 5408 ὀπτασίαν
2850 5355 2979 5427 ἐναρ
3018 5356 3133 5420 είας
3174 5347 3255 5411 Cl.
3334 5360 3379 5390 ³⁸
3400 5347 3770 5427 ἀνεργεστὲρὰν

554 5418 698 5482 conj.
738 5416 908 5471 Cotel.
937 5416 1166 5473 Debebat
1199 5420 1435 5474 scribere
1465 5421 1940 5482 ἀνενεργεστέραν.
1995 5423 2106 5482 Εκο
2137 5426 2321 5477 malim
2364 5424 2625 5482 ὀπτασίας
2652 5426 2939 5482 ἐνάργειαν
3092 5426 3224 5481 Dein
3262 5424 3413 5482 εἶπες
3451 5444 3503 5482 ο.
3534 5422 3682 5482 εἶπας
3713 5416 3766 5471 C-

554 5418 707 5496 eoan
738 5416 908 5496 Cotel.
936 5416 1166 5496 Debebat
1199 5416 1940 5496 scribereﬁuayspyamépav.
1995 5423 2106 5496 Ego
2137 5416 2321 5477 malim
2364 5424 2625 5496 ὀπτασίας
2652 5426 2939 5496 ἐνάργειαν

3092 5416 3224 5481 Dein
3262 5424 3413 5489 εἶπες
3451 5416 3511 5494 μ’
3534 5416 3697 5494 sing:

553 5487 708 5565 ξξκαί
743 5490 945 5565 inserui
974 5506 1023 5543 c.
1065 5486 1158 5565 0.“
1203 5488 1248 5519 ⁸ο
1272 5490 1397 5559 χθές
1566 5486 1889 5565 ιιᾶνωτά-τω
1921 5498 1980 5546 0.
2017 5486 2263 5562 Sequens
2308 5500 2397 5565 καί
2458 5495 2509 5547 in
2565 5486 2761 5549 eodeni
2789 5486 2960 5551 deest.
3041 5496 3161 5549 "0'3
3193 5496 3255 5551 S.
3288 5501 3329 5551 0
3358 5538 3371 5561 ,
3394 5486 3499 5565 ὀῦχ
3531 5495 3591 5548 C.
3643 5488 3748 5565 _”0

553 5557 639 5611 bis
670 5559 793 5612 exh.
824 5558 1045 5619 δίκαιος.

1126 5558 1169 5590 ³⁸
1193 5558 1363 5631 προ...
1391 5560 1511 5636 (sie)
1540 5566 1580 5613 ti
1604 5572 1695 5636 _;_at
1722 5563 1842 5636 ead.
1874 5581 2019 5618 man.
2051 5558 2299 5636 lacunam
2329 5564 2380 5636 in
2407 5580 2581 5636 marg.
2610 5566 2679 5618 ita
2710 5567 2927 5634 explere
2957 5569 3180 5621 tentavit
3199 5587 3213 5623 :
3233 5558 3377 5634 ἴσως
3401 5558 3765 5636 προσιεμένων.

555 5630 700 5709 quod
732 5645 877 5683 man.
910 5629 1178 5709 recentior
1211 5629 1441 5709 correin
1471 5631 1748 5709 ἰιιμᾶλλον
1769 5631 1829 5685 δὲ
1851 5634 2266 5709 ῖπροτᾴσεῳν.
2346 5629 2794 5709 ⁸⁸-νὺὺξξὲκεῖνον
2815 5638 2871 5687 ὲν
2900 5636 3211 5709 τοιούτοις1,
3255 5629 3479 5709 ascripsi
3531 5629 3602 5709 ex
3648 5644 3765 5683 emt:

552 5695 758 5779 lectura
785 5714 1074 5779 pro‘vacuo
1098 5702 1272 5779 Ottob.
1354 5701 1395 5732 ³⁸
1414 5695 1595 5754 ποιοῦν
1623 5703 1687 5755 τά
1716 5706 1773 5755 0.
1853 5704 1919 5736 ³⁶⁶
1946 5695 2302 5777 Εείςόγαθοῖς
2328 5704 2416 5757 καὶ
2443 5698 2714 5777 πονηροῖς,
2742 5707 2813 5761 ita
2833 5709 2953 5777 legit
2980 5695 3242 5779 interpi'cs
3264 5695 3413 5765 bene:
3434 5706 3526 5761 Eo.
3548 5706 3760 5758 Ρκυιηυ

559 5768 602 5801 ⁸⁷
636 5770 681 5819 εί
711 5770 771 5821 C.
850 5770 959 5820 ⁸⁸εἱ¹
988 5771 1024 5822 S
1074 5787 1119 5825 ς.
1148 5771 1226 5824 (ΖΙ.
