4022 6336
278 304 383 365 105

1334 306 1794 364 CLEMENTINA.
1850 337 1913 346 -ο
1952 303 2235 359 llOMlLlA
2277 301 2453 359 XVIII.

3418 268 3516 358 me

275 421 414 476 κατά
466 422 528 476 σὲ
553 420 674 476 οὐδὲ
717 419 921 485 δίκαιός
971 420 1139 487 ἐστιν,
1182 419 1277 473 καὶ
1322 420 1371 473 εἰ
1410 417 1631 487 ἀγαθοῖς
1670 414 1852 484 ἀγαθά

1956 413 2101 469 bona
2134 413 2415 481 tribueret,
2444 414 2707 483 malisque
2731 416 2893 482 mala,
2924 417 3131 488 justum
3160 416 3354 474 merito
3383 434 3521 488 pra:-

272 514 556 585 παρεϊχεν,
592 515 780 575 κακοῖς
806 529 865 564 τε
893 510 1056 574 κακά,
1087 510 1291 564 δίκαιον
1324 508 1390 564 ἂν
1426 509 1586 563 αὑτὸν
1622 506 1855 575 εὐλόγως

264 586 477 672 ἔλεγες.
520 603 656 674 Ποία
696 599 789 657 οὖν
823 602 901 656 ἔτι
946 601 1143 673 πράξει
1178 600 1454 673 χρώμενος
1486 598 1553 655 ἂν
1575 594 1665 671 ἦν,
1694 598 1744 650 εί
1780 594 1853 669 μὴ

269 695 447 768 ταύτῃ
471 696 673 767 χρῆται
695 694 818 765 ὁδῷ,
837 696 1027 756 κακοῖς
1053 693 1148 763 μὲν
1172 692 1422 763 παρέχων
1436 690 1505 744 τὰ
1526 689 1853 763 πρόσκαιρα,

270 788 368 841 ἐὰν
402 788 513 860 ἄρα
560 786 1016 856 μταδάλλωνται,
1043 783 1267 853 ἀγαθοῖς
1301 783 1360 837 δὲ
1398 780 1612 844 αἰώνια,
1655 779 1750 833 ἐάν
1790 796 1854 848 γε

269 875 647 945 ἐμμείνωσιν;
694 874 805 930 Καὶ
837 872 1012 936 οὕτως
1046 872 1126 944 τῷ
1165 872 1211 905 ³⁸
1254 872 1355 943 μὲν
1391 872 1524 924 πᾶσι
1571 870 1853 941 παρέχειν,

265 965 552 1037 διαφόροις
590 965 648 1019 δὲ
706 965 1026 1037 χαρίζεσθαι
1078 965 1141 1017 τὸ
1182 964 1389 1018 δίκαιον
1432 961 1598 1016 αὐτοῦ
1653 960 1855 1029 ἀγαθόν

264 1059 442 1121 ἐστιν,
467 1058 563 1111 καὶ
600 1057 947 1129 μακροθυμον
967 1056 1140 1128 ταύτῃ
1173 1056 1390 1127 μᾶλλον,
1428 1056 1476 1107 εί
1515 1053 1857 1124 ἁμαρτωλοῖς

267 1149 374 1219 μὲν
402 1148 718 1219 μετανοοῦσι
757 1148 1035 1219 χαρίζεται
1082 1146 1151 1201 τά
1194 1147 1586 1218 ἁμαρτήματα,
1618 1141 1678 1199 εὖ
1711 1144 1854 1216 πρά-

264 1243 397 1310 ξασι
421 1241 477 1294 δὲ
504 1241 600 1294 καὶ
640 1240 785 1313 ζωὴν
822 1238 1036 1293 αἰώνιον
1070 1240 1397 1312 ὑπογράφει.
1440 1238 1665 1310 Κρίνων
1692 1236 1749 1290 δὲ
1776 1237 1855 1300 εἰς

262 1336 444 1400 τέλος,
488 1336 584 1388 καὶ
623 1334 685 1387 τὸ
724 1333 845 1387 κατ’
876 1334 1031 1401 ἀξίαν
1074 1332 1362 1403 ἀπονέμων
1396 1331 1610 1401 ἑκάστῳ
1650 1328 1855 1391 δίκαιός

263 1428 437 1481 ἐστιν.
474 1426 537 1479 Εἰ
562 1426 659 1498 μὲν
690 1422 784 1479 οὖν
811 1423 986 1477 ταῦτα
1018 1423 1192 1496 ὀρθῶς
1232 1421 1404 1484 οὕτως
1427 1420 1561 1491 ἔχει,
1591 1417 1856 1490 ὁμολόγη-

267 1534 365 1569 σον
386 1533 403 1549 °
433 1518 482 1570 εί
503 1516 559 1569 δέ
579 1517 640 1569 οὐ
664 1516 810 1568 δοκεῖ
837 1532 915 1569 σοι
946 1514 1121 1587 ὀρθῶς
1160 1513 1321 1584 ἔχειν,
1354 1509 1621 1580 διέλεγξον
1646 1510 1712 1564 ⁸⁸.

341 1607 430 1662 lll.
458 1608 569 1661 Καὶ
596 1611 624 1662 6
643 1609 824 1679 Σίμων
848 1608 950 1679 ἔφη
972 1625 986 1639 ο
1014 1605 1192 1672 Ἃπαξ
1218 1606 1352 1677 ἔφην
1372 1622 1384 1635 ·
1410 1606 1517 1667 πᾶς
1538 1602 1851 1675 νομοθέτης,

266 1703 351 1765 εἰς
376 1702 437 1755 τὸ
464 1702 672 1756 δίκαιον
702 1699 942 1772 ἀφορῶν,
970 1699 1178 1762 δίκαιός
1205 1699 1372 1751 ἐστιν.
1414 1696 1524 1757 Καὶ
1559 1698 1587 1749 6
1615 1695 1818 1766 Πέτρος
1837 1711 1849 1723 ·

1954 504 2190 561 dicares.
2219 505 2375 572 Quali
2404 521 2535 577 ergo
2560 506 2738 562 adhuc
2760 508 2972 564 actione
2997 509 3255 565 utendum
3278 510 3327 564 ei
3353 518 3518 576 esset,

1954 595 2003 651 si
2037 610 2146 651 non
2176 606 2420 652 uteretur
2444 598 2545 652 hac
2571 598 2679 665 via,
2717 599 2875 654 malis
2904 600 3122 670 quidem
3148 601 3286 657 dans
3312 611 3522 670 tempo-

1956 690 2115 755 ralia,
2143 690 2188 745 si
2216 689 2356 746 forte
2383 699 2789 758 convertantur,
2829 691 2986 747 bonis
3010 708 3140 747 vero
3167 693 3519 764 sempiterna,

1955 782 2119 839 modo
2165 791 2531 853 perseverent.
2569 782 2769 853 Sicque
2800 784 3077 855 largiendo
3113 784 3351 851 cunctis,
3382 800 3520 855 pra:-

1955 874 2315 929 stantioribus
2348 886 2531 929 autem
2567 875 2798 945 gratiam
2832 874 3103 942 faciendo,
3133 876 3347 946 justitia
3401 875 3521 945 ejus

1953 964 2099 1020 bona
2129 979 2231 1033 εει,
2257 975 2311 1021 et
2333 981 2399 1021 eo
2425 967 2600 1039 magis
2641 968 3007 1040 magnanima,
3054 969 3101 1021 si
3144 966 3522 1037 peccatoribus

1954 1057 2176 1125 quidem
2226 1056 2601 1128 paenitentiam
2649 1059 2937 1130 agentibus
2980 1068 3198 1129 peccata
3228 1059 3520 1122 condonat,

1954 1151 2096 1206 bene
2128 1150 2481 1220 operantibus
2518 1160 2700 1205 autem
2746 1150 2910 1204 etiam
2951 1150 3115 1203 vitam
3147 1158 3401 1203 aiternam
3430 1149 3524 1204 de-

1954 1239 2093 1295 ﬁnit.
2120 1238 2383 1296 Judicans
2409 1255 2540 1296 vero
2568 1240 2622 1295 in
2657 1242 2787 1309 fine,
2830 1250 2887 1297 et
2928 1256 3030 1312 pro
3075 1240 3268 1295 merito
3294 1240 3523 1310 singulis

1954 1334 2284 1401 retribuens,
2331 1334 2515 1405 justus
2558 1335 2765 1391 existit.
2813 1339 2897 1389 An
2924 1335 3110 1406 itaque
3135 1334 3251 1390 hate
3296 1344 3440 1390 recte
3466 1350 3523 1389 se

1953 1439 2019 1480 eo
2040 1425 2202 1481 modo
2225 1425 2481 1493 habeant,
2511 1427 2799 1497 proﬁtere;
2835 1427 2918 1481 sin
2959 1427 3144 1483 minus
3174 1427 3268 1482 tibi
3299 1427 3373 1481 ita
3402 1440 3526 1482 esse

1952 1514 2188 1580 videtur,
2213 1514 2413 1571 refuta.

2025 1605 2114 1662 ιιι.
2152 1606 2452 1678 Respondit
2478 1607 2669 1665 Simon
2705 1626 2719 1664 :
2754 1608 2933 1665 Semel
2956 1609 3112 1664 dixi:
3146 1612 3327 1667 omnis
3363 1611 3525 1682 legis-

1954 1698 2116 1763 lator,
2136 1700 2201 1753 ad
2224 1699 2497 1770 justitiam
2526 1701 2849 1771 respiciens,
2877 1702 3059 1773 justus
3078 1714 3181 1759 est.
3207 1704 3273 1759 Et
3294 1704 3521 1761 Petrus:

266 1792 335 1846 Ei.
356 1792 565 1862 ἀγαθοῦ
587 1794 705 1845 ἐστὶ
726 1766 801 1864 μὴ
814 1766 992 1845 θεῖναι
1018 1791 1200 1861 νόμον,
1231 1788 1438 1842 δικαίου
1465 1787 1521 1840 δὲ
1555 1786 1616 1840 τὸ
1645 1786 1852 1849 θέσθαι,

1959 1787 2016 1844 Si
2048 1790 2173 1845 boni
2198 1801 2302 1856 est,
2339 1806 2447 1846 non
2473 1791 2618 1848 ferre
2647 1792 2842 1863 legem,
2872 1794 3006 1864 justi
3052 1811 3205 1861 vero,
3237 1796 3399 1863 ferre,
3453 1798 3523 1852 ita

268 1886 372 1941 καὶ
419 1885 595 1948 οὕτως
640 1882 1034 1955 ὁΔημιουργὸς
1087 1880 1289 1949 ἀγαθός
1338 1880 1453 1933 ἐστι
1500 1879 1594 1932 καὶ
1629 1876 1851 1941 δίκαιος·

267 1980 477 2049 ἀγαθὸς
508 1979 606 2051 μὲν
629 2019 644 2044 ,
684 1979 766 2032 ὅτι
796 1977 903 2030 ἀπὸ
942 1976 1048 2028 τῶν
1076 1974 1281 2047 χρόνων
1304 1971 1475 2043 Ἀδὰμ
1506 1970 1665 2043 μέχρι
1689 1970 1857 2023 Mosi}-

270 2077 415 2139 σέως
436 2074 481 2105 ⁸¹
524 2071 819 2144 ἐγγράφως
848 2068 908 2123 οὐ
949 2067 1196 2137 φαίνεται
1231 2064 1490 2127 τεθεικὼς
1528 2064 1619 2117 τὸν
1658 2061 1853 2132 νόμον·

267 2165 385 2218 ἀπὸ
422 2163 481 2217 δὲ
510 2162 791 2224 Μωῦσέως
822 2160 902 2222 εις
934 2158 1059 2220 τοὺς
1084 2156 1243 2226 δεῦρο
1274 2154 1516 2226 χρόνους,
1544 2153 1620 2216 ὡς
1656 2151 1857 2223 γέγρα-

268 2272 430 2319 πται,
462 2252 559 2307 καὶ
581 2249 789 2313 δίκαιός
812 2250 978 2302 ἐστιν.
1010 2247 1121 2300 Καὶ
1145 2247 1175 2297 6
1208 2246 1418 2315 Σίμων’
1467 2242 1599 2296 Ἀπὸ
1624 2242 1733 2295 τῶν
1762 2242 1856 2295 τοῦ

268 2345 597 2400 διδασκάλου
632 2359 726 2396 σου
760 2341 952 2413 φωνῶν
979 2340 1148 2405 δεῖξον
1173 2338 1238 2402 ⁸⁸,
1270 2334 1462 2389 ὃτιτοῦ
1492 2335 1655 2388 αὐτοῦ
1688 2334 1854 2399 ἐστὶν,

268 2437 477 2506 ἀγαθὸν
507 2433 647 2489 εἶναι
670 2434 765 2488 καὶ
792 2434 996 2486 δίκαιον
1021 2431 1085 2483 ⁸³.
1135 2428 1290 2499 Ἐμοὶ
1315 2428 1423 2499 γὰρ
1451 2426 1711 2481 ἀδύνατον
1732 2426 1857 2494 φαί-

267 2546 447 2592 νεται,
500 2528 595 2581 τὸν
638 2524 931 2597 νομοθέτην
982 2522 1185 2591 ἀγαθὸν
1234 2520 1362 2573 ὄντα
1412 2518 1504 2572 τὸν
1558 2517 1718 2571 αὑτὸν
1764 2517 1857 2570 καὶ

266 2623 479 2677 δίκαιον
504 2622 551 2653 ⁵⁸
582 2614 930 2691 355ἐῐναι.
974 2617 1084 2671 Καὶ
1113 2618 1141 2669 ὁ
1171 2615 1406 2687 Πέτρος·
1435 2613 1556 2666 Ὅτι
1579 2611 1640 2663 τὸ
1656 2609 1858 2679 ἀγαθὸν

270 2715 406 2769 αὐτὸ
428 2715 524 2767 καὶ
552 2712 759 2767 δίκαιόν
779 2712 947 2773 ἐστιν,
980 2710 1298 2763 ἐπάκουσον-
1333 2705 1504 2768 Αὐτὸς
1534 2707 1561 2758 6
1593 2703 1858 2756 Διδάσκα-

270 2807 366 2870 λος
388 2806 551 2877 ἡμῶν
587 2804 667 2876 τῷ
702 2802 907 2857 εἰπόντι
954 2800 1259 2873 Φαρισαίῳ·
1313 2799 1371 2852 Τί
1415 2795 1674 2862 ποιήσας
1706 2793 1859 2862 ζωὴν

266 2898 517 2955 αἰώνιον
545 2895 1020 2967 umor-omium;
1048 2892 1264 2965 πρῶτον
1304 2891 1405 2962 ἔφη
1428 2907 1441 2920 ·
1493 2888 1588 2955 Μή
1612 2906 1687 2958 με
1718 2888 1859 2954 λέγει

272 2991 531 3061 ἀγαθόν’
575 2992 608 3045 δ
655 2990 766 3059 τὰρ
805 2988 1024 3058 ἀγαθὸς
1056 2987 1141 3052 εἷς
1171 2985 1363 3048 ἐστὶν,
1414 2986 1447 3037 ό
1482 2982 1684 3049 Πατὴρ
1726 2984 1759 3034 ὀ
1789 2980 1859 3033 ἐν

1956 1884 2118 1939 etiam
2167 1883 2395 1953 Creator
2428 1884 2604 1941 bonus
2634 1896 2719 1941 est
2739 1901 2803 1941 ac
2818 1887 3023 1955 justus.
3068 1886 3251 1943 Bon-us
3281 1888 3525 1959 quidem,

1950 1975 2214 2044 quoniam
2267 1990 2298 2031 a
2340 1977 2676 2045 temporibus
2731 1976 2926 2032 Adami
2985 1993 3159 2049 usque
3206 1979 3273 2033 ad
3316 1978 3525 2038 Mosen:

1957 2066 2221 2136 scriptam
2250 2066 2425 2137 legem
2462 2067 2653 2123 tulisse
2696 2083 2805 2122 non
2840 2069 3107 2135 cernitur,
3140 2070 3327 2140 justus
3372 2086 3525 2137 vero,

1956 2156 2218 2227 quoniam
2244 2172 2275 2212 a
2303 2157 2453 2213 Mose
2479 2173 2654 2228 usque
2679 2158 2747 2212 ad
2777 2159 2918 2214 hanc
2963 2168 3175 2214 aetatem
3200 2160 3345 2224 tulit,
3385 2161 3529 2217 sicut

1958 2248 2163 2319 scripta
2186 2257 2290 2305 est.
2323 2248 2462 2303 Tum
2504 2247 2691 2305 Simon
2728 2268 2741 2304 :
2777 2249 2856 2305 Ex
2890 2252 2964 2304 tui
2996 2252 3343 2322 praeceptoris
3376 2254 3527 2308 voci-

1958 2340 2061 2395 bus
2094 2342 2339 2408 ostende,
2363 2341 2606 2411 ejusdem
2646 2357 2788 2409 esse,
2823 2343 3026 2398 bonum
3051 2359 3170 2398 esse
3202 2360 3266 2399 ac
3287 2344 3522 2415 justum.

1958 2429 2088 2485 Mihi
2116 2432 2315 2502 quippe
2341 2433 2551 2488 videtur
2586 2433 2945 2503 impossibile,
2992 2444 3049 2488 ut
3078 2435 3373 2505 legislator,
3434 2438 3528 2507 qui

1959 2521 2136 2577 bonus
2161 2522 2254 2589 sit,
2301 2522 2444 2577 idem
2490 2523 2673 2593 justus
2723 2523 2945 2578 existat.
2990 2523 3057 2578 Et
3102 2523 3338 2581 Petrus:
3373 2525 3527 2591 Quod

1960 2613 2162 2668 bonum
2213 2613 2391 2684 ipsum
2443 2629 2661 2684 quoque
2708 2613 2918 2684 justum
2968 2616 3074 2681 sit,
3128 2615 3253 2670 audi
3290 2615 3531 2671 :Doctor

1958 2713 2145 2761 noster
2198 2705 2467 2775 quaerenti
2516 2703 2790 2761 Pharisaao
2842 2722 2855 2758 :
2916 2705 3057 2771 Quid
3114 2707 3313 2775 faciens
3364 2709 3530 2761 vitam

1958 2807 2211 2852 wtemam
2247 2797 2605 2868 possideboa?
2656 2798 2893 2869 primum
2941 2799 3219 2869 respondit
3263 2817 3278 2855 :
3317 2798 3397 2854 Ne
3448 2816 3529 2853 me

1958 2890 2106 2944 dicas
2137 2889 2350 2946 bonum.
2383 2888 2527 2943 Nam
2558 2890 2724 2944 bonus
2754 2906 2890 2943 unus
2920 2898 3019 2954 est,
3048 2888 3214 2943 Pater
3239 2891 3329 2961 qui
3363 2901 3437 2944 est
3472 2892 3527 2942 in

1958 2982 2139 3047 catis;
2164 2989 2220 3036 et
2246 2981 2428 3037 statim
2459 2981 2642 3037 intulit
2673 2982 2787 3037 hzec
2810 2981 2976 3036 verba
3004 2997 3019 3036 :
3053 2980 3114 3036 Si
3140 2992 3317 3035 autem
3349 2980 3528 3037 volue-

270 3083 399 3149 τοῖς
428 3081 707 3149 οὐρανοῖς
727 3096 741 3111 ο
772 3079 932 3142 εὐθὺς
958 3078 1007 3110 ⁸⁵
1034 3077 1240 3142 ἐπάξας
1260 3075 1407 3144 λέγει
1429 3090 1445 3105 ο
1473 3076 1543 3127 El
1583 3073 1651 3125 δὲ
1684 3070 1856 3138 θελή-

1961 3070 2036 3124 ris
2066 3070 2124 3125 in
2167 3069 2332 3124 vitam
2364 3069 2601 3143 ingredi,
2645 3086 2793 3127 serva
2839 3070 3091 3125 mandata
3117 3072 3168 3125 ι).
3199 3070 3294 3126 Illo
3341 3082 3519 3127 autem

274 3190 407 3239 σεις
466 3175 556 3238 εἰς
609 3172 655 3204 ⁵⁸
714 3170 828 3238 τὴν
869 3169 1023 3239 ζωὴν
1064 3167 1381 3230 εἰσελθεῖν,
1435 3164 1702 3235 τήρησον
1754 3164 1859 3233 τὰς

274 3264 553 3330 ἐντολάς.
600 3262 708 3317 Τοῦ
756 3263 815 3316 δέ
852 3261 1127 3325 εἰπόντος’
1180 3262 1399 3328 Ποίας;
1436 3261 1529 3313 ἐπὶ
1557 3259 1656 3322 τὰς
1678 3259 1721 3291 ⁸⁷
1757 3256 1852 3312 τοῦ

276 3357 446 3428 νόμον
491 3355 870 3428 παρέπεμψεν.
915 3354 1030 3409 Οὐκ
1073 3353 1137 3409 ἂν
1176 3354 1234 3407 δὲ
1278 3352 1464 3426 ἕτερόν
1505 3369 1625 3405 τινα
1660 3348 1860 3420 ἀγαθδν

280 3449 564 3521 σημαίνων
599 3448 692 3501 ἐπὶ
726 3448 824 3511 τάς
854 3446 949 3500 τοῦ
971 3447 1017 3479 ⁸⁸
1038 3446 1247 3500 δικαίου
1277 3445 1590 3515 ἀνέπεμπεν
1615 3442 1854 3506 ἐντολάς.

282 3542 404 3595 Ὅτι
434 3539 493 3592 δέ
524 3538 587 3593 τὸ
616 3538 819 3592 δίκαιον
856 3537 983 3592 ἄλλο
1020 3538 1186 3599 ἐστὶν,
1213 3536 1306 3590 καὶ
1338 3535 1398 3589 τὸ
1424 3534 1626 3603 ἀγαθὸν
1653 3533 1857 3605 ἓτερον,

279 3638 377 3690 καὶ
397 3633 563 3695 αὐτὸς
582 3630 848 3703 ὁμολογῶ,
872 3630 984 3683 ἀλλ’
1018 3631 1099 3683 ὅτι
1129 3627 1224 3682 τοῦ
1252 3627 1414 3681 αὐτοῦ
1434 3627 1550 3679 ἐστὶ
1569 3624 1630 3678 τὸ
1661 3624 1860 3694 ἀγαθδν

283 3724 420 3780 εἶναι
449 3725 547 3779 καὶ
568 3723 772 3777 δίκαιον
799 3722 867 3787 δ’,
895 3723 1121 3791 ἀγνοεῖς.
1168 3719 1392 3790 Ἀγαθὺς
1421 3718 1528 3789 γάρ
1559 3719 1673 3770 ἐστι
1699 3733 1861 3787 μετα-

283 3822 462 3876 νοοῦσι
518 3819 618 3892 μὲν
660 3817 709 3851 ⁸⁸
762 3817 857 3871 νῦν
911 3814 1276 3887 μακροθυμῶν
1331 3814 1425 3866 καὶ
1474 3809 1860 3880 ὑποδεχόμενος

286 3914 503 3979 αὐτοὺς,
552 3912 757 3974 δίκαιος
800 3908 856 3962 δέ
903 3910 1070 3971 ἐστιν,
1109 3907 1235 3959 ὃταν
1287 3903 1332 3936 ⁸⁸
1382 3903 1581 3975 κρίνων
1633 3900 1703 3955 τά
1739 3901 1858 3954 κατ’

284 4006 438 4074 ἀξίαν
472 4002 689 4074 ἑκάστῳ
716 3999 985 4071 ἀπονέμῃ.

354 4095 444 4151 ιγ.
473 4096 586 4149 Καὶ
615 4097 643 4149 ὁ
681 4094 864 4165 Σίμων
910 4091 1046 4163 ἔφη’
1090 4089 1216 4153 Πῶς
1255 4083 1348 4142 οὖν
1380 4084 1722 4157 ἐγνωσμένου
1765 4083 1860 4137 τοῦ

281 4184 640 4259 Δημιουργοῦ,
666 4182 761 4237 τοῦ
798 4182 892 4236 καὶ⁵
924 4180 1017 4234 τὸν
1055 4179 1225 4250 Ἀδὰμ
1268 4177 1586 4241 πλάσαντος,
1626 4176 1721 4229 καὶ
1752 4175 1862 4237 τοῖς

287 4278 426 4332 κατά
469 4276 634 4346 νόμον
675 4272 902 4335 δικαίοις
945 4270 1309 4341 ἐγνωσμένου,
1356 4268 1578 4340 προσέτι
1622 4267 1680 4321 δὲ
1716 4266 1762 4298 ⁸¹
1786 4266 1863 4320 δι-

1959 3164 2139 3219 aiente
2168 3178 2185 3219 ι
2218 3163 2390 3232 Qua?
2414 3166 2482 3219 ad
2508 3163 2641 3235 legis
2669 3165 2924 3220 mandata
2950 3163 3178 3221 remisit.
3225 3161 3341 3216 Non
3383 3172 3528 3217 certe

1959 3257 2126 3313 alium
2148 3257 2439 3328 quemdam
2470 3257 2670 3312 bonum
2701 3257 3018 3330 significans
3067 3260 3133 3316 ad
3180 3258 3316 3330 justi
3358 3257 3527 3313 remi—

1959 3350 2123 3406 sisset
2142 3363 2268 3405 eum
2316 3358 2607 3419 praecepta.
2661 3348 2822 3403 Aliud
2865 3363 2994 3405 vero
3040 3365 3159 3406 esse
3199 3351 3444 3420 justum,
3474 3358 3527 3404 et

1960 3441 2106 3497 aliud
2153 3440 2358 3495 bonum
2386 3480 2402 3507 ,
2434 3440 2620 3509 ,etiam
2665 3440 2781 3510 ipse
2818 3441 3099 3497 conﬁteor.
3165 3441 3267 3497 Sed
3308 3444 3528 3513 ignoras

1960 3532 2028 3588 ad
2048 3531 2300 3587 eumdem
2323 3531 2613 3602 pertinere,
2645 3531 2848 3586 bonum
2875 3547 2997 3587 esse
3019 3548 3083 3587 ac
3100 3533 3328 3603 justum.
3349 3533 3529 3587 Bonus

1960 3623 2108 3679 enim
2137 3633 2242 3691 est,
2275 3622 2406 3679 dum
2444 3623 2833 3693 paenitentibus
2874 3639 3018 3679 nunc
3062 3625 3402 3697 aaquanimus
3446 3634 3530 3681 est

1960 3730 2261 3786 eorumque
2310 3722 2611 3785 susceptor,
2654 3714 2837 3784 justus
2887 3726 3069 3770 autem
3123 3725 3225 3779 est,
3276 3717 3525 3787 quando-

1956 3806 2179 3876 quidem
2200 3804 2457 3878 judicans
2481 3820 2578 3877 pro
2606 3805 2800 3863 merito
2830 3806 3067 3879 singulis
3095 3808 3380 3863 retribuet.

2030 4075 2121 4134 IV.
2154 4075 2222 4131 Et
2247 4074 2438 4131 Simon
2466 4091 2480 4128 :
2515 4073 2639 4142 Quo
2666 4072 2829 4128 modo
2875 4086 3028 4143 ergo,
3054 4070 3255 4141 inquit,
3276 4084 3400 4125 cum
3432 4086 3527 4126 eo.

1962 4177 2257 4242 gnoscatur
2280 4168 2527 4231 Greater,
2566 4166 2659 4236 qui
2704 4175 2758 4220 et
2778 4163 3049 4219 Adamum
3088 4162 3363 4229 formavit,
3413 4173 3467 4219 et
3497 4179 3527 4217 a

1956 4261 2122 4331 justis
2149 4259 2252 4316 sub
2298 4259 2416 4329 lege
2453 4257 2762 4312 viventibus
2814 4255 3032 4324 agnitus
3059 4263 3162 4322 est,
3196 4255 3339 4311 sicut
3363 4256 3525 4310 etiam

288 4371 462 4433 καίοις
486 4345 583 4421 ua
623 4365 827 4429 ἀδίκοις
867 4364 961 4419 καὶ
983 4362 1090 4434 ὅλῳ
1123 4362 1202 4433 τῷ
1239 4361 1446 4432 κόσμῳ,
1480 4362 1509 4413 s
1537 4358 1856 4422 Διδάσκαλος

1962 4369 1992 4407 a
2021 4351 2188 4423 justis
2208 4359 2265 4405 et
2292 4365 2322 4403 a
2351 4358 2467 4403 toto
2517 4346 2744 4412 mundo,
2786 4345 3043 4417 Magister
3090 4355 3237 4411 tuus,
3268 4346 3362 4416 qui
3409 4354 3531 4414 post

290 4480 381 4516 σου
430 4459 572 4533 μετά
610 4458 814 4522 πάντας
859 4432 1098 4520 ἐκείνους
1138 4432 1410 4526 ἐληλυθὼς
1435 4454 1605 4524 λέγει·
1654 4452 1856 4520 Οὐδεὶς

1963 4456 2061 4498 eos
2090 4455 2283 4497 omnes
2311 4438 2477 4504 venit,
2506 4437 2581 4491 ait
2609 4450 2623 4489 :
2652 4433 2818 4489 Nemo
2848 4435 2988 4488 novit
3030 4433 3267 4493 Patrem.
3296 4435 3403 4487 nisi
3433 4432 3530 4486 Fi-

286 4524 443 4624 ἐτνιιί
480 4553 591 4606 τὸν
637 4548 866 4618 Πατέρα
922 4551 976 4603 εὶ
1006 4548 1091 4618 μὴ
1132 4550 1165 4601 ὁ
1219 4524 1382 4613 Ῡὶὸς,
1422 4545 1504 4612 ὡς
1560 4544 1705 4600 οὐδὲ
1757 4544 1856 4599 τὸν

1965 4536 2108 4599 lius,
2145 4534 2282 4587 sicut
2324 4547 2414 4586 nec
2462 4529 2664 4583 Filium
2714 4529 2831 4599 quis
2870 4527 3031 4593 novit,
3074 4527 3176 4581 nisi
3230 4524 3427 4590 Pater,
3480 4535 3527 4578 et

296 4616 434 4699 Ῠιόν
459 4661 552 4711 τις
579 4641 760 4708 οἶδεν,
781 4616 833 4695 ἐι
854 4637 941 4710 μὴ
975 4616 1018 4694 δή
1046 4637 1268 4704 Πατὴρ,
1298 4635 1395 4691 καὶ
1425 4637 1514 4703 οἷς
1540 4636 1617 4690 ἂν
1636 4636 1856 4703 ,ϐούλη-

1964 4626 2151 4699 quibus
2205 4623 2426 4679 uoluerit
2484 4620 2659 4675 Filius
2704 4619 2930 4673 revelare
2977 4631 3023 4672 ο.
3072 4616 3177 4672 lsta
3216 4628 3395 4671 autem
3420 4631 3526 4670 non

288 4754 382 4793 ται
417 4738 452 4791 ὁ
503 4708 636 4801 Ῠὶὐς
676 4708 1098 4800 ἀποκαλύψακ
1126 4729 1311 4782 Ταῦτα
1342 4728 1400 4781 δὲ
1433 4729 1534 4781 οὐκ
1563 4727 1629 4782 ἂν
1658 4727 1856 4795 ἔλεγεν,

1964 4719 2223 4784 dixisset,
2253 4716 2299 4772 si
2333 4729 2440 4771 non
2490 4712 2871 4768 annuntiasset
2913 4710 3200 4780 quemdam
3234 4708 3445 4763 Patrem
3473 4708 3527 4762 in

289 4831 339 4885 εἰ
360 4828 435 4901 μὴ
453 4826 673 4898 Πατέρα
684 4822 801 4878 τινά
816 4824 873 4876 ἐν
888 4822 1218 4893 ἀπορρήτοις
1234 4819 1361 4874 ὄντα
1387 4817 1702 4890 ἀνήγγειλεν
1721 4817 1856 4875 ’³-⁸δ,

1967 4809 2185 4866 arcanis
2207 4807 2527 4864 existentem
2545 4844 2562 4871 ,
2590 4818 2753 4875 quem
2782 4811 2839 4857 et
2868 4801 3194 4857 altissimum
3233 4800 3319 4855 lex
3347 4800 3529 4869 appel-

290 4890 472 4976 δνίιάὶ
499 4890 719 4989 ὕψιστον
741 4918 771 4971 6
792 4915 953 4987 νόμος
973 4890 1141 4982 λέγει,
1181 4912 1275 4983 ἀφ’
1292 4907 1356 4966 οὗ
1381 4911 1501 4966 οὕτε
1531 4911 1708 4982 ἀγαθὴ
1735 4909 1856 4963 οὕτε

1963 4909 2059 4972 lat,
2089 4921 2121 4960 a
2146 4917 2256 4974 quo
2280 4915 2455 4971 neque
2480 4899 2620 4956 bona
2663 4911 2839 4968 neque
2872 4896 3015 4951 mala
3048 4894 3231 4951 audita
3262 4903 3346 4950 est
3370 4908 3474 4947 vox
3497 4890 3523 4931 δ

2034 5030 2058 5059 ο
2086 5017 2281 5073 Matth.
2309 5030 2388 5075 XI.
2425 5013 2516 5067 27.

2032 5090 2061 5129 ά
2090 5085 2295 5146 Thren.
2322 5099 2406 5147 ιιι,
2431 5083 2521 5138 '58.

1563 5190 1792 5245 VARIAE
1828 5182 2228 5244 LEC'l‘lONES.

367 5300 409 5330 ”
428 5297 569 5351 τόο.
644 5295 689 5327 δ’
718 5294 835 5396 ἔχη,
864 5291 1195 5365 ὁμολόγησον
1221 5291 1281 5345 (3.
1313 5287 1450 5342 Vbb.
1482 5288 1532 5342 εἰ
1557 5287 1614 5342 δὲ
1638 5286 1699 5370 ορ
1721 5288 1866 5341 δοκεῖ
1896 5304 1977 5339 σοι
1998 5282 2172 5354 ὀρθῶς
2199 5274 2636 5404 ἐξινιδιέλεγξον
2664 5270 2939 5358 ~descripsi
2974 5283 3042 5353 ex
3066 5266 3128 5318 0.
3204 5263 3523 5369 1⁵’Μωῡςσέος

395 5368 485 5404 ειη
509 5366 701 5404 Αρῖηιιρ
822 5363 1012 5404 nam...
1038 5364 1098 5404 n-
1177 5360 1222 5393 ⁸³
1257 5362 1331 5404 Ita
1361 5359 1421 5404 (II
1461 5400 1475 5404 _
1522 5357 1708 5404 ἀγαθω
1734 5353 1871 5404 εἶναι
1899 5356 1991 5404 καὶ
2014 5352 2206 5404 δικαίῳ
2294 5380 2307 5404 ι
2329 5350 2390 5400 Ο.
2466 5346 2515 5376 ⁸⁵
2531 5345 2624 5397 καὶ
2658 5356 2861 5395 οικαιον
2896 5355 2986 5391 και
3023 5352 3073 5404 p.
3107 5336 3197 5387 καὶ
3223 5333 3425 5387 δίκαιοι
3460 5340 3520 5387 U.

298 5369 360 5421 ο.
395 5333 489 5423 si;
507 5333 841 5421 Eandem“
857 5333 1343 5429 ἕὲῐξῶᾟΓἽιἾιέ
1361 5333 1708 5429 ῖςῖλῖιιῇὀῷ
1724 5333 1871 5410 ac;
1899 5333 1991 5409 ζςξιὶ
2007 5333 2206 5429 sissis
2230 5333 2307 5429 ζ,
2329 5350 2390 5400 0.
2466 5333 2641 5429 ﬁat
2658 5333 2875 5429 δέξαιρρί
2896 5337 2986 5429 {ei
3012 5352 3073 5429 ες
3099 5333 3425 5429 ξξξξεπξαεεν
3460 5336 3520 5429 ξξτ

302 5473 907 5577 «τοῖιῗέἷέἱιῖἰῗτέιὲἓὲιὲἶ
931 5473 1068 5556 Tim
1094 5473 1447 5577 ίιζέτῖἔιῖιξιεῖί
1463 5473 1535 5568 εἷ’
1550 5473 1936 5577 πάιὲἐπειὶῗιαενῖἶ
1975 5473 2162 5577 ,⁸5ἒὲιὲ
2184 5489 2357 5577 adieci
2378 5504 2426 5577 ξε·
2455 5489 2534 5577 θ’.
2576 5486 2619 5515 ⁸⁸
2638 5484 2713 5577 ¹ἑξ¹
2739 5481 2842 5577 CK;
2861 5473 3523 5577 ξέἓίῗξῖῒ.ῗῖῖῗῗι³ῑῗῖςδιῖῗῗῗξ¹ῒ

302 5544 457 5637 E36?
484 5544 915 5647 Ἥξῖέί
1701 5544 1987 5623 δῖῄῖίίδέ
2016 5544 2087 5618 ἄν
2112 5544 2175 5617 C.
2206 5544 2344 5614 Τῖιιιι
2372 5555 2632 5624 ἀπονέμει
2661 5554 2722 5606 Ο.
2799 5554 2841 5585 ⁸³
2860 5544 3101 5602 ὃέιριιιιιι
3127 5544 3332 5599 reddidi
3396 5560 3521 5597 cum

302 5637 600 5704 excidisset
620 5662 705 5716 ap.
737 5645 796 5700 Gl
846 5653 899 5699 ct
932 5643 987 5698 S.
1021 5643 1136 5683 νου
1161 5637 1486 5710 ἀνήγγελλεν
1510 5641 1571 5707 ιλ.
1844 5658 1847 5661 -

364 5046 391 5076 ι
422 5032 557 5088 an.
592 5047 746 5099 xvm,
779 5024 867 5085 18.

364 5106 392 5146 δ
421 5103 608 5160 Matth.
648 5118 761 5169 ιιιι,
793 5101 880 5156 17.
