4022 6336
563 238 664 292 407

1397 242 1453 296 S.
1486 242 1873 300 CLEMF‘VTIS
1902 246 1920 299 l
1960 247 2123 332 BDM.
2156 249 2356 305 PONT.
2383 250 2612 305 OPERA
2637 251 2861 311 DUDIA.
3649 268 3739 328 ωε

558 356 1033 429 (quemadmodum
1069 360 1120 414 in
1161 360 1668 421 Lamentationibus
1697 365 1959 425 Jeremias
2002 380 2107 426 tes-

2214 371 2356 443 κακὴ
2399 370 2563 443 356
2594 372 2833 444 ἠκούσθη
2874 375 3029 449 φωνή
3065 373 3159 445 (ὡς
3196 374 3252 426 ὲν
3285 378 3391 439 τοῖς
3422 377 3632 449 Θρήνοις
3659 390 3741 436 καὶ

557 450 757 519 tatur),
815 453 908 522 qui
955 453 1253 509 secundum
1303 472 1589 512 numerum
1633 459 1867 523 ﬁliorum
1911 461 2114 527 Israel,

555 542 774 611 quando
802 542 1032 613 ingressi
1077 554 1203 600 sunt
1245 545 1296 599 in
1332 544 1623 618 Egyptum
1668 552 2030 622 septuaginta,
2062 563 2117 609 et

554 634 853 689 secundum
884 634 1142 691 terminos
1167 638 1406 705 gentium
1440 654 1534 694 eas
1549 639 2112 714 circumscripsitsep—

555 727 799 797 tuaginta
852 728 1074 798 linguis,
1122 737 1176 782 et
1208 728 1348 784 Filio
1402 746 1545 796 suo,
1604 733 1697 801 qui
1744 744 1798 787 et
1851 732 2115 794 Dominus

553 829 781 873 vocatur
826 829 881 874 et
919 821 1114 876 cadum
1152 836 1218 876 ac
1254 830 1451 876 terram
1500 824 1807 889 constituit,
1859 824 2116 882 Hebrieos

552 918 759 980 partem
784 911 950 976 dedit,
978 928 1213 983 eumque
1237 912 1403 967 Deum
1428 914 1654 969 deorum
1686 931 1807 971 esse
1829 915 2071 971 deﬁnivit
2098 934 2113 970 :

502 996 507 999 ’
550 1002 778 1057 deorum
806 1014 983 1058 autem
1013 1005 1156 1069 dico,
1190 1006 1284 1075 qui
1316 1007 1453 1062 alias
1502 1007 1745 1078 gentium
1791 1018 2116 1078 acceperunt

551 1094 849 1164 portiones.
889 1092 1061 1165 Leges
1089 1096 1253 1166 igitur
1282 1097 1601 1167 prodierunt
1627 1100 1696 1154 ab
1716 1101 1971 1155 omnibus
2000 1101 2115 1157 dic-

549 1184 619 1240 tis
645 1184 749 1238 diis
776 1185 841 1239 ad
875 1202 1006 1241 suas
1038 1188 1337 1256 portiones,
1361 1205 1482 1259 quae
1504 1200 1632 1246 sunt
1659 1192 1882 1262 reliquae
1905 1202 2111 1261 gentes.

549 1274 670 1329 Pari
712 1286 892 1331 autem
945 1279 1106 1333 modo
1159 1288 1214 1334 ct
1261 1295 1292 1335 a
1341 1280 1481 1335 Filio
1528 1293 1851 1339 cunctoruzn
1883 1284 2113 1339 Domino

548 1365 687 1435 apud
724 1365 977 1423 Hebraeos
1022 1371 1201 1438 posita
1238 1371 1323 1425 lex
1371 1374 1657 1441 processit.
1709 1373 1826 1431 Hoc
1874 1392 2003 1430 vero
2039 1377 2112 1433 ita

547 1458 747 1514 habere
772 1460 1050 1515 delinitutn
1082 1471 1186 1529 est,
1217 1472 1275 1517 ut
1310 1465 1355 1519 si
1395 1467 1518 1535 quis
1558 1467 1625 1521 ad
1669 1468 1900 1537 alicujus
1941 1468 2111 1538 legem

544 1550 872 1623 confugerit,
901 1554 966 1607 ad
995 1554 1140 1609 illius
1163 1566 1371 1625 partem
1403 1558 1691 1627 pertineat,
1731 1560 1889 1630 cujus
1913 1561 2115 1631 recepit

544 1644 715 1713 legem
741 1662 982 1701 servare.
1011 1646 1182 1703 Nemo
1217 1651 1471 1721 cognovit
1496 1652 1825 1707 altissimum
1870 1653 1924 1706 in
1955 1669 2112 1708 arca-

2228 463 2491 533 Ὶερεμίας
2529 468 2845 536 μαρτυρεῖ),
2900 466 3046 529 ὅστις
3090 468 3205 518 κατ’
3243 466 3463 537 ἀριθμὸν
3508 469 3609 540 (56)
3647 472 3743 526 τῶν

2216 553 2346 607 υἱῶν
2380 554 2629 626 Ἰσραὴλ,
2679 557 2727 609 οἳ
2778 557 3025 627 εἰσῆλθον
3079 557 3157 620 εἰς
3206 558 3497 625 Αἴγυπτον,
3545 562 3593 613 οἵ
3623 563 3743 616 εἰσιν

2215 640 2599 713 ἑϐδομήκοντα,
2625 645 2717 697 καὶ
2739 646 2873 715 πρὸς
2891 644 2963 697 τὰ
2982 646 3105 716 ὅρια
3128 644 3233 698 τῶν
3254 645 3416 699 ὲθνῶν
3435 650 3745 719 περιγράψας

2213 731 2482 799 γλώσσαις
2523 735 2635 803 (57)
2666 735 3051 807 ἐϐδομήκοντα,
3095 738 3172 808 τῷ
3223 738 3382 792 αὐτοῦ
3424 739 3528 809 re;
3560 741 3630 811 τῷ
3662 744 3747 795 καὶ

2214 824 2402 896 Κυρίῳ
2431 825 2720 896 λεγομένῳ,
2747 827 2842 880 καὶ
2884 828 2930 858 ³⁵
2973 828 3199 899 οὐρανὸν
3236 829 3327 881 καὶ
3351 830 3450 900 γῆν
3479 829 3746 902 διακοσμή-

2217 932 2389 979 σαντι,
2411 918 2537 979 τοὺς
2577 917 2859 989 Ἐϐραίους
2888 919 3053 973 ἔδωκε
3094 920 3300 991 μερίδα,
3340 921 3431 973 κα).
3460 920 3608 973 αὑτὸν
3633 922 3748 974 Θεὸν

2214 1004 2349 1059 θεῶν
2395 1003 2532 1061 εἷναι
2558 1007 2805 1078 διώρισεν
2838 1049 2852 1071 ,
2884 1009 3020 1063 θεῶν
3050 1010 3108 1064 δὲ
3140 1011 3183 1041 ⁸⁸
3216 1010 3376 1080 λέγω,
3413 1011 3464 1063 οῖ
3502 1028 3635 1075 τινες
3664 1012 3752 1076 τὰς

2212 1098 2376 1161 ἄλλας
2401 1098 2509 1153 τῶν
2539 1099 2705 1152 ἐθνῶν
2735 1101 2989 1171 εἰλήφασι
3012 1102 3253 1175 μερίδας.
3271 1103 3440 1172 Νόμοι
3466 1098 3554 1156 οὖν
3576 1104 3753 1174 προῆλ-

2213 1192 2302 1247 θον
2328 1194 2433 1247 ἁπό
2474 1212 2533 1247 τε
2574 1194 2790 1248 πάντων
2824 1196 2931 1249 τῶν
2958 1196 3251 1267 λεχθέντων
3288 1196 3422 1250 θεῶν
3463 1200 3575 1260 ταῖς
3597 1198 3756 1251 αὐτῶν

2215 1284 2449 1356 μερίσιν,
2484 1286 2520 1339 ἆ
2550 1286 2673 1339 τινά
2700 1288 2816 1338 ἐστι
2845 1286 2913 1338 τὰ
2941 1286 3101 1341 λοιπὰ
3128 1287 3262 1341 ἄλλα
3289 1287 3436 1357 ἔθνη.
3476 1288 3689 1358 Ὁμοίως
3708 1287 3757 1340 δὲ

2211 1376 2304 1428 καὶ
2329 1373 2436 1427 ἀπὸ
2455 1373 2549 1427 τοῦ
2569 1374 2698 1427 Υίοῦ
2722 1375 2815 1427 τοῦ
2840 1376 3055 1429 πάντων
3077 1375 3280 1447 Κυρίου
3300 1376 3327 1428 6
3344 1374 3490 1446 παρὰ
3515 1374 3758 1446 Ἑϐραίοις

2210 1466 2456 1536 κείμενος
2484 1467 2717 1538 προῆλθε
2748 1468 2928 1539 νόμος.
2968 1466 3137 1520 Τοῦτο
3172 1467 3228 1520 δὲ
3257 1465 3426 1530 οὕτως
3466 1467 3601 1537 ἔχειν
3645 1466 3760 1538 ὠρί-

2213 1555 2333 1627 σθη,
2364 1557 2472 1621 ἵνα,
2503 1557 2658 1622 εἴτις
2686 1559 2834 1631 νόμῳ
2860 1558 3003 1622 τινος
3027 1557 3340 1631 προσερύγῃ,
3368 1556 3474 1610 ἀπὸ
3515 1556 3609 1626 τῆς
3635 1556 3761 1608 ὲκεί-

2211 1665 2301 1702 νου
2329 1650 2372 1680 ⁸⁷
2395 1649 2618 1721 γένηται
2653 1651 2889 1722 μερίδος,
2920 1644 2981 1704 οὗ
3009 1651 3073 1721 δὴ
3098 1652 3189 1703 καί
3227 1653 3320 1703 τὸν
3348 1650 3503 1720 νόμον
3525 1649 3763 1720 πράττειν

544 1738 628 1791 nis
656 1737 891 1807 positum
925 1737 1165 1809 Patrem,
1209 1741 1353 1797 sicut
1387 1758 1486 1798 nec
1538 1743 1736 1798 Filium
1776 1745 1916 1816 ejus,
1958 1746 2102 1816 quod

2207 1740 2506 1807 ἀνεδέξατο.
2550 1742 2736 1806 Οὐδεὶς
2776 1741 2916 1810 ἔγνω
2956 1742 3045 1794 τὸν
3086 1743 3143 1794 ὲν
3164 1742 3494 1813 ἀπορρήτοις
3557 1735 3761 1809 ὕψιστον

543 1827 714 1884 Filius
742 1830 832 1884 sit.
879 1829 1076 1886 Statim
1108 1848 1237 1903 ergo
1266 1842 1344 1898 tu,
1374 1850 1495 1905 qua:
1526 1836 1742 1905 propria
1768 1846 1894 1891 sunt
1935 1836 2104 1907 ignoti

541 1920 829 1985 Altissinii,
876 1924 1120 1979 tribuens
1163 1923 1324 1989 Filio,
1376 1924 1595 1995 ignoras
1622 1928 1769 1998 quod
1816 1927 1987 1986 Filius
2010 1929 2103 1997 sit,

539 2010 632 2083 qui
657 2022 741 2075 est
773 2011 935 2068 Pater
958 2013 1085 2070 Jesu
1117 2015 1320 2072 Christi
1348 2017 1491 2087 apud
1519 2032 1615 2073 vos
1640 2020 1795 2074 dicti.

614 2186 673 2244 ν.
701 2185 796 2246 His
832 2206 862 2245 a
918 2189 1139 2247 Simone
1179 2193 1405 2263 prolatis
1450 2192 1645 2251 Petrus
1691 2196 1768 2251 ait
1815 2197 1882 2252 ad
1926 2214 2051 2254 enin
2088 2220 2101 2255 :

536 2281 789 2351 Potesne,
833 2286 976 2355 quod
1026 2285 1096 2341 ita
1148 2290 1362 2356 credas,
1411 2289 1591 2359 ipsum
1635 2292 1953 2359 contestari,
1995 2309 2104 2348 non

537 2392 701 2445 quem
735 2393 879 2432 nunc
923 2378 974 2431 in
1006 2379 1224 2435 arcanis
1269 2380 1560 2451 praedicas,
1586 2383 1680 2438 sed
1706 2401 1868 2455 quem
1896 2387 2102 2450 credis,

538 2484 640 2523 nec
659 2470 974 2524 conﬁteris?
997 2471 1117 2525 Alia
1149 2472 1293 2526 enim
1322 2489 1421 2543 pro
1448 2475 1572 2531 aliis
1600 2476 1902 2533 decernens
1933 2495 2105 2549 nugas

534 2559 675 2629 agis.
711 2559 977 2626 Quocirca
1005 2563 1051 2617 si
1080 2566 1430 2631 contestaris,
1463 2582 1493 2621 a
1521 2576 1573 2622 te
1599 2569 1744 2623 credi
1769 2585 1890 2639 qua:
1912 2571 2107 2640 loque-

535 2650 636 2713 ris,
674 2651 770 2705 tibi
801 2654 1165 2722 respondebo.
1220 2654 1314 2710 Sin
1356 2673 1486 2712 vero
1529 2674 1845 2727 perseveras
1888 2662 2105 2733 discep-

533 2751 651 2796 tare
688 2759 901 2798 mecum
935 2744 1003 2799 de
1036 2745 1104 2800 iis
1145 2763 1268 2817 qua:
1298 2764 1406 2802 non
1438 2749 1638 2816 credis,
1693 2765 1791 2819 per
1825 2751 1987 2806 inane
2018 2769 2105 2808 me

531 2836 683 2905 cogis
722 2848 1024 2909 percutere.
1082 2838 1147 2893 Et
1202 2840 1390 2895 Simon
1449 2841 1588 2896 dixit
1630 2859 1646 2895 :
1686 2844 1729 2897 A
1760 2846 1997 2914 quodam
2036 2864 2103 2903 ex

530 2927 818 3000 discipulis
847 2931 953 2985 tuis
979 2931 1161 2985 audivi
1190 2931 1331 3004 [haec
1360 2933 1436 2987 ita
1471 2948 1593 2989 esse
1626 2936 1970 3008 constituta].
2002 2937 2108 2994 Ea-

529 3020 674 3090 cepit
704 3020 935 3077 Petrus:
963 3021 1040 3076 Ne
1066 3022 1261 3077 falsum
1287 3024 1522 3080 testeris.
1557 3024 1856 3096 Respondit
1879 3028 2100 3086 Simon:
2130 3067 2173 3124 ο

528 3110 608 3166 Ne
658 3112 791 3166 mihi
846 3114 1155 3169 convicium
1207 3114 1422 3183 facias,
1471 3119 1902 3187 protervissinte.
1961 3122 2097 3179 Tum

529 3199 725 3256 Petrus
752 3221 766 3256 :
797 3201 978 3271 Usque
1017 3220 1127 3273 quo
1156 3205 1448 3273 protuleris
1469 3223 1591 3261 eum
1626 3208 1719 3278 qui
1753 3210 1911 3277 dixit,
1944 3228 2095 3267 men-

528 3293 634 3348 dax
661 3310 742 3349 es.
780 3297 849 3348 At
893 3295 1080 3350 Simon
1113 3316 1127 3351 :
1158 3297 1423 3355 Existima
1472 3315 1558 3355 me
1610 3300 1725 3356 haec
1760 3302 1986 3360 ﬁnxisse
2016 3306 2099 3361 vel

529 3384 599 3438 ab
653 3385 764 3439 alio
808 3387 1081 3455 addiisse,
1140 3389 1208 3443 ad
1255 3405 1319 3445 ea
1361 3392 1630 3461 responde
1669 3393 1843 3448 mihi:
1866 3393 2002 3450 Nam
2051 3396 2098 3453 si

526 3476 696 3530 everti
741 3494 850 3532 non
899 3480 1212 3548 potuerint,
1246 3483 1603 3552 compererim
1637 3499 1759 3541 esse
1788 3487 2093 3544 veritatem.

528 3564 595 3620 Et
626 3564 821 3623 Petrus
851 3585 867 3624 :
898 3569 954 3622 Si
996 3581 1081 3626 est
1112 3573 1411 3628 humanum
1447 3574 1790 3645 ﬁgmentum,
1837 3594 1948 3633 non
2002 3595 2095 3635 re-

528 3663 770 3730 spondeo
795 3664 863 3718 ad
893 3664 1024 3719 illud
1051 3688 1066 3719 :
1092 3668 1172 3720 sin
1221 3678 1403 3722 autem
1440 3669 1669 3739 hujusce
1705 3671 1781 3725 rei
1832 3672 2093 3741 opinione

528 3762 787 3825 tanquam
832 3772 972 3813 vera:
1006 3759 1287 3827 detineris,
1325 3760 1377 3815 id
1418 3762 1597 3831 ipSum
1646 3764 1783 3818 mihi
1812 3765 2089 3834 conﬁtere,

527 3856 582 3901 et
626 3847 799 3903 habeo
844 3865 945 3920 ego
983 3867 1203 3921 quoque
1243 3852 1447 3922 aliquid
1494 3855 1641 3925 quod
1697 3855 1765 3910 de
1797 3871 1863 3911 eo
1888 3857 2088 3913 dicam.

528 3935 768 3993 Simon:
816 3939 1051 3997 Prorsus
1079 3944 1313 3999 arbitror
1364 3944 1466 4001 hoc
1519 3945 1593 4001 ita
1647 3947 1865 4004 habere.
1917 3947 2000 4003 Tu
2045 3949 2093 4003 si

525 4030 654 4099 quid
684 4032 753 4086 ad
780 4032 871 4087 illa
896 4034 1065 4089 ltabcs
1084 4036 1288 4103 dicere,
1314 4038 1601 4106 responde.

2207 1834 2426 1905 Πατέρα
2445 1834 2593 1899 ὄντα,
2628 1835 2705 1898 ὼς
2722 1834 2843 1888 οὐδὲ
2862 1834 2953 1887 τὸν
2973 1833 3161 1886 τούτου
3188 1833 3336 1896 Υἱὸν,
3363 1833 3442 1885 ὅτι
3464 1833 3585 1894 Υίός
3611 1833 3758 1884 ἐστιν.

2206 1923 2411 1976 Αὐτίκα
2452 1922 2579 1991 γοῦν
2604 1925 2667 1976 σὺ
2705 1922 2775 1976 τὰ
2824 1922 2916 1975 τοῦ
2960 1922 3277 1993 ἀπορρήτου
3316 1922 3362 1953 ⁵⁸
3399 1921 3641 1990 Ὑψίστου
3671 1920 3763 1972 ἴδια

2206 2014 2377 2079 διδοὺς
2404 2014 2481 2085 τῷ
2517 2014 2631 2086 Υίῷ
2661 2016 2762 2068 οὐκ
2789 2010 2935 2077 οἶδας
2971 2014 3053 2066 ὅτι
3094 2014 3221 2077 Υίὸς
3260 2015 3406 2067 ἐστιν
3436 2013 3564 2084 (58),
3594 2012 3763 2083 Πατὴρ

2208 2106 2463 2178 ὑπάρχων
2482 2106 2575 2160 τοῦ
2603 2105 2776 2177 Ἰησοῦ
2806 2104 2901 2158 τοῦ
2918 2104 3037 2158 καθ’
3059 2105 3200 2176 ὑμᾶς
3216 2104 3506 2175 λεγομένου
3528 2103 3761 2174 Χριστοῦ.

2278 2218 2342 2275 V.
2376 2219 2562 2275 Ταῦτα
2586 2216 2681 2271 τοῦ
2704 2217 2944 2289 Σίμωνος
2972 2216 3219 2281 εἰπόντος
3244 2220 3274 2271 ὁ
3295 2216 3497 2289 Πέτρος
3522 2216 3619 2288 ἔφη
3646 2214 3765 2286 πρὸς

2206 2310 2399 2363 αὐτόν’
2428 2311 2664 2363 Δύνασαι
2716 2308 2878 2362 αὐτὸν
2919 2309 3124 2361 ἐκεῖνον
3165 2307 3651 2381 διαμαρτύρασθαι,
3692 2305 3765 2357 ὅτι

2205 2400 2376 2465 οὕτως
2403 2400 2696 2464 πιστεύεις,
2721 2401 2819 2470 οὐχ
2851 2399 2908 2453 ὃν
2931 2399 3027 2452 νῦν
3049 2400 3106 2452 ὲν
3133 2400 3471 2471 ἀπορρήτοις
3498 2397 3649 2468 357
3684 2395 3764 2447 λέ-

2205 2511 2340 2562 γεις,
2377 2493 2488 2547 ἀλλ’
2524 2494 2584 2547 ὃν
2608 2495 2672 2546 σὺ
2703 2491 2974 2545 πιστεύων
2997 2492 3096 2562 οὐχ
3123 2491 3440 2563 ὁμολογεῖς;
3491 2490 3651 2543 Ἀλλα
3668 2488 3765 2558 γὰρ

2206 2586 2320 2639 ἀντ’
2344 2585 2519 2638 ἄλλων
2538 2584 2735 2655 ὁρίζων
2762 2583 3038 2653 φλυαρεῖς.
3068 2582 3158 2635 Διὸ
3188 2583 3288 2635 ἐὰν
3317 2580 3653 2653 διαμαρτύρῃ
3678 2580 3767 2642 ὅτι,

2203 2677 2240 2731 ἃ
2270 2677 2470 2740 λαλεῖς,
2512 2677 2686 2731 ταῦτα
2735 2677 3031 2742 πιστεύεις,
3073 2677 3447 2750 ἀποκρίνομαί
3486 2693 3585 2731 σοι.
3636 2677 3694 2728 Εἰ
3719 2674 3770 2728 δὲ

2204 2768 2441 2839 ἕστηκας
2472 2768 2716 2840 συζητῶν
2745 2770 2868 2840 ὲμοί
2901 2769 2937 2823 ἃ
2988 2770 3061 2840 μὴ
3106 2769 3413 2832 πιστεύεις,
3448 2767 3583 2821 κατὰ
3626 2762 3768 2818 κενοῦ

2207 2877 2275 2931 με
2308 2861 2486 2914 παίειν
2510 2860 2857 2929 ἀναγκάζεις.
2878 2862 2989 2916 Kal
3020 2863 3048 2914 6
3077 2863 3257 2933 Σίμων
3293 2862 3396 2934 ἔφη
3421 2880 3434 2893 ·
3468 2861 3621 2932 Παρά
3640 2874 3769 2921 τινος

2202 2950 2309 3001 τῶν
2330 2950 2438 3001 σῶν
2457 2950 2713 3021 μαθητῶν
2738 2950 3160 3022 ἀκήκοαῘταῦτα
3190 2952 3372 3009 οὕτως
3395 2949 3689 3023 ὁρισθῆναι]
3707 2950 3764 3002 ⁵⁸.

2204 3041 2361 3093 Καὶὸ
2384 3040 2588 3111 Πέτρος
2617 3040 2751 3111 ἔφη·
2782 3042 2873 3112 Μὴ
2914 3041 3372 3115 ψευδομαρτύρει.
3402 3043 3508 3095 Kal
3536 3044 3562 3094 6
3603 3042 3767 3111 Σίμων

2205 3129 2342 3199 ἔφη*
2381 3131 2472 3201 Μή
2510 3148 2575 3201 με
2608 3130 2851 3203 λοιδόρει,
2888 3134 3317 3203 προπετέστατε.
3354 3136 3464 3188 Kal
3498 3136 3526 3186 6
3559 3133 3763 3203 Πέτρος

2205 3220 2412 3291 Μέχρις
2430 3221 2498 3275 ἂν
2523 3222 2650 3294 εἴπῃ
2669 3222 2763 3275 τὸν
2779 3223 3022 3287 εἰπόντα,
3050 3224 3292 3298 ψεύστης
3315 3223 3384 3279 εἴ.
3405 3227 3512 3280 Kal
3533 3229 3559 3279 6
3580 3225 3762 3296 Σίμων’

2204 3310 2412 3381 Νόμιζε
2454 3310 2556 3383 ἐμὲ
2592 3310 2768 3366 ταῦτα
2809 3312 3067 3384 πλάσαιῆ
3112 3316 3206 3368 καὶ
3247 3316 3404 3388 παρὰ
3455 3316 3611 3371 ἄλλου
3640 3314 3766 3386 μεθ’

2204 3400 2532 3472 ἀκηκοέναι⁶
2581 3401 2717 3473 πρὸς
2764 3401 2938 3456 ταῦτά
2985 3420 3074 3474 μοι
3123 3404 3444 3478 ἀπόκριναι.
3505 3406 3628 3459 Ἐὰν
3670 3404 3766 3476 γὰρ

2204 3491 2587 3563 ἀνατραπῆναι
2617 3492 2690 3563 μὴ
2714 3491 2936 3563 δυνηθῇ,
2965 3492 3163 3563 ἔμαθον
3182 3496 3347 3550 τοῦτο
3364 3493 3505 3552 εἶναι
3540 3498 3635 3569 τὴν
3659 3496 3769 3566 ἀλήο

2199 3583 2367 3636 θειαν.
2414 3584 2523 3636 Kal
2559 3585 2588 3636 6
2622 3583 2853 3655 Πέτρος’
2895 3585 2958 3636 El
2993 3584 3333 3657 ἀνθρώπινόν
3376 3590 3494 3642 ἐστι
3540 3587 3764 3656 πλάσμα,

2197 3674 2297 3727 οὐκ
2362 3673 2727 3745 ἀποκρίνομαι
2792 3676 2873 3737 εἰς
2928 3674 3088 3726 αὐτό·
3138 3677 3188 3728 εί
3237 3677 3298 3730 δὲ
3348 3679 3572 3751 ὑπονοίᾳ
3618 3675 3765 3731 αὐτοῦ

2199 3763 2534 3836 κεκράτησαι
2567 3762 2642 3826 ὼς
2671 3763 2921 3834 ἀληθοῦς,
2947 3764 3106 3818 τοῦτο
3140 3767 3270 3820 αὑτό
3311 3786 3403 3839 μοι
3433 3768 3764 3840 ὁμολόγησον,

2198 3854 2293 3907 καὶ
2330 3854 2438 3924 ἔχω
2466 3870 2521 3905 τι
2548 3853 2641 3906 καὶ
2673 3854 2833 3917 αὐτὸς
2865 3854 2991 3924 περὶ
3019 3855 3209 3909 τούτου
3251 3859 3452 3929 λέγειν.
3501 3861 3609 3914 Kal
3637 3862 3663 3913 6
3690 3856 3767 3910 Σί-

2201 3963 2318 4018 μων
2340 3962 2353 3976 ·
2391 3944 2570 4010 Ἃπαξ
2601 3962 2690 4016 μοι
2712 3945 2857 3998 δοκεῖ
2884 3946 2926 3976 ⁶¹
2953 3946 3111 4000 τοῦτο
3142 3947 3318 4016 οὕτως
3350 3952 3516 4023 ἔχειν.
3544 3954 3616 4008 Σὺ
3644 3952 3766 4025 πρὸς

2215 4037 2391 4092 ταῦτα
2418 4039 2468 4092 εί
2502 4037 2647 4109 ἔχεις
2675 4054 2729 4089 τι
2752 4034 2951 4106 λέγειν,
2980 4039 3304 4110 ἀπόκριναι.

1795 4223 2031 4279 VARUE
2064 4220 2467 4278 LECTIONES.

594 4331 895 4400 "Reposui
941 4333 1034 4386 καί
1063 4348 1092 4387 a
1114 4333 1177 4387 Cl
1222 4343 1276 4387 et
1313 4333 1351 4388 S

524 4400 571 4433 ⁵⁸
586 4403 900 4473 ἀπορρήτου
924 4418 1035 4458 om.
1063 4406 1124 4458 Ο.
1203 4405 1248 4437 ⁸⁸
1270 4400 1639 4477 γὺὺξίταῧτα
1669 4406 1842 4470 οὕτως
1864 4400 2144 4478 ὁρισθῆναι

522 4471 653 4509 ⁸οης
687 4473 908 4509 adi-invi
935 4489 965 4509 ιδ
1027 4476 1067 4509 Π
1122 4473 1320 4509 Ποῖηιιο
1356 4475 1727 4509 timaram-pg--.
1756 4477 1817 4509 ΡΙ
1872 4487 1920 4509 οι
1950 4478 1986 4509 Q
2087 4479 2128 4509 οι

589 4488 655 4541 με
686 4473 910 4540 adjunxi
935 4489 985 4527 c.
1027 4476 1088 4526 Ο.
1118 4473 1320 4529 Deinde
1355 4473 1485 4528 ἀναῖτ
1527 4477 1731 4546 απῆσαι
1756 4477 1818 4531 Cl
1872 4473 1924 4531 et
1950 4478 2007 4530 S.
2045 4473 2056 4478 ’
2087 4479 2128 4509 ⁸⁸
2146 4473 2278 4531 Post
2310 4475 2457 4528 δοκεῖ
2494 4475 2548 4527 in
2578 4476 2618 4528 0
2667 4484 2750 4529 est
2779 4473 2923 4529 εἶναι
2975 4477 3265 4531 subnotatu

589 4541 693 4594 ttui
721 4542 928 4597 reddidi
954 4542 1148 4609 οὕτως,
1176 4544 1321 4615 quod
1355 4560 1444 4615 ap.
1489 4493 1527 4600 ἓ
1576 4548 1871 4603 exciderat.
1904 4546 2107 4602 Deinde
2132 4550 2182 4601 ει
2221 4546 2365 4617 ἔχεις
2393 4546 2434 4599 Ο
2464 4582 2479 4608 ,
2509 4543 2641 4618 ἔχῃς
2668 4544 2711 4599 C
2739 4585 2755 4612 ,
2781 4546 2832 4599 εί
2868 4545 2999 4620 ἔχῃς
3038 4548 3183 4618 conj.
3214 4546 3272 4602 S.

524 4541 693 4595 lextui
721 4542 928 4597 reddidi
954 4542 1148 4609 οὕτως,
1176 4544 1321 4615 quod
1355 4560 1444 4615 ap.

1414 4336 1860 4409 praetermissum.
1930 4339 1977 4371 “
1996 4338 2062 4409 δή
2106 4336 2169 4409 S._
2213 4338 2280 4409 ‘57
2315 4337 2391 4389 Ita
2442 4337 2484 4409 _0
2545 4342 2697 4409 et_ex_
2722 4336 2949 4409 conject.
2985 4334 3026 4390 C
3057 4376 3072 4401 ,
3105 4336 3157 4389 in
3198 4336 3310 4409 cuj.
3350 4347 3501 4409 textu
3532 4337 3764 4409 ἐκείνων.

2213 4406 2417 4460 lacuna:
2448 4404 2723 4473 inscripsi,
2759 4421 2881 4475 quae
2920 4407 2974 4460 in
3006 4422 3107 4461 ms.
3151 4404 3330 4461 Otto’b.
3365 4408 3419 4461 lt.
3448 4410 3483 4462 Ι.
3516 4408 3768 4465 occurrit.

2193 4486 2278 4530 ost
2310 4475 2457 4528 δοκεῖ
2494 4475 2548 4527 in
2578 4470 2631 4528 0⁷
2667 4484 2750 4529 est
2777 4470 2923 4529 εἶναι
2975 4477 3349 4531 subnotatutu.
3396 4479 3536 4534 Cum
3584 4477 3765 4533 eodem

1814 4681 2178 4739 VARIORUM
2217 4676 2447 4734 NOTAE.

591 4772 704 4842 (56)
745 4774 953 4845 Ὅστις
998 4774 1145 4845 κατὰ
1193 4775 1459 4845 ἀριθμὸν,
1496 4792 1549 4829 κ.
1592 4792 1641 4828 τ.
1672 4772 1721 4828 λ.
1761 4775 1884 4829 Pari
1930 4778 2092 4831 modo
2123 4780 2166 4835 ι)
2197 4770 2653 4845 libellusgtitulttm
2685 4769 2847 4845 habet
2876 4770 2928 4845 in
2957 4770 3158 4845 Codice
3195 4790 3315 4829 meo
3343 4792 3449 4831 ms.
3497 4777 3571 4832 De
3614 4771 3769 4845 signi—

519 4844 772 4899 Clemens
788 4843 1209 4916 Alexandrinus,
1238 4843 1460 4916 Strom._,
1486 4860 1532 4908 ι,
1560 4862 1611 4914 p.
1635 4845 1758 4909 558,
1778 4846 2089 4916 linguarum

519 4913 998 4986 numerumrefert
1021 4915 1087 4967 ad
1122 4931 1408 4968 numerum
1440 4913 1806 4986 Israelitarum
1845 4913 1939 4986 qui
1984 4932 2091 4971 una

518 5000 641 5039 cum
682 4982 888 5057 dacobo
916 4992 1067 5052 patre
1097 4986 1475 5057 suo‘ingressi
1506 4996 1635 5057 sunt
1661 4986 1713 5039 in
1748 4982 2039 5057 JEgj'ptum
2075 5005 2088 5040 :

518 5070 644 5110 cum
680 5054 725 5108 is
767 5069 1029 5107 numerus
1059 5055 1127 5106 ab
1166 5054 1287 5108 aliis
1313 5054 1493 5125 'vulgo
1527 5056 1701 5109 soleat
1736 5054 1980 5125 adapt’ari
2022 5058 2091 5110 ad

516 5138 1039 5195 eorum_nu_merum,
1061 5125 1151 5195 qui
1181 5125 1371 5178 turrim
1404 5124 1780 5195 Babylonicum
1804 5124 2091 5181 exstruxe-

515 5202 664 5249 runt.
698 5193 767 5246 At
794 5192 1094 5261 Procopius
1117 5194 1365 5257 Canus,
1397 5196 1449 5249 in
1483 5192 1788 5257 Deuterou.,
1828 5212 2005 5257 χχιιι,
2029 5195 2084 5257 8,

516 5274 747 5333 utraque
773 5263 1077 5333 conjungit,
1103 5264 1558 5333 quemadmodum
1596 5264 1703 5319 hic.
1734 5264 1867 5319 Vide
1905 5265 2081 5320 Nilum

516 5334 611 5389 lib.
650 5350 736 5397 ιιι,
765 5333 927 5402 epist.
964 5334 1065 5386 H6
1102 5351 1115 5386 :
1152 5350 1255 5387 Lxx
1286 5335 1378 5403 (al.
1410 5334 1498 5401 72)
1555 5335 1655 5387 viri
1691 5337 1918 5389 seniores
1943 5378 1957 5400 ,
1986 5353 2072 5387 su-

514 5421 606 5475 per
632 5420 759 5473 quos
789 5404 975 5457 cecidit
999 5404 1214 5475 spiritus
1244 5404 1360 5467 Dei,
1395 5420 1496 5457 ιη
1534 5405 1626 5467 (al.
1667 5405 1754 5475 7‘2)
1806 5407 2082 5458 nationum

515 5472 725 5545 ﬂagitas
757 5475 817 5545 in
840 5474 936 5526 hoc
965 5474 1156 5526 mundo
1185 5476 1410 5542 (ii/fusas
1448 5472 1765 5545 ostendunt;
1794 5491 1859 5529 ea:
1892 5475 2080 5545 quibus

516 5544 669 5615 inuiti
696 5544 983 5615 credentes,
1016 5546 1240 5615 gratiam
1276 5546 1446 5598 sancti
1477 5544 1708 5615 Spiritus
1748 5557 2076 5615 acceperunt.

516 5612 708 5667 lsidori
745 5614 908 5669 verba
954 5612 1027 5669 in
1058 5614 1344 5687 Allegoriis
1394 5612 1561 5672 sacra:
1613 5612 1924 5687 Scriptura.
1972 5616 2075 5682 Qui

2192 4841 2535 4914 ﬁcationibus
2569 4838 2769 4893 Veteris
2795 4852 2850 4914 et
2871 4840 3010 4914 Novi
3043 4842 3383 4898 Testamenti.
3418 4846 3557 4902 Cor.

2263 4913 2375 4983 (57)
2410 4909 2709 4984 I‘jcbo'aac
2731 4910 2874 4984 conj.
2900 4911 2989 4984 C.,
3011 4915 3155 4982 quod
3193 4926 3335 4970 recte
3370 4916 3644 4984 improbat
3666 4915 3763 4970 Da-

2188 4980 2381 5038 visius.
2439 4980 2639 5035 Gentes
2685 4980 2864 5049 enim,
2912 4983 2990 5035 ait
3028 4980 3124 5036 'vir
3157 4980 3550 5049 doctissimus,
3601 4987 3764 5041 fuisse

2188 5052 2567 5122 septuaginta,
2617 5048 2950 5119 totidemque
3006 5054 3248 5121 linguas,
3289 5048 3608 5111 communis
3651 5064 3763 5111 erat

2188 5122 2538 5177 Hebrmorum
2597 5120 2888 5174 sententia.
2941 5120 3015 5175 De
3061 5125 3404 5181 septuaginta
3454 5127 3760 5181 nationibus

2189 5139 2538 5177 hebraearum
2597 5139 2888 5174 sententia.
2941 5139 3015 5175 ue
3061 5139 3404 5193 septuaginta
3454 5139 3756 5181 nationibus

2189 5191 2461 5266 conferas,
2492 5203 2615 5266 quae
2644 5187 2946 5266 Cotelerius
2972 5193 3250 5266 adnotavit
3273 5194 3360 5266 ad
3398 5194 3657 5266 Recoynq
3700 5213 3756 5259 tt,

2192 5263 2291 5337 4?:
2331 5257 2599 5337 Gieseler,_
2640 5257 2967 5337 Entstehung
2986 5262 3103 5337 iter
3144 5262 3381 5337 scbriftl;
3439 5257 3668 5337 living;
3698 5257 3758 5337 7p.

2194 5332 2331 5396 128;
2374 5328 3296 5407 Scltneckenburger,‘_l_1eb_erden
3336 5328 3619 5407 Ursprunﬁ
3648 5328 3757 5407 de:

2187 5412 2359 5456 ersten
2379 5399 2590 5472 knnmt._
2631 5396 2834 5472 Evgng)
2865 5414 2918 5467 p.
2954 5401 3038 5454 15.
3083 5401 3204 5472 Egit
3238 5396 3504 5472 praeterea
3539 5396 3611 5460 de
3645 5406 3759 5459 loco

2188 5480 2377 5541 nostro
2410 5467 2678 5541 Neauder,
2707 5466 2891 5522 Gnost’.
2927 5480 3087 5539 syst.,
3117 5466 3168 5541 p.
3200 5466 3323 5526 578.
3354 5470 3415 5525 S.
3447 5468 3710 5527 Dnssssn

2258 5540 2388 5624 ('58)-
2413 5540 2541 5617 Οὐαί
2561 5535 2725 5617 οἱδιξς
2752 5535 3213 5624 ὅτιΜΥίὸς-ἑσὲέν,
3236 5541 3447 5624 Πατὴρ
3480 5543 3748 5624 ῥξτάρχιιίν

2185 5607 2291 5669 τοῦ
2343 5607 2544 5677 Ἰησοῦ
2602 5607 2706 5661 τοῦ
2753 5610 2878 5663 καθ’
2917 5610 3069 5679 ὑμᾶς
3116 5607 3448 5682 λεγομένου
3482 5607 3751 5683 Χρκῆοῡ.
