4022 6336
265 242 365 295 4011

1301 240 1759 296 CLEMENTINA.
1790 268 1860 280 —-
1900 241 2180 298 HOMILIA
2216 243 2402 299 XVIII.

3384 249 3490 304 ΗΟ

322 360 405 415 Vl.
447 361 559 413 Καὶ
589 359 619 413 6
651 360 852 429 Πέτρος
879 359 979 429 ἔφη
1003 377 1015 389 ·
1045 360 1105 412 Εί
1137 359 1295 412 τοῦτο
1317 360 1490 424 οὔτως
1515 360 1627 430 ἔχει
1660 361 1725 423 ⁸³,
1750 358 1806 411 τὰ

1996 358 2080 415 Vl.
2123 360 2186 415 Et
2208 360 2404 417 Petrus
2432 364 2509 418 ait
2537 381 2550 418 :
2585 362 2641 417 Si
2670 364 2775 419 hoc
2809 364 2882 417 ita
2916 362 3101 430 habet,
3130 362 3367 418 maxime
3391 366 3464 418 im

256 454 479 527 μέγιστα
510 451 750 514 ἀσεϐεῖς.
782 453 844 504 Εἰ
875 452 984 523 γὰρ
1016 451 1146 505 Υἱοῦ
1174 453 1307 517 ἐστὶ,
1340 453 1434 505 τοῦ
1460 453 1684 524 οὐρανὸν
1725 453 1819 505 καὶ

251 546 346 614 γῖιν
370 544 852 614 διακοσμήσαντος,
886 542 947 596 τὸ
976 537 1021 610 ᾧ
1054 542 1300 613 βούλεται
1330 542 1732 597 ἀποκαλύπτειν
1773 542 1819 573 ⁸³

249 644 331 689 τὸν
363 637 421 689 ὲν
464 636 797 707 ἀπορρήτοις
842 635 1006 689 αὐτοῦ
1056 635 1294 707 Πατέρα,
1342 635 1406 688 σὺ
1460 634 1708 705 μέγιστα,
1742 633 1820 698 ὡς

251 727 630 798 ἐφην,ἀσε6εῖς
657 725 1049 781 ἀποκαλύπτων
1071 724 1154 791 οἷς
1184 728 1392 790 ἐκεῖνος
1421 727 1521 780 οὐκ
1551 726 1821 780 ἀπεκάλυ-

246 819 358 889 ψεν.
393 820 507 873 Καὶ
531 820 559 871 6
582 818 790 889 Σίμων’
830 817 988 871 Ἀλλά
1028 818 1189 881 αὐτός
1223 834 1289 888 με
1332 817 1577 889 βούλεται
1611 819 1819 871 ἀποκα-

245 909 481 963 λύπτειν.
502 907 870 980 Καὶὸῐῐέτρος
893 924 907 939 ο
932 907 1006 961 Ού
1026 909 1165 969 νοεῖς
1196 906 1410 976 ἀλέγω,
1434 907 1633 976 Σίμων.
1670 905 1815 977 Πλὴν

242 1002 404 1073 358
428 1001 668 1065 ἀκούσας
695 1001 868 1064 σύνες.
903 998 993 1069 Τῷ
1018 1000 1063 1032 ⁸⁵
1088 1002 1289 1053 εἰπεῖν’
1337 1000 1436 1065 Οἷς
1473 998 1550 1053 ἂν
1584 1000 1815 1066 βούλη-

243 1111 327 1147 ται
351 1094 398 1124 ⁸⁵
436 1097 469 1151 ό
516 1092 648 1158 Υἱὸς
677 1093 1067 1160 ἀποκαλύψει,
1092 1092 1155 1144 ού
1202 1090 1519 1161 διδασκαλίᾳ
1553 1088 1676 1142 τινὰ
1714 1105 1820 1142 τοι-

241 1186 392 1238 οὖτον
428 1184 621 1255 μαθεῖν
645 1184 810 1252 λέγει,
867 1183 1000 1236 ἀλλά
1039 1181 1377 1253 ἀποκαλύψει
1430 1181 1606 1253 μόνον.
1656 1180 1815 1233 Ἀπο-

240 1274 467 1343 κάλυψίς
530 1276 645 1327 ἐστι
700 1273 762 1326 τὺ
818 1275 874 1327 ὲν
942 1274 1143 1336 πάσαις
1204 1272 1455 1344 καρδίαις
1517 1271 1817 1342 ἀνθρώπιον

238 1368 564 1438 ἀπορρήτως
630 1366 879 1435 κείμενον
940 1364 1351 1434 κεκαλυμμένον
1376 1403 1391 1426 ,
1441 1363 1570 1417 ἀνευ
1633 1362 1817 1432 φωνῆς

238 1461 295 1527 τῇ
328 1456 504 1509 αὑτοῦ
540 1456 699 1527 βουλῇ
728 1457 773 1489 ⁸⁸
812 1454 1343 1524 ἀποκαλυπτόμενον.
1391 1456 1500 1509 Καὶ
1532 1453 1705 1518 οὕτως
1729 1454 1816 1523 γί-

239 1567 378 1602 νεται
407 1549 632 1618 γνῶναι,
659 1550 720 1602 οὐ
745 1547 1078 1618 διδαχθέντα,
1103 1547 1238 1601 ἀλλά
1284 1547 1530 1601 συνέντα.
1558 1546 1649 1617 Τῷ
1684 1546 1814 1618 μέν·

240 1658 309 1693 τοι
356 1639 594 1694 συνιέντι
637 1640 680 1671 ⁸⁷
723 1640 822 1693 οὐκ
868 1638 1092 1703 ἔξεστιν,
1127 1638 1271 1709 ἄλλῳ
1313 1637 1471 1692 τοῦτο
1513 1638 1813 1705 ἀποδεῖξαι,

1920 451 2044 520 pius
2071 468 2152 508 cs.
2185 452 2319 507 Nam
2353 455 2398 510 si
2428 454 2495 508 ad
2524 453 2725 508 Filium
2748 496 2762 521 ,
2791 454 2912 509 coeli
2969 464 3023 509 et
3074 463 3233 509 terrae
3282 456 3487 512 conslia

1920 553 2178 608 tutorem,
2217 553 2424 613 spectat
2474 544 2735 610 revelare,
2770 545 2857 599 cu.‘
2893 546 3029 608 vult,
3064 546 3237 615 ipsius
3266 543 3483 601 Patrem

1920 636 1974 689 in
2007 636 2340 691 absconditis
2389 638 2649 703 positum,
2681 648 2760 703 tu,
2798 638 2940 692 sicut
2981 639 3115 705 dixi,
3160 640 3396 694 maxime
3424 656 3485 695 cs

1920 728 2141 796 impius,
2171 728 2263 796 qui
2298 729 2504 782 revelas
2534 729 2730 798 quibus
2761 728 2849 782 ille
2897 744 3241 800 nequaquam
3273 732 3484 786 revela-

1918 820 2013 873 rit.
2048 819 2127 874 Ac
2177 819 2362 873 Simon
2402 836 2416 873 :
2460 818 2565 874 Sed
2607 820 2694 874 ille
2736 820 2852 873 vult
2894 828 2955 873 ut
3002 823 3254 875 revelem.
3305 823 3483 892 Atque

1917 907 2110 964 Petrus
2148 928 2161 964 :
2201 908 2319 963 Non
2366 910 2639 981 intelligis,
2697 912 2904 981 Simon,
2957 930 3080 984 quae
3120 914 3228 967 aio.
3286 912 3479 967 Verum

1918 1002 2067 1065 audi,
2096 1011 2151 1057 et
2178 1003 2431 1075 intellige.
2463 1005 2693 1071 Quando
2731 1007 2859 1062 dicit
2886 1025 2899 1062 :
2934 1006 3134 1072 Quibus
3168 1007 3277 1060 vult
3309 1005 3482 1061 Filius

1919 1094 2185 1159 reuelabit,
2216 1110 2282 1150 eo
2317 1096 2610 1167 signiﬁcat,
2640 1098 2789 1152 illum
2824 1098 3097 1152 hominem
3131 1114 3239 1152 non
3273 1098 3483 1153 discere

1918 1199 2013 1252 per
2040 1184 2366 1251 doctrinam,
2415 1188 2508 1242 sed
2560 1204 2658 1257 per
2707 1190 2880 1245 solam
2931 1190 3334 1245 revelationem.
3388 1188 3482 1243 Est

1918 1282 2096 1328 autem
2129 1276 2422 1343 revelatio,
2454 1293 2601 1344 cum,
2632 1279 2775 1349 quod
2813 1281 2863 1332 in
2895 1278 3149 1334 omnibus
3198 1279 3480 1333 hominum

1917 1367 2175 1423 cordibus
2204 1383 2403 1422 arcane
2427 1369 2660 1424 velatum
2696 1372 2928 1440 positum
2978 1379 3082 1436 est,
3114 1371 3320 1440 absque
3347 1386 3479 1425 voce

1918 1476 2014 1530 per
2049 1460 2192 1516 illius
2224 1462 2553 1517 voluntatem
2586 1467 2872 1519 reveletur.
2908 1463 3105 1534 Sicque
3148 1480 3478 1535 cognoscere

1918 1546 2115 1601 accidit
2145 1563 2252 1603 non
2283 1549 2539 1604 discendo
2585 1553 2676 1606 sed
2725 1553 3090 1623 intelligendo.
3124 1553 3287 1622 Atqui
3317 1554 3479 1607 intel-

1919 1638 2104 1710 ligenti
2147 1656 2255 1694 non
2288 1642 2434 1707 licet,
2462 1643 2615 1697 alteri
2664 1644 2767 1699 hoc
2800 1646 3103 1711 ostendere,
3137 1645 3480 1714 quandoqui-

239 1733 349 1785 ἐπεὶ
380 1732 505 1804 μηδ’
539 1732 701 1795 αὐτὸς
740 1730 1009 1802 ἐδιδάχθη,
1036 1729 1159 1783 οὔτε
1195 1703 1541 1799 ἀποκαλύψαι
1567 1703 1806 1792 δύναται,

1917 1732 2036 1787 dem
2066 1748 2167 1788 nec
2195 1734 2308 1802 ipse
2336 1736 2562 1791 edoctus
2590 1745 2696 1802 est,
2737 1753 2921 1791 verum
2963 1738 3123 1792 etiam
3157 1754 3262 1790 non
3303 1745 3479 1807 potest

239 1824 350 1875 ἐπεὶ
382 1824 457 1893 μὴ
496 1823 659 1885 αὐτός
693 1824 840 1874 ἐστιν
872 1823 900 1875 6
934 1822 1081 1884 Υἱὸς,
1107 1822 1264 1885 ἐκτὸς
1294 1823 1341 1874 εἰ
1388 1822 1461 1894 μὴ
1502 1823 1694 1876 ἑαυτὸν
1721 1823 1809 1876 λέ-

238 1934 311 1985 γει
336 1915 479 1971 εἶναι
500 1917 593 1971 τὸν
625 1917 770 1970 Υίόν.
805 1918 876 1971 Σὺ
899 1916 955 1969 δὲ
986 1917 1086 1969 οὐκ
1111 1912 1161 1969 εἷ
1182 1918 1211 1969 6
1235 1914 1405 1979 ἑστὼς
1438 1916 1582 1980 Υἱός.
1612 1918 1674 1970 El
1701 1917 1810 1990 γάρ

241 2010 357 2074 Υἱὸς
387 2006 478 2081 ἦς,
509 2009 727 2072 πάντως
750 2008 815 2061 ἂν
858 2008 992 2079 ῇδης
1018 2008 1063 2039 ⁸⁸
1100 2007 1201 2078 τῆς
1239 2006 1494 2078 τοιαύτης
1534 2008 1809 2063 ἀποκαλύ-

238 2100 374 2168 ψεως
397 2101 528 2163 τοὺς
553 2098 753 2163 ἀξίους.
782 2100 854 2152 Σὺ
884 2099 941 2153 δὲ
972 2098 1072 2152 οὐκ
1102 2094 1267 2163 οἶδας.
1295 2100 1357 2152 El
1388 2098 1497 2171 γὰρ
1522 2100 1806 2169 ἠπίστασο,

236 2194 294 2247 τὰ
320 2192 435 2246 τῶν
470 2191 844 2262 ἐπισταμένων
876 2190 942 2244 ἂν
967 2190 1169 2254 ἐποίεις
1193 2191 1256 2245 ⁸⁸.

299 2284 411 2339 VII.
468 2286 581 2337 Kal.
624 2286 653 2337 6
705 2283 885 2353 Σίμων
933 2281 1037 2351 ἔφη
1068 2298 1083 2313 °
1130 2281 1440 2352 Ὀμολογῶ,
1488 2283 1551 2337 ού
1602 2285 1808 2357 συνῆκα

238 2375 343 2437 πῶς
368 2374 550 2441 λέγεις
570 2411 585 2434 ,
603 2372 675 2425 τὰ
702 2368 819 2424 τῶν
832 2368 1243 2438 ἐπισταμένων
1273 2370 1348 2424 ἂν
1374 2370 1594 2437 ἐποίεις
1607 2374 1671 2424 ⁷⁸.
1698 2375 1808 2429 Καὶ

236 2467 497 2537 ὁΙΙέτροςο
526 2467 589 2519 Εἰ
608 2464 669 2516 οὑ
702 2464 939 2533 συνῆκας
957 2502 972 2525 ,
1006 2462 1126 2515 οὐδὲ
1148 2462 1238 2515 τὸν
1263 2463 1492 2516 ἑκάστου
1516 2464 1642 2518 νοῦν
1673 2466 1808 2521 εἰδέ-

234 2578 311 2613 ναι
332 2559 488 2633 δύνῃ,
515 2560 611 2612 καὶ
639 2560 688 2611 εί
720 2558 930 2626 ἀγνοεῖς
955 2556 1020 2619 τί,
1052 2556 1171 2609 οὐδὲ
1195 2557 1321 2619 τοὺς
1349 2555 1531 2620 ἀξίους
1550 2557 1652 2628 τῆς
1674 2560 1807 2613 ἀπο-

235 2652 511 2720 καλύψειικ
543 2650 853 2713 ἐπίστασαι,
894 2649 994 2701 οὐκ
1040 2643 1089 2700 εἶ
1122 2648 1275 2709 Υἱόςο
1312 2650 1340 2701 6
1383 2648 1439 2701 δὲ
1482 2649 1609 2712 Υίὸς
1644 2646 1800 2705 οἶδεν·

232 2744 319 2806 διὸ,
357 2740 440 2807 οἷς
476 2742 745 2812 βούλεται,
773 2741 847 2804 ὡς
871 2740 1041 2804 ἀξίοις
1065 2734 1236 2803 οὖσιν,
1278 2739 1670 2794 ἀποκαλύπτει.
1696 2743 1805 2797 Καὶ

232 2835 455 2903 ὀΣὶμων
482 2833 588 2902 ἔφη
608 2850 621 2862 ·
651 2833 742 2903 Μὴ
783 2830 997 2895 ἀπαιτῶ,
1024 2828 1140 2883 οἶδα
1172 2831 1298 2893 τοὺς
1328 2830 1530 2897 ἀξίους,
1558 2832 1651 2885 καὶ
1678 2832 1805 2897 Υἱὸς

233 2926 317 2979 οὐκ
351 2925 498 2994 εἰμί.
525 2921 695 2976 Τοῦτο
728 2921 926 2991 μέντοι,
951 2920 1004 2974 τί
1044 2921 1158 2973 ποτ’
1203 2919 1367 2984 ἔστιν,
1394 2920 1482 2986 οἷς
1516 2922 1804 2985 βούλεται

1912 1825 2173 1891 revelare,
2205 1827 2330 1896 quia
2364 1828 2479 1896 ipse
2515 1844 2621 1882 non
2651 1840 2732 1884 est
2764 1829 2953 1896 Filius,
2984 1830 3087 1884 nisi
3137 1830 3182 1883 si
3232 1845 3291 1884 se
3334 1829 3479 1883 dicat

1907 1932 2028 1972 esse
2072 1916 2289 1972 Filium.
2325 1916 2404 1972 Tu
2447 1931 2626 1974 autem
2667 1936 2773 1973 non
2819 1937 2879 1976 es
2925 1932 3076 1975 stans
3112 1919 3298 1974 Filius.
3340 1916 3475 1972 Nam

1907 2010 1952 2067 si
1980 2010 2151 2067 Filius
2171 2012 2340 2078 esses,
2366 2015 2590 2068 omnino
2620 2030 2977 2084 cognosceres
3024 2016 3127 2069 hac
3163 2014 3356 2083 dignos
3386 2030 3476 2069 re-

1906 2104 2194 2158 velatione.
2219 2103 2299 2157 Tu
2333 2120 2462 2159 vero
2499 2106 2738 2176 ignoras.
2776 2105 2833 2160 Si
2867 2108 3011 2162 enim
3053 2107 3222 2162 scires
3272 2105 3477 2161 laceres

1905 2210 2027 2267 quae
2069 2194 2276 2251 faciunt
2322 2198 2415 2267 qui
2442 2198 2642 2253 sciunt.

1977 2286 2088 2344 Vll.
2131 2288 2276 2344 Dixit
2326 2289 2514 2345 Simon
2567 2307 2582 2345 :
2642 2290 2857 2353 Fateor.
2906 2307 3015 2346 nou
3063 2292 3307 2362 intelligo
3363 2307 3476 2362 quo

1908 2380 2070 2434 modo
2084 2380 2254 2445 dicas,
2268 2381 2465 2450 faceres
2490 2397 2606 2451 qua
2629 2382 2830 2451 faciunt
2850 2385 2938 2453 qui
2960 2386 3153 2437 sciunt.
3168 2382 3232 2437 Et
3250 2384 3436 2437 Petrus
3456 2403 3469 2438 :

1907 2469 1962 2525 Si
1995 2487 2101 2526 non
2132 2472 2461 2537 intellexisti,
2490 2473 2653 2528 etiam
2685 2489 2794 2528 non
2842 2484 2993 2543 potes
3044 2474 3474 2545 uniuscujusque

1905 2563 2046 2619 scire
2077 2572 2309 2618 mentem
2340 2582 2354 2619 :
2388 2564 2507 2620 etsi
2533 2565 2774 2634 ignoras,
2798 2566 2962 2620 etiam
2993 2581 3098 2621 non
3126 2566 3473 2620 revelationis

1903 2658 2097 2729 dignos
2119 2660 2438 2730 cognoscis;
2463 2674 2529 2714 ac
2549 2660 2594 2715 si
2619 2674 2728 2714 non
2753 2659 3030 2726 cognocis,
3054 2675 3162 2712 nou
3187 2673 3247 2713 es
3276 2658 3468 2711 Filius.

1903 2748 2075 2805 Filius
2096 2760 2274 2804 autem
2302 2751 2489 2804 novit:
2517 2765 2687 2819 quare
2710 2749 2908 2819 quibus
2936 2749 3071 2811 vult,
3090 2756 3346 2817 tanquam
3374 2750 3468 2818 qui

1902 2840 2049 2911 digni
2082 2840 2213 2907 sint,
2253 2843 2476 2898 revelat.
2511 2840 2577 2895 Et
2626 2840 2815 2895 Simon
2845 2841 3018 2896 dixit:
3050 2841 3123 2893 Ne
3156 2840 3467 2908 decipiaris,

1904 2934 2029 2988 novi
2065 2934 2278 3004 dignos,
2304 2949 2404 2987 nec
2448 2932 2616 2987 Filius
2647 2949 2791 2988 sum.
2831 2931 3004 2986 Porro
3045 2932 3175 3003 quid
3223 2932 3326 2986 hoc
3374 2934 3468 3000 sit,

232 3015 657 3076 ἀποκαλύπτει,
691 3014 751 3066 ού
790 3012 996 3084 συνῆκα
1027 3012 1103 3075 ὡς
1142 3011 1319 3079 λέγεις
1342 3029 1355 3042 ·
1391 3012 1452 3065 τὸ
1483 3012 1540 3065 δὲ
1571 3013 1644 3084 μὴ
1680 3032 1801 3068 συν-

1906 3023 2091 3096 quibus
2142 3024 2252 3077 vult
2304 3023 2516 3086 revelat,
2566 3040 2675 3078 non
2724 3024 2960 3078 intellexi
3011 3024 3467 3093 quemadmodum

234 3110 364 3163 ιὲναι
411 3110 511 3179 οὐχ
556 3109 632 3172 ὡς
678 3109 752 3179 μὴ
794 3106 948 3171 εἰδὼς
993 3103 1167 3171 εἶπον,
1200 3106 1314 3160 ἀλλ’
1353 3107 1430 3171 ὡς
1454 3108 1608 3172 είδὼς
1637 3109 1803 3181 359

230 3202 299 3254 ᾶτι
352 3202 404 3254 οί
468 3199 815 3271 παρεστῶτες
850 3198 911 3252 οὐ
975 3198 1240 3268 συνῆκαν,
1303 3199 1391 3251 ῖνα
1444 3200 1576 3253 αὐτὸ
1639 3201 1804 3270 σαφέ-

232 3310 414 3364 στερον
488 3293 650 3361 εἴπῃς
678 3332 693 3355 ,
770 3292 917 3353 ὃπως
976 3292 1239 3361 νοήσωσιν
1316 3284 1391 3343 ὧν
1452 3290 1635 3345 ἕνεκεν
1708 3292 1802 3346 καὶ

230 3381 318 3451 τὴν
352 3378 579 3450 ζήτησιν
612 3378 927 3449 ποιούμεθα.
976 3380 1085 3431 Kal.
1135 3381 1164 3433 6
1213 3380 1455 3451 Πέτρος⁸
1511 3380 1650 3450 Ἐγὼ
1708 3399 1802 3436 σα-

228 3473 484 3543 φέστερον
512 3471 642 3524 αὐτὸ
670 3474 842 3524 εἰπεῖν
884 3471 945 3524 οὐ
977 3470 1229 3542 δύναμαι,
1267 3473 1331 3526 σὺ
1371 3474 1534 3537 αὐτὸς
1560 3475 1636 3538 ὡς
1679 3477 1802 3546 νοή-

228 3580 315 3628 σας
354 3565 558 3635 φράσον
606 3564 714 3616 Καὶ
740 3566 767 3616 6
791 3562 969 3633 Σίμων
989 3580 1002 3593 ’
1052 3561 1192 3631 Ἐγὼ
1221 3562 1291 3616 τά
1316 3562 1385 3616 σά
1416 3564 1516 3617 οὐκ
1557 3564 1799 3634 ἀνάγκην

225 3656 323 3726 ἔχω
362 3656 557 3724 λέγειν.
586 3656 694 3707 Καὶ
736 3656 765 3707 6
816 3654 1051 3724 Πέτρος·
1099 3653 1266 3725 Φαίνῃ
1318 3671 1407 3724 μοι
1434 3694 1450 3717 ,
1483 3653 1686 3722 Σίμων,
1724 3654 1797 3726 μὴ

226 3748 427 3811 συνιεὶς
465 3748 614 3809 αὐτὸ,
660 3746 752 3799 καὶ
798 3746 1076 3815 ὁμολογεῖν
1116 3746 1189 3816 μὴ
1240 3744 1439 3809 θέλων,
1484 3746 1572 3799 ἵνα
1620 3746 1693 3817 μὴ
1737 3746 1797 3800 ὲν

223 3838 415 3910 ἀγνοίᾳ
442 3838 716 3909 φωραθεὶς
743 3838 788 3868 τ’
822 3836 1081 3907 ἐλεγχθῇς
1107 3837 1179 3907 μὴ
1202 3834 1275 3888 ὢν
1303 3836 1366 3889 σὺ
1391 3838 1420 3890 6
1456 3834 1625 3901 ἑστὼς
1648 3836 1792 3901 Υἱός.

224 3932 395 3985 Τοῦτο
422 3931 531 4002 γὰρ
563 3931 800 4000 αἰνίσσῃ,
847 3928 948 3982 κᾶν
983 3927 1166 3997 σαφῶς
1205 3927 1336 3982 αὐτὸ
1366 3929 1540 3983 εἰπεῖν
1594 3929 1666 4000 μὴ
1710 3928 1796 3983 θέ-

224 4020 309 4095 λῃς
340 4040 360 4053 σ
390 4021 530 4074 ῶστε
575 4019 685 4089 ἐγὼ
721 4021 818 4089 μὲν
855 4018 955 4082 τάς
989 4019 1087 4083 σὰς
1126 4020 1319 4090 βουλὰς
1360 4020 1419 4087 ἐξ
1460 4013 1534 4075 ὧν
1579 4021 1794 4094 αἱνίσσῃ

226 4114 535 4182 ἐπίσταμαι,
569 4112 845 4181 προφήτου
876 4110 1107 4181 ἀληθοῦς
1151 4111 1396 4182 μαθητὴς
1438 4111 1533 4174 ὢν,
1560 4113 1621 4166 οὐ
1662 4130 1795 4183 προ-

226 4204 412 4271 φήτης.
441 4202 513 4253 Σὺ
545 4200 601 4252 δὲ
623 4202 719 4254 καὶ
745 4202 813 4254 τὰ
837 4201 1022 4271 σαφῶς
1045 4200 1311 4272 λεγόμενα
1340 4202 1413 4272 μὴ
1442 4202 1637 4256 συνιὼν
1663 4204 1791 4257 Υἱὺν

226 4292 408 4345 ἑαυτὸν
432 4294 609 4345 εἰπεῖν
630 4290 821 4354 θέλεις,
850 4290 1112 4344 ἀνθιστῶν
1135 4291 1182 4322 ⁷³
1209 4294 1360 4361 ἡμῖν.
1388 4292 1498 4345 Καὶ
1522 4294 1551 4345 6
1575 4293 1756 4362 Σίμων
1772 4309 1787 4323 ⁶

1905 3117 2099 3171 dicas:
2140 3132 2249 3169 non
2293 3115 2591 3187 intelligere
2633 3125 2813 3170 autem
2859 3116 2995 3178 dixi,
3041 3131 3147 3169 non
3206 3125 3467 3184 tanquam

1904 3208 2018 3278 ipse
2046 3208 2317 3274 nesciens,
2347 3209 2440 3264 sed
2471 3208 2619 3263 velut
2659 3209 2840 3263 sciens
2881 3207 3026 3277 quod
3071 3215 3310 3262 astantes
3358 3223 3465 3261 nou

1903 3296 2288 3362 intellexerint,
2336 3305 2397 3352 ut
2444 3297 2579 3352 illud
2627 3298 2832 3352 clarius
2884 3297 3107 3362 efferas,
3138 3312 3247 3367 quo
3292 3297 3468 3366 perclo

1901 3387 2072 3457 piant,
2105 3387 2307 3456 quibus
2332 3385 2399 3440 de
2427 3386 2609 3441 causis
2639 3403 2738 3441 nos
2779 3384 3211 3440 controversiam
3263 3384 3466 3437 habea-

1900 3492 2042 3531 mus.
2069 3476 2132 3531 Et
2154 3475 2348 3532 Petrus
2374 3494 2388 3532 :
2417 3475 2531 3546 Ego
2565 3477 2765 3531 clarius
2793 3476 2895 3530 hoc
2928 3490 3138 3545 nequeo
3157 3475 3357 3539 dicere,
3381 3484 3462 3539 tu,

1900 3576 1959 3621 ut
1981 3567 2221 3637 quiillud
2246 3568 2574 3637 perceperis,
2590 3566 2772 3621 eﬂ‘are.
2800 3568 2864 3622 Et
2888 3564 3076 3621 Simon
3102 3565 3350 3637 :Egotua
3378 3566 3463 3620 di-

1898 3676 2022 3717 cere
2052 3676 2273 3716 necesse
2316 3676 2425 3715 non
2456 3660 2649 3714 habeo.
2682 3658 2876 3714 Petrus
2902 3678 2915 3714 :
2951 3657 3162 3714 Videris
3189 3660 3343 3724 mihi,
3374 3658 3462 3714 Si-

1897 3768 2050 3818 mon,
2082 3754 2215 3808 illud
2243 3768 2350 3806 non
2378 3751 2693 3819 intelligere,
2726 3766 2826 3805 nec
2856 3751 2989 3804 velle
3014 3752 3279 3815 confiteri,
3307 3767 3373 3805 ne
3403 3751 3456 3804 in

1897 3845 2199 3917 ignorantia
2243 3842 2667 3913 deprehendaris
2721 3851 2776 3897 et
2842 3842 3090 3911 arguaris
3145 3843 3289 3911 quod
3347 3856 3455 3894 non

1894 3948 2048 3996 stans
2093 3938 2170 3993 sis
2212 3934 2402 3990 Filius.
2434 3933 2489 3988 ld
2538 3936 2682 3988 enim
2727 3934 2957 3988 obscure
3004 3934 3299 4004 signiﬁcas,
3329 3950 3455 3988 cum

1894 4040 2072 4087 tamen
2121 4038 2305 4099 aperte
2343 4028 2523 4083 dicere
2561 4028 2700 4082 nolis
2729 4044 2743 4080 :
2773 4026 2916 4081 sicut
2957 4042 3058 4097 ego
3099 4027 3317 4095 quidem
3360 4034 3454 4082 tua
3526 4036 3531 4041 ·

1893 4120 2122 4176 consilia
2159 4134 2225 4172 ex
2257 4118 2323 4173 iis
2349 4133 2471 4187 qua:
2502 4118 2687 4172 innuis
2712 4132 3005 4187 cognosco,
3037 4117 3129 4185 qui
3178 4132 3298 4170 sum
3339 4115 3451 4169 veri

1892 4212 2168 4282 propheta:
2191 4209 2517 4278 discipulus,
2548 4224 2653 4263 non
2698 4208 2979 4277 propheta.
3013 4206 3093 4262 Tu
3145 4223 3274 4262 vero
3308 4207 3452 4262 clare

1891 4305 2033 4363 dicta
2063 4320 2172 4358 non
2202 4303 2507 4374 intelligens
2537 4311 2588 4357 te
2618 4300 2815 4355 Filium
2846 4300 3025 4356 dicere
3052 4301 3156 4365 vis,
3190 4300 3451 4355 resistens

236 4384 373 4457 Ἀρῶ
413 4401 504 4437 σου
536 4385 715 4437 πᾶσαν
747 4383 1015 4454 πρόφασιν
1042 4402 1053 4413 ·
1094 4382 1367 4454 ὁμολογῶ,
1405 4383 1536 4437 αὐτὸ
1564 4384 1625 4436 οὒ
1658 4401 1784 4438 συν-

1906 4398 2068 4453 mbis.
2096 4396 2163 4451 Et
2188 4396 2374 4450 Simon
2403 4414 2418 4450 :
2445 4394 2652 4448 Tollam
2677 4408 2892 4447 omnem
2920 4402 3070 4447 tuum
3097 4402 3408 4463 praztextum
3433 4410 3447 4446 :

224 4473 334 4543 ἧκα
354 4515 366 4537 ,
395 4476 449 4527 τί
491 4474 611 4528 ποτ’
639 4473 803 4534 ἐστιν,
829 4472 927 4527 καὶ
958 4472 1046 4538 οἷς
1071 4471 1149 4528 ἂν
1170 4473 1467 4540 βούληται
1490 4473 1537 4505 ⁷⁸
1569 4477 1603 4528 ό
1654 4475 1785 4542 Υἱὸς

1906 4488 2081 4553 'ateor,
2131 4487 2235 4541 hoc
2258 4500 2365 4541 non
2409 4484 2645 4539 intellexi
2679 4483 2939 4553 quidnam
2975 4492 3152 4547 esset,
3175 4491 3225 4536 et
3259 4481 3447 4553 quibus

226 4565 643 4620 ἀποκαλύπτει.
675 4565 816 4634 Λέγε
838 4564 1016 4618 τοίνυν
1037 4564 1167 4617 αὐτὸ
1194 4564 1534 4636 σαφέστερον.

295 4676 419 4731 νιιι.
460 4680 571 4731 Καὶ
620 4678 650 4729 6
683 4675 923 4748 Πέτροςο
978 4675 1191 4746 Ἐπειδὴ
1240 4674 1342 4728 κᾶν
1382 4676 1616 4747 σχήματι
1650 4675 1781 4729 αὐτὸ

228 4769 572 4842 ὡμολόγησας
614 4768 689 4839 μὴ
734 4765 989 4829 συνιέναι,
1031 4765 1167 4837 πρὸς
1213 4765 1242 4819 6
1276 4766 1613 4836 πυνθάνομαί
1660 4783 1778 4830 σου,

1885 4582 1995 4637 uult
2023 4570 2213 4634 Filius
2232 4577 2442 4632 revelat.
2474 4575 2571 4632 Dic
2598 4591 2727 4646 ergo
2757 4575 2885 4629 ικυά
2913 4575 3235 4630 evidentius.

1960 4671 2092 4727 Vlll.
2139 4669 2277 4724 Tum
2324 4668 2519 4722 Petrus
2560 4684 2575 4721 :
2621 4665 3094 4735 Quandoquidem,
3146 4666 3247 4721 etsi
3302 4665 3457 4729 ﬁcte,

1885 4765 1989 4821 hoc
2016 4764 2198 4819 fassus
2231 4775 2292 4816 es
2320 4773 2427 4814 non
2457 4758 2775 4828 intelligere,
2805 4758 2872 4812 ad
2908 4757 2960 4811 id
3006 4757 3152 4826 quod
3198 4766 3249 4812 te
3280 4758 3445 4812 inter-

1480 4880 1715 4935 VARIA‘J
1753 4874 2154 4936 LECTIONES.

328 4975 478 5047 "Exn
505 4974 569 5047 (Σ.
602 4971 1031 5047 μ’ξΕιριοᾉηιινίι
1065 4975 1211 5047 hunc
1249 4975 1448 5047 locumg
1465 4985 1656 5047 contra
1693 4974 2141 5047 Schliemannum
2164 4967 2429 5047 peiurius.
2463 4965 2658 5047 Annal.
2690 4961 2873 5047 ίΙιιιοι.ζ
2897 4960 3350 5047 Tri‘ibing.._l84f‘,
3385 4975 3436 5029 p.

225 5030 478 5107 551,3?"
498 5044 636 5115 οξτῷ
665 5045 705 5098 s
732 5085 746 5107 ,
776 5030 837 5097 τό
858 5045 897 5097 c
950 5048 1010 5097 ο.
1090 5046 1135 5077 σε
1154 5044 1226 5098 Ita
1252 5047 1315 5115 o_.
1340 5061 1388 5097 c.
1416 5043 1455 5097 s
1483 5085 1497 5107 ,
1525 5044 1769 5115 βούλεται
1782 5045 1852 5115 β.
1884 5114 1889 5115 ν
1933 5036 2414 5115 υθτῆς-ῖβουλῇςῂϐ
2443 5075 2463 5115 ε
2487 5039 2607 5115 ταῖς
2620 5032 2901 5115 -Ξ-βουλαῖς
2934 5031 3276 5115 S‘Llauct‘or‘e
3306 5030 3439 5115 Dav.

226 5098 484 5184 ξτσυνέντι
512 5114 574 5168 C.
607 5098 620 5115 ⁸
653 5116 698 5145 ⁵⁸
712 5098 857 5184 ﬁsa;
884 5118 944 5167 Ο.
977 5115 1054 5169 Ad
1079 5116 1228 5168 verb.
1258 5098 1401 5177 οἶδας
1429 5098 1578 5167 notat
1607 5114 1644 5167 S
1705 5131 1718 5166 :
1754 5098 1896 5167 Nihil
1928 5098 2267 5184 muta-mlum.
2296 5098 2412 5184 Cir.
2443 5098 2854 5184 Llib.,__l:/tryu;,
2888 5119 2939 5171 p.
3114 5170 3125 5184 .
3164 5098 3435 5184 "farciat;

226 5180 579 5268 δοίὶιέπείης
608 5184 648 5268 (ξ
678 5223 693 5247 ν
720 5169 1117 5268 Minae)":-
1152 5184 1228 5268 οι
1274 5169 1507 5268 ﬂuit?
1534 5200 1583 5237 ε·
1601 5184 1653 5268 ..S
1682 5184 1907 5268 ’ξεινίης
1936 5181 1975 5235 υ
2006 5176 2435 5268 ’,ῖὶθιή.τὲηξ.⁶⁰“ξ’
2476 5175 2535 5260 “.-
2591 5169 3188 5268 ἷῗὲ...ί;υξξῖτει³¹1.¹ίίξέ’.;ε
3212 5169 3437 5268 Elidit:

260 5240 278 5301 ξ
312 5240 426 5307 559.
454 5240 593 5307 Τιιίιι
626 5240 850 5334 ἀγνοεῖς
872 5240 996 5317 6ξύ
1026 5294 1040 5317 ,
1065 5240 1265 5361 away;
1289 5254 1351 5308 C.
1427 5257 1472 5285 ⁷³
1494 5256 1566 5306 Ita
1597 5258 1638 5306 0
1683 5240 1730 5307 ὸ.
1762 5253 1803 5304 Ι)
1832 5293 1847 5313 ,

260 5336 426 5390 tcuna,
452 5325 574 5379 ead.
600 5341 745 5379 man.
778 5341 830 5378 ιιι
859 5340 1028 5394 marg.
1058 5324 1184 5387 ἴσως
1208 5340 1408 5395 ,τερος.
1486 5323 1818 5387 ⁷³ἀνθεστώς

1208 5341 1408 5387 ετερος.
1490 5341 1818 5387 ’ἀνυεστως

275 5337 426 5390 cuna,
452 5325 574 5379 ead.
600 5341 745 5379 man.
777 5324 830 5378 iu
859 5340 1028 5394 marg.
1058 5324 1184 5387 ἴσως

1874 5239 2129 5373 defigam
2152 5239 2237 5301 ΕΓ
2252 5246 2354 5299 Pro
2390 5239 2560 5307 ἑστώς
2591 5244 2784 5313 legitur
2809 5243 2862 5295 iu
2895 5244 2935 5293 Ο
2982 5243 3040 5293 ὲτ
3059 5256 3181 5292 eum
3214 5239 3435 5307 parvula

1874 5324 1921 5373 [Ζ.
2013 5337 2100 5372 ιιιιι
2147 5318 2263 5373 ἄοω
2305 5318 2370 5369 Ο.
2448 5313 2765 5373 ⁷³βούληται
2806 5310 2868 5373 S,
2901 5313 2941 5364 Ο
2983 5350 2998 5373 ,
3033 5307 3278 5373 βούλεται
3299 5308 3362 5360 C.

1862 5324 1921 5376 C.
1963 5324 2062 5373 Τιιι

2070 5307 2263 5389 ίὶ-ἄρω
2305 5318 2370 5369 Ο.
2448 5307 2765 5384 ⁷³βούλῆται
2806 5310 2868 5375 S,
2901 5313 2941 5364 Ο
2983 5350 2998 5373 ,
3033 5307 3278 5379 βούλεται
3299 5308 3362 5360 C.

1505 5439 1864 5497 VARIORUM
1912 5436 2137 5492 ΝΟΤιίΕ.

226 5534 349 5606 Vult
385 5537 569 5593 Simon
620 5536 808 5606 Magus
854 5534 1022 5589 Deum
1053 5542 1391 5606 creatorem
1417 5546 1537 5585 esse
1577 5532 1761 5606 lilium
1869 5528 2220 5606 Turrianonin
2255 5521 2729 5595 Explauariauibus
2760 5520 2829 5574 ad
2855 5514 3264 5574 Constitution:
3292 5531 3437 5583 apo-

223 5605 397 5687 ignoti.
410 5609 494 5662 dei
523 5598 865 5688 sui,_p§trem
891 5622 1019 5659 vero
1045 5602 1610 5688 Jesuﬁhristi‘no'stri.
1653 5600 1764 5680 lloe
1870 5599 2101 5653 stolii’as.
2130 5598 2266 5651 Cor.

223 5670 422 5744 monui,
450 5679 577 5750 quia
607 5670 759 5738 aliter
784 5684 1061 5746 acceptum
1088 5690 1115 5728 a
1145 5673 1260 5729 viro
1286 5671 1444 5727 docto
1475 5670 1763 5726 Francisco
