4022 6336
574 258 673 316 ιιι

1418 259 1477 315 8.
1517 257 1958 315 CLEMENTISI
1996 257 2160 314 ROM.
2202 256 2401 313 PONT.
2440 255 2668 312 OPERA
2700 256 2927 315 DUBIA.

3658 266 3751 323 ιη

572 385 724 443 rogo,
748 369 881 425 mihi
932 370 1216 441 responde,
1248 386 1313 426 ac
1350 371 1547 427 disces.
1573 371 1671 428 Dic
1704 372 1836 426 mihi
1874 390 1888 426 :
1926 372 2006 426 ais
2050 368 2140 425 Fi-

2240 370 2528 441 ἀπόκριναί
2563 387 2672 441 μοι,
2699 370 2793 424 καὶ
2821 369 3064 441 μαθήσῃ,
3090 368 3225 439 Λέγε
3253 387 3355 440 μοι»
3399 372 3496 445 φῂς
3528 375 3605 430 ιδν
3640 378 3753 435 Υιδν

569 460 728 529 lium,
783 462 1095 533 quicunque
1133 463 1223 528 sit,
1272 462 1483 532 justum
1530 478 1676 529 esse,
1709 463 1795 517 vel
1832 464 1974 517 non?
2002 462 2140 518 Res-

573 553 762 623 pondit
791 552 981 609 Simon
1018 573 1031 609 :
1065 552 1461 610 Justissimum.
1496 552 1564 610 Et
1608 553 1801 611 Petrus
1829 573 1846 612 :
1871 554 2008 610 Cum
2040 571 2141 611 au-

572 654 678 700 tem
703 644 892 715 justus
922 646 1013 713 sit,
1041 660 1140 700 cur
1162 660 1268 699 non
1296 632 1550 701 omnibus
1572 646 1795 714 revelat,
1824 648 1917 701 sed
1939 648 2138 719 quibus

570 735 722 789 vult?
763 735 841 791 Ac
882 735 1113 790 Simon:
1159 735 1427 801 Quoniam
1476 737 1572 807 qui
1609 738 1791 804 justus
1830 748 1933 804 est,
1972 739 2138 809 justis

571 827 812 880 revelare
843 826 975 879 vult.
1019 824 1213 881 Petrus
1239 841 1257 881 :
1284 824 1472 882 Nonne
1503 827 1667 898 igitur
1713 843 1933 884 necesse
1959 839 2045 885 est
2070 830 2139 885 ab

568 934 636 972 eo
666 923 922 990 cognosci
950 928 1185 974 mentem
1217 921 1580 992 singulorum,
1611 933 1671 977 ut
1699 923 1898 977 revelet
1925 923 2139 993 dignis?

571 1007 761 1063 Simon
794 1024 810 1062 :
842 1006 1080 1064 Omnino
1106 1012 1474 1066 necessarium
1505 1020 1587 1068 est
1635 1012 1708 1067 ita
1746 1012 1963 1068 habere.
1995 1012 2134 1069 Tum

566 1097 801 1155 Petrus:
829 1099 1017 1170 Itaque
1067 1101 1156 1156 ille
1203 1103 1354 1157 solus
1384 1103 1578 1157 merito
1610 1104 1851 1159 revelare
1880 1104 2136 1159 deﬁnitus

564 1205 671 1257 est,
701 1193 791 1262 qui
819 1193 972 1247 solus
1003 1193 1435 1265 uniuscujusque
1461 1204 1696 1250 mentem
1729 1196 1900 1263 novit,
1936 1205 1991 1251 et
2023 1211 2134 1251 non

568 1292 648 1347 tu,
682 1283 774 1352 qui
806 1300 873 1339 ne
917 1299 981 1339 ea
1026 1284 1243 1355 quidem
1291 1301 1413 1356 quae
1441 1302 1471 1341 a
1515 1287 1671 1343 nobis
1699 1287 1956 1343 dicuntur
1982 1297 2134 1358 potes

567 1374 886 1444 intelligere.

634 1464 728 1523 IX.
772 1467 825 1523 Id
856 1466 1075 1524 Petrum
1106 1469 1372 1526 dicentem
1404 1473 1636 1543 populus
1664 1473 1921 1529 laudibus
1946 1490 2136 1545 prose-

565 1567 726 1613 cutus
777 1568 880 1615 est.
920 1562 986 1616 At
1037 1562 1249 1628 Simon,
1285 1563 1342 1617 in
1384 1565 1537 1634 lapsu
1580 1566 1973 1635 deprehensus,
2024 1582 2133 1636 prae

565 1652 773 1720 pudore
805 1652 1043 1719 erubuit,
1070 1661 1233 1724 atque
1261 1654 1453 1711 fricata
1482 1655 1658 1712 fronte
1692 1658 1829 1712 dixit
1857 1677 1871 1712 :
1897 1658 2015 1713 Jam
2046 1674 2132 1713 me

566 1757 786 1810 magum
840 1743 991 1797 aiunt
1044 1759 1074 1797 a
1118 1743 1277 1799 Petro
1314 1761 1423 1800 non
1457 1754 1666 1801 tantum
1698 1748 1926 1814 victum,
1956 1748 2048 1802 sed
2077 1758 2131 1804 et

562 1833 868 1888 rationibus
899 1849 1171 1903 pressum.
1199 1834 1316 1889 Non
1354 1848 1533 1892 autem
1583 1838 1710 1893 licet
1739 1838 1864 1908 quis
1911 1840 2132 1895 ratioci-

563 1926 880 1981 nationibus
926 1936 1242 1997 prematur,
1286 1929 1543 1997 abreptus
1589 1931 1872 1985 veritatem
1920 1932 1975 1984 in
2014 1932 2131 2001 ipso

564 2018 763 2072 victam
816 2018 999 2073 habet.
1048 2017 1233 2088 Neque
1281 2020 1425 2073 enim
1471 2019 1758 2075 inﬁrmitas
1795 2022 2132 2078 defendentis

566 2111 768 2165 veritas
798 2119 882 2165 est
909 2111 1237 2180 superantis.
1270 2112 1520 2167 Attamen
1546 2114 1637 2167 aio
1669 2114 1788 2179 tibi,
1817 2130 1903 2170 me
1942 2130 2132 2171 omnes

567 2210 811 2255 astantes
835 2201 1166 2271 iudicavisse
1205 2203 1418 2272 dignos,
1451 2205 1545 2273 qui
1576 2204 1629 2257 in
1662 2206 1877 2260 arcanis
1916 2205 2129 2261 Patrem

561 2302 972 2361 cognoscerent.
1009 2291 1187 2359 Quare
1215 2309 1336 2348 cum
1370 2297 1541 2364 palam
1574 2296 1706 2366 ipsis
1730 2298 1932 2361 revelo,
1960 2308 2013 2352 tu
2039 2315 2132 2367 per

562 2384 821 2439 invidiam
849 2384 981 2438 mihi
1032 2384 1151 2439 illos
1186 2385 1447 2441 beneﬁcio
1489 2386 1700 2444 allicere
1729 2391 1964 2459 cupienti
2006 2406 2132 2446 suc-

561 2490 774 2531 censes.

631 2567 701 2623 Χ.
728 2566 873 2622 Dixit
901 2566 1094 2624 Petrus
1128 2586 1143 2623 :
1176 2568 1466 2636 Quoniam,
1498 2579 1560 2625 ut
1605 2573 1855 2642 praesenti
1886 2574 2132 2628 multitu-

560 2660 675 2715 dini
704 2667 921 2731 gratum
958 2660 1187 2729 faceres,
1222 2663 1293 2716 ita
1334 2663 1550 2719 locutus
1575 2679 1655 2729 es,
1686 2680 1786 2735 ego
1812 2665 1988 2720 dicam
2018 2682 2127 2721 non

562 2760 733 2821 grate,
768 2752 858 2807 sed
886 2765 1033 2808 vere.
1077 2750 1174 2807 Dic
1223 2754 1381 2821 mihi,
1425 2769 1536 2824 quo
1565 2756 1727 2811 modo
1768 2757 1963 2828 dignos
2007 2774 2130 2816 esse

560 2843 849 2914 cognoscis
897 2852 1139 2900 astantes
1173 2845 1494 2911 universos,
1542 2848 1981 2918 quandoquidem
2032 2852 2128 2906 tibi

561 2934 822 2988 iudicanti
852 2949 921 2989 ne
950 2948 1093 2989 unus
1120 2934 1337 3002 quidem
1369 2937 1596 3005 praebuit
1620 2941 1949 2995 assensum?
1990 2941 2124 2997 Nam

2237 461 2443 515 δίκαιον
2474 460 2632 525 εἶναι,
2666 463 2812 525 ὅστις
2850 464 2966 514 ποτ’
3002 461 3166 526 ἐστιν,
3207 462 3238 533 ἢ
3273 461 3364 530 οὕς
3403 465 3504 518 Kal
3535 468 3561 520 6
3594 468 3752 540 Σίμων

2238 554 2371 624 ἔφη’
2405 551 2770 608 Δικαιότατον.
2804 553 2913 607 Καὶ
2936 555 2964 607 6
2995 553 3223 625 Πέτρος’
3262 554 3467 618 Δίκαιος
3504 556 3556 610 δὲ
3581 558 3648 612 ὢν
3680 561 3758 615 διὰ

2237 646 2289 698 τί
2324 646 2399 715 μὴ
2424 647 2589 698 πᾶσιν
2633 644 3025 708 ἀποκαλύπτει,
3061 645 3173 698 ἀλλ’
3211 641 3289 708 οἷς
3315 645 3575 715 βούλεται;
3605 652 3701 704 Kal
3730 654 3755 705 6

2238 736 2450 807 Σίμων’
2487 737 2606 790 Ὅτι
2657 735 2861 801 δίκαιος
2908 736 2983 791 ῶν
3033 739 3143 800 τοῖς
3183 736 3348 803 ἀξίοις
3394 737 3755 796 ἀποκαλύπτειν

2239 827 2505 899 βούλεται.
2559 828 2669 881 Kal
2696 830 2725 881 6
2759 828 2997 900 Πέτρον
3050 827 3254 881 Οὐκοῦν
3276 828 3320 861 ⁷⁸
3366 829 3569 899 ἀνάγκη
3619 832 3761 886 αὑτὸν

2237 920 2432 974 είδέναι
2477 920 2570 973 τὸν
2618 920 2845 989 ἑκάστου
2882 918 3006 972 νοῦν
3027 956 3044 983 ,
3094 919 3181 973 ἵνα
3204 919 3371 986 ἀξίοις
3400 920 3756 993 ἀποκαλύπτῃς

2237 1012 2345 1065 Kal
2375 1013 2403 1064 6
2445 1011 2655 1082 Σίμων·
2713 1011 2949 1081 Ἀνάγκη
2982 1012 3131 1065 πᾶσα
3146 1011 3191 1044 ⁷⁸
3231 1010 3397 1074 οὕτως
3432 1012 3583 1083 ἔχειν.
3621 1013 3764 1085 360

2235 1104 2344 1156 Kal
2361 1105 2389 1156 6
2414 1103 2618 1174 Πέτρος
2638 1119 2652 1133 ⁸
2681 1101 2885 1157 Οὐκοῦν
2909 1102 3070 1165 αὐτὸς
3102 1102 3258 1174 μόνος
3282 1102 3505 1172 εὐλόγως
3525 1104 3565 1135 ⁷⁷
3589 1103 3763 1157 ἀποκαο

2234 1197 2454 1250 λύπτειν
2480 1197 2707 1269 ὡρίσθη,
2741 1195 2898 1267 μόνος
2919 1196 3010 1249 τὸν
3036 1196 3265 1250 ἑκάστου
3282 1196 3401 1250 νοῦν
3426 1194 3590 1259 εἰδὼς,
3610 1198 3695 1249 καὶ
3712 1198 3765 1250 οὑ

2234 1292 2301 1345 σὺ
2325 1292 2353 1345 6
2378 1291 2513 1362 μηδὲ
2532 1291 2604 1345 τὰ
2634 1290 2721 1361 ὑφ’
2745 1290 2900 1361 ήμῶν
2925 1291 3189 1362 λεγόμενα
3218 1291 3504 1363 δυνάμενος
3536 1291 3765 1345 συνιέναι.

2303 1468 2393 1522 IX.
2429 1468 2603 1522 Τοῦτο
2654 1469 2749 1523 τοῦ
2802 1469 3010 1541 Πέτρου
3055 1466 3320 1532 εἰπόντος,
3368 1469 3473 1523 ἀπὸ
3537 1469 3627 1538 μὲν
3675 1467 3770 1522 τῶν

2232 1560 2403 1632 δχλων
2429 1560 2652 1624 ἔπαινος
2684 1560 2919 1630 ἐγένετο.
2959 1560 3015 1614 '0
3041 1559 3095 1612 δὲ
3134 1559 3316 1630 Σίμων
3357 1560 3664 1631 κατάφωρος
3692 1576 3773 1626 γε·

2231 1652 2421 1723 γονὼς,
2450 1652 2715 1717 αἰδεσθεὶς
2738 1653 3056 1726 ἠρυθρίασε,
3083 1654 3178 1709 καὶ
3224 1653 3287 1706 τὸ
3322 1652 3565 1723 μέτωπον
3600 1651 3774 1722 τρίψας

2162 1713 2204 1767 Β
2232 1713 2334 1818 ἐφη
2354 1713 2556 1797 ·”Ἀλλ’
2585 1713 2893 1816 tam...
2917 1713 3164 1815 λέγουσιν
3191 1745 3298 1798 ὑπὸ
3323 1713 3536 1815 ,Πέτρου
3566 1713 3776 1811 me;

2228 1857 2317 1894 vov
2339 1838 2407 1903 ⁷⁸,
2435 1836 2568 1890 ἀλλά
2590 1838 2683 1891 καὶ⁵
2718 1836 3176 1908 συλλογιζόμενον.
3202 1836 3317 1889 Οὐκ
3340 1838 3495 1900 εἴτις
3527 1836 3581 1889 δὲ
3608 1835 3774 1888 συλλο-

2229 1931 2462 2002 γισθείη,
2499 1928 2896 2003 συναρπασθεὶς
2934 1930 3034 2001 τὴν
3068 1931 3127 1982 ὲν
3176 1927 3329 1999 αὐτῷ
3368 1927 3610 1998 ἀλήθειαν
3653 1942 3777 1978 νενιη

2228 2021 2473 2094 κημένην
2496 2021 2626 2093 ἔχει.
2671 2021 2746 2075 Οὐ
2788 2018 2897 2091 γὰρ
2936 2021 2971 2091 ή
3017 2019 3267 2073 ἀσθένεια
3324 2018 3417 2073 τοῦ
3470 2015 3779 2077 ἐκδικοῦντος

2229 2113 2455 2185 ἀλήθειά
2498 2115 2616 2167 ἐστι
2645 2113 2739 2167 τοῦ
2782 2111 3082 2183 νικωμένου
3108 2111 3173 2166 ⁷⁸.
3218 2112 3368 2184 Πλὴν
3400 2110 3537 2181 φημί
3584 2126 3678 2171 σοι,
3707 2108 3779 2160 ὅτι

2228 2205 2339 2275 ἐγὼ
2368 2208 2495 2269 τοὺς
2526 2204 2883 2277 παρεστῶτας
2916 2202 3123 2264 πάντας
3167 2203 3354 2268 ἀξίους
3386 2202 3571 2274 ἔκρινα
3600 2198 3779 2268 γνῶναι

2228 2299 2319 2351 τὸν
2354 2300 2411 2352 έν
2435 2298 2764 2370 ἀπορρήτοις
2808 2297 3046 2370 Πατέρα.
3084 2296 3174 2350 Διὸ
3210 2294 3449 2367 δημοσία
3482 2309 3579 2363 μου
3618 2290 3777 2351 αὐτοῖς

2227 2389 2717 2455 ἀποκαλύπτοντας,
2741 2392 2805 2446 σὺ
2831 2388 2992 2454 αὐτὸς
3015 2391 3060 2422 ⁸⁸
3082 2390 3171 2443 διὰ
3195 2389 3390 2459 φθόνον
3410 2386 3529 2459 ἐμοὶ
3549 2383 3623 2455 τῷ
3650 2382 3783 2451 εὐερ-

2230 2484 2409 2550 γετεῖν
2440 2482 2635 2545 αὐτοὺς
2662 2480 2867 2535 θέλοντι
2898 2480 3264 2551 χαλεπαίνεις.

2302 2570 2369 2625 Χ.
2410 2573 2519 2625 Kal
2548 2574 2577 2625 6
2625 2572 2829 2643 Πέτρος
2875 2571 2977 2643 ἔφη
3002 2589 3016 2603 ⁸
3054 2571 3272 2643 Ἐπειδὴ
3319 2569 3649 2643 ἀρεσκόντως
3681 2566 3781 2627 τοῖς

2229 2662 2495 2735 παροῦσιν
2526 2662 2700 2734 ὄχλοις
2734 2663 2909 2728 οὕτως
2949 2663 3105 2735 ἔφης,
3141 2662 3250 2731 ἐγὼ
3277 2663 3391 2734 ἐρῶ
3421 2665 3517 2715 οὐκ
3547 2656 3782 2731 ἀρεσκόνο

2228 2769 2356 2817 τως,
2381 2752 2494 2806 ἀλλ’
2521 2753 2565 2786 ⁸⁸
2596 2753 2831 2825 ἀληθῶς.
2855 2754 2993 2823 Λέγε
3022 2772 3129 2825 μοι,
3157 2753 3277 2817 πῶς
3310 2754 3491 2820 ἀξίους
3522 2751 3781 2804 ἐπίστασαι

2227 2844 2355 2907 τοὺς
2378 2845 2732 2915 παρεστῶτας
2758 2846 2986 2909 πάντας,
3009 2846 3141 2898 ὃπου
3170 2862 3251 2898 σοι
3276 2844 3579 2914 ὲκφαίνοντι
3598 2840 3695 2893 οὐδ’
3713 2833 3781 2900 εἷς

2231 2934 2515 3001 συνέθετο;
2570 2935 2633 2988 τὸ
2681 2936 2790 3009 γὰρ
2844 2938 2966 3009 ἐμοὶ
3014 2937 3343 3008 ποιήσασθαι
3388 2934 3526 2990 κατά
3577 2930 3663 2984 σοῦ
3704 2930 3783 2983 τὸν

560 3024 707 3093 quod
742 3041 825 3081 me
856 3035 1045 3081 contra
1074 3034 1125 3080 te
1152 3026 1512 3095 laudaverint,
1544 3045 1649 3083 non
1675 3039 1758 3085 est
1785 3034 2130 3089 consentien-

2232 3025 2447 3080 ἔπαινον
2473 3026 2572 3080 οῦκ
2615 3026 2731 3081 ἔστι
2774 3028 3259 3099 συγκαταθεμένων
3305 3028 3418 3091 σοὶ,
3443 3026 3555 3080 ἀλλ’
3584 3025 3627 3055 ⁸⁸
3655 3021 3780 3093 ἐμοὶ,

561 3119 696 3171 tium
729 3118 847 3185 tibi,
888 3119 980 3173 sed
1028 3119 1185 3185 mihi,
1225 3120 1311 3173 cui
1342 3129 1395 3174 et
1432 3120 1643 3175 laudem
1693 3133 1948 3193 tanquam
1992 3126 2127 3181 bene

2229 3110 2275 3187 ᾧ
2313 3117 2408 3173 καὶ
2455 3119 2547 3173 τὸν
2589 3119 2807 3175 ἔπαινον
2853 3121 2931 3185 ὼς
2975 3122 3150 3194 ὀρθῶς
3191 3121 3442 3192 εἰρηκότι
3487 3118 3783 3186 ἀπένειμαν.

560 3209 742 3265 locuto
773 3211 1100 3265 tribuerunt.
1132 3210 1329 3268 Verum
1354 3213 1479 3281 quia
1513 3212 1677 3279 Deus,
1709 3224 1895 3284 utpote
1922 3217 2124 3287 justus,

560 3300 903 3371 singulorum
954 3313 1191 3358 mentem
1236 3303 1520 3374 dijudicat,
1554 3306 1696 3375 quod
1731 3316 1785 3362 tu
1822 3307 2007 3363 dixisti
2033 3325 2128 3364 ve-

560 3409 682 3447 rum
711 3410 850 3461 esse,
887 3394 939 3449 id
972 3394 1149 3450 noluit
1180 3412 1276 3467 per
1307 3397 1582 3453 sinistram
1614 3399 1819 3455 dextris
1847 3401 1987 3468 dari,
2019 3417 2126 3472 qua

560 3486 793 3551 ratione,
822 3485 913 3556 qui
947 3486 1151 3557 aliquid
1181 3503 1212 3544 a
1247 3489 1366 3544 fure
1391 3490 1607 3560 accipit,
1640 3502 1693 3546 et
1720 3491 1835 3562 ipse
1867 3508 1993 3548 reus
2022 3505 2123 3550 est.

559 3574 747 3651 Itaque
771 3591 890 3631 eam
918 3578 989 3632 ob
1012 3592 1235 3634 causam
1269 3583 1413 3650 quod
1439 3598 1468 3636 a
1498 3591 1550 3637 te
1579 3582 1921 3651 allerebatur,
1953 3588 2129 3644 noluit

558 3684 654 3722 eos
691 3669 957 3739 accipere,
992 3672 1083 3725 sed
1129 3687 1225 3741 per
1266 3672 1486 3739 Filium,
1528 3675 1619 3745 qui
1675 3677 1739 3731 ad
1777 3679 2123 3734 revelandum

559 3761 891 3830 praestitutus
921 3773 1022 3817 est.
1056 3762 1155 3818 Cui
1187 3766 1331 3819 enim
1365 3767 1616 3821 convenit
1657 3766 1870 3822 Patrem
1916 3773 2125 3827 revela-

559 3869 640 3919 re,
670 3860 1029 3924 prreterquam
1064 3855 1164 3909 soli
1197 3854 1358 3923 Filio,
1403 3858 1532 3927 quia
1581 3858 1627 3914 is
1673 3858 1764 3913 tali
1802 3861 2127 3918 revelatione

557 3944 783 4013 dignum
810 3947 1121 4016 cognoscit?
1151 3946 1240 4002 Sic
1269 3963 1377 4003 non
1408 3958 1491 4005 est
1533 3949 1639 4006 hoc
1668 3951 1865 4007 docere
1904 3963 1999 4007 aut
2023 3953 2127 4008 do-

557 4036 696 4100 ceri,
729 4036 825 4091 sed
859 4037 1117 4093 ineﬂ‘abili
1142 4053 1305 4092 manu
1337 4039 1386 4094 ei
1417 4040 1669 4108 revelari,
1697 4042 1793 4113 qui
1830 4041 1961 4098 illud
1984 4041 2127 4098 scire

555 4126 754 4196 dignus
781 4128 875 4184 sit.

626 4217 718 4274 XI.
752 4218 820 4274 Et
853 4219 1041 4276 Simon
1068 4236 1082 4273 :
1132 4219 1382 4289 Multum,
1415 4220 1627 4293 inquit,
1658 4224 1917 4281 conducit
1950 4225 2018 4281 ad
2040 4224 2127 4281 vi.

556 4310 783 4365 ctoriam
808 4311 878 4376 ei,
916 4312 1008 4382 qui
1058 4312 1256 4367 bellum
1309 4314 1467 4385 gerit,
1523 4315 1759 4385 propriis
1806 4317 1885 4372 uti
1931 4318 2121 4373 armis.

2243 3213 2379 3267 Ἀλλ’
2419 3214 2605 3287 ἐπειδὴ
2650 3217 2680 3269 6
2716 3214 2848 3279 Θεὸς
2883 3215 3087 3277 δίκαιος
3125 3214 3199 3267 ῶν
3240 3212 3506 3285 βραϐεύει
3554 3209 3642 3263 τὸν
3673 3204 3788 3259 ἑκά.-

2230 3322 2356 3359 στου
2388 3305 2533 3370 νοῦν,
2561 3306 2590 3359 ὂ
2634 3307 2740 3377 φῂς
2781 3306 2978 3377 ἀληθὲς
3010 3302 3167 3367 εἶναι,
3207 3305 3313 3375 36
3336 3307 3377 3375 ι
3413 3305 3512 3357 οὐκ
3546 3301 3611 3356 ἂν
3652 3300 3790 3377 ὲδους

2228 3396 2365 3468 λήθη
2392 3396 2480 3451 διὰ
2502 3397 2605 3469 τῆς
2643 3374 2938 3469 ἀριστεραῖς
2966 3397 3078 3458 τοῖς
3106 3374 3299 3460 δεξιοῖς
3330 3374 3489 3447 τοῦτο
3510 3390 3731 3460 δοθῆναι,
3749 3374 3790 3452 ᾧ

2228 3487 2414 3559 λόγῳὸ
2448 3486 2600 3559 παρὰ
2622 3486 2852 3540 κλέπτου
2877 3503 2932 3539 τι
2970 3484 3146 3538 λαϐὼν
3188 3486 3281 3538 καὶ
3326 3484 3489 3549 αὐτὸς
3519 3478 3792 3540 ὑπεύθυνός

2228 3579 2388 3633 ἐστιν.
2432 3580 2593 3631 Ὥστε
2616 3576 2805 3630 τούτου
2831 3577 3013 3629 ἕνεκεν
3046 3575 3107 3628 τὸ
3139 3575 3243 3629 ὑπὸ
3268 3575 3372 3629 σοῦ
3400 3574 3685 3647 φερόμενον
3703 3571 3790 3624 οὐκ

2228 3669 2488 3740 ἠθέλησεν
2527 3668 2725 3732 αὐτοὺς
2759 3666 2961 3729 λαϐεῖν,
2994 3664 3130 3718 ἀλλά
3167 3663 3255 3717 διὰ
3276 3663 3380 3717 τοῦ
3408 3666 3489 3726 είς
3510 3662 3570 3714 τὸ
3606 3661 3792 3713 ἀποκα-

2227 3761 2450 3815 λύπτειν
2474 3761 2520 3793 ⁸³
2551 3758 2854 3831 ὡρισμένου
2899 3755 3051 3810 Υἱοῦ.
3098 3756 3215 3810 Τίνι
3256 3754 3373 3828 γὰρ
3410 3753 3624 3822 εὔλογόν
3662 3753 3790 3803 ἐστιν

2226 3851 2633 3909 ἀποκαλύπτειν
2662 3851 2754 3904 τὸν
2779 3847 3015 3920 Πατέρα,
3049 3848 3083 3919 ἢ
3114 3846 3228 3919 Υἱῷ
3263 3847 3436 3919 μόνῳ,
3461 3845 3548 3899 διὰ
3584 3844 3642 3898 τὸ
3669 3841 3793 3897 εἰδέ-

2224 3959 2314 3999 ναι
2356 3944 2454 4015 τῆς
2501 3939 2756 4011 τοιαύτης
2797 3937 3189 4007 ἀποκαλύψεως
3241 3936 3338 3989 τὸν
3406 3936 3582 4001 ἀξιον;
3625 3932 3793 3993 Οὕτως

2225 4038 2328 4091 οὐκ
2361 4035 2475 4089 ἔστι
2506 4033 2664 4087 τοῦτο
2694 4031 2900 4096 διδάξαι
2930 4030 2964 4102 ἢ
3007 4029 3342 4100 διδαχθῆναι,
3403 4030 3516 4083 ἀλλ’
3552 4026 3795 4099 ἀφράστῳ

2224 4130 2372 4202 χειρὶ
2420 4124 2867 4195 ἀποκαλυφθῆναι
2898 4121 2977 4193 τῷ
3018 4122 3176 4175 τοῦτο
3202 4120 3406 4176 εἰδέναι
3430 4121 3585 4192 ἀξίῳ.

2299 4220 2391 4275 XI.
2420 4219 2530 4273 Kal
2553 4220 2581 4271 6
2607 4216 2788 4287 Σίμων
2815 4214 2948 4284 ἔφη·
2974 4213 3115 4267 Πολὺ
3150 4212 3525 4284 συμϐάλλεται
3567 4208 3699 4283 πρὸς
3722 4205 3795 4260 νί-

2228 4330 2331 4384 κην
2352 4310 2431 4383 τῷ
2455 4307 2778 4380 πολεμοῦντι
2799 4305 2860 4359 τὸ
2890 4304 3037 4368 ἰδίοις
3053 4303 3361 4376 χρήσασθαι
3384 4303 3591 4367 ὅπλοις.
3624 4302 3685 4354 ‘0
3698 4302 3797 4384 139

554 4402 714 4468 Quod
740 4403 885 4457 enim
919 4405 1043 4473 quis
1068 4414 1234 4471 amat,
1272 4406 1435 4461 etiam
1463 4406 1677 4463 sincere
1706 4417 1885 4478 potest
1933 4409 2125 4465 delen-

2232 4403 2375 4475 φιλεῖ
2404 4417 2510 4465 τις,
2533 4400 2629 4454 καὶ
2671 4397 2909 4469 γνησίως
2946 4396 3178 4449 ἐκδικεῖν
3201 4393 3447 4459 δύναται,
3494 4391 3723 4465 γνησίως

555 4495 721 4548 dere:
750 4495 961 4550 sincere
983 4505 1165 4550 autem
1193 4496 1477 4553 defensum
1526 4514 1634 4554 non
1679 4501 1956 4571 vulgarem
2012 4501 2123 4555 vim

556 4586 741 4642 habet.
775 4586 902 4641 Ideo
954 4588 1209 4657 deinceps
1253 4590 1399 4658 quod
1433 4606 1558 4645 vere
1603 4591 1782 4646 sentio
1831 4607 2119 4661 exponam.

552 4679 658 4734 Aio
688 4681 977 4749 quamdam
1026 4683 1078 4735 in
1136 4683 1352 4737 areanis
1394 4682 1647 4737 virtutem
1696 4698 1858 4750 esse,
1909 4684 2125 4739 cunctis

556 4764 821 4843 ignotam,
850 4773 949 4842 ipsi
977 4790 1197 4845 quoque
1251 4777 1438 4829 mundi
1483 4777 1688 4846 opilici,
1742 4777 1883 4832 sicut
1925 4786 1979 4831 et
2011 4777 2126 4848 ipse

550 4866 712 4926 Iesus
733 4868 890 4935 dixit,
911 4868 1161 4923 nesciens
1184 4869 1313 4937 quid
1334 4869 1663 4938 loqueretur.
1681 4868 1954 4924 Interdum
1979 4872 2123 4925 enim

554 4975 619 5013 ex
651 4956 1000 5028 multiloquio
1047 4958 1245 5027 aliquis
1301 4972 1526 5028 scopum
1586 4959 1833 5015 veritatis
1880 4960 2118 5031 attingit,

555 5049 814 5119 ignorans
847 5046 978 5117 quid
1011 5046 1180 5101 dicat.
1201 5044 1447 5118 Intelligo
1477 5058 1731 5104 autemet
1754 5051 1819 5105 de
1842 5051 2121 5121 illo,quod

552 5138 960 5211 pronuntiavit:
994 5138 1166 5193 Nemo
1201 5140 1342 5193 novit
1370 5140 1608 5197 Patrem.
1658 5140 1726 5197 Et
1774 5140 2005 5197 Petrus:
2044 5141 2122 5197 Ne

2229 4492 2611 4565 έκδικούμενον
2654 4488 2717 4543 οὗ
2758 4489 2859 4560 τὴν
2909 4486 3174 4556 τυχοῦσαν
3212 4485 3366 4555 ἰσχὺν
3391 4484 3527 4554 ἔχει.
3575 4480 3665 4535 Διὸ
3709 4475 3795 4530 τοῦ

2228 4585 2415 4640 λοιποῦ
2440 4586 2575 4655 ὅπερ
2599 4582 2767 4645 ὅντως
2788 4578 2968 4652 φρονῶ
2992 4577 3310 4648 ἐκθήσομαι.
3340 4575 3491 4646 Φημί
3515 4590 3637 4628 τινα
3658 4569 3800 4625 δύνα·

2236 4697 2326 4751 μιν
2351 4680 2408 4731 ὲν
2433 4676 2763 4749 ἀπορρήτοις
2786 4668 2922 4725 εἶναι
2943 4670 3219 4739 ἄγνωστον
3251 4670 3409 4733 πᾶσι,
3437 4669 3535 4722 καὶ
3561 4662 3706 4734 αῦτῴ
3729 4660 3797 4731 τῷ

2232 4768 2570 4843 δημιουργῷ,
2605 4768 2681 4831 ὡς
2708 4765 2802 4821 καὶ
2822 4764 2982 4827 αὐτὸς
3002 4765 3030 4816 6
3059 4760 3266 4832 Ἰησοῦς
3298 4760 3546 4832 εἴρηκεν,
3572 4758 3671 4811 οῦκ
3694 4756 3800 4807 ἑπι-

2234 4864 2498 4933 στάμενος
2522 4860 2551 4912 ὃ
2581 4856 2896 4928 ἐφθέγξατο.
2943 4854 3037 4907 Ἐκ
3061 4850 3388 4913 πολυλαλιᾶς
3422 4850 3472 4882 ⁸⁸
3504 4849 3616 4921 γὰρ
3641 4845 3799 4900 ἐνίοτε

2230 4954 2477 5024 εὐστοχεῖ
2496 4967 2580 5014 τις
2605 4949 2738 5021 πρὸς
2762 4946 2823 4999 τὸ
2854 4945 3069 5015 ἀληθὲς,
3098 4943 3199 4996 οὐκ
3222 4941 3377 5005 εἰδὼς
3399 4941 3430 4994 ὃ
3456 4940 3628 5009 λέγει.
3655 4937 3798 5003 Λέγω

2227 5048 2285 5100 δὲ
2308 5048 2404 5099 κα)⁸
2423 5045 2549 5115 περὶ
2572 5041 2784 5106 τούτου,
2806 5032 2865 5092 οὗ
2889 5038 3109 5108 εἴρηκεν
3123 5052 3137 5066 ·
3164 5033 3372 5103 Οὐδεὶς
3391 5034 3551 5102 ἔγνω
3572 5032 3677 5085 τὸν
3694 5031 3801 5083 Πα-

2228 5138 2388 5207 τέρα.
2427 5134 2537 5190 Kal
2577 5135 2607 5188 6
2650 5133 2882 5203 Πέτρος
2910 5128 2982 5184 Σὺ
3007 5128 3077 5182 τά
3099 5125 3309 5181 ἐκείνου
3353 5123 3561 5178 ειδέναι
3615 5116 3800 5193 μηκέτι

1813 5279 2046 5336 VARUE
2084 5275 2486 5334 LECTIONES.

618 5386 666 5421 τι
680 5379 781 5434 οὐκ
802 5374 895 5434 οὖν
914 5378 976 5433 C.
1053 5375 1101 5414 ⁷⁸
1114 5376 1244 5433 Post
1270 5377 1416 5454 πᾶσα
1444 5377 1494 5431 in
1519 5380 1560 5431 0
1606 5385 1922 5454 repetuntur
1958 5376 2082 5454 vbb.
2111 5374 2270 5454 adfixa
2296 5371 2501 5454 elfiévat‘
2521 5367 2612 5454 τρν
2639 5358 3633 5454 έκάἹστοιὶῆνρῦνξναῇ,ἐξά-εἷριιηέιο.⁸.

544 5418 897 5519 Name};
1004 5450 1065 5502 Ο.
1114 5418 1494 5518 .τῖ
2330 5443 2375 5519 ιι
2398 5482 2413 5505 ,
2450 5441 2571 5511 οὐχὶ
2599 5440 2683 5501 τίς
2832 5436 2895 5519 ,⁷³
2916 5432 3070 5519 ἕξοιῒῖ
3440 5418 3798 5519 ἕᾘὶἶῗίξίς

551 5521 695 5587 t-onj.
751 5519 791 5575 C
824 5560 839 5585 ,

886 5490 1071 5583 asta;
1100 5518 1175 5573 id.
1199 5490 1894 5572 '.'.';“:;;1:;..".'Ba:..1.
1918 5490 2296 5587 ’ίαλεξαίνεις
2329 5490 2413 5587 ,θ’
2436 5522 2489 5566 et
2626 5490 2867 5587 ,ςὸιιίεςις
2917 5501 2959 5556 α
2990 5542 3005 5567 θ
3046 5499 3154 5569 cur
3194 5490 3793 5587 ,ιςξιεῖιαλξ.τξσξὲῐξξγ;

553 5560 868 5645 Hasse.
886 5560 1273 5644 “aratas.”
1321 5560 1894 5644 iiii-“oiiu‘éi-QEAIJ
1919 5560 2503 5643 νδξίξιεεῖατει
2535 5560 2599 5635 i1;
2620 5560 2687 5633 θ’
2714 5560 2949 5647 sianum
2990 5560 3214 5643 ἀμμένει
3540 5566 3619 5620 ua
3646 5560 3793 5633 μιαιε

552 5669 691 5730 post.
770 5662 815 5693 3"
834 5659 1151 5730 πολυλογίας
1179 5664 1237 5713 0.
