4022 6336
250 231 367 287 MS

1276 224 1736 308 ῌΕΕΜΕΝΤΙΝΑ.
1768 258 1835 268 --
1874 226 2157 283 ΗοΜιιιΑ
2197 227 2383 290 XVI".

3369 226 3475 282 ιιι
3516 254 3519 259 λ

246 346 611 417 ιτυαγγέλλου.
646 348 754 401 Καὶ
795 348 825 401 6
869 348 1051 420 Σίμων
1098 349 1164 382 ⁸³⁸
1179 349 1259 403 Τὰ
1286 348 1494 402 ἐκείνου
1532 348 1632 401 οὐκ
1658 348 1808 415 ἐπαγ·

1934 348 2167 415 amplius
2201 346 2528 418 protltearis,
2553 352 2605 399 te
2630 345 2779 400 illius
2804 341 3111 398 doctrinam
3140 352 3492 408 cognoscere.

245 436 510 508 γέλλομαι
544 436 840 504 πιστεύειν,
876 440 956 501 εἰς
985 439 1043 491 δὲ
1090 438 1160 494 τὰ
1199 437 1579 509 ἐπιτευχθέντα
1605 437 1652 469 ⁸⁸
1675 435 1821 507 αὐτῷ

240 528 568 600 διαλέγομαι
595 544 696 582 σοι.
728 531 835 583 Καὶ
864 533 893 585 6
914 531 1120 604 Πέτρος
1136 550 1150 563 ο
1169 533 1286 586 Ἵνα
1311 534 1383 603 μή
1403 548 1484 586 σοι
1506 531 1581 585 δῶ
1606 530 1820 602 πρόφα-

240 641 329 676 σιν
354 625 436 686 εις
467 623 668 695 φυγὴν,
691 622 908 694 ζητήσω
935 640 1015 677 σοι
1049 625 1124 687 ὼς
1148 624 1338 688 θέλεις.
1368 626 1515 697 Πλὴν
1553 626 1823 699 μαρτύρο-

240 731 344 785 μαι
366 714 580 775 πάντας
627 714 708 766 ὅτι
739 713 858 766 οὐδὲ
883 713 940 766 ὃν
962 713 1056 766 νῦν
1079 713 1213 783 ἔφης
1246 714 1401 782 λόγον
1436 714 1497 766 οὐ
1523 713 1815 777 πιστεύεις.

235 801 374 859 Οἶδα
407 806 454 837 ⁸⁷
485 804 594 877 γάρ
625 804 660 859 ἀ
693 807 926 876 φρονεῖς.
974 805 1084 858 Καὶ
1113 804 1273 875 362
1306 805 1391 857 ἵνα
1437 806 1507 875 μή
1551 822 1618 875 με
1658 804 1814 877 δόξῃς

230 896 558 966 ψεύδεσθαι,
619 895 899 967 ἀνοίξομαί
926 894 1094 948 σοιτά
1118 896 1205 959 σὰ,
1234 896 1321 948 ἵνα
1349 895 1495 967 εἰδῇς
1516 896 1561 928 ⁸⁸
1586 897 1666 949 ὅτι
1685 897 1819 969 πρὸς

231 988 424 1042 εἰδότα
453 988 701 1062 διαλέγῃ.

298 1164 431 1219 XII.
481 1165 692 1236 Ἡμεῖς,
718 1157 763 1217 ὦ
796 1164 996 1235 Σίμων,
1033 1164 1098 1218 ὲκ
1122 1165 1220 1236 τῆς
1248 1164 1488 1236 μεγάλης
1513 1164 1812 1234 δυνάμεως,

228 1258 311 1310 ἐτι
334 1276 401 1311 τε
434 1260 528 1311 καὶ
545 1258 643 1328 τῆς
664 1256 858 1329 κυρίας
882 1257 1197 1328 λεγομένης,
1221 1258 1284 1309 ού
1316 1256 1544 1327 λέγομεν
1563 1256 1655 1309 δύο
1678 1259 1814 1310 ἀπε-

232 1350 466 1404 στάλθαι
496 1350 777 1417 ἀγγέλους,
806 1348 897 1402 τὸν
922 1349 1019 1419 μὲν
1046 1351 1137 1402 ἐπὶ
1160 1348 1238 1420 τῷ
1264 1347 1444 1403 κτίσαι
1471 1348 1694 1419 κόσμον,
1721 1350 1813 1403 τὸν

228 1443 284 1495 δὲ
315 1443 417 1494 ἐπὶ
438 1441 516 1511 τῷ
544 1440 729 1493 θέσθαι
751 1441 841 1493 τὸν
865 1440 1025 1510 νόμον
1042 1457 1055 1470 ·
1084 1441 1190 1493 οὐδ’
1217 1442 1297 1494 ὃτι
1320 1441 1497 1494 αὐτῶν
1521 1442 1567 1473 ⁸⁵
1585 1442 1813 1506 ἕκαστος

231 1533 429 1599 ἐλθὼν,
455 1533 541 1601 ἐφ’
567 1527 649 1597 οἷς
670 1532 945 1603 ἐποίησεν,
974 1532 1049 1595 ὡς
1095 1533 1254 1597 αὐτὸς
1291 1532 1365 1586 ὢν
1402 1533 1682 1604 αὐθέντης,
1716 1534 1812 1587 αύ-

228 1617 633 1696 τὺνῆγγειλενο
678 1625 784 1678 οὐδ’
814 1626 843 1677 6
869 1624 1035 1688 ἑστὼς
1066 1625 1112 1660 ’⁸
1140 1626 1468 1696 στησάμενος
1500 1626 1821 1698 ἀντικείμε...

231 1736 340 1781 νος.
381 1718 561 1780 Μάθε,
603 1717 719 1780 πῶς
760 1718 1026 1780 ἀπιστεῖς,
1054 1717 1148 1770 καὶ
1169 1718 1268 1789 τὴν
1294 1719 1550 1772 ὑπόθεσιν
1586 1718 1808 1789 ταύτην.

237 1812 340 1865 Ἦν
371 1812 480 1881 φῂς
500 1811 726 1882 δύναμιν
752 1813 808 1864 έν
829 1813 1155 1884 ἀπορρήτοις
1180 1807 1337 1875 εἶναι,
1372 1812 1591 1879 ἀγνοίας
1629 1810 1809 1881 γέμει.

231 1904 340 1975 Τὴν
371 1904 483 1976 γὰρ
511 1903 903 1974 ἀγνωμοσύνην
928 1903 1038 1956 τῶν
1082 1903 1173 1956 ὑπ’
1198 1902 1369 1972 αὐτῆς
1396 1901 1812 1955 ἀποσταλέντων

232 1995 485 2064 ἀγγέλων
517 1997 578 2048 οὐ
607 1996 1027 2066 προεγίνωσκεν.
1063 1996 1171 2048 Καὶ
1193 1995 1221 2047 6
1248 1994 1449 2065 Σίμων,
1476 1994 1568 2048 τοῦ
1604 1994 1810 2064 Πέτρου

229 2087 409 2141 ταῦτα
433 2086 706 2155 λέγοντος,
747 2087 995 2157 μεγάλως
1016 2085 1287 2156 ὀργισθεὶς
1310 2085 1541 2155 ὲπέκοψε
1565 2084 1809 2154 λέγοντα,

230 2178 433 2229 είπὼν·
468 2178 534 2230 Τί
572 2177 847 2248 φλυαρεῖς,
880 2177 1118 2248 τολμηρὲ
1156 2179 1250 2231 καὶ
1291 2177 1505 2231 πάντων
1544 2175 1812 2248 προπετέ-

231 2284 421 2331 στατε,
476 2268 567 2321 ἐπ’
613 2267 785 2338 ὄχλων
832 2267 1040 2340 εὐμαθῆ
1067 2269 1109 2301 ’⁸
1139 2266 1409 2337 ὲκφαίνων
1456 2267 1696 2338 ἀτεχνῶς
1741 2265 1812 2320 τὰ

228 2363 561 2433 ἀπόρρητα;
612 2362 721 2414 Καὶ
749 2363 777 2414 6
802 2361 1032 2432 Πέτρος·
1063 2360 1127 2413 Τί
1154 2359 1364 2429 φθονεῖς
1410 2359 1810 2431 εὑεργετεῖσθαι

226 2455 359 2517 τοὺς
411 2453 689 2523 παρόντας
722 2451 1023 2523 ἀκροατάς;
1072 2452 1185 2505 Καὶ
1229 2446 1484 2523 όΣίμων*
1532 2452 1741 2505 Οὐκοῦν
1764 2452 1808 2483 ⁸⁸

228 2543 516 2614 ὁμολογεῖς
553 2543 653 2613 τὴν
688 2542 942 2613 τοιαύτην
964 2542 1255 2611 ἐπίγνωσιν
1276 2544 1593 2615 εὐεργεσίαν
1633 2540 1807 2611 εἷναι;

227 2640 340 2693 Καὶ
384 2640 414 2691 6
441 2638 678 2709 Πέτρος·
741 2636 1035 2707 Ὀμολογῶ.
1089 2638 1161 2689 Τὸ
1195 2636 1304 2709 γὰρ
1348 2636 1541 2707 ψεῦδος
1568 2639 1809 2708 γνωσθὲν

227 2729 531 2799 εὐεργετεῖ,
568 2726 789 2795 ἀγνοίας
810 2728 957 2799 αἰτίᾳ
990 2729 1063 2799 μὴ
1085 2733 1399 2799 περιπεσεῖν
1432 2730 1600 2801 αύτῷ.
1648 2732 1759 2784 Καὶ
1780 2733 1810 2785 6

228 2820 440 2889 Σίμων·
478 2819 642 2890 363
674 2820 844 2892 Φαίνῃ
880 2836 968 2889 μοι
1022 2819 1095 2890 μὴ
1131 2818 1425 2891 δύναμενος
1466 2823 1639 2874 εἰπεῖν
1665 2824 1745 2886 είς
1770 2823 1809 2877 ἃ.

229 2911 523 2984 προέτεινά
548 2928 651 2965 σοι.
688 2910 845 2980 Λέγω
864 2910 926 2983 δὴ
966 2911 1012 2945 ³³
1046 2912 1127 2964 ὅτι
1152 2912 1247 2965 καὶ
1271 2914 1299 2966 6
1345 2912 1671 2980 Διδάπαλός
1714 2933 1807 2971 σου

228 3002 281 3055 ὲν
309 3002 650 3072 ἀπορρήτοις
676 3001 795 3054 τινὰ
828 3001 975 3069 λέγει
999 2996 1136 3054 εἶναι
1165 3000 1402 3074 Πατέρα.

293 3090 444 3145 XIII.
476 3091 635 3144 Καὶό
676 3091 879 3162 Πέτρος
905 3091 1039 3162 ἔφη’
1088 3091 1510 3163 Ἀποκρινοῦμαι
1546 3095 1626 3157 είς
1661 3094 1690 3148 ὃ
1715 3095 1805 3149 θέ-

225 3180 337 3245 λεις
380 3182 515 3252 περὶ
561 3180 683 3234 τοῦ·
732 3180 939 3248 Οὐδεὶς
970 3182 1121 3250 ἔγνω
1168 3183 1275 3235 τὸν
1291 3184 1540 3251 Πατέρα,
1567 3187 1621 3238 εὶ
1654 3185 1741 3255 μὴ
1772 3190 1805 3241 ὀ

235 3270 385 3336 Υἱός,
424 3268 572 3323 οὐδὲ
598 3271 703 3322 τὸν
741 3270 875 3323 Υιόν
898 3287 987 3336 τις
1005 3270 1251 3338 οἶδεν-,εὶ
1271 3270 1356 3340 μὴ
1389 3275 1422 3325 ό
1454 3272 1678 3341 Πατὴρ,
1707 3275 1806 3328 καὶ

228 3367 312 3432 οἷς
338 3365 420 3420 ἂν
448 3366 749 3433 βούληται
782 3368 814 3419 ό
871 3365 1002 3430 Υἱὸς
1040 3366 1427 3435 ἀποκαλύψαι
1472 3366 1538 3420 ⁸⁸.
1582 3368 1805 3439 Πρῶτον

230 3458 324 3527 μὲν
347 3457 643 3528 θαυμάζω,
669 3457 805 3522 πῶς,
830 3456 925 3509 τοῦ
958 3456 1117 3525 λόγου
1141 3456 1331 3511 τούτου
1365 3458 1561 3531 μυρίας
1587 3460 1632 3490 9⁵
1658 3460 1805 3530 ἕχον-

224 3564 312 3612 am;
327 3546 582 3617 ἐκδοχὰς,
602 3547 664 3599 σὺ
684 3546 744 3599 τὸ
758 3546 1215 3618 ἐπικινδυνότερον
1235 3546 1459 3613 ἐξελέξω
1473 3548 1635 3621 μέρος
1642 3591 1656 3615 ν
1670 3551 1805 3622 πρὸς

224 3639 501 3708 ἀγνωσίαν
531 3638 628 3692 τοῦ
648 3639 990 3709 Δημιουργοῦ
1018 3640 1111 3692 καὶ
1139 3638 1246 3693 τῶν
1272 3641 1361 3693 ὑπ’
1396 3640 1560 3694 αὐτοῦ
1587 3643 1804 3696 πάντων

227 3733 405 3799 φήσας
431 3728 685 3802 εἰρῆσθαι
724 3729 817 3782 τὸν
848 3729 1023 3797 λόγον.
1067 3730 1287 3799 Πρῶτον
1314 3732 1409 3802 μὲν
1442 3732 1551 3804 γὰρ
1583 3733 1803 3787 δύναται

227 3823 255 3873 6
273 3821 437 3886 λόγος
463 3820 714 3892 εἰρῆσθαι
735 3821 869 3892 πρὸς
889 3821 1093 3884 πάντας
1126 3821 1425 3887 Ἰουδαίους,
1445 3824 1571 3889 τοὺς
1592 3825 1803 3897 πατέρα

228 3913 551 3983 νομίζοντας
573 3906 710 3963 εἶναι
738 3909 972 3982 Χριστοῦ
1006 3910 1098 3963 τὸν
1122 3910 1168 3941 ’⁸
1191 3910 1374 3975 Δαὸὶδ,
1417 3914 1512 3965 καὶ
1556 3914 1715 3967 αὑτὸν
1748 3915 1803 3969 δὲ

228 4000 314 4055 τὸν
337 4000 582 4073 Χριστὸν
604 3999 716 4054 υἱὸν
731 4000 880 4063 ὄντα,
904 4000 997 4053 καὶ
1013 4000 1139 4054 Υἰδν
1161 3998 1295 4053 Θεοῦ
1320 4001 1395 4073 μὴ
1425 4004 1798 4071 ὲγνωκέναι⁹⁷.

228 4096 313 4148 Διὸ
336 4096 435 4148 καὶ
456 4092 677 4156 οἰκείως
701 4092 944 4165 εἴρηται·
978 4092 1185 4159 Οὐδεὶς
1216 4094 1368 4163 ἔγνω
1397 4094 1503 4148 τὸν
1544 4096 1799 4165 Πατέρα,

228 4189 344 4243 ἐπεὶ
381 4188 509 4242 ἀντὶ
546 4186 643 4241 τοῦ
674 4185 809 4239 Θεοῦ
845 4186 937 4240 τὸν
969 4186 1131 4239 Δαόὶδ
1166 4187 1367 4252 πάντες
1400 4186 1605 4256 ἔλεγον,
1650 4189 1713 4243 τὸ
1742 4190 1799 4243 δὲ

228 4281 505 4349 ἑπάξαντα
528 4281 725 4343 εἰπεῖν,
772 4279 852 4345 ὡς
880 4276 1021 4332 οὐδὲ
1048 4277 1154 4331 τὸν
1187 4279 1325 4332 ma»
1351 4296 1441 4343 τις
1458 4279 1642 4346 οἶδεν,
1676 4280 1801 4334 ἐπεὶ

1921 437 1986 494 Et
2019 439 2245 496 Simon:
2278 438 2408 509 Ejus
2457 438 2762 493 doctrinam
2794 450 2902 489 non
2952 431 3208 503 proﬁteor
3252 444 3340 483 me
3370 444 3495 483 cre-

1918 531 2066 597 dere,
2096 537 2152 584 at
2185 530 2253 584 de
2281 529 2372 595 iis,
2409 528 2466 582 in
2518 542 2640 598 quie
2665 542 2798 581 easu
2840 523 3051 587 incidit,
3089 518 3334 575 edissero‘
3368 517 3491 575 tibi.

1920 620 2057 676 Tum
2088 620 2322 677 Petrus:
2367 618 2447 675 Ne
2487 619 2610 676 dem
2673 619 2769 672 tibi
2823 624 3142 686 praetextum
3172 610 3237 665 ad
3283 609 3491 679 fugam,

1918 714 2275 783 qutestionem
2305 722 2483 767 tecum
2514 711 2725 766 habebo
2759 709 2895 763 sicut
2940 708 3043 760 vis.
3100 703 3491 759 Verumtamen

1917 818 2110 857 omnes
2131 809 2326 869 testor,
2350 805 2496 873 quod
2532 818 2707 873 neque
2724 801 2900 864 illum,
2925 813 3086 867 quem
3113 812 3260 850 nunc
3278 794 3487 859 dixisti,

1916 907 2223 947 sermonem
2256 894 2471 948 credas.
2504 892 2640 948 Novi
2690 905 2924 958 namque
2947 898 3095 942 tuam
3142 886 3485 940 sententiam.

1918 986 1985 1041 Et
2014 1002 2082 1041 ne
2117 1003 2203 1041 me
2229 986 2511 1042 arbitreris
2558 984 2752 1038 falsum
2788 983 3005 1046 dicere,
3043 979 3364 1047 signiﬁcabo
3394 980 3491 1034 tibi

1917 1088 2030 1145 tua,
2057 1089 2115 1134 ut
2146 1082 2286 1135 scias
2318 1088 2371 1134 te
2403 1094 2526 1134 cum
2549 1078 2754 1132 sciente
2775 1076 3098 1145 disceptare.

1985 1170 2098 1225 Xll.
2138 1170 2268 1236 Nos,
2295 1188 2328 1224 ο
2355 1169 2566 1234 Simon,
2595 1185 2661 1223 ex
2690 1182 2885 1237 magna
2908 1168 3131 1228 virtute.
3162 1181 3284 1236 qua:
3308 1173 3362 1220 et
3391 1165 3499 1226 do-,

1915 1261 2058 1315 mina
2083 1270 2311 1317 vocatur
2331 1304 2345 1327 ,
2376 1277 2484 1315 non
2526 1260 2761 1315 dicimus
2789 1259 2986 1313 missos
3016 1257 3185 1312 fuisse
3209 1258 3348 1311 duos
3390 1271 3490 1309 an-

1914 1353 2083 1421 gelos,
2118 1368 2287 1406 unum
2320 1353 2541 1421 quidem
2579 1351 2646 1404 ad
2672 1352 2971 1404 creandum
3002 1349 3287 1415 mundum,
3320 1348 3487 1401 alium

1912 1460 2041 1499 vero
2065 1444 2131 1498 ad
2168 1443 2448 1499 ferendam
2505 1446 2908 1513 legem,.neque
2949 1443 3093 1510 quod
3130 1453 3357 1510 uterque
3391 1456 3487 1494 ve-

1914 1538 2069 1592 niens
2090 1552 2303 1602 eorum,
2348 1551 2471 1606 qua:
2516 1534 2680 1601 fecit,
2736 1549 2796 1589 se.
2842 1548 3154 1603 supremum
3206 1543 3485 1587 auctorem

1914 1629 2308 1699 przedicaverit,
2342 1643 2521 1699 neque
2549 1629 2696 1698 quod
2723 1636 2878 1681 stans
2908 1627 2979 1681 sit
3016 1635 3260 1681 staturus
3300 1635 3358 1680 ut
3385 1626 3487 1679 ad-

1913 1719 2207 1774 versarius.
2236 1718 2378 1773 Audi
2416 1733 2526 1789 quo
2554 1718 2718 1772 modo
2748 1718 2850 1772 hac
2871 1717 3032 1772 etiam
3067 1717 3119 1770 in
3144 1732 3204 1771 re
3234 1716 3487 1771 incredu-

1911 1809 1999 1865 lus
2027 1811 2125 1865 sis.
2153 1808 2363 1876 Virtus,
2386 1824 2551 1877 quam
2575 1809 2628 1861 in
2652 1808 2870 1862 arcanis
2896 1808 2978 1861 ais
2999 1822 3140 1871 esse,
3168 1807 3488 1875 ignorantiae

1912 1903 2069 1972 plena
2092 1911 2194 1958 est.
2220 1900 2357 1955 Nam
2386 1902 2660 1970 ingratum
2686 1901 2927 1955 animum
2954 1900 3021 1952 ab
3042 1900 3157 1967 ipsa
3187 1899 3483 1953 missorqu

1910 1994 2226 2063 angelorum
2254 2009 2363 2047 non
2391 1994 2685 2064 prtescivit.
2722 1993 2802 2047 Ac
2832 1992 3042 2054 Simon,
3070 1992 3229 2045 Petro
3259 1992 3373 2046 haae
3403 1992 3487 2045 die

1909 2094 2086 2148 cente,
2118 2086 2467 2139 vehementer
2492 2085 2665 2139 iratus
2700 2085 3010 2161 loquentem
3056 2083 3349 2151 interrupit
3395 2084 3485 2138 di~

1911 2178 2128 2246 xitque:
2165 2175 2303 2242 Quid
2341 2178 2603 2243 blateras,
2636 2177 2924 2231 temerarie
2959 2176 3316 2245 omniumque
3346 2190 3477 2245 pro-

1911 2269 2239 2334 tervissime,
2276 2279 2330 2322 et
2351 2283 2534 2323 coram
2561 2269 2760 2337 popqu
2787 2268 2951 2322 docili
2996 2277 3198 2321 temere
3224 2266 3484 2336 patefacis

1909 2358 2151 2412 arcana?
2187 2357 2255 2412 Et
2281 2357 2513 2412 Petrus:
2548 2357 2661 2411 Cur
2691 2357 2900 2413 invides
2940 2358 3247 2412 astantibus
3271 2358 3485 2412 audito-

1909 2450 2062 2505 ribus
2091 2451 2198 2506 hoc
2224 2450 2584 2505 beneﬁcium?
2632 2448 2860 2503 Simon:
2898 2448 3016 2503 Non
3052 2451 3215 2520 igitur
3258 2451 3486 2505 conﬁte-

1908 2545 2006 2608 ris,
2031 2543 2345 2613 huiusmodi
2362 2542 2695 2611 agnitionem
2724 2541 3046 2595 beneﬁcium
3068 2545 3227 2597 esse?
3252 2541 3483 2612 Petrus;

1908 2635 2125 2690 Fateor.
2181 2632 2319 2689 Nam
2376 2633 2723 2689 mendacium
2778 2632 3057 2701 cognitum
3106 2649 3171 2688 eo
3220 2634 3483 2688 beneﬁcio

1908 2727 2092 2790 allicit,
2123 2736 2182 2781 ut
2211 2726 2264 2780 in
2295 2726 2428 2780 illud
2475 2740 2571 2794 per
2618 2724 2982 2793 ignorantiam
3017 2740 3123 2779 non
3152 2724 3480 2781 incidamus.

1910 2819 2132 2875 Simon:
2186 2818 2399 2875 Videris
2427 2819 2560 2873 mihi
2597 2834 2702 2873 non
2749 2834 2909 2888 posse
2939 2817 3267 2886 respondere
3316 2819 3383 2872 ad
3417 2834 3481 2873 ea

1907 2927 2030 2983 qua:
2059 2910 2156 2966 tibi
2179 2910 2459 2981 proposui.
2505 2910 2608 2963 Aio
2642 2919 2824 2964 antem
2851 2950 2867 2975 ,
2919 2909 3063 2977 quod
3115 2918 3169 2962 et
3222 2908 3481 2980 Magister

1833 3022 1874 3077 (ι
1908 3014 2036 3059 tuus
2056 3004 2345 3073 quemdam
2378 3001 2509 3056 dicit
2541 3016 2662 3055 esse
2691 3001 2742 3055 in
2779 3001 2994 3055 areanis
3027 2998 3263 3053 Patrem.

1982 3095 2123 3150 XIII.
2154 3095 2221 3148 Et
2251 3093 2447 3149 Petrus
2467 3094 2638 3147 dixit:
2664 3091 3023 3162 Respondebo
3052 3091 3117 3143 ad
3138 3091 3189 3143 id
3212 3089 3355 3160 quod
3375 3090 3477 3158 vis,

1906 3187 1974 3243 de
2002 3186 2130 3242 illo:
2164 3185 2335 3240 Nemo
2365 3184 2506 3237 novit
2532 3181 2773 3248 Patrem,
2802 3182 2904 3234 nisi
2938 3178 3134 3242 Filius,
3184 3197 3344 3250 neque
3379 3178 3479 3234 Fi-

1905 3280 2037 3334 lium
2072 3280 2189 3349 quis
2215 3280 2376 3343 novit,
2416 3276 2518 3330 nisi
2546 3276 2727 3337 Pater,
2756 3283 2805 3328 et
2836 3273 3022 3344 quibus
3048 3272 3265 3326 voluerit
3300 3271 3349 3326 Ρ
3354 3273 3479 3327 ilius

1906 3371 2153 3431 revelare.
2200 3368 2386 3423 Primo
2434 3367 2651 3437 quidem
2686 3366 2856 3419 miror
2882 3406 2897 3429 ,
2930 3380 3037 3433 qua
3091 3364 3321 3430 ratione,
3353 3380 3478 3419 cum

1908 3463 2011 3517 hoc
2036 3462 2241 3517 dictum
2271 3460 2588 3513 innumeros
2617 3458 2815 3510 haheat
2849 3472 3044 3511 sensus
3065 3494 3079 3517 .
3118 3464 3169 3508 tn
3207 3456 3481 3525 periculo—

1905 3554 2106 3609 siorem
2164 3551 2396 3619 elegeris
2444 3556 2676 3619 partem,
2719 3548 2873 3602 aiens
2922 3548 3190 3616 prolatum
3225 3547 3395 3601 fuisse
3422 3547 3475 3601 in

1904 3643 2268 3716 ignorantiam
2316 3641 2593 3697 Creatoris
2644 3641 2999 3709 omniumque
3027 3639 3130 3693 sub
3173 3655 3238 3694 eo
3272 3640 3477 3709 posito-

1904 3752 2048 3791 rum.
2084 3735 2374 3790 Enimvero
2407 3732 2644 3802 primum
2670 3740 2847 3801 potest
2872 3730 3240 3786 testimonium
3265 3730 3472 3785 dictum

1902 3840 2029 3881 esse
2067 3825 2120 3879 in
2149 3839 2342 3879 omnes
2366 3822 2607 3887 Iudaeos,
2652 3823 2745 3892 qui
2801 3831 3006 3892 patrem
3064 3822 3269 3876 Christi
3317 3833 3475 3890 puta-

1902 3920 2034 3975 bant
2086 3917 2344 3984 Davidem
2379 3931 2498 3970 esse
2520 3956 2536 3980 ,
2566 3927 2731 3985 atque
2765 3915 3044 3969 Christum
3098 3915 3218 3984 ejus
3275 3915 3471 3981 ﬁlium,

1901 4010 2103 4079 quique
2149 4007 2347 4064 Filium
2392 4006 2486 4060 Dei
2527 4022 2634 4061 non
2678 4014 3063 4074 cognoverant.
3112 4004 3293 4072 Quare
3344 4014 3470 4075 apte

1900 4101 2105 4156 dictum
2133 4106 2251 4153 est:
2282 4096 2453 4151 Nemo
2478 4096 2617 4151 novit
2646 4095 2887 4161 Patrem,
2918 4097 3043 4164 quia
3070 4112 3166 4165 pro
3201 4095 3312 4150 Deo
3352 4111 3472 4149 om-

1901 4208 1999 4246 nes
2030 4189 2284 4245 Davidem
2311 4186 2563 4242 aiebant:
2595 4197 2649 4243 et
2691 4187 2836 4256 quod
2865 4187 3163 4257 subjungit,
3193 4187 3331 4240 sicut
3365 4204 3459 4242 nec

1902 4281 2107 4336 Filium
2127 4281 2243 4350 quis
2264 4279 2429 4345 novit,
2457 4279 2661 4333 dictum
2687 4285 2789 4342 est,
2819 4278 2947 4347 quia
2969 4294 3094 4331 eum
3120 4276 3317 4331 Filium
3346 4294 3469 4333 esse

228 4376 387 4432 αὑτὸν
413 4372 548 4428 Υἱὸν
571 4372 701 4427 ὄντα
721 4370 821 4424 οὐκ
846 4369 1064 4440 ᾔδεισαν
1088 4369 1155 4433 ⁸⁸,
1186 4370 1279 4423 καὶ
1292 4369 1356 4423 τὸ
1379 4372 1573 4435 εἰπεῖν,
1602 4374 1692 4440 οἷς
1720 4374 1798 4429 ἂν

1910 4372 2270 4437 nesciverunt,
2300 4380 2355 4425 et
2386 4369 2532 4440 quod
2554 4370 2662 4423 ait:
2691 4368 2892 4434 Quibus
2933 4369 3155 4423 voluerit
3182 4368 3357 4425 Filius
3385 4386 3470 4423 re-

226 4465 522 4531 βούληται
544 4464 578 4516 ὀ
613 4460 744 4527 Υἱὸς
761 4460 1167 4543 ἀποκαλύψαι,
1191 4459 1365 4532 ὀρθῶς
1381 4460 1611 4532 εἴρηται’
1642 4465 1670 4517 6
1688 4464 1797 4537 γὰρ

228 4559 320 4610 ἀπ’
351 4557 529 4628 ἀρχῆς
550 4552 626 4607 ὣν
672 4552 799 4615 Υἱὸς
851 4550 1011 4623 μόνος
1037 4550 1265 4623 ὡρίσθη,
1300 4552 1387 4605 ἵνα
1424 4547 1506 4615 οἷς
1548 4552 1798 4624 βούλεται

226 4646 575 4720 ἀποκαλύψῃ.
601 4645 710 4698 Καὶ
741 4642 913 4707 οὕτως
932 4641 1153 4695 δύναται
1202 4641 1374 4713 Ἀδὰμ
1415 4645 1444 4696 6
1473 4646 1797 4715 πρωτόπλα-

227 4755 347 4803 στος
378 4736 544 4793 αὐτὸν
573 4733 649 4807 μὴ
672 4735 905 4803 ἀγνοεῖν,
935 4732 1056 4787 οὐδὲ
1085 4730 1254 4803 Ἑνὼχ
1275 4733 1304 4787 6
1322 4733 1691 4807 εὐαρεστήσας
1718 4737 1795 4809 μὴ

1901 4465 2247 4531 velare,recte
2265 4462 2444 4528 habet,
2465 4462 2559 4531 qui
2581 4462 2723 4515 enim
2743 4460 2812 4515 ab
2836 4461 2991 4515 initio
3006 4470 3089 4515 est
3112 4459 3301 4527 Filius,
3316 4461 3468 4516 solus

1901 4551 2207 4607 destinatus
2231 4559 2334 4612 est,
2364 4558 2422 4604 ut
2446 4550 2648 4620 quibus
2674 4551 2823 4619 cupit
2869 4550 3087 4604 revolet.
3127 4549 3191 4605 Et
3224 4550 3303 4606 sic
3357 4566 3465 4605 non

1900 4649 2080 4712 potest
2101 4640 2363 4703 Adamus,
2407 4640 2618 4708 primus
2644 4648 2862 4693 creatus
2910 4640 3094 4702 homo,
3128 4640 3278 4694 illum
3312 4641 3468 4710 igno-

1900 4748 2073 4801 rasse,
2101 4747 2277 4802 neque
2307 4729 2516 4798 Enoch,
2544 4730 2636 4801 qui
2665 4730 2888 4801 placuit,
2904 4731 3185 4799 neseiisse,
3204 4748 3303 4787 nec
3328 4730 3463 4799 Noe,

1489 4867 1724 4926 VARIE
1763 4871 2164 4930 LECTIONES.

294 4965 340 5046 ’ξ
354 4963 501 5047 Vhb.
533 4962 626 5017 καὶ
650 4963 678 5016 6
702 4962 887 5047 Σίμων
915 4976 1027 5047 om.
1061 4961 1123 5015 0.
1187 4959 1709 5047 A'ﬂentre‘eeuxiiévta
1808 5007 1823 5033 ,
1861 4970 2284 5047 έπιτετευγμένα
2313 4970 2409 5047 S._
2465 4969 2511 5001 ⁸⁷
2524 4963 2666 5047 οἶδεν
2682 4967 2743 5021 Ο.
2768 5038 2782 5047 _
2821 4967 2997 5040 ⁸⁸ἱ¹δης
3055 4968 3116 5021 0.

294 4988 340 5002 ν·
367 4988 501 5019 vuu.
533 4988 626 5017 και
650 4988 678 5016 ο
708 4988 887 5033 μιμων
915 4988 1027 5017 υιιι.
1061 4988 1123 5015 υ.
1202 4988 1709 5033 ν-ιπιτετευχνεντα
1737 4988 1778 5021 υ
1808 5007 1823 5033 ,
1861 4988 2109 5024 επιτετευ

228 5035 421 5103 scripsi
478 5051 544 5089 ex
593 5033 824 5103 conject.
857 5074 873 5099 ,
931 5040 992 5086 ut
1039 5032 1318 5103 sequentia
1369 5040 1515 5103 stare
1548 5036 1806 5103 possint,
1867 5040 2057 5094 ἑαυτόν
2108 4988 2150 5096 (ζ

3212 4964 3257 4997 ⁸ο
3285 4965 3464 5021 αὐτῶν

2161 5035 2175 5101 .
2243 5044 2305 5096 Ο.
2366 5039 2505 5094 Tum
2566 5038 2691 5093 add.
2753 5038 2829 5102 ὼς
2904 5035 3030 5094 ante
3092 5035 3252 5098 αὐτός
3301 5051 3350 5088 c.
3395 5039 3458 5088 Ο.

227 5100 539 5183 [factionem
569 5100 851 5183 utriusque
873 5100 1296 5183 Hom.._c_od.tbv
1327 5100 2101 5183 αύθέντης-αύτόνΒ--ῆυδιι-ίι
2123 5100 2353 5183 mutavit
2386 5111 2448 5171 in
2462 5109 2537 5172 ὡς
2560 5100 2824 5183 αύθέντην
2860 5109 3042 5183 αὑτός.
3073 5177 3083 5183 _
3120 5108 3166 5139 9°
3187 5104 3323 5158 Vbb.
3350 5106 3458 5158 οὐδ’

224 5175 255 5227 6
288 5174 481 5252 ἑστώς,
508 5191 563 5227 κ.
598 5192 650 5228 τ.
678 5174 726 5227 λ.
769 5174 976 5242 absque
999 5173 1350 5252 distinctione
1381 5174 1433 5226 in
1467 5173 1571 5228 ms.
1598 5175 1655 5229 Id
1677 5188 1763 5252 est
1791 5194 1804 5231 :
1844 5179 2024 5251 Neque
2054 5192 2225 5247 stans,
2255 5182 2413 5235 alteri
2444 5180 2712 5247 oppositus
2738 5173 2796 5252 eti
2815 5177 3170 5252 aduersarius,
3219 5184 3458 5252 staturus

226 5254 323 5297 est.
355 5245 529 5329 Quem
556 5260 776 5329 sensum
804 5245 1042 5329 unt‘pn‘tni
1068 5245 1380 5329 eipirscatus
1402 5246 1869 5329 sulm,_'partimAea_r
1896 5245 2159 5329 orationis
2195 5245 2358 5329 serie,
2392 5245 2609 5329 partim"
2624 5250 2852 5329 ert-aliis
2888 5250 3083 5329 {rerum
3114 5246 3457 5329 θρόει-γυιω-

228 5329 356 5394 rnrn
374 5316 531 5394 locis,
558 5316 703 5368 hom.
738 5314 914 5394 11,22.
942 5312 1045 5394 ΞΜ
1081 5326 1163 5391 ll},
1191 5312 1442 5394 23_thll.
1464 5312 1514 5367 1.
1538 5315 1684 5384 Epit.
1706 5331 1757 5394 c_.
1785 5320 1873 5375 25.
1897 5320 2147 5394 Πακόρῳ,
2166 5339 2223 5394 n,
2258 5322 2287 5374 7
2309 5340 2324 5387 ;
2344 5312 2546 5394 1.1.47.
2570 5318 3057 5394 ΟἈΜίΙιίιιιυὶόειιι,
3085 5312 3209 5371 coll.
3229 5312 3458 5394 praesen:

231 5385 322 5455 tim
344 5387 465 5439 loco
488 5386 636 5438 hom.
664 5402 724 5450 ιι,
758 5384 849 5448 22,
877 5393 1061 5455 nostra
1091 5383 1171 5455 sic
1200 5383 1449 5455 videntur
1474 5383 1594 5455 esse
1626 5390 1956 5455 restituenda
1985 5408 1999 5445 :
2032 5383 2141 5444 ὀύδ⁴
2166 5383 2246 5446 ὅτι
2278 5383 2382 5453 (vel
2423 5383 2584 5445 etiam
2633 5390 2713 5442 ὄτι
2746 5388 2810 5441 σύ
2833 5383 2969 5444 ἐοιι.
3023 5390 3170 5441 hom.
3206 5397 3362 5455 mu,
3400 5384 3452 5455 7)

228 5454 259 5504 6
284 5455 454 5518 ἑστὼς
486 5454 651 5518 στησό

657 5452 1064 5531 aegrotassem
1096 5449 1185 5531 pall
1202 5452 1515 5531 κεισόμενρς
1544 5454 2124 5531 ςγοιλπεσούμενος).8.
2158 5462 2234 5517 C0
2257 5449 2337 5517 lex
2365 5466 2471 5515 Ott.
2514 5460 2800 5531 conﬁrmat
2832 5460 3113 5531 lectionc‘m
3144 5454 3245 5531 a_
3297 5449 3454 5531 exiri-'-

228 5521 414 5607 2"“).-
473 5519 865 5607 ."éeiefvcc-
939 5519 1308 5607 ",9°*°§V.C:
1359 5519 1623 5607 ’τ’δήέρ
1648 5524 1704 5577 δέ
1733 5519 1884 5607 (1.01
1938 5519 2433 5607 ,’⁴’ἀπρκαλύψαιο
2488 5547 2535 5607 (ξο
2569 5525 3099 5607 ρεςξποκαλύψειρς
3176 5523 3453 5607 "mea:

230 5594 328 5674 9;,
360 5595 412 5674 ξ’
428 5595 585 5674 ’⁸6⁸12
601 5591 755 5674 Eli“
790 5591 1021 5674 {Parii-(,3
1044 5594 1179 5674 )70‘3
1217 5592 1712 5674 ἱιιλςκιέιοη⁹⁷ιρς
1748 5591 2065 5671 ἐγνωκότας.
2099 5605 2240 5658 idem
2265 5591 2545 5674 proposuit
2570 5591 3220 5665 Schliemanmis,Clem.,
3242 5591 3291 5664 ζ).
3318 5591 3446 5662 200,

233 5663 332 5719 569
360 5663 418 5720 S.
494 5664 761 5737 "ﬁth
792 5670 831 5718 0
864 5705 875 5728 ,
910 5662 1002 5734 qui
1040 5672 1152 5719 tum
1184 5663 1367 5719 scribit
1404 5662 1667 5733 βούλεται.
