4022 6336
547 284 652 339 415

1359 283 1417 336 S.
1462 276 1850 336 CLEMENTIS
1885 280 1905 333 ι
1942 279 2106 335 ROM.
2148 278 2346 333 PONT.
2388 278 2615 333 OPERA
2654 276 2879 337 DUBIA.

3661 286 3751 341 H6

546 398 750 469 justus,
790 411 895 450 non
926 392 1240 463 agnovisse,
1294 408 1394 450 nec
1445 394 1829 458 Abrahamus,
1888 390 2122 460 amicus,

2235 392 2445 456 ειδέναι,
2494 392 2616 445 οὔτε
2665 393 2787 446 Νῶε
2829 397 2857 449 6
2897 394 3104 458 δίκαιος
3151 393 3223 466 μὴ
3276 397 3607 464 ἱπίστασθαι,
3649 401 3757 456 οὔτε

552 504 661 542 non
691 486 1044 550 intellexisse,
1075 499 1175 538 nec
1202 484 1424 538 lsaacus
1448 499 1556 537 non
1582 484 1910 554 percepisse,
1949 499 2126 554 neque

550 575 810 642 Jacohus,
836 574 931 645 qui
960 574 1200 629 luctatus
1223 581 1329 638 est,
1357 589 1465 627 non
1492 573 1795 628 credidisse
1824 615 1840 639 ,
1887 575 2126 644 denique

555 683 662 722 non
699 674 880 735 potest
910 663 1047 729 ﬁeri,
1085 662 1218 733 quin
1248 663 1462 718 cunctis
1489 663 1543 717 in
1570 664 1772 734 populo
1808 663 1993 736 dignis
2038 664 2127 718 ille

553 756 717 811 fuerit
749 758 1042 811 revelatus.

622 846 763 901 XIV.
796 849 892 901 Sin
928 864 1077 906 vero.
1117 848 1259 904 sicut
1304 848 1406 914 ais,
1436 846 1582 903 Deus
1628 864 1774 903 nunc
1804 847 2127 904 revelandus

551 949 637 994 est
663 940 898 1004 cunctis,
938 948 998 993 ut
1026 954 1414 1010 cognoscatur,
1452 955 1549 1009 per
1571 937 1782 1005 Jesum,
1826 956 1936 1009 quo
1967 941 2127 995 modo

556 1046 662 1084 non
691 1031 1098 1100 iniquissimum
1126 1032 1283 1097 dicis,
1334 1031 1459 1086 illos
1488 1032 1707 1102 quidem
1756 1048 1865 1086 non
1919 1049 2126 1103 cogno-

555 1121 721 1186 visse,
747 1122 839 1190 qui
874 1122 1062 1175 mundi
1098 1120 1324 1175 fuerunt
1352 1131 1558 1191 septem
1586 1123 1887 1188 columina,
1922 1125 2128 1193 quique

552 1212 862 1281 jnstissimo
887 1212 995 1266 Deo
1026 1213 1232 1281 accepti
1262 1228 1381 1267 esse
1399 1222 1719 1283 potuerunt,
1748 1223 1801 1268 et
1828 1231 1956 1269 vero
1984 1231 2128 1268 nunc

558 1311 638 1356 tot
688 1303 882 1372 impios
934 1319 1000 1358 ex
1032 1304 1286 1374 gentibus
1315 1306 1540 1359 omnino
1595 1321 1930 1375 cognoscere
1963 1305 1986 1358 ἲ
2022 1306 2125 1371 Illi,

553 1394 771 1448 cunt-tis
801 1395 1116 1449 hominibus
1142 1396 1572 1465 prmstantiores,
1626 1398 1778 1467 digni
1816 1396 1984 1451 habiti
2019 1413 2127 1452 non

558 1488 803 1556 suntqui
837 1488 1269 1557 cognoscerent?
1304 1487 1369 1540 Et
1398 1503 1509 1557 quo
1533 1489 1695 1543 modo
1722 1489 1773 1542 id
1797 1488 2001 1544 bonum
2024 1498 2126 1555 est,

557 1580 704 1648 quod
740 1593 848 1632 non
886 1587 969 1632 est
992 1578 1238 1647 justum?
1267 1578 1370 1633 nisi
1397 1579 1441 1633 si
1474 1594 1598 1633 eum
1630 1579 1832 1633 bonum
1859 1580 2130 1649 appellare

558 1670 819 1734 volueris,
854 1685 963 1722 non
986 1668 1077 1738 qui
1107 1668 1254 1738 juste
1284 1680 1574 1739 operantes
1604 1670 1885 1724 beneﬁciis
1940 1672 2126 1736 allicit,

2243 483 2494 554 Ἀϐραὰμ
2523 485 2551 536 6
2576 483 2725 552 φίλος
2748 484 2821 555 μὴ
2849 485 3109 549 συνιέναι,
3142 486 3241 540 οὑκ
3284 488 3463 541 Ἰσαὰκ
3489 490 3558 561 μὴ
3593 509 3759 565 νενοη-

2230 576 2405 641 κέναι,
2435 576 2535 629 οὐκ
2572 575 2763 630 Ἰακὼό
2792 579 2820 629 6
2852 577 3121 641 παλαίσας
3142 579 3215 650 μὴ
3239 582 3637 636 πεπιστευκέναι
3678 587 3762 639 καὶ

2230 665 2394 717 πᾶσιν
2427 667 2540 729 τοῖς
2566 667 2621 718 ἐν
2640 665 2719 737 τῷ
2738 665 2853 737 λαῷ
2875 666 3045 733 ἀξίοις
3072 668 3146 741 μὴ
3177 670 3621 742 ἀποκεκαλύφθαι.

2300 834 2464 907 364
2482 834 2624 891 XIV.
2640 837 2703 889 Εί
2717 837 2791 900 δὲ,
2806 838 2883 903 ὠς
2894 838 3018 911 φῄς,
3036 838 3286 894 ἔσταιδιά
3299 840 3557 897 τὺείδέναι
3582 844 3660 898 διὰ
3678 845 3764 901 τοῦ

2239 926 2414 997 Ἰησοῦ
2440 927 2534 979 νῦν
2562 929 2723 981 πᾶσιν
2746 929 3244 994 ἀποκαλύπτεσθαι,
3273 932 3388 995 πῶς
3410 934 3506 986 ούκ
3531 934 3768 990 ἀδικώτα-

2224 1036 2317 1071 τον
2341 1018 2547 1086 λέγεις,
2592 1018 2831 1082 ἐκείνους
2864 1021 2958 1089 μὲν
2983 1021 3029 1052 ’⁸
3063 1020 3137 1092 μὴ
3160 1023 3471 1090 ἐγνωκέναι,
3505 1024 3635 1078 ἑπτὰ
3656 1026 3767 1080 ms.

2228 1109 2356 1173 λους
2379 1106 2726 1180 ὑπάρξαντας
2745 1110 2954 1182 κόσμῳ,
2980 1113 3074 1165 καὶ
3095 1112 3416 1185 δικαιοτάτῳ
3453 1115 3567 1185 Θεῷ
3594 1117 3766 1187 εὐαρεά

2230 1203 2427 1273 στῆσαι
2454 1202 2801 1273 δυναμένους,
2850 1204 2943 1256 καὶ
2976 1204 3259 1268 τοσούτους
3299 1205 3356 1259 δὲ
3403 1206 3495 1261 νῦν
3535 1209 3638 1261 ἀπὸ
3674 1209 3768 1263 τῶν

2230 1292 2398 1345 ὲθνῶν
2420 1291 2635 1356 ἀσεϐεῖς
2653 1292 2813 1354 ὄντας
2844 1292 2985 1346 κατὰ
3010 1295 3185 1348 πάντα
3212 1296 3448 1364 γνῶναι;
3490 1293 3627 1351 οῦτοι
3654 1317 3773 1352 παν-

2228 1384 2319 1448 τὸς
2346 1385 2655 1456 κρείττονες
2681 1386 2747 1416 ¹⁰⁹
2774 1386 2975 1454 γνῶναι
2996 1386 3057 1439 ού
3086 1384 3498 1460 κατηξιώθησαν
3521 1407 3534 1455 ;
3562 1390 3651 1444 καὶ
3674 1391 3777 1455 πῶς

2230 1477 2348 1529 ἐστὶ
2377 1475 2535 1529 τοῦτο
2566 1476 2788 1544 ἀγαθὸν,
2816 1476 2845 1529 ὃ
2872 1476 2945 1548 μὴ
2980 1478 3187 1532 δίκαιον
3234 1481 3417 1545 ὲστινς
3460 1482 3607 1546 ἐκτὸς
3646 1482 3778 1553 εἰμὴ

2230 1566 2432 1635 ἀγαθὸν
2465 1566 2624 1640 θέλῃς
2645 1568 2660 1598 ¹
2684 1567 2863 1636 λέγειν
2908 1568 2969 1621 ού
2998 1568 3087 1621 τὸν
3135 1570 3524 1641 εὐεργετοῦντα
3552 1573 3673 1636 τοὺς
3712 1571 3780 1624 δι-

2233 1660 2541 1730 καιοπραγή
2550 1676 2766 1721 σαντας,
2789 1657 2923 1711 ἀλλά
2940 1659 3032 1712 τὸν
3053 1660 3355 1727 ἀγαπῶντα
3378 1662 3500 1724 τοὺς
3519 1661 3723 1726 ἀδίκους
3742 1665 3777 1725 ¹,

558 1761 654 1815 sed
685 1759 779 1830 qui
815 1768 963 1814 amat
995 1759 1234 1829 iniquos,
1259 1761 1509 1829 quamvis
1544 1776 1650 1815 non
1695 1762 1945 1828 credant,
1973 1762 2129 1827 adeo,

2235 1748 2334 1802 κᾶν
2366 1748 2440 1821 μὴ
2472 1748 2816 1815 πιστεύωσιν,
2854 1743 2935 1812 οἷς
2966 1750 3061 1803 καὶ
3101 1748 3169 1801 τὰ
3209 1750 3497 1823 ἀπόρρητα
3536 1752 3783 1806 ἀποκαλύ-

562 1861 621 1905 ut
645 1852 712 1905 iis
727 1860 781 1905 et
802 1850 1120 1906 abscondita
1154 1852 1373 1916 revelet,
1403 1868 1526 1920 quae
1565 1852 1731 1921 justis
1775 1852 2017 1907 noluerit
2044 1870 2132 1908 re-

534 1926 917 1995 rvelare.Natn
958 1941 1270 2011 huiusmodi
1319 1958 1410 1996 res
1455 1958 1556 1997 nec
1597 1943 1762 2007 bono,
1833 1958 1934 1996 nec
1983 1943 2134 2013 justo

560 2034 843 2101 competit,
880 2031 971 2086 sed
995 2032 1208 2101 piorum
1257 2032 1427 2087 osori.
1485 2031 1623 2085 Num
1678 2042 1758 2099 tu,
1809 2030 2023 2100 Simon,
2072 2049 2133 2089 es

561 2123 746 2189 Stans,
780 2124 871 2193 qui
905 2124 1005 2178 ista
1029 2125 1109 2179 sic
1139 2125 1381 2179 nondum
1411 2125 1551 2179 dicta
1584 2124 1828 2194 proferre
1857 2125 2066 2179 audes?

636 2320 748 2375 XV.
783 2322 848 2376 Et
892 2321 1081 2376 Simon
1130 2337 1295 2392 super
1345 2339 1410 2378 eo
1465 2322 1781 2395 indignatus
1804 2324 1909 2378 ait:
1956 2324 2134 2381 Tuum

564 2411 881 2483 Magistrum
932 2414 1302 2482 reprehende,
1355 2413 1661 2468 dicentem:
1716 2414 1985 2484 Conﬁteor
2016 2417 2133 2481 tibi,

565 2505 787 2559 Domine
812 2504 927 2558 ειείὶ
949 2518 998 2558 ει
1030 2514 1203 2568 terrm,
1232 2507 1356 2575 quia
1381 2522 1498 2575 qua:
1519 2516 1669 2559 erant
1695 2507 1900 2561 occulta
1930 2510 2137 2576 sapien-

563 2596 726 2661 tibus,
782 2595 1021 2650 revelasti
1067 2614 1129 2651 ea
1182 2597 1416 2667 parvulis
1468 2598 1865 2652 lactentibusl.
1918 2602 1994 2654 Ac
2036 2599 2137 2655 Pe—

568 2696 717 2741 trus:
749 2685 840 2741 Sic
858 2688 1099 2758 quidem,
1134 2687 1332 2758 inquit,
1352 2703 1459 2743 non
1480 2690 1684 2758 prolata
1709 2699 1837 2744 sunt
1862 2704 1926 2744 ea
1949 2692 2132 2757 verba;

566 2780 746 2836 dicam
783 2789 961 2835 tamen
989 2781 1163 2850 prius,
1199 2782 1359 2851 quasi
1385 2783 1456 2835 ita
1490 2782 1763 2851 prolatum
1800 2783 1893 2849 sit,
1943 2794 2003 2837 ut
2038 2784 2134 2837 tibi

567 2873 743 2927 \isum
773 2871 896 2927 fuit.
929 2872 1193 2927 Dominus
1218 2883 1424 2937 noster,
1456 2874 1669 2928 tametsi
1697 2875 1954 2930 dixisset:
2007 2876 2138 2941 Qua:

560 2973 715 3020 erant
741 2964 945 3018 occulta
963 2964 1312 3035 sapientibus,
1331 2982 1392 3020 ea
1416 2966 1649 3035 parvulis
1672 2967 1916 3023 reuelauit
1953 2967 2134 3033 Pater,

2236 1858 2411 1902 πτειν,
2441 1842 2477 1894 ἃ
2504 1841 2731 1903 δικαίοις
2758 1841 3103 1911 ἀποκαλύψαι
3126 1844 3226 1896 οὐκ
3252 1842 3536 1915 ἠθέλησεν.
3601 1843 3668 1896 Τδ
3689 1844 3783 1915 γὰρ

2237 1932 2475 1985 τοιοῦτον
2499 1930 2621 1985 οὔτε
2656 1931 2864 2003 ἀγαθῷ,
2892 1931 3013 1985 οὔτε
3036 1932 3226 2004 δικαίῳ
3252 1935 3549 2003 προσήκει,
3578 1933 3699 1987 ἀλλὰ
3718 1933 3785 2003 τῷ

2235 2019 2481 2083 εὐσεϐεῖς
2515 2020 2860 2090 μεμισηκότι.
2897 2022 2985 2092 Μή
3018 2038 3070 2074 τι
3101 2022 3165 2074 σὺ
3194 2018 3264 2085 εί,
3296 2022 3494 2093 Σίμων,
3524 2024 3551 2075 6
3583 2022 3782 2085 Ἑστὼς,

2234 2113 2263 2164 6
2294 2111 2467 2164 ταῦτα
2484 2110 2659 2177 οὕτως
2682 2113 2755 2184 μή
2798 2128 2928 2167 ποτε
2964 2112 3197 2185 ρηθέντα
3231 2116 3407 2167 εἰπεῖν
3445 2113 3786 2185 ἁποθρασυνὸ-

2240 2220 2399 2273 μενος
2420 2220 2434 2268 ;

2306 2339 2424 2396 XV.
2453 2342 2562 2394 Καὶ
2604 2343 2634 2395 6
2681 2341 2862 2412 Σίμων
2909 2342 3003 2395 ἐπὶ
3040 2341 3216 2413 τοῦτῳ
3255 2344 3636 2417 ἀγανακτήσας
3669 2346 3786 2416 ἔφη’

2237 2431 2342 2486 Τὸν
2370 2431 2459 2484 σὺν
2496 2430 2821 2485 Διδάσκαλον
2863 2430 3020 2485 αίτιῶ
3064 2433 3291 2486 εἰπόντα
3316 2435 3365 2465 ³ο
3406 2434 3790 2504 Ἐξομολογοῦ-

2228 2522 2339 2591 μαί
2364 2538 2480 2587 σοι,
2508 2523 2685 2589 Κύριε
2713 2522 2817 2576 τοῦ
2843 2523 3100 2591 οὐρανοῦ
3136 2525 3234 2577 καὶ
3264 2525 3377 2594 τῆς
3394 2525 3523 2595 γῆς,
3552 2526 3636 2580 ὅτι
3660 2527 3790 2592 ἅπερ

2235 2615 2316 2683 ἦν
2343 2616 2574 2683 κρυπτὰ
2620 2613 2853 2682 σοφοῖς,
2910 2613 3313 2685 ἀπεκάλυψας
3369 2618 3518 2672 αὐτὰ
3572 2619 3785 2685 νηπίοις

2236 2703 2611 2773 θηλὰζουο-ιν.
2648 2708 2757 2760 Καὶ
2794 2707 2822 2759 6
2845 2706 3075 2777 Πέτρος·
3116 2706 3274 2760 Οὕτω
3309 2709 3425 2778 μὲν,
3455 2708 3574 2780 ἔφη,
3602 2709 3629 2760 6
3656 2707 3791 2775 λόγος

2235 2795 2336 2847 οὐκ
2376 2794 2599 2865 ἐλέχθηο
2648 2795 2758 2866 ἐρῶ
2803 2795 2859 2848 δὲ
2889 2796 3141 2867 πρῶτον,
3188 2796 3266 2859 ὼς
3316 2796 3488 2861 οὕτως
3536 2796 3791 2869 εἰρημένον

2237 2884 2423 2956 ῶσπερ
2447 2903 2527 2938 σοι
2551 2885 2745 2952 ἔδοξεν.
2781 2887 2836 2940 '0
2861 2885 3065 2958 Κύριος
3084 2885 3260 2958 ήμῶν,
3287 2887 3446 2958 εἴπερ
3467 2887 3558 2940 καὶ
3576 2887 3787 2957 εἰρήκει’

2241 2978 2305 3029 ’Ἀ
2341 2994 2472 3029 τινα
2503 2976 2583 3045 ἦν
2613 2978 2843 3045 κρυπτὰ
2870 2976 3101 3046 σοφοῖς,
3130 2977 3323 3032 ταῦτα
3343 2978 3576 3046 νηπίοις
3599 2975 3794 3030 ἀπεκό-

568 3070 742 3124 neque
800 3055 879 3109 sic
918 3054 1086 3109 alium
1118 3054 1288 3110 Deum
1337 3068 1391 3111 et
1436 3057 1652 3113 Patrem
1691 3070 1888 3129 praeter
1945 3065 2134 3119 mundi

2238 3072 2439 3137 λυψεν
2468 3071 2500 3123 ὁ
2532 3068 2754 3137 Πατὴρ,
2793 3070 2900 3122 οὐδ’
2926 3069 3099 3132 οῦτως
3132 3071 3289 3124 ἄλλον
3316 3072 3447 3126 Θεὸν
3480 3071 3571 3126 καὶ
3598 3069 3793 3139 Πατέρα

561 3147 884 3201 Creatorem
941 3147 1267 3202 credebatur
1316 3150 1645 3220 signiﬁcare.
1695 3152 1933 3210 Possunt
1987 3157 2131 3211 enim

569 3239 741 3307 ipsius
763 3237 1041 3293 Creatoris
1086 3255 1283 3293 arcana
1319 3257 1460 3309 esse,
1495 3258 1617 3312 qua:
1648 3245 1958 3315 signiﬁcat,
2008 3263 2133 3303 cum

564 3320 731 3383 alam
762 3328 930 3381 Isaias
971 3328 1145 3382 dicat:
1176 3330 1423 3397 Aperiant
1468 3347 1523 3383 os
1551 3348 1721 3385 meum
1747 3334 1799 3386 in
1840 3334 2133 3403 parabolis,

518 3491 528 3495 Α
566 3417 617 3473 εἶ
671 3420 920 3473 eructabo
975 3420 1284 3474 abscondita
1331 3440 1364 3475 a
1421 3423 1798 3479 constitutione
1844 3427 2026 3479 mundi
2056 3426 2084 3466 δ
2115 3465 2130 3480 .

568 3511 893 3581 Prophetam
924 3514 1087 3583 igitur
1113 3515 1411 3577 conliteris,
1453 3516 1545 3585 qui
1571 3517 1785 3571 occulta
1821 3534 1927 3572 non
1978 3518 2133 3588 igno-

569 3604 880 3674 rabat,qu:e
901 3604 1062 3661 Jesus
1090 3622 1120 3660 a
1151 3607 1492 3677 sapientibus
1518 3608 1833 3664 abscondita
1854 3626 1973 3666 esse
1995 3610 2139 3665 amr-

569 3704 703 3761 mat,
729 3695 964 3752 revelata
988 3713 1117 3754 vero
1140 3699 1416 3767 parvulis?
1446 3699 1566 3765 Quo
1588 3709 1747 3770 pacto
1764 3710 1942 3755 autem
1974 3701 2141 3755 Crea-

569 3795 658 3841 tor
692 3787 981 3858 ignoravit,
1009 3805 1131 3844 cum
1160 3790 1420 3859 propheta
1441 3790 1613 3861 ipsius
1639 3792 1810 3846 Isaias
1846 3806 1955 3845 non
1986 3792 2141 3861 igno-

572 3878 811 3933 raverit?
838 3878 1012 3936 Porro
1039 3880 1201 3936 Jesus
1226 3891 1412 3936 noster
1438 3898 1624 3937 revera
1656 3898 1761 3936 non
1794 3882 1966 3937 dixit:
2009 3881 2141 3947 Qui:

568 3980 720 4023 erant
742 3971 1072 4039 abscondita,
1107 3975 1225 4034 sed.
1260 3984 1319 4027 ut
1349 3973 1585 4037 videtur,
1633 3973 1882 4042 asperius
1928 3973 2142 4027 locutus

569 4073 675 4127 est,
703 4064 838 4118 dixit
863 4065 1041 4119 enim:
1071 4065 1411 4126 Abscondisti
1457 4066 1567 4121 haec
1620 4083 1653 4119 a
1696 4066 2043 4135 sapientibus,
2091 4073 2141 4118 et

572 4153 815 4208 revelastt'
863 4171 925 4208 ea
977 4157 1211 4225 parvulis
1258 4157 1573 4211 lactentibus
1613 4168 1659 4210 ο.
1692 4156 1873 4210 Dicit:
1924 4156 2144 4209 abscon-

571 4246 722 4311 disti,
759 4248 917 4315 quasi
949 4248 1245 4317 aliquando
1278 4264 1339 4302 ea
1367 4248 1584 4318 cognita
1613 4247 1817 4301 fuerint
1843 4247 1971 4302 illis.
2002 4244 2137 4300 Nam

573 4335 716 4402 apud
744 4350 839 4390 eos
870 4336 1106 4405 reposita
1135 4347 1251 4391 erat
1303 4337 1472 4393 clavis
1510 4338 1662 4407 regni
1701 4336 1991 4405 cwlorum,
2040 4337 2144 4391 hoc

574 4438 678 4491 est,
712 4444 1040 4484 arcanorum
1073 4432 1287 4486 notitia.

646 4555 673 4582 ι
704 4541 894 4597 Matth.
926 4560 1001 4607 ιιι,
1022 4544 1115 4600 ‘25.

648 4613 675 4652 δ
704 4611 850 4668 Psal.
878 4629 1084 4681 Lxxvn,
1106 4614 1173 4680 2;
1208 4612 1399 4670 Matth.
1431 4629 1554 4683 xm,
1586 4614 1677 4670 35.

2237 3158 2520 3229 σημαίνειν
2544 3158 2818 3231 ἐνομίζετο
2869 3161 3020 3234 παρά
3049 3161 3140 3214 τὸν
3189 3163 3454 3216 κτίσαντα
3479 3163 3566 3215 τὸν
3592 3160 3790 3230 κόσμον.

2250 3247 2549 3317 Ἐνδέχεται
2580 3249 2689 3322 γὰρ
2708 3250 2871 3303 αὐτοῦ
2896 3246 3035 3304 εἶναι
3056 3251 3149 3304 τοῦ
3165 3252 3498 3325 δημιουργοῦ
3517 3252 3585 3305 τὰ
3601 3247 3793 3322 κρυπτὰ

2236 3339 2511 3407 ἃέλεγεν,
2546 3340 2625 3411 τῷ
2674 3343 2768 3395 καὶ
2819 3343 2911 3395 τὸν
2968 3343 3129 3414 365
3174 3345 3404 3399 Ἡσαΐαν
3455 3345 3562 3415 ('59)
3616 3345 3794 3396 εἰπεῖν’

2249 3432 2483 3496 Ἀνοίξω
2499 3432 2521 3464 ⁸
2535 3433 2598 3487 τὸ
2613 3435 2803 3504 στόμα
2814 3452 2932 3504 μου
2960 3436 2981 3467 ⁸
2992 3436 3060 3488 ἐν
3080 3437 3472 3505 παραϐολαῖς,
3496 3436 3590 3490 καὶ
3604 3432 3803 3501 ἐξερεύ-

2238 3522 2410 3592 ξομαι
2437 3526 2809 3595 κεκρυμμένα
2828 3525 2944 3580 ἀπὸ
2963 3526 3297 3595 καταϐολῆς
3313 3530 3569 3598 κόσμου.
3590 3527 3685 3579 Τὸν
3696 3520 3801 3577 οῦν⁴

2238 3616 2519 3686 προφήτην
2539 3617 2835 3687 ὁμολογεῖς,
2866 3618 2923 3681 ὃς
2956 3618 3023 3671 τὰ
3078 3619 3444 3689 κεκρυμμένα
3473 3619 3570 3672 οὐκ
3617 3616 3797 3687 ἠγνόεις

2240 3709 2276 3763 ἆ
2302 3726 2423 3761 τινα
2465 3710 2493 3761 6
2545 3708 2757 3777 Ἰησοῦς
2790 3709 2899 3763 ἀπὸ
2946 3710 3123 3779 σοφῶν
3164 3711 3584 3781 ἀποκεκρύφθαι
3608 3711 3626 3742 ⁷
3651 3708 3797 3777 λέγει,

2240 3798 2454 3871 νηπίοις
2503 3797 2561 3850 δὲ
2605 3797 3091 3868 ἁποκεκαλύφθαι;
3136 3798 3262 3862 Πῶς
3316 3799 3381 3853 δὲ
3421 3803 3450 3854 6
3491 3793 3801 3872 Δημιουργδς

2241 3889 2445 3959 ἠγνόει,
2486 3888 2580 3941 τοῦ
2642 3890 2919 3961 προφήτου
2966 3889 3129 3943 αὑτοῦ
3190 3889 3264 3961 μὴ
3314 3891 3634 3960 ἀγνοοῦντος
3675 3886 3802 3941 τοῦ⁶

2256 3981 2475 4035 Ἡσαΐου
2502 3996 2516 4046 ;
2564 3980 2620 4034 '0
2640 3980 2696 4033 δὲ
2726 3980 2933 4051 Ἰησοῦς
2963 3981 3119 4052 ἡμῶν
3149 3980 3228 4052 τῷ
3257 3981 3374 4036 ὄντι
3407 3984 3506 4037 οὐκ
3535 3979 3707 4035 εἶπεν·
3737 3980 3797 4031 Ἀ

2244 4087 2378 4124 τινα
2405 4069 2485 4137 ἦν
2501 4070 2750 4138 κρυπτὰ,
2773 4068 2906 4122 ἀλλὰ
2922 4069 2980 4122 τὸ
3003 4069 3191 4123 δοκοῦν
3214 4070 3552 4144 τραχύτερον
3576 4071 3795 4142 εἴρηκεν,

2244 4157 2366 4215 εἷπε
2386 4161 2493 4232 γάρ
2509 4162 2528 4191 ⁹
2544 4178 2558 4191 ο
2592 4161 3005 4229 Ἀπεκάλυψας
3018 4162 3168 4215 αὐτὰ
3186 4163 3427 4229 νηπίοις
3444 4160 3797 4230 θηλάὢυσιν.

2247 4254 2321 4307 Τὸ
2346 4254 2403 4307 δὲ
2431 4254 2623 4315 εἰπεῖν,
2644 4250 3019 4320 ἀπέκρυψας,
3050 4251 3125 4314 ῶς
3159 4270 3288 4305 ποτε
3332 4254 3685 4324 ἐγνωσμένων
3710 4248 3795 4303 αὐ-

2246 4345 2378 4405 τοῖς.
2412 4344 2546 4413 Παρ“
2570 4342 2751 4403 αὐτοῖς
2770 4340 2877 4413 γὰρ
2896 4344 2928 4411 ἡ
2962 4340 3107 4405 κλεὶς
3126 4342 3223 4412 τῆς
3240 4341 3517 4413 βασιλείας
3534 4342 3637 4395 τῶν
3659 4339 3806 4409 ούρα-

2174 4436 2218 4492 D
2245 4436 2350 4490 νῶν
2371 4434 2647 4497 ἀπέκειτο,
2673 4434 2951 4486 τουτέστιν
2978 4433 3231 4504 ήγνῶσις
3257 4433 3369 4488 τῶν
3408 4434 3739 4508 ἀπορρήτων.

2328 4558 2352 4587 ο
2394 4546 2585 4602 Matth.
2615 4546 2819 4612 x1,25;
2856 4544 2988 4601 Luc.
3023 4562 3078 4613 κ,
3102 4545 3195 4601 21.

1848 4729 2082 4785 VARle
2114 4728 2510 4784 LECTIONES.

646 4823 691 4856 θ’
715 4818 814 4896 μέν
848 4819 1047 4896 excidit
1082 4837 1176 4896 ap.
1206 4822 1268 4876 Cl
1328 4820 1449 4890 (ed.
1483 4822 1640 4896 1698,
1677 4822 1847 4888 I724)
1879 4832 1933 4896 et
1971 4821 2030 4896 ξ.
2108 4823 2505 4896 μέν-κρείττονος
2532 4820 2576 4896 ρ
2602 4861 2616 4883 ,
2645 4820 2949 4896 κρείττονες
2981 4818 3054 4873 id.
3083 4819 3137 4874 in
3163 4836 3334 4896 marg.
3370 4818 3754 4896 κρειττόνως-0
3788 4831 3802 4879 ;

574 4885 726 4963 οὗτοι
747 4890 945 4963 παντες
972 4885 1358 4963 τάᾼκρείττονα,
1390 4910 1443 4944 κ.
1476 4892 1608 4963 τζλ.
1641 4885 1926 4961 proposuit
2104 4885 2317 4963 ⁸θέλεις
2352 4895 2414 4946 0.
2492 4885 2824 4963 {vom-soil;
2850 4889 3070 4963 ἀδίκους
3110 4885 3558 4963 ειςςὶόὲιξιιιιίιιρ.
3596 4888 3651 4963 S.
3678 4887 3799 4963 Tum

574 4960 653 5038 ως
682 4955 839 5038 ρ-οἷς
866 4960 1013 5038 conj.
1042 4955 1111 5038 D_.'
1183 4962 1476 5038 8tiredner,
1512 4955 1705 5038 Bei_tr.,
1813 4963 1939 5038 316.
2114 4959 2406 5038 fDeilsaia
2458 4961 2560 5016 cfr.
2586 4961 2849 5038 Qt-ednet',
2880 4960 3047 5038 θείη*Σ
3079 4976 3117 5026 ι,
3145 4961 3363 5038 305._S_
3410 4955 3605 5038 εἰπεῖν·
3627 4956 3803 5038 ἀνοίξει)

578 5025 808 5103 (ἄνοιξον
845 5025 1010 5103 cod.)
1040 5032 1103 5103 VC
1184 5047 1249 5085 ex
1294 5025 1522 5100 conjeCt.
1545 5072 1560 5095 ,
1603 5025 1821 5085 ἐννοεῖν·
1870 5034 2065 5099 ἀνοίξω
2102 5036 2161 5087 Ο.
2240 5037 2263 5067 ³
2302 5050 2401 5103 μου
2439 5048 2558 5103 om.
2599 5032 2671 5103 0._
2701 5031 2844 5103 Idem
2890 5025 3201 5103 ἐρεύξομαιἒ
3269 5029 3423 5103 ⁶νῦν-
3440 5046 3492 5099 p.
3524 5031 3613 5083 τὸν
3638 5025 3724 5103 οὗγ
3748 5025 3801 5079 Co

578 5098 599 5139 θ
618 5098 999 5173 ἁτῃκαλύφθαι
1021 5102 1061 5173 9
1091 5103 1266 5173 ,qttod
1299 5102 1370 5154 al.
1396 5098 1547 5173 inan.
1574 5103 1626 5154 itt
1651 5118 1833 5173 marg;
1856 5098 2088 5157 mutavit
2122 5106 2175 5157 in
2227 5098 2626 5173 ἀποκεκρίφθαι
2656 5100 2798 5168 (sic),
2830 5098 3134 5173 κεκρύφθαι
3163 5100 3257 5173 C._
3300 5100 3427 5152 ⁸τοῦ
3457 5098 3719 5173 assumpsi
3744 5110 3801 5173 ex

579 5175 639 5243 υ.
672 5169 807 5243 Tum
841 5163 995 5224 ἅτινα
1019 5168 1086 5243 ἧν
1106 5163 1166 5241 C',
1200 5173 1252 5226 in
1284 5188 1457 5243 marg.
1486 5172 1642 5243 ᾆτινα
1677 5163 1869 5243 ούῖἧν
1900 5175 1952 5226 in
1987 5184 2157 5235 textu,
2193 5175 2335 5241 quod
2372 5163 2533 5227 etiam
2563 5173 2617 5243 in
2642 5163 2684 5224 0
2738 5186 2856 5224 esse
2876 5163 3111 5243 videtur.
3189 5176 3209 5206 ³
3229 5171 3390 5243 Recte
3417 5180 3571 5225 notat
3595 5163 3680 5235 ϐ’,
3717 5163 3806 5220 ad-

579 5242 752 5295 denda
795 5256 916 5295 esse
943 5243 995 5296 h.
1030 5240 1066 5297 l'.
1098 5240 1221 5297 vbb.
1255 5240 1575 5313 ἀπέκρυψας
1597 5242 1768 5297 ταῦτα
1801 5240 1909 5296 ἀπὸ
1938 5244 2115 5312 σοφῶν
2146 5240 2259 5307 καί,
2284 5244 2408 5298 Coll.
2450 5242 2630 5296 verbis
2659 5242 3009 5310 sequentibus
3041 5244 3189 5296 hom.
3216 5257 3337 5308 vnt,
3360 5240 3413 5295 6.

1886 5377 2253 5436 VARIORUM
2290 5374 2521 5430 NOTAE.

653 5470 765 5539 (59)
802 5472 911 5525 Τὸν
947 5468 1217 5527 Ἡσαΐαν.
1250 5470 1428 5528 Locus
1459 5472 1653 5527 merito
1680 5469 1980 5535 notandus;
2014 5472 2143 5539 quia

578 5544 868 5597 conﬁrmat
924 5544 1068 5613 quod
1116 5560 1181 5598 ex
1236 5542 1565 5613 llicronytno
1636 5541 1704 5596 ad
1761 5539 1996 5613 Matthzei
2049 5557 2142 5595 ca-

581 5623 677 5683 put
702 5627 824 5677 χιιι,
856 5622 910 5668 et
943 5610 1009 5668 ad
1034 5613 1306 5668 Psahnum
1332 5610 1539 5678 um,
1558 5621 1744 5683 atque
1762 5625 1829 5683 ex
1858 5610 2144 5683 Anonymo

458 5714 469 5724 ι
580 5678 645 5737 ad
672 5683 918 5752 eumdem
951 5683 1250 5748 Psalmunt,
1280 5685 1446 5737 relato
1471 5684 1523 5736 in
1549 5678 1901 5752 Expositione
1924 5678 2143 5752 Grtcco-

583 5770 701 5808 ιιιιιι
726 5751 944 5807 Patrum
979 5754 1030 5808 in
1072 5753 1337 5823 I’sahnos,
1374 5750 1657 5822 discimus,
1700 5761 1906 5807 veteres
1936 5750 2145 5806 codices

2251 5485 2358 5525 non
2399 5482 2624 5538 paucos,
2668 5467 2903 5523 Matthzet
2938 5483 3065 5539 xm,
3089 5468 3180 5530 55,
3216 5468 3413 5539 insigni
3452 5467 3648 5539 mendo
3680 5459 3803 5539 serio

2272 5534 2414 5593 ttum'
2449 5539 2724 5608 habuisse,
2775 5539 2959 5594 Grmce
2994 5538 3083 5591 διὰ
3134 5534 3351 5591 Ἦσαῖοῦ
3389 5538 3486 5591 τοῦ
3526 5534 3800 5608 προφήτου,

2272 5558 2400 5593 ιιιιιῐι
2449 5558 2724 5601 namusse,
2775 5558 2959 5594 lJl'iPCB
2994 5558 3083 5591 οια
3151 5558 3351 5591 ησαιου
3389 5558 3486 5591 του
3526 5558 3800 5608 προφητυυ,

2253 5558 2442 5663 Latine
2494 5623 2585 5676 per
2629 5607 2835 5661 Isaiam
2881 5609 3205 5677 prophetam,
3252 5624 3349 5679 pro
3391 5608 3483 5661 διὰ
3514 5606 3697 5679 κ’ᾼσάφ
3720 5615 3801 5679 τιτυ

2256 5668 2556 5750 προφήτου,
2583 5697 2672 5747 per
2699 5668 3230 5748 Asnph'prophetatn,
3254 5668 3346 5732 ’νει
3380 5694 3477 5747 pro
3507 5677 3590 5730 διὰ
3617 5668 3802 5799 “ﬁt-

2256 5766 2366 5799 του.
2399 5765 2485 5799 per
2522 5750 2843 5799 prop/ictam.
2871 5763 2981 5799 uno
3012 5749 3171 5799 modo
3200 5765 3343 5799 nunc
3367 5748 3616 5799 legimus.
3686 5755 3765 5795 οῖ.

2253 5748 2366 5813 του,
2397 5765 2485 5817 per
2521 5750 2843 5821 prop/tetulit,
2871 5763 2981 5819 quo
3012 5749 3171 5803 modo
3200 5765 3343 5804 nunc
3367 5748 3616 5811 legimus.
3644 5748 3765 5799 CUI-
