4022 6336
579 346 686 404 M9

1380 340 1437 395 S.
1477 333 1908 393 CLEMENTISI
1950 332 2113 388 ROM.
2157 332 2354 387 PONT.
2396 331 2622 387 OPERA
2663 331 2889 387 DL’BIA.
3679 341 3765 398 ﬁt)

576 460 682 516 Mli
708 472 835 514 vero
857 465 1065 513 contra.
1084 453 1219 509 Nam
1244 453 1651 523 Scripturarum
1672 451 1934 506 adversus
1980 449 2146 505 Deum

2254 446 2523 501 ἐναντίων.
2560 448 2670 511 Τάς
2708 447 2816 519 γάρ
2844 446 2983 501 κατά
3016 448 3110 503 τοῦ
3140 450 3272 505 Θεοῦ
3312 452 3413 506 τῶν
3439 452 3647 524 Γραφῶν
3676 476 3775 528 φω.

574 566 740 608 voces
763 552 978 621 iniquas
999 558 1052 604 et
1090 548 1256 604 falsas
1279 547 1381 601 rati
1413 560 1571 600 veras
1593 558 1736 611 esse,
1766 556 1948 597 veram
1982 540 2152 611 ipsius

577 642 914 697 divinitatem
965 654 1030 694 ac
1079 640 1333 692 virtutem
1388 635 1719 691 nescierunt.
1788 632 2152 703 Quapropter,

576 734 735 804 quasi
764 734 879 803 ipse
918 733 1146 800 ignoret,
1173 740 1228 783 et
1273 728 1514 784 caedibus
1561 727 1812 797 gaudeat,
1841 733 1896 780 et
1946 723 2154 778 sacriﬁ-

578 830 787 885 ciorum
814 827 975 882 donis
1011 839 1207 895 pravos
1226 823 1486 887 dimittat,
1520 828 1778 890 pra‘terea
1825 827 1880 872 et
1920 817 2157 886 decipiat

575 930 630 974 et
651 918 966 983 mentiatur,
992 925 1297 984 cunctaque
1324 912 1509 982 iniqua
1531 910 1713 977 faciat,
1743 910 1867 979 ipsi,
1900 920 1958 963 ut
1984 908 2151 963 Deum

578 1012 794 1072 imitati.
818 1010 1090 1081 peccando
1117 1008 1201 1077 pie
1225 1022 1383 1077 agere
1413 1005 1780 1061 crediderunt.
1834 1001 2015 1068 Quare
2052 1002 2154 1055 im-

577 1103 865 1157 mutabiles
904 1101 970 1155 ad
1010 1100 1205 1154 melius
1248 1098 1595 1160 exstiterunt,
1641 1103 1695 1148 et
1736 1093 1996 1148 admoniti
2045 1108 2153 1145 non

576 1192 824 1248 conversi
867 1198 1015 1246 sunt.
1069 1186 1213 1242 Nihil
1264 1187 1410 1241 enim
1450 1183 1803 1249 verebantur,
1854 1182 2012 1253 quasi
2062 1197 2156 1252 per

576 1280 692 1335 haec
718 1294 883 1349 opera
910 1277 1021 1332 Deo
1048 1284 1234 1332 essent
1261 1274 1491 1332 similes.

646 1457 766 1512 XX.
789 1456 1059 1513 Ceterum
1085 1454 1153 1509 ad
1176 1470 1291 1520 eos,
1317 1451 1411 1523 qui
1436 1451 1602 1506 Deum
1633 1450 1792 1504 talem
1814 1456 2023 1519 putant,
2043 1462 2159 1502 me-

544 1584 547 1587 »
578 1552 686 1605 rito
715 1550 839 1621 quis
863 1558 1073 1604 asserat
1095 1548 1300 1603 dictum
1328 1545 1496 1600 fuisse
1520 1562 1533 1599 :
1563 1543 1728 1598 Nemo
1753 1542 1893 1595 novit
1918 1542 2155 1606 Patrem,

578 1645 683 1698 nisi
704 1643 901 1705 Filius,
930 1643 1067 1696 sicut
1091 1656 1182 1694 nec
1227 1638 1427 1692 Filium
1450 1638 1564 1707 quis
1592 1636 1754 1700 novit,
1790 1635 1891 1687 nisi
1922 1633 2084 1687 Pater
2106 1645 2155 1687 ο.

580 1735 648 1789 Et
671 1736 815 1805 jure.
860 1733 994 1788 Nam
1035 1733 1081 1788 si
1120 1732 1522 1802 cognovissent,
1559 1744 1838 1798 nunquam
1882 1728 2034 1783 libris
2076 1742 2159 1781 re-

2250 540 2368 605 νάς,
2396 541 2614 606 ἀδίκους
2658 540 2823 606 οὔσας
2859 544 2953 596 καὶ
2992 543 3224 615 ψευδεῖς,
3256 544 3462 616 ἀληθεῖς
3494 548 3775 620 ὑπολαμϐά-

2251 647 2451 695 νοντες,
2492 632 2594 704 τὴν
2640 632 2808 697 ὅντως
2838 632 3002 686 αὐτοῦ
3033 634 3282 705 θειότητα
3327 637 3415 689 καὶ
3449 636 3653 709 δύναμιν
3691 643 3778 695 οὐκ

2252 722 2486 793 ᾔδεισαν.
2543 723 2739 794 Διόπερ
2798 723 2874 788 ὡς
2927 724 3243 793 ἀγνοοῦντος
3292 726 3449 781 αὑτοῦ
3492 730 3580 782 καὶ
3624 733 3778 799 φόνοις

2253 812 2529 883 χαίροντος
2553 812 2646 865 καὶ
2675 812 2872 867 θυσιῶν
2890 813 3082 886 δώροις
3111 814 3237 878 τοὺς
3268 818 3525 887 πονηροὺς
3544 818 3778 887 ἀφιέντος,

2254 903 2334 956 ἔτι
2386 902 2442 957 δὲ
2486 904 2581 957 καὶ
2634 902 2945 967 ἀπατῶντος
2985 904 3079 957 καὶ
3122 905 3442 976 ψευδομένου
3501 908 3585 961 καὶ
3630 909 3782 964 πάντα

2253 996 2412 1051 ἄδικα
2454 995 2751 1060 ποιοῦντος,
2774 997 2925 1050 αὐτοὶ
2954 996 3028 1060 ὡς
3065 998 3223 1068 ὅμοια
3256 999 3387 1052 Θεοῦ
3412 1000 3453 1032 ¹⁸
3478 1002 3781 1072 ποιήσαντες,

2252 1086 2674 1160 ἁμαρτάνοντες,
2724 1087 3056 1159 ἰσχυρίζοντο
3088 1088 3346 1143 εὐσεϐεῖν.
3385 1090 3472 1143 Διὸ
3497 1091 3537 1123 ¹⁹
3558 1093 3641 1145 καὶ
3666 1094 3784 1163 ἀμε-

2253 1179 2465 1232 τάθετοι
2496 1180 2575 1242 εἰς
2602 1178 2663 1231 τὸ
2694 1182 2937 1251 κρεῖττον
2960 1175 3119 1249 ἦσαν,
3160 1180 3254 1232 καὶ
3283 1180 3665 1252 νουθετούμενοι
3702 1182 3788 1235 οὐκ

2255 1269 2668 1343 ἐπεστρέφοντο.
2711 1271 2786 1323 Οὐ
2833 1269 2940 1342 γάρ
2985 1269 3295 1339 ἐφοϐοῦντο,
3339 1271 3413 1335 ὡς
3452 1272 3527 1344 τῷ
3570 1272 3677 1342 Θεῷ
3714 1272 3789 1326 διὰ

2254 1362 2364 1415 τῶν
2386 1362 2643 1417 τοιούτων
2669 1362 2920 1435 πράξεων
2951 1361 3374 1435 ἐξομοιούμενοι.

2325 1452 2443 1509 XX.
2496 1455 2640 1527 Πρὸς
2681 1454 2739 1508 δὲ
2798 1457 2923 1519 τοὺς
2963 1454 3199 1508 τοιοῦτον
3240 1454 3399 1508 αὑτὸν
3430 1456 3475 1488 ³⁸
3509 1454 3792 1527 νομίζοντας

2257 1542 2395 1602 εἶναι
2448 1546 2683 1617 εὐλόγως
2746 1547 2812 1602 ἀν
2864 1565 2950 1611 τις
2999 1548 3146 1616 λέγοι
3193 1547 3235 1579 ²¹
3288 1548 3558 1620 εἰρῆσθαι·
3616 1547 3794 1613 Οὐδεὶς

2256 1640 2408 1709 ἔγνω
2438 1639 2543 1691 τὸν
2566 1637 2816 1706 Πατέρα,
2839 1640 2891 1691 εἰ
2918 1638 3003 1708 μὴ
3032 1642 3063 1694 ό
3101 1638 3252 1706 Υἱὸς,
3284 1640 3365 1705 ὠς
3388 1636 3528 1693 οὐδέ
3553 1639 3650 1693 τὸν
3680 1640 3796 1693 T161-

2257 1748 2346 1796 τις
2366 1729 2546 1793 οἶδεν,
2579 1732 2630 1783 εὶ
2655 1730 2739 1800 μὴ
2768 1734 2800 1784 ό
2822 1729 3042 1799 Πατήρ.
3074 1730 3184 1783 Καὶ
3208 1731 3449 1795 εἰκότως.
3480 1731 3541 1783 El
3562 1730 3661 1798 γάρ
3686 1728 3797 1799 iml-

580 1842 708 1881 vera
769 1826 835 1881 ad
898 1801 1249 1880 tentationein
1300 1821 1520 1890 scriptis
1574 1828 1761 1874 contra
1804 1818 1994 1873 Deum.
2038 1832 2154 1872 cre-

2258 1839 2467 1885 σταντο,
2495 1822 2593 1875 ούκ
2627 1822 2691 1876 ἂν
2723 1824 2843 1885 ταῖς
2868 1822 3034 1885 ὅντως
3066 1822 3202 1893 πρὸς
3234 1820 3530 1893 πειρασμὸν
3561 1819 3690 1875 κατά
3715 1817 3795 1872 τοῦ

578 1920 768 1974 dentes
803 1925 1137 1987 peccassent.
1172 1914 1276 1969 Sed
1316 1924 1369 1968 et
1415 1914 1522 1967 alio
1563 1910 1797 1981 quodam
1831 1911 1883 1963 in
1916 1910 2036 1963 loco
2060 1908 2154 1974 ait,

579 2012 768 2065 volens
803 2009 1044 2078 apertius
1066 2007 1145 2061 eis
1175 2007 1459 2061 ostendere
1491 2018 1713 2057 causam
1746 2018 1844 2057 cur
1868 2008 2113 2055 errarent
2139 2015 2153 2053 :

582 2100 709 2155 Ideo
736 2100 947 2166 erratis,
994 2100 1273 2152 nescientes
1324 2113 1443 2149 vera
1482 2094 1905 2165 Scripturarum,
1945 2102 2157 2163 propter

578 2192 718 2261 quod
747 2192 1003 2262 ignoratis
1049 2201 1097 2244 et
1130 2190 1374 2243 virtutem
1412 2188 1508 2241 Dei
1540 2189 1590 2241 ι).
1622 2186 1887 2254 Quocirca
1937 2194 2152 2255 oporiet

581 2293 643 2337 ut
664 2284 1037 2347 omnisliomo,
1059 2284 1149 2351 qui
1176 2281 1358 2335 salvus
1380 2294 1501 2333 esse
1523 2280 1814 2343 desiderat,
1839 2277 1930 2331 fiat
1953 2290 2160 2346 (quem-

581 2376 874 2429 admodum
904 2374 1041 2427 dixit
1070 2372 1343 2442 Magister)
1367 2372 1533 2442 judex
1564 2372 1826 2426 librorum
1876 2371 1941 2424 ad
1979 2380 2157 2424 tenta-

574 2467 785 2521 »tionem
823 2466 1170 2536 scriptorum.
1206 2464 1283 2519 Ita
1321 2465 1465 2519 enim
1520 2465 1734 2519 locutus
1786 2472 1869 2517 est
1911 2480 1925 2517 :
1975 2461 2156 2516 Estote

581 2562 753 2631 probi,
801 2561 1089 2629 trapezita.
1136 2557 1284 2629 Opus
1328 2568 1508 2612 autem
1561 2566 1645 2611 est
1689 2556 1986 2626 trapezitis,
2028 2556 2156 2625 quia

581 2653 771 2723 probis
795 2652 1096 2707 adulterina
1127 2652 1382 2723 permista
1404 2658 1551 2705 sunt.

650 2830 796 2887 XXI.
824 2830 917 2885 llis
948 2846 977 2885 a
1006 2829 1169 2885 Petro
1191 2826 1377 2893 dictis,
1411 2825 1597 2880 Simon
1622 2841 1681 2881 se
1702 2824 2011 2895 perculsum
2042 2840 2155 2880 ser-

584 2942 745 2983 mone
795 2924 861 2978 de
908 2922 1207 2987 Scripturis
1255 2920 1552 2985 simulans,
1592 2929 1848 2989 tanquam
1893 2920 2156 2975 attonitus

582 3018 758 3071 di\it:
810 3017 969 3070 Absit
1011 3032 1041 3069 a
1082 3031 1169 3069 me
1207 3023 1262 3069 et
1299 3014 1369 3068 ab
1395 3014 1583 3068 amicis
1626 3013 1780 3078 meis,
1813 3016 1935 3065 tuos
1966 3013 2157 3069 audire

585 3122 886 3162 sermones.
919 3103 1244 3173 thuaudiu
1269 3100 1486 3172 quidem
1528 3102 1836 3157 nesciebam
1875 3111 1925 3157 te
1948 3103 2050 3158 ista
2088 3104 2155 3158 de

586 3198 882 3268 SCI'i[.l.tII‘iS
909 3198 1129 3259 sentire,
1163 3195 1495 3251 sustinebam
1527 3203 1582 3249 et
1606 3194 1975 3265 colloquebar,
2008 3213 2155 3252 nunc

586 3299 767 3344 autem
790 3287 1044 3343 abscedo.
1074 3285 1397 3356 Oportuerat
1419 3302 1550 3340 sane
1574 3286 1838 3357 principio
1858 3304 1944 3342 me
1970 3302 2153 3342 reces-

592 3382 749 3442 sisse,
800 3379 1058 3449 quoniam
1121 3376 1301 3433 audivi
1356 3384 1410 3430 te
1457 3377 1769 3432 dicentem:
1811 3377 1923 3450 Ego
1965 3386 2154 3433 contra

588 3471 776 3526 mundi
799 3470 1146 3525 Conditorem
1177 3469 1309 3523 nihil
1336 3468 1557 3524 cuilibet
1585 3468 1824 3539 loquenti
1852 3469 2034 3534 credo,
2058 3485 2157 3525 nec

585 3563 812 3632 angelis,
849 3576 947 3617 nec
986 3561 1283 3631 prophetis,
1325 3576 1431 3616 non
1466 3559 1784 3630 Scripturis,
1829 3577 1933 3616 non
1975 3577 2157 3617 sacer-

584 3653 826 3717 dotibus,
863 3668 968 3706 uon
1010 3651 1346 3718 doctoribus,
1395 3667 1502 3707 ιιοιι
1545 3652 1641 3706 ulli
1687 3652 1863 3715 alteri,
1906 3652 2156 3722 quamvis

585 3747 742 3815 signa
774 3745 901 3816 quis
930 3744 1054 3799 edat
1092 3752 1144 3798 ct
1185 3744 1465 3814 prodigia,
1513 3746 1763 3815 quamvis
1806 3745 1860 3799 in
1909 3760 2032 3801 aere
2072 3732 2157 3800 in-

586 3837 814 3907 signiter
841 3834 1061 3906 fulgeat,
1086 3836 1169 3890 vel
1194 3851 1288 3906 per
1318 3837 1432 3893 visa
1481 3845 1575 3892 aut
1609 3852 1704 3907 per
1749 3837 2017 3892 insomnia
2064 3853 2154 3893 re-

584 3930 742 3982 velct.
775 3926 908 3992 Quis
937 3940 1065 3997 ergo
1100 3935 1149 3981 te
1174 3936 1351 3995 potest
1383 3943 1413 3981 a
1455 3927 1723 3982 sententia
1753 3927 2037 3994 deducere,
2059 3943 2155 3983 seu

587 4018 723 4072 bene
756 4032 851 4072 seu
878 4017 1041 4083 male,
1060 4027 1118 4071 ut
1140 4018 1286 4071 aliud
1304 4016 1435 4086 quid
1460 4017 1666 4075 sentias
1689 4024 1882 4087 praeter
1899 4032 2021 4087 qua:
2038 4017 2155 4074 visa

587 4118 711 4165 sunt
747 4110 864 4174 tibi,
897 4110 990 4181 qui
1022 4109 1158 4164 adeo
1191 4110 1351 4165 enixe
1384 4125 1449 4165 ac
1494 4110 1717 4164 immote
1754 4109 1809 4163 iu
1840 4118 1933 4165 tuo
1949 4108 2155 4181 judicio

587 4218 892 4272 permancs.

653 4313 818 4367 XXII.
865 4311 931 4367 Et
969 4311 1164 4367 Petrus
1193 4312 1258 4367 ad
1290 4312 1569 4369 Simonem
1592 4312 1709 4369 haec
1739 4312 2057 4384 loquentem
2089 4330 2154 4370 ac

590 4424 940 4475 egressurum
972 4408 1087 4462 ait:
1116 4408 1311 4463 Adhuc
1342 4408 1467 4464 audi
1492 4425 1522 4464 a
1553 4424 1640 4464 me
1660 4409 1786 4476 hoc,
1815 4417 1870 4465 et
1890 4409 2025 4465 vade
2044 4424 2155 4478 quo

2255 1913 2390 1967 Θεοῦ
2416 1914 2739 1985 γραφείσαις
2773 1911 2974 1982 βίϐλοις
3008 1912 3353 1976 πιστεύοντες
3390 1912 3549 1984 368
3578 1913 3796 1983 ἡμάρτα-

2253 2022 2361 2059 νον.
2407 2004 2566 2057 Ἀλλά
2598 2003 2692 2058 καὶ
2716 2002 2921 2074 ἀλλαχῆ
2954 2018 3057 2055 που
3096 2002 3265 2072 λέγει,
3308 2004 3471 2057 θέλων
3504 2003 3798 2072 σαφέστερον

2254 2097 2435 2161 αὐτοῖς
2464 2096 2563 2168 τὴν
2596 2094 2771 2149 αἰτίαν
2808 2096 2905 2167 τῆς
2955 2094 3159 2167 πλάνης
3191 2094 3370 2148 αὐτῶν
3402 2093 3680 2160 ὑποδεῖξαι·
3712 2093 3799 2145 Διὰ

2253 2190 2429 2244 τοῦτο
2472 2186 2782 2243 πλανᾶσθε
2832 2191 2899 2253 ’⁸,
2930 2187 3016 2258 μὴ
3079 2187 3306 2254 ειδότες
3353 2187 3425 2242 τὰ
3472 2184 3657 2254 ἀληθῆ
3700 2181 3801 2237 τῶν

2254 2281 2529 2352 Γραφῶνο
2560 2281 2629 2335 οὗ
2658 2282 2859 2335 εἵνεκα
2884 2283 3149 2352 ἀγνοεῖτε
3180 2282 3282 2335 καὶ
3314 2280 3426 2349 τὴν
3447 2280 3686 2348 δύναμιν
3711 2274 3799 2328 τοῦ

2257 2374 2423 2427 Θεοῦ.
2458 2372 2548 2426 Διὸ
2582 2372 2663 2425 δεῖ
2702 2372 2877 2426 πάντα
2908 2374 3187 2444 ἄνθρωπον
3222 2372 3463 2444 σωθῆναι
3496 2370 3697 2425 θέλοντα
3724 2383 3803 2434 γε·

2253 2463 2457 2529 νέσθαι,
2482 2465 2557 2527 ὼς
2581 2465 2610 2518 ό
2634 2464 2959 2529 Διδάσκαλος
2990 2461 3163 2530 εἶπεν,
3199 2467 3394 2538 κριτὴν
3419 2464 3523 2517 τῶν
3545 2461 3670 2535 πρὸς
3700 2476 3801 2511 πει-

2256 2558 2463 2631 ρασμὸν
2490 2558 2800 2628 γραφεισῶν
2828 2558 3043 2629 βίϐλων.
3087 2559 3276 2623 Οῦτως
3316 2558 3424 2630 γάρ
3452 2553 3628 2611 εἶπεν·
3656 2555 3803 2608 Γίνε-

2252 2652 2365 2705 σθε
2392 2645 2718 2716 τραπεζῖται
2761 2648 3006 2719 δόκιμοι.
3041 2648 3394 2721 Τραπεζιτῶν
3436 2648 3491 2702 δὲ
3528 2647 3693 2719 χρεία,
3733 2645 3804 2698 ὅτι

2253 2741 2365 2802 τοῖς
2394 2738 2634 2809 δοκίμοις
2665 2738 2759 2792 καὶ
2786 2736 2855 2790 τὰ
2889 2738 3119 2811 κίϐδηλα
3151 2740 3584 2811 ἀναμεμιγμένα.

2325 2830 2465 2885 XXI.
2499 2830 2680 2884 Ταῦτα
2714 2830 2808 2884 τοῦ
2836 2831 3040 2902 Πέτρου
3074 2830 3339 2896 εἰπόντος,
3361 2832 3390 2884 ὁ
3409 2830 3586 2902 Σίμων
3605 2829 3693 2881 ἐπὶ
3710 2827 3805 2889 τοῖς

2257 2922 2466 2997 ῥηθεῖσι
2496 2923 2623 2995 περὶ
2642 2922 2748 2975 τῶν
2775 2922 3005 2995 Γραφῶν
3032 2922 3541 2995 προσποιησάμενος
3563 2918 3807 2988 ἐκπεπλῆ-

2255 3013 2398 3085 χθαι,
2435 3014 2511 3078 ὡς
2543 3012 2795 3084 πτοηθείς
2834 3013 2880 3044 ’³
2913 3012 3049 3084 ἔφη’
3097 3010 3284 3085 Ἀπείη
3331 3030 3421 3085 μοι
3463 3012 3553 3066 καὶ
3583 3014 3689 3074 τοῖς
3722 3010 3807 3078 ἐμὲ

2259 3104 2520 3175 φιλοῦσιν,
2554 3104 2662 3157 τῶν
2702 3103 2809 3157 σῶν
2852 3103 3139 3157 ἐπακούειν
3171 3104 3367 3174 λόγων.
3400 3106 3509 3160 Καὶ
3554 3104 3702 3176 μέχρι
3727 3102 3808 3172 μὲν

2253 3198 2342 3251 ὅτε
2367 3196 2466 3249 οὐκ
2496 3197 2640 3268 ᾔδειν
2672 3212 2731 3248 σε
2762 3196 2934 3249 ταῦτα
2963 3196 3091 3268 περὶ
3116 3196 3222 3249 τῶν
3250 3197 3484 3269 Γραφῶν
3517 3194 3806 3267 φρονοῦντα,

2252 3287 2547 3359 ἠνειχόμην
2573 3288 2667 3341 καὶ
2697 3286 3034 3358 διελεγόμην,
3068 3286 3163 3340 νῦν
3185 3288 3229 3318 ’⁸
3250 3288 3310 3342 δέ
3335 3288 3648 3359 ἀφίσταμαι.
3682 3284 3808 3338 Ἔδει

2257 3376 2438 3447 μέντοι
2478 3376 2577 3448 τὴν
2627 3376 2799 3448 ἀρχὴν
2841 3376 3192 3449 ὑποχωρῆσαί
3237 3396 3327 3450 με,
3373 3380 3455 3432 ὅτι
3492 3376 3691 3449 ἤκουσά
3728 3392 3807 3428 σου

2253 3466 2499 3536 λέγοντος
2517 3485 2531 3499 ·
2570 3468 2709 3537 Ἐγὼ
2732 3467 2870 3521 κατά
2889 3468 2983 3521 τοῦ
3012 3469 3297 3534 κτίσαντος
3330 3470 3422 3524 τὸν
3463 3472 3657 3542 κόσμον
3679 3469 3810 3521 οὐδὲν

2253 3558 2426 3612 οὐδενὶ
2455 3558 2692 3612 πιστεύω
2715 3559 2947 3629 λέγοντι,
2983 3557 3105 3613 οὔτε
3150 3561 3422 3630 ἀγγέλοις,
3464 3562 3583 3616 οὔτε
3623 3559 3809 3631 προφή-

2252 3667 2392 3716 ταις,
2423 3650 2484 3703 ού
2512 3651 2772 3722 Γραφαῖς,
2802 3651 2898 3721 ούχ
2941 3651 3195 3721 ἱερεῦσιν,
3230 3656 3292 3708 ού
3332 3654 3685 3718 διδασκάλοις,
3725 3655 3811 3705 οὐκ

2255 3742 2398 3814 ἄλλῳ
2442 3743 2635 3809 οὐδενὶ,
2670 3745 2773 3798 κᾶν
2820 3746 3023 3817 σημεῖά
3059 3764 3145 3810 τις
3190 3749 3284 3802 καὶ
3322 3750 3525 3823 τέρατα
3556 3752 3695 3821 ποιῇ,
3723 3747 3811 3801 κᾶν

2254 3834 2313 3887 ἐν
2359 3834 2479 3906 ἀέρι
2520 3837 2793 3905 ἐπιφανῶς
2834 3838 3139 3913 ἀστράπτῃ,
3185 3840 3217 3911 ἢ
3269 3841 3339 3895 δι’
3377 3844 3662 3915 ὁραμάτων
3702 3841 3811 3912 ἢδι⁹

2254 3925 2519 3980 ἐνυπνίων
2549 3926 2923 4001 ἀπθκαλύπτῃ.
2973 3929 3069 3993 Τίς
3101 3927 3194 3984 οῦν
3231 3948 3292 3984 σε
3330 3936 3651 4005 μεταπεῖσαι
3676 3931 3812 3983 δύνα-

2254 4034 2345 4070 ται
2373 4018 2439 4083 ⁸⁸,
2473 4018 2581 4071 εἴτε
2616 4018 2794 4082 καλῶς
2842 4019 2951 4073 εἴτε
2995 4021 3179 4087 κακῶς
3214 4023 3281 4088 ’⁸,
3311 4026 3499 4097 ἕτερόν
3531 4044 3582 4079 τι
3620 4026 3813 4097 φρονεῖν

2258 4108 2409 4181 παρά
2434 4108 2503 4163 τὰ
2527 4109 2752 4176 δόξαντά
2785 4128 2887 4175 σοι,
2927 4113 3161 4185 ἰσχυρῶς
3181 4114 3324 4171 οῦτω
3356 4120 3399 4149 ³⁷
3436 4119 3531 4172 καὶ
3566 4119 3813 4189 ἀκινήτως

2256 4200 2322 4268 τῇ
2348 4196 2574 4250 σεαυτοῦ
2607 4197 2802 4267 γνώσει
2833 4200 3233 4274 ἐνδιαμένοντα.

2325 4309 2489 4381 369
2525 4310 2691 4367 XXII.
2731 4312 2841 4366 Kal
2864 4314 2894 4367 ὁ
2920 4315 3126 4388 Πέτρος
3152 4317 3323 4373 ταῦτα
3356 4321 3564 4376 εἰπόντι
3615 4319 3689 4392 τῷ
3732 4317 3812 4373 Σί-

2258 4421 2418 4477 μωνι,
2442 4404 2711 4459 ἐκϐαίνειν
2741 4407 3007 4479 μέλλοντι,
3040 4409 3143 4482 ἔφη
3165 4426 3177 4439 ·
3207 4413 3327 4465 Ἔτι
3353 4413 3514 4467 τοῦτό
3543 4431 3641 4486 μου
3666 4412 3815 4467 ἀνου-

588 4500 765 4569 cupis.
809 4499 1034 4556 Simone
1079 4516 1211 4557 vero
1263 4516 1528 4557 converso
1573 4516 1639 4557 ac
1686 4510 2022 4569 remanente,
2048 4501 2151 4557 Pe-

2258 4514 2370 4561 σον,
2398 4497 2493 4551 καὶ
2542 4497 2775 4571 πορεύου
2809 4500 2945 4554 ὃπου
2970 4500 3161 4566 θέλεις.
3205 4503 3311 4557 Τοῦ
3354 4505 3413 4558 δέ
3449 4506 3687 4576 Σίμωνος
3708 4504 3815 4555 ἐπι-

589 4600 709 4646 trus
747 4588 951 4657 :Novi,
978 4592 1175 4662 inquit,
1198 4608 1308 4663 quo
1351 4593 1515 4648 modo
1567 4601 1697 4649 tunc
1746 4592 1976 4649 audiens
2029 4609 2146 4663 per-

586 4684 776 4739 culsus
820 4683 919 4751 sis,
968 4684 1099 4754 quia
1156 4684 1267 4739 dixi
1305 4704 1318 4739 :
1360 4684 1687 4754 Quicunque
1735 4692 1925 4739 contra
1981 4683 2148 4739 Deum

589 4773 776 4828 mundi
805 4783 1105 4829 creatorem
1129 4774 1413 4844 quodlibet
1442 4775 1657 4830 locutus
1690 4772 1874 4840 fuerit,
1898 4789 2005 4828 non
2032 4790 2153 4831 cre-

2253 4589 2583 4660 στραφέντος
2632 4592 2726 4643 καὶ
2771 4592 3168 4664 ἐπιμείναντος,
3209 4595 3237 4646 ὁ
3276 4597 3488 4669 Πέτρος
3538 4596 3670 4668 ἔφη’
3701 4591 3817 4649 Οἶδα

2252 4680 2373 4745 πῶς
2402 4682 2524 4735 τότε
2555 4683 2769 4737 ἀκούων
2819 4686 3190 4758 κατεπλάγης,
3238 4689 3385 4741 ὃτι¹⁸
3427 4688 3611 4743 εἶπον·
3648 4690 3816 4749 Ὅστις

2249 4774 2368 4826 ποτ’
2402 4772 2468 4827 ἂν
2555 4774 2696 4828 κατὰ
2716 4776 2811 4828 τοῦ
2833 4776 2923 4829 τὸν
2952 4778 3154 4849 κόσμον
3188 4781 3475 4846 κτίσαντος
3499 4781 3634 4836 Θεοῦ
3659 4780 3816 4849 λέγων

588 4862 681 4917 do.
729 4860 885 4918 Nunc
930 4863 1057 4918 audi
1105 4864 1329 4933 insuper
1380 4864 1558 4932 majus
1587 4862 1914 4934 aliquid:Si
1965 4880 2153 4920 revera

2254 4865 2451 4932 ὁτιοῦν,
2486 4868 2548 4921 οὐ
2582 4868 2843 4924 πιστεύω.
2878 4870 2952 4923 Τὸ
2973 4873 3018 4902 ¹⁹
3045 4872 3102 4925 δὲ
3153 4874 3245 4926 ἐπὶ
3284 4874 3479 4928 τούτου
3522 4876 3702 4948 μεῖζον
3731 4871 3816 4927 νῦν

588 4954 682 5025 qui
739 4954 1004 5009 mundum
1053 4955 1257 5010 creavit
1312 4953 1456 5010 Deus
1511 4970 1576 5010 eo
1627 4955 1812 5010 animo
1846 4963 2011 5021 esset,
2041 4971 2153 5026 quo

2254 4959 2502 5015 ἄκουσον.
2543 4960 2669 5015 Ἐἀν
2693 4961 2771 5033 τῷ
2788 4962 2903 5015 ὄντι
2934 4964 2963 5015 ὁ
2991 4964 3082 5018 τὸν
3116 4965 3319 5036 κόσμον
3344 4967 3544 5032 κτίσας
3574 4967 3702 5029 Θεὸς
3728 4964 3816 5035 τὴν

594 5045 895 5117 Scriptum
922 5044 1204 5113 denotant,
1230 5044 1363 5116 quin
1384 5045 1543 5111 adeo,
1576 5045 1624 5102 si
1654 5045 2154 5117 incomparabiliter

657 5189 685 5221 ι
716 5176 907 5235 Matth.
948 5195 1029 5248 ιι,
1056 5178 1148 5235 27.
1222 5178 1252 5221 ιι
1274 5177 1442 5236 Marc.
1474 5196 1575 5249 xu,
1600 5178 1689 5237 24.

2257 5051 2481 5125 γνώμην
2524 5054 2764 5120 τοιοῦτος
2785 5056 2832 5088 ⁸⁸
2858 5055 2933 5110 ὢν
2978 5057 3240 5129 τυγχάνῃ,
3274 5061 3459 5114 ὁποῖον
3512 5061 3569 5114 αἱ
3615 5057 3815 5133 Γραφαὶ

1841 5290 2075 5349 VARUE
2115 5290 2511 5349 LECTIONES.

658 5405 702 5480 ξε
718 5402 835 5474 θεῷ
868 5403 968 5472 legi
1001 5403 1115 5459 vult
1142 5402 1204 5457 D.
1284 5404 1327 5437 "
1365 5403 1432 5480 δι’
1459 5404 1490 5480 ό
1517 5403 1577 5461 C.
1605 5404 1744 5480 Tum
1770 5404 2096 5480 ἀμετάθετοι
2122 5408 2163 5461 0
2193 5479 2198 5480 γ
2233 5418 2288 5480 et
2316 5423 2381 5464 ex
2410 5407 2643 5480 conject.
2671 5405 2755 5480 _C.,
2790 5408 3121 5480 ἀμετάθετον
3169 5410 3310 5467 idem
3354 5413 3411 5469 in
3452 5425 3626 5471 textu.
3697 5412 3794 5466 “0

587 5474 712 5544 exh.
749 5490 815 5544 με
838 5483 1165 5544 expunctum
1199 5483 1321 5544 post
1340 5475 1523 5529 αὐτόν.

1624 5474 1832 5547 ²¹λέγοι
1859 5478 1901 5547 ο
1966 5493 2017 5532 c.
2065 5476 2105 5531 S
2133 5517 2148 5541 ,
2190 5479 2364 5547 λέγων
2400 5478 2461 5533 C.

2566 5480 2610 5510 ³³
2633 5476 2931 5532 πλανᾶσθαι
2965 5486 3027 5534 U.
3065 5480 3202 5536 Tum
3243 5485 3453 5539 εἵνεκεν
3484 5485 3526 5542 C
3582 5487 3723 5540 hom.
3756 5498 3810 5541 tt.

588 5543 686 5623 Si};
719 5543 801 5623 tu,
832 5543 922 5623 59.
998 5544 1043 5576 “
1060 5543 1429 5623 ποιηθείςρ.-
1471 5544 1612 5623 "ea"
1640 5545 1735 5623 νῦν
1843 5544 1937 5623 νῦν
1966 5550 2028 5623 0.
2075 5550 2150 5623 _“
2170 5543 2429 5623 μεταπεις
2450 5550 2587 5619 (seq.
2632 5547 3001 5623 ξειουιιιιλαται
3049 5568 3100 5623 p.
3158 5558 3483 5623 μεταπεῖσαι
3514 5553 3810 5609 δύναταιο.

588 5612 634 5645 ³⁸
650 5613 811 5676 καλὸς
833 5614 941 5667 εἴτε
972 5615 1138 5678 κακός
1153 5612 1214 5669 0.

1313 5614 1358 5647 ’⁷
1373 5614 1557 5689 οὕτως
1572 5615 1635 5670 C.
1660 5614 1918 5689 “Subinde
1944 5618 2039 5689 atat
2067 5614 2207 5689 (seq.
2238 5614 2465 5689 lacuna).
2482 5614 2570 5689 ταὶ
2596 5619 2661 5689 τῇ

2700 5634 2748 5709 p.
2766 5620 2906 5709 υκαιςι
2923 5620 3285 5709 άκινῇτωςὲῇ
3397 5696 3435 5709 Α
3461 5630 3507 5659 ’⁸
3516 5629 3605 5709 ρτι
3702 5664 3716 5688 ,

589 5681 629 5765 ᾖ
716 5751 727 5765 .
750 5684 889 5763 etin
917 5684 1192 5765 textu-(1,
1221 5685 1315 5765 qui
1351 5686 1498 5765 colli.
1524 5686 1613 5765 ἐτι
1650 5685 1734 5765 ἄν.
1771 5684 2010 5765 Subinde
2052 5681 2201 5765 εἶπεν
2229 5694 2296 5765 ρ.
2328 5681 2471 5743 Idem
2495 5688 2589 5765 ’ἂν
2681 5681 2730 5742 (Ξ.
2756 5688 2804 5765 _S
2833 5729 2847 5751 ,
2876 5690 2940 5765 ἀν
2974 5688 3022 5745 εἶ
3051 5681 3110 5755 C.
3173 5681 3343 5752 ’³θὲοῦ
3393 5696 3459 5752 (ἶ.
3516 5681 3812 5753 Lectiouenl

586 5748 931 5808 Ottoboniani
991 5754 1135 5825 conj.
1175 5747 1336 5811 etiam
1374 5756 1430 5811 S.
1459 5747 1475 5757 ’
1522 5757 1566 5788 ³ο
1581 5755 1818 5810 τοιοῦτον
1840 5760 1881 5811 0
1910 5797 1924 5823 ,
1955 5760 2194 5831 τυγχάνῃ
2228 5760 2369 5815 idem
2408 5775 2458 5815 c.
2492 5759 2529 5815 S
2557 5800 2571 5826 ,
2602 5747 2855 5829 τυγχάνει
2880 5761 2943 5816 C.
