  <div class='ocr_page' id='page_1' title='image "/cluster/home/n/w/nwhite01/storage/ocr_20150623/2/hvd.32044073501249/216.png"; bbox 0 0 4022 6336; ppageno 0'>
   <div class='ocr_carea' id='block_1_1' title="bbox 260 361 2343 437">
    <p class='ocr_par' dir='ltr' id='par_1_1' title="bbox 260 361 2343 437">
     <span class='ocr_line' id='line_1_1' title="bbox 260 361 2343 437; baseline -0.011 0"><span class='ocrx_word' id='word_1_1' title='bbox 260 382 349 437; x_wconf 65' lang='grc' dir='ltr'>δέι</span> <span class='ocrx_word' id='word_1_2' title='bbox 1289 368 1748 426; x_wconf 69' lang='lat' dir='ltr'><strong>CLEMENTINA.</strong></span> <span class='ocrx_word' id='word_1_3' title='bbox 1783 398 1853 407; x_wconf 84' lang='lat'><strong>-</strong></span> <span class='ocrx_word' id='word_1_4' title='bbox 1894 362 2177 419; x_wconf 76' lang='lat' dir='ltr'><strong>IIOMILIA</strong></span> <span class='ocrx_word' id='word_1_5' title='bbox 2206 361 2343 417; x_wconf 77' lang='lat' dir='ltr'><strong>XIX.</strong></span> 
     </span>
    </p>
   </div>
   <div class='ocr_carea' id='block_1_2' title="bbox 3384 362 3491 418">
    <p class='ocr_par' dir='ltr' id='par_1_2' title="bbox 3384 362 3491 418">
     <span class='ocr_line' id='line_1_2' title="bbox 3384 362 3491 418; baseline 0.019 -2"><span class='ocrx_word' id='word_1_6' title='bbox 3384 362 3491 418; x_wconf 69' lang='grc' dir='ltr'>Δεε</span> 
     </span>
    </p>
   </div>
   <div class='ocr_carea' id='block_1_3' title="bbox 260 475 1839 566">
    <p class='ocr_par' dir='ltr' id='par_1_3' title="bbox 260 483 1822 566">
     <span class='ocr_line' id='line_1_3' title="bbox 260 483 1822 566; baseline -0.01 -14"><span class='ocrx_word' id='word_1_7' title='bbox 260 495 658 566; x_wconf 73' lang='grc' dir='ltr'><strong>καταλέγουσιν,</strong></span> <span class='ocrx_word' id='word_1_8' title='bbox 691 492 787 549; x_wconf 72' lang='grc' dir='ltr'><strong>καὶ</strong></span> <span class='ocrx_word' id='word_1_9' title='bbox 810 494 858 546; x_wconf 88' lang='grc' dir='ltr'><strong>εί</strong></span> <span class='ocrx_word' id='word_1_10' title='bbox 881 491 1055 555; x_wconf 74' lang='grc' dir='ltr'>ἄλλως</span> <span class='ocrx_word' id='word_1_11' title='bbox 1088 506 1205 553; x_wconf 85' lang='grc' dir='ltr'><strong>πως</strong></span> <span class='ocrx_word' id='word_1_12' title='bbox 1228 485 1630 559; x_wconf 72' lang='grc' dir='ltr'>ἀπαραόλὴτως</span> <span class='ocrx_word' id='word_1_13' title='bbox 1656 483 1822 546; x_wconf 83' lang='grc' dir='ltr'>κακός</span> 
     </span>
    </p>
   </div>
   <div class='ocr_carea' id='block_1_4' title="bbox 1939 475 3490 566">
    <p class='ocr_par' dir='ltr' id='par_1_4' title="bbox 1939 475 3490 548">
     <span class='ocr_line' id='line_1_4' title="bbox 1939 475 3490 548; baseline -0.001 -12"><span class='ocrx_word' id='word_1_14' title='bbox 1939 490 2072 536; x_wconf 64' lang='lat' dir='ltr'><strong>esset</strong></span> <span class='ocrx_word' id='word_1_15' title='bbox 2115 479 2314 547; x_wconf 85' lang='lat' dir='ltr'><strong>malus,</strong></span> <span class='ocrx_word' id='word_1_16' title='bbox 2347 487 2407 534; x_wconf 91' lang='lat' dir='ltr'><strong>ut</strong></span> <span class='ocrx_word' id='word_1_17' title='bbox 2448 492 2551 533; x_wconf 86' lang='lat' dir='ltr'><strong>nec</strong></span> <span class='ocrx_word' id='word_1_18' title='bbox 2600 475 2899 548; x_wconf 70' lang='lat' dir='ltr'><strong>Scriptura:</strong></span> <span class='ocrx_word' id='word_1_19' title='bbox 2949 478 3132 534; x_wconf 80' lang='lat' dir='ltr'><strong>dicere</strong></span> <span class='ocrx_word' id='word_1_20' title='bbox 3180 479 3490 546; x_wconf 82' lang='lat' dir='ltr'><strong>valuerunt,</strong></span> 
     </span>
    </p>
   </div>
   <div class='ocr_carea' id='block_1_5' title="bbox 258 574 1824 655">
    <p class='ocr_par' dir='ltr' id='par_1_5' title="bbox 258 574 1824 655">
     <span class='ocr_line' id='line_1_5' title="bbox 258 574 1824 655; baseline -0.011 -13"><span class='ocrx_word' id='word_1_21' title='bbox 258 591 419 651; x_wconf 74' lang='grc' dir='ltr'>ἐστιν,</span> <span class='ocrx_word' id='word_1_22' title='bbox 446 587 524 651; x_wconf 81' lang='grc' dir='ltr'><strong>ὡς</strong></span> <span class='ocrx_word' id='word_1_23' title='bbox 552 585 678 639; x_wconf 79' lang='grc' dir='ltr'>οὗτε</span> <span class='ocrx_word' id='word_1_24' title='bbox 700 586 760 639; x_wconf 83' lang='lat' dir='ltr'><strong>ai.</strong></span> <span class='ocrx_word' id='word_1_25' title='bbox 802 583 1020 655; x_wconf 76' lang='grc' dir='ltr'>Γραφαὶ</span> <span class='ocrx_word' id='word_1_26' title='bbox 1048 583 1220 636; x_wconf 76' lang='grc' dir='ltr'>εἰπεῖν</span> <span class='ocrx_word' id='word_1_27' title='bbox 1247 580 1493 649; x_wconf 73' lang='grc' dir='ltr'>ἴσχυσαν,</span> <span class='ocrx_word' id='word_1_28' title='bbox 1521 574 1643 629; x_wconf 84' lang='grc' dir='ltr'>οὑτε</span> <span class='ocrx_word' id='word_1_29' title='bbox 1667 574 1824 637; x_wconf 80' lang='grc' dir='ltr'>ἀλλος</span> 
     </span>
    </p>
   </div>
   <div class='ocr_carea' id='block_1_6' title="bbox 253 666 1829 748">
    <p class='ocr_par' dir='ltr' id='par_1_6' title="bbox 253 666 1829 748">
     <span class='ocr_line' id='line_1_6' title="bbox 253 666 1829 748; baseline -0.011 -12"><span class='ocrx_word' id='word_1_30' title='bbox 253 698 335 745; x_wconf 74' lang='grc' dir='ltr'><strong>τις</strong></span> <span class='ocrx_word' id='word_1_31' title='bbox 357 681 461 735; x_wconf 73' lang='grc' dir='ltr'>κᾶν</span> <span class='ocrx_word' id='word_1_32' title='bbox 485 677 739 748; x_wconf 74' lang='grc' dir='ltr'>ἐννοῆσαι</span> <span class='ocrx_word' id='word_1_33' title='bbox 760 675 985 738; x_wconf 85' lang='grc' dir='ltr'>δυνατός</span> <span class='ocrx_word' id='word_1_34' title='bbox 1016 677 1185 735; x_wconf 70' lang='grc' dir='ltr'>ἐστιν,</span> <span class='ocrx_word' id='word_1_35' title='bbox 1210 671 1411 742; x_wconf 79' lang='grc' dir='ltr'>ὁμοίως</span> <span class='ocrx_word' id='word_1_36' title='bbox 1433 668 1543 738; x_wconf 75' lang='grc' dir='ltr'><strong>ἐγὼ</strong></span> <span class='ocrx_word' id='word_1_37' title='bbox 1564 667 1664 722; x_wconf 87' lang='grc' dir='ltr'>οὑκ</span> <span class='ocrx_word' id='word_1_38' title='bbox 1686 666 1829 720; x_wconf 86' lang='grc' dir='ltr'>ἀπο-</span> 
     </span>
    </p>
   </div>
   <div class='ocr_carea' id='block_1_7' title="bbox 257 757 1823 846">
    <p class='ocr_par' dir='ltr' id='par_1_7' title="bbox 257 757 1823 846">
     <span class='ocr_line' id='line_1_7' title="bbox 257 757 1823 846; baseline -0.011 -18"><span class='ocrx_word' id='word_1_39' title='bbox 257 777 518 846; x_wconf 77' lang='grc' dir='ltr'>στήσομαι</span> <span class='ocrx_word' id='word_1_40' title='bbox 568 771 663 824; x_wconf 85' lang='grc' dir='ltr'><strong>τοῦ</strong></span> <span class='ocrx_word' id='word_1_41' title='bbox 682 772 724 801; x_wconf 76' lang='lat'>“</span> <span class='ocrx_word' id='word_1_42' title='bbox 774 769 933 822; x_wconf 72' lang='grc' dir='ltr'>αὑτὸν</span> <span class='ocrx_word' id='word_1_43' title='bbox 986 767 1144 839; x_wconf 90' lang='grc' dir='ltr'>μόνον</span> <span class='ocrx_word' id='word_1_44' title='bbox 1191 764 1390 827; x_wconf 77' lang='grc' dir='ltr'>σέϐειν,</span> <span class='ocrx_word' id='word_1_45' title='bbox 1419 762 1514 816; x_wconf 78' lang='grc' dir='ltr'><strong>καὶ</strong></span> <span class='ocrx_word' id='word_1_46' title='bbox 1558 760 1620 813; x_wconf 84' lang='grc' dir='ltr'>τὸ</span> <span class='ocrx_word' id='word_1_47' title='bbox 1659 757 1823 813; x_wconf 89' lang='grc' dir='ltr'>αὑτοῦ</span> 
     </span>
    </p>
   </div>
   <div class='ocr_carea' id='block_1_8' title="bbox 258 851 1824 938">
    <p class='ocr_par' dir='ltr' id='par_1_8' title="bbox 258 851 1824 938">
     <span class='ocr_line' id='line_1_8' title="bbox 258 851 1824 938; baseline -0.01 -19"><span class='ocrx_word' id='word_1_48' title='bbox 258 866 497 938; x_wconf 83' lang='grc' dir='ltr'>βούλημα</span> <span class='ocrx_word' id='word_1_49' title='bbox 526 866 719 917; x_wconf 81' lang='grc' dir='ltr'>ποιεῖν.</span> <span class='ocrx_word' id='word_1_50' title='bbox 749 861 963 915; x_wconf 83' lang='grc' dir='ltr'>Εἰδέναι</span> <span class='ocrx_word' id='word_1_51' title='bbox 996 859 1098 929; x_wconf 84' lang='grc' dir='ltr'>γάρ</span> <span class='ocrx_word' id='word_1_52' title='bbox 1132 874 1192 911; x_wconf 90' lang='grc' dir='ltr'>σε</span> <span class='ocrx_word' id='word_1_53' title='bbox 1217 856 1353 915; x_wconf 88' lang='grc' dir='ltr'>θέλω</span> <span class='ocrx_word' id='word_1_54' title='bbox 1383 855 1480 908; x_wconf 72' lang='grc' dir='ltr'><strong>καὶ</strong></span> <span class='ocrx_word' id='word_1_55' title='bbox 1514 851 1824 911; x_wconf 82' lang='grc' dir='ltr'>πεπεῖσθαι,</span> 
     </span>
    </p>
   </div>
   <div class='ocr_carea' id='block_1_9' title="bbox 254 944 1826 1025">
    <p class='ocr_par' dir='ltr' id='par_1_9' title="bbox 254 944 1826 1025">
     <span class='ocr_line' id='line_1_9' title="bbox 254 944 1826 1025; baseline -0.01 -13"><span class='ocrx_word' id='word_1_56' title='bbox 254 961 329 1013; x_wconf 82' lang='grc' dir='ltr'><strong>ὅτι</strong></span> <span class='ocrx_word' id='word_1_57' title='bbox 359 960 390 1011; x_wconf 82' lang='grc' dir='ltr'>ὁ</span> <span class='ocrx_word' id='word_1_58' title='bbox 417 960 499 1021; x_wconf 75' lang='grc' dir='ltr'><strong>εἰς</strong></span> <span class='ocrx_word' id='word_1_59' title='bbox 521 957 613 1009; x_wconf 80' lang='grc' dir='ltr'>τὸν</span> <span class='ocrx_word' id='word_1_60' title='bbox 658 954 823 1009; x_wconf 88' lang='grc' dir='ltr'>αὑτοῦ</span> <span class='ocrx_word' id='word_1_61' title='bbox 871 953 1102 1025; x_wconf 82' lang='grc' dir='ltr'>ποιητὴν</span> <span class='ocrx_word' id='word_1_62' title='bbox 1130 950 1230 1004; x_wconf 87' lang='grc' dir='ltr'>οὑκ</span> <span class='ocrx_word' id='word_1_63' title='bbox 1259 948 1397 1019; x_wconf 77' lang='grc' dir='ltr'>ἔχων</span> <span class='ocrx_word' id='word_1_64' title='bbox 1435 944 1688 1017; x_wconf 81' lang='grc' dir='ltr'>στοργὴν,</span> <span class='ocrx_word' id='word_1_65' title='bbox 1715 944 1826 997; x_wconf 77' lang='grc' dir='ltr'>οὐδ’</span> 
     </span>
    </p>
   </div>
   <div class='ocr_carea' id='block_1_10' title="bbox 253 1035 1822 1122">
    <p class='ocr_par' dir='ltr' id='par_1_10' title="bbox 253 1035 1822 1122">
     <span class='ocr_line' id='line_1_10' title="bbox 253 1035 1822 1122; baseline -0.011 -17"><span class='ocrx_word' id='word_1_66' title='bbox 253 1054 327 1114; x_wconf 85' lang='grc' dir='ltr'><strong>εἰς</strong></span> <span class='ocrx_word' id='word_1_67' title='bbox 353 1050 544 1122; x_wconf 67' lang='grc' dir='ltr'>ἕτερον</span> <span class='ocrx_word' id='word_1_68' title='bbox 572 1048 716 1118; x_wconf 75' lang='grc' dir='ltr'>ἔχειν</span> <span class='ocrx_word' id='word_1_69' title='bbox 744 1047 875 1100; x_wconf 85' lang='grc' dir='ltr'>ποτὲ</span> <span class='ocrx_word' id='word_1_70' title='bbox 903 1045 1141 1100; x_wconf 84' lang='grc' dir='ltr'>δύναται.</span> <span class='ocrx_word' id='word_1_71' title='bbox 1170 1044 1232 1096; x_wconf 71' lang='lat' dir='ltr'><strong>Et</strong></span> <span class='ocrx_word' id='word_1_72' title='bbox 1250 1042 1312 1094; x_wconf 84' lang='grc' dir='ltr'>δὲ</span> <span class='ocrx_word' id='word_1_73' title='bbox 1337 1040 1451 1110; x_wconf 75' lang='grc' dir='ltr'>ἔχει</span> <span class='ocrx_word' id='word_1_74' title='bbox 1471 1039 1516 1070; x_wconf 72' lang='grc'><strong>⁸³</strong></span> <span class='ocrx_word' id='word_1_75' title='bbox 1539 1037 1678 1110; x_wconf 81' lang='grc' dir='ltr'>πρὸς</span> <span class='ocrx_word' id='word_1_76' title='bbox 1701 1035 1822 1089; x_wconf 76' lang='grc' dir='ltr'><strong>ἓτε-</strong></span> 
     </span>
    </p>
   </div>
   <div class='ocr_carea' id='block_1_11' title="bbox 257 1128 1827 1216">
    <p class='ocr_par' dir='ltr' id='par_1_11' title="bbox 257 1128 1827 1216">
     <span class='ocr_line' id='line_1_11' title="bbox 257 1128 1827 1216; baseline -0.011 -17"><span class='ocrx_word' id='word_1_77' title='bbox 257 1162 359 1216; x_wconf 86' lang='grc' dir='ltr'>ρον,</span> <span class='ocrx_word' id='word_1_78' title='bbox 399 1142 556 1215; x_wconf 83' lang='grc' dir='ltr'><strong>παρά</strong></span> <span class='ocrx_word' id='word_1_79' title='bbox 587 1142 749 1213; x_wconf 84' lang='grc' dir='ltr'>φύσιν</span> <span class='ocrx_word' id='word_1_80' title='bbox 781 1142 941 1213; x_wconf 74' lang='grc' dir='ltr'>ἔχων,</span> <span class='ocrx_word' id='word_1_81' title='bbox 984 1141 1048 1193; x_wconf 79' lang='grc' dir='ltr'><strong>ὲκ</strong></span> <span class='ocrx_word' id='word_1_82' title='bbox 1087 1133 1325 1206; x_wconf 87' lang='grc' dir='ltr'>πονηροῦ</span> <span class='ocrx_word' id='word_1_83' title='bbox 1352 1134 1445 1186; x_wconf 82' lang='grc' dir='ltr'><strong>τὸν</strong></span> <span class='ocrx_word' id='word_1_84' title='bbox 1491 1130 1601 1185; x_wconf 87' lang='grc' dir='ltr'>τῶν</span> <span class='ocrx_word' id='word_1_85' title='bbox 1627 1128 1827 1184; x_wconf 83' lang='grc' dir='ltr'>ἀδίκων</span> 
     </span>
    </p>
   </div>
   <div class='ocr_carea' id='block_1_12' title="bbox 254 1221 1831 1308">
    <p class='ocr_par' dir='ltr' id='par_1_12' title="bbox 254 1221 1831 1308">
     <span class='ocr_line' id='line_1_12' title="bbox 254 1221 1831 1308; baseline -0.01 -18"><span class='ocrx_word' id='word_1_86' title='bbox 254 1237 426 1308; x_wconf 75' lang='grc' dir='ltr'>ἔρωτα</span> <span class='ocrx_word' id='word_1_87' title='bbox 473 1234 613 1306; x_wconf 77' lang='grc' dir='ltr'>έχων</span> <span class='ocrx_word' id='word_1_88' title='bbox 643 1235 847 1304; x_wconf 84' lang='grc' dir='ltr'>ἀγνοεῖ,</span> <span class='ocrx_word' id='word_1_89' title='bbox 878 1233 954 1296; x_wconf 86' lang='grc' dir='ltr'>ὡς</span> <span class='ocrx_word' id='word_1_90' title='bbox 989 1230 1109 1302; x_wconf 83' lang='grc' dir='ltr'>μηδ’</span> <span class='ocrx_word' id='word_1_91' title='bbox 1133 1230 1339 1282; x_wconf 69' lang='grc' dir='ltr'>ἐκεῖνον</span> <span class='ocrx_word' id='word_1_92' title='bbox 1387 1224 1619 1296; x_wconf 78' lang='grc' dir='ltr'>βεϐαίως</span> <span class='ocrx_word' id='word_1_93' title='bbox 1661 1221 1831 1292; x_wconf 84' lang='grc' dir='ltr'>φυλά-</span> 
     </span>
    </p>
   </div>
   <div class='ocr_carea' id='block_1_13' title="bbox 255 1315 1830 1399">
    <p class='ocr_par' dir='ltr' id='par_1_13' title="bbox 255 1315 1830 1399">
     <span class='ocr_line' id='line_1_13' title="bbox 255 1315 1830 1399; baseline -0.009 -18"><span class='ocrx_word' id='word_1_94' title='bbox 255 1328 333 1394; x_wconf 81' lang='grc' dir='ltr'><strong>ξαι</strong></span> <span class='ocrx_word' id='word_1_95' title='bbox 357 1327 675 1399; x_wconf 71' lang='grc' dir='ltr'>δυνάμενος.</span> <span class='ocrx_word' id='word_1_96' title='bbox 714 1327 823 1379; x_wconf 71' lang='grc' dir='ltr'><strong>Καὶ</strong></span> <span class='ocrx_word' id='word_1_97' title='bbox 851 1328 899 1379; x_wconf 85' lang='grc' dir='ltr'><strong>εί</strong></span> <span class='ocrx_word' id='word_1_98' title='bbox 923 1325 1032 1396; x_wconf 80' lang='grc' dir='ltr'><strong>ἄρα</strong></span> <span class='ocrx_word' id='word_1_99' title='bbox 1078 1320 1194 1375; x_wconf 75' lang='grc' dir='ltr'>ἐστί</span> <span class='ocrx_word' id='word_1_100' title='bbox 1240 1337 1327 1383; x_wconf 88' lang='grc' dir='ltr'>τις</span> <span class='ocrx_word' id='word_1_101' title='bbox 1364 1319 1549 1389; x_wconf 76' lang='grc' dir='ltr'>ἔτερος</span> <span class='ocrx_word' id='word_1_102' title='bbox 1574 1315 1716 1387; x_wconf 85' lang='grc' dir='ltr'>ὑπὲρ</span> <span class='ocrx_word' id='word_1_103' title='bbox 1737 1315 1830 1367; x_wconf 73' lang='grc' dir='ltr'>τὸν</span> 
     </span>
    </p>
   </div>
   <div class='ocr_carea' id='block_1_14' title="bbox 248 1406 1832 1490">
    <p class='ocr_par' dir='ltr' id='par_1_14' title="bbox 248 1406 1832 1490">
     <span class='ocr_line' id='line_1_14' title="bbox 248 1406 1832 1490; baseline -0.01 -16"><span class='ocrx_word' id='word_1_104' title='bbox 248 1420 601 1490; x_wconf 82' lang='grc' dir='ltr'>Δημιουργὸν,</span> <span class='ocrx_word' id='word_1_105' title='bbox 629 1416 946 1483; x_wconf 76' lang='grc' dir='ltr'>ἀποδέξεταί</span> <span class='ocrx_word' id='word_1_106' title='bbox 969 1416 1015 1448; x_wconf 86' lang='grc'><em>³³</em></span> <span class='ocrx_word' id='word_1_107' title='bbox 1046 1432 1112 1485; x_wconf 89' lang='grc' dir='ltr'><strong>με</strong></span> <span class='ocrx_word' id='word_1_108' title='bbox 1153 1413 1229 1476; x_wconf 83' lang='grc' dir='ltr'>ὼς</span> <span class='ocrx_word' id='word_1_109' title='bbox 1264 1409 1468 1479; x_wconf 82' lang='grc' dir='ltr'>ἀγαθὸς</span> <span class='ocrx_word' id='word_1_110' title='bbox 1493 1406 1663 1479; x_wconf 83' lang='grc' dir='ltr'>ταύτῃ</span> <span class='ocrx_word' id='word_1_111' title='bbox 1695 1407 1832 1478; x_wconf 71' lang='grc' dir='ltr'><strong>μᾶλ-</strong></span> 
     </span>
    </p>
   </div>
   <div class='ocr_carea' id='block_1_15' title="bbox 253 1499 1829 1580">
    <p class='ocr_par' dir='ltr' id='par_1_15' title="bbox 253 1499 1829 1580">
     <span class='ocr_line' id='line_1_15' title="bbox 253 1499 1829 1580; baseline -0.008 -16"><span class='ocrx_word' id='word_1_112' title='bbox 253 1512 352 1575; x_wconf 87' lang='grc' dir='ltr'>λον,</span> <span class='ocrx_word' id='word_1_113' title='bbox 384 1514 475 1565; x_wconf 83' lang='grc' dir='ltr'><strong>ὅτι</strong></span> <span class='ocrx_word' id='word_1_114' title='bbox 504 1511 596 1564; x_wconf 79' lang='grc' dir='ltr'>τὸν</span> <span class='ocrx_word' id='word_1_115' title='bbox 630 1510 760 1580; x_wconf 82' lang='grc' dir='ltr'>έμὺν</span> <span class='ocrx_word' id='word_1_116' title='bbox 781 1508 981 1579; x_wconf 81' lang='grc' dir='ltr'><strong>ἀγαπῶ</strong></span> <span class='ocrx_word' id='word_1_117' title='bbox 1012 1506 1245 1578; x_wconf 81' lang='grc' dir='ltr'><strong>πατέρα,</strong></span> <span class='ocrx_word' id='word_1_118' title='bbox 1281 1504 1341 1557; x_wconf 80' lang='grc' dir='ltr'>σὲ</span> <span class='ocrx_word' id='word_1_119' title='bbox 1366 1503 1423 1557; x_wconf 83' lang='grc' dir='ltr'><strong>δὲ</strong></span> <span class='ocrx_word' id='word_1_120' title='bbox 1453 1502 1553 1556; x_wconf 88' lang='grc' dir='ltr'><strong>οὑκ</strong></span> <span class='ocrx_word' id='word_1_121' title='bbox 1570 1499 1829 1565; x_wconf 83' lang='grc' dir='ltr'>ἀποδέξε-</span> 
     </span>
    </p>
   </div>
   <div class='ocr_carea' id='block_1_16' title="bbox 252 1591 1830 1671">
    <p class='ocr_par' dir='ltr' id='par_1_16' title="bbox 252 1591 1830 1671">
     <span class='ocr_line' id='line_1_16' title="bbox 252 1591 1830 1671; baseline -0.009 -13"><span class='ocrx_word' id='word_1_122' title='bbox 252 1623 332 1657; x_wconf 89' lang='grc' dir='ltr'>ται</span> <span class='ocrx_word' id='word_1_123' title='bbox 370 1603 558 1666; x_wconf 76' lang='grc' dir='ltr'>εἰδὼς,</span> <span class='ocrx_word' id='word_1_124' title='bbox 595 1603 677 1656; x_wconf 79' lang='grc' dir='ltr'><strong>ὅτι</strong></span> <span class='ocrx_word' id='word_1_125' title='bbox 712 1602 803 1655; x_wconf 83' lang='grc' dir='ltr'>τὸν</span> <span class='ocrx_word' id='word_1_126' title='bbox 848 1601 1007 1671; x_wconf 89' lang='grc' dir='ltr'>φύσει</span> <span class='ocrx_word' id='word_1_127' title='bbox 1054 1617 1146 1652; x_wconf 91' lang='grc' dir='ltr'><strong>σου</strong></span> <span class='ocrx_word' id='word_1_128' title='bbox 1182 1597 1434 1668; x_wconf 86' lang='grc' dir='ltr'>ποιητὴν,</span> <span class='ocrx_word' id='word_1_129' title='bbox 1462 1594 1523 1647; x_wconf 90' lang='grc' dir='ltr'><strong>οὑ</strong></span> <span class='ocrx_word' id='word_1_130' title='bbox 1548 1592 1657 1665; x_wconf 87' lang='grc' dir='ltr'><strong>γὰρ</strong></span> <span class='ocrx_word' id='word_1_131' title='bbox 1685 1591 1830 1660; x_wconf 88' lang='grc' dir='ltr'>λέγω</span> 
     </span>
    </p>
   </div>
   <div class='ocr_carea' id='block_1_17' title="bbox 254 1684 1831 1767">
    <p class='ocr_par' dir='ltr' id='par_1_17' title="bbox 254 1684 1831 1767">
     <span class='ocr_line' id='line_1_17' title="bbox 254 1684 1831 1767; baseline -0.008 -18"><span class='ocrx_word' id='word_1_132' title='bbox 254 1696 466 1767; x_wconf 87' lang='grc' dir='ltr'>πατέρα</span> <span class='ocrx_word' id='word_1_133' title='bbox 481 1696 547 1757; x_wconf 70' lang='grc'><strong>³⁸,</strong></span> <span class='ocrx_word' id='word_1_134' title='bbox 578 1695 865 1757; x_wconf 72' lang='grc' dir='ltr'><strong>κατέλιπες</strong></span> <span class='ocrx_word' id='word_1_135' title='bbox 882 1694 968 1746; x_wconf 74' lang='grc' dir='ltr'><strong>ἐπ’</strong></span> <span class='ocrx_word' id='word_1_136' title='bbox 995 1691 1167 1745; x_wconf 77' lang='grc' dir='ltr'>ἐλπίδι</span> <span class='ocrx_word' id='word_1_137' title='bbox 1196 1687 1421 1761; x_wconf 77' lang='grc' dir='ltr'>μείζονι,</span> <span class='ocrx_word' id='word_1_138' title='bbox 1445 1686 1507 1740; x_wconf 85' lang='grc' dir='ltr'><strong>οὑ</strong></span> <span class='ocrx_word' id='word_1_139' title='bbox 1541 1684 1831 1757; x_wconf 81' lang='grc' dir='ltr'><strong>φροντίσας</strong></span> 
     </span>
    </p>
   </div>
   <div class='ocr_carea' id='block_1_18' title="bbox 253 1775 1829 1854">
    <p class='ocr_par' dir='ltr' id='par_1_18' title="bbox 253 1775 1829 1854">
     <span class='ocr_line' id='line_1_18' title="bbox 253 1775 1829 1854; baseline -0.006 -15"><span class='ocrx_word' id='word_1_140' title='bbox 253 1787 336 1840; x_wconf 85' lang='grc' dir='ltr'><strong>τοῦ</strong></span> <span class='ocrx_word' id='word_1_141' title='bbox 361 1787 615 1854; x_wconf 80' lang='grc' dir='ltr'><strong>εὐλόγου.</strong></span> <span class='ocrx_word' id='word_1_142' title='bbox 635 1785 820 1848; x_wconf 74' lang='grc' dir='ltr'>Οὕτως</span> <span class='ocrx_word' id='word_1_143' title='bbox 839 1788 887 1837; x_wconf 82' lang='grc' dir='ltr'><strong>εἰ</strong></span> <span class='ocrx_word' id='word_1_144' title='bbox 910 1785 1003 1837; x_wconf 81' lang='grc' dir='ltr'>καὶ</span> <span class='ocrx_word' id='word_1_145' title='bbox 1021 1780 1185 1837; x_wconf 88' lang='grc' dir='ltr'>αὑτοῦ</span> <span class='ocrx_word' id='word_1_146' title='bbox 1206 1781 1490 1852; x_wconf 86' lang='grc' dir='ltr'>κρείττονα</span> <span class='ocrx_word' id='word_1_147' title='bbox 1508 1779 1568 1831; x_wconf 87' lang='grc' dir='ltr'><strong>εὑ</strong></span> <span class='ocrx_word' id='word_1_148' title='bbox 1577 1778 1744 1849; x_wconf 84' lang='grc' dir='ltr'>ρήσῃς</span> <span class='ocrx_word' id='word_1_149' title='bbox 1765 1775 1829 1839; x_wconf 82' lang='grc'><strong>⁸⁸,</strong></span> 
     </span>
    </p>
   </div>
   <div class='ocr_carea' id='block_1_19' title="bbox 1924 571 3494 643">
    <p class='ocr_par' dir='ltr' id='par_1_19' title="bbox 1924 571 3494 643">
     <span class='ocr_line' id='line_1_19' title="bbox 1924 571 3494 643; baseline 0 -15"><span class='ocrx_word' id='word_1_150' title='bbox 1924 588 2100 643; x_wconf 91' lang='lat' dir='ltr'><strong>neque</strong></span> <span class='ocrx_word' id='word_1_151' title='bbox 2126 573 2267 628; x_wconf 88' lang='lat' dir='ltr'><strong>alius</strong></span> <span class='ocrx_word' id='word_1_152' title='bbox 2285 572 2410 643; x_wconf 86' lang='lat' dir='ltr'><strong>quis</strong></span> <span class='ocrx_word' id='word_1_153' title='bbox 2434 571 2518 627; x_wconf 92' lang='lat' dir='ltr'><strong>vel</strong></span> <span class='ocrx_word' id='word_1_154' title='bbox 2549 572 2789 641; x_wconf 80' lang='lat' dir='ltr'><strong>cogitare</strong></span> <span class='ocrx_word' id='word_1_155' title='bbox 2816 581 3014 640; x_wconf 86' lang='lat' dir='ltr'><strong>potest,</strong></span> <span class='ocrx_word' id='word_1_156' title='bbox 3045 573 3161 643; x_wconf 84' lang='lat' dir='ltr'><strong>pari</strong></span> <span class='ocrx_word' id='word_1_157' title='bbox 3188 588 3291 643; x_wconf 92' lang='lat' dir='ltr'><strong>ego</strong></span> <span class='ocrx_word' id='word_1_158' title='bbox 3328 574 3494 628; x_wconf 87' lang='lat' dir='ltr'><strong>modo</strong></span> 
     </span>
    </p>
   </div>
   <div class='ocr_carea' id='block_1_20' title="bbox 1925 662 3498 733">
    <p class='ocr_par' dir='ltr' id='par_1_20' title="bbox 1925 662 3498 733">
     <span class='ocr_line' id='line_1_20' title="bbox 1925 662 3498 733; baseline -0.002 -13"><span class='ocrx_word' id='word_1_159' title='bbox 1925 679 2037 720; x_wconf 87' lang='lat' dir='ltr'><strong>non</strong></span> <span class='ocrx_word' id='word_1_160' title='bbox 2070 663 2393 719; x_wconf 76' lang='lat' dir='ltr'><strong>desisterem</strong></span> <span class='ocrx_word' id='word_1_161' title='bbox 2418 678 2543 718; x_wconf 88' lang='lat' dir='ltr'><strong>eum</strong></span> <span class='ocrx_word' id='word_1_162' title='bbox 2569 662 2749 718; x_wconf 90' lang='lat' dir='ltr'><strong>solum</strong></span> <span class='ocrx_word' id='word_1_163' title='bbox 2781 662 2983 728; x_wconf 85' lang='lat' dir='ltr'><strong>colere,</strong></span> <span class='ocrx_word' id='word_1_164' title='bbox 3017 662 3273 733; x_wconf 85' lang='lat' dir='ltr'><strong>illiusque</strong></span> <span class='ocrx_word' id='word_1_165' title='bbox 3302 663 3498 718; x_wconf 83' lang='lat' dir='ltr'><strong>volun-</strong></span> 
     </span>
    </p>
   </div>
   <div class='ocr_carea' id='block_1_21' title="bbox 1926 752 3492 824">
    <p class='ocr_par' dir='ltr' id='par_1_21' title="bbox 1926 752 3492 824">
     <span class='ocr_line' id='line_1_21' title="bbox 1926 752 3492 824; baseline 0 -15"><span class='ocrx_word' id='word_1_166' title='bbox 1926 763 2092 809; x_wconf 81' lang='lat' dir='ltr'><strong>tatem</strong></span> <span class='ocrx_word' id='word_1_167' title='bbox 2132 769 2374 811; x_wconf 88' lang='lat' dir='ltr'><strong>servare.</strong></span> <span class='ocrx_word' id='word_1_168' title='bbox 2432 752 2585 810; x_wconf 89' lang='lat' dir='ltr'><strong>Scire</strong></span> <span class='ocrx_word' id='word_1_169' title='bbox 2623 752 2771 808; x_wconf 89' lang='lat' dir='ltr'><strong>enim</strong></span> <span class='ocrx_word' id='word_1_170' title='bbox 2819 762 2870 809; x_wconf 92' lang='lat' dir='ltr'><strong>te</strong></span> <span class='ocrx_word' id='word_1_171' title='bbox 2918 755 3042 809; x_wconf 87' lang='lat' dir='ltr'><strong>volo</strong></span> <span class='ocrx_word' id='word_1_172' title='bbox 3066 771 3132 810; x_wconf 88' lang='lat' dir='ltr'><strong>ac</strong></span> <span class='ocrx_word' id='word_1_173' title='bbox 3170 771 3492 824; x_wconf 89' lang='lat' dir='ltr'><strong>persuasum</strong></span> 
     </span>
    </p>
   </div>
   <div class='ocr_carea' id='block_1_22' title="bbox 1927 846 3495 917">
    <p class='ocr_par' dir='ltr' id='par_1_22' title="bbox 1927 846 3495 917">
     <span class='ocr_line' id='line_1_22' title="bbox 1927 846 3495 917; baseline 0.001 -18"><span class='ocrx_word' id='word_1_174' title='bbox 1927 846 2150 912; x_wconf 84' lang='lat' dir='ltr'><strong>habere,</strong></span> <span class='ocrx_word' id='word_1_175' title='bbox 2175 861 2299 901; x_wconf 90' lang='lat' dir='ltr'><strong>eum</strong></span> <span class='ocrx_word' id='word_1_176' title='bbox 2330 846 2424 917; x_wconf 89' lang='lat' dir='ltr'><strong>qui</strong></span> <span class='ocrx_word' id='word_1_177' title='bbox 2452 847 2505 901; x_wconf 91' lang='lat' dir='ltr'><strong>in</strong></span> <span class='ocrx_word' id='word_1_178' title='bbox 2531 857 2812 903; x_wconf 85' lang='lat' dir='ltr'><strong>auctorem</strong></span> <span class='ocrx_word' id='word_1_179' title='bbox 2843 862 3003 902; x_wconf 87' lang='lat' dir='ltr'><strong>suum</strong></span> <span class='ocrx_word' id='word_1_180' title='bbox 3036 848 3356 907; x_wconf 80' lang='lat' dir='ltr'><strong>charitatem</strong></span> <span class='ocrx_word' id='word_1_181' title='bbox 3384 864 3495 903; x_wconf 89' lang='lat' dir='ltr'><strong>non</strong></span> 
     </span>
    </p>
   </div>
   <div class='ocr_carea' id='block_1_23' title="bbox 1927 935 3493 1008">
    <p class='ocr_par' dir='ltr' id='par_1_23' title="bbox 1927 935 3493 1008">
     <span class='ocr_line' id='line_1_23' title="bbox 1927 935 3493 1008; baseline 0.004 -18"><span class='ocrx_word' id='word_1_182' title='bbox 1927 935 2111 1003; x_wconf 81' lang='lat' dir='ltr'><strong>habet,</strong></span> <span class='ocrx_word' id='word_1_183' title='bbox 2163 952 2341 1007; x_wconf 90' lang='lat' dir='ltr'><strong>neque</strong></span> <span class='ocrx_word' id='word_1_184' title='bbox 2391 937 2445 992; x_wconf 94' lang='lat' dir='ltr'><strong>in</strong></span> <span class='ocrx_word' id='word_1_185' title='bbox 2495 937 2668 993; x_wconf 90' lang='lat' dir='ltr'><strong>alium</strong></span> <span class='ocrx_word' id='word_1_186' title='bbox 2732 953 2896 1008; x_wconf 89' lang='lat' dir='ltr'><strong>posse</strong></span> <span class='ocrx_word' id='word_1_187' title='bbox 2943 954 3199 1008; x_wconf 87' lang='lat' dir='ltr'><strong>unquam</strong></span> <span class='ocrx_word' id='word_1_188' title='bbox 3265 940 3493 996; x_wconf 84' lang='lat' dir='ltr'><strong>habere.</strong></span> 
     </span>
    </p>
   </div>
   <div class='ocr_carea' id='block_1_24' title="bbox 1929 1026 3501 1100">
    <p class='ocr_par' dir='ltr' id='par_1_24' title="bbox 1929 1026 3501 1100">
     <span class='ocr_line' id='line_1_24' title="bbox 1929 1026 3501 1100; baseline 0.003 -18"><span class='ocrx_word' id='word_1_189' title='bbox 1929 1026 2084 1095; x_wconf 86' lang='lat' dir='ltr'><strong>Quod</strong></span> <span class='ocrx_word' id='word_1_190' title='bbox 2117 1029 2163 1084; x_wconf 90' lang='lat' dir='ltr'><strong>si</strong></span> <span class='ocrx_word' id='word_1_191' title='bbox 2196 1045 2323 1100; x_wconf 89' lang='lat' dir='ltr'><strong>erga</strong></span> <span class='ocrx_word' id='word_1_192' title='bbox 2355 1029 2524 1085; x_wconf 92' lang='lat' dir='ltr'><strong>alium</strong></span> <span class='ocrx_word' id='word_1_193' title='bbox 2554 1030 2827 1095; x_wconf 82' lang='lat' dir='ltr'><strong>habuerit,</strong></span> <span class='ocrx_word' id='word_1_194' title='bbox 2865 1040 3057 1086; x_wconf 89' lang='lat' dir='ltr'><strong>contra</strong></span> <span class='ocrx_word' id='word_1_195' title='bbox 3107 1040 3358 1087; x_wconf 85' lang='lat' dir='ltr'><strong>naturam</strong></span> <span class='ocrx_word' id='word_1_196' title='bbox 3401 1032 3501 1086; x_wconf 84' lang='lat' dir='ltr'><strong>ha-</strong></span> 
     </span>
    </p>
   </div>
   <div class='ocr_carea' id='block_1_25' title="bbox 1931 1118 3500 1193">
    <p class='ocr_par' dir='ltr' id='par_1_25' title="bbox 1931 1118 3500 1193">
     <span class='ocr_line' id='line_1_25' title="bbox 1931 1118 3500 1193; baseline 0.003 -20"><span class='ocrx_word' id='word_1_197' title='bbox 1931 1118 2086 1185; x_wconf 90' lang='lat' dir='ltr'><strong>bens,</strong></span> <span class='ocrx_word' id='word_1_198' title='bbox 2111 1118 2325 1191; x_wconf 87' lang='lat' dir='ltr'><strong>ignorat</strong></span> <span class='ocrx_word' id='word_1_199' title='bbox 2350 1135 2410 1175; x_wconf 89' lang='lat' dir='ltr'><strong>se</strong></span> <span class='ocrx_word' id='word_1_200' title='bbox 2440 1135 2472 1174; x_wconf 92' lang='lat' dir='ltr'><strong>a</strong></span> <span class='ocrx_word' id='word_1_201' title='bbox 2503 1121 2649 1175; x_wconf 90' lang='lat' dir='ltr'><strong>malo</strong></span> <span class='ocrx_word' id='word_1_202' title='bbox 2672 1120 2873 1177; x_wconf 89' lang='lat' dir='ltr'><strong>habere</strong></span> <span class='ocrx_word' id='word_1_203' title='bbox 2897 1136 3141 1175; x_wconf 89' lang='lat' dir='ltr'><strong>amorem</strong></span> <span class='ocrx_word' id='word_1_204' title='bbox 3169 1123 3263 1191; x_wconf 92' lang='lat' dir='ltr'><strong>qui</strong></span> <span class='ocrx_word' id='word_1_205' title='bbox 3284 1122 3500 1193; x_wconf 70' lang='lat' dir='ltr'><strong>iniquo~</strong></span> 
     </span>
    </p>
   </div>
   <div class='ocr_carea' id='block_1_26' title="bbox 1931 1211 3499 1283">
    <p class='ocr_par' dir='ltr' id='par_1_26' title="bbox 1931 1211 3499 1283">
     <span class='ocr_line' id='line_1_26' title="bbox 1931 1211 3499 1283; baseline 0.002 -17"><span class='ocrx_word' id='word_1_206' title='bbox 1931 1227 2052 1267; x_wconf 91' lang='lat' dir='ltr'><strong>rum</strong></span> <span class='ocrx_word' id='word_1_207' title='bbox 2084 1221 2187 1275; x_wconf 85' lang='lat' dir='ltr'><strong>est,</strong></span> <span class='ocrx_word' id='word_1_208' title='bbox 2217 1211 2313 1267; x_wconf 89' lang='lat' dir='ltr'><strong>sed</strong></span> <span class='ocrx_word' id='word_1_209' title='bbox 2352 1226 2455 1269; x_wconf 89' lang='lat' dir='ltr'><strong>nec</strong></span> <span class='ocrx_word' id='word_1_210' title='bbox 2500 1213 2701 1283; x_wconf 90' lang='lat' dir='ltr'><strong>poterit</strong></span> <span class='ocrx_word' id='word_1_211' title='bbox 2739 1213 2891 1268; x_wconf 90' lang='lat' dir='ltr'><strong>illum</strong></span> <span class='ocrx_word' id='word_1_212' title='bbox 2951 1213 3181 1268; x_wconf 81' lang='lat' dir='ltr'><strong>ﬁrmiter</strong></span> <span class='ocrx_word' id='word_1_213' title='bbox 3202 1215 3499 1271; x_wconf 88' lang='lat' dir='ltr'><strong>custodire.</strong></span> 
     </span>
    </p>
   </div>
   <div class='ocr_carea' id='block_1_27' title="bbox 1930 1300 3501 1372">
    <p class='ocr_par' dir='ltr' id='par_1_27' title="bbox 1930 1300 3501 1372">
     <span class='ocr_line' id='line_1_27' title="bbox 1930 1300 3501 1372; baseline 0.003 -18"><span class='ocrx_word' id='word_1_214' title='bbox 1930 1300 2106 1368; x_wconf 78' lang='lat' dir='ltr'><strong>Atque</strong></span> <span class='ocrx_word' id='word_1_215' title='bbox 2135 1300 2181 1355; x_wconf 91' lang='lat' dir='ltr'><strong>si</strong></span> <span class='ocrx_word' id='word_1_216' title='bbox 2209 1310 2294 1356; x_wconf 91' lang='lat' dir='ltr'><strong>est</strong></span> <span class='ocrx_word' id='word_1_217' title='bbox 2323 1301 2522 1371; x_wconf 88' lang='lat' dir='ltr'><strong>aliquis</strong></span> <span class='ocrx_word' id='word_1_218' title='bbox 2552 1302 2695 1357; x_wconf 89' lang='lat' dir='ltr'><strong>alius</strong></span> <span class='ocrx_word' id='word_1_219' title='bbox 2726 1318 2892 1372; x_wconf 87' lang='lat' dir='ltr'><strong>super</strong></span> <span class='ocrx_word' id='word_1_220' title='bbox 2925 1300 3264 1369; x_wconf 82' lang='lat' dir='ltr'><strong>Creatorem,</strong></span> <span class='ocrx_word' id='word_1_221' title='bbox 3291 1303 3501 1372; x_wconf 82' lang='lat' dir='ltr'><strong>ample-</strong></span> 
     </span>
    </p>
   </div>
   <div class='ocr_carea' id='block_1_28' title="bbox 1931 1392 3501 1466">
    <p class='ocr_par' dir='ltr' id='par_1_28' title="bbox 1931 1392 3501 1466">
     <span class='ocr_line' id='line_1_28' title="bbox 1931 1392 3501 1466; baseline 0.001 -19"><span class='ocrx_word' id='word_1_222' title='bbox 1931 1400 2109 1447; x_wconf 84' lang='lat' dir='ltr'><strong>ctetur</strong></span> <span class='ocrx_word' id='word_1_223' title='bbox 2152 1407 2259 1456; x_wconf 89' lang='lat' dir='ltr'><strong>me,</strong></span> <span class='ocrx_word' id='word_1_224' title='bbox 2286 1402 2345 1447; x_wconf 87' lang='lat' dir='ltr'><strong>ut</strong></span> <span class='ocrx_word' id='word_1_225' title='bbox 2378 1392 2578 1460; x_wconf 86' lang='lat' dir='ltr'><strong>bonus,</strong></span> <span class='ocrx_word' id='word_1_226' title='bbox 2622 1408 2689 1448; x_wconf 94' lang='lat' dir='ltr'><strong>eo</strong></span> <span class='ocrx_word' id='word_1_227' title='bbox 2724 1394 2901 1465; x_wconf 87' lang='lat' dir='ltr'><strong>magis</strong></span> <span class='ocrx_word' id='word_1_228' title='bbox 2935 1396 3064 1465; x_wconf 85' lang='lat' dir='ltr'><strong>quia</strong></span> <span class='ocrx_word' id='word_1_229' title='bbox 3114 1411 3295 1450; x_wconf 87' lang='lat' dir='ltr'><strong>meum</strong></span> <span class='ocrx_word' id='word_1_230' title='bbox 3330 1395 3501 1466; x_wconf 85' lang='lat' dir='ltr'><strong>diligo</strong></span> 
     </span>
    </p>
   </div>
   <div class='ocr_carea' id='block_1_29' title="bbox 1933 1485 3505 1558">
    <p class='ocr_par' dir='ltr' id='par_1_29' title="bbox 1933 1485 3505 1558">
     <span class='ocr_line' id='line_1_29' title="bbox 1933 1485 3505 1558; baseline 0.003 -21"><span class='ocrx_word' id='word_1_231' title='bbox 1933 1494 2163 1554; x_wconf 84' lang='lat' dir='ltr'><strong>patrem,</strong></span> <span class='ocrx_word' id='word_1_232' title='bbox 2187 1494 2239 1539; x_wconf 90' lang='lat' dir='ltr'><strong>te</strong></span> <span class='ocrx_word' id='word_1_233' title='bbox 2261 1500 2393 1540; x_wconf 91' lang='lat' dir='ltr'><strong>vero</strong></span> <span class='ocrx_word' id='word_1_234' title='bbox 2426 1500 2533 1540; x_wconf 92' lang='lat' dir='ltr'><strong>non</strong></span> <span class='ocrx_word' id='word_1_235' title='bbox 2567 1485 2811 1556; x_wconf 89' lang='lat' dir='ltr'><strong>recipiet,</strong></span> <span class='ocrx_word' id='word_1_236' title='bbox 2841 1486 2935 1557; x_wconf 90' lang='lat' dir='ltr'><strong>qui</strong></span> <span class='ocrx_word' id='word_1_237' title='bbox 2969 1488 3125 1553; x_wconf 84' lang='lat' dir='ltr'><strong>sciat,</strong></span> <span class='ocrx_word' id='word_1_238' title='bbox 3150 1488 3295 1558; x_wconf 87' lang='lat' dir='ltr'><strong>quod</strong></span> <span class='ocrx_word' id='word_1_239' title='bbox 3343 1498 3505 1543; x_wconf 89' lang='lat' dir='ltr'><strong>natu-</strong></span> 
     </span>
    </p>
   </div>
   <div class='ocr_carea' id='block_1_30' title="bbox 1934 1573 3497 1648">
    <p class='ocr_par' dir='ltr' id='par_1_30' title="bbox 1934 1573 3497 1648">
     <span class='ocr_line' id='line_1_30' title="bbox 1934 1573 3497 1648; baseline 0.004 -21"><span class='ocrx_word' id='word_1_240' title='bbox 1934 1573 2101 1628; x_wconf 91' lang='lat' dir='ltr'><strong>ralem</strong></span> <span class='ocrx_word' id='word_1_241' title='bbox 2130 1582 2284 1628; x_wconf 91' lang='lat' dir='ltr'><strong>tuum</strong></span> <span class='ocrx_word' id='word_1_242' title='bbox 2313 1583 2614 1641; x_wconf 90' lang='lat' dir='ltr'><strong>auctorem,</strong></span> <span class='ocrx_word' id='word_1_243' title='bbox 2645 1590 2753 1630; x_wconf 93' lang='lat' dir='ltr'><strong>non</strong></span> <span class='ocrx_word' id='word_1_244' title='bbox 2800 1577 2948 1632; x_wconf 90' lang='lat' dir='ltr'><strong>enim</strong></span> <span class='ocrx_word' id='word_1_245' title='bbox 2980 1577 3106 1632; x_wconf 90' lang='lat' dir='ltr'><strong>dico</strong></span> <span class='ocrx_word' id='word_1_246' title='bbox 3137 1587 3369 1648; x_wconf 87' lang='lat' dir='ltr'><strong>patrem.</strong></span> <span class='ocrx_word' id='word_1_247' title='bbox 3399 1579 3497 1634; x_wconf 90' lang='lat' dir='ltr'><strong>de-</strong></span> 
     </span>
    </p>
   </div>
   <div class='ocr_carea' id='block_1_31' title="bbox 1934 1665 3504 1741">
    <p class='ocr_par' dir='ltr' id='par_1_31' title="bbox 1934 1665 3504 1741">
     <span class='ocr_line' id='line_1_31' title="bbox 1934 1665 3504 1741; baseline 0.003 -21"><span class='ocrx_word' id='word_1_248' title='bbox 1934 1665 2249 1736; x_wconf 88' lang='lat' dir='ltr'><strong>reliqueris,</strong></span> <span class='ocrx_word' id='word_1_249' title='bbox 2276 1681 2373 1737; x_wconf 91' lang='lat' dir='ltr'><strong>per</strong></span> <span class='ocrx_word' id='word_1_250' title='bbox 2401 1681 2554 1736; x_wconf 90' lang='lat' dir='ltr'><strong>spem</strong></span> <span class='ocrx_word' id='word_1_251' title='bbox 2592 1666 2857 1737; x_wconf 85' lang='lat' dir='ltr'><strong>majorem</strong></span> <span class='ocrx_word' id='word_1_252' title='bbox 2908 1683 3019 1723; x_wconf 89' lang='lat' dir='ltr'><strong>non</strong></span> <span class='ocrx_word' id='word_1_253' title='bbox 3064 1669 3332 1725; x_wconf 89' lang='lat' dir='ltr'><strong>sollicitus</strong></span> <span class='ocrx_word' id='word_1_254' title='bbox 3361 1670 3504 1741; x_wconf 62' lang='lat' dir='ltr'><strong>aequi</strong></span> 
     </span>
    </p>
   </div>
   <div class='ocr_carea' id='block_1_32' title="bbox 1934 1755 3506 1832">
    <p class='ocr_par' dir='ltr' id='par_1_32' title="bbox 1934 1755 3506 1832">
     <span class='ocr_line' id='line_1_32' title="bbox 1934 1755 3506 1832; baseline 0.003 -20"><span class='ocrx_word' id='word_1_255' title='bbox 1934 1764 1990 1812; x_wconf 90' lang='lat' dir='ltr'><strong>et</strong></span> <span class='ocrx_word' id='word_1_256' title='bbox 2018 1755 2181 1828; x_wconf 84' lang='lat' dir='ltr'><strong>juris.</strong></span> <span class='ocrx_word' id='word_1_257' title='bbox 2210 1756 2287 1812; x_wconf 87' lang='lat' dir='ltr'><strong>Ita</strong></span> <span class='ocrx_word' id='word_1_258' title='bbox 2318 1758 2455 1813; x_wconf 88' lang='lat' dir='ltr'><strong>sieo</strong></span> <span class='ocrx_word' id='word_1_259' title='bbox 2482 1758 2752 1828; x_wconf 88' lang='lat' dir='ltr'><strong>potiorem</strong></span> <span class='ocrx_word' id='word_1_260' title='bbox 2777 1759 3048 1826; x_wconf 87' lang='lat' dir='ltr'><strong>invenias,</strong></span> <span class='ocrx_word' id='word_1_261' title='bbox 3076 1761 3181 1816; x_wconf 88' lang='lat' dir='ltr'><strong>scit</strong></span> <span class='ocrx_word' id='word_1_262' title='bbox 3196 1777 3255 1817; x_wconf 90' lang='lat' dir='ltr'><strong>se</strong></span> <span class='ocrx_word' id='word_1_263' title='bbox 3283 1777 3506 1832; x_wconf 80' lang='lat' dir='ltr'><strong>quoque</strong></span> 
     </span>
    </p>
   </div>
   <div class='ocr_carea' id='block_1_33' title="bbox 256 1848 1839 1949">
    <p class='ocr_par' dir='ltr' id='par_1_33' title="bbox 256 1848 1835 1949">
     <span class='ocr_line' id='line_1_33' title="bbox 256 1848 1835 1949; baseline -0.009 -16"><span class='ocrx_word' id='word_1_264' title='bbox 256 1877 387 1934; x_wconf 78' lang='grc' dir='ltr'>οἶδεν</span> <span class='ocrx_word' id='word_1_265' title='bbox 418 1848 590 1949; x_wconf 48' lang='grc' dir='ltr'><strong>θέο</strong></span> <span class='ocrx_word' id='word_1_266' title='bbox 614 1879 693 1931; x_wconf 84' lang='grc' dir='ltr'><strong>ὃτι</strong></span> <span class='ocrx_word' id='word_1_267' title='bbox 724 1879 817 1931; x_wconf 79' lang='grc' dir='ltr'>καὶ</span> <span class='ocrx_word' id='word_1_268' title='bbox 837 1876 997 1930; x_wconf 83' lang='grc' dir='ltr'>αὑτὸν</span> <span class='ocrx_word' id='word_1_269' title='bbox 1022 1848 1366 1941; x_wconf 47' lang='grc' dir='ltr'>καταλείψεις</span> <span class='ocrx_word' id='word_1_270' title='bbox 1400 1870 1553 1933; x_wconf 83' lang='grc' dir='ltr'>ποτὲ,</span> <span class='ocrx_word' id='word_1_271' title='bbox 1574 1848 1667 1922; x_wconf 64' lang='grc' dir='ltr'>καὶ</span> <span class='ocrx_word' id='word_1_272' title='bbox 1702 1867 1835 1938; x_wconf 84' lang='grc' dir='ltr'><strong>μᾶλ-</strong></span> 
     </span>
    </p>
   </div>
   <div class='ocr_carea' id='block_1_34' title="bbox 1939 1848 3501 1949">
    <p class='ocr_par' dir='ltr' id='par_1_34' title="bbox 1939 1848 3501 1923">
     <span class='ocr_line' id='line_1_34' title="bbox 1939 1848 3501 1923; baseline 0.004 -21"><span class='ocrx_word' id='word_1_273' title='bbox 1939 1863 1969 1902; x_wconf 87' lang='lat' dir='ltr'><strong>a</strong></span> <span class='ocrx_word' id='word_1_274' title='bbox 1999 1857 2053 1904; x_wconf 84' lang='lat' dir='ltr'><strong>te</strong></span> <span class='ocrx_word' id='word_1_275' title='bbox 2082 1848 2467 1916; x_wconf 87' lang='lat' dir='ltr'><strong>deserendum,</strong></span> <span class='ocrx_word' id='word_1_276' title='bbox 2492 1863 2557 1905; x_wconf 90' lang='lat' dir='ltr'><strong>eo</strong></span> <span class='ocrx_word' id='word_1_277' title='bbox 2585 1848 2804 1907; x_wconf 80' lang='lat' dir='ltr'><strong>facilius</strong></span> <span class='ocrx_word' id='word_1_278' title='bbox 2832 1852 2977 1921; x_wconf 91' lang='lat' dir='ltr'><strong>quod</strong></span> <span class='ocrx_word' id='word_1_279' title='bbox 3016 1861 3141 1907; x_wconf 89' lang='lat' dir='ltr'><strong>tuus</strong></span> <span class='ocrx_word' id='word_1_280' title='bbox 3165 1868 3271 1907; x_wconf 90' lang='lat' dir='ltr'><strong>non</strong></span> <span class='ocrx_word' id='word_1_281' title='bbox 3304 1853 3377 1908; x_wconf 87' lang='lat' dir='ltr'><strong>sit</strong></span> <span class='ocrx_word' id='word_1_282' title='bbox 3401 1869 3501 1923; x_wconf 85' lang='lat' dir='ltr'><strong>pa-</strong></span> 
     </span>
    </p>
   </div>
   <div class='ocr_carea' id='block_1_35' title="bbox 255 1962 1836 2043">
    <p class='ocr_par' dir='ltr' id='par_1_35' title="bbox 255 1962 1836 2043">
     <span class='ocr_line' id='line_1_35' title="bbox 255 1962 1836 2043; baseline -0.008 -18"><span class='ocrx_word' id='word_1_283' title='bbox 255 1973 334 2027; x_wconf 85' lang='grc' dir='ltr'><strong>λον</strong></span> <span class='ocrx_word' id='word_1_284' title='bbox 369 1974 460 2025; x_wconf 74' lang='grc' dir='ltr'><strong>ὅτι</strong></span> <span class='ocrx_word' id='word_1_285' title='bbox 494 1972 568 2043; x_wconf 81' lang='grc' dir='ltr'>μὴ</span> <span class='ocrx_word' id='word_1_286' title='bbox 597 1971 789 2040; x_wconf 83' lang='grc' dir='ltr'>γέγονέ</span> <span class='ocrx_word' id='word_1_287' title='bbox 823 1987 916 2024; x_wconf 78' lang='grc' dir='ltr'><strong>σου</strong></span> <span class='ocrx_word' id='word_1_288' title='bbox 953 1968 1155 2039; x_wconf 84' lang='grc' dir='ltr'>πατὴρ,</span> <span class='ocrx_word' id='word_1_289' title='bbox 1199 1966 1361 2019; x_wconf 79' lang='grc' dir='ltr'>ὁπότε</span> <span class='ocrx_word' id='word_1_290' title='bbox 1397 1964 1493 2018; x_wconf 75' lang='grc' dir='ltr'><strong>καὶ</strong></span> <span class='ocrx_word' id='word_1_291' title='bbox 1535 1962 1626 2015; x_wconf 85' lang='grc' dir='ltr'>τὸν</span> <span class='ocrx_word' id='word_1_292' title='bbox 1666 1962 1836 2024; x_wconf 76' lang='grc' dir='ltr'>ὅντως</span> 
     </span>
    </p>
   </div>
   <div class='ocr_carea' id='block_1_36' title="bbox 258 2063 924 2134">
    <p class='ocr_par' dir='ltr' id='par_1_36' title="bbox 258 2063 924 2134">
     <span class='ocr_line' id='line_1_36' title="bbox 258 2063 924 2134; baseline -0.002 -16"><span class='ocrx_word' id='word_1_293' title='bbox 258 2080 340 2118; x_wconf 79' lang='grc' dir='ltr'><strong>σου</strong></span> <span class='ocrx_word' id='word_1_294' title='bbox 372 2064 595 2134; x_wconf 83' lang='grc' dir='ltr'>πατέρα</span> <span class='ocrx_word' id='word_1_295' title='bbox 618 2063 924 2126; x_wconf 78' lang='grc' dir='ltr'><strong>κατέλιπες.</strong></span> 
     </span>
    </p>
   </div>
   <div class='ocr_carea' id='block_1_37' title="bbox 315 2144 1835 2227">
    <p class='ocr_par' dir='ltr' id='par_1_37' title="bbox 315 2144 1835 2227">
     <span class='ocr_line' id='line_1_37' title="bbox 315 2144 1835 2227; baseline -0.011 -15"><span class='ocrx_word' id='word_1_296' title='bbox 315 2159 517 2212; x_wconf 75' lang='lat' dir='ltr'><strong>XXIII.</strong></span> <span class='ocrx_word' id='word_1_297' title='bbox 554 2156 691 2209; x_wconf 77' lang='grc' dir='ltr'><strong>Ἀλλ’</strong></span> <span class='ocrx_word' id='word_1_298' title='bbox 714 2158 881 2227; x_wconf 55' lang='grc' dir='ltr'>ἐρεῖς</span> <span class='ocrx_word' id='word_1_299' title='bbox 909 2149 1059 2207; x_wconf 79' lang='grc' dir='ltr'>Οἶδεν</span> <span class='ocrx_word' id='word_1_300' title='bbox 1084 2150 1278 2207; x_wconf 81' lang='grc' dir='ltr'>ὅτιούκ</span> <span class='ocrx_word' id='word_1_301' title='bbox 1310 2148 1455 2203; x_wconf 80' lang='grc' dir='ltr'>ἔστιν</span> <span class='ocrx_word' id='word_1_302' title='bbox 1486 2147 1671 2217; x_wconf 74' lang='grc' dir='ltr'>ἔτερος</span> <span class='ocrx_word' id='word_1_303' title='bbox 1694 2144 1835 2216; x_wconf 72' lang='grc' dir='ltr'>ὑπὲρ</span> 
     </span>
    </p>
   </div>
   <div class='ocr_carea' id='block_1_38' title="bbox 259 2236 1837 2313">
    <p class='ocr_par' dir='ltr' id='par_1_38' title="bbox 259 2236 1837 2313">
     <span class='ocr_line' id='line_1_38' title="bbox 259 2236 1837 2313; baseline -0.01 -9"><span class='ocrx_word' id='word_1_304' title='bbox 259 2250 440 2313; x_wconf 79' lang='grc' dir='ltr'>αὑτὸν,</span> <span class='ocrx_word' id='word_1_305' title='bbox 474 2250 570 2302; x_wconf 84' lang='grc' dir='ltr'><strong>καὶ</strong></span> <span class='ocrx_word' id='word_1_306' title='bbox 594 2247 683 2301; x_wconf 84' lang='grc' dir='ltr'><strong>διά</strong></span> <span class='ocrx_word' id='word_1_307' title='bbox 710 2246 869 2300; x_wconf 81' lang='grc' dir='ltr'>τοῦτο</span> <span class='ocrx_word' id='word_1_308' title='bbox 910 2243 1336 2313; x_wconf 83' lang='grc' dir='ltr'>καταλειφθῆναι</span> <span class='ocrx_word' id='word_1_309' title='bbox 1361 2242 1421 2294; x_wconf 94' lang='grc' dir='ltr'><strong>οὑ</strong></span> <span class='ocrx_word' id='word_1_310' title='bbox 1444 2239 1687 2294; x_wconf 88' lang='grc' dir='ltr'>δύναται.</span> <span class='ocrx_word' id='word_1_311' title='bbox 1724 2236 1837 2289; x_wconf 83' lang='grc' dir='ltr'><strong>Χά-</strong></span> 
     </span>
    </p>
   </div>
   <div class='ocr_carea' id='block_1_39' title="bbox 263 2328 1837 2415">
    <p class='ocr_par' dir='ltr' id='par_1_39' title="bbox 263 2328 1837 2415">
     <span class='ocr_line' id='line_1_39' title="bbox 263 2328 1837 2415; baseline -0.009 -19"><span class='ocrx_word' id='word_1_312' title='bbox 263 2360 338 2415; x_wconf 87' lang='grc' dir='ltr'><strong>ρις</strong></span> <span class='ocrx_word' id='word_1_313' title='bbox 364 2338 466 2396; x_wconf 78' lang='grc' dir='ltr'><strong>οῦν</strong></span> <span class='ocrx_word' id='word_1_314' title='bbox 508 2340 588 2411; x_wconf 80' lang='grc' dir='ltr'>τῷ</span> <span class='ocrx_word' id='word_1_315' title='bbox 625 2342 698 2412; x_wconf 84' lang='grc' dir='ltr'>μὴ</span> <span class='ocrx_word' id='word_1_316' title='bbox 726 2336 892 2392; x_wconf 83' lang='grc' dir='ltr'>εἶναι·</span> <span class='ocrx_word' id='word_1_317' title='bbox 917 2338 984 2391; x_wconf 76' lang='grc' dir='ltr'>τὰ</span> <span class='ocrx_word' id='word_1_318' title='bbox 1010 2338 1066 2391; x_wconf 81' lang='grc' dir='ltr'><strong>δὲ</strong></span> <span class='ocrx_word' id='word_1_319' title='bbox 1092 2336 1194 2405; x_wconf 80' lang='grc' dir='ltr'><strong>τῆς</strong></span> <span class='ocrx_word' id='word_1_320' title='bbox 1224 2334 1447 2405; x_wconf 84' lang='grc' dir='ltr'><strong>γνώμης</strong></span> <span class='ocrx_word' id='word_1_321' title='bbox 1482 2328 1623 2386; x_wconf 83' lang='grc' dir='ltr'>οἶδεν</span> <span class='ocrx_word' id='word_1_322' title='bbox 1645 2331 1837 2401; x_wconf 69' lang='grc' dir='ltr'>ἕτοιμα</span> 
     </span>
    </p>
   </div>
   <div class='ocr_carea' id='block_1_40' title="bbox 258 2424 1837 2507">
    <p class='ocr_par' dir='ltr' id='par_1_40' title="bbox 258 2424 1837 2507">
     <span class='ocr_line' id='line_1_40' title="bbox 258 2424 1837 2507; baseline -0.007 -19"><span class='ocrx_word' id='word_1_323' title='bbox 258 2435 391 2507; x_wconf 82' lang='grc' dir='ltr'>πρὸς</span> <span class='ocrx_word' id='word_1_324' title='bbox 439 2431 857 2504; x_wconf 88' lang='grc' dir='ltr'>ἀγνωμοσύνην.</span> <span class='ocrx_word' id='word_1_325' title='bbox 890 2432 953 2484; x_wconf 83' lang='grc' dir='ltr'><strong>Εἰ</strong></span> <span class='ocrx_word' id='word_1_326' title='bbox 986 2429 1048 2483; x_wconf 80' lang='grc' dir='ltr'><strong>δὲ</strong></span> <span class='ocrx_word' id='word_1_327' title='bbox 1096 2427 1252 2491; x_wconf 81' lang='grc' dir='ltr'>εἰδὼς</span> <span class='ocrx_word' id='word_1_328' title='bbox 1283 2424 1577 2496; x_wconf 75' lang='grc' dir='ltr'>ἀγνώμονα</span> <span class='ocrx_word' id='word_1_329' title='bbox 1605 2441 1663 2477; x_wconf 93' lang='grc' dir='ltr'><strong>σε</strong></span> <span class='ocrx_word' id='word_1_330' title='bbox 1700 2424 1837 2478; x_wconf 89' lang='grc' dir='ltr'>ἀπο-</span> 
     </span>
    </p>
   </div>
   <div class='ocr_carea' id='block_1_41' title="bbox 257 2517 1840 2597">
    <p class='ocr_par' dir='ltr' id='par_1_41' title="bbox 257 2517 1840 2597">
     <span class='ocr_line' id='line_1_41' title="bbox 257 2517 1840 2597; baseline -0.007 -16"><span class='ocrx_word' id='word_1_331' title='bbox 257 2527 495 2597; x_wconf 80' lang='grc' dir='ltr'><strong>δέχεται,</strong></span> <span class='ocrx_word' id='word_1_332' title='bbox 546 2524 646 2597; x_wconf 81' lang='grc' dir='ltr'><strong>ὲμὲ</strong></span> <span class='ocrx_word' id='word_1_333' title='bbox 690 2524 748 2579; x_wconf 86' lang='grc' dir='ltr'><strong>δὲ</strong></span> <span class='ocrx_word' id='word_1_334' title='bbox 774 2521 1095 2592; x_wconf 82' lang='grc' dir='ltr'>εὐγνώμονα.</span> <span class='ocrx_word' id='word_1_335' title='bbox 1141 2518 1501 2590; x_wconf 72' lang='grc' dir='ltr'>ἐπιστάμενος</span> <span class='ocrx_word' id='word_1_336' title='bbox 1527 2518 1588 2570; x_wconf 91' lang='grc' dir='ltr'><strong>οὑ</strong></span> <span class='ocrx_word' id='word_1_337' title='bbox 1621 2517 1840 2588; x_wconf 68' lang='grc' dir='ltr'><strong>προσίεη⁸</strong></span> 
     </span>
    </p>
   </div>
   <div class='ocr_carea' id='block_1_42' title="bbox 260 2609 1840 2686">
    <p class='ocr_par' dir='ltr' id='par_1_42' title="bbox 260 2609 1840 2686">
     <span class='ocr_line' id='line_1_42' title="bbox 260 2609 1840 2686; baseline -0.007 -15"><span class='ocrx_word' id='word_1_338' title='bbox 260 2636 338 2674; x_wconf 86' lang='grc' dir='ltr'><strong>τα,</strong></span> <span class='ocrx_word' id='word_1_339' title='bbox 389 2617 682 2686; x_wconf 82' lang='grc' dir='ltr'>ἀλόγιστὸς</span> <span class='ocrx_word' id='word_1_340' title='bbox 710 2618 827 2669; x_wconf 80' lang='grc' dir='ltr'>ἐστι</span> <span class='ocrx_word' id='word_1_341' title='bbox 854 2615 993 2669; x_wconf 88' lang='grc' dir='ltr'><strong>κατά</strong></span> <span class='ocrx_word' id='word_1_342' title='bbox 1040 2614 1132 2667; x_wconf 83' lang='grc' dir='ltr'><strong>τὸν</strong></span> <span class='ocrx_word' id='word_1_343' title='bbox 1167 2613 1257 2667; x_wconf 78' lang='grc' dir='ltr'><strong>σὺν</strong></span> <span class='ocrx_word' id='word_1_344' title='bbox 1290 2612 1466 2680; x_wconf 88' lang='grc' dir='ltr'>λόγον,</span> <span class='ocrx_word' id='word_1_345' title='bbox 1510 2609 1588 2680; x_wconf 81' lang='grc' dir='ltr'><strong>τῷ</strong></span> <span class='ocrx_word' id='word_1_346' title='bbox 1636 2609 1840 2680; x_wconf 84' lang='grc' dir='ltr'>εὑλόγῳ</span> 
     </span>
    </p>
   </div>
   <div class='ocr_carea' id='block_1_43' title="bbox 264 2699 1841 2785">
    <p class='ocr_par' dir='ltr' id='par_1_43' title="bbox 264 2699 1841 2785">
     <span class='ocr_line' id='line_1_43' title="bbox 264 2699 1841 2785; baseline -0.007 -19"><span class='ocrx_word' id='word_1_347' title='bbox 264 2715 330 2785; x_wconf 79' lang='grc' dir='ltr'>μὴ</span> <span class='ocrx_word' id='word_1_348' title='bbox 355 2711 731 2783; x_wconf 76' lang='grc' dir='ltr'><strong>κεχρημένος.</strong></span> <span class='ocrx_word' id='word_1_349' title='bbox 762 2708 918 2762; x_wconf 82' lang='grc' dir='ltr'>Οὑτω</span> <span class='ocrx_word' id='word_1_350' title='bbox 945 2707 1229 2778; x_wconf 80' lang='grc' dir='ltr'>πονηρίας,</span> <span class='ocrx_word' id='word_1_351' title='bbox 1257 2699 1302 2758; x_wconf 76' lang='grc' dir='ltr'>ὦ</span> <span class='ocrx_word' id='word_1_352' title='bbox 1336 2705 1536 2775; x_wconf 81' lang='grc' dir='ltr'>Σίμων,</span> <span class='ocrx_word' id='word_1_353' title='bbox 1572 2702 1841 2774; x_wconf 81' lang='grc' dir='ltr'>ὑπουργὸς</span> 
     </span>
    </p>
   </div>
   <div class='ocr_carea' id='block_1_44' title="bbox 259 2791 1842 2873">
    <p class='ocr_par' dir='ltr' id='par_1_44' title="bbox 259 2791 1842 2873">
     <span class='ocr_line' id='line_1_44' title="bbox 259 2791 1842 2873; baseline -0.008 -14"><span class='ocrx_word' id='word_1_354' title='bbox 259 2805 327 2859; x_wconf 84' lang='grc' dir='ltr'>ὣν</span> <span class='ocrx_word' id='word_1_355' title='bbox 357 2806 601 2873; x_wconf 80' lang='grc' dir='ltr'>ἀγνοεῖς.</span> <span class='ocrx_word' id='word_1_356' title='bbox 636 2802 747 2855; x_wconf 76' lang='grc' dir='ltr'><strong>Καὶ</strong></span> <span class='ocrx_word' id='word_1_357' title='bbox 782 2801 810 2853; x_wconf 86' lang='grc' dir='ltr'>ὁ</span> <span class='ocrx_word' id='word_1_358' title='bbox 838 2802 1017 2871; x_wconf 91' lang='grc' dir='ltr'>Σίμων</span> <span class='ocrx_word' id='word_1_359' title='bbox 1062 2798 1422 2869; x_wconf 79' lang='grc' dir='ltr'>ἁπεκρίνατο’</span> <span class='ocrx_word' id='word_1_360' title='bbox 1450 2796 1618 2849; x_wconf 84' lang='grc' dir='ltr'>Πόθεν</span> <span class='ocrx_word' id='word_1_361' title='bbox 1658 2791 1754 2848; x_wconf 83' lang='grc' dir='ltr'>οὖν</span> <span class='ocrx_word' id='word_1_362' title='bbox 1780 2793 1842 2847; x_wconf 81' lang='grc' dir='ltr'>τὸ</span> 
     </span>
    </p>
   </div>
   <div class='ocr_carea' id='block_1_45' title="bbox 258 2888 1822 2968">
    <p class='ocr_par' dir='ltr' id='par_1_45' title="bbox 258 2888 1822 2968">
     <span class='ocr_line' id='line_1_45' title="bbox 258 2888 1822 2968; baseline -0.004 -19"><span class='ocrx_word' id='word_1_363' title='bbox 258 2896 497 2968; x_wconf 77' lang='grc' dir='ltr'>πονηρὸν</span> <span class='ocrx_word' id='word_1_364' title='bbox 526 2895 786 2963; x_wconf 79' lang='grc' dir='ltr'>πέφυκεν,</span> <span class='ocrx_word' id='word_1_365' title='bbox 820 2892 936 2945; x_wconf 73' lang='grc' dir='ltr'>εἰπὲ</span> <span class='ocrx_word' id='word_1_366' title='bbox 959 2895 1111 2963; x_wconf 81' lang='grc' dir='ltr'>ἡμῖν.</span> <span class='ocrx_word' id='word_1_367' title='bbox 1133 2892 1242 2945; x_wconf 76' lang='grc' dir='ltr'><strong>Καὶ</strong></span> <span class='ocrx_word' id='word_1_368' title='bbox 1267 2892 1296 2943; x_wconf 88' lang='grc' dir='ltr'>ὁ</span> <span class='ocrx_word' id='word_1_369' title='bbox 1326 2891 1557 2963; x_wconf 81' lang='grc' dir='ltr'>Πέτρος·</span> <span class='ocrx_word' id='word_1_370' title='bbox 1603 2888 1822 2961; x_wconf 78' lang='grc' dir='ltr'>Ἐπειδὴ</span> 
     </span>
    </p>
   </div>
   <div class='ocr_carea' id='block_1_46' title="bbox 261 2982 1843 3059">
    <p class='ocr_par' dir='ltr' id='par_1_46' title="bbox 261 2982 1843 3059">
     <span class='ocr_line' id='line_1_46' title="bbox 261 2982 1843 3059; baseline -0.002 -17"><span class='ocrx_word' id='word_1_371' title='bbox 261 2990 526 3059; x_wconf 81' lang='grc' dir='ltr'><strong>σήμερον,</strong></span> <span class='ocrx_word' id='word_1_372' title='bbox 555 2985 681 3057; x_wconf 79' lang='grc' dir='ltr'>ἔφη,</span> <span class='ocrx_word' id='word_1_373' title='bbox 718 2983 988 3038; x_wconf 76' lang='grc' dir='ltr'>ἐκϐαίνειν</span> <span class='ocrx_word' id='word_1_374' title='bbox 1015 2983 1277 3053; x_wconf 73' lang='grc' dir='ltr'>ἔφθασας,</span> <span class='ocrx_word' id='word_1_375' title='bbox 1305 2982 1398 3039; x_wconf 72' lang='grc' dir='ltr'>καὶ</span> <span class='ocrx_word' id='word_1_376' title='bbox 1431 2984 1566 3056; x_wconf 78' lang='grc' dir='ltr'>ἔφης</span> <span class='ocrx_word' id='word_1_377' title='bbox 1601 2984 1695 3038; x_wconf 88' lang='grc' dir='ltr'><strong>τοῦ</strong></span> <span class='ocrx_word' id='word_1_378' title='bbox 1735 2983 1843 3039; x_wconf 69' lang='grc' dir='ltr'>λοι-</span> 
     </span>
    </p>
   </div>
   <div class='ocr_carea' id='block_1_47' title="bbox 260 3075 1842 3148">
    <p class='ocr_par' dir='ltr' id='par_1_47' title="bbox 260 3075 1842 3148">
     <span class='ocr_line' id='line_1_47' title="bbox 260 3075 1842 3148; baseline -0.001 -15"><span class='ocrx_word' id='word_1_379' title='bbox 260 3079 357 3133; x_wconf 84' lang='grc' dir='ltr'><strong>ποῦ</strong></span> <span class='ocrx_word' id='word_1_380' title='bbox 405 3079 486 3143; x_wconf 84' lang='grc' dir='ltr'>ὡς</span> <span class='ocrx_word' id='word_1_381' title='bbox 540 3077 859 3148; x_wconf 79' lang='grc' dir='ltr'>βλασφήμου</span> <span class='ocrx_word' id='word_1_382' title='bbox 912 3076 985 3147; x_wconf 81' lang='grc' dir='ltr'>μὴ</span> <span class='ocrx_word' id='word_1_383' title='bbox 1026 3075 1242 3130; x_wconf 82' lang='grc' dir='ltr'>ἀκούειν</span> <span class='ocrx_word' id='word_1_384' title='bbox 1293 3075 1451 3147; x_wconf 80' lang='grc' dir='ltr'>ἐμοῦ,</span> <span class='ocrx_word' id='word_1_385' title='bbox 1485 3078 1692 3147; x_wconf 82' lang='grc' dir='ltr'>αὑριον,</span> <span class='ocrx_word' id='word_1_386' title='bbox 1725 3078 1842 3147; x_wconf 78' lang='grc' dir='ltr'>ιτγε</span> 
     </span>
    </p>
   </div>
   <div class='ocr_carea' id='block_1_48' title="bbox 262 3168 1910 3262">
    <p class='ocr_par' dir='ltr' id='par_1_48' title="bbox 262 3168 1910 3262">
     <span class='ocr_line' id='line_1_48' title="bbox 262 3168 1910 3262; baseline -0.003 -37"><span class='ocrx_word' id='word_1_387' title='bbox 262 3172 419 3243; x_wconf 77' lang='grc' dir='ltr'>θέλῃς</span> <span class='ocrx_word' id='word_1_388' title='bbox 439 3171 485 3202; x_wconf 81' lang='grc'>³⁸</span> <span class='ocrx_word' id='word_1_389' title='bbox 519 3168 733 3242; x_wconf 83' lang='grc' dir='ltr'>μαθεῖν,</span> <span class='ocrx_word' id='word_1_390' title='bbox 756 3168 961 3222; x_wconf 76' lang='grc' dir='ltr'>ἐλθόντι</span> <span class='ocrx_word' id='word_1_391' title='bbox 983 3169 1334 3240; x_wconf 79' lang='grc' dir='ltr'>ὑφηγήσομαι</span> <span class='ocrx_word' id='word_1_392' title='bbox 1359 3169 1426 3231; x_wconf 86' lang='grc'><strong>³⁷,</strong></span> <span class='ocrx_word' id='word_1_393' title='bbox 1446 3169 1540 3222; x_wconf 77' lang='grc' dir='ltr'><strong>καὶ</strong></span> <span class='ocrx_word' id='word_1_394' title='bbox 1561 3170 1637 3233; x_wconf 85' lang='grc' dir='ltr'><strong>ὡς</strong></span> <span class='ocrx_word' id='word_1_395' title='bbox 1662 3168 1838 3233; x_wconf 85' lang='grc' dir='ltr'>θέλεις</span> <span class='ocrx_word' id='word_1_396' title='bbox 1868 3205 1910 3262; x_wconf 74' lang='lat' dir='ltr'><strong><em>C</em></strong></span> 
     </span>
    </p>
   </div>
   <div class='ocr_carea' id='block_1_49' title="bbox 262 3262 1843 3333">
    <p class='ocr_par' dir='ltr' id='par_1_49' title="bbox 262 3262 1843 3333">
     <span class='ocr_line' id='line_1_49' title="bbox 262 3262 1843 3333; baseline -0.001 -15"><span class='ocrx_word' id='word_1_397' title='bbox 262 3262 621 3333; x_wconf 76' lang='grc' dir='ltr'>ὲξετασθῆναί</span> <span class='ocrx_word' id='word_1_398' title='bbox 654 3279 719 3333; x_wconf 88' lang='grc' dir='ltr'>με</span> <span class='ocrx_word' id='word_1_399' title='bbox 749 3262 1091 3332; x_wconf 81' lang='grc' dir='ltr'>συγχωρήσω</span> <span class='ocrx_word' id='word_1_400' title='bbox 1123 3262 1249 3316; x_wconf 86' lang='grc' dir='ltr'>ἄνευ</span> <span class='ocrx_word' id='word_1_401' title='bbox 1299 3262 1643 3332; x_wconf 81' lang='grc' dir='ltr'>φιλονεικίας.</span> <span class='ocrx_word' id='word_1_402' title='bbox 1679 3264 1788 3317; x_wconf 74' lang='lat' dir='ltr'><strong>Kal.</strong></span> <span class='ocrx_word' id='word_1_403' title='bbox 1814 3264 1843 3317; x_wconf 83' lang='grc' dir='ltr'><strong>ὁ</strong></span> 
     </span>
    </p>
   </div>
   <div class='ocr_carea' id='block_1_50' title="bbox 263 3352 1844 3428">
    <p class='ocr_par' dir='ltr' id='par_1_50' title="bbox 263 3352 1844 3428">
     <span class='ocr_line' id='line_1_50' title="bbox 263 3352 1844 3428; baseline -0.001 -19"><span class='ocrx_word' id='word_1_404' title='bbox 263 3358 447 3428; x_wconf 79' lang='grc' dir='ltr'>Σίμων</span> <span class='ocrx_word' id='word_1_405' title='bbox 466 3354 572 3425; x_wconf 75' lang='grc' dir='ltr'>ἔφη</span> <span class='ocrx_word' id='word_1_406' title='bbox 587 3371 602 3384; x_wconf 69' lang='grc' dir='ltr'><strong>ο</strong></span> <span class='ocrx_word' id='word_1_407' title='bbox 622 3354 708 3417; x_wconf 82' lang='grc' dir='ltr'>Ὠς</span> <span class='ocrx_word' id='word_1_408' title='bbox 731 3354 795 3407; x_wconf 82' lang='grc' dir='ltr'><strong>ἀν</strong></span> <span class='ocrx_word' id='word_1_409' title='bbox 820 3370 909 3424; x_wconf 86' lang='grc' dir='ltr'><strong>μοι</strong></span> <span class='ocrx_word' id='word_1_410' title='bbox 929 3352 1054 3423; x_wconf 80' lang='grc' dir='ltr'><strong>δόξῃ</strong></span> <span class='ocrx_word' id='word_1_411' title='bbox 1077 3354 1307 3425; x_wconf 84' lang='grc' dir='ltr'>ποιήσω.</span> <span class='ocrx_word' id='word_1_412' title='bbox 1327 3355 1435 3408; x_wconf 79' lang='grc' dir='ltr'><strong>Καὶ</strong></span> <span class='ocrx_word' id='word_1_413' title='bbox 1445 3353 1588 3408; x_wconf 80' lang='grc' dir='ltr'>τοῦτ’</span> <span class='ocrx_word' id='word_1_414' title='bbox 1613 3355 1658 3387; x_wconf 85' lang='grc'><strong>³⁸</strong></span> <span class='ocrx_word' id='word_1_415' title='bbox 1677 3354 1844 3409; x_wconf 78' lang='grc' dir='ltr'>εἰπὼν</span> 
     </span>
    </p>
   </div>
   <div class='ocr_carea' id='block_1_51' title="bbox 262 3445 1844 3521">
    <p class='ocr_par' dir='ltr' id='par_1_51' title="bbox 262 3445 1844 3521">
     <span class='ocr_line' id='line_1_51' title="bbox 262 3445 1844 3521; baseline -0.001 -20"><span class='ocrx_word' id='word_1_416' title='bbox 262 3447 560 3521; x_wconf 74' lang='grc' dir='ltr'>ἐπορεύθη.</span> <span class='ocrx_word' id='word_1_417' title='bbox 594 3445 715 3498; x_wconf 82' lang='grc' dir='ltr'>Τῶν</span> <span class='ocrx_word' id='word_1_418' title='bbox 740 3445 795 3498; x_wconf 82' lang='grc' dir='ltr'><strong>δὲ</strong></span> <span class='ocrx_word' id='word_1_419' title='bbox 831 3445 1272 3499; x_wconf 71' lang='grc' dir='ltr'>ωνεισελθὸντων</span> <span class='ocrx_word' id='word_1_420' title='bbox 1304 3445 1453 3516; x_wconf 87' lang='grc' dir='ltr'><strong>αὑτῷ</strong></span> <span class='ocrx_word' id='word_1_421' title='bbox 1507 3446 1682 3509; x_wconf 76' lang='grc' dir='ltr'>οὐδεὶς</span> <span class='ocrx_word' id='word_1_422' title='bbox 1718 3464 1844 3500; x_wconf 89' lang='grc' dir='ltr'>συν-</span> 
     </span>
    </p>
   </div>
   <div class='ocr_carea' id='block_1_52' title="bbox 264 3537 1842 3611">
    <p class='ocr_par' dir='ltr' id='par_1_52' title="bbox 264 3537 1842 3611">
     <span class='ocr_line' id='line_1_52' title="bbox 264 3537 1842 3611; baseline -0.001 -20"><span class='ocrx_word' id='word_1_423' title='bbox 264 3540 509 3611; x_wconf 76' lang='grc' dir='ltr'>εξῆλθεν,</span> <span class='ocrx_word' id='word_1_424' title='bbox 535 3538 671 3592; x_wconf 89' lang='grc' dir='ltr'><strong>ἀλλά</strong></span> <span class='ocrx_word' id='word_1_425' title='bbox 689 3540 802 3600; x_wconf 83' lang='grc' dir='ltr'>τοῖς</span> <span class='ocrx_word' id='word_1_426' title='bbox 831 3538 959 3591; x_wconf 75' lang='grc' dir='ltr'>ποσὶ</span> <span class='ocrx_word' id='word_1_427' title='bbox 992 3537 1391 3608; x_wconf 85' lang='grc' dir='ltr'>προσπεσόντες</span> <span class='ocrx_word' id='word_1_428' title='bbox 1408 3538 1616 3609; x_wconf 82' lang='grc' dir='ltr'>Πέτρου</span> <span class='ocrx_word' id='word_1_429' title='bbox 1638 3537 1842 3608; x_wconf 74' lang='grc' dir='ltr'>ἠξίουν,</span> 
     </span>
    </p>
   </div>
   <div class='ocr_carea' id='block_1_53' title="bbox 263 3630 1846 3703">
    <p class='ocr_par' dir='ltr' id='par_1_53' title="bbox 263 3630 1846 3703">
     <span class='ocr_line' id='line_1_53' title="bbox 263 3630 1846 3703; baseline 0.001 -19"><span class='ocrx_word' id='word_1_430' title='bbox 263 3634 352 3686; x_wconf 71' lang='grc' dir='ltr'>ἐπὶ</span> <span class='ocrx_word' id='word_1_431' title='bbox 376 3631 464 3703; x_wconf 80' lang='grc' dir='ltr'>τῷ</span> <span class='ocrx_word' id='word_1_432' title='bbox 487 3632 531 3662; x_wconf 81' lang='grc'><strong>³⁸</strong></span> <span class='ocrx_word' id='word_1_433' title='bbox 562 3630 943 3703; x_wconf 86' lang='grc' dir='ltr'>συνηρπάσθαι</span> <span class='ocrx_word' id='word_1_434' title='bbox 959 3630 1039 3701; x_wconf 79' lang='grc' dir='ltr'>τῷ</span> <span class='ocrx_word' id='word_1_435' title='bbox 1068 3631 1273 3700; x_wconf 85' lang='grc' dir='ltr'>Σίμωνι</span> <span class='ocrx_word' id='word_1_436' title='bbox 1295 3630 1623 3702; x_wconf 83' lang='grc' dir='ltr'>συγγνώμης</span> <span class='ocrx_word' id='word_1_437' title='bbox 1646 3631 1846 3702; x_wconf 85' lang='grc' dir='ltr'>τυγχά-</span> 
     </span>
    </p>
   </div>
   <div class='ocr_carea' id='block_1_54' title="bbox 262 3722 1845 3794">
    <p class='ocr_par' dir='ltr' id='par_1_54' title="bbox 262 3722 1845 3794">
     <span class='ocr_line' id='line_1_54' title="bbox 262 3722 1845 3794; baseline -0.002 -16"><span class='ocrx_word' id='word_1_438' title='bbox 262 3742 394 3788; x_wconf 86' lang='grc' dir='ltr'>νειν,</span> <span class='ocrx_word' id='word_1_439' title='bbox 430 3725 528 3778; x_wconf 73' lang='grc' dir='ltr'><strong>καὶ</strong></span> <span class='ocrx_word' id='word_1_440' title='bbox 576 3722 937 3793; x_wconf 63' lang='grc' dir='ltr'>ἀποδεχθῐψαι</span> <span class='ocrx_word' id='word_1_441' title='bbox 992 3722 1402 3794; x_wconf 78' lang='grc' dir='ltr'>μετανοοῦντας.</span> <span class='ocrx_word' id='word_1_442' title='bbox 1441 3723 1499 3777; x_wconf 82' lang='lat'><strong>&#39;0</strong></span> <span class='ocrx_word' id='word_1_443' title='bbox 1538 3723 1596 3775; x_wconf 78' lang='grc' dir='ltr'><strong>δὲ</strong></span> <span class='ocrx_word' id='word_1_444' title='bbox 1641 3722 1845 3793; x_wconf 88' lang='grc' dir='ltr'>Πέτρος</span> 
     </span>
    </p>
   </div>
   <div class='ocr_carea' id='block_1_55' title="bbox 266 3814 1846 3890">
    <p class='ocr_par' dir='ltr' id='par_1_55' title="bbox 266 3814 1846 3890">
     <span class='ocr_line' id='line_1_55' title="bbox 266 3814 1846 3890; baseline -0.001 -21"><span class='ocrx_word' id='word_1_445' title='bbox 266 3818 631 3890; x_wconf 83' lang='grc' dir='ltr'>προσιέμενος</span> <span class='ocrx_word' id='word_1_446' title='bbox 647 3816 693 3847; x_wconf 71' lang='grc' dir='ltr'><strong>⁵ο</strong></span> <span class='ocrx_word' id='word_1_447' title='bbox 727 3814 924 3879; x_wconf 81' lang='grc' dir='ltr'>αὐτούς</span> <span class='ocrx_word' id='word_1_448' title='bbox 972 3834 1032 3869; x_wconf 90' lang='grc' dir='ltr'><strong>τε</strong></span> <span class='ocrx_word' id='word_1_449' title='bbox 1080 3818 1207 3881; x_wconf 88' lang='grc' dir='ltr'>τοὺς</span> <span class='ocrx_word' id='word_1_450' title='bbox 1258 3816 1725 3888; x_wconf 79' lang='grc' dir='ltr'>μεταμελομένους</span> <span class='ocrx_word' id='word_1_451' title='bbox 1754 3814 1846 3869; x_wconf 73' lang='grc' dir='ltr'><strong>καὶ</strong></span> 
     </span>
    </p>
   </div>
   <div class='ocr_carea' id='block_1_56' title="bbox 264 3906 1844 3979">
    <p class='ocr_par' dir='ltr' id='par_1_56' title="bbox 264 3906 1844 3979">
     <span class='ocr_line' id='line_1_56' title="bbox 264 3906 1844 3979; baseline -0.002 -17"><span class='ocrx_word' id='word_1_452' title='bbox 264 3911 391 3973; x_wconf 72' lang='grc' dir='ltr'>τοὺς</span> <span class='ocrx_word' id='word_1_453' title='bbox 422 3909 617 3971; x_wconf 79' lang='grc' dir='ltr'>ἄλλους</span> <span class='ocrx_word' id='word_1_454' title='bbox 645 3907 853 3979; x_wconf 69' lang='grc' dir='ltr'>ὄχλους,</span> <span class='ocrx_word' id='word_1_455' title='bbox 886 3906 1123 3979; x_wconf 73' lang='grc' dir='ltr'>ἐπέθηκε</span> <span class='ocrx_word' id='word_1_456' title='bbox 1145 3907 1245 3971; x_wconf 88' lang='grc' dir='ltr'><strong>τάς</strong></span> <span class='ocrx_word' id='word_1_457' title='bbox 1267 3910 1454 3979; x_wconf 88' lang='grc' dir='ltr'>χεῖρας</span> <span class='ocrx_word' id='word_1_458' title='bbox 1466 3909 1508 3939; x_wconf 70' lang='grc'><strong>⁸⁸</strong></span> <span class='ocrx_word' id='word_1_459' title='bbox 1534 3906 1844 3978; x_wconf 81' lang='grc' dir='ltr'>εὐχόμενος,</span> 
     </span>
    </p>
   </div>
   <div class='ocr_carea' id='block_1_57' title="bbox 265 3997 1848 4073">
    <p class='ocr_par' dir='ltr' id='par_1_57' title="bbox 265 3997 1848 4073">
     <span class='ocr_line' id='line_1_57' title="bbox 265 3997 1848 4073; baseline -0.004 -16"><span class='ocrx_word' id='word_1_460' title='bbox 265 4003 357 4057; x_wconf 79' lang='grc' dir='ltr'><strong>καὶ</strong></span> <span class='ocrx_word' id='word_1_461' title='bbox 391 4002 624 4073; x_wconf 77' lang='grc' dir='ltr'>ἰώμενος</span> <span class='ocrx_word' id='word_1_462' title='bbox 647 3997 824 4053; x_wconf 83' lang='grc' dir='ltr'>αὐτῶν</span> <span class='ocrx_word' id='word_1_463' title='bbox 852 4000 980 4062; x_wconf 73' lang='grc' dir='ltr'>τοὺς</span> <span class='ocrx_word' id='word_1_464' title='bbox 998 3999 1327 4071; x_wconf 84' lang='grc' dir='ltr'>πάσχοντας,</span> <span class='ocrx_word' id='word_1_465' title='bbox 1350 4000 1445 4053; x_wconf 76' lang='grc' dir='ltr'><strong>καὶ</strong></span> <span class='ocrx_word' id='word_1_466' title='bbox 1463 3998 1635 4062; x_wconf 84' lang='grc' dir='ltr'>οὑτως</span> <span class='ocrx_word' id='word_1_467' title='bbox 1655 3999 1700 4031; x_wconf 70' lang='grc' dir='ltr'><strong>δ’</strong></span> <span class='ocrx_word' id='word_1_468' title='bbox 1711 3998 1848 4051; x_wconf 86' lang='grc' dir='ltr'>ἀπο-</span> 
     </span>
    </p>
   </div>
   <div class='ocr_carea' id='block_1_58' title="bbox 266 4089 1841 4164">
    <p class='ocr_par' dir='ltr' id='par_1_58' title="bbox 266 4089 1841 4164">
     <span class='ocr_line' id='line_1_58' title="bbox 266 4089 1841 4164; baseline -0.001 -20"><span class='ocrx_word' id='word_1_469' title='bbox 266 4094 408 4147; x_wconf 81' lang='grc' dir='ltr'>λύων</span> <span class='ocrx_word' id='word_1_470' title='bbox 448 4091 826 4164; x_wconf 86' lang='grc' dir='ltr'>παρήγγελλεν</span> <span class='ocrx_word' id='word_1_471' title='bbox 848 4092 1049 4153; x_wconf 88' lang='grc' dir='ltr'>αὑτοῖς,</span> <span class='ocrx_word' id='word_1_472' title='bbox 1076 4092 1203 4161; x_wconf 73' lang='grc' dir='ltr'>περὶ</span> <span class='ocrx_word' id='word_1_473' title='bbox 1225 4091 1315 4145; x_wconf 84' lang='grc' dir='ltr'><strong>τὸν</strong></span> <span class='ocrx_word' id='word_1_474' title='bbox 1338 4091 1531 4163; x_wconf 73' lang='grc' dir='ltr'>ὄρθρον</span> <span class='ocrx_word' id='word_1_475' title='bbox 1575 4089 1841 4159; x_wconf 86' lang='grc' dir='ltr'>ταχύνειν.</span> 
     </span>
    </p>
   </div>
   <div class='ocr_carea' id='block_1_59' title="bbox 268 4182 1847 4255">
    <p class='ocr_par' dir='ltr' id='par_1_59' title="bbox 268 4182 1847 4255">
     <span class='ocr_line' id='line_1_59' title="bbox 268 4182 1847 4255; baseline -0.001 -16"><span class='ocrx_word' id='word_1_476' title='bbox 268 4187 377 4239; x_wconf 74' lang='grc' dir='ltr'><strong>Καὶ</strong></span> <span class='ocrx_word' id='word_1_477' title='bbox 431 4184 576 4237; x_wconf 85' lang='grc' dir='ltr'>τοῦτ’</span> <span class='ocrx_word' id='word_1_478' title='bbox 604 4184 649 4215; x_wconf 80' lang='grc'><strong>’⁸³</strong></span> <span class='ocrx_word' id='word_1_479' title='bbox 698 4184 856 4255; x_wconf 75' lang='lat'><strong>371</strong></span> <span class='ocrx_word' id='word_1_480' title='bbox 910 4183 1077 4236; x_wconf 79' lang='grc' dir='ltr'>εἰπὼν</span> <span class='ocrx_word' id='word_1_481' title='bbox 1122 4185 1218 4237; x_wconf 74' lang='grc' dir='ltr'><strong>καὶ</strong></span> <span class='ocrx_word' id='word_1_482' title='bbox 1253 4182 1506 4237; x_wconf 76' lang='grc' dir='ltr'>εἰσελθὼν</span> <span class='ocrx_word' id='word_1_483' title='bbox 1556 4182 1696 4255; x_wconf 88' lang='grc' dir='ltr'><strong>μετά</strong></span> <span class='ocrx_word' id='word_1_484' title='bbox 1735 4183 1847 4237; x_wconf 85' lang='grc' dir='ltr'>τῶν</span> 
     </span>
    </p>
   </div>
   <div class='ocr_carea' id='block_1_60' title="bbox 270 4275 1847 4351">
    <p class='ocr_par' dir='ltr' id='par_1_60' title="bbox 270 4275 1847 4351">
     <span class='ocr_line' id='line_1_60' title="bbox 270 4275 1847 4351; baseline -0.003 -18"><span class='ocrx_word' id='word_1_485' title='bbox 270 4280 521 4351; x_wconf 79' lang='grc' dir='ltr'>συνήθων</span> <span class='ocrx_word' id='word_1_486' title='bbox 552 4278 625 4331; x_wconf 81' lang='grc' dir='ltr'>τὰ</span> <span class='ocrx_word' id='word_1_487' title='bbox 656 4278 881 4331; x_wconf 75' lang='grc' dir='ltr'>εἰωθότα</span> <span class='ocrx_word' id='word_1_488' title='bbox 925 4277 1062 4348; x_wconf 81' lang='grc' dir='ltr'>πρὸς</span> <span class='ocrx_word' id='word_1_489' title='bbox 1102 4277 1203 4347; x_wconf 85' lang='grc' dir='ltr'>τὴν</span> <span class='ocrx_word' id='word_1_490' title='bbox 1246 4275 1567 4345; x_wconf 77' lang='grc' dir='ltr'>ἐπείγουσαν</span> <span class='ocrx_word' id='word_1_491' title='bbox 1615 4276 1847 4347; x_wconf 80' lang='grc' dir='ltr'>ἡσυχίαν</span> 
     </span>
    </p>
   </div>
   <div class='ocr_carea' id='block_1_61' title="bbox 270 4370 1271 4445">
    <p class='ocr_par' dir='ltr' id='par_1_61' title="bbox 270 4370 1271 4445">
     <span class='ocr_line' id='line_1_61' title="bbox 270 4370 1271 4445; baseline -0.004 -19"><span class='ocrx_word' id='word_1_492' title='bbox 270 4374 553 4445; x_wconf 70' lang='grc' dir='ltr'>ἐποίησεν,</span> <span class='ocrx_word' id='word_1_493' title='bbox 580 4370 991 4441; x_wconf 76' lang='grc' dir='ltr'>καταλαϐούσης</span> <span class='ocrx_word' id='word_1_494' title='bbox 1015 4370 1271 4441; x_wconf 81' lang='grc' dir='ltr'>ἑσπέρας.</span> 
     </span>
    </p>
   </div>
   <div class='ocr_carea' id='block_1_62' title="bbox 852 4616 1246 4671">
    <p class='ocr_par' dir='ltr' id='par_1_62' title="bbox 852 4616 1246 4671">
     <span class='ocr_line' id='line_1_62' title="bbox 852 4616 1246 4671; baseline -0.008 0"><span class='ocrx_word' id='word_1_495' title='bbox 852 4616 1109 4671; x_wconf 79' lang='grc' dir='ltr'><strong>ὈΜῙΛΙΑ</strong></span> <span class='ocrx_word' id='word_1_496' title='bbox 1148 4616 1246 4669; x_wconf 83' lang='grc' dir='ltr'><strong>ΙΘ’.</strong></span> 
     </span>
    </p>
   </div>
   <div class='ocr_carea' id='block_1_63' title="bbox 344 4705 1847 4783">
    <p class='ocr_par' dir='ltr' id='par_1_63' title="bbox 344 4705 1847 4783">
     <span class='ocr_line' id='line_1_63' title="bbox 344 4705 1847 4783; baseline -0.006 -13"><span class='ocrx_word' id='word_1_497' title='bbox 344 4717 389 4770; x_wconf 88' lang='lat' dir='ltr'><strong>I.</strong></span> <span class='ocrx_word' id='word_1_498' title='bbox 428 4713 542 4783; x_wconf 80' lang='grc' dir='ltr'><strong>Τῆς</strong></span> <span class='ocrx_word' id='word_1_499' title='bbox 566 4711 625 4765; x_wconf 79' lang='grc' dir='ltr'><strong>δὲ</strong></span> <span class='ocrx_word' id='word_1_500' title='bbox 651 4710 813 4782; x_wconf 78' lang='grc' dir='ltr'>ἄλλης</span> <span class='ocrx_word' id='word_1_501' title='bbox 839 4710 1049 4781; x_wconf 80' lang='grc' dir='ltr'>ἡμέρας</span> <span class='ocrx_word' id='word_1_502' title='bbox 1073 4708 1118 4739; x_wconf 73' lang='grc'><strong>’⁵⁸</strong></span> <span class='ocrx_word' id='word_1_503' title='bbox 1138 4708 1505 4780; x_wconf 79' lang='grc' dir='ltr'>ὁρθριαίτερον</span> <span class='ocrx_word' id='word_1_504' title='bbox 1525 4705 1796 4778; x_wconf 85' lang='grc' dir='ltr'>προελθὼν</span> <span class='ocrx_word' id='word_1_505' title='bbox 1817 4707 1847 4761; x_wconf 84' lang='grc' dir='ltr'><strong>ὁ</strong></span> 
     </span>
    </p>
   </div>
   <div class='ocr_carea' id='block_1_64' title="bbox 275 4799 1849 4877">
    <p class='ocr_par' dir='ltr' id='par_1_64' title="bbox 275 4799 1849 4877">
     <span class='ocr_line' id='line_1_64' title="bbox 275 4799 1849 4877; baseline -0.006 -16"><span class='ocrx_word' id='word_1_506' title='bbox 275 4808 502 4877; x_wconf 87' lang='grc' dir='ltr'>Πέτρος,</span> <span class='ocrx_word' id='word_1_507' title='bbox 520 4806 616 4858; x_wconf 76' lang='grc' dir='ltr'><strong>καὶ</strong></span> <span class='ocrx_word' id='word_1_508' title='bbox 647 4803 768 4857; x_wconf 83' lang='grc' dir='ltr'>ἰδὼν</span> <span class='ocrx_word' id='word_1_509' title='bbox 797 4802 892 4855; x_wconf 82' lang='grc' dir='ltr'><strong>τὸν</strong></span> <span class='ocrx_word' id='word_1_510' title='bbox 920 4801 1136 4872; x_wconf 87' lang='grc' dir='ltr'>Σίμωνα</span> <span class='ocrx_word' id='word_1_511' title='bbox 1162 4802 1256 4854; x_wconf 82' lang='grc' dir='ltr'><strong>σὺν</strong></span> <span class='ocrx_word' id='word_1_512' title='bbox 1291 4799 1467 4863; x_wconf 76' lang='grc' dir='ltr'>ἄλλοις</span> <span class='ocrx_word' id='word_1_513' title='bbox 1490 4800 1701 4863; x_wconf 83' lang='grc' dir='ltr'>πολλοῖς</span> <span class='ocrx_word' id='word_1_514' title='bbox 1722 4799 1849 4852; x_wconf 73' lang='lat' dir='ltr'><strong>ava-</strong></span> 
     </span>
    </p>
   </div>
   <div class='ocr_carea' id='block_1_65' title="bbox 278 4891 1848 4968">
    <p class='ocr_par' dir='ltr' id='par_1_65' title="bbox 278 4891 1848 4968">
     <span class='ocr_line' id='line_1_65' title="bbox 278 4891 1848 4968; baseline -0.006 -15"><span class='ocrx_word' id='word_1_515' title='bbox 278 4900 506 4968; x_wconf 81' lang='grc' dir='ltr'>μένοντα</span> <span class='ocrx_word' id='word_1_516' title='bbox 528 4896 710 4957; x_wconf 80' lang='grc' dir='ltr'>αὑτὸν,</span> <span class='ocrx_word' id='word_1_517' title='bbox 728 4892 1171 4967; x_wconf 88' lang='grc' dir='ltr'>προσαγορεύσας</span> <span class='ocrx_word' id='word_1_518' title='bbox 1195 4892 1255 4945; x_wconf 83' lang='grc' dir='ltr'><strong>τὸ</strong></span> <span class='ocrx_word' id='word_1_519' title='bbox 1280 4892 1482 4963; x_wconf 77' lang='grc' dir='ltr'>πλῆθος</span> <span class='ocrx_word' id='word_1_520' title='bbox 1504 4891 1704 4963; x_wconf 74' lang='grc' dir='ltr'>ἠρξατο</span> <span class='ocrx_word' id='word_1_521' title='bbox 1731 4891 1848 4945; x_wconf 82' lang='grc' dir='ltr'><strong>δια-</strong></span> 
     </span>
    </p>
   </div>
   <div class='ocr_carea' id='block_1_66' title="bbox 276 4979 1843 5057">
    <p class='ocr_par' dir='ltr' id='par_1_66' title="bbox 276 4979 1843 5057">
     <span class='ocr_line' id='line_1_66' title="bbox 276 4979 1843 5057; baseline -0.004 -16"><span class='ocrx_word' id='word_1_522' title='bbox 276 4987 707 5057; x_wconf 73' lang='grc' dir='ltr'>λέγεσθαι.’¹Αμα</span> <span class='ocrx_word' id='word_1_523' title='bbox 722 4985 778 5039; x_wconf 80' lang='grc' dir='ltr'><strong>δὲ</strong></span> <span class='ocrx_word' id='word_1_524' title='bbox 794 4983 872 5055; x_wconf 82' lang='grc' dir='ltr'><strong>τῷ</strong></span> <span class='ocrx_word' id='word_1_525' title='bbox 887 4982 1151 5055; x_wconf 80' lang='grc' dir='ltr'>ἄρξασθαι</span> <span class='ocrx_word' id='word_1_526' title='bbox 1181 4982 1214 5034; x_wconf 78' lang='grc' dir='ltr'><em>ἁ</em></span> <span class='ocrx_word' id='word_1_527' title='bbox 1235 4982 1414 5053; x_wconf 88' lang='grc' dir='ltr'>Σίμων</span> <span class='ocrx_word' id='word_1_528' title='bbox 1441 4981 1678 5051; x_wconf 69' lang='grc' dir='ltr'>ἐκκόψας</span> <span class='ocrx_word' id='word_1_529' title='bbox 1706 4979 1810 5053; x_wconf 77' lang='grc' dir='ltr'>ἔφη</span> <span class='ocrx_word' id='word_1_530' title='bbox 1826 4997 1843 5012; x_wconf 76' lang='grc' dir='ltr'><strong><em>ο</em></strong></span> 
     </span>
    </p>
   </div>
   <div class='ocr_carea' id='block_1_67' title="bbox 279 5074 1852 5154">
    <p class='ocr_par' dir='ltr' id='par_1_67' title="bbox 279 5074 1852 5154">
     <span class='ocr_line' id='line_1_67' title="bbox 279 5074 1852 5154; baseline -0.004 -20"><span class='ocrx_word' id='word_1_531' title='bbox 279 5081 364 5135; x_wconf 78' lang='grc' dir='ltr'><strong>Τὰ</strong></span> <span class='ocrx_word' id='word_1_532' title='bbox 386 5080 572 5154; x_wconf 84' lang='grc' dir='ltr'>μακρά</span> <span class='ocrx_word' id='word_1_533' title='bbox 600 5098 693 5133; x_wconf 90' lang='grc' dir='ltr'><strong>σου</strong></span> <span class='ocrx_word' id='word_1_534' title='bbox 712 5078 882 5132; x_wconf 82' lang='grc' dir='ltr'>ταῦτα</span> <span class='ocrx_word' id='word_1_535' title='bbox 896 5076 1092 5148; x_wconf 77' lang='grc' dir='ltr'>παρεὶς</span> <span class='ocrx_word' id='word_1_536' title='bbox 1119 5074 1373 5152; x_wconf 83' lang='grc' dir='ltr'>προοίμια</span> <span class='ocrx_word' id='word_1_537' title='bbox 1388 5075 1467 5138; x_wconf 80' lang='grc' dir='ltr'><strong>είς</strong></span> <span class='ocrx_word' id='word_1_538' title='bbox 1485 5074 1545 5126; x_wconf 85' lang='grc' dir='ltr'>τὸ</span> <span class='ocrx_word' id='word_1_539' title='bbox 1560 5074 1852 5145; x_wconf 83' lang='grc' dir='ltr'>προκείμε-</span> 
     </span>
    </p>
   </div>
   <div class='ocr_carea' id='block_1_68' title="bbox 280 5165 1845 5243">
    <p class='ocr_par' dir='ltr' id='par_1_68' title="bbox 280 5165 1845 5243">
     <span class='ocr_line' id='line_1_68' title="bbox 280 5165 1845 5243; baseline -0.004 -16"><span class='ocrx_word' id='word_1_540' title='bbox 280 5190 372 5227; x_wconf 89' lang='grc' dir='ltr'><strong>νον</strong></span> <span class='ocrx_word' id='word_1_541' title='bbox 401 5171 785 5243; x_wconf 84' lang='grc' dir='ltr'>πυνθανομένῳ</span> <span class='ocrx_word' id='word_1_542' title='bbox 818 5187 908 5241; x_wconf 86' lang='grc' dir='ltr'><strong>μοι</strong></span> <span class='ocrx_word' id='word_1_543' title='bbox 952 5165 1331 5240; x_wconf 67' lang='grc' dir='ltr'>ἀπόκριναιδδ.</span> <span class='ocrx_word' id='word_1_544' title='bbox 1377 5166 1596 5238; x_wconf 82' lang='grc' dir='ltr'>Ἐπειδὴ</span> <span class='ocrx_word' id='word_1_545' title='bbox 1641 5165 1845 5221; x_wconf 88' lang='grc' dir='ltr'>συννοῶ</span> 
     </span>
    </p>
   </div>
   <div class='ocr_carea' id='block_1_69' title="bbox 1870 4546 1923 4608">
    <p class='ocr_par' dir='ltr' id='par_1_69' title="bbox 1870 4546 1923 4608">
     <span class='ocr_line' id='line_1_69' title="bbox 1870 4546 1923 4608; baseline 0 -7"><span class='ocrx_word' id='word_1_546' title='bbox 1870 4546 1923 4608; x_wconf 85' lang='lat' dir='ltr'><strong>D</strong></span> 
     </span>
    </p>
   </div>
   <div class='ocr_carea' id='block_1_70' title="bbox 1938 1940 3503 2014">
    <p class='ocr_par' dir='ltr' id='par_1_70' title="bbox 1938 1940 3503 2014">
     <span class='ocr_line' id='line_1_70' title="bbox 1938 1940 3503 2014; baseline 0.006 -21"><span class='ocrx_word' id='word_1_547' title='bbox 1938 1949 2037 2007; x_wconf 90' lang='lat' dir='ltr'><strong>ter,</strong></span> <span class='ocrx_word' id='word_1_548' title='bbox 2069 1940 2513 2011; x_wconf 86' lang='lat' dir='ltr'><strong>quandoquidem</strong></span> <span class='ocrx_word' id='word_1_549' title='bbox 2540 1950 2595 1996; x_wconf 91' lang='lat' dir='ltr'><strong>et</strong></span> <span class='ocrx_word' id='word_1_550' title='bbox 2630 1957 2818 1997; x_wconf 85' lang='lat' dir='ltr'><strong>verum</strong></span> <span class='ocrx_word' id='word_1_551' title='bbox 2862 1952 3015 1997; x_wconf 90' lang='lat' dir='ltr'><strong>tuum</strong></span> <span class='ocrx_word' id='word_1_552' title='bbox 3058 1954 3268 2014; x_wconf 86' lang='lat' dir='ltr'><strong>patrem</strong></span> <span class='ocrx_word' id='word_1_553' title='bbox 3299 1946 3503 2002; x_wconf 83' lang='lat' dir='ltr'><strong>dereli-</strong></span> 
     </span>
    </p>
   </div>
   <div class='ocr_carea' id='block_1_71' title="bbox 1933 2034 2139 2103">
    <p class='ocr_par' dir='ltr' id='par_1_71' title="bbox 1933 2034 2139 2103">
     <span class='ocr_line' id='line_1_71' title="bbox 1933 2034 2139 2103; baseline -0.005 -17"><span class='ocrx_word' id='word_1_554' title='bbox 1933 2034 2139 2103; x_wconf 86' lang='lat' dir='ltr'><strong>queris.</strong></span> 
     </span>
    </p>
   </div>
   <div class='ocr_carea' id='block_1_72' title="bbox 2006 2122 3508 2197">
    <p class='ocr_par' dir='ltr' id='par_1_72' title="bbox 2006 2122 3508 2197">
     <span class='ocr_line' id='line_1_72' title="bbox 2006 2122 3508 2197; baseline 0.005 -21"><span class='ocrx_word' id='word_1_555' title='bbox 2006 2122 2195 2178; x_wconf 74' lang='lat' dir='ltr'><strong>XXIII.</strong></span> <span class='ocrx_word' id='word_1_556' title='bbox 2232 2122 2338 2178; x_wconf 87' lang='lat' dir='ltr'><strong>Sed</strong></span> <span class='ocrx_word' id='word_1_557' title='bbox 2382 2123 2533 2179; x_wconf 90' lang='lat' dir='ltr'><strong>dices</strong></span> <span class='ocrx_word' id='word_1_558' title='bbox 2563 2122 2775 2179; x_wconf 85' lang='lat' dir='ltr'><strong>:Novit</strong></span> <span class='ocrx_word' id='word_1_559' title='bbox 2813 2141 2922 2181; x_wconf 92' lang='lat' dir='ltr'><strong>non</strong></span> <span class='ocrx_word' id='word_1_560' title='bbox 2969 2142 3094 2182; x_wconf 90' lang='lat' dir='ltr'><strong>esse</strong></span> <span class='ocrx_word' id='word_1_561' title='bbox 3142 2128 3309 2182; x_wconf 88' lang='lat' dir='ltr'><strong>alium</strong></span> <span class='ocrx_word' id='word_1_562' title='bbox 3340 2143 3508 2197; x_wconf 89' lang='lat' dir='ltr'><strong>supra</strong></span> 
     </span>
    </p>
   </div>
   <div class='ocr_carea' id='block_1_73' title="bbox 1936 2215 3508 2290">
    <p class='ocr_par' dir='ltr' id='par_1_73' title="bbox 1936 2215 3508 2290">
     <span class='ocr_line' id='line_1_73' title="bbox 1936 2215 3508 2290; baseline 0.003 -20"><span class='ocrx_word' id='word_1_563' title='bbox 1936 2230 2015 2281; x_wconf 89' lang='lat' dir='ltr'><strong>se,</strong></span> <span class='ocrx_word' id='word_1_564' title='bbox 2050 2215 2283 2286; x_wconf 89' lang='lat' dir='ltr'><strong>ideoque</strong></span> <span class='ocrx_word' id='word_1_565' title='bbox 2330 2229 2388 2271; x_wconf 92' lang='lat' dir='ltr'><strong>se</strong></span> <span class='ocrx_word' id='word_1_566' title='bbox 2427 2230 2534 2269; x_wconf 91' lang='lat' dir='ltr'><strong>non</strong></span> <span class='ocrx_word' id='word_1_567' title='bbox 2560 2231 2722 2285; x_wconf 81' lang='lat' dir='ltr'><strong>posse</strong></span> <span class='ocrx_word' id='word_1_568' title='bbox 2749 2215 2952 2271; x_wconf 86' lang='lat' dir='ltr'><strong>deseri.</strong></span> <span class='ocrx_word' id='word_1_569' title='bbox 2986 2216 3231 2273; x_wconf 86' lang='lat' dir='ltr'><strong>Gratiam</strong></span> <span class='ocrx_word' id='word_1_570' title='bbox 3256 2234 3386 2290; x_wconf 91' lang='lat' dir='ltr'><strong>ergo</strong></span> <span class='ocrx_word' id='word_1_571' title='bbox 3409 2221 3508 2275; x_wconf 86' lang='lat' dir='ltr'><strong>de-</strong></span> 
     </span>
    </p>
   </div>
   <div class='ocr_carea' id='block_1_74' title="bbox 1938 2307 3501 2366">
    <p class='ocr_par' dir='ltr' id='par_1_74' title="bbox 1938 2307 3501 2366">
     <span class='ocr_line' id='line_1_74' title="bbox 1938 2307 3501 2366; baseline 0.003 -4"><span class='ocrx_word' id='word_1_572' title='bbox 1938 2308 2028 2363; x_wconf 86' lang='lat' dir='ltr'><strong>bet</strong></span> <span class='ocrx_word' id='word_1_573' title='bbox 2055 2324 2165 2362; x_wconf 88' lang='lat' dir='ltr'><strong>non</strong></span> <span class='ocrx_word' id='word_1_574' title='bbox 2195 2307 2496 2362; x_wconf 63' lang='lat' dir='ltr'><strong>existentite</strong></span> <span class='ocrx_word' id='word_1_575' title='bbox 2518 2308 2742 2363; x_wconf 86' lang='lat' dir='ltr'><strong>alterius</strong></span> <span class='ocrx_word' id='word_1_576' title='bbox 2776 2328 2790 2363; x_wconf 86' lang='lat'><strong>:</strong></span> <span class='ocrx_word' id='word_1_577' title='bbox 2820 2319 2969 2365; x_wconf 76' lang='lat' dir='ltr'><strong>Certe</strong></span> <span class='ocrx_word' id='word_1_578' title='bbox 2997 2311 3149 2366; x_wconf 92' lang='lat' dir='ltr'><strong>novit</strong></span> <span class='ocrx_word' id='word_1_579' title='bbox 3174 2319 3227 2366; x_wconf 88' lang='lat' dir='ltr'><strong>te</strong></span> <span class='ocrx_word' id='word_1_580' title='bbox 3255 2312 3501 2366; x_wconf 86' lang='lat' dir='ltr'><strong>animum</strong></span> 
     </span>
    </p>
   </div>
   <div class='ocr_carea' id='block_1_75' title="bbox 1939 2401 3503 2474">
    <p class='ocr_par' dir='ltr' id='par_1_75' title="bbox 1939 2401 3503 2474">
     <span class='ocr_line' id='line_1_75' title="bbox 1939 2401 3503 2474; baseline 0.004 -21"><span class='ocrx_word' id='word_1_581' title='bbox 1939 2415 2126 2471; x_wconf 84' lang='lat' dir='ltr'><strong>gerere</strong></span> <span class='ocrx_word' id='word_1_582' title='bbox 2158 2410 2409 2470; x_wconf 85' lang='lat' dir='ltr'><strong>paratum</strong></span> <span class='ocrx_word' id='word_1_583' title='bbox 2452 2401 2519 2455; x_wconf 89' lang='lat' dir='ltr'><strong>ad</strong></span> <span class='ocrx_word' id='word_1_584' title='bbox 2566 2401 2871 2470; x_wconf 82' lang='lat' dir='ltr'><strong>perfidiam.</strong></span> <span class='ocrx_word' id='word_1_585' title='bbox 2921 2401 3017 2457; x_wconf 88' lang='lat' dir='ltr'><strong>Sin</strong></span> <span class='ocrx_word' id='word_1_586' title='bbox 3064 2420 3193 2458; x_wconf 88' lang='lat' dir='ltr'><strong>vero</strong></span> <span class='ocrx_word' id='word_1_587' title='bbox 3217 2420 3420 2474; x_wconf 83' lang='lat' dir='ltr'><strong>gnarus</strong></span> <span class='ocrx_word' id='word_1_588' title='bbox 3449 2417 3503 2459; x_wconf 88' lang='lat' dir='ltr'><strong>te</strong></span> 
     </span>
    </p>
   </div>
   <div class='ocr_carea' id='block_1_76' title="bbox 1936 2492 3507 2573">
    <p class='ocr_par' dir='ltr' id='par_1_76' title="bbox 1936 2492 3507 2573">
     <span class='ocr_line' id='line_1_76' title="bbox 1936 2492 3507 2573; baseline 0.002 -26"><span class='ocrx_word' id='word_1_589' title='bbox 1936 2507 2057 2547; x_wconf 86' lang='lat' dir='ltr'><strong>esse</strong></span> <span class='ocrx_word' id='word_1_590' title='bbox 2084 2492 2378 2560; x_wconf 81' lang='lat' dir='ltr'><strong>ingratum,</strong></span> <span class='ocrx_word' id='word_1_591' title='bbox 2424 2492 2617 2562; x_wconf 88' lang='lat' dir='ltr'><strong>recipit</strong></span> <span class='ocrx_word' id='word_1_592' title='bbox 2661 2501 2864 2573; x_wconf 81' lang='lat' dir='ltr'><strong>tamen,</strong></span> <span class='ocrx_word' id='word_1_593' title='bbox 2915 2510 3001 2549; x_wconf 91' lang='lat' dir='ltr'><strong>me</strong></span> <span class='ocrx_word' id='word_1_594' title='bbox 3058 2504 3241 2550; x_wconf 89' lang='lat' dir='ltr'><strong>autem</strong></span> <span class='ocrx_word' id='word_1_595' title='bbox 3292 2506 3507 2567; x_wconf 89' lang='lat' dir='ltr'><strong>gratum</strong></span> 
     </span>
    </p>
   </div>
   <div class='ocr_carea' id='block_1_77' title="bbox 1939 2583 3510 2655">
    <p class='ocr_par' dir='ltr' id='par_1_77' title="bbox 1939 2583 3510 2655">
     <span class='ocr_line' id='line_1_77' title="bbox 1939 2583 3510 2655; baseline 0.004 -18"><span class='ocrx_word' id='word_1_596' title='bbox 1939 2599 2300 2655; x_wconf 86' lang='lat' dir='ltr'><strong>cognoscens,</strong></span> <span class='ocrx_word' id='word_1_597' title='bbox 2330 2600 2441 2638; x_wconf 89' lang='lat' dir='ltr'><strong>non</strong></span> <span class='ocrx_word' id='word_1_598' title='bbox 2477 2583 2739 2648; x_wconf 87' lang='lat' dir='ltr'><strong>admittit,</strong></span> <span class='ocrx_word' id='word_1_599' title='bbox 2784 2584 3178 2642; x_wconf 85' lang='lat' dir='ltr'><strong>irrationabilis</strong></span> <span class='ocrx_word' id='word_1_600' title='bbox 3205 2596 3290 2642; x_wconf 91' lang='lat' dir='ltr'><strong>est</strong></span> <span class='ocrx_word' id='word_1_601' title='bbox 3310 2602 3510 2643; x_wconf 89' lang='lat' dir='ltr'><strong>secun-</strong></span> 
     </span>
    </p>
   </div>
   <div class='ocr_carea' id='block_1_78' title="bbox 1938 2674 3505 2747">
    <p class='ocr_par' dir='ltr' id='par_1_78' title="bbox 1938 2674 3505 2747">
     <span class='ocr_line' id='line_1_78' title="bbox 1938 2674 3505 2747; baseline 0.002 -18"><span class='ocrx_word' id='word_1_602' title='bbox 1938 2674 2067 2729; x_wconf 91' lang='lat' dir='ltr'><strong>dum</strong></span> <span class='ocrx_word' id='word_1_603' title='bbox 2103 2684 2251 2730; x_wconf 90' lang='lat' dir='ltr'><strong>tuam</strong></span> <span class='ocrx_word' id='word_1_604' title='bbox 2286 2677 2579 2742; x_wconf 88' lang='lat' dir='ltr'><strong>rationem,</strong></span> <span class='ocrx_word' id='word_1_605' title='bbox 2605 2677 2699 2747; x_wconf 90' lang='lat' dir='ltr'><strong>qui</strong></span> <span class='ocrx_word' id='word_1_606' title='bbox 2729 2686 2876 2731; x_wconf 89' lang='lat' dir='ltr'><strong>recta</strong></span> <span class='ocrx_word' id='word_1_607' title='bbox 2926 2678 3137 2732; x_wconf 77' lang='lat' dir='ltr'><strong>ratione</strong></span> <span class='ocrx_word' id='word_1_608' title='bbox 3165 2693 3273 2732; x_wconf 92' lang='lat' dir='ltr'><strong>non</strong></span> <span class='ocrx_word' id='word_1_609' title='bbox 3302 2687 3505 2733; x_wconf 89' lang='lat' dir='ltr'><strong>utatur.</strong></span> 
     </span>
    </p>
   </div>
   <div class='ocr_carea' id='block_1_79' title="bbox 1941 2765 3506 2833">
    <p class='ocr_par' dir='ltr' id='par_1_79' title="bbox 1941 2765 3506 2833">
     <span class='ocr_line' id='line_1_79' title="bbox 1941 2765 3506 2833; baseline 0.002 -12"><span class='ocrx_word' id='word_1_610' title='bbox 1941 2765 2033 2821; x_wconf 89' lang='lat' dir='ltr'><strong>Sic</strong></span> <span class='ocrx_word' id='word_1_611' title='bbox 2059 2781 2167 2821; x_wconf 91' lang='lat' dir='ltr'><strong>non</strong></span> <span class='ocrx_word' id='word_1_612' title='bbox 2185 2768 2443 2833; x_wconf 86' lang='lat' dir='ltr'><strong>advertis,</strong></span> <span class='ocrx_word' id='word_1_613' title='bbox 2470 2766 2684 2833; x_wconf 88' lang='lat' dir='ltr'><strong>Simon,</strong></span> <span class='ocrx_word' id='word_1_614' title='bbox 2713 2777 2764 2822; x_wconf 90' lang='lat' dir='ltr'><strong>te</strong></span> <span class='ocrx_word' id='word_1_615' title='bbox 2786 2784 2910 2823; x_wconf 88' lang='lat' dir='ltr'><strong>esse</strong></span> <span class='ocrx_word' id='word_1_616' title='bbox 2929 2768 3150 2823; x_wconf 66' lang='lat' dir='ltr'><strong>malitiae</strong></span> <span class='ocrx_word' id='word_1_617' title='bbox 3174 2770 3506 2825; x_wconf 88' lang='lat' dir='ltr'><strong>ministrum.</strong></span> 
     </span>
    </p>
   </div>
   <div class='ocr_carea' id='block_1_80' title="bbox 1940 2858 3510 2932">
    <p class='ocr_par' dir='ltr' id='par_1_80' title="bbox 1940 2858 3510 2932">
     <span class='ocr_line' id='line_1_80' title="bbox 1940 2858 3510 2932; baseline 0.003 -19"><span class='ocrx_word' id='word_1_618' title='bbox 1940 2858 2008 2914; x_wconf 87' lang='lat' dir='ltr'><strong>Et</strong></span> <span class='ocrx_word' id='word_1_619' title='bbox 2034 2859 2223 2914; x_wconf 88' lang='lat' dir='ltr'><strong>Simon</strong></span> <span class='ocrx_word' id='word_1_620' title='bbox 2266 2861 2583 2930; x_wconf 90' lang='lat' dir='ltr'><strong>respondit:</strong></span> <span class='ocrx_word' id='word_1_621' title='bbox 2614 2859 2768 2916; x_wconf 87' lang='lat' dir='ltr'><strong>Unde</strong></span> <span class='ocrx_word' id='word_1_622' title='bbox 2817 2876 2950 2932; x_wconf 86' lang='lat' dir='ltr'><strong>ergo</strong></span> <span class='ocrx_word' id='word_1_623' title='bbox 2977 2861 3179 2916; x_wconf 91' lang='lat' dir='ltr'><strong>malum</strong></span> <span class='ocrx_word' id='word_1_624' title='bbox 3209 2871 3388 2917; x_wconf 91' lang='lat' dir='ltr'><strong>ortum</strong></span> <span class='ocrx_word' id='word_1_625' title='bbox 3416 2864 3510 2929; x_wconf 91' lang='lat' dir='ltr'><strong>sit,</strong></span> 
     </span>
    </p>
   </div>
   <div class='ocr_carea' id='block_1_81' title="bbox 1942 2950 3509 3024">
    <p class='ocr_par' dir='ltr' id='par_1_81' title="bbox 1942 2950 3509 3024">
     <span class='ocr_line' id='line_1_81' title="bbox 1942 2950 3509 3024; baseline 0 -17"><span class='ocrx_word' id='word_1_626' title='bbox 1942 2952 2102 3007; x_wconf 86' lang='lat' dir='ltr'><strong>nobis</strong></span> <span class='ocrx_word' id='word_1_627' title='bbox 2144 2950 2329 3007; x_wconf 77' lang='lat' dir='ltr'><strong>effare.</strong></span> <span class='ocrx_word' id='word_1_628' title='bbox 2387 2950 2453 3006; x_wconf 87' lang='lat' dir='ltr'><strong>Et</strong></span> <span class='ocrx_word' id='word_1_629' title='bbox 2510 2950 2708 3007; x_wconf 88' lang='lat' dir='ltr'><strong>Petrus</strong></span> <span class='ocrx_word' id='word_1_630' title='bbox 2739 2972 2752 3007; x_wconf 93' lang='lat'>:</span> <span class='ocrx_word' id='word_1_631' title='bbox 2783 2950 3258 3022; x_wconf 84' lang='lat' dir='ltr'><strong>Quandoquidem,</strong></span> <span class='ocrx_word' id='word_1_632' title='bbox 3308 2954 3509 3024; x_wconf 88' lang='lat' dir='ltr'><strong>inquit,</strong></span> 
     </span>
    </p>
   </div>
   <div class='ocr_carea' id='block_1_82' title="bbox 1945 3043 3511 3114">
    <p class='ocr_par' dir='ltr' id='par_1_82' title="bbox 1945 3043 3511 3114">
     <span class='ocr_line' id='line_1_82' title="bbox 1945 3043 3511 3114; baseline 0 -17"><span class='ocrx_word' id='word_1_633' title='bbox 1945 3043 2107 3098; x_wconf 89' lang='lat' dir='ltr'><strong>hodie</strong></span> <span class='ocrx_word' id='word_1_634' title='bbox 2131 3044 2283 3113; x_wconf 92' lang='lat' dir='ltr'><strong>prior</strong></span> <span class='ocrx_word' id='word_1_635' title='bbox 2309 3043 2494 3114; x_wconf 84' lang='lat' dir='ltr'><strong>egredi</strong></span> <span class='ocrx_word' id='word_1_636' title='bbox 2524 3044 2766 3109; x_wconf 89' lang='lat' dir='ltr'><strong>voluisti,</strong></span> <span class='ocrx_word' id='word_1_637' title='bbox 2794 3053 2849 3099; x_wconf 91' lang='lat' dir='ltr'><strong>et</strong></span> <span class='ocrx_word' id='word_1_638' title='bbox 2872 3044 3056 3099; x_wconf 83' lang='lat' dir='ltr'><strong>dixisti</strong></span> <span class='ocrx_word' id='word_1_639' title='bbox 3084 3044 3229 3114; x_wconf 89' lang='lat' dir='ltr'><strong>quod</strong></span> <span class='ocrx_word' id='word_1_640' title='bbox 3251 3044 3511 3113; x_wconf 77' lang='lat' dir='ltr'><strong>deinceps</strong></span> 
     </span>
    </p>
   </div>
   <div class='ocr_carea' id='block_1_83' title="bbox 1944 3136 3510 3207">
    <p class='ocr_par' dir='ltr' id='par_1_83' title="bbox 1944 3136 3510 3207">
     <span class='ocr_line' id='line_1_83' title="bbox 1944 3136 3510 3207; baseline -0.001 -17"><span class='ocrx_word' id='word_1_641' title='bbox 1944 3151 2032 3191; x_wconf 92' lang='lat' dir='ltr'><strong>me</strong></span> <span class='ocrx_word' id='word_1_642' title='bbox 2060 3137 2523 3207; x_wconf 88' lang='lat' dir='ltr'><strong>utblasphemum</strong></span> <span class='ocrx_word' id='word_1_643' title='bbox 2557 3152 2667 3191; x_wconf 93' lang='lat' dir='ltr'><strong>non</strong></span> <span class='ocrx_word' id='word_1_644' title='bbox 2700 3138 2779 3193; x_wconf 87' lang='lat' dir='ltr'><strong>sis</strong></span> <span class='ocrx_word' id='word_1_645' title='bbox 2810 3137 3123 3203; x_wconf 89' lang='lat' dir='ltr'><strong>auditurus,</strong></span> <span class='ocrx_word' id='word_1_646' title='bbox 3153 3153 3297 3205; x_wconf 90' lang='lat' dir='ltr'><strong>cras,</strong></span> <span class='ocrx_word' id='word_1_647' title='bbox 3330 3136 3510 3207; x_wconf 88' lang='lat' dir='ltr'><strong>siqui-</strong></span> 
     </span>
    </p>
   </div>
   <div class='ocr_carea' id='block_1_84' title="bbox 1942 3228 3515 3299">
    <p class='ocr_par' dir='ltr' id='par_1_84' title="bbox 1942 3228 3515 3299">
     <span class='ocr_line' id='line_1_84' title="bbox 1942 3228 3515 3299; baseline -0.001 -17"><span class='ocrx_word' id='word_1_648' title='bbox 1942 3229 2066 3283; x_wconf 86' lang='lat' dir='ltr'><strong>dem</strong></span> <span class='ocrx_word' id='word_1_649' title='bbox 2090 3228 2330 3284; x_wconf 90' lang='lat' dir='ltr'><strong>volueris</strong></span> <span class='ocrx_word' id='word_1_650' title='bbox 2357 3229 2591 3291; x_wconf 90' lang='lat' dir='ltr'><strong>discere,</strong></span> <span class='ocrx_word' id='word_1_651' title='bbox 2619 3228 2855 3284; x_wconf 89' lang='lat' dir='ltr'><strong>venienti</strong></span> <span class='ocrx_word' id='word_1_652' title='bbox 2899 3230 3189 3295; x_wconf 87' lang='lat' dir='ltr'><strong>euarrabo,</strong></span> <span class='ocrx_word' id='word_1_653' title='bbox 3225 3230 3515 3299; x_wconf 87' lang='lat' dir='ltr'><strong>sinamque</strong></span> 
     </span>
    </p>
   </div>
   <div class='ocr_carea' id='block_1_85' title="bbox 1944 3320 3511 3391">
    <p class='ocr_par' dir='ltr' id='par_1_85' title="bbox 1944 3320 3511 3391">
     <span class='ocr_line' id='line_1_85' title="bbox 1944 3320 3511 3391; baseline -0.001 -16"><span class='ocrx_word' id='word_1_654' title='bbox 1944 3329 2006 3375; x_wconf 92' lang='lat' dir='ltr'><strong>ut</strong></span> <span class='ocrx_word' id='word_1_655' title='bbox 2034 3335 2121 3375; x_wconf 90' lang='lat' dir='ltr'><strong>me</strong></span> <span class='ocrx_word' id='word_1_656' title='bbox 2163 3335 2262 3390; x_wconf 90' lang='lat' dir='ltr'><strong>pro</strong></span> <span class='ocrx_word' id='word_1_657' title='bbox 2308 3321 2464 3375; x_wconf 89' lang='lat' dir='ltr'><strong>libitu</strong></span> <span class='ocrx_word' id='word_1_658' title='bbox 2515 3322 2846 3391; x_wconf 81' lang='lat' dir='ltr'><strong>intermges,</strong></span> <span class='ocrx_word' id='word_1_659' title='bbox 2884 3321 3094 3390; x_wconf 87' lang='lat' dir='ltr'><strong>absque</strong></span> <span class='ocrx_word' id='word_1_660' title='bbox 3141 3320 3511 3375; x_wconf 86' lang='lat' dir='ltr'><strong>contentione.</strong></span> 
     </span>
    </p>
   </div>
   <div class='ocr_carea' id='block_1_86' title="bbox 1947 3411 3516 3469">
    <p class='ocr_par' dir='ltr' id='par_1_86' title="bbox 1947 3411 3516 3469">
     <span class='ocr_line' id='line_1_86' title="bbox 1947 3411 3516 3469; baseline -0.001 -2"><span class='ocrx_word' id='word_1_661' title='bbox 1947 3412 2137 3467; x_wconf 88' lang='lat' dir='ltr'><strong>Simon</strong></span> <span class='ocrx_word' id='word_1_662' title='bbox 2162 3412 2239 3467; x_wconf 82' lang='lat' dir='ltr'><strong>ait</strong></span> <span class='ocrx_word' id='word_1_663' title='bbox 2262 3431 2277 3466; x_wconf 89' lang='lat'><strong>:</strong></span> <span class='ocrx_word' id='word_1_664' title='bbox 2304 3412 2521 3467; x_wconf 85' lang='lat' dir='ltr'><strong>Faciam</strong></span> <span class='ocrx_word' id='word_1_665' title='bbox 2552 3417 2695 3469; x_wconf 86' lang='lat' dir='ltr'><strong>sicut</strong></span> <span class='ocrx_word' id='word_1_666' title='bbox 2725 3414 2861 3467; x_wconf 87' lang='lat' dir='ltr'><strong>mihi</strong></span> <span class='ocrx_word' id='word_1_667' title='bbox 2888 3413 3180 3468; x_wconf 80' lang='lat' dir='ltr'><strong>videbitur.</strong></span> <span class='ocrx_word' id='word_1_668' title='bbox 3208 3411 3276 3467; x_wconf 87' lang='lat' dir='ltr'><strong>Et</strong></span> <span class='ocrx_word' id='word_1_669' title='bbox 3301 3412 3407 3467; x_wconf 89' lang='lat' dir='ltr'><strong>hoc</strong></span> <span class='ocrx_word' id='word_1_670' title='bbox 3430 3411 3516 3467; x_wconf 85' lang='lat' dir='ltr'><strong>di-</strong></span> 
     </span>
    </p>
   </div>
   <div class='ocr_carea' id='block_1_87' title="bbox 1944 3504 3508 3575">
    <p class='ocr_par' dir='ltr' id='par_1_87' title="bbox 1944 3504 3508 3575">
     <span class='ocr_line' id='line_1_87' title="bbox 1944 3504 3508 3575; baseline -0.002 -15"><span class='ocrx_word' id='word_1_671' title='bbox 1944 3520 2075 3561; x_wconf 82' lang='lat' dir='ltr'><strong>cens</strong></span> <span class='ocrx_word' id='word_1_672' title='bbox 2120 3504 2400 3575; x_wconf 82' lang='lat' dir='ltr'><strong>profectus</strong></span> <span class='ocrx_word' id='word_1_673' title='bbox 2436 3515 2540 3561; x_wconf 91' lang='lat' dir='ltr'><strong>est.</strong></span> <span class='ocrx_word' id='word_1_674' title='bbox 2574 3504 2748 3561; x_wconf 87' lang='lat' dir='ltr'><strong>Porro</strong></span> <span class='ocrx_word' id='word_1_675' title='bbox 2774 3521 2990 3573; x_wconf 90' lang='lat' dir='ltr'><strong>eorum,</strong></span> <span class='ocrx_word' id='word_1_676' title='bbox 3022 3505 3115 3575; x_wconf 92' lang='lat' dir='ltr'><strong>qui</strong></span> <span class='ocrx_word' id='word_1_677' title='bbox 3147 3520 3273 3561; x_wconf 88' lang='lat' dir='ltr'><strong>cum</strong></span> <span class='ocrx_word' id='word_1_678' title='bbox 3323 3519 3390 3558; x_wconf 88' lang='lat' dir='ltr'><strong>eo</strong></span> <span class='ocrx_word' id='word_1_679' title='bbox 3422 3504 3508 3557; x_wconf 83' lang='lat' dir='ltr'><strong>in-</strong></span> 
     </span>
    </p>
   </div>
   <div class='ocr_carea' id='block_1_88' title="bbox 1944 3598 3516 3669">
    <p class='ocr_par' dir='ltr' id='par_1_88' title="bbox 1944 3598 3516 3669">
     <span class='ocr_line' id='line_1_88' title="bbox 1944 3598 3516 3669; baseline 0 -17"><span class='ocrx_word' id='word_1_680' title='bbox 1944 3598 2117 3668; x_wconf 85' lang='lat' dir='ltr'><strong>gressi</strong></span> <span class='ocrx_word' id='word_1_681' title='bbox 2149 3598 2386 3664; x_wconf 79' lang='lat' dir='ltr'><strong>fuerant,</strong></span> <span class='ocrx_word' id='word_1_682' title='bbox 2430 3614 2591 3653; x_wconf 90' lang='lat' dir='ltr'><strong>nemo</strong></span> <span class='ocrx_word' id='word_1_683' title='bbox 2638 3614 2744 3653; x_wconf 92' lang='lat' dir='ltr'><strong>una</strong></span> <span class='ocrx_word' id='word_1_684' title='bbox 2779 3614 3033 3669; x_wconf 86' lang='lat' dir='ltr'><strong>egressus</strong></span> <span class='ocrx_word' id='word_1_685' title='bbox 3060 3608 3145 3653; x_wconf 90' lang='lat' dir='ltr'><strong>est</strong></span> <span class='ocrx_word' id='word_1_686' title='bbox 3176 3598 3320 3654; x_wconf 73' lang='lat' dir='ltr'><strong>:‘sed</strong></span> <span class='ocrx_word' id='word_1_687' title='bbox 3369 3598 3516 3654; x_wconf 84' lang='lat' dir='ltr'><strong>Petri</strong></span> 
     </span>
    </p>
   </div>
   <div class='ocr_carea' id='block_1_89' title="bbox 1924 3690 3517 3761">
    <p class='ocr_par' dir='ltr' id='par_1_89' title="bbox 1924 3690 3517 3761">
     <span class='ocr_line' id='line_1_89' title="bbox 1924 3690 3517 3761; baseline -0.001 -16"><span class='ocrx_word' id='word_1_688' title='bbox 1924 3690 2175 3760; x_wconf 88' lang='lat' dir='ltr'><strong>pedibus</strong></span> <span class='ocrx_word' id='word_1_689' title='bbox 2226 3691 2535 3746; x_wconf 89' lang='lat' dir='ltr'><strong>accidentes</strong></span> <span class='ocrx_word' id='word_1_690' title='bbox 2585 3691 2886 3761; x_wconf 81' lang='lat' dir='ltr'><strong>rogabant,</strong></span> <span class='ocrx_word' id='word_1_691' title='bbox 2927 3699 3015 3753; x_wconf 90' lang='lat' dir='ltr'><strong>ut,</strong></span> <span class='ocrx_word' id='word_1_692' title='bbox 3063 3691 3192 3760; x_wconf 89' lang='lat' dir='ltr'><strong>quia</strong></span> <span class='ocrx_word' id='word_1_693' title='bbox 3229 3704 3259 3744; x_wconf 91' lang='lat' dir='ltr'><strong>a</strong></span> <span class='ocrx_word' id='word_1_694' title='bbox 3291 3690 3517 3745; x_wconf 80' lang='lat' dir='ltr'><strong>Simone</strong></span> 
     </span>
    </p>
   </div>
   <div class='ocr_carea' id='block_1_90' title="bbox 1946 3781 3520 3859">
    <p class='ocr_par' dir='ltr' id='par_1_90' title="bbox 1946 3781 3520 3859">
     <span class='ocr_line' id='line_1_90' title="bbox 1946 3781 3520 3859; baseline -0.002 -22"><span class='ocrx_word' id='word_1_695' title='bbox 1946 3784 2155 3853; x_wconf 89' lang='lat' dir='ltr'><strong>abrepti</strong></span> <span class='ocrx_word' id='word_1_696' title='bbox 2199 3783 2438 3849; x_wconf 81' lang='lat' dir='ltr'><strong>fuerant,</strong></span> <span class='ocrx_word' id='word_1_697' title='bbox 2470 3782 2685 3837; x_wconf 84' lang='lat' dir='ltr'><strong>veniam</strong></span> <span class='ocrx_word' id='word_1_698' title='bbox 2732 3790 3222 3853; x_wconf 89' lang='lat' dir='ltr'><strong>consequerentur,</strong></span> <span class='ocrx_word' id='word_1_699' title='bbox 3250 3797 3315 3835; x_wconf 88' lang='lat' dir='ltr'><strong>ac</strong></span> <span class='ocrx_word' id='word_1_700' title='bbox 3339 3781 3520 3859; x_wconf 66' lang='lat' dir='ltr'><strong>paeni-</strong></span> 
     </span>
    </p>
   </div>
   <div class='ocr_carea' id='block_1_91' title="bbox 1948 3871 3515 3943">
    <p class='ocr_par' dir='ltr' id='par_1_91' title="bbox 1948 3871 3515 3943">
     <span class='ocr_line' id='line_1_91' title="bbox 1948 3871 3515 3943; baseline 0.001 -16"><span class='ocrx_word' id='word_1_701' title='bbox 1948 3882 2121 3928; x_wconf 91' lang='lat' dir='ltr'><strong>tentes</strong></span> <span class='ocrx_word' id='word_1_702' title='bbox 2151 3874 2547 3943; x_wconf 87' lang='lat' dir='ltr'><strong>reciperentur.</strong></span> <span class='ocrx_word' id='word_1_703' title='bbox 2581 3871 2774 3928; x_wconf 87' lang='lat' dir='ltr'><strong>Petrus</strong></span> <span class='ocrx_word' id='word_1_704' title='bbox 2801 3888 2952 3939; x_wconf 88' lang='lat' dir='ltr'><strong>vero,</strong></span> <span class='ocrx_word' id='word_1_705' title='bbox 2982 3882 3035 3928; x_wconf 90' lang='lat' dir='ltr'><strong>et</strong></span> <span class='ocrx_word' id='word_1_706' title='bbox 3071 3874 3169 3928; x_wconf 90' lang='lat' dir='ltr'><strong>hos</strong></span> <span class='ocrx_word' id='word_1_707' title='bbox 3194 3874 3515 3942; x_wconf 69' lang='lat' dir='ltr'><strong>poenitentia</strong></span> 
     </span>
    </p>
   </div>
   <div class='ocr_carea' id='block_1_92' title="bbox 1945 3964 3507 4035">
    <p class='ocr_par' dir='ltr' id='par_1_92' title="bbox 1945 3964 3507 4035">
     <span class='ocr_line' id='line_1_92' title="bbox 1945 3964 3507 4035; baseline 0.001 -16"><span class='ocrx_word' id='word_1_708' title='bbox 1945 3964 2140 4019; x_wconf 88' lang='lat' dir='ltr'><strong>ductos</strong></span> <span class='ocrx_word' id='word_1_709' title='bbox 2161 3972 2216 4019; x_wconf 91' lang='lat' dir='ltr'><strong>et</strong></span> <span class='ocrx_word' id='word_1_710' title='bbox 2238 3964 2505 4035; x_wconf 90' lang='lat' dir='ltr'><strong>reliquam</strong></span> <span class='ocrx_word' id='word_1_711' title='bbox 2532 3965 2715 4035; x_wconf 81' lang='lat' dir='ltr'><strong>populi</strong></span> <span class='ocrx_word' id='word_1_712' title='bbox 2741 3965 3144 4020; x_wconf 90' lang='lat' dir='ltr'><strong>multitudinem</strong></span> <span class='ocrx_word' id='word_1_713' title='bbox 3188 3966 3507 4032; x_wconf 88' lang='lat' dir='ltr'><strong>admittens,</strong></span> 
     </span>
    </p>
   </div>
   <div class='ocr_carea' id='block_1_93' title="bbox 1946 4057 3514 4127">
    <p class='ocr_par' dir='ltr' id='par_1_93' title="bbox 1946 4057 3514 4127">
     <span class='ocr_line' id='line_1_93' title="bbox 1946 4057 3514 4127; baseline 0.001 -16"><span class='ocrx_word' id='word_1_714' title='bbox 1946 4073 2144 4113; x_wconf 89' lang='lat' dir='ltr'><strong>manus</strong></span> <span class='ocrx_word' id='word_1_715' title='bbox 2194 4057 2477 4127; x_wconf 87' lang='lat' dir='ltr'><strong>imposuit,</strong></span> <span class='ocrx_word' id='word_1_716' title='bbox 2530 4066 2786 4127; x_wconf 89' lang='lat' dir='ltr'><strong>precatus</strong></span> <span class='ocrx_word' id='word_1_717' title='bbox 2827 4066 2910 4112; x_wconf 85' lang='lat' dir='ltr'><strong>est</strong></span> <span class='ocrx_word' id='word_1_718' title='bbox 2960 4065 3015 4111; x_wconf 88' lang='lat' dir='ltr'><strong>et</strong></span> <span class='ocrx_word' id='word_1_719' title='bbox 3067 4058 3279 4113; x_wconf 89' lang='lat' dir='ltr'><strong>sanavit</strong></span> <span class='ocrx_word' id='word_1_720' title='bbox 3321 4072 3514 4113; x_wconf 90' lang='lat' dir='ltr'><strong>eorum</strong></span> 
     </span>
    </p>
   </div>
   <div class='ocr_carea' id='block_1_94' title="bbox 1945 4150 3515 4220">
    <p class='ocr_par' dir='ltr' id='par_1_94' title="bbox 1945 4150 3515 4220">
     <span class='ocr_line' id='line_1_94' title="bbox 1945 4150 3515 4220; baseline 0.001 -16"><span class='ocrx_word' id='word_1_721' title='bbox 1945 4163 2143 4219; x_wconf 85' lang='lat' dir='ltr'><strong>aegros,</strong></span> <span class='ocrx_word' id='word_1_722' title='bbox 2201 4150 2393 4220; x_wconf 90' lang='lat' dir='ltr'><strong>sicque</strong></span> <span class='ocrx_word' id='word_1_723' title='bbox 2440 4150 2721 4205; x_wconf 90' lang='lat' dir='ltr'><strong>dimittens</strong></span> <span class='ocrx_word' id='word_1_724' title='bbox 2766 4150 3106 4205; x_wconf 85' lang='lat' dir='ltr'><strong>denuntiavit</strong></span> <span class='ocrx_word' id='word_1_725' title='bbox 3170 4151 3277 4205; x_wconf 85' lang='lat' dir='ltr'><strong>illis</strong></span> <span class='ocrx_word' id='word_1_726' title='bbox 3336 4160 3396 4205; x_wconf 91' lang='lat' dir='ltr'><strong>ut</strong></span> <span class='ocrx_word' id='word_1_727' title='bbox 3444 4152 3515 4206; x_wconf 85' lang='lat' dir='ltr'><strong>ad</strong></span> 
     </span>
    </p>
   </div>
   <div class='ocr_carea' id='block_1_95' title="bbox 1947 4242 3517 4310">
    <p class='ocr_par' dir='ltr' id='par_1_95' title="bbox 1947 4242 3517 4310">
     <span class='ocr_line' id='line_1_95' title="bbox 1947 4242 3517 4310; baseline 0.002 -14"><span class='ocrx_word' id='word_1_728' title='bbox 1947 4258 2108 4298; x_wconf 84' lang='lat' dir='ltr'><strong>mane</strong></span> <span class='ocrx_word' id='word_1_729' title='bbox 2142 4242 2486 4299; x_wconf 85' lang='lat' dir='ltr'><strong>festinarent.</strong></span> <span class='ocrx_word' id='word_1_730' title='bbox 2512 4243 2633 4310; x_wconf 86' lang='lat' dir='ltr'><strong>Quo</strong></span> <span class='ocrx_word' id='word_1_731' title='bbox 2662 4244 2807 4299; x_wconf 88' lang='lat' dir='ltr'><strong>dicto</strong></span> <span class='ocrx_word' id='word_1_732' title='bbox 2849 4259 2972 4298; x_wconf 92' lang='lat' dir='ltr'><strong>cum</strong></span> <span class='ocrx_word' id='word_1_733' title='bbox 3022 4243 3385 4301; x_wconf 84' lang='lat' dir='ltr'><strong>familiaribus</strong></span> <span class='ocrx_word' id='word_1_734' title='bbox 3430 4245 3517 4301; x_wconf 85' lang='lat' dir='ltr'><strong>in-</strong></span> 
     </span>
    </p>
   </div>
   <div class='ocr_carea' id='block_1_96' title="bbox 1946 4336 3514 4408">
    <p class='ocr_par' dir='ltr' id='par_1_96' title="bbox 1946 4336 3514 4408">
     <span class='ocr_line' id='line_1_96' title="bbox 1946 4336 3514 4408; baseline 0.004 -20"><span class='ocrx_word' id='word_1_735' title='bbox 1946 4350 2172 4405; x_wconf 88' lang='lat' dir='ltr'><strong>gressus</strong></span> <span class='ocrx_word' id='word_1_736' title='bbox 2216 4342 2322 4402; x_wconf 88' lang='lat' dir='ltr'><strong>est,</strong></span> <span class='ocrx_word' id='word_1_737' title='bbox 2364 4344 2420 4389; x_wconf 86' lang='lat' dir='ltr'><strong>et</strong></span> <span class='ocrx_word' id='word_1_738' title='bbox 2468 4336 2628 4393; x_wconf 90' lang='lat' dir='ltr'><strong>solita</strong></span> <span class='ocrx_word' id='word_1_739' title='bbox 2658 4336 2724 4392; x_wconf 88' lang='lat' dir='ltr'><strong>ad</strong></span> <span class='ocrx_word' id='word_1_740' title='bbox 2759 4336 3051 4393; x_wconf 81' lang='lat' dir='ltr'><strong>instantem</strong></span> <span class='ocrx_word' id='word_1_741' title='bbox 3089 4337 3326 4408; x_wconf 88' lang='lat' dir='ltr'><strong>quietem</strong></span> <span class='ocrx_word' id='word_1_742' title='bbox 3366 4338 3514 4407; x_wconf 87' lang='lat' dir='ltr'><strong>fecit,</strong></span> 
     </span>
    </p>
   </div>
   <div class='ocr_carea' id='block_1_97' title="bbox 1948 4424 2540 4495">
    <p class='ocr_par' dir='ltr' id='par_1_97' title="bbox 1948 4424 2540 4495">
     <span class='ocr_line' id='line_1_97' title="bbox 1948 4424 2540 4495; baseline 0.005 -17"><span class='ocrx_word' id='word_1_743' title='bbox 1948 4439 2174 4495; x_wconf 82' lang='lat' dir='ltr'><strong>vespera</strong></span> <span class='ocrx_word' id='word_1_744' title='bbox 2201 4424 2540 4482; x_wconf 87' lang='lat' dir='ltr'><strong>adveniente.</strong></span> 
     </span>
    </p>
   </div>
   <div class='ocr_carea' id='block_1_98' title="bbox 2498 4611 2953 4670">
    <p class='ocr_par' dir='ltr' id='par_1_98' title="bbox 2498 4611 2953 4670">
     <span class='ocr_line' id='line_1_98' title="bbox 2498 4611 2953 4670; baseline 0.004 -3"><span class='ocrx_word' id='word_1_745' title='bbox 2498 4611 2782 4670; x_wconf 80' lang='lat' dir='ltr'><strong>HOMILIA</strong></span> <span class='ocrx_word' id='word_1_746' title='bbox 2810 4612 2953 4669; x_wconf 81' lang='lat' dir='ltr'><strong>XIX.</strong></span> 
     </span>
    </p>
   </div>
   <div class='ocr_carea' id='block_1_99' title="bbox 2023 4702 3517 4777">
    <p class='ocr_par' dir='ltr' id='par_1_99' title="bbox 2023 4702 3517 4777">
     <span class='ocr_line' id='line_1_99' title="bbox 2023 4702 3517 4777; baseline 0.002 -18"><span class='ocrx_word' id='word_1_747' title='bbox 2023 4703 2066 4759; x_wconf 93' lang='lat' dir='ltr'><strong>I.</strong></span> <span class='ocrx_word' id='word_1_748' title='bbox 2110 4702 2371 4774; x_wconf 90' lang='lat' dir='ltr'><strong>Sequenti</strong></span> <span class='ocrx_word' id='word_1_749' title='bbox 2395 4719 2526 4760; x_wconf 87' lang='lat' dir='ltr'><strong>vero</strong></span> <span class='ocrx_word' id='word_1_750' title='bbox 2550 4705 2640 4761; x_wconf 93' lang='lat' dir='ltr'><strong>die</strong></span> <span class='ocrx_word' id='word_1_751' title='bbox 2676 4705 2947 4761; x_wconf 88' lang='lat' dir='ltr'><strong>maturius</strong></span> <span class='ocrx_word' id='word_1_752' title='bbox 2971 4706 3275 4776; x_wconf 88' lang='lat' dir='ltr'><strong>procedens</strong></span> <span class='ocrx_word' id='word_1_753' title='bbox 3301 4705 3517 4777; x_wconf 86' lang='lat' dir='ltr'><strong>Petrus,</strong></span> 
     </span>
    </p>
   </div>
   <div class='ocr_carea' id='block_1_100' title="bbox 1952 4794 3516 4869">
    <p class='ocr_par' dir='ltr' id='par_1_100' title="bbox 1952 4794 3516 4869">
     <span class='ocr_line' id='line_1_100' title="bbox 1952 4794 3516 4869; baseline 0.002 -19"><span class='ocrx_word' id='word_1_754' title='bbox 1952 4809 2018 4851; x_wconf 89' lang='lat' dir='ltr'><strong>ac</strong></span> <span class='ocrx_word' id='word_1_755' title='bbox 2044 4796 2236 4851; x_wconf 90' lang='lat' dir='ltr'><strong>videns</strong></span> <span class='ocrx_word' id='word_1_756' title='bbox 2261 4794 2540 4851; x_wconf 91' lang='lat' dir='ltr'><strong>Simonem</strong></span> <span class='ocrx_word' id='word_1_757' title='bbox 2571 4812 2695 4851; x_wconf 90' lang='lat' dir='ltr'><strong>cum</strong></span> <span class='ocrx_word' id='word_1_758' title='bbox 2736 4797 2860 4853; x_wconf 88' lang='lat' dir='ltr'><strong>aliis</strong></span> <span class='ocrx_word' id='word_1_759' title='bbox 2894 4797 3143 4868; x_wconf 87' lang='lat' dir='ltr'><strong>pluribus</strong></span> <span class='ocrx_word' id='word_1_760' title='bbox 3194 4799 3373 4869; x_wconf 88' lang='lat' dir='ltr'><strong>ipsum</strong></span> <span class='ocrx_word' id='word_1_761' title='bbox 3417 4814 3516 4853; x_wconf 79' lang='lat' dir='ltr'><strong>ex-</strong></span> 
     </span>
    </p>
   </div>
   <div class='ocr_carea' id='block_1_101' title="bbox 1953 4890 3519 4962">
    <p class='ocr_par' dir='ltr' id='par_1_101' title="bbox 1953 4890 3519 4962">
     <span class='ocr_line' id='line_1_101' title="bbox 1953 4890 3519 4962; baseline 0.003 -20"><span class='ocrx_word' id='word_1_762' title='bbox 1953 4898 2221 4958; x_wconf 89' lang='lat' dir='ltr'><strong>spectare,</strong></span> <span class='ocrx_word' id='word_1_763' title='bbox 2248 4896 2533 4959; x_wconf 87' lang='lat' dir='ltr'><strong>postquam</strong></span> <span class='ocrx_word' id='word_1_764' title='bbox 2574 4890 2867 4946; x_wconf 86' lang='lat' dir='ltr'><strong>salutasset</strong></span> <span class='ocrx_word' id='word_1_765' title='bbox 2897 4891 3182 4962; x_wconf 91' lang='lat' dir='ltr'><strong>populum,</strong></span> <span class='ocrx_word' id='word_1_766' title='bbox 3214 4891 3381 4960; x_wconf 70' lang='lat' dir='ltr'><strong>coapit</strong></span> <span class='ocrx_word' id='word_1_767' title='bbox 3405 4891 3519 4947; x_wconf 83' lang='lat' dir='ltr'><strong>dis-</strong></span> 
     </span>
    </p>
   </div>
   <div class='ocr_carea' id='block_1_102' title="bbox 1953 4978 3518 5052">
    <p class='ocr_par' dir='ltr' id='par_1_102' title="bbox 1953 4978 3518 5052">
     <span class='ocr_line' id='line_1_102' title="bbox 1953 4978 3518 5052; baseline 0.002 -18"><span class='ocrx_word' id='word_1_768' title='bbox 1953 4994 2156 5036; x_wconf 86' lang='lat' dir='ltr'><strong>serere.</strong></span> <span class='ocrx_word' id='word_1_769' title='bbox 2183 4978 2357 5034; x_wconf 90' lang='lat' dir='ltr'><strong>Simul</strong></span> <span class='ocrx_word' id='word_1_770' title='bbox 2382 4995 2507 5035; x_wconf 89' lang='lat' dir='ltr'><strong>vero</strong></span> <span class='ocrx_word' id='word_1_771' title='bbox 2534 4996 2600 5036; x_wconf 90' lang='lat' dir='ltr'><strong>ac</strong></span> <span class='ocrx_word' id='word_1_772' title='bbox 2622 4981 2866 5051; x_wconf 81' lang='lat' dir='ltr'><strong>inccepit,</strong></span> <span class='ocrx_word' id='word_1_773' title='bbox 2883 4981 3071 5037; x_wconf 89' lang='lat' dir='ltr'><strong>Simon</strong></span> <span class='ocrx_word' id='word_1_774' title='bbox 3097 4983 3518 5052; x_wconf 85' lang='lat' dir='ltr'><strong>iuterrumpens,</strong></span> 
     </span>
    </p>
   </div>
   <div class='ocr_carea' id='block_1_103' title="bbox 1955 5068 3520 5144">
    <p class='ocr_par' dir='ltr' id='par_1_103' title="bbox 1955 5068 3520 5144">
     <span class='ocr_line' id='line_1_103' title="bbox 1955 5068 3520 5144; baseline 0.004 -21"><span class='ocrx_word' id='word_1_775' title='bbox 1955 5070 2032 5124; x_wconf 92' lang='lat' dir='ltr'><strong>ait</strong></span> <span class='ocrx_word' id='word_1_776' title='bbox 2062 5087 2078 5124; x_wconf 87' lang='lat'><strong>:</strong></span> <span class='ocrx_word' id='word_1_777' title='bbox 2111 5068 2343 5125; x_wconf 90' lang='lat' dir='ltr'><strong>Omissis</strong></span> <span class='ocrx_word' id='word_1_778' title='bbox 2371 5071 2458 5127; x_wconf 89' lang='lat' dir='ltr'><strong>his</strong></span> <span class='ocrx_word' id='word_1_779' title='bbox 2491 5072 2600 5128; x_wconf 89' lang='lat' dir='ltr'><strong>tuis</strong></span> <span class='ocrx_word' id='word_1_780' title='bbox 2630 5072 2809 5144; x_wconf 90' lang='lat' dir='ltr'><strong>longis</strong></span> <span class='ocrx_word' id='word_1_781' title='bbox 2856 5072 3271 5143; x_wconf 72' lang='lat' dir='ltr'><strong>praefationibus</strong></span> <span class='ocrx_word' id='word_1_782' title='bbox 3297 5074 3363 5129; x_wconf 92' lang='lat' dir='ltr'><strong>ad</strong></span> <span class='ocrx_word' id='word_1_783' title='bbox 3388 5087 3520 5144; x_wconf 86' lang='lat' dir='ltr'><strong>pro-</strong></span> 
     </span>
    </p>
   </div>
   <div class='ocr_carea' id='block_1_104' title="bbox 1959 5162 3519 5237">
    <p class='ocr_par' dir='ltr' id='par_1_104' title="bbox 1959 5162 3519 5237">
     <span class='ocr_line' id='line_1_104' title="bbox 1959 5162 3519 5237; baseline 0.002 -20"><span class='ocrx_word' id='word_1_784' title='bbox 1959 5162 2201 5233; x_wconf 88' lang='lat' dir='ltr'><strong>positum</strong></span> <span class='ocrx_word' id='word_1_785' title='bbox 2250 5163 2605 5237; x_wconf 83' lang='lat' dir='ltr'><strong>interrOganti</strong></span> <span class='ocrx_word' id='word_1_786' title='bbox 2647 5165 2782 5220; x_wconf 91' lang='lat' dir='ltr'><strong>mihi</strong></span> <span class='ocrx_word' id='word_1_787' title='bbox 2813 5166 3099 5237; x_wconf 90' lang='lat' dir='ltr'><strong>responde.</strong></span> <span class='ocrx_word' id='word_1_788' title='bbox 3121 5164 3395 5232; x_wconf 77' lang='lat' dir='ltr'><strong>Queniam</strong></span> <span class='ocrx_word' id='word_1_789' title='bbox 3432 5163 3519 5221; x_wconf 82' lang='lat' dir='ltr'><strong>in-</strong></span> 
     </span>
    </p>
   </div>
   <div class='ocr_carea' id='block_1_105' title="bbox 1545 5300 2228 5361">
    <p class='ocr_par' dir='ltr' id='par_1_105' title="bbox 1545 5300 2228 5361">
     <span class='ocr_line' id='line_1_105' title="bbox 1545 5300 2228 5361; baseline 0.001 -3"><span class='ocrx_word' id='word_1_790' title='bbox 1545 5300 1785 5358; x_wconf 71' lang='lat' dir='ltr'><strong>VARIAE</strong></span> <span class='ocrx_word' id='word_1_791' title='bbox 1824 5301 2228 5361; x_wconf 83' lang='lat' dir='ltr'><strong>LECTIONES.</strong></span> 
     </span>
    </p>
   </div>
   <div class='ocr_carea' id='block_1_106' title="bbox 388 5434 3518 5562">
    <p class='ocr_par' dir='ltr' id='par_1_106' title="bbox 388 5434 3518 5562">
     <span class='ocr_line' id='line_1_106' title="bbox 388 5434 3518 5525; baseline 0.001 -33"><span class='ocrx_word' id='word_1_792' title='bbox 388 5438 427 5471; x_wconf 79' lang='lat'>”</span> <span class='ocrx_word' id='word_1_793' title='bbox 443 5441 537 5493; x_wconf 85' lang='grc' dir='ltr'><strong>τοῦ</strong></span> <span class='ocrx_word' id='word_1_794' title='bbox 561 5441 606 5493; x_wconf 90' lang='lat'><strong>0</strong></span> <span class='ocrx_word' id='word_1_795' title='bbox 632 5480 649 5503; x_wconf 89' lang='lat'><strong>,</strong></span> <span class='ocrx_word' id='word_1_796' title='bbox 672 5439 856 5521; x_wconf 76' lang='lat' dir='ltr'><strong>utlegi</strong></span> <span class='ocrx_word' id='word_1_797' title='bbox 887 5437 1059 5493; x_wconf 92' lang='lat' dir='ltr'><strong>voluit</strong></span> <span class='ocrx_word' id='word_1_798' title='bbox 1101 5436 1139 5491; x_wconf 99' lang='grc'><strong>8</strong></span> <span class='ocrx_word' id='word_1_799' title='bbox 1167 5477 1183 5502; x_wconf 93' lang='grc'><strong>,</strong></span> <span class='ocrx_word' id='word_1_800' title='bbox 1220 5435 1310 5489; x_wconf 84' lang='grc' dir='ltr'><strong>τόν</strong></span> <span class='ocrx_word' id='word_1_801' title='bbox 1339 5435 1401 5497; x_wconf 85' lang='lat' dir='ltr'><strong>C.</strong></span> <span class='ocrx_word' id='word_1_802' title='bbox 1467 5435 1553 5489; x_wconf 81' lang='grc' dir='ltr'><strong>³¹έ</strong></span> <span class='ocrx_word' id='word_1_803' title='bbox 1590 5453 1624 5525; x_wconf 71' lang='grc' dir='ltr'><strong>η</strong></span> <span class='ocrx_word' id='word_1_804' title='bbox 1655 5435 1717 5490; x_wconf 89' lang='lat' dir='ltr'><strong>C.</strong></span> <span class='ocrx_word' id='word_1_805' title='bbox 1794 5434 2000 5522; x_wconf 47' lang='lat' dir='ltr'><strong>“Ita&#39;O</strong></span> <span class='ocrx_word' id='word_1_806' title='bbox 2057 5453 2108 5492; x_wconf 92' lang='lat' dir='ltr'><strong>c.</strong></span> <span class='ocrx_word' id='word_1_807' title='bbox 2144 5438 2203 5493; x_wconf 84' lang='lat' dir='ltr'><strong>S:</strong></span> <span class='ocrx_word' id='word_1_808' title='bbox 2234 5438 2323 5493; x_wconf 88' lang='lat' dir='ltr'><strong>hic</strong></span> <span class='ocrx_word' id='word_1_809' title='bbox 2345 5447 2394 5492; x_wconf 91' lang='lat' dir='ltr'><strong>et</strong></span> <span class='ocrx_word' id='word_1_810' title='bbox 2432 5438 2595 5507; x_wconf 90' lang='lat' dir='ltr'><strong>paulo</strong></span> <span class='ocrx_word' id='word_1_811' title='bbox 2654 5448 2761 5505; x_wconf 91' lang='lat' dir='ltr'><strong>ost,</strong></span> <span class='ocrx_word' id='word_1_812' title='bbox 2788 5438 2982 5505; x_wconf 78' lang='grc' dir='ltr'>ἀποδέξ</span> <span class='ocrx_word' id='word_1_813' title='bbox 3021 5455 3107 5491; x_wconf 88' lang='grc' dir='ltr'>ται</span> <span class='ocrx_word' id='word_1_814' title='bbox 3139 5437 3181 5493; x_wconf 87' lang='lat' dir='ltr'><strong><em>C</em></strong></span> <span class='ocrx_word' id='word_1_815' title='bbox 3234 5434 3518 5519; x_wconf 77' lang='lat' dir='ltr'><strong>utrobivis.</strong></span> 
     </span>
     <span class='ocr_line' id='line_1_107' title="bbox 388 5455 3518 5562; baseline 0 0"><span class='ocrx_word' id='word_1_816' title='bbox 388 5523 468 5562; x_wconf 84' lang='lat' dir='ltr'><strong>ost</strong></span> <span class='ocrx_word' id='word_1_817' title='bbox 485 5510 699 5562; x_wconf 75' lang='grc' dir='ltr'>πατέρα</span> <span class='ocrx_word' id='word_1_818' title='bbox 724 5510 857 5562; x_wconf 75' lang='lat' dir='ltr'><strong>\bb.</strong></span> <span class='ocrx_word' id='word_1_819' title='bbox 892 5508 950 5562; x_wconf 87' lang='grc' dir='ltr'>σὲ</span> <span class='ocrx_word' id='word_1_820' title='bbox 973 5508 1029 5562; x_wconf 86' lang='grc' dir='ltr'><strong>δὲ</strong></span> <span class='ocrx_word' id='word_1_821' title='bbox 1063 5508 1164 5561; x_wconf 88' lang='grc' dir='ltr'>οὑκ</span> <span class='ocrx_word' id='word_1_822' title='bbox 1186 5507 1497 5562; x_wconf 78' lang='grc' dir='ltr'>ἀποδέξεται</span> <span class='ocrx_word' id='word_1_823' title='bbox 1517 5455 1670 5562; x_wconf 47' lang='lat' dir='ltr'><strong>aegros:</strong></span> <span class='ocrx_word' id='word_1_824' title='bbox 1685 5508 1766 5561; x_wconf 82' lang='grc' dir='ltr'><strong>ὅτι</strong></span> <span class='ocrx_word' id='word_1_825' title='bbox 1783 5505 1874 5559; x_wconf 82' lang='grc' dir='ltr'><strong>τὸν</strong></span> <span class='ocrx_word' id='word_1_826' title='bbox 1891 5524 2049 5562; x_wconf 75' lang='grc' dir='ltr'>φυσει</span> <span class='ocrx_word' id='word_1_827' title='bbox 2075 5523 2169 5560; x_wconf 91' lang='grc' dir='ltr'><strong>σου</strong></span> <span class='ocrx_word' id='word_1_828' title='bbox 2195 5504 2444 5562; x_wconf 73' lang='grc' dir='ltr'>ποιητὴν.</span> <span class='ocrx_word' id='word_1_829' title='bbox 2478 5509 2538 5561; x_wconf 86' lang='grc' dir='ltr'><strong>οὑ</strong></span> <span class='ocrx_word' id='word_1_830' title='bbox 2567 5455 2675 5562; x_wconf 53' lang='grc' dir='ltr'>γξο</span> <span class='ocrx_word' id='word_1_831' title='bbox 2702 5510 2845 5562; x_wconf 79' lang='grc' dir='ltr'>λέγω</span> <span class='ocrx_word' id='word_1_832' title='bbox 2882 5455 3092 5562; x_wconf 53' lang='grc' dir='ltr'>πατὲοα</span> <span class='ocrx_word' id='word_1_833' title='bbox 3116 5516 3435 5562; x_wconf 77' lang='lat' dir='ltr'><strong>repetuntur</strong></span> <span class='ocrx_word' id='word_1_834' title='bbox 3461 5523 3518 5562; x_wconf 85' lang='lat' dir='ltr'><strong>tu</strong></span> 
     </span>
    </p>
   </div>
   <div class='ocr_carea' id='block_1_107' title="bbox 282 5504 3520 5634">
    <p class='ocr_par' dir='ltr' id='par_1_107' title="bbox 282 5504 3520 5634">
     <span class='ocr_line' id='line_1_108' title="bbox 282 5504 3520 5634; baseline 0.001 -74"><span class='ocrx_word' id='word_1_835' title='bbox 282 5507 331 5539; x_wconf 72' lang='lat'><strong>“</strong></span> <span class='ocrx_word' id='word_1_836' title='bbox 346 5506 468 5563; x_wconf 85' lang='lat' dir='ltr'><strong>Post</strong></span> <span class='ocrx_word' id='word_1_837' title='bbox 485 5510 699 5581; x_wconf 82' lang='grc' dir='ltr'>πατέρα</span> <span class='ocrx_word' id='word_1_838' title='bbox 724 5504 857 5563; x_wconf 70' lang='lat' dir='ltr'><strong>\‘bb.</strong></span> <span class='ocrx_word' id='word_1_839' title='bbox 892 5508 950 5562; x_wconf 87' lang='grc' dir='ltr'>σὲ</span> <span class='ocrx_word' id='word_1_840' title='bbox 973 5508 1029 5562; x_wconf 86' lang='grc' dir='ltr'><strong>δὲ</strong></span> <span class='ocrx_word' id='word_1_841' title='bbox 1063 5508 1164 5561; x_wconf 86' lang='grc' dir='ltr'>οὑκ</span> <span class='ocrx_word' id='word_1_842' title='bbox 1186 5507 1497 5572; x_wconf 79' lang='grc' dir='ltr'>ἀποδέξεται</span> <span class='ocrx_word' id='word_1_843' title='bbox 1517 5504 1670 5570; x_wconf 72' lang='grc' dir='ltr'>εἰδὼς</span> <span class='ocrx_word' id='word_1_844' title='bbox 1685 5508 1766 5561; x_wconf 82' lang='grc' dir='ltr'><strong>ὅτι</strong></span> <span class='ocrx_word' id='word_1_845' title='bbox 1783 5505 1874 5559; x_wconf 82' lang='grc' dir='ltr'>τὸν</span> <span class='ocrx_word' id='word_1_846' title='bbox 1891 5506 2049 5577; x_wconf 86' lang='grc' dir='ltr'>φύσει</span> <span class='ocrx_word' id='word_1_847' title='bbox 2075 5523 2169 5560; x_wconf 90' lang='grc' dir='ltr'><strong>σου</strong></span> <span class='ocrx_word' id='word_1_848' title='bbox 2195 5504 2445 5580; x_wconf 76' lang='grc' dir='ltr'>ποιητὴν,</span> <span class='ocrx_word' id='word_1_849' title='bbox 2478 5509 2538 5561; x_wconf 90' lang='grc' dir='ltr'><strong>οὑ</strong></span> <span class='ocrx_word' id='word_1_850' title='bbox 2567 5504 2675 5634; x_wconf 50' lang='lat' dir='ltr'><strong>Ta;</strong></span> <span class='ocrx_word' id='word_1_851' title='bbox 2702 5504 2845 5579; x_wconf 84' lang='grc' dir='ltr'>λέγω</span> <span class='ocrx_word' id='word_1_852' title='bbox 2882 5504 3092 5580; x_wconf 79' lang='grc' dir='ltr'>πατέρα</span> <span class='ocrx_word' id='word_1_853' title='bbox 3116 5516 3435 5578; x_wconf 83' lang='lat' dir='ltr'><strong>repetuntur</strong></span> <span class='ocrx_word' id='word_1_854' title='bbox 3461 5507 3520 5564; x_wconf 88' lang='lat' dir='ltr'><strong>iu</strong></span> 
     </span>
     <span class='ocr_line' id='line_1_109' title="bbox 282 5576 3520 5634; baseline 0 -3"><span class='ocrx_word' id='word_1_855' title='bbox 282 5578 347 5631; x_wconf 87' lang='lat'><strong>0.</strong></span> <span class='ocrx_word' id='word_1_856' title='bbox 378 5578 511 5633; x_wconf 88' lang='lat' dir='ltr'><strong>Tum</strong></span> <span class='ocrx_word' id='word_1_857' title='bbox 550 5581 692 5634; x_wconf 65' lang='lat' dir='ltr'><strong>idem</strong></span> <span class='ocrx_word' id='word_1_858' title='bbox 720 5578 987 5634; x_wconf 72' lang='grc' dir='ltr'>φροντίσω</span> <span class='ocrx_word' id='word_1_859' title='bbox 1025 5596 1073 5634; x_wconf 85' lang='grc' dir='ltr'><strong>ι).</strong></span> <span class='ocrx_word' id='word_1_860' title='bbox 1108 5578 1416 5634; x_wconf 71' lang='grc' dir='ltr'>φροντίσας.</span> <span class='ocrx_word' id='word_1_861' title='bbox 1494 5578 1540 5615; x_wconf 80' lang='grc'><strong><em>³⁵</em></strong></span> <span class='ocrx_word' id='word_1_862' title='bbox 1555 5577 1807 5634; x_wconf 80' lang='grc' dir='ltr'>εὑρήσεις</span> <span class='ocrx_word' id='word_1_863' title='bbox 1835 5578 1896 5630; x_wconf 93' lang='lat'><strong>0.</strong></span> <span class='ocrx_word' id='word_1_864' title='bbox 1927 5576 2042 5632; x_wconf 75' lang='lat' dir='ltr'><strong>Cfr.</strong></span> <span class='ocrx_word' id='word_1_865' title='bbox 2067 5576 2226 5634; x_wconf 89' lang='lat' dir='ltr'><strong>Lob..</strong></span> <span class='ocrx_word' id='word_1_866' title='bbox 2254 5578 2478 5634; x_wconf 69' lang='lat' dir='ltr'><strong>Puram.</strong></span> <span class='ocrx_word' id='word_1_867' title='bbox 2505 5594 2560 5634; x_wconf 85' lang='grc' dir='ltr'><strong>ι).</strong></span> <span class='ocrx_word' id='word_1_868' title='bbox 2596 5580 2625 5632; x_wconf 86' lang='grc'>7</span> <span class='ocrx_word' id='word_1_869' title='bbox 2669 5580 2692 5633; x_wconf 84' lang='grc'><strong>1</strong></span> <span class='ocrx_word' id='word_1_870' title='bbox 2734 5580 2791 5634; x_wconf 91' lang='grc'><strong>8.</strong></span> <span class='ocrx_word' id='word_1_871' title='bbox 2868 5580 2914 5611; x_wconf 83' lang='grc'><strong><em>³⁸</em></strong></span> <span class='ocrx_word' id='word_1_872' title='bbox 2929 5579 3103 5634; x_wconf 82' lang='grc' dir='ltr'>θέλεις</span> <span class='ocrx_word' id='word_1_873' title='bbox 3135 5579 3195 5632; x_wconf 95' lang='lat'><strong>0.</strong></span> <span class='ocrx_word' id='word_1_874' title='bbox 3273 5577 3318 5617; x_wconf 78' lang='grc'><strong>³⁷</strong></span> <span class='ocrx_word' id='word_1_875' title='bbox 3334 5576 3520 5634; x_wconf 80' lang='grc' dir='ltr'>διηγή·</span> 
     </span>
    </p>
   </div>
   <div class='ocr_carea' id='block_1_108' title="bbox 280 5578 1144 5659">
    <p class='ocr_par' dir='ltr' id='par_1_108' title="bbox 280 5578 1144 5659">
     <span class='ocr_line' id='line_1_110' title="bbox 280 5578 1144 5659; baseline -0.003 -28"><span class='ocrx_word' id='word_1_876' title='bbox 280 5578 347 5631; x_wconf 90' lang='lat'><strong>0.</strong></span> <span class='ocrx_word' id='word_1_877' title='bbox 378 5578 511 5659; x_wconf 62' lang='lat' dir='ltr'><strong>Turn</strong></span> <span class='ocrx_word' id='word_1_878' title='bbox 550 5578 692 5659; x_wconf 48' lang='lat' dir='ltr'><strong>idim</strong></span> <span class='ocrx_word' id='word_1_879' title='bbox 720 5578 1144 5659; x_wconf 39' lang='grc' dir='ltr'>φροντίσω-’μθ</span> 
     </span>
    </p>
   </div>
   <div class='ocr_carea' id='block_1_109' title="bbox 1494 5577 1967 5609">
    <p class='ocr_par' dir='ltr' id='par_1_109' title="bbox 1494 5577 1967 5609">
     <span class='ocr_line' id='line_1_111' title="bbox 1494 5577 1967 5609; baseline 0 0"><span class='ocrx_word' id='word_1_880' title='bbox 1494 5578 1540 5609; x_wconf 72' lang='grc'><strong>³.</strong></span> <span class='ocrx_word' id='word_1_881' title='bbox 1557 5577 1807 5609; x_wconf 49' lang='grc' dir='ltr'>ριθιληίρεορ</span> <span class='ocrx_word' id='word_1_882' title='bbox 1835 5578 1876 5609; x_wconf 77' lang='lat' dir='ltr'><strong>n</strong></span> <span class='ocrx_word' id='word_1_883' title='bbox 1927 5578 1967 5609; x_wconf 72' lang='grc' dir='ltr'><strong>ι’</strong></span> 
     </span>
    </p>
   </div>
   <div class='ocr_carea' id='block_1_110' title="bbox 280 5576 3390 5729">
    <p class='ocr_par' dir='ltr' id='par_1_110' title="bbox 280 5576 3390 5729">
     <span class='ocr_line' id='line_1_112' title="bbox 280 5576 3390 5701; baseline -0 -70"><span class='ocrx_word' id='word_1_884' title='bbox 280 5578 347 5631; x_wconf 91' lang='lat'><strong>0.</strong></span> <span class='ocrx_word' id='word_1_885' title='bbox 378 5578 511 5633; x_wconf 88' lang='lat' dir='ltr'><strong>Tum</strong></span> <span class='ocrx_word' id='word_1_886' title='bbox 550 5576 692 5634; x_wconf 55' lang='lat' dir='ltr'><strong>idem</strong></span> <span class='ocrx_word' id='word_1_887' title='bbox 720 5578 987 5659; x_wconf 71' lang='grc' dir='ltr'>φροντίσω</span> <span class='ocrx_word' id='word_1_888' title='bbox 1025 5596 1073 5649; x_wconf 87' lang='lat' dir='ltr'><strong>p.</strong></span> <span class='ocrx_word' id='word_1_889' title='bbox 1108 5578 1416 5701; x_wconf 58' lang='grc' dir='ltr'>φροντίσας.</span> <span class='ocrx_word' id='word_1_890' title='bbox 1494 5578 1540 5615; x_wconf 80' lang='grc'><strong><em>³⁵</em></strong></span> <span class='ocrx_word' id='word_1_891' title='bbox 1555 5577 1807 5649; x_wconf 80' lang='grc' dir='ltr'>εὑρήσεις</span> <span class='ocrx_word' id='word_1_892' title='bbox 1835 5576 2042 5632; x_wconf 74' lang='lat' dir='ltr'><strong>0.Cfr.</strong></span> <span class='ocrx_word' id='word_1_893' title='bbox 2067 5576 2226 5643; x_wconf 89' lang='lat' dir='ltr'><strong>Lob.,</strong></span> <span class='ocrx_word' id='word_1_894' title='bbox 2254 5576 2478 5647; x_wconf 77' lang='lat' dir='ltr'><strong>Piiryn.,</strong></span> <span class='ocrx_word' id='word_1_895' title='bbox 2505 5594 2560 5649; x_wconf 93' lang='lat' dir='ltr'><strong>p.</strong></span> <span class='ocrx_word' id='word_1_896' title='bbox 2581 5576 2692 5634; x_wconf 32' lang='lat' dir='ltr'><strong>&#39;72I</strong></span> <span class='ocrx_word' id='word_1_897' title='bbox 2734 5576 2791 5635; x_wconf 74' lang='grc'><strong>8.</strong></span> <span class='ocrx_word' id='word_1_898' title='bbox 2868 5580 2914 5611; x_wconf 83' lang='grc'><strong><em>³⁸</em></strong></span> <span class='ocrx_word' id='word_1_899' title='bbox 2929 5576 3103 5643; x_wconf 75' lang='grc' dir='ltr'>θέλεις</span> <span class='ocrx_word' id='word_1_900' title='bbox 3135 5576 3195 5632; x_wconf 65' lang='lat'><strong>0.</strong></span> <span class='ocrx_word' id='word_1_901' title='bbox 3273 5577 3318 5617; x_wconf 75' lang='grc'><strong>³⁷</strong></span> <span class='ocrx_word' id='word_1_902' title='bbox 3334 5576 3390 5630; x_wconf 73' lang='grc' dir='ltr'><strong>δκ</strong></span> 
     </span>
     <span class='ocr_line' id='line_1_113' title="bbox 280 5646 3390 5729; baseline 0.001 -28"><span class='ocrx_word' id='word_1_903' title='bbox 280 5664 444 5729; x_wconf 61' lang='lat' dir='ltr'><strong>nouat</strong></span> <span class='ocrx_word' id='word_1_904' title='bbox 611 5650 823 5729; x_wconf 62' lang='grc' dir='ltr'><strong>³ξ’τουτο</strong></span> <span class='ocrx_word' id='word_1_905' title='bbox 935 5722 965 5729; x_wconf 41' lang='grc' dir='ltr'><strong>Δ</strong></span> <span class='ocrx_word' id='word_1_906' title='bbox 982 5649 1025 5681; x_wconf 70' lang='grc'><strong>³⁸</strong></span> <span class='ocrx_word' id='word_1_907' title='bbox 1042 5650 1120 5729; x_wconf 50' lang='lat' dir='ltr'><strong>et?</strong></span> <span class='ocrx_word' id='word_1_908' title='bbox 1167 5647 1264 5729; x_wconf 49' lang='grc' dir='ltr'><strong>’,Ο</strong></span> <span class='ocrx_word' id='word_1_909' title='bbox 1293 5687 1318 5729; x_wconf 46' lang='grc' dir='ltr'>ζ</span> <span class='ocrx_word' id='word_1_910' title='bbox 1340 5648 1402 5701; x_wconf 90' lang='grc' dir='ltr'>τό</span> <span class='ocrx_word' id='word_1_911' title='bbox 1420 5647 1488 5729; x_wconf 81' lang='lat' dir='ltr'><strong>C._</strong></span> <span class='ocrx_word' id='word_1_912' title='bbox 1512 5718 1525 5729; x_wconf 44' lang='lat'><strong>.</strong></span> <span class='ocrx_word' id='word_1_913' title='bbox 1558 5647 1603 5729; x_wconf 50' lang='grc' dir='ltr'><strong>δέ</strong></span> <span class='ocrx_word' id='word_1_914' title='bbox 1625 5651 1653 5701; x_wconf 89' lang='grc' dir='ltr'><strong>ό</strong></span> <span class='ocrx_word' id='word_1_915' title='bbox 1675 5653 1826 5729; x_wconf 20' lang='grc' dir='ltr'>,(Αεειι.</span> <span class='ocrx_word' id='word_1_916' title='bbox 1858 5646 2082 5729; x_wconf 45' lang='lat' dir='ltr'><strong>lacuna)</strong></span> <span class='ocrx_word' id='word_1_917' title='bbox 2108 5649 2440 5729; x_wconf 49' lang='lat' dir='ltr'><strong>appcéa‘svos</strong></span> <span class='ocrx_word' id='word_1_918' title='bbox 2466 5665 2519 5718; x_wconf 91' lang='lat' dir='ltr'><strong>p.</strong></span> <span class='ocrx_word' id='word_1_919' title='bbox 2546 5649 2658 5729; x_wconf 53' lang='lat' dir='ltr'><strong>eat</strong></span> <span class='ocrx_word' id='word_1_920' title='bbox 2688 5651 2812 5729; x_wconf 63' lang='lat' dir='ltr'><strong>IIé‘t:</strong></span> <span class='ocrx_word' id='word_1_921' title='bbox 2827 5650 3188 5729; x_wconf 61' lang='grc' dir='ltr'>προσιέμενος</span> <span class='ocrx_word' id='word_1_922' title='bbox 3206 5650 3270 5704; x_wconf 93' lang='lat'><strong>0.</strong></span> <span class='ocrx_word' id='word_1_923' title='bbox 3297 5648 3390 5729; x_wconf 39' lang='lat' dir='ltr'><strong>ﬂ“</strong></span> 
     </span>
    </p>
   </div>
   <div class='ocr_carea' id='block_1_111' title="bbox 280 5716 3514 5793">
    <p class='ocr_par' dir='ltr' id='par_1_111' title="bbox 280 5716 3514 5793">
     <span class='ocr_line' id='line_1_114' title="bbox 280 5716 3514 5793; baseline -0 -21"><span class='ocrx_word' id='word_1_924' title='bbox 407 5723 596 5793; x_wconf 83' lang='grc' dir='ltr'>χεῖρας</span> <span class='ocrx_word' id='word_1_925' title='bbox 625 5720 819 5793; x_wconf 82' lang='lat' dir='ltr'><strong>lacun_a</strong></span> <span class='ocrx_word' id='word_1_926' title='bbox 849 5720 903 5793; x_wconf 80' lang='lat' dir='ltr'><strong>in</strong></span> <span class='ocrx_word' id='word_1_927' title='bbox 928 5722 988 5793; x_wconf 72' lang='grc' dir='ltr'>Ο.</span> <span class='ocrx_word' id='word_1_928' title='bbox 1061 5716 1220 5793; x_wconf 22' lang='grc' dir='ltr'><strong>*δῖριαὶ</strong></span> <span class='ocrx_word' id='word_1_929' title='bbox 1252 5716 1436 5793; x_wconf 30' lang='grc' dir='ltr'>ὀὑτως</span> <span class='ocrx_word' id='word_1_930' title='bbox 1467 5718 1558 5793; x_wconf 80' lang='lat' dir='ltr'><strong>bis</strong></span> <span class='ocrx_word' id='word_1_931' title='bbox 1588 5718 1791 5793; x_wconf 62' lang='lat' dir='ltr'><strong>legitur</strong></span> <span class='ocrx_word' id='word_1_932' title='bbox 1815 5718 1959 5793; x_wconf 65' lang='lat' dir='ltr'><strong>in_02</strong></span> <span class='ocrx_word' id='word_1_933' title='bbox 2014 5718 2083 5793; x_wconf 76' lang='lat'>_“</span> <span class='ocrx_word' id='word_1_934' title='bbox 2107 5716 2265 5793; x_wconf 47' lang='grc' dir='ltr'>τοῦτο</span> <span class='ocrx_word' id='word_1_935' title='bbox 2285 5716 2523 5793; x_wconf 48' lang='lat' dir='ltr'><strong>&#39;C._&#39;fum</strong></span> <span class='ocrx_word' id='word_1_936' title='bbox 2551 5720 2650 5793; x_wconf 77' lang='grc' dir='ltr'>τὴν</span> <span class='ocrx_word' id='word_1_937' title='bbox 2686 5716 2894 5793; x_wconf 64' lang='grc' dir='ltr'>συνῄδη</span> <span class='ocrx_word' id='word_1_938' title='bbox 2924 5736 3020 5793; x_wconf 91' lang='lat' dir='ltr'><strong>pro</strong></span> <span class='ocrx_word' id='word_1_939' title='bbox 3033 5716 3155 5776; x_wconf 70' lang='grc' dir='ltr'>τῶν</span> <span class='ocrx_word' id='word_1_940' title='bbox 3184 5719 3429 5792; x_wconf 81' lang='grc' dir='ltr'>συνήθων</span> <span class='ocrx_word' id='word_1_941' title='bbox 3460 5756 3514 5774; x_wconf 58' lang='grc' dir='ltr'>υ.</span> 
     </span>
    </p>
   </div>
   <div class='ocr_carea' id='block_1_112' title="bbox 2734 5576 3522 5703">
    <p class='ocr_par' dir='ltr' id='par_1_112' title="bbox 2734 5576 3522 5703">
     <span class='ocr_line' id='line_1_115' title="bbox 2734 5576 3522 5701; baseline -0.006 -67"><span class='ocrx_word' id='word_1_942' title='bbox 2734 5576 2791 5635; x_wconf 73' lang='grc'><strong>8.</strong></span> <span class='ocrx_word' id='word_1_943' title='bbox 2868 5576 3103 5643; x_wconf 62' lang='lat' dir='ltr'><strong>&quot;eset;</strong></span> <span class='ocrx_word' id='word_1_944' title='bbox 3135 5576 3195 5632; x_wconf 67' lang='lat'><strong>0.</strong></span> <span class='ocrx_word' id='word_1_945' title='bbox 3273 5576 3522 5701; x_wconf 50' lang='lat' dir='ltr'><strong>nam.</strong></span> 
     </span>
     <span class='ocr_line' id='line_1_116' title="bbox 2739 5648 3521 5703; baseline 0 0"><span class='ocrx_word' id='word_1_946' title='bbox 2739 5650 3188 5703; x_wconf 79' lang='grc' dir='ltr'>έτ.ποοσιέυ.ενος</span> <span class='ocrx_word' id='word_1_947' title='bbox 3206 5650 3270 5703; x_wconf 93' lang='lat'><strong>0.</strong></span> <span class='ocrx_word' id='word_1_948' title='bbox 3344 5648 3390 5681; x_wconf 72' lang='lat'>“</span> <span class='ocrx_word' id='word_1_949' title='bbox 3460 5663 3521 5703; x_wconf 92' lang='lat' dir='ltr'><strong>ro</strong></span> 
     </span>
    </p>
   </div>
   <div class='ocr_carea' id='block_1_113' title="bbox 281 5786 2830 5863">
    <p class='ocr_par' dir='ltr' id='par_1_113' title="bbox 281 5786 2830 5863">
     <span class='ocr_line' id='line_1_117' title="bbox 281 5786 2830 5863; baseline 0.002 -20"><span class='ocrx_word' id='word_1_950' title='bbox 281 5786 616 5863; x_wconf 73' lang='grc' dir='ltr'>’δημὲτέρας</span> <span class='ocrx_word' id='word_1_951' title='bbox 658 5791 722 5844; x_wconf 91' lang='lat'><strong>0.</strong></span> <span class='ocrx_word' id='word_1_952' title='bbox 769 5788 1009 5847; x_wconf 90' lang='lat' dir='ltr'><strong>Subinde</strong></span> <span class='ocrx_word' id='word_1_953' title='bbox 1050 5788 1421 5863; x_wconf 72' lang='grc' dir='ltr'>ὀρθριαίτερον</span> <span class='ocrx_word' id='word_1_954' title='bbox 1466 5790 1607 5845; x_wconf 84' lang='lat' dir='ltr'><strong>idem</strong></span> <span class='ocrx_word' id='word_1_955' title='bbox 1646 5786 1711 5843; x_wconf 70' lang='grc' dir='ltr'>ἐ.</span> <span class='ocrx_word' id='word_1_956' title='bbox 1757 5786 1796 5844; x_wconf 90' lang='grc'><strong>8</strong></span> <span class='ocrx_word' id='word_1_957' title='bbox 1825 5828 1840 5855; x_wconf 95' lang='grc'><strong>,</strong></span> <span class='ocrx_word' id='word_1_958' title='bbox 1868 5787 2181 5859; x_wconf 81' lang='grc' dir='ltr'>όρθρίτερον</span> <span class='ocrx_word' id='word_1_959' title='bbox 2207 5788 2270 5844; x_wconf 86' lang='lat' dir='ltr'><strong>C.</strong></span> <span class='ocrx_word' id='word_1_960' title='bbox 2339 5790 2385 5822; x_wconf 77' lang='lat'><strong>“</strong></span> <span class='ocrx_word' id='word_1_961' title='bbox 2410 5786 2738 5863; x_wconf 76' lang='grc' dir='ltr'>ἀποκρίθητι</span> <span class='ocrx_word' id='word_1_962' title='bbox 2766 5786 2830 5847; x_wconf 81' lang='grc' dir='ltr'>θ’.</span> 
     </span>
    </p>
   </div>
  </div>
