4022 6336
552 339 658 395 423

1331 344 1387 400 S.
1427 343 1811 401 CLEMENTIS
1847 346 1869 400 l
1908 348 2072 403 ROM.
2115 347 2313 403 PONT.
2356 348 2581 404 OPERA
2623 349 2853 408 DUBIA.
3648 368 3737 423 se.

550 454 735 526 telligo
766 456 945 524 (sicut
1001 471 1069 511 ex
1094 419 1196 514 ‘iis
1240 473 1363 529 quae
1398 461 1468 515 ab
1518 462 1674 518 initio
1724 466 1904 519 audivi
1949 466 2114 521 habeo

2226 482 2307 529 σε,
2334 465 2409 530 ὡς
2436 468 2527 537 ἀφ’
2546 461 2628 522 ὧν
2660 469 2754 521 ἀπ’
2781 469 2958 539 ἀρχῆς
2984 468 3308 540 ἐπακηκοὼς
3348 471 3641 547 ἐπίσταμαι,
3666 482 3736 535 ὃτι

550 548 920 619 compertum)
948 550 1092 619 quod
1134 551 1271 605 nihil
1302 552 1447 606 aliud
1499 555 1595 609 tihi
1634 559 1975 627 propositum
2026 562 2116 630 sit,

551 655 718 709 quam
762 641 914 695 omni
960 643 1212 697 machina
1256 646 1562 712 ostendere,
1615 649 1929 707 Creatorem
1985 670 2108 711 esse

552 748 723 787 ullum
757 734 1087 806 inculpatum
1113 735 1303 803 Deum,
1338 746 1599 811 tantoque
1622 742 1815 814 ﬂagres
1845 747 2119 805 desiderio

550 828 877 881 sententiam
924 828 1308 895 conllrmandi,
1341 840 1403 886 ut
1442 842 1497 887 et
1526 836 1774 904 quaedam
1807 836 2119 910 Scriptura-

550 932 673 971 rum
727 917 986 986 capitula,
1041 934 1166 988 quae
1209 930 1397 989 aperte
1458 923 1611 979 illum
1659 939 1940 996 accusant,
1979 931 2117 989 falsa

549 1009 733 1063 dicere
783 1009 1007 1073 audeas,
1033 1026 1096 1064 ea
1126 1011 1193 1065 de
1215 1027 1383 1069 causa
1417 1013 1629 1071 institui
1662 1018 1829 1075 hodie
1860 1022 2114 1091 probare,

551 1098 888 1168 impossibile
925 1115 1047 1155 esse
1093 1110 1152 1156 ut
1182 1105 1429 1159 omnium
1472 1109 1725 1165 conditor
1755 1113 1827 1167 sit
1873 1113 2118 1184 inculpa-

549 1197 659 1243 tus.
681 1187 1060 1244 Probationetn
1090 1207 1218 1246 vero
1250 1193 1510 1248 inchoare
1533 1210 1754 1265 possum
1778 1199 1916 1267 jam,
1946 1202 2119 1271 siqni-

549 1282 673 1336 dem
712 1283 778 1336 ad
808 1283 884 1343 id,
906 1284 1415 1352 quod~sciscitabor
1441 1303 1469 1342 a
1503 1299 1574 1353 te,
1602 1291 1733 1345 mihi
1760 1295 2114 1363 respondeas.

622 1374 685 1430 ll.
722 1374 818 1430 Ais
840 1376 1075 1445 aliquem
1118 1379 1338 1435 malitia:
1367 1382 1670 1452 principem
1695 1400 1840 1449 esse,
1871 1403 1972 1443 nec
2011 1389 2112 1443 ne?

548 1465 683 1522 Nam
716 1469 760 1523 si
791 1470 996 1526 dixeris
1053 1487 1159 1526 non
1203 1488 1344 1540 esse,
1392 1488 1457 1529 ex
1500 1476 1709 1541 multis,
1739 1477 1915 1549 iisque
1946 1495 1976 1534 a
2005 1480 2119 1535 Ma-

549 1559 723 1627 gistro
776 1570 870 1615 tuo
921 1564 1168 1632 prolatis,
1204 1565 1379 1621 habeo
1420 1567 1711 1624 ostendere
1759 1570 1905 1640 quod
1934 1571 2025 1626 sit.
2057 1570 2115 1627 Si

547 1665 677 1707 vero
706 1668 867 1723 aquo
913 1654 1098 1709 animo
1140 1658 1429 1714 confessus
1480 1658 1650 1715 l'ucris
1709 1677 1831 1717 esse
1883 1664 2113 1730 malum,

547 1754 947 1815 consequenter
988 1762 1296 1803 sermonem
1356 1750 1573 1806 faciam.
1603 1751 1669 1806 Ει
1698 1751 1896 1809 Petrus
1927 1774 1941 1810 :
1970 1755 2113 1811 Fieri

2223 557 2392 629 μηθὲν
2418 560 2603 631 ἕτερον
2635 578 2716 613 σοι
2744 561 3050 633 πρόκειται,
3091 561 3124 633 ἢ
3153 563 3297 634 πάσῃ
3332 570 3531 639 μηχανῇ
3557 569 3634 622 τὸν
3652 576 3741 641 Δη-

2222 652 2477 724 μιουργὸν
2504 653 2664 707 αὑτὸν
2679 653 2846 718 δεῖξαι
2873 655 3031 724 μόνον
3052 656 3337 725 ἄμεμπτον
3352 653 3481 711 εἶναι
3504 660 3640 723 Θεὸν,
3661 666 3741 719 καὶ

2217 743 2468 796 τοσοῦτον
2533 746 2905 817 προαιρέσεως
2926 746 2973 777 ⁸⁸
3002 746 3167 800 πόθον
3210 747 3397 818 ἔχοντα
3444 751 3743 825 διισχυρίζε-

2220 836 2365 899 σθαι,
2391 838 2467 901 ὡς
2485 839 2579 891 καί
2606 840 2755 902 ἐνίας
2775 840 2883 892 τῶν
2908 841 3140 911 Γραφῶν
3160 842 3457 913 περικοπὰς
3480 847 3647 914 σαφῶς
3671 865 3748 901 κα-

2216 929 2547 996 ταλεγούσας
2577 929 2743 984 αὑτοῦ
2775 932 2979 1003 τολμᾷν
3013 934 3228 1003 ψευδεῖς
3264 934 3463 1003 λέγειν·
3491 934 3547 993 οὑ
3568 941 3747 996 εἵνεκεν

2218 1021 2535 1093 προῄρημαι
2582 1025 2819 1096 σήμερον
2870 1025 3169 1089 ἀποδεῖξαι,
3224 1027 3303 1079 ὄτι
3349 1029 3593 1083 ἀδύνατόν
3624 1033 3749 1087 ἐστιν

2217 1114 2380 1167 αὑτὸν
2409 1114 2624 1169 πάντων
2651 1116 2980 1188 δημιουργὸν
3006 1118 3135 1170 ὄντα
3163 1120 3443 1190 ἄμεμπτον
3481 1118 3623 1176 εἶναι.
3655 1124 3751 1194 Τῆς

2217 1207 2274 1260 δὲ
2321 1207 2645 1272 ἀποδείξεως
2680 1210 2781 1280 ήδη
2826 1209 3089 1281 ἄρξασθαι
3111 1211 3365 1282 δύναμαι,
3390 1214 3478 1266 ἐάν
3504 1232 3561 1282 γε
3588 1215 3754 1286 πρὸςδ

2218 1301 2558 1371 πυνθάνομαι
2586 1319 2700 1365 σου,
2730 1302 2994 1374 ἀποκρίνῃ
3027 1321 3136 1374 μοι.

2230 1452 2233 1453 ν
2289 1394 2353 1444 ll.
2396 1392 2504 1463 Φῄς
2550 1410 2672 1445 τινα
2718 1394 2917 1456 κακίας
2967 1396 3212 1466 ἡγεμόνα
3265 1392 3421 1459 εἶναι,
3462 1397 3615 1468 ﬁcit;
3647 1400 3755 1454 Ἐὰν

2216 1482 2325 1554 γὰρ
2348 1483 2391 1515 ⁸⁷
2420 1485 2580 1555 εἴπῃς
2608 1485 2682 1555 μὴ
2712 1481 2871 1547 εἶναι,
2896 1486 3055 1556 372
3083 1490 3147 1542 ὲκ
3169 1489 3377 1543 πολλῶν
3420 1493 3508 1545 καὶ
3552 1494 3650 1547 τῶν
3673 1493 3755 1548 τοῦ

2215 1577 2544 1630 Διδασκάλου
2577 1594 2669 1631 σου
2695 1579 2968 1646 ἀποδεῖξαι
2993 1580 3120 1651 ἔχω,
3144 1583 3225 1634 ὅτι
3250 1584 3421 1636 ἔστιν·
3444 1587 3489 1637 ei
3506 1585 3561 1638 δὲ
3580 1588 3758 1655 εὐγνω-

2220 1668 2396 1738 μονῶν
2433 1669 2773 1741 ὁμολογήσῃς
2795 1671 2841 1703 ⁸⁸
2876 1669 3013 1725 εἶναι
3059 1673 3151 1726 τὸν
3203 1675 3457 1746 πονηρὸν,
3506 1678 3759 1747 ἑπομένως

2217 1761 2430 1830 ποιήσω
2453 1760 2545 1813 τὸν
2572 1760 2747 1830 λόγον.
2778 1764 2887 1816 Καὶ
2918 1765 2946 1816 ὁ
2970 1764 3173 1836 Πέτρος
3190 1783 3202 1795 ο
3251 1767 3525 1821 Ἀδύνατόν
3550 1770 3654 1821 ἐστί
3683 1786 3759 1839 μοι

549 1837 756 1905 nequit,
794 1846 854 1891 ut
879 1853 1063 1892 vocem
1110 1838 1352 1910 Magistri
1394 1842 1498 1896 mei
1532 1843 1816 1915 denegem,
1847 1861 2017 1916 quare
2040 1848 2114 1902 l'a-

2216 1854 2399 1925 φωνὴν
2421 1853 2515 1906 τοῦ
2543 1854 2677 1925 ἐμοῦ
2697 1855 3037 1926 ἀρνήσασθαι
3058 1858 3412 1922 Διδασκάλου,
3442 1859 3517 1912 διὸ
3540 1861 3626 1913 καὶ
3646 1837 3759 1931 ὀμο-

547 1934 667 1981 teor
697 1927 899 1986 malum
921 1944 1063 1996 esse,
1100 1932 1229 2000 quia
1261 1948 1402 2001 saepe
1424 1933 1573 1988 illum
1606 1936 1843 1992 existere
1885 1947 2113 1994 testatus

545 2029 631 2075 est
667 2021 758 2091 qui
810 2031 1005 2077 cuncta
1058 2038 1186 2078 vere
1235 2024 1548 2094 prmdicavit
1583 2026 1857 2098 Magister.
1915 2029 2111 2086 Statim

550 2111 737 2180 itaque
780 2116 1095 2178 conlitetur,
1120 2129 1217 2183 per
1245 2116 1605 2188 quadraginta
1632 2119 1751 2174 dies
1783 2120 2112 2176 collocutum

547 2201 844 2257 tentavisse
892 2203 1070 2272 ipsum
1098 2216 1147 2259 ι.
1182 2203 1246 2259 Ει
1288 2206 1413 2260 alibi
1458 2208 1583 2262 novi
1618 2223 1750 2262 cum
1783 2211 2027 2266 dixisse:
2057 2210 2117 2266 Si

548 2291 782 2347 Satanas
818 2292 1079 2348 Satanam
1122 2295 1324 2365 ejiciat,
1378 2298 1631 2353 adversus
1675 2317 1730 2355 se
1766 2301 1969 2356 divisus
1998 2314 2113 2365 est;

542 2397 647 2449 quo
676 2381 828 2434 modo
856 2398 978 2453 ergo
1026 2385 1233 2436 steterit
1279 2400 1496 2455 regnum
1525 2385 1596 2439 b?
1627 2385 1692 2442 Et
1726 2389 1874 2458 quod
1921 2390 2117 2445 viderit

548 2469 808 2527 Satanam
851 2474 994 2528 sicut
1044 2473 1226 2545 fulgur
1273 2476 1555 2533 cadentem
1585 2478 1651 2533 de
1680 2481 1840 2547 coelo,
1872 2482 2116 2536 declara-

545 2564 627 2616 vit
658 2574 705 2616 ε.
735 2562 913 2633 Atque
967 2564 1095 2618 alibi
1142 2564 1258 2619 ait:
1293 2565 1396 2631 Qui
1428 2584 1545 2621 vero
1606 2570 1807 2624 malum
1833 2588 2003 2626 semen
2033 2589 2115 2627 se-

546 2655 737 2721 minat,
779 2666 856 2708 est
896 2655 1141 2709 diabolus
1167 2654 1217 2709 ἀ.
1246 2655 1313 2710 Et
1361 2656 1557 2712 iterum
1584 2674 1600 2711 :
1653 2658 1835 2715 Nolite
1861 2662 1991 2716 dare
2020 2680 2112 2717 oc.

544 2745 807 2799 easionem
838 2746 1000 2800 malo.
1020 2746 1163 2812 Quin
1184 2746 1348 2800 etiam
1378 2749 1672 2803 consilium
1697 2749 1846 2804 dedit
1873 2750 1960 2807 his
1990 2768 2111 2806 ver-

544 2838 659 2892 bis:
692 2835 774 2892 Sit
792 2851 1040 2903 vestrum,
1071 2837 1186 2903 Est,
1219 2848 1320 2903 est,
1351 2855 1413 2892 ac
1444 2838 1588 2903 Non,
1613 2858 1749 2906 non;
1776 2843 1914 2913 quod
1935 2852 2110 2897 autem

544 2926 624 2980 his
657 2926 1013 2982 abundantius
1064 2940 1161 2994 est,
1206 2946 1239 2982 a
1284 2928 1428 2982 malo
1475 2941 1551 2984 est
1582 2942 1627 2985 ο.
1663 2930 1765 2987 Sed
1802 2943 1852 2987 et
1903 2934 1956 2986 iu
1988 2950 2112 2988 ora-

545 3019 691 3073 tione
721 3035 885 3089 quatn
920 3019 1163 3087 tradidit,
1188 3023 1393 3078 dictum
1446 3023 1713 3078 habemus
1746 3043 1759 3079 :
1793 3024 1983 3079 Libera
2015 3043 2109 3081 nos

542 3125 576 3163 α
625 3108 764 3163 malo
803 3109 846 3164 τ.
879 3109 945 3163 Et
987 3111 1096 3166 alio
1125 3115 1361 3181 quodam
1395 3114 1448 3167 in
1500 3113 1620 3167 loco
1662 3112 2109 3171 denuntiavitdi-

541 3216 666 3256 cere
713 3202 938 3271 impiis:
971 3203 1236 3259 Discedite
1272 3207 1327 3260 in
1362 3207 1599 3261 tenebras
1649 3210 1954 3275 exteriores,
1977 3226 2109 3280 quas
2137 3208 2179 3265 C

539 3294 751 3357 paravit
801 3293 962 3346 Pater
1003 3294 1219 3349 diabolo
1259 3306 1309 3350 et
1348 3299 1549 3366 angelis
1594 3299 1707 3369 ejus
1740 3300 1786 3353 Ι.
1818 3301 1895 3353 Ac
1938 3313 2008 3353 ne
2057 3299 2110 3352 in

438 3396 441 3399 ‘
544 3383 763 3453 longum
823 3387 1117 3455 producam
1163 3389 1491 3455 orationem,
1530 3392 1728 3461 saepius
1782 3392 1899 3446 scio
1943 3390 2113 3462 Magi-

540 3487 717 3533 strum
749 3495 929 3533 meum
955 3481 1208 3537 docuisse
1234 3497 1356 3537 esse
1375 3484 1672 3539 diabolum.
1706 3483 1977 3550 Quocirca
2012 3499 2114 3556 ego

540 3584 759 3640 quoque
815 3568 991 3625 fateor
1038 3572 1191 3627 illum
1238 3573 1492 3628 existere.
1516 3573 1592 3629 De
1623 3582 1857 3639 caetero,
1896 3574 1944 3629 si
1978 3575 2111 3644 quid

542 3662 713 3718 habes
771 3673 1171 3735 consequenter
1215 3666 1531 3733 dicendum,
1594 3666 1736 3723 sicut
1785 3668 2109 3738 promisisti,

539 3753 821 3824 eloquere.

613 3930 699 3985 Ill.
725 3931 791 3987 Et
819 3931 1008 3987 Simon
1039 3950 1052 3987 :
1082 3931 1352 4000 Quoniam
1383 3934 1548 4006 igitur
1584 3950 1740 4007 sequo
1763 3937 1948 3992 animo
1975 3953 2110 3993 con-

541 4023 721 4082 fessus
743 4043 802 4082 es
834 4028 1038 4082 malum
1078 4027 1332 4094 existere,
1360 4042 1428 4082 ex
1466 4028 1782 4100 Scripturis,
1809 4032 1898 4087 dic
1932 4034 2108 4102 nobis,

539 4133 651 4187 quo
677 4117 839 4172 modo
864 4116 1038 4173 factus
1061 4118 1153 4184 sit,
1171 4120 1220 4174 si
1249 4118 1426 4175 factus
1442 4130 1548 4184 est,
1565 4130 1665 4176 eta
1691 4136 1823 4192 quo,
1850 4133 2106 4194 etquare.

539 4209 618 4264 Ac
640 4208 835 4265 Petrus
866 4228 879 4265 :
920 4210 1143 4281 Ignosce
1172 4212 1327 4276 mihi,
1356 4211 1568 4278 Simon,
1591 4230 1699 4269 non
1723 4216 1897 4271 audeo
1931 4218 2111 4273 dicere

539 4301 685 4370 quod
717 4302 978 4371 scriptum
1004 4317 1114 4357 non
1142 4312 1247 4359 est.
1276 4301 1369 4359 Vel
1404 4304 1451 4360 si
1476 4314 1532 4359 tu
1559 4306 1821 4375 scriptum
1850 4308 2107 4373 allirmas,

540 4393 786 4447 ostende.
815 4393 908 4447 Sin
951 4409 1102 4460 vero,
1133 4404 1404 4464 quatenus
1442 4411 1550 4451 non
1600 4396 1815 4467 legitur,
1858 4401 2021 4456 etiam
2052 4410 2107 4457 tu

2215 1944 2358 2015 λογῶ
2381 1942 2519 1999 εἶναι
2538 1947 2629 1999 τὸν
2660 1948 2917 2019 πονηρὸν,
2950 1949 3031 2002 ὅτι
3058 1949 3319 2013 πολλάκις
3342 1952 3499 2004 αὑτὸν
3524 1951 3760 2023 ὑπάρχειν

2213 2037 2243 2088 ὁ
2278 2040 2454 2092 πάντα
2484 2039 2787 2109 ἀληθεύσας
2819 2042 3006 2111 εἴρηκε
3044 2042 3394 2107 Διδάσκαλος.
3424 2044 3620 2097 Αὐτίκα
3651 2043 3761 2112 γοῦν

2214 2131 2466 2203 ὁμολογεί
2497 2134 2588 2185 ἐπὶ
2620 2134 3030 2205 τεσσαράκοντα
3066 2136 3284 2207 ἡμέρας
3323 2137 3654 2207 διαλεχθέντα
3678 2154 3761 2189 πε-

2217 2241 2306 2277 πει
2315 2226 2536 2296 ρακέναι
2565 2226 2743 2278 αὐτόν.
2769 2226 2877 2278 Καὶ
2899 2226 3031 2298 ἄλλῃ
3053 2244 3155 2279 που
3178 2224 3297 2281 οἶδα
3321 2228 3478 2282 αὑτὸν
3505 2230 3760 2300 εἰρηκότα·

2215 2318 2285 2368 ΕΖ
2315 2319 2348 2369 ό
2378 2315 2650 2383 Σατανᾶς
2678 2318 2787 2370 τὸν
2815 2317 3091 2373 Σατανᾶν
3123 2319 3406 2374 ἐκϐάλλει
3427 2321 3492 2384 δ’,
3522 2320 3607 2390 ἐφ’
3644 2322 3763 2374 ἐαυ-

2214 2410 2322 2462 τὸν
2359 2410 2665 2478 ἐμερίσθη,
2701 2409 2827 2475 πῶς
2873 2408 2986 2462 οὖν
3027 2410 3214 2464 αὐτοῦ
3263 2411 3457 2480 vniam
3477 2412 3521 2443 “
3548 2413 3583 2479 ἡ
3606 2412 3765 2476 ,βασι-

2212 2501 2382 2564 λεία;
2436 2500 2545 2553 Kal.
2605 2501 2685 2553 ὅτι
2725 2499 2938 2572 ἑώρακε
2973 2500 3066 2553 τὸν
3099 2504 3339 2573 πονηρὸν
3384 2504 3459 2568 ὡς
3509 2505 3766 2577 ἀστραπὴν

2215 2592 2450 2645 πεσόντα
2483 2594 2547 2646 ὲκ
2570 2593 2664 2646 τοῦ
2716 2593 2946 2665 ούρανοῦ
2976 2594 3241 2665 ἐδήλωσεν
3306 2597 3412 2649 Kal.
3452 2596 3622 2651 ἄλλοθι
3646 2598 3763 2668 ἔφη·

2225 2682 2287 2736 '0
2309 2682 2377 2736 δὲ
2401 2684 2466 2737 τὸ
2498 2687 2686 2739 κακὸν
2712 2688 2947 2755 σπέρμα
2969 2689 3224 2756 σπείρας
3251 2688 3426 2742 ἐστὶν
3452 2692 3485 2743 d
3499 2689 3766 2755 διάϐολος.

2210 2775 2323 2827 Kal.
2371 2776 2553 2828 πάλιν·
2596 2777 2692 2843 Μή
2745 2776 2881 2830 δότε
2927 2778 3039 2849 (61)
3087 2781 3397 2848 πρόφασιν
3428 2782 3506 2848 τῷ
3533 2782 3766 2851 πονηρῷ.

2225 2868 2381 2922 Ἀλλά
2401 2870 2494 2923 καὶ
2511 2887 2573 2922 συ
2581 2870 2891 2941 μόουλεύων
2914 2872 3135 2943 εἴρηκεν
3151 2890 3165 2904 ’
3188 2875 3390 2929 Ἔστω
3410 2875 3571 2945 ὑμῶν
3590 2878 3648 2931 τὸ
3663 2877 3768 2939 ναὶ,

2210 2962 2328 3026 ναὶ,
2360 2961 2544 3016 καὶτὸ
2575 2964 2668 3027 οὔ,
2691 2965 2762 3017 οὗ
2780 2980 2793 2993 ο
2822 2964 2888 3017 τὸ
2917 2964 2986 3017 δὲ
3014 2966 3321 3033 περισσὸν
3352 2970 3572 3022 τούτων
3587 2970 3651 3022 ἐκ
3677 2968 3770 3022 τοῦ

2208 3053 2475 3121 πονηροῦ
2491 3054 2680 3108 ἐστίν.
2700 3054 2858 3108 Ἀλλὰ
2877 3056 2970 3110 καὶ
2988 3058 3045 3110 ὲν
3123 3058 3440 3127 παρέδωκεν
3458 3061 3582 3132 εὐχῇ
3600 3061 3770 3132 ἔχομεν

2210 3147 2498 3217 εἰρημένον
2513 3164 2527 3177 ·
2560 3147 2767 3201 Ῥῦσαι
2787 3147 2944 3217 ἡμᾶς
2967 3150 3083 3204 ἀπὸ
3106 3151 3212 3204 τοῦ
3229 3154 3519 3221 πονηροῦ.
3537 3155 3637 3206 Kal.
3655 3152 3770 3224 ἄλλῃ

2213 3257 2317 3292 που
2350 3242 2521 3294 εἰπεῖν
2552 3242 2820 3312 ὑπέσχετο
2842 3247 2955 3307 τοῖς
2984 3245 3272 3298 ἀσεϐοῦσιν
3294 3248 3339 3279 ⁸⁸
3357 3265 3371 3278 ·
3408 3248 3677 3319 Ὑπάγετε
3697 3250 3771 3313 εις

2213 3334 2278 3387 τὸ
2308 3336 2530 3400 σκότος
2556 3337 2629 3388 τὸ
2652 3336 2964 3404 ἐξώτερον,
2999 3336 3030 3389 ὃ
3062 3338 3394 3408 ἡτοίμασεν
3424 3345 3457 3395 ό
3484 3340 3675 3408 Πατὴρ
3703 3339 3771 3405 τῷ

2212 3427 2467 3492 διαϐόλῳ
2507 3428 2605 3482 καὶ
2645 3428 2770 3494 τοῖς
2798 3428 3076 3498 ἀγγέλοις
3117 3433 3329 3487 αὐτοῦ.
3363 3436 3471 3488 Kal.
3500 3436 3582 3487 ἵνα
3611 3434 3678 3505 μὴ
3704 3434 3771 3495 εἰς

2212 3522 2347 3576 πολὺ
2378 3522 2601 3593 μηκύνω
2643 3522 2735 3576 τὸν
2776 3522 2951 3591 λόγον,
2984 3523 3243 3587 πολλάκις
3269 3524 3389 3580 οἶδα
3416 3529 3506 3581 τὸν
3530 3528 3773 3582 Διδάσκα-

2211 3614 2301 3668 λόν
2330 3633 2432 3686 μου
2460 3616 2678 3669 εἰπόντα
2706 3615 2843 3670 εἶναι
2870 3617 3031 3688 373
3058 3619 3150 3671 τὸν
3180 3624 3442 3693 πονηρόν.
3459 3624 3548 3677 Διὸ
3565 3624 3609 3656 ⁸¹
3635 3620 3771 3691 κάγὼ

2212 3706 2467 3779 σύμφημι
2510 3709 2670 3761 αὑτὸν
2723 3710 3005 3782 ὑπάρχειν.
3033 3714 3235 3767 Λοιπὸν
3268 3719 3394 3770 εἴτι
3426 3718 3566 3789 ἔχεις
3590 3713 3770 3787 ἑπομέ-

2210 3816 2317 3864 νως
2346 3801 2543 3870 λέγειν,
2576 3803 2652 3866 ὡς
2680 3803 2939 3875 ὑπέσχου,
2979 3803 3101 3875 λέγε
3129 3806 3193 3860 ⁸³.

2279 3955 2366 4031 Ill.
2394 3959 2503 4011 Καὶ
2527 3958 2572 3989 ⁸⁸
2603 3960 2631 4011 ὁ
2654 3958 2852 4029 Σίμων·
2897 3960 3050 4013 Ἐπεὶ
3088 3958 3181 4016 οὖν
3204 3965 3618 4038 εύγνωμονήσας
3640 3967 3770 4037 ὠμο-

2208 4047 2445 4119 λόγησας
2489 4044 2627 4102 εἶναι
2667 4050 2759 4104 τὸν
2811 4052 3066 4124 πονηρὸν,
3114 4055 3222 4108 ἀπὸ
3276 4058 3527 4129 Γραφῶν,
3579 4061 3699 4130 ἡμῖν
3729 4058 3771 4089 ⁸⁸

2208 4140 2332 4209 λέγε
2372 4141 2432 4193 τὸ
2457 4141 2573 4205 πῶς
2602 4142 2841 4211 γέγονεν,
2880 4145 3038 4216 εἴπερ
3070 4147 3314 4215 γέγονεν,
3350 4153 3445 4205 καὶ
3483 4152 3586 4205 ὑπὸ
3622 4152 3768 4213 τίνος,

2208 4234 2303 4285 καὶ
2333 4232 2421 4286 διά
2442 4234 2507 4286 τί.
2542 4236 2649 4288 Kal.
2678 4236 2706 4286 ὁ
2747 4236 2968 4306 Πέτροςο
3009 4239 3288 4307 Σύγγνωθί
3323 4262 3434 4314 μοι,
3476 4245 3668 4316 Σίμων,
3706 4242 3772 4314 μὴ

2205 4324 2475 4395 τολμῶντι
2520 4327 2692 4379 εἰπεῖν
2725 4326 2753 4380 ὃ
2804 4328 2877 4399 μὴ
2905 4329 3229 4400 γέγραπται.
3267 4334 3332 4386 El
3365 4336 3431 4388 σὺ
3464 4338 3568 4407 φῂς
3590 4334 3768 4406 γεγράο

2209 4416 2561 4485 φθαι,δεῐξον.
2590 4418 2653 4469 Εἰ
2674 4417 2752 4482 δὲ,
2784 4418 2925 4472 καθά
2954 4420 3025 4491 μὴ
3047 4422 3376 4494 γέγραπται,
3399 4427 3519 4480 οὐδὲ
3546 4426 3772 4490 σὺδεῖξαι

542 4483 595 4538 id
633 4499 742 4538 non
787 4495 941 4553 potes
969 4485 1281 4553 ostendere,
1322 4503 1423 4542 cur
1450 4488 1516 4542 de
1550 4489 1714 4545 rebus
1749 4506 1857 4546 non
1891 4494 2109 4563 scriptis

2214 4483 2360 4579 δύνῃ,
2395 4508 2483 4561 διὰ
2511 4508 2564 4561 τί
2610 4510 2739 4580 περὶ
2772 4510 2880 4562 τῶν
2914 4483 2991 4582 μη
3016 4483 3771 4590 ’γραιρέντωννάποφαινόμενοι

541 4575 925 4644 pronuntiandi
950 4576 1198 4633 subimus
1224 4578 1557 4648 periculum?
1591 4580 1648 4635 Si
1678 4583 1823 4638 enim
1856 4603 1963 4641 non
1988 4602 2109 4642 cre-

2215 4565 2627 4670 κινδύνεύομενς
2656 4565 2719 4653 έὶ
2748 4600 2793 4632 ⁸⁵
2823 4565 2932 4672 γὰρ
2963 4565 3023 4655 οὐ

618 4701 644 4730 ι
669 4688 833 4745 Marc.
866 4706 904 4757 ι,
934 4692 1018 4747 15.

620 4760 649 4801 h
674 4759 863 4815 Matth.
904 4778 999 4823 xu.
1032 4763 1123 4819 26.

620 4842 646 4869 ε
672 4829 800 4884 Luc.
839 4833 1007 4899 Σ,18.

619 4900 648 4938 ά
675 4899 859 4956 Matth.
892 4920 1010 4970 xui,
1044 4905 1132 4959 59.

2289 4719 2313 4747 ε
2341 4706 2529 4762 Matth.
2549 4725 2601 4773 ν,
2628 4708 2726 4777 57;
2752 4709 2869 4767 Jac.
2897 4728 2952 4778 ν,
2981 4713 3068 4768 12.

2292 4778 2313 4817 ί
2348 4778 2536 4833 Matth.
2564 4795 2637 4844 Vl,
2677 4781 2764 4837 15.

2290 4850 2316 4888 8
2353 4848 2542 4904 Matth.
2574 4867 2704 4918 xxv,
2727 4850 2817 4906 30.

1823 4982 2056 5041 VARIIE
2096 4989 2495 5050 LECTIONES.

616 5064 941 5156 Ϋτῑροξέρῗ
948 5084 993 5120 ιν
1013 5066 1107 5156 ,C:
1128 5068 1214 5156 ,δῖ’
1237 5068 1373 5156 νιῑιδ·
1403 5075 1554 5156 Γίτρδς
1579 5077 1607 5130 δ
1627 5076 1645 5147 (
1664 5078 1777 5156 0:1-
1800 5078 2021 5156 );-έάγ
2047 5084 2156 5156 γάρ

541 5135 760 5220 c.text'u
889 5136 987 5220 T.,‘
1009 5137 1243 5220 ἐκβάλλῃ
1263 5140 1324 5195 C.

2196 5102 2301 5140 non
2331 5088 2585 5158 leguntur
2612 5090 2761 5169 in_0._
2796 5092 2844 5125 ⁸⁸
2866 5095 3218 5169 ὁμολογήσεις
3252 5104 3313 5153 0.
3391 5098 3436 5142 ⁸ο
3455 5098 3693 5154 ἐκϐάλλει
3712 5097 3750 5151 0

1400 5146 1772 5232 “aequabo:
1800 5146 1979 5232 “ulla
2002 5146 2182 5209 locum
2207 5146 2526 5232 corrupturi},
2544 5164 2764 5232 restitui
2792 5180 2842 5218 c.
2875 5146 2998 5232 ὒςλ

3001 5167 3124 5236 ὁγον
3154 5170 3374 5240 ὑπέχειν
3397 5172 3621 5239 (dictum
3644 5185 3770 5240 pra;-

543 5208 757 5297 beref=
790 5209 991 5297 dicere?
1033 5213 1170 5297 idem
1198 5208 1468 5297 signiﬁcat
1511 5208 1573 5297 ac
1630 5219 1820 5271 εἰπεῖν.
1861 5217 2040 5275 Utitur
2081 5208 2285 5297 autem;
2310 5208 2484 5283 ιιῖἱιὶῆἑ
2512 5208 3674 5297 Me'dii'30.?side"i55niﬁi"ik¥ii5"€i’5'
3716 5237 3750 5291 S

1250 5274 1277 5282 γ
2018 5274 2026 5275 ,
2082 5274 2259 5281 ___--__-
2310 5274 2481 5283 -.,......
2512 5274 2670 5285 mu...
2711 5274 2817 5287 ..νυ
2860 5274 2977 5290 ειη-υ
3036 5274 3185 5292 uua-nu.
3246 5281 3258 5293 .
3639 5274 3669 5294 ιι
3716 5274 3750 5291 υ

545 5274 928 5381 repet}?
948 5279 1227 5381 ὶὺἰιξέσχᾷτο
1256 5285 1369 5381 τοῖς
1406 5286 1655 5381 ἀσεϐέσιν
1692 5298 1995 5344 nionstrum
2021 5305 2122 5349 est.
2199 5296 2363 5353 “Pro
2392 5299 2471 5352 διό
2502 5300 2697 5358 lacuna
2731 5303 2788 5357 in
2821 5307 2882 5359 0.
2956 5308 3001 5344 ⁵³
3016 5307 3122 5364 Pro
3156 5274 3279 5380 λέγε
3310 5274 3771 5381 Ιξέδὲἔηῖριίεὺει

543 5352 599 5401 0.
682 5348 728 5382 ⁵⁵
771 5349 804 5421 ή
841 5350 963 5420 (sic)
992 5352 1053 5402 0.
1106 5348 1174 5387 τε
1192 5352 1283 5404 καί
1327 5354 1388 5411 C.
1466 5358 1563 5429 ⁸⁸η
1603 5358 1663 5411 C.

1841 5453 2205 5515 VARIORUM
2243 5459 2478 5517 NOTIE.

617 5556 1175 5640 gst)_j1‘estiinoniqgn
1221 5561 1405 5640 forsan
1460 5564 1749 5640 Ebionitici
1808 5572 2097 5640 evangelii,

544 5627 701 5711 aliine
740 5628 884 5711 dicto
912 5633 1211 5711 apostolicp
1247 5651 1260 5687 :
1274 5635 1444 5711 limae
1479 5637 1648 5711 δίδοτε
1692 5638 1855 5691 τόπον
1884 5627 2104 5711 τῴυδιαῖι

545 5698 703 5773 δόλῳ,
748 5697 962 5765 ΕρΙιοεξ
995 5716 1067 5767 Iv,
1094 5772 1098 5773 ί
1127 5703 1216 5757 27.
1271 5697 1534 5773 Equidem
1575 5709 1881 5771 observavi,
1913 5697 2011 5765 nec
2050 5714 2100 5765 in

549 5771 885 5831 Clenmttinis
938 5787 1036 5826 nec
1090 5772 1142 5826 in
1187 5771 1663 5855 Reroqnitionibus,
1703 5796 1823 5850 (ιιιξιξ
1873 5798 2102 5852 apocry-

2210 5575 2325 5699 gha
2358 5592 2499 5647 saepe
2524 5578 2764 5637 diximus
2810 5584 2880 5639 ab
2922 5584 3194 5645 Ebionaeis
3247 5590 3420 5648 fuisse
3472 5602 3764 5665 depravata.

2253 5648 2437 5699 aulum
2480 5653 2784 5699 anostolum
2814 5656 3039 5699 nilalnm
3080 5660 3307 5699 invnniri
3388 5662 3430 5699 (Ἴ
3509 5664 3581 5699 η.»
3632 5664 3764 5699 Λῖριη

2253 5648 2437 5719 aulum
2480 5653 2784 5717 apostolum
2814 5656 3039 5711 citatum
3078 5660 3332 5718 inveniri.
3388 5662 3453 5719 Ο.
3481 5648 3581 5719 ίῡὲ
3632 5664 3766 5717 dicto

2211 5716 2625 5802 illouv‘i‘chquae
2665 5739 2769 5802 nos
2799 5728 3155 5802 exposuimus
3197 5716 3533 5802 Naebanost:
3558 5716 3760 5791 ἶείιαιε.

2211 5802 2273 5852 ιι,
2306 5787 2431 5842 591.
2467 5787 2535 5843 Sf
2562 5791 2635 5861 μὴ
2664 5791 2738 5845 δῶ
2761 5811 2815 5846 τε
2844 5787 2907 5852 ό.
2943 5795 3203 5859 ῡιιεεεει..
