4022 6336
235 388 309 443 425
1248 386 1702 442 CLEMENTINA.
1744 419 1810 430 -ας
1851 384 2132 440 HOMILIA
2172 383 2311 438 XIX.

3294 373 3396 429 69.6

233 508 337 569 σθαι,
379 506 441 578 μὴ
463 506 508 538 ⁸⁷
541 508 696 578 μόνον
731 509 855 579 περὶ
900 501 972 561 ὧν
1024 506 1299 577 ποιοῦμεν,
1344 505 1454 559 ἀλλ’
1481 505 1599 573 ούχὶ
1649 506 1739 556 καὶ

1851 503 2024 557 dimus
2063 502 2327 572 judicium
2374 499 2509 563 fore,
2557 514 2736 553 nonne
2769 498 3031 551 duntaxat
3073 494 3139 550 de
3172 493 3238 550 iis
3279 511 3406 565 quae

229 603 323 671 περὶ
341 594 399 652 ὧν
428 600 768 663 πιστεύοντες
797 599 1081 670 λαλοῦμεν,
1118 600 1211 651 καὶ
1236 600 1321 651 διὰ
1350 598 1507 650 τοῦτο
1537 599 1737 668 τολμη-

226 694 391 765 ρότερον
419 694 545 764 περὶ
566 692 698 745 Θεοῦ
720 692 1110 763 διαλεγόμεθα;
1158 692 1215 743 'U
1237 691 1293 743 δὲ
1324 690 1525 761 Σίμων,
1559 691 1737 753 συνεὶς

224 783 281 835 ὅτι
315 784 425 854 πρὸς
466 784 565 853 τὴν
608 783 861 836 ἀπόνοιαν
890 782 1051 835 αὑτοῦ
1087 783 1324 854 εἴρηκεν,
1356 781 1479 851 ἔφη·
1521 779 1650 850 Ἐμὲ
1676 779 1739 831 ἔα

220 872 525 936 κινδυνεύειν,
571 874 634 926 σὺ
663 873 738 937 δὲ,
783 873 847 943 ἣν
896 874 999 943 φῂς
1053 871 1414 943 βλασφημίαν,
1471 869 1737 942 πρόφασιν

220 957 323 1027 πρὸς
346 957 675 1029 ὑποχώρησιν
711 961 782 1031 μὴ
823 960 1082 1031 λάμϐανε.
1118 958 1327 1013 Συννοῶ
1371 958 1479 1030 γάρ
1522 975 1577 1010 σε
1615 957 1737 1028 βου-

215 1049 394 1119 λόμενον
416 1049 854 1113 ὑποστέλλεσθαι,
883 1052 1027 1115 ὅπως
1050 1052 1139 1104 τὸν
1165 1052 1255 1104 ἐπὶ
1278 1051 1384 1105 τῶν
1407 1051 1578 1121 ὄχλων
1598 1049 1741 1117 ἔλεγ-

212 1153 284 1205 χον
307 1136 549 1211 ἐκφύγῃς,
577 1138 665 1192 ὁτὲ
697 1139 792 1209 μὲν
816 1140 890 1204 ὡς
916 1138 1100 1203 δεδιὼς
1126 1140 1465 1211 βλασφημίας
1490 1140 1737 1202 ἀκοῦσαι,

210 1228 278 1282 ὁτὲ
293 1229 341 1281 δὲ
368 1232 483 1283 ἐπεὶ
528 1231 601 1302 μὴ
629 1232 935 1303 γέγραπται
975 1232 1089 1295 πῶς
1134 1234 1227 1285 καὶ
1254 1233 1298 1264 ⁸⁸
1330 1232 1432 1285 ὑπὸ
1468 1232 1609 1294 τίνος
1649 1232 1741 1283 καὶ

208 1320 275 1374 διὰ
300 1321 349 1374 τί
368 1323 582 1390 γέγονεν
606 1327 634 1378 6
662 1325 912 1395 πονηρὸς,
940 1326 1019 1378 ὅτι
1048 1326 1119 1397 μὴ
1147 1326 1250 1395 χρὴ
1279 1324 1457 1377 πλεῖον
1487 1324 1586 1394 τῆς
1610 1325 1743 1395 Γρα-

210 1413 294 1483 ei};
312 1414 502 1485 τολμᾷν
545 1415 742 1483 λέγειν·
772 1416 849 1469 διὸ
883 1417 976 1469 καὶ
1016 1417 1090 1479 ὡς
1131 1416 1358 1487 εὑλαϐὴς
1401 1416 1558 1469 τοῦτο
1586 1416 1741 1485 μόνον

209 1504 426 1573 βεὸαιοῖς,
451 1506 533 1558 ὅτι
559 1506 722 1561 ἔστιν.
750 1508 933 1560 Ταῦτα
959 1506 1013 1559 δὲ
1043 1505 1427 1578 μηχανώμενος
1452 1504 1673 1559 σεαυτὸν
1698 1506 1742 1537 ⁵⁹

205 1596 403 1667 ἀπατᾷ,
455 1596 555 1649 οὑκ
598 1597 753 1661 εἰδὼς
798 1598 899 1660 ὅτι,
929 1599 977 1651 ει
1022 1597 1334 1669 βλασφημία
1368 1598 1483 1649 ἐστὶ
1536 1596 1662 1667 περὶ
1698 1596 1742 1627 ⁶⁰

205 1687 410 1760 πονηροῦ
445 1689 726 1760 ἀκριϐοῦν,
769 1692 801 1760 ή
834 1690 979 1743 αἰτία
1019 1692 1146 1757 περὶ
1186 1690 1282 1760 ἐμὲ
1307 1690 1397 1743 τὸν
1443 1690 1743 1761 κατήγορον

203 1780 452 1848 τυγχάνει,
464 1780 629 1852 37ἥ,
651 1783 712 1834 οὑ
740 1782 866 1853 περὶ
888 1782 946 1834 σὲ
974 1783 1064 1835 τὸν
1093 1780 1488 1853 συνηγοροῦντα
1506 1780 1583 1851 τῷ
1604 1779 1741 1850 Θεῷ.

1839 612 2149 665 operantur,
2176 611 2281 649 non
2312 610 2441 649 vero
2465 594 2532 647 de
2557 594 2621 647 iis
2643 608 2764 663 qua:
2792 591 3075 647 credentes
3104 588 3402 658 loquimur,

1840 705 1905 743 ac
1937 690 2057 743 ideo
2107 690 2369 743 audacius
2398 689 2465 743 de
2506 689 2614 743 Deo
2646 686 3008 741 disserimus?
3063 684 3133 738 At
3187 682 3400 747 Simon,

1840 781 2275 836 animadvertens
2336 780 2554 835 Petrum
2614 780 2873 834 adversus
2922 779 3198 833 vesaniam
3245 792 3400 832 suam

1840 874 2062 940 dixisse,
2093 874 2168 928 ait
2197 891 2209 926 :
2246 873 2329 927 Me
2357 874 2473 927 sine
2516 870 2828 940 periclitari,
2863 880 2918 924 tu
2948 883 3098 934 vero,
3127 884 3288 938 quam
3323 870 3405 924 ais

1842 950 2255 1036 blasphemiam,
2284 974 2601 1035 praetextum
2635 964 2700 1016 ad
2733 978 3010 1017 secessum
3044 976 3112 1015 ne
3148 960 3382 1030 accipias

1840 1060 2084 1130 lntelligo
2115 1060 2281 1121 enim,
2325 1060 2408 1113 vis
2444 1058 2765 1112 subtrahere
2808 1064 2881 1115 te.
2918 1069 3028 1123 quo
3064 1054 3289 1123 ell‘ugias
3321 1068 3407 1107 re-

1841 1152 2256 1220 prehensionem
2302 1165 2483 1203 coram
2524 1150 2742 1219 populo,
2783 1148 3050 1202 interdum
3092 1162 3241 1211 vero,
3278 1147 3405 1216 quia

1843 1259 1950 1296 non
1978 1242 2238 1310 scripturn
2264 1249 2369 1304 est,
2401 1256 2511 1308 quo
2545 1240 2704 1293 modo
2730 1249 2784 1293 et
2819 1255 2847 1292 a
2875 1255 2984 1309 quo
3026 1247 3079 1292 et
3118 1253 3286 1307 quare
3320 1238 3408 1292 fa-

1842 1344 1963 1387 ctus
1986 1332 2055 1386 sit
2078 1331 2274 1394 malus,
2303 1330 2558 1399 quoniam
2586 1344 2690 1382 non
2714 1339 2923 1398 oportet
2950 1330 3147 1383 audere
3173 1330 3294 1398 plus
3320 1330 3407 1384 dia

1843 1441 1985 1490 cere,
2024 1439 2187 1493 quam
2239 1422 2577 1491 Scripturte:
2615 1420 2873 1490 quocirca
2926 1421 3069 1473 velut
3122 1420 3409 1489 religiosus

1843 1516 2104 1571 duntaxat
2124 1514 2323 1569 asseris
2348 1528 2473 1567 eum
2496 1513 2777 1567 exsistere.
2802 1510 2969 1565 Porro
2994 1512 3106 1565 inec
3136 1526 3416 1565 commen-

1846 1618 1933 1665 tus
1965 1610 2193 1678 teipsum
2228 1605 2453 1674 decipis,
2499 1604 2746 1659 nesciens
2786 1604 2954 1673 quod,
2986 1603 3031 1657 si
3074 1603 3407 1672 blasphemia

1844 1708 1947 1764 est,
1973 1699 2039 1753 de
2080 1698 2224 1752 malo
2263 1697 2551 1767 diligenter
2604 1695 2896 1765 inquirere,
2943 1696 3103 1764 culpa
3147 1696 3289 1750 circa
3322 1710 3409 1749 me

1848 1798 2220 1844 accusatorem
2260 1797 2363 1854 est,
2391 1803 2498 1842 non
2526 1787 2668 1842 circa
2712 1796 2765 1841 te
2805 1785 3143 1843 defensorem
3186 1785 3299 1840 Dei.
3332 1787 3411 1839 Ae

202 1869 292 1923 Kal
318 1872 364 1924 εἰ
405 1871 652 1943 ἄγραφόν
696 1874 810 1927 ἐστι
841 1874 901 1927 τὸ
942 1872 1286 1944 ζητούμενον,
1332 1873 1423 1926 καὶ
1452 1872 1540 1925 διὰ
1591 1872 1745 1926 τοῦτο

1851 1880 1891 1935 si
1923 1881 2184 1950 scriptum
2212 1896 2317 1934 non
2350 1887 2452 1944 est,
2497 1879 2641 1949 quod
2674 1877 2957 1948 quieritur,
2990 1877 3219 1947 ideoque
3254 1892 3411 1932 recu-

203 1957 357 2031 ζητεῖν
376 1962 437 2014 οὑ
468 1962 512 1992 ⁶¹
544 1961 734 2027 Θέλεις,
765 1963 867 2016 εἰσί
901 1980 1044 2027 τινες
1082 1964 1190 2017 ὁδοὶ
1227 1964 1425 2027 ἱκαναὶ,
1453 1963 1743 2034 δυνάμεναι

203 2052 281 2121 οὑχ
306 2048 458 2124 ἧττον
485 2053 715 2124 Γραφῶν
734 2054 896 2119 δεῖξαι
927 2054 996 2107 τὰ
1020 2053 1339 2125 ζητούμενα.
1381 2054 1584 2107 Δὺτίκα
1616 2052 1745 2121 γοῦν

204 2143 282 2195 οὐκ
308 2143 515 2215 ἀνάγκη
552 2144 642 2197 τὸν
667 2146 710 2175 ⁸⁸
738 2144 988 2215 πονηρὸν,
1015 2145 1074 2198 ὃν
1100 2145 1193 2199 καὶ⁵
1231 2147 1294 2199 σὺ
1328 2145 1432 2215 φῂς
1462 2143 1743 2213 ὑπάρχειν,

204 2232 231 2305 ἢ
256 2236 467 2307 γενητὸν
488 2233 627 2289 εἶναι
657 2236 689 2307 ἢ
716 2235 975 2307 ἀγένητον
996 2254 1011 2302 ;

259 2437 337 2491 iV.
372 2437 484 2492 Kal
531 2440 561 2492 6
608 2438 813 2510 Πέτρος
855 2437 980 2509 ἔφη·
1032 2437 1266 2509 Ἀνάγκη
1334 2440 1444 2492 Καὶ
1477 2441 1505 2493 6
1545 2439 1744 2510 Σίμων’

200 2530 383 2584 Οὐκοῦν
417 2532 468 2584 εἰ
493 2531 718 2601 γενητός
743 2532 907 2595 ἐστιν,
936 2532 1027 2585 ὑπ’
1057 2531 1221 2585 αὑτοῦ
1245 2530 1338 2585 τοῦ
1362 2532 1431 2585 τὰ
1452 2534 1629 2586 πάντα
1654 2552 1751 2588 πε-

198 2624 464 2694 ποιηκὰτος
509 2623 700 2692 γέγονε
738 2623 893 2687 Θεοῦ,
928 2624 959 2694 ἢ
993 2622 1068 2688 ὡς
1099 2623 1235 2688 ζῶον
1262 2625 1556 2696 γεννηθεὶς,
1589 2625 1622 2697 ἢ
1657 2626 1749 2678 οὑ-

197 2716 385 2778 σιωδῶς
438 2714 786 2785 προϐληθεὶς,
834 2714 926 2768 καὶ
971 2714 1074 2782 ἔξω
1119 2718 1184 2786 τῇ
1240 2716 1432 2788 κράσει
1478 2716 1753 2787 συμϐεϐη-

198 2805 419 2878 κιὶις(62)
462 2806 650 2879 Ειγὰρ
666 2807 821 2870 ἐκτὸς
834 2801 900 2879 ἦν
930 2806 1093 2862 αὑτοῦ
1122 2809 1154 2879 ἡ
1182 2807 1278 2878 ὑλη
1295 2808 1533 2878 ἔμψυχος
1554 2803 1686 2862 οὖσα
1718 2806 1751 2879 ἦ

195 2892 399 2964 ἄψυχος,
436 2895 559 2949 ὅθεν
590 2895 829 2963 γέγονεν,
867 2896 899 2967 ἦ
928 2895 993 2949 δι’
1021 2895 1181 2948 αὑτοῦ
1222 2896 1317 2950 τοῦ
1351 2896 1396 2929 ⁸³
1420 2896 1631 2968 Θεοῦ,ἢ
1662 2898 1754 2966 ἀφ’

195 2986 388 3050 ἑαυτοῦ,
425 2986 461 3058 ἢ
496 2987 591 3040 καὶ
618 2985 677 3051 ἐξ
712 2986 811 3039 οὑκ
839 2985 1005 3041 όντων
1034 2986 1394 3060 συμϐέϐηκεν,
1421 2988 1453 3059 ἢ
1484 2990 1593 3042 τῶν
1623 2989 1756 3061 πρός

193 3094 238 3130 τι
261 3080 421 3141 ἐστὶν,
460 3078 496 3150 ἢ
542 3080 650 3132 αἰεὶ
692 3074 779 3151 ἦν.
812 3079 997 3150 Πάσης
1036 3075 1128 3133 οὖν
1169 3080 1309 3145 ὀδοῦ,
1342 3080 1418 3144 ὡς
1468 3077 1637 3153 οἶμαι,
1668 3085 1750 3137 ὲν.

191 3167 346 3223 ταῦθα
375 3169 716 3243 διῃρημένης
762 3170 899 3241 πρὸς
938 3170 1035 3242 τὴν
1070 3170 1281 3243 εὕρεσιν
1316 3172 1499 3237 αὑτοῦ,
1541 3174 1753 3243 ἀνάγκη

196 3264 281 3333 μιᾷ
320 3264 429 3315 τινὶ
484 3263 663 3315 αὐτῶν
712 3262 757 3294 ⁸⁸
794 3262 1064 3317 ὁδεύουσιν
1123 3264 1342 3335 εὑρετὸν
1389 3264 1549 3319 αὑτὸν
1592 3261 1748 3321 εἶναι.

202 3350 457 3425 Ἕκάστην
474 3349 569 3407 οῦν
583 3352 796 3407 ὁδεῦσαι
811 3353 890 3406 δεῖ
900 3353 1159 3425 ζητοῦντα
1174 3354 1401 3422 γένεσιν,
1421 3356 1513 3408 καὶ
1528 3357 1752 3427 εὑρόντα

193 3445 270 3498 τὸν
290 3448 460 3499 αἴτιον
487 3447 593 3501 ὑπὸ
612 3446 815 3517 μέμψιν
839 3446 999 3500 αὑτὸν
1031 3441 1167 3499 εἶναι
1195 3450 1352 3501 νοεῖν.
1370 3443 1446 3499 Ἦ
1474 3447 1615 3518 γάρ;
1638 3449 1754 3511 πῶς

195 3540 331 3590 σοι’⁸
359 3540 547 3603 δοκεῖς

260 3712 314 3769 ν.
347 3717 457 3770 Καὶ
486 3718 516 3770 6
551 3714 778 3788 Πέτρος·
825 3716 977 3787 Ἐμοὶ
1017 3716 1181 3780 δοκεῖ,
1211 3715 1305 3769 ἐὰν
1350 3714 1455 3769 ὑπὸ
1485 3715 1580 3770 τοῦ
1620 3716 1754 3771 Θεοῦ

188 3810 321 3879 φανῇ
355 3806 619 3877 γεγονὼς,
666 3810 829 3878 μήπω
854 3808 962 3861 δεῖν
994 3808 1085 3861 τὸν
1125 3807 1351 3879 ποιητὴν
1378 3809 1425 3840 ⁸⁸
1459 3810 1757 3880 ποιήσαντα

190 3897 285 3951 ὑπὸ
334 3899 545 3971 μέμψιν
577 3894 734 3963 εἶναι,
777 3900 970 3969 μήπως
1002 3899 1060 3952 τὸ
1106 3900 1370 3971 χρήσιμον
1416 3899 1578 3952 αὑτοῦ
1624 3901 1758 3954 πάν-

188 4006 284 4044 των
314 3992 749 4061 ἀναγκαιότατον
771 3992 813 4022 ⁸⁷
841 3991 1111 4062 εὑρεθείη’
1141 3991 1266 4044 εἰδὲ
1295 3991 1390 4044 καὶ
1419 3991 1491 4062 μὴ
1519 3989 1759 4061 γεγονὼς

192 4082 533 4156 ἀποδειχθείη
566 4085 631 4148 ⁸⁸,
663 4084 825 4155 375
853 4086 929 4149 ὡς
953 4083 1040 4139 ἀεὶ
1059 4085 1153 4149 ὢν,
1181 4086 1289 4139 οὐδ’
1318 4088 1374 4139 ὲν
1398 4086 1572 4157 τούτῳ
1616 4087 1644 4139 6
1666 4086 1760 4157 δη·-

195 4176 441 4247 μιουργδς
498 4177 767 4247 μεμπτὸς,
801 4175 834 4247 ἢ
887 4176 961 4248 μὴ
1000 4177 1108 4230 τῶν
1140 4178 1276 4231 ὅλων
1322 4178 1467 4231 ἐστὶν
1508 4181 1536 4232 6
1577 4177 1759 4249 κρείτ-

190 4279 286 4319 των
312 4268 384 4331 ⁸³,
416 4269 468 4321 εἰ
503 4268 601 4321 καὶ
621 4269 838 4339 άνάρχῳ
860 4270 999 4341 ἀρχῇ
1025 4269 1174 4333 τέλος
1194 4269 1455 4323 ἐπιθεῖναι
1480 4269 1568 4323 διὰ
1597 4269 1658 4323 τὸ
1686 4271 1759 4343 μὴ

190 4355 398 4422 φύσεως
421 4359 471 4391 ⁷ο
506 4358 653 4428 ἔχειν
681 4360 741 4411 οὑ
765 4358 1063 4429 δεδύνηται,
1091 4358 1123 4429 ἦ
1143 4358 1366 4422 δυνατὸς
1387 4358 1461 4412 ὢν
1487 4360 1588 4413 οὑκ
1610 4361 1762 4413 ἀναι-

192 4449 268 4514 ρεῖ
288 4450 476 4514 αὑτὸν,
530 4451 712 4504 ἄδικον
753 4451 942 4523 κρίνας
984 4451 1156 4523 ἀρχὴν
1206 4453 1278 4523 μὴ
1323 4451 1564 4522 εἰληφότι
1612 4450 1761 4515 τέλος

1848 1989 1938 2029 sas
1978 1990 2239 2044 quaerere,
2291 1982 2417 2029 sunt
2448 1974 2692 2042 quzedam
2733 1972 2940 2027 idonea:
2966 1973 3089 2038 viai,
3131 1988 3252 2041 quae
3280 1986 3411 2041 pos-

1849 2075 1972 2119 sunt
2005 2080 2111 2118 non
2144 2066 2346 2131 minus,
2384 2079 2547 2133 quam
2580 2062 2895 2133 Scripturaa,
2929 2063 3153 2132 quaesita
3184 2063 3412 2116 demon-

1849 2167 2040 2212 strare.
2094 2156 2288 2211 Statim
2336 2170 2487 2224 ergo,
2549 2171 2729 2211 nonne
2770 2170 2991 2210 necesse
3014 2160 3136 2223 (est,
3185 2155 3409 2222 malum,

1851 2263 2007 2317 quem
2045 2258 2098 2304 et
2152 2261 2210 2305 tu
2260 2249 2448 2305 fateris
2475 2249 2762 2314 exsistere,
2795 2256 2889 2303 aut
2931 2249 3132 2304 factum
3160 2263 3282 2304 esse
3320 2258 3415 2303 aut

1852 2338 2151 2394 inlectum?

1920 2430 2009 2486 ιν.
2034 2431 2097 2487 Ει
2125 2431 2318 2488 Petrus
2338 2432 2617 2503 respondit
2646 2451 2661 2488 :
2686 2431 2916 2489 Necesse
2943 2441 3044 2488 est.
3075 2433 3153 2488 Ac
3183 2432 3370 2488 Simon
3397 2450 3411 2487 :

1851 2510 2018 2595 Igitur
2055 2524 2102 2579 si
2144 2522 2321 2578 factus
2376 2532 2481 2588 est,
2528 2524 2596 2577 ab
2641 2526 2757 2594 ipso
2803 2533 3125 2579 cunctorum
3172 2533 3417 2578 creatore

1854 2616 2028 2671 factus
2055 2625 2137 2672 est
2166 2616 2293 2681 Deo,
2324 2617 2406 2671 vel
2436 2625 2694 2686 tanquam
2721 2617 2923 2671 animal
2954 2616 3188 2687 genitus,
3216 2616 3296 2670 vel
3329 2630 3418 2671 se-

1854 2711 2088 2764 cundum
2113 2709 2473 2763 substantiam
2511 2711 2772 2778 prolatus,
2801 2709 2885 2763 vel
2914 2717 3065 2764 extra
3095 2724 3191 2778 per
3212 2718 3411 2777 tempe-

1855 2801 2120 2854 rationem
2144 2800 2387 2855 eﬂ‘eetus.
2426 2799 2559 2854 Nam
2585 2801 2630 2855 si
2668 2811 2819 2856 extra
2850 2799 3018 2855 Deum
3043 2811 3159 2856 erat
3190 2802 3415 2856 materia

1855 2890 2091 2944 animata
2118 2889 2485 2957 autinanima,
2507 2892 2648 2947 unde
2671 2891 2845 2947 factus
2874 2900 2977 2959 est,
2998 2893 3081 2947 vel
3106 2908 3203 2962 per
3236 2894 3415 2963 ipsum

1856 2980 2049 3047 Deum,
2080 2983 2164 3037 vel
2194 2998 2226 3036 a
2271 2984 2473 3053 seipse,
2508 2984 2590 3038 vel
2618 2999 2684 3039 ex
2712 2999 2822 3039 non
2872 2985 3214 3040 exstantibus
3242 2988 3417 3041 conti-

1856 3074 1949 3143 git.
1982 3075 2063 3128 vel
2088 3082 2171 3130 est
2195 3076 2262 3130 de
2295 3090 2524 3131 numero
2553 3077 2922 3143 relativorum,
2950 3080 3031 3133 vel
3061 3093 3273 3150 semper
3294 3080 3415 3136 fuit.

1855 3165 2014 3220 Omni
2051 3182 2178 3238 ergo
2206 3169 2315 3233 via,
2362 3178 2422 3222 ut
2452 3179 2602 3238 puto,
2628 3169 2717 3225 hic
2750 3170 2922 3225 divisa
2957 3172 3025 3225 ad
3056 3172 3201 3226 illius
3228 3172 3419 3228 inven-

1856 3257 2077 3324 tionem,
2103 3261 2410 3314 necessario
2440 3276 2533 3328 per
2560 3276 2721 3315 unam
2761 3261 3051 3330 quamdam
3077 3276 3263 3317 earnm
3290 3278 3419 3333 pro-

1853 3348 2219 3418 gredientibus
2280 3350 2475 3406 obvius
2518 3352 2641 3407 erit.
2701 3352 2954 3424 Singulas
3002 3354 3165 3425 igitur
3204 3365 3422 3424 oportet

1853 3453 2191 3507 percurrere,
2243 3442 2535 3510 quaerendo
2576 3453 2778 3509 ortum,
2828 3452 2883 3498 et
2929 3454 3149 3500 auctore
3197 3447 3418 3501 invento

1854 3529 2025 3599 culpa:
2056 3531 2354 3586 obnoxium
2399 3547 2521 3587 esse
2548 3547 2672 3588 eum
2714 3534 3033 3605 intelligere.
3059 3533 3285 3591 Nonne?
3311 3553 3422 3607 quo

1854 3621 2017 3674 modo
2048 3620 2142 3675 tibi
2182 3622 2427 3677 videtur?

1926 3709 1991 3765 V.
2020 3710 2085 3767 Et
2134 3710 2328 3768 Petrus
2364 3731 2377 3767 :
2418 3710 2548 3768 Mihi
2599 3714 2828 3781 videtur,
2875 3716 3041 3785 quod,
3086 3717 3211 3772 licet
3245 3733 3275 3772 a
3306 3717 3417 3772 Deo

1856 3800 2031 3859 factus
2058 3814 2335 3873 appareat,
2364 3821 2469 3859 non
2494 3816 2674 3861 tamen
2707 3806 2829 3863 ideo
2855 3809 3157 3878 culpandus
3183 3810 3255 3865 sit
3284 3827 3421 3865 con-

1856 3893 2022 3961 ditor,
2051 3911 2174 3949 nam
2206 3896 2343 3953 forte
2372 3897 2575 3953 utilitas
2614 3899 2758 3954 illius
2784 3901 3022 3956 maxime
3062 3902 3305 3957 omnium
3334 3920 3420 3958 re-

1858 3985 2060 4056 peritut'
2102 3989 2456 4044 necessaria.
2508 3990 2592 4045 sin
2636 4005 2765 4046 vero
2806 3991 3039 4048 infectus
3080 3995 3417 4063 ostendatur,

1859 4079 2003 4133 velut
2041 4094 2253 4149 semper
2298 4082 2589 4150 exsistens,
2628 4098 2804 4154 neque
2840 4085 2892 4138 in
2932 4085 3038 4141 hoc
3079 4095 3295 4141 creator
3330 4104 3421 4142 ac-

1859 4175 2135 4227 cusandus
2165 4172 2247 4227 vel
2275 4188 2381 4228 non
2417 4174 2659 4228 omnium
2684 4185 2768 4230 est
2791 4176 3048 4245 Optimus,
3076 4177 3119 4231 si
3165 4180 3419 4246 potestati

1859 4262 2181 4333 principium
2206 4280 2312 4319 non
2338 4266 2556 4320 habenti
2578 4267 2739 4322 linem
2762 4267 3040 4337 imponere
3060 4270 3268 4340 nequit,
3291 4272 3421 4341 quia

1860 4370 1978 4409 eam
2018 4371 2125 4410 non
2155 4357 2319 4412 habet
2356 4366 2605 4413 naturam
2637 4377 2651 4413 :
2685 4369 2797 4426 aut,
2843 4361 2890 4416 si
2924 4369 3123 4431 potest,
3162 4376 3271 4417 non
3294 4378 3417 4418 eum

1861 4449 2097 4519 perimit,
2125 4450 2380 4519 quoniam
2410 4451 2656 4521 iniquum
2680 4451 2908 4522 iudicat,
2937 4452 3150 4508 initium
3183 4469 3290 4508 non
3318 4455 3419 4509 ha—

188 4539 468 4605 ἑπιθείναι,
508 4543 601 4596 καὶ
644 4542 798 4613 κακῷ
841 4542 1103 4611 πεφυκότι
1128 4541 1529 4610 ⁷¹⁹συγγνῶναι,
1563 4542 1649 4596 διὰ
1698 4542 1748 4596 τὶ

1864 4539 2006 4595 benti
2031 4540 2191 4595 linem
2224 4540 2522 4610 imponere,
2547 4542 2672 4597 item
2694 4543 2744 4597 ei
2771 4542 2865 4612 qui
2902 4552 3094 4599 natura
3124 4544 3301 4601 malus
3338 4558 3423 4601 est

185 4632 304 4686 ἄλλο
327 4652 387 4688 τι
416 4634 670 4704 γενέσθαι
699 4632 1066 4705 μὴδύνασθαι,
1098 4633 1192 4687 καὶ
1224 4634 1271 4686 εἰ
1301 4632 1392 4687 τοῦ
1422 4634 1671 4702 γενέσθαι
1696 4633 1756 4686 τὸ

186 4721 469 4796 ἐπιθυμεῖν
501 4726 613 4795 ἔχοι
645 4726 691 4759 τ’
742 4726 805 4779 El
829 4723 885 4777 δὲ
908 4724 1103 4792 ἀγαθὸν
1135 4724 1354 4795 ποιῆσαι
1388 4724 1553 4777 θέλων
1579 4725 1651 4796 μὴ
1680 4724 1769 4777 δύ-

1864 4648 1969 4686 non
1992 4646 2235 4701 parcere,
2261 4633 2407 4702 quod
2431 4633 2575 4686 aliud
2598 4647 2718 4687 esse
2744 4650 2848 4687 non
2879 4634 3069 4704 possit,
3106 4651 3418 4706 quanquam

1875 4738 1994 4777 esse
2020 4725 2217 4793 cupiat.
2250 4721 2306 4777 Si
2337 4739 2464 4779 vero
2499 4724 2701 4779 bonum
2731 4740 2854 4779 eum
2891 4725 3075 4782 volens
3104 4724 3282 4782 facere
3313 4742 3419 4782 non

1456 4855 1683 4910 VARle
1722 4857 2120 4912 LECTIONES.

251 4950 296 5030 ’ξ
322 4952 361 5020 ἠ
392 4950 455 5004 C.
480 4948 648 5031 _Tuin
690 4951 817 5031 ooxl
854 4957 976 5031 post
1158 4947 1281 5031 add.
1315 4947 1376 5031 Οἵζ
1446 4949 1612 5031 “imit
1638 4949 1871 5031 deesthin
1906 4951 2087 5031 O.ml9
2110 4949 2306 5031 έαχτόν
2343 4948 2567 5031 Q.__De_i_n
2598 4951 2751 5031 ὅτιεξ
2782 4951 2823 5007 C
2880 4969 2943 5008 ex
2972 4954 3226 5031 conject.,
3256 4957 3337 5011 ὅτι
3386 4961 3419 5031 ὴ

184 5018 556 5096 idin—textu,
587 5020 669 5073 ὅτι
707 5018 826 5096 ehi)
856 5018 915 5073 υ.
998 5018 1178 5096 “zzz-{pi
1203 5033 1311 5096 om.
1340 5019 1401 5096 0_.
1478 5019 1596 5096 οὑ
1625 5020 1824 5096 excidit
1858 5035 1943 5096 ap.
1973 5019 2034 5076 Cl
2078 5029 2141 5096 _et
2171 5019 2234 5096 S.‘
2248 5020 2386 5096 1’56
2412 5023 2471 5073 0.
2499 5019 2813 5096 :l’umidem
2842 5018 3114 5095 γεννητόν,
3149 5018 3419 5096 εῑρυειεεί

180 5087 1172 5160 ἀγέννητον-γεννητόςὶ-γεννηθείς.

177 5160 233 5211 0.
316 5166 470 5211 “om
511 5160 712 5211 excidit
734 5176 799 5211 ex
834 5169 1061 5211 utraaue
1102 5157 1172 5211 Cli

1251 5088 1296 5165 ’ξ
1311 5088 1656 5165 rodadjunxi
1682 5092 1842 5165 c._0.
1882 5088 2025 5165 Iam
2077 5088 2470 5165 [συμβέϐηκεν
2491 5089 2552 5165 C_.
2631 5088 2932 5165 ⁶⁸άνάγκην
2968 5088 3067 5165 μιᾷ
3102 5112 3207 5149 τινι
3234 5088 3422 5151 αὐτῶν

222 5201 233 5212 .
316 5157 475 5236 ⁸’σοι
511 5157 716 5236 excidit
734 5176 799 5214 ex
834 5157 1061 5228 utraque
1090 5157 1298 5236 ‘Clerici
1336 5160 1465 5236 edit.
1497 5157 1550 5214 et
1572 5158 1715 5236 apud
1745 5158 1799 5213 S.
1847 5160 1924 5236 _“
1961 5157 2197 5236 ποιητήν
2226 5157 2547 5236 transcripsi
2581 5176 2648 5216 ex
2696 5164 2757 5216 Ο.
2805 5157 3092 5236 Ἰιιέοὶὶεὶη
3142 5166 3255 5236 μέμ
3293 5182 3416 5221 eum

179 5230 378 5305 lacuna
407 5233 575 5305 trium
621 5227 1278 5305 litterarumAprépdtv.‘
1309 5229 1821 5305 __‘7§~iayicatétspev
1840 5228 1900 5284 C.
1980 5231 2025 5263 ⁸⁸
2056 5227 2293 5305 δειχθείη
2318 5227 2482 5305 _cun_f
2509 5230 2703 5305 lacuna
2756 5233 2921 5289 trium
2950 5227 3252 5305 litterarum
3282 5252 3421 5305 prae-

169 5300 411 5371 cedente
440 5316 496 5371 p.
526 5298 872 5371 ᾀποδειχθείη
906 5298 967 5354 0.

156 5510 365 5566 αὐτόν.

169 5300 411 5354 cedente
440 5316 496 5371 p.
526 5298 872 5371 ἀποδειχθείη
906 5297 967 5354 0.
1004 5297 1141 5352 Tum
1174 5297 1278 5350 αἰεί
1301 5298 1363 5352 C.
1391 5298 1592 5353 Deinde
1620 5297 1742 5355 ὲπεί
1766 5300 1806 5354 Ο
1858 5308 1911 5353 et
1931 5316 1995 5354 ex
2044 5297 2350 5369 conj'ect.'C
2382 5341 2396 5365 ,
2428 5301 2481 5354 in
2525 5302 2635 5370 cuj.
2674 5312 2819 5358 textu
2856 5305 2946 5358 ἐπί
2979 5319 3030 5372 p.
3064 5304 3096 5374 ἢ
3180 5306 3235 5374 ή,
3271 5297 3418 5373 quod

164 5368 329 5453 dedit
354 5369 421 5424 S.
453 5373 500 5403 ⁸⁸
536 5370 613 5424 lta
641 5369 686 5424 0
734 5386 784 5423 c.
815 5385 982 5453 marg.
1009 5371 1102 5433 (Si,
1147 5369 1238 5436 qui
1270 5368 1323 5452 in
1362 5377 1506 5457 textu
1536 5370 1659 5422 exh.
1698 5368 1727 5421 ὃ
1748 5373 2010 5440 κρεῖττον.
2048 5369 2286 5424 Subinde
2307 5369 2338 5450 ἢ
2358 5370 2448 5453 καί
2474 5386 2525 5441 p.
2557 5372 2606 5458 εἰ
2634 5374 2726 5427 καί
2752 5371 2815 5429 Ο.
2840 5371 2976 5428 Tum
3013 5322 3322 5498 [éﬂtﬁaivat
3355 5376 3418 5431 C.

164 5439 211 5470 "
254 5458 436 5498 φυσιν
465 5441 528 5495 C.
562 5442 704 5495 Idem
728 5438 1057 5498 δεδυῖνητῐαι
1088 5448 1142 5493 et
1163 5441 1376 5498 ἁναιραι
1412 5436 1643 5498 αυῘτόνῙ,
1671 5442 1811 5498 quod
1847 5438 1883 5492 S
1939 5450 2083 5495 recte
2126 5451 2362 5495 correxrt
2405 5458 2459 5495 tn
2483 5442 2715 5498 ἀναιρεῖ.
2762 5462 2815 5497 κ.
2841 5461 2892 5498 τ.
2918 5444 2967 5497 λ.
3046 5443 3102 5497 In
3234 5445 3418 5498 ἀνερεῖ

164 5439 225 5521 ’⁸.
254 5440 436 5521 φύσιν
450 5441 704 5521 _(;.Jdem
728 5434 1057 5521 5566[vrf:_]ai
1088 5434 1376 5521 etﬁvaipa:
1412 5436 1643 5521 αὑ[τόν],
1671 5434 1811 5521 quod
1939 5450 2106 5521 recte
2126 5434 2362 5521 correxit
2391 5434 2715 5521 jn-ﬁv‘a'tpsi,
2762 5462 2815 5497 κ.
2841 5461 2892 5498 τ.
2918 5444 2967 5497 λ.
3013 5434 3102 5497 Ἰη

450 5511 497 5543 ’³
529 5511 651 5567 Cot.
676 5511 791 5565 haec
823 5509 1162 5579 vertit’quasi
1193 5519 1313 5579 post
1343 5509 1608 5579 πεφυκότι
1631 5509 1750 5564 addi
1782 5511 2013 5563 voluerit
2043 5512 2137 5581 μή.
2170 5510 2226 5564 S.
2314 5511 2359 5542 "
2389 5511 2500 5582 ἔχει
2525 5509 2588 5565 Ο.

3234 5445 3421 5518 ἀνερεῖ

1469 5626 1833 5684 VARIORUM
1868 5626 2097 5681 NOTAE.

232 5722 368 5795 (ϐξ)
402 5716 894 5795 ξυμδεδηκώς.[ἤ]
921 5720 961 5776 C
993 5762 1007 5788 ,
1038 5722 1129 5795 qui
1162 5721 1421 5795 adnotat:
1455 5720 1757 5789 Superiores

232 5738 368 5791 (υτ)
404 5738 894 5795 ιυμοεῡηκωςηηι
921 5738 961 5776 υ
993 5762 1007 5788 ,
1077 5739 1129 5775 tn
1162 5738 1421 5776 aunomt:
1455 5738 1757 5789 Superiores

152 5794 384 5847 codicis
419 5793 570 5864 Regii
602 5811 710 5864 ora?
755 5793 823 5845 ad
851 5798 984 5845 hunc
1026 5738 1181 5861 ﬁnem
1207 5792 1404 5864 placerit:
1431 5802 1551 5845 sunt
1592 5810 1757 5864 usque

155 5864 231 5914 ad
258 5863 628 5933 scripturam.
659 5863 841 5915 Pauca
867 5879 1002 5931 ergo.
1031 5879 1146 5931 qua:
1180 5863 1415 5928 deerant,
1448 5863 1677 5930 suppleri
1707 5872 1755 5916 et

513 5957 787 6015 ΡΑτιιοι..
842 5955 959 6013 Gn.
1017 5954 1094 6014 ll:

1861 5724 2009 5776 uncis
2038 5724 2246 5778 inclusi.
2276 5724 2510 5778 Prwsens
2540 5734 2713 5778 autem
2741 5725 2883 5777 locus
2910 5724 3073 5777 videri
3119 5732 3274 5791 queat
3302 5739 3417 5775 mu-

1864 5794 2009 5857 tilus,
2038 5796 2437 5865 si_con]eratm_"
2457 5811 2573 5845 cum
2618 5796 2778 5848 simili
2818 5797 2873 5846 in
2915 5811 3031 5865 cap.
3064 5796 3115 5849 9.
3156 5794 3417 5863 Deinceps

1863 5854 2039 5918 addidi
2068 5862 2196 5919 οὖσα
2220 5854 2279 5919 ’6.
2312 5864 2373 5918 0.
2403 5854 2661 5916 DRESSEL.

3040 5944 3106 6001 l't
