4022 6336
600 362 705 417 λετ
1322 420 1323 423 η
1460 360 1514 414 S.
1557 355 1942 415 CLEMENTIS
1982 360 2001 413 ι
2054 362 2215 417 ROM.
2258 363 2455 419 PONT.
2498 364 2724 420 OPERA
2764 366 2988 423 DUBIA.
3680 372 3767 429 69.8

601 472 853 543 potuerit,
883 471 961 524 sic
989 484 1205 539 quoque
1234 468 1406 522 bonus
1432 477 1533 533 est,
1560 469 1688 537 quia
1716 469 1829 521 vult
1860 484 1958 521 nec
1986 476 2160 537 potest

2188 476 2233 531 Α
2262 486 2426 535 ναιτο,
2466 472 2558 523 καὶ
2592 470 2762 535 οὕτως
2794 472 2994 540 ἀγαθός
3020 474 3183 539 ἐστιν,
3216 475 3293 528 ὅτι
3325 475 3453 529 θέλει
3487 479 3591 548 μὲν,
3622 482 3675 534 οὑ
3701 483 3774 536 66-

605 576 818 630 tamen;
850 572 903 618 et
944 564 996 616 in
1028 577 1136 631 quo
1171 569 1438 631 potestate
1475 569 1641 625 caret,
1674 560 1917 613 omnium
1949 568 2033 615 est
2069 576 2167 630 po-

2266 576 2419 612 ναται
2457 561 2533 613 δέ·
2569 562 2659 613 καὶ
2694 564 2748 613 ἐν
2863 563 3111 617 ἀδυνατεῖ
3142 566 3350 620 πάντων
3383 569 3488 621 ἐστὶ
3522 569 3778 627 δυνατώτα-

607 655 961 719 tentissimus,
1010 653 1268 722 quoniam
1313 652 1465 704 alteri
1518 666 1679 719 posse
1728 666 1837 705 non
1888 653 2164 722 competit.

2264 670 2372 717 τος,
2423 653 2502 706 ὅτι
2540 653 2612 723 μὴ
2663 654 2833 725 ἑτέρῳ
2878 656 2940 708 τὸ
2983 656 3203 711 δυνατὸν
3251 660 3622 716 καταλείπεται.
3652 665 3707 717 El
3730 666 3781 720 δέ

604 746 759 812 Quod
788 746 832 800 si
864 744 1003 798 alius
1027 743 1151 813 quis
1193 742 1485 811 potentiam
1531 742 1711 807 habet,
1743 752 1795 795 et
1835 757 1943 797 non
1979 758 2165 796 emen-

2266 746 2381 797 ὲστί
2422 761 2508 807 τις
2554 744 2739 814 ἕτερος
2779 746 3019 813 δυνατὸς,
3066 749 3159 801 καὶ
3202 749 3273 821 μὴ
3299 753 3558 823 κατορθῶν
3586 755 3718 819 ⁷³,ὲν
3743 749 3783 826 ᾧ

604 841 713 901 dat,
740 836 791 890 in
818 851 883 890 eo
917 834 1061 904 quod
1086 833 1322 902 potentia
1354 832 1611 901 praeditus
1647 848 1755 886 non
1787 834 2027 904 corrigit,
2052 850 2168 888 ma-

2266 836 2485 899 δυνατὸς
2510 834 2584 889 ὣν
2608 837 2680 906 μὴ
2721 837 2990 910 κατορθοῖ,
3018 839 3248 911 πονηρὸς
3271 839 3343 894 ὢν
3367 842 3699 916 ὡμολόγηταιν
3724 848 3786 919 μὴ

602 931 688 983 lus
718 942 837 981 esse
888 926 1222 995 intelligitur,
1262 939 1369 977 non
1410 938 1665 977 coercens
1694 938 1841 989 eum,
1875 924 2029 993 quasi
2050 924 2168 993 ejus

2267 926 2666 997 παύωνιαὺτὸν,
2703 926 2776 989 ὡς
2807 932 2917 990 τοῖς
2944 929 3032 982 ὑπ’
3057 929 3217 982 αὑτοῦ
3244 932 3527 1002 γινομένοις
3549 934 3784 1005 ἡδόμενος.

603 1019 856 1089 operibus
892 1018 1208 1071 delectetur.
1243 1014 1339 1069 Sin
1377 1025 1558 1069 autem
1592 1031 1689 1069 nec
1713 1015 1801 1069 ille
1827 1023 2021 1084 potest,
2050 1030 2167 1070 me—

2268 1020 2330 1072 Εί
2377 1020 2433 1072 δὲ
2471 1020 2579 1073 οὐδ’
2634 1020 2792 1083 αὑτὸς
2839 1021 3077 1085 δύναται,
3126 1022 3380 1094 κρείττων
3414 1026 3458 1056 ’³⁵
3497 1028 3523 1079 6
3565 1027 3685 1096 πρὸς
3728 1028 3796 1100 τῷ

602 1112 704 1165 lior
728 1118 829 1175 est,
863 1110 977 1179 qui,
1006 1124 1128 1163 cum
1159 1123 1222 1162 ea
1262 1116 1529 1176 potestate
1560 1108 1851 1161 destitutus
1869 1107 1959 1172 sit,
1988 1116 2167 1161 tamen

2267 1112 2545 1165 ἀδυνατεῖν
2586 1111 2725 1166 κατά
2768 1113 2831 1165 τὸ
2871 1113 3092 1168 δυνατὸν
3136 1115 3435 1187 εὐεργετεῖν
3484 1119 3619 1188 ἡμᾶς
3639 1118 3681 1149 ’⁵
3712 1118 3797 1172 οὑκ

601 1219 699 1272 pro
725 1203 933 1255 viribus
963 1216 1063 1254 nos
1094 1198 1369 1253 beneﬁciis
1408 1197 1626 1252 afﬁcere
1653 1213 1761 1251 non
1786 1198 2024 1268 negligit.
2267 1204 2459 1258 ὀκνῶν.

557 1350 579 1367 ί
676 1292 761 1347 Vl.
790 1292 854 1346 Et
877 1292 1065 1345 Simon
1102 1309 1115 1343 :
1143 1288 1374 1355 Quando
1411 1288 1478 1342 de
1506 1289 1734 1358 singulis
1758 1301 1879 1357 qua:
1908 1302 2145 1357 proposu

2340 1292 2423 1345 Vl.
2454 1294 2563 1346 Καὶ
2606 1296 2634 1347 6
2672 1294 2872 1365 Σίμων·
2915 1295 3078 1349 Ὅταν
3103 1296 3149 1327 ⁷⁸
3175 1297 3255 1360 είς
3300 1297 3521 1351 ἕκαστον
3565 1291 3634 1351 ὧν
3664 1298 3805 1369 προέ-

546 1374 549 1377 ’
600 1388 814 1440 locutus
852 1383 1056 1447 fueris,
1098 1382 1196 1435 tibi
1241 1381 1465 1434 malitia:
1509 1390 1785 1435 auctorem
1838 1380 2125 1435 declarabo

2267 1401 2417 1438 τεινα
2467 1385 2767 1457 διαλεχθῇς,
2805 1388 2887 1440 σοὶ
2937 1388 3034 1459 τῆς
3086 1388 3283 1451 κακίας
3313 1389 3401 1441 τὸν
3448 1390 3609 1443 αἴτιον
3650 1389 3804 1455 δείξω.

601 1490 714 1532 tum
747 1486 800 1531 et
824 1476 889 1529 ad
918 1491 1038 1544 quae
1058 1472 1243 1528 dixisti
1275 1472 1615 1541 respondebo
1646 1472 1761 1538 tibi,
1790 1488 2063 1543 quemque
2088 1474 2170 1528 ais

2268 1477 2400 1529 Τότε
2434 1483 2478 1514 ⁷⁷
2502 1494 2583 1529 σοι
2617 1478 2709 1531 καὶ
2735 1479 2868 1550 πρὸς
2894 1478 2929 1532 ἃ
2961 1479 3187 1550 εἴρηκας
3212 1481 3624 1552 ἀποκρινοῦμαι,
3656 1483 3739 1534 καὶ
3758 1482 3808 1534 ὃν

603 1570 768 1624 Deum
815 1569 1173 1636 inculpatum,
1208 1563 1381 1632 culpae
1429 1562 1713 1631 subiacere
1757 1564 2061 1618 ostendam.
2092 1565 2171 1619 Ac

2268 1570 2374 1641 φῂς
2406 1569 2537 1621 Θεὸν
2560 1569 2864 1640 ἄμεμπτον,
2890 1571 2995 1624 ὑπὸ
3022 1572 3225 1642 μέμψιν
3253 1569 3393 1625 εἶναι
3414 1572 3688 1640 ἀποδείξω.
3718 1575 3814 1626 Καὶ

599 1662 793 1716 Petrus
830 1678 845 1716 :
897 1658 1168 1725 Quoniam
1205 1671 1268 1711 ex
1324 1656 1413 1721 iis,
1456 1670 1578 1724 qua:
1612 1656 1680 1708 ab
1728 1656 1884 1709 initio
1905 1656 2167 1725 loqueris,

2267 1662 2296 1714 6
2328 1662 2550 1731 Πέτρος
2595 1661 2812 1732 Ἐπειδὴ
2852 1663 2945 1731 ἀφ’
2989 1655 3063 1717 ὧν
3096 1664 3189 1715 ἀπ’
3234 1665 3411 1735 ἀρχῆς
3456 1664 3657 1736 φθέγγῃ
3706 1682 3811 1717 σνν-

601 1754 976 1810 animadverto
1006 1759 1058 1804 te
1089 1748 1221 1802 nihil
1253 1747 1399 1801 aliud
1435 1746 1640 1811 conari,
1675 1762 1839 1815 quam
1865 1747 1940 1799 uti
1978 1745 2167 1813 Deum,

2269 1752 2372 1805 νοῶ
2400 1770 2458 1805 σε
2500 1753 2665 1824 μηδὲν
2700 1753 2884 1825 ἓτερον
2916 1753 3302 1820 σπουδάζοντα,
3329 1756 3362 1827 ἢ
3391 1757 3465 1819 ὡς
3495 1757 3682 1817 κακίας
3703 1759 3815 1827 ἠγε-

603 1860 859 1917 tanquam
932 1843 1150 1898 malitia:
1229 1841 1585 1911 principem,
1640 1840 1812 1909 culpae
1876 1839 2173 1909 subjicias,

2228 1837 2247 1890 3
2279 1843 2413 1913 μόνα
2434 1843 2525 1898 τὸν
2548 1844 2679 1897 Θεὸν
2703 1845 3020 1898 ὑποϐάλλειν
3047 1846 3273 1917 μέμψει,
3302 1847 3620 1918 προῄρημαι
3643 1849 3816 1910 πάσαις

602 1939 764 1996 statui
793 1953 887 2008 per
905 1951 1096 1990 omnes
1111 1950 1248 2005 quas
1261 1933 1499 1987 volueris
1520 1932 1635 1986 vias
1654 1942 1703 1985 te
1720 1931 2033 1985 comitando
2057 1945 2167 1984 ma-

2269 1929 2356 1997 αῗς
2378 1935 2542 2006 376
2567 1935 2743 2005 βούλει
2774 1937 2820 1977 ⁷⁸
2843 1937 2979 2000 ὁδοῖς
3011 1938 3308 1992 συνοδεύων
3328 1939 3498 2005 δεῖξαι
3528 1941 3615 1993 τὸν
3637 1941 3678 1977 τ’
3708 1940 3820 1993 Θεὸν

604 2028 1071 2094 nifestare,Deum
1102 2034 1251 2082 extra
1287 2039 1504 2080 omnem
1526 2025 1738 2094 culpam
1767 2022 2066 2079 esse.Dixit
2083 2021 2169 2075 Si-

2268 2026 2448 2097 πάσης
2521 2026 2779 2096 μέμψεως
2832 2027 2987 2090 ἐκτὸς
3029 2028 3172 2081 ὅντα.
3226 2029 3337 2081 Καὶ
3398 2032 3426 2082 6
3485 2031 3663 2101 Σίμων
3713 2032 3818 2100 ἔφη·

602 2140 728 2177 mon
758 2142 770 2176 :
814 2120 918 2176 Ista
951 2118 1186 2190 profers,
1216 2116 1359 2170 velut
1407 2132 1599 2170 amans
1634 2115 1800 2170 Deum
1834 2129 1993 2184 quem
2025 2113 2169 2166 arbita

2269 2116 2450 2170 Ταῦτα
2481 2118 2555 2181 ὡς
2578 2117 2805 2186 ἀγαπῶν
2833 2118 2962 2171 Θεὸν
2988 2119 3046 2171 ὃν
3078 2120 3370 2191 νενόμικας
3394 2122 3586 2190 λέγεις,
3613 2122 3717 2175 ἀλλ’
3740 2124 3825 2175 οὑκ

601 2214 785 2280 traris,
814 2213 906 2267 sed
937 2226 1097 2264 verax
1131 2225 1238 2262 non
1272 2223 1350 2262 es.
1378 2205 1445 2260 Et
1489 2205 1680 2261 Petrus
1714 2225 1727 2260 :
1761 2204 1841 2259 Tu
1871 2219 2000 2258 vero
2039 2216 2158 2272 pro.

2268 2207 2569 2279 ἀληθεύεις.
2592 2208 2700 2260 Καὶ
2724 2211 2751 2261 ὁ
2780 2208 3004 2278 Πέτρος·
3028 2209 3098 2262 Σὺ
3127 2210 3183 2262 δὲ
3209 2210 3289 2271 ὡς
3317 2212 3491 2274 κακὸς
3509 2212 3673 2282 μισῶν
3694 2212 3824 2274 Θεὸν,

602 2306 733 2372 fers,
787 2305 929 2360 sicut
978 2302 1189 2368 malus,
1239 2300 1365 2355 odio
1416 2315 1752 2369 prosequens
1793 2296 1963 2351 Deum
2005 2309 2167 2364 quem

2268 2299 2326 2353 6v
2354 2300 2644 2371 ἠγνόησας,
2682 2300 3029 2371 βλασφήμους
3062 2303 3231 2373 ἀφίης
3261 2304 3307 2335 ⁸ο
3339 2304 3542 2372 φωνάς.
3580 2303 3683 2358 Καὶ
3710 2305 3736 2356 6
3755 2302 3828 2354 Σί-

602 2401 843 2472 ignoras,
886 2400 1230 2468 blasphemas
1256 2396 1531 2450 dimittens
1565 2408 1745 2447 voces.
1782 2391 1970 2444 Simon
2000 2408 2012 2442 :
2059 2386 2169 2441 Me-

2272 2409 2405 2462 μων·
2442 2393 2759 2463 Μνημόνευε
2783 2393 2865 2445 ὅτι
2896 2410 2961 2463 με
2991 2394 3186 2457 κακίας
3221 2396 3458 2467 ἡγεμόνι
3496 2397 3827 2468 παρείκασας.

604 2507 723 2546 mor
750 2499 888 2557 esto,
915 2489 1061 2559 quod
1093 2503 1176 2541 me
1220 2485 1440 2540 malitiae
1472 2483 1697 2553 principi
1742 2476 2165 2549 comparaveris.

2269 2483 2378 2535 Καὶ
2402 2485 2430 2535 6
2464 2483 2687 2554 Πέτρος
2732 2482 3026 2553 Ὀμολογῶ,
3069 2484 3394 2558 ἐψευσάμην
3428 2488 3755 2557 παρεικάσας
3780 2502 3830 2538 σε

602 2584 836 2638 Petrus:
884 2580 1100 2646 Fateor,
1144 2579 1311 2633 falsus
1357 2592 1500 2638 sum,
1548 2588 1872 2643 comparans
1905 2580 1955 2624 te
2003 2570 2166 2622 malo.

2268 2572 2347 2644 τῷ
2378 2574 2615 2645 πονηρῷ,
2665 2573 3011 2645 ἠναγκάσθην
3047 2575 3154 2646 γάρ
3195 2577 3295 2630 ἐπὶ
3330 2577 3412 2648 τῷ
3443 2578 3519 2651 μὴ
3561 2579 3731 2650 εὑρεῖν
3760 2576 3837 2629 τόν

602 2675 839 2730 Coactus
862 2674 1006 2728 enim
1053 2672 1153 2739 fui,
1199 2669 1455 2739 quoniam
1502 2681 1608 2719 non
1647 2663 1826 2717 inveni
1853 2662 1946 2715 tibi
1988 2674 2159 2729 aequa-

2274 2682 2354 2719 σοι
2384 2665 2426 2697 ει
2459 2665 2570 2717 ἴσον
2595 2665 2627 2736 ἢ
2655 2666 2750 2718 καὶ
2793 2664 3032 2736 χείρονα.
3077 2666 3283 2720 Τούτου
3326 2668 3494 2723 ἕνεκα
3532 2670 3608 2741 τῷ
3642 2668 3835 2740 πονηρῷ

607 2771 732 2835 lem,
764 2778 857 2822 aut
882 2767 1117 2837 pejorem
1152 2780 1315 2833 quam
1341 2771 1416 2814 tu.
1448 2758 1578 2812 Eam
1602 2757 1671 2811 ob
1699 2770 1919 2810 causam
1947 2762 2002 2807 te
2025 2752 2170 2805 malo

2272 2773 2330 2810 σε
2358 2756 2684 2829 παρείκασα.
2712 2756 2784 2809 Σὺ
2825 2755 2933 2827 γὰρ
2956 2755 3001 2787 ⁸³
3032 2758 3124 2810 καὶ
3158 2758 3259 2812 τοῦ
3301 2761 3406 2831 τῆς
3439 2762 3638 2826 κακίας
3664 2760 3841 2833 ἡγεμό-

605 2857 915 2926 comparavi
947 2874 959 2908 :
994 2869 1114 2907 nam
1151 2852 1313 2907 etiam
1346 2849 1563 2902 malitiae
1595 2846 1837 2915 principe
1876 2844 2048 2898 multo
2080 2859 2172 2912 pe-

2270 2867 2358 2912 νος
2392 2848 2569 2920 πολλῷ
2606 2848 2962 2921 πονηρότερος
3000 2849 3309 2919 τυγχάνεις.
3346 2854 3454 2907 Τὸν
3493 2853 3602 2925 γάρ
3632 2852 3844 2925 πονηρὸν

600 2951 691 3019 jor
714 2966 791 3002 cs.
818 2946 950 2999 Nam
979 2946 1181 2998 malum
1206 2957 1364 2995 nemo
1387 2938 1671 2993 ostendere
1696 2945 1870 3006 potest
1897 2934 2003 2989 Deo
2027 2934 2173 2987 oblo-

2270 2940 2442 3005 οὐδεὶς
2474 2941 2798 2994 κατειπόντα
2823 2941 2954 2995 Θεοῦ
2997 2941 3166 3008 δεῖξαι
3195 2942 3455 3011 δύναται,
3494 2945 3556 2998 σὲ
3578 2945 3634 3019 δε
3667 2945 3845 3015 τολμη-

606 3017 731 3110 qui;
760 3048 812 3093 te
839 3052 967 3091 vero
997 3034 1328 3089 confidenter
1365 3030 1649 3085 detrahere
1671 3027 1871 3092 cuncti,
1904 3035 2172 3095 quotquot

2273 3030 2383 3102 ρῶς
2429 3030 2793 3099 καταλέγοντα
2842 3033 2892 3084 οἱ
2943 3031 3142 3095 πάντες
3202 3036 3484 3106 παρόντες
3527 3017 3841 3106 ἱστοροῦμεν.

606 3134 888 3196 adsumus,
920 3129 1190 3181 videmus.
1231 3128 1303 3179 Ac
1348 3122 1579 3177 Simon:
1613 3120 1715 3186 Qui
1749 3118 2025 3173 veritatem
2071 3134 2170 3171 an-

686 3224 745 3233 ι.
1063 3220 1096 3233 ..
1300 3217 1341 3233 .,
1420 3215 1557 3233 μ.-.
1624 3212 1906 3233 ___.,..“_,
1966 3212 2165 3233 ηιμ..

2273 3127 2380 3178 Καὶ
2429 3126 2458 3177 6
2507 3125 2708 3195 Σίμων·
2756 3125 2813 3176 '0
2860 3124 3114 3197 ἀλήθειαν
3158 3125 3206 3158 ⁸³
3264 3126 3455 3200 ζητῶν
3504 3129 3659 3183 οὐδὲν
3695 3128 3849 3182 οὑδενὶ

606 3224 793 3292 quirit,
838 3221 973 3275 nulli
1026 3220 1136 3272 ullo
1190 3217 1353 3271 modo
1402 3215 1561 3269 debet
1617 3212 1908 3284 gratiﬁcari
1963 3212 2165 3281 aliquid

2270 3216 2467 3285 ὀφείλει
2518 3214 2668 3286 παρά
2717 3214 2777 3267 τὸ
2815 3214 2875 3268 ὃν
2927 3214 3265 3286 χαρίζεσθαι.
3334 3219 3497 3273 Ἐπεὶ
3544 3219 3599 3273 τί
3646 3221 3736 3273 καὶ
3764 3218 3849 3289 τὴν

607 3324 801 3387 ρηοῑοι·
826 3314 875 3368 id
910 3312 1054 3383 quod
1082 3319 1183 3365 est.
1218 3308 1433 3373 Alioqui
1476 3322 1574 3362 cur
1598 3313 1651 3359 et
1680 3305 1943 3374 principio
1977 3303 2170 3373 anqui-

2268 3308 2439 3379 ἀρχὴν
2467 3306 2645 3378 ξητεῖ;
2673 3307 2737 3359 Τί
2760 3306 2816 3358 δὲ
2851 3307 2945 3361 καὶ
2969 3304 3078 3376 ἐγὼ
3102 3309 3161 3360 οὑ
3192 3309 3469 3382 δύναμαι,
3499 3314 3693 3384 παρεὶς
3716 3314 3855 3381 ἀκρίς

606 3409 711 3463 rit“!
738 3405 879 3472 Quid
914 3419 1064 3466 vero,
1095 3414 1274 3454 nonne
1313 3412 1413 3467 ego
1437 3410 1654 3466 quoque
1687 3408 1929 3462 possum,
1964 3391 2170 3445 omisso

2268 3398 2395 3451 δοῦν
2437 3397 2505 3450 τά
2548 3397 2866 3469 πράγματα,
2911 3399 2990 3461 είς
3031 3396 3311 3468 ἐγκώμιον
3341 3397 3407 3458 οὗ
3452 3404 3548 3475 μὴ,
3580 3403 3852 3471 ἐπίσταμαι

606 3514 791 3553 rerum
808 3494 1049 3567 diligenti
1070 3492 1337 3557 examine,
1365 3490 1418 3543 in
1438 3487 1625 3542 laudes
1643 3484 1758 3549 Dei,
1779 3500 1937 3555 quem
1956 3484 2165 3554 ignoro,

1798 3500 1937 3555 luem
1956 3484 2165 3554 ignoro,
2268 3488 2401 3543 Θεοῦ
2433 3488 2523 3542 τὸν
2549 3488 2725 3541 πάντα
2753 3504 2853 3559 μου
2878 3487 3119 3560 δαπανᾷν
3146 3491 3347 3562 χρόνον
3369 3510 3386 3562 ;

607 3604 769 3644 omne
799 3603 976 3643 meum
1010 3595 1221 3654 tempus
1250 3579 1603 3651 impendere?

678 3681 789 3737 νη.
821 3681 957 3735 Tum
997 3679 1224 3733 Petrus:
1261 3673 1378 3726 Non
1430 3672 1564 3726 adeo
1608 3671 1800 3725 beatus
1830 3683 1910 3733 es,
1949 3673 2010 3720 ut
2045 3678 2167 3719 eum

2341 3661 2451 3716 VII.
2485 3660 2595 3713 Καὶ
2625 3662 2653 3714 6
2685 3661 2904 3732 Πέτρος·
2941 3661 3077 3715 Οὔτε
3124 3664 3392 3720 τοσοῦτον
3421 3668 3471 3699 ⁸⁸
3505 3663 3561 3722 εἴ
3611 3668 3860 3740 μακάριος

608 3774 859 3831 laudibus
888 3788 951 3827 ac
974 3770 1190 3842 hymnis
1216 3766 1430 3829 eﬂ‘eras,
1466 3764 1559 3819 sed
1590 3778 1688 3817 nec
1724 3762 1827 3815 hoc
1856 3761 2057 3814 bonum
2091 3754 2170 3808 la—

2272 3754 2429 3808 αὑτὸν
2456 3756 2663 3825 ὑμνεῖν,
2698 3752 2819 3806 οὔτε
2852 3752 2957 3824 μὴν
2990 3754 3050 3806 τὸ
3087 3755 3296 3823 ἀγαθὸν
3331 3759 3506 3812 τοῦτο
3538 3762 3760 3831 ποιῆσαι
3784 3760 3860 3812 δύ-

604 3885 729 3925 cere
752 3878 923 3938 potes.
948 3864 1081 3918 Nam
1105 3878 1168 3917 eo
1194 3861 1388 3931 plenus
1410 3871 1578 3912 esses.
1609 3854 1700 3909 Sic
1722 3853 1888 3917 enim,
1912 3850 2003 3921 qui
2027 3863 2173 3901 men-

2274 3864 2445 3899 νασαι.
2487 3844 2659 3938 iiii-cor}
2845 3844 3059 3938 πλήρης
3090 3845 3154 3897 ἂν
3184 3842 3273 3917 ἦς.
3313 3850 3485 3903 Οὕτω
3513 3852 3627 3923 γάρ
3651 3854 3680 3905 ὁ
3714 3851 3862 3921 ἀψευ-

608 3962 698 4017 tiri
727 3931 915 4025 nescit,
940 3966 1126 4011 noster
1154 3954 1344 4009 doctor
1366 3949 1674 4021 praedicavit
1698 3966 1712 4002 :
1740 3946 1823 4000 Ea:
1845 3942 2171 3997 abundantia

2277 3938 2363 4009 δὴς
2393 3935 2545 4007 ἡμῶν
2571 3931 2690 3988 εἷπε
2717 3934 3047 3998 διδάσκαλος
3090 3936 3189 3990 Ἐκ
3206 3945 3717 4012 περισσεύματος
3741 3960 3865 4009 καρ-

608 4053 781 4106 cordis
827 4068 883 4104 os
926 4048 1172 4117 loquitur.
1206 4056 1255 4098 α.
1317 4042 1467 4098 Unde
1512 4050 1568 4095 tu
1599 4082 1614 4108 ,
1679 4036 1962 4092 abundans
2029 4032 2170 4086 mala

2281 4030 2401 4096 δίας
2459 4029 2652 4097 στόμα
2695 4027 2888 4081 λαλεῖ.
2960 4027 3123 4081 Ὅθεν
3181 4031 3245 4082 σὺ
3298 4032 3350 4064 ⁸⁸
3411 4035 3869 4108 περισπώμενος

606 4143 883 4197 voluntate
898 4145 1114 4207 pr0pter
1134 4127 1852 4203 ignorantiam,detrahisde
1883 4124 1998 4180 solo
2027 4124 2170 4177 bono

2280 4121 2580 4193 προαιρέσει
2606 4121 2771 4189 κακῇ,
2786 4118 3006 4187 ἀγνοίας
3026 4121 3194 4191 αἰτία,
3216 4125 3575 4197 καταλέγεις
3597 4130 3763 4199 377
3786 4125 3868 4180 τοῦ

610 4233 740 4299 Deo,
769 4230 998 4285 necdum
1035 4242 1131 4297 pro
1158 4224 1350 4279 merito
1380 4236 1567 4276 eorum
1605 4235 1727 4289 qua:
1755 4216 1993 4273 ell'utiisti
2021 4224 2171 4285 pate-

2285 4216 2433 4284 αόνου
2488 4212 2687 4283 ἀγαθοῦ
2741 4210 2896 4276 Θεοῦ,
2958 4213 3053 4266 καὶ
3122 4216 3292 4286 μήπω
3322 4219 3376 4251 ⁸⁸
3410 4223 3543 4275 κατ’
3582 4224 3740 4288 ἀξίαν
3780 4221 3873 4276 πά-

612 4326 707 4379 ris.
755 4322 809 4375 Si
848 4320 1114 4390 judicium
1158 4316 1275 4369 fore
1318 4329 1426 4368 non
1478 4312 1676 4376 credis,
1710 4309 1848 4363 forte
1891 4316 1945 4362 et
1996 4320 2170 4376 neque

2287 4323 2412 4377 ῖχων
2437 4300 2509 4360 ὧν
2542 4307 2839 4377 ἐτόλμησας
2875 4305 3069 4373 λέγειν.
3105 4308 3167 4359 Et
3203 4311 3405 4380 κρίσιν
3451 4315 3564 4368 οἴει
3588 4317 3634 4347 ⁸⁷
3667 4317 3741 4387 μὴ
3767 4315 3875 4368 ἔσε-

610 4412 776 4466 Deum
800 4419 958 4480 putas
979 4407 1260 4463 exsistere.
1282 4402 1452 4466 Unde,
1480 4408 1681 4454 tantam
1703 4397 1822 4466 ejus
1846 4411 1955 4450 non
1981 4408 2171 4463 capes-

2287 4402 2413 4463 rOat,
2438 4401 2576 4471 τάχα
2603 4401 2659 4454 δὲ
2689 4401 2824 4471 μηδὲ
2860 4403 2904 4433 ⁸⁸
2929 4397 3066 4454 εἶναι
3095 4401 3225 4455 Θεὸν
3266 4406 3557 4477 νομίζεις.
3599 4409 3764 4463 ’Όθεν
3787 4408 3875 4479 τῆς

610 4519 735 4559 sens
766 4501 1102 4573 patientiam,
1143 4506 1195 4551 te
1242 4495 1415 4564 magis
1452 4508 1516 4547 ac
1556 4490 1732 4560 magis
1763 4489 1831 4543 ad
1859 4487 2165 4543 vecordiam

2292 4492 2534 4564 ῖοσαύτης
2565 4495 2727 4547 αὑτοῦ
2764 4495 3139 4567 μακροθυμίας
3173 4497 3274 4549 οὑκ
3328 4500 3880 4574 ἀντιλαμϐανόμενος

608 4595 873 4651 extendis.
903 4592 969 4645 Et
999 4590 1187 4645 Simon
1218 4605 1230 4641 :
1268 4585 1344 4640 Ne
1372 4598 1556 4654 speres
1579 4582 1725 4652 quod
1754 4596 1841 4634 me
1869 4580 2063 4634 timore
2082 4579 2168 4632 di-

2293 4585 2365 4636 ml.
2398 4584 2575 4638 πλεῖον
2604 4586 2737 4657 πρὸς
2769 4588 3023 4643 ἀπόνοιαν
3063 4579 3223 4645 αὑτὸ’ν
3253 4594 3566 4659 ἐκτείνεις.
3613 4596 3727 4649 Καὶ
3747 4598 3776 4649 6
3802 4594 3881 4647 Σί-

609 4696 856 4740 moturus
898 4684 995 4747 sis,
1029 4696 1096 4735 ne
1124 4695 1154 4733 a
1201 4688 1253 4732 te
1286 4690 1525 4746 quaeram
1565 4672 1939 4741 exemplorum
1970 4670 2173 4724 verita-

2296 4694 2410 4731 ιων·
2442 4679 2532 4749 Μὴ
2558 4677 2739 4742 ἔλπιζε
2773 4680 2918 4752 φόϐῳ
2947 4682 3287 4754 δυσωπήσειν
3334 4703 3436 4756 με,
3475 4689 3559 4759 μὴ
3596 4690 3784 4762 ζητεῖν
3811 4704 3884 4738 σοι

610 4788 741 4834 tem.
772 4775 884 4846 Ego
911 4775 1055 4830 enim
1087 4772 1221 4827 adeo
1251 4767 1490 4831 veritatis
1510 4780 1642 4835 sum
1665 4772 1944 4835 appetens,
1973 4772 2032 4818 ut
2053 4762 2172 4833 ejus

2297 4768 2378 4823 πῶν
2404 4770 2850 4841 παραδειγμάτων
2888 4770 2957 4825 τά
2993 4771 3186 4844 ἀληθῆ.
3246 4774 3409 4845 Ἐγὼ
3462 4778 3585 4852 γὰρ
3640 4778 3885 4834 τοσοῦτον

677 4925 706 4955 ι
734 4910 925 4966 Matth.
960 4923 1059 4975 xu,
1095 4905 1183 4961 36.

1895 5081 2125 5138 νΑΡιυΕ
2165 5078 2563 5135 LECTIONES.

678 5228 725 5259 ⁷³
755 5226 831 5281 Ita
872 5223 916 5280 0
964 5240 1013 5280 c.
1051 5226 1119 5296 (1,
1140 5219 2361 5296 xeroplloﬁvﬁutraque_Clerici_edjtio.__l§rrat
2385 5216 2543 5296 S_de
2564 5216 2634 5296 .C.
2722 5216 2782 5296 ³³
2804 5216 3071 5296 κρείττων
3096 5215 3140 5271 0
3192 5226 3245 5272 et
3265 5234 3501 5296 piat-39
3535 5223 3590 5296 (ζμ
3617 5268 3635 5289 ,
3662 5224 3897 5296 κρείττω

611 5308 809 5353 textus.
852 5295 987 5364 Tum
1018 5292 1079 5348 τό
1185 5285 1350 5364 τῴᾯ.
1426 5295 1471 5326 ⁷⁵
1502 5285 1658 5364 ἡμᾶς,
1676 5293 1978 5364 εὐεργετεῖν
2010 5290 2099 5364 C._
2145 5291 2190 5322 ⁷⁸
2217 5290 2293 5343 ὅτ’
2330 5290 2398 5364 ἄν
2429 5289 2489 5342 C.
2522 5286 2663 5364 Idem
2717 5285 2998 5364 διαλεχθῇς
3045 5301 3110 5364 e5
3156 5285 3803 5364 conjcctJﬁtakexéei;
3841 5294 3891 5343 in

612 5378 796 5431 textu,
841 5376 900 5421 ut
933 5363 995 5420 0.
1072 5354 1118 5398 τί
1146 5354 1244 5447 ,ιιέ
1366 5373 1418 5419 et
1444 5354 1783 5484 ex'coniectf
1808 5354 1847 5414 (Σ
1877 5403 1892 5428 ,
1932 5360 2126 5441 in_cuj.
2155 5369 2301 5414 textu
2325 5359 2476 5410 πότε.
2553 5356 2599 5385 ’⁷⁸
2629 5354 2803 5425 βουλεί
2832 5354 2963 5410 dedi
2984 5372 3031 5411 c.
3065 5354 3108 5410 0
3164 5374 3213 5425 p.
3242 5354 3412 5430 vulg.
3447 5354 3897 5419 formansolteca

613 5438 793 5484 Βούλτι-
861 5437 906 5468 ⁷³
946 5436 1037 5484 τόν
1072 5435 1294 5484 admnxr
1318 5450 1365 5484 c.
1402 5433 1465 5484 Ο.
1543 5433 1588 5464 ⁸ο
1673 5435 1791 5484 σεῖε
1819 5433 1858 5484 (Ι.
1909 5431 2054 5484 ἀφῇς
2089 5431 2210 5484 (sic)
2242 5430 2316 5483 id.
2341 5445 2406 5483 ex
2441 5425 2697 5484 coniect.,
2730 5425 2886 5484 ἀφείς
2924 5424 2980 5481 S.
3008 5424 3268 5484 Deinceps
3303 5431 3578 5484 ἡγεμόνι
3636 5435 3684 5484 0
3738 5445 3790 5484 et
3836 5447 3897 5484 ex

613 5424 812 5521 $06M.
861 5437 909 5521 7:
946 5436 1037 5489 τόν
1072 5435 1294 5521 adjunxi
1316 5450 1365 5521 ρ.
1402 5433 1503 5521 Ο.ὶ
1543 5433 1593 5521 ’ξ
1632 5424 1791 5521 ἀφεῖς
1819 5433 1858 5486 0
1880 5424 1886 5428 ’
1904 5430 2054 5521 Ιξῑιφιξγς
2082 5424 2210 5521 (sic)
2242 5430 2316 5483 id.
2341 5425 2704 5521 egﬂconjectq.
2730 5425 2889 5521 ἀφείς
3008 5424 3268 5521 ρείηὲορε
3303 5424 3578 5502 ἡγεμόνι
3636 5435 3684 5490 0
3738 5445 3790 5488 et
3836 5447 3899 5484 ex

609 5496 838 5590 corijé'ct.
870 5506 911 5561 C
950 5548 979 5588 ,θ
1001 5507 1092 5575 qui
1129 5496 1180 5559 i'n
1224 5513 1369 5593 textu
1409 5504 1534 5558 exh.
1568 5496 1827 5572 ἡγεμόνα.
1904 5496 1969 5532 ⁸⁸⁷
1995 5496 2303 5585 Ιιθοιὶοὴνρηι
2357 5496 2707 5552 Ottoboniani
2740 5512 2820 5547 σοι
2855 5496 2990 5575 ,(σόν
3014 5496 3075 5567 C)
3135 5496 3191 5550 S.
3224 5496 3477 5570 quoque
3526 5503 3898 5575 proposuisse

609 5580 784 5633 video.
824 5578 1134 5631 Proxrmum
1175 5592 1263 5628 κα(
1305 5591 1415 5628 οιιι.
1447 5573 1512 5627 Ο.
1586 5574 1637 5643 ⁸²ν
1663 5572 1808 5643 [ἐπεὶ
1831 5570 1962 5642 ﬂio
1988 5586 2148 5643 p.__au
2165 5585 2271 5643 γαρ
2299 5567 2369 5643 _C.
2447 5565 2770 5643 1⁵⁸ἀληθείη
2801 5566 2922 5643 (sic)
2951 5564 3014 5618 0.
3088 5565 3244 5643 fita
3269 5567 3343 5643 0_
3379 5588 3441 5627 c.
3480 5572 3527 5628 S
3599 5577 3661 5630 in
3696 5588 3897 5643 marg.3

609 5580 784 5657 video.
824 5580 1134 5659 Proximum
1175 5580 1265 5628 καῖ
1305 5580 1512 5655 ornat).
1586 5580 1962 5653 διηεπειγιαρ
1988 5586 2040 5639 p.
2080 5580 2142 5623 συ
2165 5580 2271 5650 γάρ
2310 5580 2369 5622 u.
2447 5580 2770 5645 Ι’δρυκηυειαν
2801 5580 2922 5634 isne)
2951 5580 3014 5618 U.
3096 5580 3141 5596 θ’
3172 5580 3244 5620 Ita
3269 5580 3321 5621 U
3379 5588 3441 5627 c.
3480 5580 3527 5628 ὃ
3599 5580 3661 5630 in
3696 5588 3897 5640 ψει-ε..

608 5665 856 5711 τοσουτος
885 5663 936 5699 ιη
973 5655 1142 5701 textu.
1181 5644 1237 5697 In
1263 5659 1505 5714 margine
1541 5652 1823 5715 utriusque
1846 5644 1973 5695 edit.
2015 5640 2207 5715 Clericu
2240 5657 2253 5692 :
2293 5638 2615 5715 ﬁneseowo:
2650 5634 2803 5715 Unde
2848 5635 3032 5715 lapsus
3056 5634 3473 5715 “Schyegieri.
3502 5714 3533 5715 νγ
3589 5647 3641 5678 ⁸⁸
3672 5646 3784 5715 Pro

608 5701 879 5791 l_acuna__i'n
1000 5716 1064 5791 _I.n
1095 5716 1282 5770 eodem
1313 5701 1573 5791 prinum)“.
1604 5701 1894 5791 scripserat
1918 5710 2263 5791 TthdtpéGW-L
2328 5705 2506 5791 “Ero
2545 5706 2708 5791 μῄξω
2740 5701 2931 5789 lacuna
2965 5705 3020 5790 in
3052 5701 3115 5759 Ο.
3179 5707 3308 5791 ’δτῆῆ
3368 5710 3643 5786 [κρί1σιν
3694 5714 3790 5789 oin
3817 5712 3859 5765 α
3883 5746 3903 5776 ,

608 5783 642 5857 ἦ
675 5805 725 5840 κ.
764 5786 851 5859 οἴῃ
895 5786 951 5840 S.
1000 5785 1235 5856 Uterque
1272 5775 1393 5854 post
1416 5783 1632 5837 ἔσεσθαι
1662 5775 1815 5853 potiit
1862 5775 2142 5851 punctum.
2221 5777 2264 5808 ⁸⁸
2308 5776 2463 5848 mat:
2485 5775 2675 5847 mllc
2704 5816 2718 5838 .
2761 5775 2893 5845 μηδὲ
2919 5775 2981 5827 σύ
3010 5777 3220 5831 mavult
3252 5775 3316 5831 SL
