4022 6336
213 344 298 400 ιίθ
1264 326 1724 387 CLEMENTINA.
1742 356 1808 365 -—
1847 325 2131 380 HOMILIA
2174 326 2288 380 XIX
2300 366 2314 380 .

3346 324 3451 379 ιδη

209 460 436 532 ἀληθείας
461 455 752 527 ὀρέγομαι,
773 454 847 517 ὡς
881 453 1049 523 αὐτῆς
1073 451 1234 505 ἕνεκα
1269 449 1341 519 μὴ
1370 445 1596 517 ὀκνῆσαί
1628 460 1691 515 με
1719 444 1764 479 ’θ

1884 457 2030 496 :ausa
2075 459 2182 497 non
2234 444 2414 512 pigeat
2449 457 2537 496 me
2588 444 2751 497 etiam
2794 442 3097 512 periculum
3147 441 3443 511 suscipere.

216 555 285 608 al.
304 552 359 604 τὸ
384 550 722 604 κινδυνεύειν
745 548 1118 617 ἀναδέχεσθαι.
1148 543 1293 615 Πλὴν
1324 542 1458 613 πρὸς
1489 540 1558 592 τά
1583 540 1764 608 ἀπαρ-

1871 522 2041 588 Porro
2070 536 2137 588 ad
2166 551 2250 601 ea,
2282 550 2404 603 quae
2454 535 2711 603 primitus
2754 552 2783 590 a
2820 551 2906 589 me
2948 536 3044 589 tibi
3094 541 3222 589 sunt
3249 547 3449 602 propo-

211 647 290 716 (ἧς
313 661 391 697 σοι
418 643 513 697 ὑπ’
557 641 694 714 ὲμοῦ
723 640 1079 714 προταθέντα,
1110 636 1223 707 εἴγε
1264 636 1437 688 εἰπεῖν
1469 631 1632 702 ἔχεις,
1665 630 1767 701 ἥδη

1884 625 1998 692 sita,
2022 626 2291 696 siquidem
2325 627 2493 682 habes
2520 628 2720 693 dicere,
2747 628 2861 697 jam
2884 627 3067 682 dicito.

206 736 326 802 λέγε.

263 823 382 881 VIII.
429 824 544 879 Καὶ
570 825 602 877 ὁ
630 823 835 896 Πέτρος
858 840 871 852 ·
917 819 1135 891 Ἐπειδὴ
1168 817 1373 889 τολμᾷν
1410 815 1557 887 ἡμᾶς
1597 812 1769 879 ἀναγ-

202 918 388 982 κάζεις,
418 917 521 980 τὰς
548 916 644 970 τοῦ
679 917 814 970 Θεοῦ
840 916 1036 986 τέχνας
1060 912 1301 987 ἀκριϐῶς
1333 911 1662 984 ὲφευρόντας
1683 909 1771 962 λέ-

199 1030 317 1081 γειν,
350 1013 449 1065 καὶ
467 1012 643 1066 ταῦτα
666 1010 985 1083 ἀνθρώπους
1003 1010 1131 1072 τοὺς
1169 1008 1301 1080 μηδὲ
1316 1008 1427 1062 τῶν
1450 1006 1650 1079 ὁμοίων
1673 1003 1772 1069 τὰς

198 1106 375 1176 τέχνας
414 1105 727 1178 ἀκριϐῶσαι
776 1105 1127 1175 δυναμένους,
1174 1103 1262 1157 διά
1291 1102 1420 1172 γοῦν
1456 1104 1582 1164 τοὺς
1627 1117 1771 1172 παρ-

198 1198 444 1263 εστῶτας,
485 1198 609 1253 ἀντὶ
642 1199 743 1270 τῆς
783 1199 1177 1267 εὐσεϐεστάτης
1210 1196 1386 1266 σιγῆς,
1424 1195 1551 1268 περὶ
1575 1190 1650 1248 ὧν
1685 1193 1774 1247 θέ-

198 1292 294 1356 λεις
309 1293 763 1364 διαλεχθήσομαι.
784 1292 1132 1364 Συνομολογῶ
1160 1309 1239 1343 σοι
1271 1286 1408 1343 εἷναί
1434 1307 1555 1342 τινα
1578 1287 1775 1351 κακίας

198 1386 429 1457 ἡγεμόνα
450 1427 465 1452 ,
496 1380 560 1440 οῦ
578 1386 625 1418 ’⁸
656 1386 757 1458 τὴν
796 1385 1008 1455 γένεσιν
1041 1384 1136 1457 ﬂ"
1170 1383 1362 1454 Γραφὴ
1389 1381 1512 1436 οὒτε
1534 1380 1733 1452 ἀληθὲς
1755 1419 1771 1446 ,

198 1476 299 1532 οὔτε
331 1478 538 1548 ψευδὲς
582 1480 755 1533 εἰπεῖν
801 1477 1113 1549 ἐτόλμησεν.
1151 1478 1298 1550 Πλὴν
1344 1476 1777 1549 συνδιαπορήσω-

201 1589 285 1641 μεν
314 1571 611 1641 πολλαχῶς
642 1566 703 1624 τδ
746 1570 864 1634 πῶς
903 1570 1126 1639 γέγονεν
1147 1607 1163 1633 ,
1201 1568 1360 1641 εἴπερ
1392 1570 1645 1638 γέγονεν,
1683 1569 1775 1621 καὶ

199 1666 289 1718 τῶν
308 1665 621 1721 δοκούντων
651 1665 712 1719 τὸ
735 1664 1105 1736 εὐφημότερον
1131 1661 1401 1734 ἑλώμεθα,
1431 1663 1553 1717 ἐπεὶ
1576 1665 1639 1716 ὲκ
1666 1662 1774 1716 τῶν

200 1755 411 1839 eluitur?
438 1755 782 1827 λαμϐάνεται
823 1754 984 1809 τοῦτο
1017 1754 1273 1826 βεϐαίως,
1304 1754 1392 1808 6”
1423 1754 1522 1825 μὲν
1548 1755 1627 1808 ὅτι
1657 1754 1777 1825 Θεῷ
1810 1784 1851 1839 Β

198 1849 249 1902 τὸ
271 1832 654 1923 εὐφημότερον
674 1851 875 1922 πρέπει
902 1848 1108 1913 δοῦναι,
1135 1849 1309 1922 ταύτῃ
1344 1849 1563 1919 μᾶλλον,
1593 1848 1780 1902 πασῶν

201 1942 457 1997 ὑπονοιῶν
488 1942 907 2014 καθαρθεισῶν,
941 1942 1037 1995 καὶ
1066 1941 1234 2012 ἄλλης
1264 1940 1457 2010 ἱκανῆς
1491 1940 1586 1993 καὶ
1627 1940 1781 1993 ἀκιν-

200 2034 482 2107 δυνοτέρας
524 2035 942 2108 παρακειμένης
973 2036 1230 2106 ὑποψίας.
1263 2035 1409 2107 Πλὴν
1436 2035 1536 2106 ἤδη
1562 2050 1642 2086 σοι
1675 2032 1782 2105 πρὸ

203 2128 287 2197 τῆς
309 2129 487 2199 378
522 2127 807 2199 ζητήσεως
834 2127 1225 2198 ὑπισχνοῦμαι,
1254 2128 1335 2181 ὅτι
1369 2130 1519 2182 πᾶσα
1540 2128 1660 2192 ὁδὸς
1684 2128 1783 2199 ζη-

203 2223 398 2290 τήσεως
453 2219 746 2292 ἄμεμπτον
793 2220 957 2273 αὐτὸν
1011 2220 1170 2292 μόνον
1217 2220 1436 2274 δύναται
1482 2219 1653 2285 δεῖξαι
1690 2220 1784 2274 τὸν

205 2310 334 2364 Θεόν.
744 2362 753 2371 ,

267 2402 350 2455 'x-
419 2402 596 2473 Πλὴνν
648 2402 725 2466 ὡς
772 2402 944 2474 ἔφης,
990 2403 1020 2455 ὂ
1061 2403 1295 2475 πονηρὸς
1337 2403 1453 2471 εἴγε
1493 2403 1717 2474 γενητός
1737 2404 1783 2435 ⁹³

203 2494 335 2547 ἐστιν
354 2535 369 2557 ,
405 2495 441 2565 ἢ
477 2494 558 2559 ὡς
585 2493 723 2559 ζῶον
748 2496 1155 2565 γεγέννηταιθδ,
1182 2495 1214 2566 ἢ
1243 2494 1518 2559 οὐσιωδῶς
1561 2496 1653 2549 ὑπ’
1684 2497 1784 2549 αὑ-

200 2585 284 2637 τοῦ
319 2585 719 2657 προϐέϐληται,
748 2586 907 2657 ἢέξω
933 2585 1194 2659 κέκραται
1218 2627 1233 2651 ,
1270 2586 1302 2657 ἢ
1332 2589 1396 2658 τῇ
1425 2586 1617 2659 κράσει
1650 2604 1786 2658 συμ-

202 2676 429 2747 ϐέϐηκεν
478 2676 648 2729 αὐτοῦ
693 2677 726 2746 ἡ
762 2675 1115 2748 προαίρεσις,
1158 2674 1191 2747 ἢ
1225 2675 1353 2737 ἀνευ
1399 2676 1648 2748 κράσεως
1692 2676 1785 2730 καὶ

200 2769 325 2822 Θεοῦ
362 2770 572 2840 βουλῆς
596 2769 793 2839 συνέϐη
828 2768 1080 2839 γενέσθαι
1129 2768 1187 2835 ἐξ
1221 2768 1320 2821 οὐκ
1349 2767 1518 2821 ὄντων
1542 2809 1555 2833 ,
1600 2768 1633 2840 ἢ
1680 2768 1787 2821 ὑπὸ

202 2859 326 2914 Θεοῦ
358 2864 429 2915 ἐκ
454 2860 553 2914 τοῦ
589 2860 813 2932 μηδαμῆ
828 2860 876 2895 ⁸⁸
906 2858 1173 2930 μηδαμῶς
1196 2859 1438 2927 γέγονεν,
1482 2858 1515 2930 ἦ
1541 2860 1696 2924 ἐκτὸς
1719 2855 1786 2931 ἦν

203 2956 327 3011 Θεοῦ
363 2961 397 3029 ἡ
437 2957 540 3028 ὕλη
578 2957 784 3029 ἄψυχος
814 2953 948 3012 οῦσα
981 2957 1013 3029 ἢ
1047 2957 1289 3028 ἔμψυχος
1312 2957 1436 3011 ὅθεν
1468 2956 1710 3026 γέγονεν,
1750 2959 1785 3031 ἢ

207 3050 386 3103 ἑαυτὸν
417 3050 873 3123 δημιουργήσας,
913 3049 945 3121 ἦ
990 3048 1096 3103 ὑπὸ
1134 3047 1269 3103 Θεοῦ
1310 3050 1549 3119 γεγονὼς
1571 3092 1587 3117 ,
1618 3051 1649 3123 ἢ
1680 3053 1788 3107 τῶν

205 3142 332 3212 πρός
374 3142 433 3195 τί
467 3144 637 3207 ἐστιν,
666 3143 698 3214 ἢ
728 3143 837 3196 αίεὶ
869 3138 970 3214 ἦν,
1002 3144 1173 3197 εἰπεῖν
1211 3143 1320 3215 γὰρ
1348 3145 1510 3199 αὑτὸν
1545 3146 1619 3219 μὴ
1650 3144 1787 3203 εἶναι

201 3236 257 3288 οὐ
281 3235 592 3306 δυνάμεθα,
618 3235 1144 3307 συνωμολογήσαμεν
1166 3237 1275 3310 γὰρ
1302 3238 1462 3291 αὑτὸν
1498 3239 1786 3312 ὑπάρχειν.

200 3325 301 3380 Καὶ
330 3328 374 3379 ὁ
401 3327 588 3397 Σίμων
606 3344 620 3357 ο
653 3326 850 3390 Καλῶς
872 3328 1050 3389 πάσας
1076 3328 1239 3381 αὑτοῦ
1259 3329 1358 3393 τὰς
1391 3330 1547 3394 ὁδοὺς
1573 3331 1787 3397 διεῖλες,

202 3417 257 3468 τὺ
286 3418 595 3487 κεφάλαιον
630 3417 816 3471 αὑτοῦ.
855 3419 1054 3474 Λοιπὸν
1092 3419 1224 3491 έμόν
1259 3421 1373 3473 ἐστι
1400 3421 1496 3492 τὴν
1524 3421 1790 3493 διαίρεσιν

200 3510 578 3581 ἀνακρίναντα
612 3508 783 3576 δεῖξαί
827 3526 909 3562 σοι
948 3509 1040 3564 τὸν
1086 3509 1413 3584 δημιουργὸν
1447 3513 1551 3565 ὑπὸ
1583 3513 1790 3585 μέμψιν

202 3603 346 3657 δντα.
378 3602 489 3655 Σοῦ
508 3602 567 3656 δὲ
595 3601 755 3673 ἔργον
782 3602 1064 3671 ἀποδεῖξαι
1090 3604 1273 3667 αὑτὸν,
1296 3605 1371 3667 ὡς
1399 3604 1702 3677 ὑπέσχησαι
1720 3607 1787 3673 ³⁸,

202 3694 384 3764 πάσης
420 3693 688 3765 μέμψεως
713 3694 869 3757 ἐκτὸς
899 3693 1030 3748 ὄντα
1084 3694 1360 3765 Θαυμάζω
1387 3695 1441 3748 δὲ
1472 3697 1520 3748 εἰ
1552 3696 1786 3772 δυνήσῃ.

203 3780 430 3850 Πρῶτον
464 3782 567 3853 μὲν
600 3781 709 3854 γάρ
732 3784 761 3835 6
797 3783 1033 3856 πονηρὸς
1049 3785 1115 3849 ’⁷,
1143 3786 1191 3837 εί
1218 3786 1325 3839 ἀπὸ
1362 3785 1454 3839 τοῦ
1488 3786 1621 3841 Θεοῦ
1654 3787 1790 3851 ζῶον

202 3876 531 3945 γεγέννηται
557 3873 635 3939 ’⁸,
661 3873 971 3938 ἀκολούθως
1006 3876 1106 3947 τῆς
1136 3876 1308 3946 αὐτῆς
1333 3876 1427 3930 τοῦ
1460 3879 1790 3949 προϐάλλον-

200 3983 289 4030 to;
318 3967 527 4031 κακίας
567 3966 842 4037 τυγχάνει.
884 3968 994 4020 Καὶ
1027 3968 1055 4019 6
1093 3968 1297 4038 Πέτρος
1314 3969 1358 4000 θ’
1384 3985 1396 3997 ·
1442 3970 1516 4022 Οὐ
1553 3969 1787 4035 πάντως.

216 4058 471 4131 ὀρῶμεν
490 4058 601 4131 γάρ
622 4058 851 4121 πολλοὺς
877 4057 984 4111 τῶν
1017 4057 1113 4111 ἀνθ
1124 4056 1318 4129 ρώπων
1346 4058 1581 4127 ἀγαθοὺς
1611 4060 1786 4126 ὄντας,

206 4153 297 4203 καὶ
338 4152 551 4214 κακοὺς
566 4150 633 4182 ⁸⁸⁸
674 4150 1066 4221 γεννήσαντας,
1112 4147 1302 4212 ἄλλους
1343 4149 1400 4203 δὲ
1451 4151 1792 4221 ὑπάρχοντας

207 4247 420 4306 κακοὺς
475 4244 515 4307 ¹,
584 4243 679 4295 καὶ
753 4242 990 4309 ἀγαθοὺς
1055 4239 1390 4311 ἐσχηκότας,
1454 4243 1673 4313 ἑτέρους
1733 4244 1789 4296 δὲ

204 4338 416 4399 κακοὺς
443 4334 626 4395 ὄντας,
663 4333 755 4386 καὶ
789 4332 1027 4401 ἀγαθοὺς
1054 4331 1475 4403 προϐάλλοντας,
1511 4332 1705 4398 ἄλλους
1734 4336 1791 4389 δὲ

1946 804 2078 859 Vill.
2117 803 2184 859 Et
2218 804 2457 859 Petrus:
2490 803 2763 871 Quoniam
2799 818 2902 859 nos
2938 805 3111 875 cogis,
3150 814 3208 859 ut
3244 806 3448 860 audea-

1873 912 1996 953 mus
2035 898 2250 954 divinas
2285 908 2431 954 artes
2458 899 2746 969 diligenter
2776 898 3116 967 inquirentes
3148 913 3441 965 exponere,

1873 990 2037 1061 idque
2081 1007 2183 1047 nos
2219 992 2470 1047 homines
2492 1033 2506 1058 ,
2541 992 2634 1062 qui
2668 1007 2767 1047 nec
2811 992 3070 1047 similium
3120 1001 3267 1047 artes
3294 993 3446 1048 vale-

1876 1098 2000 1137 mus
2046 1092 2241 1138 exacte
2297 1098 2658 1153 cognoscere,
2708 1086 2999 1139 astantium
3048 1093 3194 1138 certe
3237 1100 3445 1151 causa,

1876 1190 1975 1246 pro
2000 1176 2238 1229 maxime
2266 1176 2355 1244 pio
2380 1177 2623 1241 silentio,
2654 1177 2720 1230 de
2748 1178 2951 1246 quibus
2972 1177 3129 1246 cupis
3148 1178 3440 1231 disseram.

1876 1265 2073 1321 Fateor
2131 1276 2310 1321 tecum
2356 1269 2646 1336 quemdam
2679 1283 2801 1323 esse
2832 1269 3053 1323 malitia:
3100 1269 3405 1339 principem
3431 1310 3448 1336 ,

1876 1360 2035 1429 cujus
2061 1369 2240 1415 ortum
2268 1360 2549 1430 Scriptura
2575 1377 2752 1431 neque
2780 1378 2926 1426 vere,
2951 1378 3126 1432 neque
3155 1362 3292 1417 falso
3316 1380 3453 1419 ausa

1877 1458 1961 1505 est
1992 1450 2258 1505 indicare.
2294 1451 2564 1505 Czeterum
2598 1467 2705 1505 una
2742 1452 2931 1507 multis
2970 1466 3283 1521 quaeramus
3332 1470 3453 1508 mo-

1877 1542 1996 1608 dis,
2025 1557 2135 1611 quo
2182 1551 2343 1611 pacto
2372 1541 2550 1598 factus
2580 1543 2686 1610 sit,
2714 1544 2762 1597 si
2792 1543 2970 1599 factus
3000 1553 3113 1610 est,
3161 1553 3215 1599 et
3259 1560 3451 1599 eorum

1878 1650 2000 1705 quae
2029 1634 2379 1698 videbuntur,
2420 1634 2566 1704 quod
2592 1635 2878 1689 honestius
2904 1634 3009 1689 erit
3029 1650 3093 1689 ac
3119 1635 3449 1705 religiosius,

1879 1727 2186 1797 eligamus:
2220 1726 2665 1796 quandoquidem
2695 1727 2819 1796 jure
2864 1727 2970 1782 hoc
2996 1727 3244 1797 [ﬁrmiter
3282 1729 3455 1783 sumi-

1883 1828 1993 1885 tur,
2014 1819 2065 1873 id
2093 1820 2314 1889 quidem
2338 1819 2531 1874 decere
2550 1816 2662 1873 Deo
2685 1819 2925 1874 tribuere
2951 1821 3097 1889 quod
3126 1820 3455 1876 laudabilius

1881 1922 1985 1978 est,
2018 1928 2083 1967 eo
2113 1913 2320 1983 magis,
2350 1926 2475 1966 cum
2507 1910 2722 1966 cunctis
2769 1912 3176 1981 suspicionibus
3210 1914 3454 1983 purgatis

1882 2005 1989 2059 alia
2045 2004 2239 2059 idonea
2286 2003 2577 2073 minusque
2626 2003 2931 2073 periculosa
2980 2004 3032 2058 in
3084 2015 3337 2073 promptu
3384 2004 3456 2059 sit

1882 2097 2090 2165 opinio.
2111 2094 2308 2150 Verum
2318 2096 2431 2165 jam
2445 2096 2542 2150 tibi
2558 2104 2683 2150 ante
2696 2096 3141 2166 disceptationem
3167 2095 3448 2166 proﬁteor,

1883 2190 2028 2258 quod
2079 2203 2276 2244 omnes
2322 2188 2757 2258 investigationis
2789 2191 2891 2244 via:
2938 2190 3276 2259 inculpatum
3325 2205 3453 2244 eum

1884 2282 2060 2336 solum
2092 2288 2323 2350 possunt
2350 2281 2638 2335 ostendere
2661 2279 2854 2335 Deum.

1954 2433 2046 2488 1X.
2087 2432 2297 2504 Itaque,
2333 2442 2395 2488 ut
2428 2433 2647 2502 dixisti,
2681 2437 2857 2493 malus
2913 2438 2994 2493 sic
3024 2437 3201 2495 factus
3227 2449 3332 2508 est,
3361 2453 3458 2496 aut

1886 2534 1946 2581 ut
1975 2527 2179 2582 animal
2227 2529 2443 2600 genitus
2475 2539 2593 2595 est,
2626 2538 2722 2583 ant
2763 2531 3059 2584 secundum
3093 2532 3457 2588 substantiam

1887 2619 1956 2673 ab
1985 2618 2108 2689 ipso
2134 2628 2217 2674 est
2246 2622 2516 2690 prolatus.
2542 2631 2638 2676 aut
2659 2632 2813 2675 extra
2847 2631 3181 2691 temperatus
3212 2623 3338 2692 fuit,
3362 2636 3460 2682 aut

1886 2726 1982 2782 per
2036 2714 2483 2782 temperationem
2531 2713 2760 2783 contigit
2806 2714 2977 2783 ipsius
3022 2716 3312 2781 voluntas,
3363 2729 3460 2773 aut

1887 2804 2008 2859 sine
2037 2805 2426 2873 temperatione
2445 2815 2499 2860 et
2527 2805 2623 2861 Dei
2644 2806 2875 2862 consilio
2896 2808 3096 2861 accidit
3118 2808 3231 2861 ﬁeri
3256 2824 3320 2862 ex
3347 2826 3457 2869 non

1886 2897 2252 2964 exstantibus,
2301 2908 2389 2952 aut
2422 2914 2453 2952 a
2499 2898 2611 2952 Deo
2645 2898 2795 2952 nullo
2829 2899 3045 2968 penitus
3088 2900 3249 2954 modo
3278 2900 3458 2957 iactus

1886 2998 1989 3055 est,
2021 2998 2116 3043 aut
2148 2997 2303 3043 extra
2339 2988 2506 3043 Deum
2538 2997 2655 3044 erat
2678 2989 2905 3043 materia
2936 2990 3186 3044 inanima
3221 2992 3305 3045 vel
3332 2990 3461 3046 ani-

1811 3122 1861 3184 α
1892 3088 2062 3146 mata,
2090 3080 2235 3135 unde
2258 3088 2441 3134 ortum
2480 3081 2664 3145 habet,
2699 3087 2795 3134 aut
2818 3081 3059 3150 seipslm
3101 3084 3328 3149 creavit,
3363 3093 3461 3138 aut

1893 3188 1924 3227 a
1958 3171 2066 3226 Deo
2094 3170 2269 3226 factus
2297 3182 2419 3237 est,
2469 3183 2564 3227 aut
2593 3173 2659 3227 de
2700 3172 3055 3229 relativorum
3092 3184 3176 3230 est
3204 3191 3458 3242 numero,

1893 3272 1989 3318 aut
2038 3279 2253 3333 semper
2284 3264 2421 3331 fuit;
2456 3281 2580 3319 nam
2633 3281 2756 3320 eum
2789 3281 2897 3319 non
2940 3281 3094 3331 esse,
3137 3267 3321 3322 dicere
3350 3286 3461 3325 non

1893 3372 2188 3426 possumus
2210 3397 2226 3423 ,
2255 3358 2384 3428 quia
2432 3358 2486 3412 in
2518 3372 2584 3413 eo
2612 3359 2759 3428 quod
2799 3360 3032 3415 exsistat
3057 3362 3458 3418 consensimus.

1893 3447 1959 3502 Et
2020 3447 2208 3502 Simon
2246 3466 2259 3502 :
2295 3448 2441 3504 Bene
2493 3458 2721 3503 cunctas
2772 3450 2892 3519 ejus
2946 3450 3066 3507 vias
3116 3451 3350 3507 divisisti
3408 3464 3464 3509 et

1892 3556 2164 3595 summam
2198 3541 2340 3611 ejus.
2370 3540 2633 3610 Superest
2656 3551 2714 3595 ut
2738 3557 2839 3611 ego
2869 3544 3195 3598 divisionem
3229 3559 3463 3614 perpen-

1891 3631 2026 3687 dens
2064 3632 2346 3687 ostendam
2380 3631 2475 3685 tibi
2502 3631 2816 3686 Creatorem
2848 3632 3021 3703 culpaa
3050 3632 3263 3687 amnem
3316 3650 3457 3690 esse.

1892 3722 2070 3779 Tuum
2110 3738 2241 3778 vero
2271 3730 2357 3778 est
2402 3722 2815 3786 demonstrare,
2862 3724 3004 3777 sicut
3046 3722 3328 3793 professus
3377 3741 3459 3788 es,

1892 3831 2016 3870 eum
2046 3815 2194 3869 omni
2224 3815 2384 3884 culpa
2430 3829 2640 3868 carere.
2691 3813 2860 3867 Miror
2905 3822 3087 3868 autem
3137 3814 3183 3869 si
3230 3817 3456 3884 poteris.

1891 3905 2135 3962 Primum
2162 3906 2411 3978 equidem
2445 3905 2705 3971 malus,si
2736 3920 2766 3958 a
2802 3903 2909 3959 Deo
2931 3917 2989 3960 ut
3013 3906 3215 3959 animal
3245 3908 3460 3977 genitus

1891 4008 1995 4062 est,
2024 4006 2428 4067 consequenter
2457 3997 2701 4066 ejusdem
2749 3997 2967 4051 malitia:
2994 4007 3078 4051 est
3122 4012 3247 4052 cum
3279 4000 3462 4067 prola-

1893 4102 2033 4148 tore.
2082 4090 2149 4145 Et
2176 4088 2559 4146 Petrus:Non
2608 4090 2941 4143 necessario.
2989 4088 3278 4145 Cernimus
3314 4091 3461 4145 enim
3528 4080 3543 4099 ⁸

1893 4185 2097 4239 multos
2126 4183 2401 4245 homines,
2430 4181 2547 4251 qui,
2605 4181 2704 4235 etsi
2737 4180 2886 4245 boni,
2939 4181 3112 4235 malos
3143 4190 3323 4235 tamen
3364 4197 3461 4252 ge-

1894 4285 2158 4341 nuerunt,
2187 4275 2323 4329 alius
2352 4288 2504 4339 vero,
2526 4273 2620 4343 qui
2649 4273 2777 4326 mali
2805 4283 2951 4337 sunt,
2990 4284 3043 4327 et
3066 4273 3239 4327 bonos
3266 4274 3461 4328 susce-

1894 4377 2122 4440 perunt,
2178 4369 2318 4423 alios
2371 4376 2574 4431 autem,
2630 4366 2723 4436 qui
2775 4367 2902 4421 mali
2967 4366 3140 4422 bonos
3190 4367 3353 4421 simul
3396 4382 3463 4421 ac

204 4428 448 4497 ἀγαθοὺς
461 4426 927 4497 ὑπάρχοντας,καὶ
943 4424 1107 4494 379
1120 4421 1323 4487 κακούς
1337 4440 1395 4476 τε
1417 4424 1509 4476 καὶ
1524 4425 1758 4494 ἀγαθοὺς
1772 4428 1785 4458 ¹

1899 4463 2070 4517 malos
2096 4460 2422 4530 producunt,
2438 4460 2575 4515 alios
2603 4461 2855 4530 denique,
2902 4458 2999 4529 qui
3035 4474 3158 4513 cum
3185 4459 3309 4514 boni
3328 4461 3459 4523 sint,

201 4519 611 4581 τεκνώσαντας.
652 4517 860 4570 Αὐτίκα
901 4516 1032 4584 γοῦν
1066 4516 1094 4567 6
1127 4514 1343 4587 πρῶτος
1372 4515 1795 4589 δημιουργηθεὶς

202 4614 501 4682 ἄνθρωπος
524 4611 781 4680 ἐγέννησε
815 4611 905 4662 τὸν
932 4610 1113 4664 ἄδικον
1150 4610 1287 4662 Κάῖν
1327 4610 1419 4661 καὶ
1455 4610 1547 4663 τὸν
1587 4610 1794 4664 δίκαιον

1897 4565 1952 4611 et
1977 4555 2150 4609 malos
2175 4563 2228 4608 et
2258 4554 2431 4609 bonos
2453 4562 2832 4622 procrearunt.
2850 4552 3044 4607 Statim
3075 4554 3464 4623 ergo‘primum

1896 4654 2114 4701 creatus
2156 4645 2318 4699 homo
2356 4644 2541 4715 genuit
2587 4645 2832 4714 iniquum
2883 4644 3112 4698 Cainum
3161 4654 3215 4698 et
3252 4644 3464 4713 justum

202 4703 407 4757 ’Δϐελ
453 4704 596 4774 Πρὸς
627 4701 801 4756 ταῦτα
847 4705 876 4755 ὁ
916 4702 1097 4772 Σίμων
1140 4700 1275 4771 ἔφη’
1317 4702 1581 4789 Ἀνοητως
1625 4706 1785 4766 ποιείς

1896 4700 2143 4792 Ᾰδριρω.
2175 4736 2255 4790 Ad
2288 4700 2404 4791 hac}
2430 4737 2568 4791 dixit
2592 4700 2823 4790 Simon:
2859 4736 3064 4790 Stolide
3112 4700 3282 4803 τρεῖς,
3332 4736 3466 4790 dum

203 4799 345 4869 περὶ
372 4797 505 4850 Θεοῦ
548 4796 929 4867 διαλεγόμενος
958 4797 1053 4848 καὶ
1075 4796 1093 4826 ³
1130 4795 1491 4867 ἀνθρωπίνοις
1514 4796 1796 4869 χρώμενος

203 4888 669 4960 παραδείγμασιν.
698 4889 807 4943 Καὶ
827 4891 855 4943 6
876 4888 1081 4959 Πέτρος
1098 4905 1111 4917 ·
1135 4889 1206 4942 Σὺ
1233 4884 1326 4941 οὖν
1355 4891 1485 4959 ἡμῖν
1520 4890 1643 4958 λέγε
1668 4893 1794 4963 περὶ

200 4980 380 5045 Θεοῦ,
401 4981 757 5053 ἀνθρωπίνοις
784 4980 859 5052 μὴ
878 4978 1157 5051 χρώμενος
1183 4979 1634 5051 παραδείγμασιν,
1658 4984 1795 5053 μετά

195 5072 305 5124 τοῦ
350 5071 529 5141 μέντοι
563 5072 817 5146 νοηθῆναι
847 5071 1104 5126 δύνασθαι
1149 5070 1219 5125 τά
1266 5070 1559 5143 λεγόμενα·
1584 5072 1697 5126 ἀλλ’
1731 5074 1793 5127 οὐ

196 5164 446 5236 δήσῃ.

1897 4828 1964 4882 de
1993 4828 2101 4881 Deo
2131 4828 2408 4882 disserens
2441 4826 2603 4881 etiam
2650 4827 2887 4880 humana
2935 4827 3162 4881 adhibes
3195 4828 3462 4901 exempla,

1903 4920 1968 4975 Et
1995 4920 2189 4976 Petrus
2215 4939 2229 4974 :
2260 4919 2341 4975 Tu
2376 4920 2540 4991 igitur
2570 4921 2730 4975 nobis
2766 4920 2833 4974 de
2860 4919 2970 4974 Deo
2995 4920 3238 4989 loquere,
3272 4920 3468 4973 huma-

1902 5011 1988 5066 nis
2030 5026 2130 5065 nec
2180 5021 2330 5066 utere
2375 5013 2658 5081 exemplis,
2713 5012 2786 5066 ita
2825 5022 3004 5067 tamen
3055 5022 3115 5067 ut
3161 5029 3283 5083 qua:
3329 5012 3467 5067 diets

1904 5103 2113 5175 possint
2140 5103 2397 5173 intelligi;
2432 5105 2525 5158 sed
2556 5120 2900 5174 nequaquam
2934 5104 3161 5173 poteris.

1512 5274 1742 5329 VAle
1782 5273 2181 5329 LECTIONES.

284 5368 344 5399 ”
384 5383 445 5440 με
483 5366 695 5440 οηιηο.
776 5370 823 5401 ὀ
870 5363 1109 5440 [06]_C._
1172 5366 1216 5397 ⁹¹

1248 5366 1596 5441 ﬁ_inse_rni_c.
1632 5364 1706 5441 Ὀ.
1782 5367 1827 5397 ’⁸
1858 5367 1918 5419 τό
1957 5364 2019 5419 Ο.
2054 5364 2191 5419 Tum
2250 5364 2636 5441 sbqqptbrepov
2685 5369 2868 5422 δοῦναι
2920 5370 3119 5441 πρέπει
3174 5370 3233 5425 C.

195 5437 508 5511 γενητόςβ
540 5479 555 5501 ,
586 5438 618 5507 ἦ
648 5435 939 5511 γεγενητός
963 5435 1043 5493 Ὀ.
1068 5435 1205 5511 Tum
1250 5435 1397 5511 idem
1433 5438 1597 5511 ζωήν,
1630 5436 1683 5511 in
1722 5453 1889 5511 marg.
1942 5451 2087 5511 man.
2134 5453 2260 5511 rec.‘
2289 5435 2418 5511 iam);
2459 5435 2615 5511 ζῶον.

3341 5373 3387 5403 ⁸³
3417 5376 3465 5426 εἰ

2720 5440 2766 5470 ³³
2799 5442 2871 5493 Ita
2930 5439 2975 5494 Ο
3021 5451 3072 5493 ρι
3122 5457 3185 5493 ex
3230 5442 3465 5509 conject.

200 5506 247 5567 (ζ
281 5553 299 5571 ,
328 5506 619 5579 γεγένηται
644 5506 735 5565 ἰδέ
766 5506 845 5566 ἱιι’
868 5520 1038 5573 textu,
1062 5506 1313 5581 γενέηται
1341 5508 1417 5581 Cl.
1457 5506 1615 5581 Errat
1643 5506 1681 5560 S
1753 5509 1818 5581 de
1852 5506 2097 5561 lectione
2140 5506 2642 5581 codicispotelerii.
2720 5511 2766 5541 ’⁵
2797 5509 2951 5572 Θεοῦ,
2987 5509 3067 5580 [ἦ]
3100 5506 3349 5581 μηδαμοῦ
3381 5513 3420 5565 C
3452 5552 3467 5573 ,

202 5583 313 5650 qui
373 5576 547 5653 postea
575 5582 893 5653 Alcgendum
933 5597 1057 5653 esse
1107 5576 1330 5653 putabat
1369 5579 1433 5653 ὲκ
1465 5578 1600 5653 μλῆ,
1627 5594 1750 5653 cum
1785 5578 1847 5653 iri
1873 5592 2034 5631 mscr.
2097 5586 2220 5653 post
2264 5576 2385 5653 θεοῦ
2427 5590 2709 5653 appareret
2750 5582 2775 5631 ὲ
2811 5595 2935 5631 cum
2982 5576 3135 5653 initio
3164 5576 3362 5635 'litt‘erie
3412 5600 3465 5637 κ.

199 5645 253 5727 ᾖ
275 5646 533 5727 ρξτέσχου
561 5645 688 5727 Ο.Δ
703 5654 745 5727 ’ξ
769 5651 883 5727 Pro
917 5652 1069 5727 ᾑρος,
1102 5652 1151 5727 εί
1187 5650 1385 5727 lacuna
1419 5645 1578 5727 in_0._‘
1633 5648 1678 5679 ⁸⁸
1711 5648 1781 5701 Ita
1901 5655 1954 5701 et
1969 5661 2034 5727 e_x
2052 5647 2425 5727 leonjectucn
2557 5650 2713 5727 cujus
2746 5658 2894 5727 textu
2956 5650 3264 5727 γεγένηται.
3318 5652 3385 5727 ’θ’
3418 5653 3468 5723 [ὁ

202 5719 461 5793 Uitam;
487 5723 545 5777 C.
625 5724 693 5753 ¹⁶⁰
724 5717 976 5793 [κακῙούς
997 5723 1057 5775 (3.
1135 5721 1155 5793 ξ
1185 5717 1434 5793 [καμοὺς
1462 5718 1799 5793 ὑπάρχοντας
1828 5718 1887 5770 C.

609 5794 627 5825 ³
668 5788 759 5847 καί
791 5788 995 5848 inserui
1027 5811 1074 5847 c.
1122 5788 1363 5845 Ofldcm
1402 5804 1507 5844 scr.
1545 5788 1963 5862 παρτδὶγμασιν.

200 5792 294 5849 ita
329 5793 512 5847 vertit.

1989 5718 2011 5749 ⁸
2050 5714 2183 5772 Post
2207 5716 2443 5783 ἀγαθούς
2471 5720 2510 5773 C
2570 5714 2693 5774 addi
2752 5720 2862 5773 vult
2909 5714 2976 5772 τε
3016 5714 3110 5776 καὶ
3142 5714 3384 5789 κακούς,
3418 5714 3472 5777 ἔτι
