4022 6336
591 323 687 379 451
1466 324 1520 377 S.
1563 322 1991 378 CLEMENTISI
2035 322 2200 377 ROM.

2243 320 2441 377 PONT.
2472 320 2697 375 OPERA
2739 320 2968 377 DUBIA.
3678 334 3768 393 632

664 443 732 501 Χ.
773 442 891 498 Jam
934 454 1084 514 ergo,
1118 444 1246 514 quid
1281 443 1553 513 principio
1587 443 1813 497 dixisti?
1863 442 1920 496 Si
1947 459 2012 495 ex
2050 441 2143 493 Dei:

2332 436 2396 490 Χ.
2436 436 2643 489 Λύτίκα
2674 436 2804 504 γοῦν
2832 436 2885 488 τί
2918 414 3015 507 τὴν
3050 437 3223 511 ἀρχὴν
3259 439 3427 509 ἔλεγες
3450 459 3465 507 ;
3487 442 3545 496 El
3581 445 3636 497 ὲκ
3659 446 3773 499 Θεοῦ

590 538 769 593 malus
799 538 1012 607 genitus
1041 548 1143 601 est,
1175 539 1417 605 ejusdem
1458 553 1581 590 cum
1614 552 1678 589 eo
1719 536 1987 590 exsistens
2024 534 2158 589 sub-

588 631 824 697 stantiaa,
850 632 1011 686 etiam
1039 630 1181 685 Deus
1214 630 1390 684 malus
1413 639 1516 683 est.
1546 630 1800 697 Cumque
1822 630 2156 685 ostenderim

588 720 699 790 per
723 721 852 775 illud
880 720 1026 790 quod
1056 721 1171 790 ipse
1200 721 1471 774 tradidisti
1524 721 1832 789 exemplum
1860 761 1873 781 ,
1905 736 1969 775 ex
2000 722 2158 778 bonis

589 813 763 867 malos
793 812 923 867 oriri
954 820 1119 880 atque
1151 827 1217 865 ex
1262 812 1420 865 malis
1474 813 1665 875 bonos,
1703 826 1809 865 non
1844 812 2154 880 admisisti,

589 909 886 961 humanum
911 905 1224 973 prolocutus
1247 905 1553 974 exemplum
1582 921 1721 959 esse.
1751 903 1909 959 Unde
1938 915 1992 960 et
2012 921 2158 960 nunc

588 1015 763 1068 neque
782 1014 881 1068 ego
911 996 1077 1050 Deum
1098 996 1336 1063 genitum
1366 1012 1487 1050 esse
1519 997 1746 1066 recipio,
1776 998 1902 1067 quia
1933 999 2155 1068 gignere

587 1091 872 1146 hominum
902 1098 1012 1155 est,
1047 1107 1152 1145 non
1191 1089 1307 1145 Dei.
1350 1089 1452 1144 Sed
1484 1107 1583 1145 nec
1613 1090 1790 1146 bonus
1824 1093 1907 1146 vel
1955 1093 2152 1158 malus,

579 1183 761 1253 justus
800 1183 885 1237 vel
919 1183 1152 1253 injustns
1196 1198 1317 1237 esse
1364 1191 1537 1251 potest
1568 1181 1745 1247 Deus,
1779 1198 1956 1252 neque
1984 1184 2149 1238 etiam

583 1275 843 1345 prudens,
875 1284 969 1328 aut
993 1274 1194 1328 animal
1215 1316 1229 1338 ,
1269 1283 1363 1328 aut
1393 1290 1733 1344 quazcunque
1763 1275 1868 1329 alia
1922 1285 2152 1345 possunt

581 1368 762 1424 inesse
792 1366 1121 1430 hominibus,
1175 1382 1300 1419 nam
1351 1367 1454 1420 ista
1495 1367 1776 1420 hominum
1812 1377 1958 1422 sunt.
2001 1367 2066 1420 Et
2103 1368 2148 1423 si

580 1475 689 1514 non
723 1467 935 1528 oportet
966 1458 1105 1511 inter
1135 1458 1487 1526 quaerendum
1519 1458 1586 1511 de
1630 1456 1759 1521 Deo,
1793 1459 1924 1513 dare
1952 1459 2000 1512 ei
2030 1475 2151 1528 quae

580 1550 898 1606 hominibus
948 1549 1137 1603 insunt
1199 1548 1369 1615 bona,
1421 1548 1557 1602 nihil
1624 1558 1795 1603 restat
1844 1550 2150 1619 intelligere

579 1652 674 1697 aut
725 1641 896 1711 loqui.
932 1641 1036 1695 nisi
1088 1638 1264 1693 solum
1317 1641 1607 1709 quazrenda
1666 1642 1838 1710 ipsius
1873 1643 2144 1706 voluntas,

577 1748 741 1801 quam
773 1732 888 1802 ipse
919 1732 1077 1785 nobis
1106 1732 1355 1801 permisit
1384 1731 1756 1798 considerare,
1808 1743 1896 1799 ut,
1921 1736 2145 1802 quando

2259 529 2287 581 6
2332 527 2565 598 πονηρὸς
2598 527 2918 597 γεγέννηται
2936 528 2976 592 ⁸,
3011 528 3109 599 τῆς
3140 530 3305 601 αὐτῆς
3331 532 3466 603 αὐτῷ
3493 533 3561 587 ὢν
3595 536 3770 605 οὐσίας,

2259 618 2353 671 καὶ
2378 618 2611 688 πονηρός
2633 620 2795 671 ἐστιν.
2836 619 2999 690 Ἐμοῦ
3033 620 3089 673 δὲ
3116 620 3382 686 δείξαντος
3404 624 3457 690 ὲξ
3484 620 3669 697 οὗπερ·
3693 631 3774 683 αδ-

2256 712 2348 774 τὸς
2377 710 2585 773 ἔδωκας
2612 711 3077 782 παραδείγματος,
3114 714 3194 766 ὅτι
3225 713 3281 779 ἐξ
3312 714 3516 782 ἀγαθῶν
3543 720 3683 771 κακοὶ
3702 720 3776 788 γι.

2257 819 2437 857 νονται
2470 802 2564 855 καὶ¹
2584 804 2647 855 ὲκ
2674 802 2864 856 κακῶν
2894 803 3108 872 ἀγαθοὶ,
3138 803 3197 856 οὐ
3226 805 3513 875 παρεδέξω,
3539 806 3780 878 ἀνθρώπια

2259 909 2349 944 νον
2379 893 2555 963 φήσας
2588 888 2724 945 εἶναι
2774 891 2835 944 τὸ
2868 893 3234 963 παράδειγμα.
3266 894 3418 947 Ὅθεν
3454 894 3540 947 καὶ
3573 893 3656 948 νῦν
3689 895 3782 964 ἐγὼ

2254 984 2375 1036 οὐδὲ
2404 984 2463 1035 τὸ
2488 984 2843 1055 γεγεννῆσθαι
2867 984 2886 1014 ⁸
2916 984 3047 1038 Θεὸν
3073 984 3459 1056 παραδέχομαι,
3508 986 3581 1038 ὅτι
3604 985 3657 1037 τὸ
3680 1003 3784 1054 γενη

2253 1077 2349 1147 νᾷν
2385 1075 2684 1147 ἀνθρώπων
2709 1077 2856 1130 ἐστὶν
2878 1117 2893 1141 ,
2937 1078 2998 1130 οὐ
3028 1076 3183 1130 Θεοῦ.
3219 1076 3353 1130 Ἀλλ’
3399 1076 3515 1130 οὗτε
3544 1078 3720 1146 ἀγαθὸς
3756 1079 3783 1130 ὓ

2252 1166 2444 1231 κακὸς,
2479 1166 2512 1237 ἢ
2541 1166 2746 1231 δίκαιος
2773 1166 2806 1238 ἢ
2837 1167 3019 1230 ἄδικος
3045 1164 3181 1221 εἶναι
3206 1167 3419 1221 δύναται
3442 1170 3468 1221 6
3495 1168 3617 1231 Θεὸς
3635 1210 3648 1234 ,
3682 1166 3788 1221 οὔτε

2256 1256 2401 1327 μὴντ
2438 1256 2699 1326 φρόνιμος
2738 1256 2771 1327 ἢ
2802 1256 2937 1322 ζῶον
2968 1257 3000 1328 ἢ
3030 1257 3129 1311 ὅσα
3155 1256 3290 1311 ἄλλα
3322 1257 3614 1329 ἀνθρώποις
3641 1276 3788 1329 προσ-

2250 1350 2387 1401 εῖναι
2431 1347 2685 1401 δύναταιο
2734 1347 3034 1419 ἀνθρώπων
3074 1347 3183 1421 γὰρ
3227 1349 3297 1403 τὰ
3338 1348 3572 1403 τοιαῦτα.
3610 1350 3707 1402 Kal
3748 1349 3791 1401 εἰ

2252 1438 2327 1509 μὴ
2356 1438 2462 1509 χρὴ
2493 1438 2791 1508 ζητοῦντας
2817 1443 2944 1511 περὶ
2968 1439 3102 1492 Θεοῦ
3135 1440 3334 1495 διδόναι
3358 1439 3588 1510 αὐτῷοτὰ
3614 1439 3794 1511 ἀνθρώ-

2249 1546 2370 1592 ποις
2402 1530 2669 1602 προσόντα
2699 1529 2858 1595 καλὰ,
2908 1531 3059 1584 οὐδὲν
3105 1530 3222 1585 ἔστι
3264 1532 3359 1585 τοῦ
3401 1530 3584 1585 λοιποῦ
3619 1531 3794 1601 νοεῖνῆ

2246 1620 2422 1689 λέγειν
2445 1662 2460 1687 ,
2498 1621 2725 1693 ἢταὺτὸ
2756 1622 2914 1693 μόνον
2958 1623 3137 1693 ζητεῖν
3161 1661 3176 1688 ,
3225 1622 3288 1676 τὸ
3325 1624 3423 1694 τῆς
3464 1622 3797 1695 προαιρέσεως

2246 1714 2411 1784 380
2442 1714 2631 1779 αὐτοῦ,
2656 1716 2722 1787 ἦν
2748 1715 2911 1779 αὐτὸς
2942 1715 3319 1788 συνεχώρησεν
3344 1717 3473 1787 ἡμῖν
3499 1718 3651 1777 νοεῖν,
3671 1717 3797 1779 ὅπως

575 1823 966 1893 judicabimur,
1002 1824 1397 1880 inexeusabiles
1416 1824 1589 1880 simus
1621 1826 1675 1879 in
1702 1825 1769 1881 iis
1791 1842 1913 1896 qua:
1941 1843 2143 1899 cogno—

2247 1803 2552 1874 κρινόμενοι
2584 1803 2979 1875 ἀναπολόγητοι
3005 1796 3156 1873 ὦμεν
3194 1803 3328 1875 περὶ
3364 1798 3439 1856 ὧν
3471 1802 3678 1872 γνόντες
3715 1800 3799 1854 οὐκ

576 1925 791 1971 scentes
823 1933 930 1969 non
957 1917 1317 1971 servavimus.

644 2005 738 2060 XI.
783 2006 847 2061 Et
898 2007 1085 2061 Simon
1113 2007 1342 2062 audiens
1372 2006 1514 2061 dixit
1540 2024 1553 2059 :
1578 2004 1695 2062 Non
1726 2009 2077 2077 extorquebis
2114 2025 2144 2064 a

574 2113 683 2162 me,
717 2107 795 2163 ut,
827 2097 894 2152 de
932 2097 1235 2151 substantia
1264 2097 1384 2167 ejus
1430 2099 1618 2163 silens,
1666 2100 1733 2153 de
1759 2099 1875 2155 sola
1902 2100 2022 2168 ejus
2062 2100 2145 2154 in-

572 2192 790 2255 quiram
826 2189 1126 2244 voluntate.
1158 2188 1325 2243 Datur
1351 2189 1496 2244 enim
1524 2200 1577 2245 et
1601 2190 1669 2245 de
1712 2190 1859 2246 illius
1888 2193 2144 2247 substan-

575 2283 649 2335 tia
681 2282 982 2351 intelligere
1016 2297 1078 2335 ac
1107 2281 1278 2351 loqui,
1300 2298 1367 2336 ex
1394 2282 1574 2347 bonis,
1605 2283 1849 2353 inquam,
1882 2301 2003 2354 qua).
2044 2286 2143 2339 ho-

574 2374 814 2427 minibus
847 2373 1051 2426 insunt.
1104 2370 1347 2443 Exempli
1397 2374 1595 2444 gratia,
1633 2375 1841 2429 homini
1892 2377 2031 2430 inest
2061 2377 2141 2430 vi-

574 2482 701 2539 vere
730 2482 794 2520 ac
828 2466 1000 2530 mori;
1029 2466 1119 2520 sed
1150 2464 1259 2520 Deo
1286 2482 1395 2521 non
1439 2468 1599 2533 mori,
1646 2477 1701 2522 at
1738 2469 1939 2534 vivere,
1975 2479 2028 2523 et
2062 2470 2144 2524 vi-

570 2573 697 2612 vere
727 2559 777 2610 in
822 2566 1164 2627 perpetuum.
1214 2559 1409 2613 Adhuc
1451 2561 1672 2614 insitum
1698 2570 1780 2614 est
1809 2563 2139 2627 hominibus,

572 2651 745 2704 honos
775 2665 896 2703 esse
926 2659 979 2704 et
1020 2650 1232 2705 malos:
1277 2649 1423 2717 Deo,
1474 2668 1594 2706 esse
1643 2655 2143 2724 incomparabiliter

570 2742 797 2796 bonum.
862 2741 929 2796 Et
979 2759 1047 2798 ne
1099 2744 1330 2797 multum
1415 2761 1719 2801 sermonem
1778 2749 2137 2817 protraham:

569 2851 782 2900 eorum,
814 2851 936 2905 qua:
965 2835 1165 2890 habent
1197 2836 1467 2902 homines,
1498 2840 1871 2907 prmstantiora
1904 2841 1956 2894 in
1987 2853 2142 2896 aiter-

570 2945 700 2982 num
738 2928 981 2999 possidet
1024 2927 1187 2983 Deus.
1226 2928 1316 2982 Ait
1355 2928 1549 2985 Petrus
1578 2948 1591 2984 :
1620 2930 1713 2986 Dic
1740 2933 1892 2995 mihi,
1927 2932 2138 3000 Simon,

568 3022 720 3075 adest
755 3021 1089 3082 hominibus,
1115 3021 1334 3090 gignere
1368 3023 1540 3077 malos
1570 3031 1623 3077 et
1645 3023 1838 3089 bonos,
1864 3040 1930 3079 ac
1960 3024 2140 3087 facere

569 3113 713 3166 mala
762 3120 818 3167 et
858 3112 1038 3167 bona?
1087 3111 1275 3166 Simon
1326 3115 1648 3183 respondit:
1679 3116 1866 3171 Adest.
1914 3117 2137 3188 Excepit

568 3203 804 3258 Petrus:
841 3204 1113 3270 Quoniam
1165 3204 1237 3257 ita
1282 3204 1579 3268 alﬁz'masti,
1612 3222 1824 3273 eorum,
1872 3224 1994 3278 quae
2043 3210 2138 3264 ha—

570 3296 698 3351 bent
726 3296 997 3357 homines,
1031 3296 1415 3366 praestantiora
1444 3308 1660 3365 opm-tet
1706 3298 1815 3354 Deo
1844 3301 2086 3356 tribuere
2119 3316 2134 3353 :

568 3410 691 3448 cum
726 3393 794 3447 ab
825 3393 1139 3447 hominibus
1185 3392 1475 3462 gignantur
1526 3395 1653 3449 mali
1685 3404 1738 3449 et
1784 3396 1940 3460 boni,
1993 3397 2136 3452 Deus

571 3484 718 3541 solos
749 3484 925 3537 bonos
971 3492 1150 3552 potest
1184 3482 1402 3552 gignere
1432 3503 1444 3538 :
1482 3494 1764 3553 praterea,
1801 3502 1923 3541 cum
1958 3487 2138 3542 homi-

572 3589 665 3629 nes
697 3573 900 3628 faciant
931 3574 1071 3627 mala
1102 3584 1155 3628 et
1196 3575 1359 3641 bona,
1389 3576 1504 3646 ipse
1545 3578 1722 3633 solum
1755 3579 1895 3634 bona
1952 3579 2135 3637 facere

568 3670 970 3724 oblectamento
995 3668 1174 3723 habet.
1203 3668 1380 3739 Atque
1411 3670 1482 3724 ita
1511 3672 1576 3726 de
1603 3670 1731 3735 Deo,
1764 3689 1831 3726 an
1866 3691 1995 3739 non,
2015 3691 2135 3745 quae

568 3761 851 3816 hominum
880 3769 1008 3815 sunt
1039 3759 1220 3815 dicere
1246 3771 1339 3814 aut
1370 3772 1549 3818 tacere
1572 3776 1675 3829 est,
1695 3766 1775 3819 vel
1806 3782 1869 3820 ex
1906 3768 1993 3831 iis,
2014 3782 2136 3837 quze

568 3853 821 3907 homines
852 3852 1116 3916 obtinent,
1151 3851 1328 3917 bonis,
1366 3869 1583 3923 aequum
1610 3866 1691 3909 est
1723 3856 1769 3910 ei
1804 3856 1987 3927 largiri
2030 3871 2132 3927 po-

566 3946 747 4003 tiora?
794 3942 995 4013 Sicque
1050 3945 1295 3999 omnium
1332 3947 1599 4000 bonorum
1629 3949 1780 4003 solus
1807 3958 1890 4003 est
1916 3958 2129 4004 auctor.

2164 3154 2211 3218 ϐ

634 4060 755 4114 XII.
816 4058 884 4114 Et
930 4059 1157 4116 Simon:
1192 4062 1360 4130 Igitur
1407 4062 1450 4116 si
1489 4061 1631 4118 Deus
1679 4064 1917 4119 solorum
1960 4066 2135 4122 bono-

566 4170 687 4211 rum
719 4164 911 4208 auctor
942 4162 1046 4219 est,
1091 4153 1223 4224 quid
1264 4153 1460 4210 deinde
1504 4156 1803 4227 intelligere
1844 4160 2133 4228 debemus,

568 4246 673 4301 nisi
716 4245 863 4316 quod
894 4245 1097 4299 malum
1143 4245 1246 4299 alia
1280 4245 1529 4315 quaedam
1563 4250 1813 4318 genuerit
1859 4260 2129 4320 potestas,

566 4347 661 4392 aut
691 4339 830 4393 forte
852 4336 1150 4407 ingenitum
1178 4338 1269 4391 sit.
1296 4335 1361 4392 Et
1397 4337 1591 4395 Petrus
1618 4358 1631 4394 :
1663 4339 1852 4411 Neque
1885 4342 1993 4398 alia
2024 4345 2135 4398 vir-

567 4442 656 4485 tus
705 4429 892 4497 genuit
937 4428 1166 4494 malum,
1214 4444 1391 4499 neque
1430 4430 1637 4485 malitia
1697 4431 1940 4504 ingenita
2004 4445 2129 4503 est,

566 4518 1027 4589 quemadmodum
1074 4518 1138 4573 ad
1192 4497 1354 4575 ﬁnem
1403 4522 1709 4576 ostendam.
1759 4497 1922 4579 Νυηο
1980 4497 2127 4581 enim
2163 4497 2207 4552 θ

565 4610 904 4682 propositum
958 4619 1041 4665 est
1086 4609 1222 4664 mihi
1272 4608 1674 4681 demonstrare,
1715 4625 1773 4668 ut
1814 4615 1972 4671 initio
2004 4631 2131 4687 pro-

568 4703 713 4764 misi,
745 4702 912 4757 Deum
944 4702 1094 4755 omni
1120 4702 1282 4756 modo
1311 4717 1433 4757 esse
1455 4704 1859 4775 inculpabilem.
1892 4708 2131 4765 Conces-

567 4794 740 4851 simus
761 4809 908 4865 ergo,
940 4793 1111 4848 Deum
1162 4808 1229 4848 ex
1270 4793 1359 4859 iis,
1386 4810 1509 4863 quae
1555 4798 1743 4852 insunt
1778 4798 2127 4868 hominibus,

565 4886 941 4958 praestantiora
977 4887 1111 4941 citra
1149 4890 1610 4958 comparationem
1638 4890 1856 4947 habere.
1903 4893 1981 4948 Ex
2022 4911 2133 4966 quo

568 4981 646 5047 ﬁt,
681 4986 740 5033 ut
781 4977 1078 5047 productor
1103 4978 1175 5034 sit
1209 4988 1444 5049 quatuor
1475 4980 1924 5051 substantiarum,
1949 4987 2130 5055 calidi,

2248 1893 2612 1965 ὲφυλάξαμεν.

2317 1983 2407 2038 XI.
2439 1985 2547 2038 Kal
2570 1986 2599 2037 6
2627 1984 2808 2055 Σίμων
2837 1984 3077 2049 ἀκούσας
3106 1984 3213 2056 ἐφη
3234 2003 3247 2016 ·
3273 1986 3348 2039 Οὐ
3374 1985 3703 2057 δυσωπήσεις
3726 2001 3801 2057 με,

2248 2073 2526 2145 περἰδτῆς
2556 2074 2740 2137 οὐσίας
2772 2074 2936 2127 αὑτοῦ
2967 2076 3341 2146 σιωπήσαντα,
3373 2075 3500 2145 περὶ
3529 2074 3625 2144 τῆς
3646 2091 3804 2144 προαι-

2251 2163 2451 2236 ρέσεως
2476 2164 2638 2219 αὐτοῦ
2668 2164 2849 2235 ζητεῖν
2879 2167 3063 2237 μόνης.
3091 2168 3253 2220 Ἔστι
3298 2168 3411 2239 γὰρ
3443 2168 3570 2238 περὶ
3596 2168 3691 2237 τῆς
3724 2166 3805 2219 οὐ·

2248 2256 2367 2319 σίας
2394 2256 2557 2309 αὐτοῦ
2576 2258 2671 2310 καὶ
2698 2262 2838 2311 νοεῖν
2862 2260 2956 2311 καὶ
2984 2258 3185 2328 λέγειν,
3210 2259 3362 2328 λέγω
3393 2259 3457 2330 δὴ
3479 2258 3584 2313 ἀπὸ
3611 2260 3710 2312 τῶν
3729 2259 3806 2311 ἀν-

2246 2344 2483 2417 Θρώποις
2502 2346 2523 2377 ⁹
2541 2347 2849 2418 προσόντων
2872 2348 3071 2401 καλῶν.
3091 2344 3220 2403 Οἷον
3244 2350 3540 2422 πρόσεστιν
3567 2348 3810 2419 ἀνθρώπῳ

2242 2436 2303 2490 τὸ
2332 2437 2430 2509 ζῇν
2462 2440 2555 2492 καὶ
2584 2439 2645 2491 τὸ
2672 2439 2945 2504 τεθνάναι,
2967 2441 3103 2495 ἀλλὰ
3124 2442 3204 2513 τῷ
3229 2442 3353 2512 Θεῷ
3382 2443 3444 2494 οὐ
3473 2442 3534 2495 τὸ
3564 2441 3808 2501 τεθνάναι,

2245 2531 2383 2586 ἀλλὰ
2409 2531 2471 2585 τὸ
2500 2532 2619 2605 ζῇν,
2653 2536 2746 2588 καὶ
2772 2536 2830 2588 τὸ
2856 2536 2954 2608 ζῇν
2978 2537 3234 2601 αἶ’ωνίως.
3260 2539 3383 2591 Ἐτι
3412 2538 3518 2609 μὴν
3550 2537 3814 2608 πρόσεστιν

2243 2623 2550 2695 ἀνθρώποις
2573 2626 2634 2679 τὸ
2668 2631 2858 2691 κακοῖς
2886 2624 3024 2681 εἶναι
3052 2630 3144 2682 καὶ
3175 2629 3434 2697 ἀγαθοῖς,
3452 2628 3531 2699 τῷ
3554 2628 3607 2680 δὲ
3637 2626 3747 2697 Θεῷ
3762 2625 3814 2678 τὸ

2242 2716 2646 2788 ἀσυγκρίτωςίο
2672 2718 2862 2789 ἀγαθῷ
2898 2716 3052 2773 εἶναι.
3094 2721 3207 2773 Kal
3242 2722 3332 2773 ἴνα
3389 2722 3466 2792 μὴ
3508 2719 3603 2773 ἐπὶ
3627 2720 3665 2751 ¹¹
3698 2717 3815 2772 πολὺ

2246 2806 2470 2876 μηκύνω
2517 2808 2606 2860 τὸν
2663 2809 2853 2879 λόγον,
2900 2810 3011 2863 τῶν
3055 2812 3381 2882 προσόντων
3423 2811 3723 2885 ἀνθρώποις
3759 2809 3817 2863 τὰ

2242 2897 2523 2967 κρείττονα
2562 2900 2795 2964 αἱωνίως
2827 2900 3086 2971 πρόσεστι
3114 2902 3195 2973 τῷ
3233 2902 3379 2974 Θεῷ.
3429 2905 3543 2958 Kal
3576 2906 3605 2959 6
3631 2903 3821 2973 Πέτρος

2240 2988 2343 3061 ἔφη
2363 3006 2376 3019 ⁶
2409 2990 2549 3059 Λέγε
2583 3009 2694 3062 μοι,
2720 2992 2922 3063 Σίμων,
2957 2993 3259 3065 πρόσεστιν
3284 2995 3604 3068 ἀνθρώποις
3644 2995 3819 3063 γεννᾷν

2240 3082 2445 3146 κακοὺς
2474 3084 2567 3136 καὶ
2591 3084 2849 3152 ἀγαθοὺς,
2878 3087 2972 3139 καὶ
2994 3089 3168 3140 ποιεῖν
3199 3088 3356 3141 κακὰ
3382 3089 3480 3142 καὶ
3507 3088 3703 3158 ἀγαθά;
3726 3087 3824 3141 Kal

2239 3176 2267 3228 6
2299 3174 2480 3245 Σίμων
2516 3175 2617 3247 ἔφη
2638 3193 2652 3206 ο
2686 3177 3005 3248 Πρόσεστιν.
3035 3179 3146 3232 Καὶ
3178 3180 3209 3232 6
3248 3180 3465 3252 Πέτρος
3508 3182 3611 3251 ἔφη
3639 3196 3653 3210 ⁸
3688 3179 3821 3232 Ἐπεὶ

2237 3266 2409 3330 οὕτως
2435 3266 2655 3338 ἕφης¹¹,
2698 3267 2808 3322 τῶν
2847 3268 3154 3342 ἀνθρώποις
3188 3272 3519 3343 προσόντων
3548 3273 3620 3326 τὰ
3660 3270 3825 3343 κρείτ-

2234 3372 2362 3409 τονα
2384 3357 2675 3427 ἀπονέμειν
2702 3357 2784 3411 δεῖ
2804 3358 2882 3428 τῷ
2923 3359 3069 3431 Θεῷ⁶
3103 3359 3426 3433 ἀνθρώπων
3467 3362 3825 3433 γεννώντων¹¹

2234 3448 2437 3512 κακοὺς
2467 3450 2562 3502 καὶ
2586 3450 2843 3519 ἀγαθοὺς,
2874 3453 2902 3505 6
2924 3450 3057 3516 Θεὸς
3076 3454 3328 3524 ἀγαθοὺς
3355 3457 3560 3529 μόνους
3584 3455 3827 3527 γεννῆσαι

2234 3538 2477 3603 δύναται,
2501 3539 2582 3593 ἔτι
2605 3558 2665 3594 τε
2694 3541 2804 3596 τῶν
2830 3541 3133 3614 ἀνθρώπων
3173 3548 3492 3603 ποιούντων
3516 3549 3560 3581 ’⁵
3583 3548 3725 3602 κακὰ
3747 3546 3828 3599 καὶ

2233 3631 2432 3700 ἀγαθὰ,
2454 3632 2615 3695 αὐτὸς
2642 3634 2802 3704 μόνον
2828 3633 2895 3687 τὰ
2924 3635 3103 3703 ἀγαθὰ
3129 3640 3305 3693 ποιῶν
3340 3641 3634 3713 τέρπεται.
3656 3639 3829 3700 Οὕτως

2235 3726 2363 3796 περὶ
2393 3723 2552 3789 Θεοῦ,
2592 3725 2626 3794 ἢ
2674 3725 2736 3778 οὐ
2773 3726 2838 3798 δὴ
2879 3726 2948 3780 τὰ
2992 3728 3311 3801 ἀνθρώποις
3354 3735 3637 3805 προσόντα
3671 3732 3831 3799 λέγειν

2235 3814 2327 3867 καὶ
2350 3815 2559 3885 σιωπᾷν
2581 3814 2747 3881 ἔστιν,
2762 3816 2794 3888 ἢ
2812 3815 2919 3870 τῶν
2940 3818 3251 3891 ἀνθρώποις
3269 3826 3599 3896 προσόντων
3619 3822 3831 3879 καλῶν¹³

2235 3906 2455 3977 εὔλογόν
2503 3909 2651 3961 ἐστιν
2693 3909 2989 3981 ἀπονέμειν
3030 3912 3178 3985 αὐτῷ
3216 3916 3293 3970 τὰ
3336 3921 3678 3991 κρείττονας
3738 3916 3835 3973 Καὶ

2232 3999 2406 4064 οὕτως
2433 3999 2651 4054 πάντων
2680 4001 2859 4055 καλῶν
2891 4003 3050 4073 μόνος
3073 4007 3220 4059 ἐστὶν
3256 4009 3464 4075 αἴτιος.

2305 4091 2464 4162 381
2491 4091 2609 4146 XII.
2639 4093 2746 4146 Kal
2772 4095 2800 4147 6
2824 4096 3006 4169 Σίμων
3026 4114 3041 4129 ·
3073 4100 3287 4155 Οὐκοῦν
3308 4144 3326 4168 ,
3360 4105 3414 4157 εἰ
3451 4105 3483 4158 6
3511 4102 3649 4169 Θεὸς
3676 4103 3838 4175 μόνων

2234 4181 2343 4235 τῶν
2376 4182 2554 4235 καλῶν
2605 4182 2777 4248 αἴτιός
2798 4186 2966 4251 ἐστιν,
2997 4187 3091 4242 τοῦ
3127 4188 3328 4245 λοιποῦ
3391 4192 3451 4246 τι
3517 4194 3639 4247 ἐστι
3688 4196 3839 4252 νοεῖν,

2234 4272 2380 4343 ἢότι
2434 4272 2525 4325 τὸν
2557 4273 2600 4304 ⁸⁸
2632 4276 2866 4347 πονηρὸν
2924 4279 3085 4350 ἑτέρα
3124 4297 3209 4345 τις
3255 4284 3575 4359 ἐγέννησεν
3625 4284 3841 4358 ἀρχὴνῆ

2235 4361 2321 4431 ἄρ’
2348 4362 2638 4434 ἀγέννητόν
2670 4362 2710 4395 ⁸⁷
2741 4365 2908 4420 ἐστιν.
2944 4368 3051 4421 Kal
3080 4371 3109 4423 6
3155 4371 3381 4441 Πέτρος
3406 4390 3423 4405 ο
3494 4375 3641 4429 Οὔτε
3690 4375 3841 4445 ἑτέρα

2233 4467 2320 4514 τις
2348 4451 2581 4523 δύναμις
2623 4453 2879 4528 ἐγέννησε
2917 4459 3007 4512 τὸν
3044 4463 3311 4533 πονηρὸν,
3356 4465 3497 4521 οὕτε
3554 4466 3846 4538 ἁγέννητόν

2233 4542 2380 4595 ἐστιν
2412 4542 2474 4595 τὸ
2521 4545 2710 4610 κακὸν,
2744 4547 2820 4611 ὼς
2847 4550 2937 4602 ἐπὶ
2978 4549 3123 4604 τέλει
3160 4552 3351 4618 δείξω.
3392 4558 3521 4611 Νῦν
3553 4558 3669 4629 γάρ
3721 4560 3847 4611 ἁπο-

2232 4630 2401 4697 δεῖξαι
2430 4648 2519 4702 μοι
2549 4635 2855 4706 πρόκειται,
2896 4638 2973 4702 ὡς
3005 4640 3100 4693 ἀπ’
3128 4641 3312 4714 ἀρχῆς
3347 4648 3729 4722 ὑπεσχόμην,
3773 4650 3849 4703 ὅτι

2234 4722 2377 4777 κατὰ
2393 4724 2573 4779 πάντα
2601 4726 2643 4759 ¹⁸
2663 4728 2863 4799 τρόπον
2895 4730 2924 4781 6
2950 4730 3081 4794 Θεὸς
3111 4731 3427 4804 ἄμεμπτός
3461 4742 3646 4796 ἐστιν.
3682 4740 3849 4795 Δεδώ⁴

2234 4830 2409 4885 καμεν
2439 4812 2534 4870 οῦν
2572 4819 2657 4872 ὅτι
2701 4822 2731 4873 6
2750 4820 2881 4884 Θεὸς
2915 4822 3025 4876 τῶν
3054 4825 3383 4897 ἀνθρώποις
3420 4835 3758 4905 προσόντων
3788 4832 3851 4886 τὰ

2235 4905 2520 4977 κρείττονα
2543 4908 2888 4980 ἀσυγκρίτως
2913 4911 3045 4982 ἔχει.
3094 4915 3186 4967 Διὸ
3218 4918 3319 4969 καὶ
3356 4921 3663 4994 ἐνδέχεται
3698 4923 3853 4977 αὐτὸν

2240 4996 2509 5067 προϐολέα
2544 5000 2799 5069 γενέσθαι
2847 5002 2955 5056 τῶν
3008 5006 3295 5077 τεσσάρων
3330 5012 3599 5081 οὐσιῶν,
3656 5014 3857 5087 θερμοῦ

1840 5165 2072 5221 VARUS
2111 5167 2509 5229 LECTIONES.

638 5266 660 5295 ι
685 5266 759 5321 Ita
779 5265 822 5321 Ο
844 5338 855 5353 Ι
874 5276 1004 5321 etex
1029 5267 1261 5353 conject.
1293 5273 1333 5327 C
1361 5315 1391 5353 ,A
1408 5276 1515 5353 enj.
1550 5288 1728 5335 textus
1748 5283 2062 5353 γεγένηται.

565 5338 969 5409 γεγεννηκέναι,
1004 5349 1101 5409 aut
1145 5340 1308 5395 etiam
1354 5338 1490 5399 Θεὸνῖ
1539 5338 1854 5405 mutandum
1905 5338 1959 5407 in
1998 5356 2159 5409 αὐτόν

567 5406 839 5489 φρόνημος
871 5425 976 5463 scr.
1120 5411 1175 5489 I'
1216 5413 1410 5489 περς-Ι)
1442 5415 1504 5489 -Ο
1533 5421 1658 5489 ,πρό

570 5546 612 5628 1’
631 5546 708 5628 ‘In
827 5546 950 5628 γενν
974 5546 1096 5603 cum
1128 5567 1241 5628 seq.
1275 5546 1478 5628 lacuna
1496 5574 1546 5628 ρ.
1573 5546 1899 5626 γεννώντων.

568 5684 867 5766 ξέγεινρὲαὶ
897 5691 1103 5766 σιωπᾷν
1140 5684 1323 5766 ἐστιν,
1364 5695 1395 5766 ἢ
1429 5684 1536 5749 τῶν
1574 5684 1669 5752 ἀνθ

2165 5288 2292 5373 ⁵Ιὲ[ξ
2309 5286 2505 5373 οῦῘπερ
2541 5294 2602 5348 C.
2632 5294 2793 5373 IIem
2850 5300 3367 5373 παραδείγματο[ς].

1692 5359 1854 5405 udum
1905 5359 1959 5407 in
1998 5359 2159 5409 αὐτόν
2186 5359 2287 5418 (sc.
2316 5359 2408 5413 τὸν
2440 5359 2719 5435 πονηρόν).
2755 5367 2811 5420 S.

1687 5421 1746 5474 (ἶ.
1816 5423 1835 5452 ³³
1867 5423 2169 5489 ἀνθρώπων
2197 5426 2259 5481 Ο.
2330 5431 2464 5486 “Ita
2497 5433 2535 5487 S
2564 5473 2577 5489 .
2616 5436 2676 5488 τὸ
2706 5437 2807 5489 άσυ

568 5442 835 5477 γεινγιηάυω,
871 5442 976 5463 au.
1013 5442 1097 5492 γε.
1217 5442 1339 5485 lay:
1368 5442 1410 5467 υ
1460 5442 1504 5471 υ
1533 5442 1658 5489 ,προ
1687 5442 1746 5474 ι..
1817 5442 1835 5452 ’⁷
1867 5442 2169 5495 ανυρωπων
2197 5442 2259 5481 υ.
2330 5442 2464 5486 “’Ila
2564 5473 2577 5496 ,
2616 5442 2676 5488 τὸ
2706 5442 2807 5490 ἀσυ

566 5477 876 5601 ςιισυγκὸίτῳ
906 5494 1047 5548 con].
1084 5480 1245 5535 idem.
1328 5486 1369 5516 ’ί
1407 5487 1486 5549 εὶς
1508 5488 1566 5539 C.
1650 5490 1794 5561 ¹¹ἠς
1821 5508 1873 5561 p.
1897 5492 2070 5558 οὕτως
2095 5495 2232 5568 ἔφης
2255 5496 2300 5551 Ο
2356 5518 2414 5555 e.
2444 5505 2641 5571 praevia
2673 5507 2807 5561 laeui

652 5546 708 5600 ΙΙΙ
827 5566 950 5601 γενν
974 5566 1096 5601 CUI“
1128 5567 1241 5601 seu.
1275 5554 1467 5601 lacuna
1496 5574 1544 5601 ne
1573 5557 1879 5601 νεννῶυτρηυ
2007 5565 2050 5595 εδ
2089 5565 2433 5601 [ειμι-..Λιῖιιῖη-...η
2458 5572 2495 5601 l‘
2550 5573 2690 5601 1.Ιη...
2731 5577 2807 5601 .-1-

571 5565 612 5575 ··
652 5565 708 5600 III
738 5565 782 5601 U
827 5566 950 5628 γενν
974 5566 1096 5603 cum
1128 5567 1241 5632 seq.
1276 5565 1469 5610 lacuna
1496 5574 1546 5625 p.
1573 5565 1899 5626 γεννώντων.
2007 5565 2050 5595 ⁸³
2088 5565 2516 5639 [ποιούν]των’(].
2549 5573 2691 5629 Idem
2729 5577 2885 5645 μόνος
2923 5595 2972 5647 p.
3018 5598 3028 5649 ι

785 5621 922 5705 (των
966 5636 1033 5673 ex
1048 5624 1329 5705 ~conject.)
1364 5624 1672 5720 gvegdmotg
1713 5634 2019 5715 προσόντων
2060 5636 2288 5720 καλιὼν]
2332 5657 2362 5706 p
2432 5644 2561 5712 περὶ
2597 5645 2731 5698 Θεοῦ
2770 5646 2802 5716 ἢ
2851 5649 2911 5700 οὐ
2964 5649 3028 5720 δὴ

570 5707 743 5767 Λεγειν
775 5707 867 5740 και
897 5707 1103 5759 σιωπαν
1140 5708 1314 5761 εστιν,
1364 5707 1395 5766 η
1429 5714 1536 5749 των
1574 5707 1883 5772 ἀνθρώποις
1911 5707 2218 5775 προσόντων
2244 5707 2419 5762 καλῶν
2449 5707 2521 5767 Cf
2592 5715 2633 5747 ⁸⁶
2677 5716 2766 5768 τὸν
2792 5707 2802 5716 ”
2825 5717 2861 5770 S
2892 5756 2906 5773 .
2939 5707 3096 5774 codd.

570 5751 635 5812 0,
662 5756 949 5830 αγέννητός
974 5762 1174 5815 mavult
1204 5762 1241 5816 S
1340 5765 1383 5797 ¹⁸
1412 5767 1586 5821 πάντα
1618 5772 1833 5841 addidit
1868 5773 1906 5827 S
1967 5791 2032 5830 ex
2070 5779 2301 5849 conject.
2354 5783 2435 5836 (Si.

3464 5308 3489 5339 ⁸
3542 5307 3858 5378 Legendnm

2892 5370 2910 5400 ⁷
2951 5369 3047 5439 μέν
3091 5369 3170 5425 «LI.
3218 5369 3435 5432 Falsus
3470 5391 3567 5435 est
3603 5369 3656 5436 ς’
3702 5381 3771 5435 de
3806 5380 3862 5429 (ἱ.

2593 5440 2684 5519 πὸ.
2706 5440 3018 5519 άσυγκρέτξρ
3052 5440 3095 5493 Ο
3125 5481 3139 5503 ,
3166 5442 3244 5512 τῷ
3263 5444 3651 5519 ,ἀσυγκρίτῳ
3691 5452 3733 5503 C
3762 5490 3775 5509 ,
3807 5448 3865 5500 τὸ

2255 5496 2320 5592 _O1
2356 5518 2414 5555 c.
2444 5505 2641 5592 pim'vlia
2673 5496 2897 5592 lacuna:
2925 5496 3081 5592 Idem.
3108 5496 3863 5592 epokqswélﬂéiéélpdzbt;

2729 5577 3175 5662 μόνος.ρ.υμόνρν
3203 5583 3299 5662 τά.
3365 5588 3449 5662 _"
3486 5577 3683 5662 πῙερἸ,
3718 5592 3749 5661 ἢ
3786 5577 3866 5645 οὗ.

3073 5651 3142 5756 Ira
3168 5651 3552 5756 Advlztg'
3594 5651 3871 5756 προσόντα

3132 5725 3193 5779 τό
3270 5725 3317 5756 ³⁷
3336 5729 3392 5779 εὶ
3445 5730 3570 5800 ἄρα
3602 5725 3869 5801 γεννητόν
