  <div class='ocr_page' id='page_1' title='image "/cluster/home/n/w/nwhite01/storage/ocr_20150623/2/hvd.32044073501249/223.png"; bbox 0 0 4022 6336; ppageno 0'>
   <div class='ocr_carea' id='block_1_1' title="bbox 614 321 721 377">
    <p class='ocr_par' dir='ltr' id='par_1_1' title="bbox 614 321 721 377">
     <span class='ocr_line' id='line_1_1' title="bbox 614 321 721 377; baseline 0 0"><span class='ocrx_word' id='word_1_1' title='bbox 614 321 721 377; x_wconf 72' lang='grc'><strong>455</strong></span> 
     </span>
    </p>
   </div>
   <div class='ocr_carea' id='block_1_2' title="bbox 1451 298 2961 371">
    <p class='ocr_par' dir='ltr' id='par_1_2' title="bbox 1451 298 2961 371">
     <span class='ocr_line' id='line_1_2' title="bbox 1451 298 2961 371; baseline -0.014 1"><span class='ocrx_word' id='word_1_2' title='bbox 1451 317 1507 371; x_wconf 88' lang='lat' dir='ltr'><strong>S.</strong></span> <span class='ocrx_word' id='word_1_3' title='bbox 1546 311 1937 371; x_wconf 80' lang='lat' dir='ltr'><strong>CLEMENTIS</strong></span> <span class='ocrx_word' id='word_1_4' title='bbox 1975 311 1993 363; x_wconf 86' lang='grc' dir='ltr'><strong>Ι</strong></span> <span class='ocrx_word' id='word_1_5' title='bbox 2033 309 2195 365; x_wconf 80' lang='lat' dir='ltr'><strong>ROM.</strong></span> <span class='ocrx_word' id='word_1_6' title='bbox 2238 302 2436 361; x_wconf 81' lang='lat' dir='ltr'><strong>PONT.</strong></span> <span class='ocrx_word' id='word_1_7' title='bbox 2480 302 2707 359; x_wconf 80' lang='lat' dir='ltr'><strong>OPERA</strong></span> <span class='ocrx_word' id='word_1_8' title='bbox 2734 298 2961 357; x_wconf 79' lang='lat' dir='ltr'><strong>DUBIA.</strong></span> 
     </span>
    </p>
   </div>
   <div class='ocr_carea' id='block_1_3' title="bbox 3686 299 3769 353">
    <p class='ocr_par' dir='ltr' id='par_1_3' title="bbox 3686 299 3769 353">
     <span class='ocr_line' id='line_1_3' title="bbox 3686 299 3769 353; baseline 0.036 -3"><span class='ocrx_word' id='word_1_9' title='bbox 3686 299 3769 353; x_wconf 69' lang='grc'><strong>456</strong></span> 
     </span>
    </p>
   </div>
   <div class='ocr_carea' id='block_1_4' title="bbox 614 413 2210 510">
    <p class='ocr_par' dir='ltr' id='par_1_4' title="bbox 614 431 2210 510">
     <span class='ocr_line' id='line_1_4' title="bbox 614 431 2210 510; baseline -0.005 -16"><span class='ocrx_word' id='word_1_10' title='bbox 614 440 862 505; x_wconf 89' lang='lat' dir='ltr'><strong>inimica;</strong></span> <span class='ocrx_word' id='word_1_11' title='bbox 881 437 1024 508; x_wconf 88' lang='lat' dir='ltr'><strong>quod</strong></span> <span class='ocrx_word' id='word_1_12' title='bbox 1052 431 1193 493; x_wconf 71' lang='lat' dir='ltr'><strong>enim</strong></span> <span class='ocrx_word' id='word_1_13' title='bbox 1208 454 1424 510; x_wconf 84' lang='lat' dir='ltr'><strong>semper</strong></span> <span class='ocrx_word' id='word_1_14' title='bbox 1438 439 1674 503; x_wconf 79' lang='lat' dir='ltr'><strong>exsistit,</strong></span> <span class='ocrx_word' id='word_1_15' title='bbox 1691 436 2173 505; x_wconf 86' lang='lat' dir='ltr'><strong>etiamperpessio—</strong></span> <span class='ocrx_word' id='word_1_16' title='bbox 2203 486 2210 496; x_wconf 73' lang='grc'><strong>,</strong></span> 
     </span>
    </p>
   </div>
   <div class='ocr_carea' id='block_1_5' title="bbox 2291 413 3776 510">
    <p class='ocr_par' dir='ltr' id='par_1_5' title="bbox 2291 413 3776 497">
     <span class='ocr_line' id='line_1_5' title="bbox 2291 413 3776 497; baseline -0.007 -14"><span class='ocrx_word' id='word_1_17' title='bbox 2291 416 2467 484; x_wconf 66' lang='grc' dir='ltr'><strong>ιστιν·¹</strong></span> <span class='ocrx_word' id='word_1_18' title='bbox 2499 413 2564 480; x_wconf 62' lang='grc' dir='ltr'><strong>τιὸ</strong></span> <span class='ocrx_word' id='word_1_19' title='bbox 2607 426 2714 497; x_wconf 78' lang='grc' dir='ltr'>γὰρ</span> <span class='ocrx_word' id='word_1_20' title='bbox 2747 422 2891 478; x_wconf 69' lang='lat' dir='ltr'><strong>dei.“</strong></span> <span class='ocrx_word' id='word_1_21' title='bbox 2927 422 2989 479; x_wconf 63' lang='grc' dir='ltr'>ὃν</span> <span class='ocrx_word' id='word_1_22' title='bbox 3015 420 3109 474; x_wconf 76' lang='grc' dir='ltr'>καὶ</span> <span class='ocrx_word' id='word_1_23' title='bbox 3153 416 3352 480; x_wconf 85' lang='grc' dir='ltr'>ἀπαθές</span> <span class='ocrx_word' id='word_1_24' title='bbox 3402 418 3563 481; x_wconf 73' lang='grc' dir='ltr'>ἐστιν,</span> <span class='ocrx_word' id='word_1_25' title='bbox 3600 416 3776 483; x_wconf 80' lang='grc' dir='ltr'>ἀπαθὲς</span> 
     </span>
    </p>
   </div>
   <div class='ocr_carea' id='block_1_6' title="bbox 613 526 2171 600">
    <p class='ocr_par' dir='ltr' id='par_1_6' title="bbox 613 526 2171 600">
     <span class='ocr_line' id='line_1_6' title="bbox 613 526 2171 600; baseline -0.006 -15"><span class='ocrx_word' id='word_1_26' title='bbox 613 531 702 586; x_wconf 85' lang='lat' dir='ltr'><strong>nis</strong></span> <span class='ocrx_word' id='word_1_27' title='bbox 729 544 921 599; x_wconf 87' lang='lat' dir='ltr'><strong>expers</strong></span> <span class='ocrx_word' id='word_1_28' title='bbox 942 538 1046 595; x_wconf 87' lang='lat' dir='ltr'><strong>est,</strong></span> <span class='ocrx_word' id='word_1_29' title='bbox 1097 543 1290 599; x_wconf 80' lang='lat' dir='ltr'><strong>expers</strong></span> <span class='ocrx_word' id='word_1_30' title='bbox 1326 539 1504 585; x_wconf 89' lang='lat' dir='ltr'><strong>autem</strong></span> <span class='ocrx_word' id='word_1_31' title='bbox 1539 527 1906 600; x_wconf 89' lang='lat' dir='ltr'><strong>perpessionis</strong></span> <span class='ocrx_word' id='word_1_32' title='bbox 1955 526 2171 578; x_wconf 88' lang='lat' dir='ltr'><strong>beatum</strong></span> 
     </span>
    </p>
   </div>
   <div class='ocr_carea' id='block_1_7' title="bbox 615 618 2176 683">
    <p class='ocr_par' dir='ltr' id='par_1_7' title="bbox 615 618 2176 683">
     <span class='ocr_line' id='line_1_7' title="bbox 615 618 2176 683; baseline -0.004 -11"><span class='ocrx_word' id='word_1_33' title='bbox 615 626 719 683; x_wconf 86' lang='lat' dir='ltr'><strong>est,</strong></span> <span class='ocrx_word' id='word_1_34' title='bbox 747 618 963 671; x_wconf 89' lang='lat' dir='ltr'><strong>beatum</strong></span> <span class='ocrx_word' id='word_1_35' title='bbox 988 632 1119 675; x_wconf 88' lang='lat' dir='ltr'><strong>vero</strong></span> <span class='ocrx_word' id='word_1_36' title='bbox 1143 618 1841 673; x_wconf 89' lang='lat' dir='ltr'><strong>exsistensinimicitiarum</strong></span> <span class='ocrx_word' id='word_1_37' title='bbox 1859 629 2028 682; x_wconf 85' lang='lat' dir='ltr'><strong>capax</strong></span> <span class='ocrx_word' id='word_1_38' title='bbox 2054 626 2176 665; x_wconf 87' lang='lat' dir='ltr'><strong>esse</strong></span> 
     </span>
    </p>
   </div>
   <div class='ocr_carea' id='block_1_8' title="bbox 614 709 2176 779">
    <p class='ocr_par' dir='ltr' id='par_1_8' title="bbox 614 709 2176 779">
     <span class='ocr_line' id='line_1_8' title="bbox 614 709 2176 779; baseline -0.005 -16"><span class='ocrx_word' id='word_1_39' title='bbox 614 709 825 779; x_wconf 84' lang='lat' dir='ltr'><strong>nequit.</strong></span> <span class='ocrx_word' id='word_1_40' title='bbox 844 724 970 763; x_wconf 92' lang='lat' dir='ltr'><strong>cum</strong></span> <span class='ocrx_word' id='word_1_41' title='bbox 987 718 1208 778; x_wconf 76' lang='lat' dir='ltr'><strong>propter</strong></span> <span class='ocrx_word' id='word_1_42' title='bbox 1226 719 1486 765; x_wconf 67' lang='lat' dir='ltr'><strong>azternam</strong></span> <span class='ocrx_word' id='word_1_43' title='bbox 1503 709 1835 763; x_wconf 84' lang='lat' dir='ltr'><strong>creationem</strong></span> <span class='ocrx_word' id='word_1_44' title='bbox 1862 721 1972 758; x_wconf 91' lang='lat' dir='ltr'><strong>non</strong></span> <span class='ocrx_word' id='word_1_45' title='bbox 1990 719 2176 757; x_wconf 84' lang='lat' dir='ltr'><strong>verea-</strong></span> 
     </span>
    </p>
   </div>
   <div class='ocr_carea' id='block_1_9' title="bbox 2280 507 3777 590">
    <p class='ocr_par' dir='ltr' id='par_1_9' title="bbox 2280 507 3777 590">
     <span class='ocr_line' id='line_1_9' title="bbox 2280 507 3777 590; baseline -0.015 -15"><span class='ocrx_word' id='word_1_46' title='bbox 2280 522 2337 574; x_wconf 85' lang='grc' dir='ltr'>δὲ</span> <span class='ocrx_word' id='word_1_47' title='bbox 2383 521 2442 574; x_wconf 77' lang='grc' dir='ltr'>ὃν</span> <span class='ocrx_word' id='word_1_48' title='bbox 2468 517 2734 590; x_wconf 86' lang='grc' dir='ltr'>μακάριόν</span> <span class='ocrx_word' id='word_1_49' title='bbox 2764 517 2931 576; x_wconf 78' lang='grc' dir='ltr'>ἐστιν,</span> <span class='ocrx_word' id='word_1_50' title='bbox 2969 510 3234 582; x_wconf 86' lang='grc' dir='ltr'>μακάριον</span> <span class='ocrx_word' id='word_1_51' title='bbox 3259 508 3312 561; x_wconf 82' lang='grc' dir='ltr'>δὲ</span> <span class='ocrx_word' id='word_1_52' title='bbox 3334 508 3389 559; x_wconf 81' lang='grc' dir='ltr'>ὃν</span> <span class='ocrx_word' id='word_1_53' title='bbox 3431 507 3608 578; x_wconf 75' lang='grc' dir='ltr'>ἔχθρας</span> <span class='ocrx_word' id='word_1_54' title='bbox 3629 508 3777 561; x_wconf 82' lang='grc' dir='ltr'>δεκτι-</span> 
     </span>
    </p>
   </div>
   <div class='ocr_carea' id='block_1_10' title="bbox 2274 598 3780 680">
    <p class='ocr_par' dir='ltr' id='par_1_10' title="bbox 2274 598 3780 680">
     <span class='ocr_line' id='line_1_10' title="bbox 2274 598 3780 680; baseline -0.012 -13"><span class='ocrx_word' id='word_1_55' title='bbox 2274 614 2367 666; x_wconf 78' lang='grc' dir='ltr'>κὸν</span> <span class='ocrx_word' id='word_1_56' title='bbox 2404 608 2654 680; x_wconf 85' lang='grc' dir='ltr'>γενέσθαι</span> <span class='ocrx_word' id='word_1_57' title='bbox 2684 607 2745 659; x_wconf 81' lang='grc' dir='ltr'><strong>ού</strong></span> <span class='ocrx_word' id='word_1_58' title='bbox 2773 605 3016 663; x_wconf 87' lang='grc' dir='ltr'>δύναται,</span> <span class='ocrx_word' id='word_1_59' title='bbox 3045 600 3196 671; x_wconf 79' lang='grc' dir='ltr'>ἀϊδίῳ</span> <span class='ocrx_word' id='word_1_60' title='bbox 3237 598 3404 652; x_wconf 81' lang='grc' dir='ltr'><strong>κτίσει</strong></span> <span class='ocrx_word' id='word_1_61' title='bbox 3432 598 3472 629; x_wconf 68' lang='grc'>⁸¹</span> <span class='ocrx_word' id='word_1_62' title='bbox 3498 598 3780 669; x_wconf 81' lang='grc' dir='ltr'>στερήθῆναὶ</span> 
     </span>
    </p>
   </div>
   <div class='ocr_carea' id='block_1_11' title="bbox 2273 688 3785 769">
    <p class='ocr_par' dir='ltr' id='par_1_11' title="bbox 2273 688 3785 769">
     <span class='ocr_line' id='line_1_11' title="bbox 2273 688 3785 769; baseline -0.009 -15"><span class='ocrx_word' id='word_1_63' title='bbox 2273 717 2415 763; x_wconf 88' lang='grc' dir='ltr'>τινος</span> <span class='ocrx_word' id='word_1_64' title='bbox 2460 698 2535 769; x_wconf 84' lang='grc' dir='ltr'>μὴ</span> <span class='ocrx_word' id='word_1_65' title='bbox 2584 694 2961 765; x_wconf 82' lang='grc' dir='ltr'>πεφοϐημένη.</span> <span class='ocrx_word' id='word_1_66' title='bbox 3012 691 3138 753; x_wconf 84' lang='grc' dir='ltr'>Πῶς</span> <span class='ocrx_word' id='word_1_67' title='bbox 3176 690 3231 742; x_wconf 84' lang='grc' dir='ltr'>δὲ</span> <span class='ocrx_word' id='word_1_68' title='bbox 3260 690 3389 760; x_wconf 64' lang='grc' dir='ltr'>ούχὶξ</span> <span class='ocrx_word' id='word_1_69' title='bbox 3419 688 3596 759; x_wconf 79' lang='grc' dir='ltr'>μᾶλλον</span> <span class='ocrx_word' id='word_1_70' title='bbox 3621 689 3785 758; x_wconf 77' lang='grc' dir='ltr'>ἀγαπᾷ</span> 
     </span>
    </p>
   </div>
   <div class='ocr_carea' id='block_1_12' title="bbox 617 780 2210 869">
    <p class='ocr_par' dir='ltr' id='par_1_12' title="bbox 617 794 2178 869">
     <span class='ocr_line' id='line_1_12' title="bbox 617 794 2178 869; baseline -0.004 -16"><span class='ocrx_word' id='word_1_71' title='bbox 617 808 707 853; x_wconf 87' lang='lat' dir='ltr'><strong>tur</strong></span> <span class='ocrx_word' id='word_1_72' title='bbox 731 814 1006 869; x_wconf 85' lang='lat' dir='ltr'><strong>quoquam</strong></span> <span class='ocrx_word' id='word_1_73' title='bbox 1032 800 1257 868; x_wconf 86' lang='lat' dir='ltr'><strong>privari.</strong></span> <span class='ocrx_word' id='word_1_74' title='bbox 1312 799 1436 866; x_wconf 85' lang='lat' dir='ltr'><strong>Quo</strong></span> <span class='ocrx_word' id='word_1_75' title='bbox 1457 800 1618 853; x_wconf 90' lang='lat' dir='ltr'><strong>modo</strong></span> <span class='ocrx_word' id='word_1_76' title='bbox 1646 806 1824 851; x_wconf 87' lang='lat' dir='ltr'><strong>autem</strong></span> <span class='ocrx_word' id='word_1_77' title='bbox 1859 810 1966 849; x_wconf 93' lang='lat' dir='ltr'><strong>non</strong></span> <span class='ocrx_word' id='word_1_78' title='bbox 1997 794 2178 863; x_wconf 87' lang='lat' dir='ltr'><strong>potius</strong></span> 
     </span>
    </p>
   </div>
   <div class='ocr_carea' id='block_1_13' title="bbox 2291 780 3787 869">
    <p class='ocr_par' dir='ltr' id='par_1_13' title="bbox 2291 780 3787 869">
     <span class='ocr_line' id='line_1_13' title="bbox 2291 780 3787 869; baseline -0.01 -24"><span class='ocrx_word' id='word_1_79' title='bbox 2291 792 2364 845; x_wconf 74' lang='lat' dir='ltr'><strong>:bv</strong></span> <span class='ocrx_word' id='word_1_80' title='bbox 2390 787 2718 862; x_wconf 76' lang='grc' dir='ltr'>δημιουργὸν</span> <span class='ocrx_word' id='word_1_81' title='bbox 2748 789 2781 857; x_wconf 88' lang='grc' dir='ltr'><strong>ή</strong></span> <span class='ocrx_word' id='word_1_82' title='bbox 2812 785 2931 855; x_wconf 74' lang='grc' dir='ltr'><strong>ὕλη,</strong></span> <span class='ocrx_word' id='word_1_83' title='bbox 2958 784 3118 837; x_wconf 81' lang='grc' dir='ltr'>ὁπότε</span> <span class='ocrx_word' id='word_1_84' title='bbox 3303 780 3787 869; x_wconf 49' lang='grc' dir='ltr'>φαίνεται-καρποὺς</span> 
     </span>
    </p>
   </div>
   <div class='ocr_carea' id='block_1_14' title="bbox 620 887 2179 959">
    <p class='ocr_par' dir='ltr' id='par_1_14' title="bbox 620 887 2179 959">
     <span class='ocr_line' id='line_1_14' title="bbox 620 887 2179 959; baseline -0.004 -16"><span class='ocrx_word' id='word_1_85' title='bbox 620 889 801 959; x_wconf 83' lang='lat' dir='ltr'><strong>diligit</strong></span> <span class='ocrx_word' id='word_1_86' title='bbox 838 898 1138 944; x_wconf 81' lang='lat' dir='ltr'><strong>creatorem</strong></span> <span class='ocrx_word' id='word_1_87' title='bbox 1192 891 1452 955; x_wconf 82' lang='lat' dir='ltr'><strong>materia,</strong></span> <span class='ocrx_word' id='word_1_88' title='bbox 1488 905 1611 944; x_wconf 93' lang='lat' dir='ltr'><strong>cum</strong></span> <span class='ocrx_word' id='word_1_89' title='bbox 1640 887 1855 943; x_wconf 80' lang='lat' dir='ltr'><strong>fructus</strong></span> <span class='ocrx_word' id='word_1_90' title='bbox 1880 898 2179 955; x_wconf 70' lang='lat' dir='ltr'><strong>procrearis</strong></span> 
     </span>
    </p>
   </div>
   <div class='ocr_carea' id='block_1_15' title="bbox 619 974 2180 1052">
    <p class='ocr_par' dir='ltr' id='par_1_15' title="bbox 619 974 2180 1052">
     <span class='ocr_line' id='line_1_15' title="bbox 619 974 2180 1052; baseline -0.006 -16"><span class='ocrx_word' id='word_1_91' title='bbox 619 994 899 1052; x_wconf 85' lang='lat' dir='ltr'><strong>appareat,</strong></span> <span class='ocrx_word' id='word_1_92' title='bbox 927 991 988 1037; x_wconf 91' lang='lat' dir='ltr'><strong>ut</strong></span> <span class='ocrx_word' id='word_1_93' title='bbox 1037 984 1351 1038; x_wconf 85' lang='lat' dir='ltr'><strong>nutriantur</strong></span> <span class='ocrx_word' id='word_1_94' title='bbox 1402 982 1585 1037; x_wconf 85' lang='lat' dir='ltr'><strong>omnia</strong></span> <span class='ocrx_word' id='word_1_95' title='bbox 1628 982 1697 1035; x_wconf 91' lang='lat' dir='ltr'><strong>ab</strong></span> <span class='ocrx_word' id='word_1_96' title='bbox 1746 981 1864 1049; x_wconf 90' lang='lat' dir='ltr'><strong>ipso</strong></span> <span class='ocrx_word' id='word_1_97' title='bbox 1901 977 2117 1032; x_wconf 85' lang='lat' dir='ltr'><strong>condita</strong></span> <span class='ocrx_word' id='word_1_98' title='bbox 2156 974 2180 1026; x_wconf 88' lang='lat'><strong>?</strong></span> 
     </span>
    </p>
   </div>
   <div class='ocr_carea' id='block_1_16' title="bbox 619 1071 2184 1145">
    <p class='ocr_par' dir='ltr' id='par_1_16' title="bbox 619 1071 2184 1145">
     <span class='ocr_line' id='line_1_16' title="bbox 619 1071 2184 1145; baseline -0.005 -16"><span class='ocrx_word' id='word_1_99' title='bbox 619 1074 808 1129; x_wconf 89' lang='lat' dir='ltr'><strong>Nonne</strong></span> <span class='ocrx_word' id='word_1_100' title='bbox 834 1076 1019 1145; x_wconf 90' lang='lat' dir='ltr'><strong>potius</strong></span> <span class='ocrx_word' id='word_1_101' title='bbox 1050 1091 1173 1128; x_wconf 85' lang='lat' dir='ltr'><strong>eum</strong></span> <span class='ocrx_word' id='word_1_102' title='bbox 1220 1082 1280 1128; x_wconf 92' lang='lat' dir='ltr'><strong>ut</strong></span> <span class='ocrx_word' id='word_1_103' title='bbox 1318 1074 1422 1128; x_wconf 84' lang='lat' dir='ltr'><strong>sibi</strong></span> <span class='ocrx_word' id='word_1_104' title='bbox 1466 1075 1802 1143; x_wconf 78' lang='lat' dir='ltr'><strong>superiorem</strong></span> <span class='ocrx_word' id='word_1_105' title='bbox 1840 1071 2014 1135; x_wconf 84' lang='lat' dir='ltr'><strong>timet,</strong></span> <span class='ocrx_word' id='word_1_106' title='bbox 2046 1082 2184 1138; x_wconf 88' lang='lat' dir='ltr'><strong>quo-</strong></span> 
     </span>
    </p>
   </div>
   <div class='ocr_carea' id='block_1_17' title="bbox 619 1162 2181 1225">
    <p class='ocr_par' dir='ltr' id='par_1_17' title="bbox 619 1162 2181 1225">
     <span class='ocr_line' id='line_1_17' title="bbox 619 1162 2181 1225; baseline -0.004 -6"><span class='ocrx_word' id='word_1_107' title='bbox 619 1167 784 1220; x_wconf 84' lang='lat' dir='ltr'><strong>modo</strong></span> <span class='ocrx_word' id='word_1_108' title='bbox 836 1175 888 1221; x_wconf 91' lang='lat' dir='ltr'><strong>et</strong></span> <span class='ocrx_word' id='word_1_109' title='bbox 944 1174 1099 1220; x_wconf 66' lang='lat' dir='ltr'><strong>terra:</strong></span> <span class='ocrx_word' id='word_1_110' title='bbox 1154 1167 1393 1219; x_wconf 86' lang='lat' dir='ltr'><strong>motibus</strong></span> <span class='ocrx_word' id='word_1_111' title='bbox 1452 1175 1689 1219; x_wconf 90' lang='lat' dir='ltr'><strong>tremens</strong></span> <span class='ocrx_word' id='word_1_112' title='bbox 1737 1162 2063 1225; x_wconf 80' lang='lat' dir='ltr'><strong>conﬁtetur,</strong></span> <span class='ocrx_word' id='word_1_113' title='bbox 2127 1167 2181 1213; x_wconf 90' lang='lat' dir='ltr'><strong>et</strong></span> 
     </span>
    </p>
   </div>
   <div class='ocr_carea' id='block_1_18' title="bbox 620 1254 2182 1327">
    <p class='ocr_par' dir='ltr' id='par_1_18' title="bbox 620 1254 2182 1327">
     <span class='ocr_line' id='line_1_18' title="bbox 620 1254 2182 1327; baseline -0.003 -15"><span class='ocrx_word' id='word_1_114' title='bbox 620 1258 950 1327; x_wconf 85' lang='lat' dir='ltr'><strong>perturbatis</strong></span> <span class='ocrx_word' id='word_1_115' title='bbox 1004 1257 1161 1312; x_wconf 90' lang='lat' dir='ltr'><strong>undis</strong></span> <span class='ocrx_word' id='word_1_116' title='bbox 1234 1256 1460 1311; x_wconf 89' lang='lat' dir='ltr'><strong>Domino</strong></span> <span class='ocrx_word' id='word_1_117' title='bbox 1517 1256 1788 1326; x_wconf 73' lang='lat' dir='ltr'><strong>naviganti</strong></span> <span class='ocrx_word' id='word_1_118' title='bbox 1850 1267 1877 1295; x_wconf 66' lang='grc' dir='ltr'><strong>δ</strong></span> <span class='ocrx_word' id='word_1_119' title='bbox 1936 1254 2182 1322; x_wconf 87' lang='lat' dir='ltr'><strong>marique</strong></span> 
     </span>
    </p>
   </div>
   <div class='ocr_carea' id='block_1_19' title="bbox 622 1344 2183 1417">
    <p class='ocr_par' dir='ltr' id='par_1_19' title="bbox 622 1344 2183 1417">
     <span class='ocr_line' id='line_1_19' title="bbox 622 1344 2183 1417; baseline -0.004 -14"><span class='ocrx_word' id='word_1_120' title='bbox 622 1351 969 1403; x_wconf 81' lang='lat' dir='ltr'><strong>serenitatem</strong></span> <span class='ocrx_word' id='word_1_121' title='bbox 1019 1348 1304 1417; x_wconf 89' lang='lat' dir='ltr'><strong>imperanti</strong></span> <span class='ocrx_word' id='word_1_122' title='bbox 1359 1347 1500 1401; x_wconf 84' lang='lat' dir='ltr'><strong>haud</strong></span> <span class='ocrx_word' id='word_1_123' title='bbox 1556 1354 1878 1401; x_wconf 85' lang='lat' dir='ltr'><strong>cunctanter</strong></span> <span class='ocrx_word' id='word_1_124' title='bbox 1924 1344 2183 1399; x_wconf 75' lang='lat' dir='ltr'><strong>obedienl</strong></span> 
     </span>
    </p>
   </div>
   <div class='ocr_carea' id='block_1_20' title="bbox 623 1436 2183 1508">
    <p class='ocr_par' dir='ltr' id='par_1_20' title="bbox 623 1436 2183 1508">
     <span class='ocr_line' id='line_1_20' title="bbox 623 1436 2183 1508; baseline -0.003 -14"><span class='ocrx_word' id='word_1_125' title='bbox 623 1439 896 1508; x_wconf 82' lang='lat' dir='ltr'><strong>acquievit</strong></span> <span class='ocrx_word' id='word_1_126' title='bbox 924 1440 993 1493; x_wconf 78' lang='lat' dir='ltr'><strong>b?</strong></span> <span class='ocrx_word' id='word_1_127' title='bbox 1042 1437 1233 1494; x_wconf 86' lang='lat' dir='ltr'><strong>Nonne</strong></span> <span class='ocrx_word' id='word_1_128' title='bbox 1261 1439 1426 1493; x_wconf 90' lang='lat' dir='ltr'><strong>etiam</strong></span> <span class='ocrx_word' id='word_1_129' title='bbox 1467 1439 1746 1494; x_wconf 61' lang='lat' dir='ltr'><strong>damones</strong></span> <span class='ocrx_word' id='word_1_130' title='bbox 1795 1438 1959 1493; x_wconf 80' lang='lat' dir='ltr'><strong>simul</strong></span> <span class='ocrx_word' id='word_1_131' title='bbox 2010 1436 2183 1490; x_wconf 90' lang='lat' dir='ltr'><strong>territi</strong></span> 
     </span>
    </p>
   </div>
   <div class='ocr_carea' id='block_1_21' title="bbox 625 1528 2186 1598">
    <p class='ocr_par' dir='ltr' id='par_1_21' title="bbox 625 1528 2186 1598">
     <span class='ocr_line' id='line_1_21' title="bbox 625 1528 2186 1598; baseline -0.003 -13"><span class='ocrx_word' id='word_1_132' title='bbox 625 1548 687 1587; x_wconf 86' lang='lat' dir='ltr'><strong>ac</strong></span> <span class='ocrx_word' id='word_1_133' title='bbox 725 1528 1090 1585; x_wconf 84' lang='lat' dir='ltr'><strong>venerabundi</strong></span> <span class='ocrx_word' id='word_1_134' title='bbox 1136 1528 1339 1598; x_wconf 81' lang='lat' dir='ltr'><strong>egressi</strong></span> <span class='ocrx_word' id='word_1_135' title='bbox 1384 1538 1542 1594; x_wconf 90' lang='lat' dir='ltr'><strong>sunt,</strong></span> <span class='ocrx_word' id='word_1_136' title='bbox 1583 1529 1675 1583; x_wconf 88' lang='lat' dir='ltr'><strong>alii</strong></span> <span class='ocrx_word' id='word_1_137' title='bbox 1714 1543 1843 1582; x_wconf 84' lang='lat' dir='ltr'><strong>vero</strong></span> <span class='ocrx_word' id='word_1_138' title='bbox 1876 1542 2087 1591; x_wconf 91' lang='lat' dir='ltr'><strong>eorum,</strong></span> <span class='ocrx_word' id='word_1_139' title='bbox 2128 1535 2186 1580; x_wconf 90' lang='lat' dir='ltr'><strong>ut</strong></span> 
     </span>
    </p>
   </div>
   <div class='ocr_carea' id='block_1_22' title="bbox 626 1620 2185 1692">
    <p class='ocr_par' dir='ltr' id='par_1_22' title="bbox 626 1620 2185 1692">
     <span class='ocr_line' id='line_1_22' title="bbox 626 1620 2185 1692; baseline -0.004 -15"><span class='ocrx_word' id='word_1_140' title='bbox 626 1625 679 1677; x_wconf 90' lang='lat' dir='ltr'><strong>in</strong></span> <span class='ocrx_word' id='word_1_141' title='bbox 711 1636 905 1692; x_wconf 81' lang='lat' dir='ltr'><strong>porcos</strong></span> <span class='ocrx_word' id='word_1_142' title='bbox 932 1622 1136 1676; x_wconf 88' lang='lat' dir='ltr'><strong>intrare</strong></span> <span class='ocrx_word' id='word_1_143' title='bbox 1157 1620 1261 1674; x_wconf 85' lang='lat' dir='ltr'><strong>sibi</strong></span> <span class='ocrx_word' id='word_1_144' title='bbox 1288 1620 1494 1686; x_wconf 77' lang='lat' dir='ltr'><strong>liceret,</strong></span> <span class='ocrx_word' id='word_1_145' title='bbox 1520 1622 1671 1690; x_wconf 89' lang='lat' dir='ltr'><strong>prius</strong></span> <span class='ocrx_word' id='word_1_146' title='bbox 1693 1620 1982 1690; x_wconf 90' lang='lat' dir='ltr'><strong>petendum</strong></span> <span class='ocrx_word' id='word_1_147' title='bbox 2030 1624 2185 1687; x_wconf 80' lang='lat' dir='ltr'><strong>put’a-</strong></span> 
     </span>
    </p>
   </div>
   <div class='ocr_carea' id='block_1_23' title="bbox 624 1711 2185 1785">
    <p class='ocr_par' dir='ltr' id='par_1_23' title="bbox 624 1711 2185 1785">
     <span class='ocr_line' id='line_1_23' title="bbox 624 1711 2185 1785; baseline -0.003 -16"><span class='ocrx_word' id='word_1_148' title='bbox 624 1717 775 1780; x_wconf 86' lang='lat' dir='ltr'><strong>bant,</strong></span> <span class='ocrx_word' id='word_1_149' title='bbox 814 1715 1014 1785; x_wconf 89' lang='lat' dir='ltr'><strong>quippe</strong></span> <span class='ocrx_word' id='word_1_150' title='bbox 1045 1713 1138 1783; x_wconf 85' lang='lat' dir='ltr'><strong>qui</strong></span> <span class='ocrx_word' id='word_1_151' title='bbox 1171 1714 1378 1781; x_wconf 85' lang='lat' dir='ltr'><strong>absque</strong></span> <span class='ocrx_word' id='word_1_152' title='bbox 1399 1714 1545 1767; x_wconf 89' lang='lat' dir='ltr'><strong>illius</strong></span> <span class='ocrx_word' id='word_1_153' title='bbox 1578 1727 1848 1769; x_wconf 87' lang='lat' dir='ltr'><strong>consensu</strong></span> <span class='ocrx_word' id='word_1_154' title='bbox 1886 1726 1954 1767; x_wconf 89' lang='lat' dir='ltr'><strong>ne</strong></span> <span class='ocrx_word' id='word_1_155' title='bbox 1974 1711 2028 1765; x_wconf 89' lang='lat' dir='ltr'><strong>in</strong></span> <span class='ocrx_word' id='word_1_156' title='bbox 2060 1725 2185 1765; x_wconf 87' lang='lat' dir='ltr'><strong>sues</strong></span> 
     </span>
    </p>
   </div>
   <div class='ocr_carea' id='block_1_24' title="bbox 623 1804 1931 1877">
    <p class='ocr_par' dir='ltr' id='par_1_24' title="bbox 623 1804 1931 1877">
     <span class='ocr_line' id='line_1_24' title="bbox 623 1804 1931 1877; baseline -0.002 -17"><span class='ocrx_word' id='word_1_157' title='bbox 623 1807 840 1877; x_wconf 77' lang='lat' dir='ltr'><strong>quidem</strong></span> <span class='ocrx_word' id='word_1_158' title='bbox 873 1805 1202 1876; x_wconf 84' lang='lat' dir='ltr'><strong>ingrediendi</strong></span> <span class='ocrx_word' id='word_1_159' title='bbox 1234 1804 1495 1859; x_wconf 86' lang='lat' dir='ltr'><strong>haberent</strong></span> <span class='ocrx_word' id='word_1_160' title='bbox 1516 1813 1830 1874; x_wconf 88' lang='lat' dir='ltr'><strong>potestatem</strong></span> <span class='ocrx_word' id='word_1_161' title='bbox 1862 1806 1931 1858; x_wconf 68' lang='grc' dir='ltr'><strong>οἳ</strong></span> 
     </span>
    </p>
   </div>
   <div class='ocr_carea' id='block_1_25' title="bbox 694 1894 2180 1964">
    <p class='ocr_par' dir='ltr' id='par_1_25' title="bbox 694 1894 2180 1964">
     <span class='ocr_line' id='line_1_25' title="bbox 694 1894 2180 1964; baseline -0.002 -14"><span class='ocrx_word' id='word_1_162' title='bbox 694 1895 811 1952; x_wconf 83' lang='lat' dir='ltr'><strong>XV.</strong></span> <span class='ocrx_word' id='word_1_163' title='bbox 849 1896 913 1951; x_wconf 83' lang='lat' dir='ltr'><strong>Et</strong></span> <span class='ocrx_word' id='word_1_164' title='bbox 965 1895 1190 1950; x_wconf 87' lang='lat' dir='ltr'><strong>Simon:</strong></span> <span class='ocrx_word' id='word_1_165' title='bbox 1225 1894 1368 1961; x_wconf 85' lang='lat' dir='ltr'><strong>Quid</strong></span> <span class='ocrx_word' id='word_1_166' title='bbox 1423 1911 1576 1963; x_wconf 89' lang='lat' dir='ltr'><strong>vero,</strong></span> <span class='ocrx_word' id='word_1_167' title='bbox 1635 1897 1681 1951; x_wconf 91' lang='lat' dir='ltr'><strong>si</strong></span> <span class='ocrx_word' id='word_1_168' title='bbox 1726 1895 1907 1949; x_wconf 85' lang='lat' dir='ltr'><strong>anima</strong></span> <span class='ocrx_word' id='word_1_169' title='bbox 1963 1894 2180 1964; x_wconf 86' lang='lat' dir='ltr'><strong>quidem</strong></span> 
     </span>
    </p>
   </div>
   <div class='ocr_carea' id='block_1_26' title="bbox 623 1984 2185 2059">
    <p class='ocr_par' dir='ltr' id='par_1_26' title="bbox 623 1984 2185 2059">
     <span class='ocr_line' id='line_1_26' title="bbox 623 1984 2185 2059; baseline -0.004 -15"><span class='ocrx_word' id='word_1_170' title='bbox 623 1991 830 2059; x_wconf 85' lang='lat' dir='ltr'><strong>privata</strong></span> <span class='ocrx_word' id='word_1_171' title='bbox 856 1989 1093 2043; x_wconf 92' lang='lat' dir='ltr'><strong>indolem</strong></span> <span class='ocrx_word' id='word_1_172' title='bbox 1140 1988 1336 2041; x_wconf 88' lang='lat' dir='ltr'><strong>habeat</strong></span> <span class='ocrx_word' id='word_1_173' title='bbox 1365 1988 1508 2041; x_wconf 90' lang='lat' dir='ltr'><strong>mala</strong></span> <span class='ocrx_word' id='word_1_174' title='bbox 1533 2002 1597 2042; x_wconf 88' lang='lat' dir='ltr'><strong>ac</strong></span> <span class='ocrx_word' id='word_1_175' title='bbox 1633 1988 1778 2041; x_wconf 91' lang='lat' dir='ltr'><strong>bona</strong></span> <span class='ocrx_word' id='word_1_176' title='bbox 1823 1986 2133 2056; x_wconf 77' lang='lat' dir='ltr'><strong>ingignendi</strong></span> <span class='ocrx_word' id='word_1_177' title='bbox 2162 1984 2185 2037; x_wconf 72' lang='grc' dir='ltr'><strong>’ἰ</strong></span> 
     </span>
    </p>
   </div>
   <div class='ocr_carea' id='block_1_27' title="bbox 626 2078 2178 2152">
    <p class='ocr_par' dir='ltr' id='par_1_27' title="bbox 626 2078 2178 2152">
     <span class='ocr_line' id='line_1_27' title="bbox 626 2078 2178 2152; baseline -0.005 -15"><span class='ocrx_word' id='word_1_178' title='bbox 626 2082 925 2152; x_wconf 81' lang='lat' dir='ltr'><strong>Respondit</strong></span> <span class='ocrx_word' id='word_1_179' title='bbox 953 2080 1183 2135; x_wconf 88' lang='lat' dir='ltr'><strong>Petrus:</strong></span> <span class='ocrx_word' id='word_1_180' title='bbox 1222 2078 1334 2134; x_wconf 85' lang='lat' dir='ltr'><strong>Hac</strong></span> <span class='ocrx_word' id='word_1_181' title='bbox 1383 2080 1595 2133; x_wconf 90' lang='lat' dir='ltr'><strong>ratione</strong></span> <span class='ocrx_word' id='word_1_182' title='bbox 1654 2093 1831 2148; x_wconf 89' lang='lat' dir='ltr'><strong>neque</strong></span> <span class='ocrx_word' id='word_1_183' title='bbox 1887 2079 2028 2131; x_wconf 90' lang='lat' dir='ltr'><strong>bona</strong></span> <span class='ocrx_word' id='word_1_184' title='bbox 2075 2085 2178 2143; x_wconf 88' lang='lat' dir='ltr'><strong>est,</strong></span> 
     </span>
    </p>
   </div>
   <div class='ocr_carea' id='block_1_28' title="bbox 630 2168 2187 2245">
    <p class='ocr_par' dir='ltr' id='par_1_28' title="bbox 630 2168 2187 2245">
     <span class='ocr_line' id='line_1_28' title="bbox 630 2168 2187 2245; baseline -0.004 -17"><span class='ocrx_word' id='word_1_185' title='bbox 630 2190 802 2245; x_wconf 89' lang='lat' dir='ltr'><strong>neque</strong></span> <span class='ocrx_word' id='word_1_186' title='bbox 848 2174 1022 2239; x_wconf 88' lang='lat' dir='ltr'><strong>mala,</strong></span> <span class='ocrx_word' id='word_1_187' title='bbox 1062 2173 1190 2240; x_wconf 89' lang='lat' dir='ltr'><strong>quia</strong></span> <span class='ocrx_word' id='word_1_188' title='bbox 1226 2173 1423 2226; x_wconf 73' lang='lat' dir='ltr'><strong>animze</strong></span> <span class='ocrx_word' id='word_1_189' title='bbox 1454 2186 1518 2226; x_wconf 91' lang='lat' dir='ltr'><strong>ac</strong></span> <span class='ocrx_word' id='word_1_190' title='bbox 1575 2186 1773 2226; x_wconf 91' lang='lat' dir='ltr'><strong>sensus</strong></span> <span class='ocrx_word' id='word_1_191' title='bbox 1820 2185 2017 2239; x_wconf 78' lang='lat' dir='ltr'><strong>expers</strong></span> <span class='ocrx_word' id='word_1_192' title='bbox 2075 2168 2187 2236; x_wconf 80' lang='lat' dir='ltr'><strong>agit</strong></span> 
     </span>
    </p>
   </div>
   <div class='ocr_carea' id='block_1_29' title="bbox 629 2261 2185 2332">
    <p class='ocr_par' dir='ltr' id='par_1_29' title="bbox 629 2261 2185 2332">
     <span class='ocr_line' id='line_1_29' title="bbox 629 2261 2185 2332; baseline -0.005 -11"><span class='ocrx_word' id='word_1_193' title='bbox 629 2268 745 2321; x_wconf 88' lang='lat' dir='ltr'><strong>sine</strong></span> <span class='ocrx_word' id='word_1_194' title='bbox 771 2266 1023 2321; x_wconf 91' lang='lat' dir='ltr'><strong>consilio.</strong></span> <span class='ocrx_word' id='word_1_195' title='bbox 1079 2265 1257 2331; x_wconf 85' lang='lat' dir='ltr'><strong>Quare</strong></span> <span class='ocrx_word' id='word_1_196' title='bbox 1286 2273 1338 2318; x_wconf 88' lang='lat' dir='ltr'><strong>et</strong></span> <span class='ocrx_word' id='word_1_197' title='bbox 1375 2265 1477 2317; x_wconf 93' lang='lat' dir='ltr'><strong>hoc</strong></span> <span class='ocrx_word' id='word_1_198' title='bbox 1508 2261 1735 2332; x_wconf 82' lang='lat' dir='ltr'><strong>intelligi</strong></span> <span class='ocrx_word' id='word_1_199' title='bbox 1789 2270 1991 2332; x_wconf 88' lang='lat' dir='ltr'><strong>potest,</strong></span> <span class='ocrx_word' id='word_1_200' title='bbox 2048 2276 2185 2330; x_wconf 90' lang='lat' dir='ltr'><strong>quo-</strong></span> 
     </span>
    </p>
   </div>
   <div class='ocr_carea' id='block_1_30' title="bbox 628 2355 2186 2428">
    <p class='ocr_par' dir='ltr' id='par_1_30' title="bbox 628 2355 2186 2428">
     <span class='ocr_line' id='line_1_30' title="bbox 628 2355 2186 2428; baseline -0.004 -15"><span class='ocrx_word' id='word_1_201' title='bbox 628 2359 792 2413; x_wconf 89' lang='lat' dir='ltr'><strong>modo</strong></span> <span class='ocrx_word' id='word_1_202' title='bbox 847 2359 1044 2413; x_wconf 66' lang='lat' dir='ltr'><strong>anima:</strong></span> <span class='ocrx_word' id='word_1_203' title='bbox 1106 2373 1302 2428; x_wconf 81' lang='lat' dir='ltr'><strong>expers</strong></span> <span class='ocrx_word' id='word_1_204' title='bbox 1358 2365 1608 2426; x_wconf 89' lang='lat' dir='ltr'><strong>procreet</strong></span> <span class='ocrx_word' id='word_1_205' title='bbox 1678 2355 1859 2409; x_wconf 85' lang='lat' dir='ltr'><strong>anima</strong></span> <span class='ocrx_word' id='word_1_206' title='bbox 1924 2363 2186 2422; x_wconf 83' lang='lat' dir='ltr'><strong>tanquam</strong></span> 
     </span>
    </p>
   </div>
   <div class='ocr_carea' id='block_1_31' title="bbox 630 2443 2186 2521">
    <p class='ocr_par' dir='ltr' id='par_1_31' title="bbox 630 2443 2186 2521">
     <span class='ocr_line' id='line_1_31' title="bbox 630 2443 2186 2521; baseline -0.006 -16"><span class='ocrx_word' id='word_1_207' title='bbox 630 2451 873 2521; x_wconf 66' lang='lat' dir='ltr'><strong>praedita,</strong></span> <span class='ocrx_word' id='word_1_208' title='bbox 911 2460 964 2505; x_wconf 89' lang='lat' dir='ltr'><strong>et</strong></span> <span class='ocrx_word' id='word_1_209' title='bbox 994 2449 1245 2519; x_wconf 79' lang='lat' dir='ltr'><strong>quamvis</strong></span> <span class='ocrx_word' id='word_1_210' title='bbox 1286 2463 1449 2504; x_wconf 89' lang='lat' dir='ltr'><strong>sensu</strong></span> <span class='ocrx_word' id='word_1_211' title='bbox 1498 2461 1692 2502; x_wconf 86' lang='lat' dir='ltr'><strong>carens</strong></span> <span class='ocrx_word' id='word_1_212' title='bbox 1727 2459 1955 2514; x_wconf 88' lang='lat' dir='ltr'><strong>corpora</strong></span> <span class='ocrx_word' id='word_1_213' title='bbox 2013 2443 2186 2497; x_wconf 75' lang='lat' dir='ltr'><strong>artiﬁ-</strong></span> 
     </span>
    </p>
   </div>
   <div class='ocr_carea' id='block_1_32' title="bbox 632 2533 2189 2608">
    <p class='ocr_par' dir='ltr' id='par_1_32' title="bbox 632 2533 2189 2608">
     <span class='ocr_line' id='line_1_32' title="bbox 632 2533 2189 2608; baseline -0.007 -11"><span class='ocrx_word' id='word_1_214' title='bbox 632 2544 778 2598; x_wconf 90' lang='lat' dir='ltr'><strong>ciosa</strong></span> <span class='ocrx_word' id='word_1_215' title='bbox 816 2559 939 2596; x_wconf 92' lang='lat' dir='ltr'><strong>cum</strong></span> <span class='ocrx_word' id='word_1_216' title='bbox 976 2541 1298 2595; x_wconf 85' lang='lat' dir='ltr'><strong>animalium</strong></span> <span class='ocrx_word' id='word_1_217' title='bbox 1333 2550 1445 2593; x_wconf 93' lang='lat' dir='ltr'><strong>tum</strong></span> <span class='ocrx_word' id='word_1_218' title='bbox 1506 2539 1813 2608; x_wconf 88' lang='lat' dir='ltr'><strong>plantarum</strong></span> <span class='ocrx_word' id='word_1_219' title='bbox 1843 2535 2056 2605; x_wconf 86' lang='lat' dir='ltr'><strong>operari</strong></span> <span class='ocrx_word' id='word_1_220' title='bbox 2107 2533 2189 2587; x_wconf 87' lang='lat' dir='ltr'><strong>vi—</strong></span> 
     </span>
    </p>
   </div>
   <div class='ocr_carea' id='block_1_33' title="bbox 632 2626 2187 2697">
    <p class='ocr_par' dir='ltr' id='par_1_33' title="bbox 632 2626 2187 2697">
     <span class='ocr_line' id='line_1_33' title="bbox 632 2626 2187 2697; baseline -0.008 -8"><span class='ocrx_word' id='word_1_221' title='bbox 632 2635 841 2689; x_wconf 89' lang='lat' dir='ltr'><strong>deatur.</strong></span> <span class='ocrx_word' id='word_1_222' title='bbox 891 2633 1027 2687; x_wconf 87' lang='lat' dir='ltr'><strong>Tum</strong></span> <span class='ocrx_word' id='word_1_223' title='bbox 1059 2631 1248 2686; x_wconf 91' lang='lat' dir='ltr'><strong>Simon</strong></span> <span class='ocrx_word' id='word_1_224' title='bbox 1280 2630 1460 2697; x_wconf 83' lang='lat' dir='ltr'><strong>:Quid</strong></span> <span class='ocrx_word' id='word_1_225' title='bbox 1511 2645 1664 2694; x_wconf 89' lang='lat' dir='ltr'><strong>vero,</strong></span> <span class='ocrx_word' id='word_1_226' title='bbox 1696 2628 1741 2684; x_wconf 92' lang='lat' dir='ltr'><strong>si</strong></span> <span class='ocrx_word' id='word_1_227' title='bbox 1774 2627 1919 2682; x_wconf 88' lang='lat' dir='ltr'><strong>Deus</strong></span> <span class='ocrx_word' id='word_1_228' title='bbox 1947 2626 2187 2680; x_wconf 90' lang='lat' dir='ltr'><strong>animam</strong></span> 
     </span>
    </p>
   </div>
   <div class='ocr_carea' id='block_1_34' title="bbox 630 2717 2190 2791">
    <p class='ocr_par' dir='ltr' id='par_1_34' title="bbox 630 2717 2190 2791">
     <span class='ocr_line' id='line_1_34' title="bbox 630 2717 2190 2791; baseline -0.005 -12"><span class='ocrx_word' id='word_1_229' title='bbox 630 2726 679 2779; x_wconf 88' lang='lat' dir='ltr'><strong>ei</strong></span> <span class='ocrx_word' id='word_1_230' title='bbox 710 2724 981 2789; x_wconf 87' lang='lat' dir='ltr'><strong>indiderit,</strong></span> <span class='ocrx_word' id='word_1_231' title='bbox 1010 2738 1191 2778; x_wconf 90' lang='lat' dir='ltr'><strong>nonne</strong></span> <span class='ocrx_word' id='word_1_232' title='bbox 1222 2739 1345 2778; x_wconf 90' lang='lat' dir='ltr'><strong>reus</strong></span> <span class='ocrx_word' id='word_1_233' title='bbox 1387 2724 1446 2776; x_wconf 82' lang='lat' dir='ltr'><strong>lit</strong></span> <span class='ocrx_word' id='word_1_234' title='bbox 1496 2722 1612 2791; x_wconf 90' lang='lat' dir='ltr'><strong>ipse</strong></span> <span class='ocrx_word' id='word_1_235' title='bbox 1636 2721 1877 2784; x_wconf 89' lang='lat' dir='ltr'><strong>illorum,</strong></span> <span class='ocrx_word' id='word_1_236' title='bbox 1928 2732 2048 2788; x_wconf 67' lang='lat' dir='ltr'><strong>qua:</strong></span> <span class='ocrx_word' id='word_1_237' title='bbox 2084 2717 2190 2771; x_wconf 88' lang='lat' dir='ltr'><strong>sibi</strong></span> 
     </span>
    </p>
   </div>
   <div class='ocr_carea' id='block_1_35' title="bbox 632 2810 2188 2887">
    <p class='ocr_par' dir='ltr' id='par_1_35' title="bbox 632 2810 2188 2887">
     <span class='ocr_line' id='line_1_35' title="bbox 632 2810 2188 2887; baseline -0.004 -18"><span class='ocrx_word' id='word_1_238' title='bbox 632 2818 805 2887; x_wconf 73' lang='lat' dir='ltr'><strong>gignit</strong></span> <span class='ocrx_word' id='word_1_239' title='bbox 830 2817 1097 2871; x_wconf 87' lang='lat' dir='ltr'><strong>malorum</strong></span> <span class='ocrx_word' id='word_1_240' title='bbox 1124 2816 1147 2869; x_wconf 91' lang='lat'><strong>?</strong></span> <span class='ocrx_word' id='word_1_241' title='bbox 1182 2815 1246 2869; x_wconf 88' lang='lat' dir='ltr'><strong>Et</strong></span> <span class='ocrx_word' id='word_1_242' title='bbox 1278 2815 1474 2869; x_wconf 86' lang='lat' dir='ltr'><strong>Petrus</strong></span> <span class='ocrx_word' id='word_1_243' title='bbox 1509 2831 1524 2868; x_wconf 87' lang='lat'><strong>:</strong></span> <span class='ocrx_word' id='word_1_244' title='bbox 1555 2812 1613 2867; x_wconf 90' lang='lat' dir='ltr'><strong>Si</strong></span> <span class='ocrx_word' id='word_1_245' title='bbox 1640 2811 1784 2868; x_wconf 90' lang='lat' dir='ltr'><strong>Deus</strong></span> <span class='ocrx_word' id='word_1_246' title='bbox 1812 2826 1932 2866; x_wconf 90' lang='lat' dir='ltr'><strong>eam</strong></span> <span class='ocrx_word' id='word_1_247' title='bbox 1975 2810 2188 2864; x_wconf 77' lang='lat' dir='ltr'><strong>anima-</strong></span> 
     </span>
    </p>
   </div>
   <div class='ocr_carea' id='block_1_36' title="bbox 632 2903 2190 2973">
    <p class='ocr_par' dir='ltr' id='par_1_36' title="bbox 632 2903 2190 2973">
     <span class='ocr_line' id='line_1_36' title="bbox 632 2903 2190 2973; baseline -0.003 -12"><span class='ocrx_word' id='word_1_248' title='bbox 632 2909 711 2961; x_wconf 90' lang='lat' dir='ltr'><strong>vit</strong></span> <span class='ocrx_word' id='word_1_249' title='bbox 746 2907 1046 2963; x_wconf 86' lang='lat' dir='ltr'><strong>secundum</strong></span> <span class='ocrx_word' id='word_1_250' title='bbox 1090 2922 1246 2961; x_wconf 89' lang='lat' dir='ltr'><strong>suam</strong></span> <span class='ocrx_word' id='word_1_251' title='bbox 1282 2906 1640 2971; x_wconf 85' lang='lat' dir='ltr'><strong>voluntatem,</strong></span> <span class='ocrx_word' id='word_1_252' title='bbox 1668 2903 1791 2973; x_wconf 86' lang='lat' dir='ltr'><strong>ejus</strong></span> <span class='ocrx_word' id='word_1_253' title='bbox 1813 2903 2040 2973; x_wconf 88' lang='lat' dir='ltr'><strong>spiritus</strong></span> <span class='ocrx_word' id='word_1_254' title='bbox 2068 2917 2190 2956; x_wconf 88' lang='lat' dir='ltr'><strong>eam</strong></span> 
     </span>
    </p>
   </div>
   <div class='ocr_carea' id='block_1_37' title="bbox 634 2995 2190 3069">
    <p class='ocr_par' dir='ltr' id='par_1_37' title="bbox 634 2995 2190 3069">
     <span class='ocr_line' id='line_1_37' title="bbox 634 2995 2190 3069; baseline -0.004 -16"><span class='ocrx_word' id='word_1_255' title='bbox 634 3009 909 3069; x_wconf 79' lang='lat' dir='ltr'><strong>cperatur,</strong></span> <span class='ocrx_word' id='word_1_256' title='bbox 938 3014 1114 3067; x_wconf 91' lang='lat' dir='ltr'><strong>neque</strong></span> <span class='ocrx_word' id='word_1_257' title='bbox 1138 2998 1249 3051; x_wconf 87' lang='lat' dir='ltr'><strong>Deo</strong></span> <span class='ocrx_word' id='word_1_258' title='bbox 1278 2997 1499 3051; x_wconf 90' lang='lat' dir='ltr'><strong>inimica</strong></span> <span class='ocrx_word' id='word_1_259' title='bbox 1523 2997 1671 3049; x_wconf 87' lang='lat' dir='ltr'><strong>ultro</strong></span> <span class='ocrx_word' id='word_1_260' title='bbox 1697 2995 1965 3050; x_wconf 85' lang='lat' dir='ltr'><strong>exsistere</strong></span> <span class='ocrx_word' id='word_1_261' title='bbox 1992 3003 2190 3064; x_wconf 88' lang='lat' dir='ltr'><strong>potest,</strong></span> 
     </span>
    </p>
   </div>
   <div class='ocr_carea' id='block_1_38' title="bbox 637 3086 2188 3160">
    <p class='ocr_par' dir='ltr' id='par_1_38' title="bbox 637 3086 2188 3160">
     <span class='ocr_line' id='line_1_38' title="bbox 637 3086 2188 3160; baseline -0.004 -15"><span class='ocrx_word' id='word_1_262' title='bbox 637 3106 812 3160; x_wconf 80' lang='lat' dir='ltr'><strong>neque</strong></span> <span class='ocrx_word' id='word_1_263' title='bbox 862 3104 1017 3157; x_wconf 59' lang='lat' dir='ltr'><strong>aqua</strong></span> <span class='ocrx_word' id='word_1_264' title='bbox 1057 3088 1261 3157; x_wconf 83' lang='lat' dir='ltr'><strong>pollere</strong></span> <span class='ocrx_word' id='word_1_265' title='bbox 1328 3088 1611 3156; x_wconf 89' lang='lat' dir='ltr'><strong>potentia;</strong></span> <span class='ocrx_word' id='word_1_266' title='bbox 1659 3096 1753 3141; x_wconf 85' lang='lat' dir='ltr'><strong>aut</strong></span> <span class='ocrx_word' id='word_1_267' title='bbox 1810 3086 1926 3141; x_wconf 79' lang='lat' dir='ltr'><strong>ﬁeri</strong></span> <span class='ocrx_word' id='word_1_268' title='bbox 1979 3086 2188 3155; x_wconf 92' lang='lat' dir='ltr'><strong>nequit,</strong></span> 
     </span>
    </p>
   </div>
   <div class='ocr_carea' id='block_1_39' title="bbox 2275 864 3788 950">
    <p class='ocr_par' dir='ltr' id='par_1_39' title="bbox 2275 864 3788 950">
     <span class='ocr_line' id='line_1_39' title="bbox 2275 864 3788 950; baseline -0.013 -18"><span class='ocrx_word' id='word_1_269' title='bbox 2275 878 2549 950; x_wconf 75' lang='grc' dir='ltr'>ὲκφύουσα</span> <span class='ocrx_word' id='word_1_270' title='bbox 2585 877 2662 939; x_wconf 85' lang='grc' dir='ltr'><strong>είς</strong></span> <span class='ocrx_word' id='word_1_271' title='bbox 2696 873 2895 946; x_wconf 73' lang='grc' dir='ltr'>τροφὴν</span> <span class='ocrx_word' id='word_1_272' title='bbox 2924 870 3137 923; x_wconf 85' lang='grc' dir='ltr'>πάντων</span> <span class='ocrx_word' id='word_1_273' title='bbox 3164 868 3269 921; x_wconf 86' lang='grc' dir='ltr'><strong>τῶν</strong></span> <span class='ocrx_word' id='word_1_274' title='bbox 3301 866 3387 919; x_wconf 82' lang='grc' dir='ltr'>ὑπ’</span> <span class='ocrx_word' id='word_1_275' title='bbox 3417 864 3568 918; x_wconf 79' lang='grc' dir='ltr'>αὑτοῦ</span> <span class='ocrx_word' id='word_1_276' title='bbox 3595 880 3788 931; x_wconf 82' lang='grc' dir='ltr'>γεγενη-</span> 
     </span>
    </p>
   </div>
   <div class='ocr_carea' id='block_1_40' title="bbox 2283 954 3792 1044">
    <p class='ocr_par' dir='ltr' id='par_1_40' title="bbox 2283 954 3792 1044">
     <span class='ocr_line' id='line_1_40' title="bbox 2283 954 3792 1044; baseline -0.015 -18"><span class='ocrx_word' id='word_1_277' title='bbox 2283 972 2457 1044; x_wconf 82' lang='grc' dir='ltr'><strong>μένων</strong></span> <span class='ocrx_word' id='word_1_278' title='bbox 2488 985 2502 1034; x_wconf 90' lang='grc'><strong>;</strong></span> <span class='ocrx_word' id='word_1_279' title='bbox 2545 966 2673 1029; x_wconf 85' lang='grc' dir='ltr'>Πῶς</span> <span class='ocrx_word' id='word_1_280' title='bbox 2698 965 2741 1018; x_wconf 84' lang='grc' dir='ltr'>δ’</span> <span class='ocrx_word' id='word_1_281' title='bbox 2763 965 2862 1034; x_wconf 82' lang='grc' dir='ltr'><strong>οὐχ</strong></span> <span class='ocrx_word' id='word_1_282' title='bbox 2887 963 2961 1025; x_wconf 85' lang='grc' dir='ltr'>ὼς</span> <span class='ocrx_word' id='word_1_283' title='bbox 2988 960 3269 1032; x_wconf 82' lang='grc' dir='ltr'>κρείττονα</span> <span class='ocrx_word' id='word_1_284' title='bbox 3297 957 3603 1026; x_wconf 72' lang='grc' dir='ltr'>πεφόϐηται,</span> <span class='ocrx_word' id='word_1_285' title='bbox 3625 954 3689 1017; x_wconf 79' lang='grc' dir='ltr'>ὡς</span> <span class='ocrx_word' id='word_1_286' title='bbox 3712 954 3792 1007; x_wconf 78' lang='grc' dir='ltr'>καὶ</span> 
     </span>
    </p>
   </div>
   <div class='ocr_carea' id='block_1_41' title="bbox 2277 1046 3787 1129">
    <p class='ocr_par' dir='ltr' id='par_1_41' title="bbox 2277 1046 3787 1129">
     <span class='ocr_line' id='line_1_41' title="bbox 2277 1046 3787 1129; baseline -0.014 -11"><span class='ocrx_word' id='word_1_287' title='bbox 2277 1063 2368 1119; x_wconf 76' lang='grc' dir='ltr'><strong>διὰ</strong></span> <span class='ocrx_word' id='word_1_288' title='bbox 2396 1061 2506 1115; x_wconf 88' lang='grc' dir='ltr'><strong>τῶν</strong></span> <span class='ocrx_word' id='word_1_289' title='bbox 2545 1057 2783 1129; x_wconf 81' lang='grc' dir='ltr'><strong>σεισμῶν</strong></span> <span class='ocrx_word' id='word_1_290' title='bbox 2815 1054 3091 1126; x_wconf 84' lang='grc' dir='ltr'><strong>τρέμουσα</strong></span> <span class='ocrx_word' id='word_1_291' title='bbox 3112 1050 3375 1121; x_wconf 84' lang='grc' dir='ltr'>ὁμολογεῖ,</span> <span class='ocrx_word' id='word_1_292' title='bbox 3398 1048 3488 1101; x_wconf 74' lang='grc' dir='ltr'><strong>καὶ</strong></span> <span class='ocrx_word' id='word_1_293' title='bbox 3509 1047 3578 1109; x_wconf 84' lang='grc' dir='ltr'>ὡς</span> <span class='ocrx_word' id='word_1_294' title='bbox 3610 1046 3787 1116; x_wconf 81' lang='grc' dir='ltr'>μεγάλα</span> 
     </span>
    </p>
   </div>
   <div class='ocr_carea' id='block_1_42' title="bbox 2277 1138 3797 1224">
    <p class='ocr_par' dir='ltr' id='par_1_42' title="bbox 2277 1138 3797 1224">
     <span class='ocr_line' id='line_1_42' title="bbox 2277 1138 3797 1224; baseline -0.014 -15"><span class='ocrx_word' id='word_1_295' title='bbox 2277 1173 2344 1209; x_wconf 87' lang='grc' dir='ltr'><strong>κυ</strong></span> <span class='ocrx_word' id='word_1_296' title='bbox 2353 1150 2660 1224; x_wconf 84' lang='grc' dir='ltr'>ματουμένη</span> <span class='ocrx_word' id='word_1_297' title='bbox 2674 1147 2751 1218; x_wconf 80' lang='grc' dir='ltr'>τῷ</span> <span class='ocrx_word' id='word_1_298' title='bbox 2773 1143 3084 1213; x_wconf 83' lang='grc' dir='ltr'>Διδασκάλῳ</span> <span class='ocrx_word' id='word_1_299' title='bbox 3105 1141 3316 1194; x_wconf 83' lang='grc' dir='ltr'>πλέοντι</span> <span class='ocrx_word' id='word_1_300' title='bbox 3334 1139 3425 1192; x_wconf 75' lang='grc' dir='ltr'><strong>καὶ</strong></span> <span class='ocrx_word' id='word_1_301' title='bbox 3456 1138 3671 1208; x_wconf 76' lang='grc' dir='ltr'>γαλήνην</span> <span class='ocrx_word' id='word_1_302' title='bbox 3698 1138 3797 1188; x_wconf 77' lang='grc' dir='ltr'>ἐπι-</span> 
     </span>
    </p>
   </div>
   <div class='ocr_carea' id='block_1_43' title="bbox 2276 1228 3798 1309">
    <p class='ocr_par' dir='ltr' id='par_1_43' title="bbox 2276 1228 3798 1309">
     <span class='ocr_line' id='line_1_43' title="bbox 2276 1228 3798 1309; baseline -0.013 -12"><span class='ocrx_word' id='word_1_303' title='bbox 2276 1241 2500 1306; x_wconf 79' lang='grc' dir='ltr'>τάξαντι</span> <span class='ocrx_word' id='word_1_304' title='bbox 2522 1240 2751 1309; x_wconf 85' lang='grc' dir='ltr'>τάχιστα</span> <span class='ocrx_word' id='word_1_305' title='bbox 2772 1234 3051 1290; x_wconf 82' lang='grc' dir='ltr'>πεισθεῖσα</span> <span class='ocrx_word' id='word_1_306' title='bbox 3097 1231 3366 1303; x_wconf 78' lang='grc' dir='ltr'>ἡσύχασεν</span> <span class='ocrx_word' id='word_1_307' title='bbox 3391 1247 3406 1295; x_wconf 89' lang='grc'>;</span> <span class='ocrx_word' id='word_1_308' title='bbox 3459 1229 3521 1280; x_wconf 90' lang='grc' dir='ltr'>Τί</span> <span class='ocrx_word' id='word_1_309' title='bbox 3550 1228 3601 1279; x_wconf 82' lang='grc' dir='ltr'>δὲ</span> <span class='ocrx_word' id='word_1_310' title='bbox 3645 1228 3725 1279; x_wconf 76' lang='grc' dir='ltr'><strong>καὶ</strong></span> <span class='ocrx_word' id='word_1_311' title='bbox 3755 1228 3798 1277; x_wconf 82' lang='lat' dir='ltr'><strong>oi</strong></span> 
     </span>
    </p>
   </div>
   <div class='ocr_carea' id='block_1_44' title="bbox 2278 1316 3798 1404">
    <p class='ocr_par' dir='ltr' id='par_1_44' title="bbox 2278 1316 3798 1404">
     <span class='ocr_line' id='line_1_44' title="bbox 2278 1316 3798 1404; baseline -0.014 -16"><span class='ocrx_word' id='word_1_312' title='bbox 2278 1335 2530 1404; x_wconf 82' lang='grc' dir='ltr'>δαίμονες</span> <span class='ocrx_word' id='word_1_313' title='bbox 2575 1332 2637 1384; x_wconf 86' lang='grc' dir='ltr'><strong>οὐ</strong></span> <span class='ocrx_word' id='word_1_314' title='bbox 2691 1327 2829 1399; x_wconf 82' lang='grc' dir='ltr'>μετὰ</span> <span class='ocrx_word' id='word_1_315' title='bbox 2862 1326 2955 1379; x_wconf 79' lang='grc' dir='ltr'><strong>τοῦ</strong></span> <span class='ocrx_word' id='word_1_316' title='bbox 2999 1323 3275 1394; x_wconf 72' lang='grc' dir='ltr'>φοϐεῖσθαι</span> <span class='ocrx_word' id='word_1_317' title='bbox 3307 1322 3396 1374; x_wconf 72' lang='grc' dir='ltr'><strong>καὶ</strong></span> <span class='ocrx_word' id='word_1_318' title='bbox 3442 1319 3687 1391; x_wconf 74' lang='grc' dir='ltr'>προτιμᾷν</span> <span class='ocrx_word' id='word_1_319' title='bbox 3726 1316 3798 1379; x_wconf 71' lang='grc' dir='ltr'><strong>ἐξ·</strong></span> 
     </span>
    </p>
   </div>
   <div class='ocr_carea' id='block_1_45' title="bbox 2281 1408 3801 1487">
    <p class='ocr_par' dir='ltr' id='par_1_45' title="bbox 2281 1408 3801 1487">
     <span class='ocr_line' id='line_1_45' title="bbox 2281 1408 3801 1487; baseline -0.013 -9"><span class='ocrx_word' id='word_1_320' title='bbox 2281 1424 2514 1485; x_wconf 79' lang='grc' dir='ltr'>έϐαινον,</span> <span class='ocrx_word' id='word_1_321' title='bbox 2528 1421 2677 1474; x_wconf 78' lang='grc' dir='ltr'>ἄλλοι</span> <span class='ocrx_word' id='word_1_322' title='bbox 2698 1420 2755 1472; x_wconf 83' lang='grc' dir='ltr'>δὲ</span> <span class='ocrx_word' id='word_1_323' title='bbox 2785 1420 2865 1481; x_wconf 89' lang='grc' dir='ltr'>εἰς</span> <span class='ocrx_word' id='word_1_324' title='bbox 2893 1416 3106 1487; x_wconf 80' lang='grc' dir='ltr'>χοίρους</span> <span class='ocrx_word' id='word_1_325' title='bbox 3126 1413 3381 1467; x_wconf 78' lang='grc' dir='ltr'>εἰσελθεῖν</span> <span class='ocrx_word' id='word_1_326' title='bbox 3397 1410 3552 1482; x_wconf 65' lang='grc'><strong>384</strong></span> <span class='ocrx_word' id='word_1_327' title='bbox 3575 1408 3801 1479; x_wconf 76' lang='grc' dir='ltr'>πρότερον</span> 
     </span>
    </p>
   </div>
   <div class='ocr_carea' id='block_1_46' title="bbox 2282 1499 3803 1587">
    <p class='ocr_par' dir='ltr' id='par_1_46' title="bbox 2282 1499 3803 1587">
     <span class='ocr_line' id='line_1_46' title="bbox 2282 1499 3803 1587; baseline -0.014 -17"><span class='ocrx_word' id='word_1_328' title='bbox 2282 1513 2726 1587; x_wconf 81' lang='grc' dir='ltr'>παρακαλοῦντες</span> <span class='ocrx_word' id='word_1_329' title='bbox 2787 1511 2993 1582; x_wconf 71' lang='grc' dir='ltr'><strong>⁴ήξίουν,</strong></span> <span class='ocrx_word' id='word_1_330' title='bbox 3049 1510 3125 1573; x_wconf 83' lang='grc' dir='ltr'>ὡς</span> <span class='ocrx_word' id='word_1_331' title='bbox 3164 1506 3297 1579; x_wconf 83' lang='grc' dir='ltr'>μηδὲ</span> <span class='ocrx_word' id='word_1_332' title='bbox 3350 1503 3441 1557; x_wconf 82' lang='grc' dir='ltr'>τοῦ</span> <span class='ocrx_word' id='word_1_333' title='bbox 3500 1504 3575 1564; x_wconf 83' lang='grc' dir='ltr'>εἰς</span> <span class='ocrx_word' id='word_1_334' title='bbox 3619 1499 3803 1570; x_wconf 75' lang='grc' dir='ltr'>χοίρους</span> 
     </span>
    </p>
   </div>
   <div class='ocr_carea' id='block_1_47' title="bbox 2282 1591 3805 1675">
    <p class='ocr_par' dir='ltr' id='par_1_47' title="bbox 2282 1591 3805 1675">
     <span class='ocr_line' id='line_1_47' title="bbox 2282 1591 3805 1675; baseline -0.014 -12"><span class='ocrx_word' id='word_1_335' title='bbox 2282 1608 2539 1663; x_wconf 78' lang='grc' dir='ltr'>εἰσελθεῖν</span> <span class='ocrx_word' id='word_1_336' title='bbox 2582 1608 2711 1662; x_wconf 78' lang='grc' dir='ltr'>ἄνευ</span> <span class='ocrx_word' id='word_1_337' title='bbox 2764 1606 2862 1675; x_wconf 77' lang='grc' dir='ltr'>τῆς</span> <span class='ocrx_word' id='word_1_338' title='bbox 2926 1601 3091 1657; x_wconf 79' lang='grc' dir='ltr'>αὑτοῦ</span> <span class='ocrx_word' id='word_1_339' title='bbox 3152 1598 3537 1669; x_wconf 87' lang='grc' dir='ltr'>συγχωρήσεως</span> <span class='ocrx_word' id='word_1_340' title='bbox 3591 1591 3805 1659; x_wconf 72' lang='grc' dir='ltr'>ἐξουσίαν</span> 
     </span>
    </p>
   </div>
   <div class='ocr_carea' id='block_1_48' title="bbox 2284 1701 2533 1770">
    <p class='ocr_par' dir='ltr' id='par_1_48' title="bbox 2284 1701 2533 1770">
     <span class='ocr_line' id='line_1_48' title="bbox 2284 1701 2533 1770; baseline -0.004 -18"><span class='ocrx_word' id='word_1_341' title='bbox 2284 1701 2498 1770; x_wconf 72' lang='grc' dir='ltr'>ἔχοντες</span> <span class='ocrx_word' id='word_1_342' title='bbox 2518 1716 2533 1765; x_wconf 90' lang='lat'><strong>;</strong></span> 
     </span>
    </p>
   </div>
   <div class='ocr_carea' id='block_1_49' title="bbox 2354 1878 3808 1963">
    <p class='ocr_par' dir='ltr' id='par_1_49' title="bbox 2354 1878 3808 1963">
     <span class='ocr_line' id='line_1_49' title="bbox 2354 1878 3808 1963; baseline -0.014 -14"><span class='ocrx_word' id='word_1_343' title='bbox 2354 1894 2471 1949; x_wconf 79' lang='lat' dir='ltr'><strong>XV.</strong></span> <span class='ocrx_word' id='word_1_344' title='bbox 2501 1894 2612 1947; x_wconf 64' lang='lat' dir='ltr'><strong>Kal</strong></span> <span class='ocrx_word' id='word_1_345' title='bbox 2642 1894 2670 1947; x_wconf 99' lang='lat'><strong>6</strong></span> <span class='ocrx_word' id='word_1_346' title='bbox 2699 1892 2881 1963; x_wconf 80' lang='grc' dir='ltr'>Σίμων</span> <span class='ocrx_word' id='word_1_347' title='bbox 2900 1909 2913 1920; x_wconf 96' lang='grc'><strong>·</strong></span> <span class='ocrx_word' id='word_1_348' title='bbox 2945 1890 3011 1943; x_wconf 86' lang='grc' dir='ltr'>Τί</span> <span class='ocrx_word' id='word_1_349' title='bbox 3032 1889 3091 1942; x_wconf 83' lang='grc' dir='ltr'>δὲ</span> <span class='ocrx_word' id='word_1_350' title='bbox 3117 1888 3165 1940; x_wconf 82' lang='grc' dir='ltr'>εἱ</span> <span class='ocrx_word' id='word_1_351' title='bbox 3193 1886 3396 1956; x_wconf 76' lang='grc' dir='ltr'>ἄψυχος</span> <span class='ocrx_word' id='word_1_352' title='bbox 3410 1878 3539 1936; x_wconf 76' lang='grc' dir='ltr'>οὖσα</span> <span class='ocrx_word' id='word_1_353' title='bbox 3556 1880 3701 1951; x_wconf 87' lang='grc' dir='ltr'>φύσιν</span> <span class='ocrx_word' id='word_1_354' title='bbox 3716 1878 3808 1947; x_wconf 75' lang='grc' dir='ltr'>ἔχει</span> 
     </span>
    </p>
   </div>
   <div class='ocr_carea' id='block_1_50' title="bbox 2284 1971 3809 2058">
    <p class='ocr_par' dir='ltr' id='par_1_50' title="bbox 2284 1971 3809 2058">
     <span class='ocr_line' id='line_1_50' title="bbox 2284 1971 3809 2058; baseline -0.013 -18"><span class='ocrx_word' id='word_1_355' title='bbox 2284 1986 2516 2058; x_wconf 73' lang='grc' dir='ltr'>ἐμφύειν</span> <span class='ocrx_word' id='word_1_356' title='bbox 2549 1984 2617 2037; x_wconf 82' lang='grc' dir='ltr'>τὰ</span> <span class='ocrx_word' id='word_1_357' title='bbox 2637 1983 2783 2037; x_wconf 83' lang='grc' dir='ltr'>κακὰ</span> <span class='ocrx_word' id='word_1_358' title='bbox 2808 1984 2900 2035; x_wconf 71' lang='grc' dir='ltr'><strong>καὶ</strong></span> <span class='ocrx_word' id='word_1_359' title='bbox 2929 1980 3000 2034; x_wconf 82' lang='grc' dir='ltr'>τὰ</span> <span class='ocrx_word' id='word_1_360' title='bbox 3028 1978 3209 2049; x_wconf 85' lang='grc' dir='ltr'>ἀγαθὰ</span> <span class='ocrx_word' id='word_1_361' title='bbox 3232 1995 3246 2044; x_wconf 88' lang='grc'>;</span> <span class='ocrx_word' id='word_1_362' title='bbox 3279 1976 3389 2031; x_wconf 79' lang='lat' dir='ltr'><strong>Kal.</strong></span> <span class='ocrx_word' id='word_1_363' title='bbox 3408 1978 3439 2028; x_wconf 88' lang='lat'><strong>6</strong></span> <span class='ocrx_word' id='word_1_364' title='bbox 3466 1974 3656 2043; x_wconf 82' lang='grc' dir='ltr'>Πέτρος</span> <span class='ocrx_word' id='word_1_365' title='bbox 3674 1988 3686 1999; x_wconf 88' lang='grc'><strong>·</strong></span> <span class='ocrx_word' id='word_1_366' title='bbox 3714 1971 3809 2021; x_wconf 80' lang='grc' dir='ltr'><strong>Κα-</strong></span> 
     </span>
    </p>
   </div>
   <div class='ocr_carea' id='block_1_51' title="bbox 2283 2059 3810 2145">
    <p class='ocr_par' dir='ltr' id='par_1_51' title="bbox 2283 2059 3810 2145">
     <span class='ocr_line' id='line_1_51' title="bbox 2283 2059 3810 2145; baseline -0.013 -14"><span class='ocrx_word' id='word_1_367' title='bbox 2283 2078 2351 2132; x_wconf 80' lang='grc' dir='ltr'>τὰ</span> <span class='ocrx_word' id='word_1_368' title='bbox 2391 2077 2482 2130; x_wconf 86' lang='grc' dir='ltr'><strong>τὸν</strong></span> <span class='ocrx_word' id='word_1_369' title='bbox 2506 2076 2662 2145; x_wconf 87' lang='grc' dir='ltr'>λόγον</span> <span class='ocrx_word' id='word_1_370' title='bbox 2685 2074 2874 2128; x_wconf 76' lang='grc' dir='ltr'>τοῦτον</span> <span class='ocrx_word' id='word_1_371' title='bbox 2901 2072 3025 2126; x_wconf 74' lang='grc' dir='ltr'>οὔτε</span> <span class='ocrx_word' id='word_1_372' title='bbox 3053 2070 3230 2141; x_wconf 82' lang='grc' dir='ltr'>ἀγαθή</span> <span class='ocrx_word' id='word_1_373' title='bbox 3292 2070 3462 2129; x_wconf 74' lang='grc' dir='ltr'>ἐστιν,</span> <span class='ocrx_word' id='word_1_374' title='bbox 3513 2062 3628 2117; x_wconf 73' lang='grc' dir='ltr'>οὔτε</span> <span class='ocrx_word' id='word_1_375' title='bbox 3667 2059 3810 2129; x_wconf 82' lang='grc' dir='ltr'>κακὴ,</span> 
     </span>
    </p>
   </div>
   <div class='ocr_carea' id='block_1_52' title="bbox 2285 2152 3814 2239">
    <p class='ocr_par' dir='ltr' id='par_1_52' title="bbox 2285 2152 3814 2239">
     <span class='ocr_line' id='line_1_52' title="bbox 2285 2152 3814 2239; baseline -0.012 -17"><span class='ocrx_word' id='word_1_376' title='bbox 2285 2169 2365 2222; x_wconf 76' lang='grc' dir='ltr'><strong>ὅτι</strong></span> <span class='ocrx_word' id='word_1_377' title='bbox 2397 2169 2470 2239; x_wconf 85' lang='grc' dir='ltr'><strong>μὴ</strong></span> <span class='ocrx_word' id='word_1_378' title='bbox 2508 2167 2819 2239; x_wconf 81' lang='grc' dir='ltr'>προαιρέσει</span> <span class='ocrx_word' id='word_1_379' title='bbox 2848 2165 3073 2236; x_wconf 80' lang='grc' dir='ltr'>πράττει</span> <span class='ocrx_word' id='word_1_380' title='bbox 3100 2161 3306 2231; x_wconf 76' lang='grc' dir='ltr'>ἄψυχος</span> <span class='ocrx_word' id='word_1_381' title='bbox 3326 2154 3457 2212; x_wconf 74' lang='grc' dir='ltr'>οὖσα</span> <span class='ocrx_word' id='word_1_382' title='bbox 3477 2156 3566 2209; x_wconf 75' lang='grc' dir='ltr'><strong>καὶ</strong></span> <span class='ocrx_word' id='word_1_383' title='bbox 3592 2152 3814 2239; x_wconf 78' lang='grc' dir='ltr'>ἀναίσθη-</span> 
     </span>
    </p>
   </div>
   <div class='ocr_carea' id='block_1_53' title="bbox 2285 2237 3816 2323">
    <p class='ocr_par' dir='ltr' id='par_1_53' title="bbox 2285 2237 3816 2323">
     <span class='ocr_line' id='line_1_53' title="bbox 2285 2237 3816 2323; baseline -0.014 -9"><span class='ocrx_word' id='word_1_384' title='bbox 2285 2277 2394 2323; x_wconf 80' lang='grc' dir='ltr'>τος.</span> <span class='ocrx_word' id='word_1_385' title='bbox 2439 2260 2528 2312; x_wconf 85' lang='grc' dir='ltr'>Διὸ</span> <span class='ocrx_word' id='word_1_386' title='bbox 2554 2261 2646 2312; x_wconf 75' lang='grc' dir='ltr'>καὶ</span> <span class='ocrx_word' id='word_1_387' title='bbox 2672 2256 2902 2310; x_wconf 76' lang='grc' dir='ltr'>ἐνταῦθα</span> <span class='ocrx_word' id='word_1_388' title='bbox 2926 2254 3107 2307; x_wconf 85' lang='grc' dir='ltr'>διῖδεῖν</span> <span class='ocrx_word' id='word_1_389' title='bbox 3131 2252 3303 2315; x_wconf 76' lang='grc' dir='ltr'>ἐστιν,</span> <span class='ocrx_word' id='word_1_390' title='bbox 3334 2249 3448 2311; x_wconf 87' lang='grc' dir='ltr'><strong>πῶς</strong></span> <span class='ocrx_word' id='word_1_391' title='bbox 3488 2246 3678 2315; x_wconf 71' lang='grc' dir='ltr'>ἄψυχος</span> <span class='ocrx_word' id='word_1_392' title='bbox 3702 2237 3816 2294; x_wconf 81' lang='grc' dir='ltr'>οὖσα</span> 
     </span>
    </p>
   </div>
   <div class='ocr_carea' id='block_1_54' title="bbox 2287 2329 3818 2423">
    <p class='ocr_par' dir='ltr' id='par_1_54' title="bbox 2287 2329 3818 2423">
     <span class='ocr_line' id='line_1_54' title="bbox 2287 2329 3818 2423; baseline -0.02 -9"><span class='ocrx_word' id='word_1_393' title='bbox 2287 2352 2527 2423; x_wconf 72' lang='grc' dir='ltr'>ἔμψυχος</span> <span class='ocrx_word' id='word_1_394' title='bbox 2544 2352 2585 2381; x_wconf 74' lang='grc'><strong>⁸¹</strong></span> <span class='ocrx_word' id='word_1_395' title='bbox 2615 2348 2922 2421; x_wconf 79' lang='grc' dir='ltr'>προϐάλλει,</span> <span class='ocrx_word' id='word_1_396' title='bbox 2954 2348 3046 2400; x_wconf 76' lang='grc' dir='ltr'><strong>καὶ</strong></span> <span class='ocrx_word' id='word_1_397' title='bbox 3099 2342 3425 2415; x_wconf 72' lang='grc' dir='ltr'>ἀναίσθητος</span> <span class='ocrx_word' id='word_1_398' title='bbox 3451 2334 3581 2392; x_wconf 81' lang='grc' dir='ltr'>οὖσα</span> <span class='ocrx_word' id='word_1_399' title='bbox 3626 2329 3818 2423; x_wconf 75' lang='grc' dir='ltr'>τεχνικὰ</span> 
     </span>
    </p>
   </div>
   <div class='ocr_carea' id='block_1_55' title="bbox 2292 2421 3817 2515">
    <p class='ocr_par' dir='ltr' id='par_1_55' title="bbox 2292 2421 3817 2515">
     <span class='ocr_line' id='line_1_55' title="bbox 2292 2421 3817 2515; baseline -0.017 -15"><span class='ocrx_word' id='word_1_400' title='bbox 2292 2421 2391 2515; x_wconf 66' lang='lat' dir='ltr'><strong>axi;</strong></span> <span class='ocrx_word' id='word_1_401' title='bbox 2402 2460 2565 2514; x_wconf 85' lang='grc' dir='ltr'>ματα,</span> <span class='ocrx_word' id='word_1_402' title='bbox 2587 2442 2653 2494; x_wconf 87' lang='grc' dir='ltr'><strong>τά</strong></span> <span class='ocrx_word' id='word_1_403' title='bbox 2687 2458 2747 2493; x_wconf 91' lang='grc' dir='ltr'><strong>τε</strong></span> <span class='ocrx_word' id='word_1_404' title='bbox 2783 2438 2935 2505; x_wconf 80' lang='grc' dir='ltr'>ζώων</span> <span class='ocrx_word' id='word_1_405' title='bbox 2962 2438 3055 2491; x_wconf 58' lang='grc' dir='ltr'><strong>καῖ¹</strong></span> <span class='ocrx_word' id='word_1_406' title='bbox 3083 2434 3267 2506; x_wconf 85' lang='grc' dir='ltr'>φυτῶν</span> <span class='ocrx_word' id='word_1_407' title='bbox 3295 2427 3685 2505; x_wconf 84' lang='grc' dir='ltr'>δημιουργοῦσα</span> <span class='ocrx_word' id='word_1_408' title='bbox 3712 2421 3817 2515; x_wconf 81' lang='grc' dir='ltr'>φαί-</span> 
     </span>
    </p>
   </div>
   <div class='ocr_carea' id='block_1_56' title="bbox 2289 2514 3821 2601">
    <p class='ocr_par' dir='ltr' id='par_1_56' title="bbox 2289 2514 3821 2601">
     <span class='ocr_line' id='line_1_56' title="bbox 2289 2514 3821 2601; baseline -0.015 -12"><span class='ocrx_word' id='word_1_409' title='bbox 2289 2514 2460 2590; x_wconf 88' lang='grc' dir='ltr'>νεται.</span> <span class='ocrx_word' id='word_1_410' title='bbox 2520 2534 2631 2586; x_wconf 70' lang='grc' dir='ltr'><strong>Καὶ</strong></span> <span class='ocrx_word' id='word_1_411' title='bbox 2660 2534 2687 2585; x_wconf 87' lang='lat'><strong>6</strong></span> <span class='ocrx_word' id='word_1_412' title='bbox 2742 2532 2959 2601; x_wconf 79' lang='grc' dir='ltr'>Σίμων’</span> <span class='ocrx_word' id='word_1_413' title='bbox 2993 2529 3057 2582; x_wconf 87' lang='grc' dir='ltr'><strong>Τί</strong></span> <span class='ocrx_word' id='word_1_414' title='bbox 3089 2528 3145 2580; x_wconf 86' lang='grc' dir='ltr'>δὲ</span> <span class='ocrx_word' id='word_1_415' title='bbox 3169 2529 3217 2579; x_wconf 84' lang='grc' dir='ltr'><strong>ει</strong></span> <span class='ocrx_word' id='word_1_416' title='bbox 3247 2528 3280 2580; x_wconf 87' lang='lat'><strong>6</strong></span> <span class='ocrx_word' id='word_1_417' title='bbox 3310 2521 3617 2588; x_wconf 79' lang='grc' dir='ltr'>Θεὺςαὺτὸς</span> <span class='ocrx_word' id='word_1_418' title='bbox 3656 2514 3821 2585; x_wconf 74' lang='grc' dir='ltr'>ινεψύ-</span> 
     </span>
    </p>
   </div>
   <div class='ocr_carea' id='block_1_57' title="bbox 2289 2608 3822 2698">
    <p class='ocr_par' dir='ltr' id='par_1_57' title="bbox 2289 2608 3822 2698">
     <span class='ocr_line' id='line_1_57' title="bbox 2289 2608 3822 2698; baseline -0.014 -18"><span class='ocrx_word' id='word_1_419' title='bbox 2289 2644 2463 2698; x_wconf 84' lang='grc' dir='ltr'>χωσεν</span> <span class='ocrx_word' id='word_1_420' title='bbox 2493 2625 2682 2695; x_wconf 73' lang='grc' dir='ltr'>αὐτὴν,</span> <span class='ocrx_word' id='word_1_421' title='bbox 2727 2624 2827 2675; x_wconf 77' lang='grc' dir='ltr'><strong>οὐκ</strong></span> <span class='ocrx_word' id='word_1_422' title='bbox 2854 2621 3015 2685; x_wconf 79' lang='grc' dir='ltr'>αὐτὸς</span> <span class='ocrx_word' id='word_1_423' title='bbox 3038 2619 3209 2681; x_wconf 81' lang='grc' dir='ltr'>αἴτιός</span> <span class='ocrx_word' id='word_1_424' title='bbox 3244 2619 3395 2671; x_wconf 79' lang='grc' dir='ltr'>ἐστιν</span> <span class='ocrx_word' id='word_1_425' title='bbox 3415 2608 3489 2668; x_wconf 82' lang='grc' dir='ltr'>ὧν</span> <span class='ocrx_word' id='word_1_426' title='bbox 3514 2612 3643 2680; x_wconf 81' lang='grc' dir='ltr'>αὑτὴ</span> <span class='ocrx_word' id='word_1_427' title='bbox 3672 2609 3822 2661; x_wconf 84' lang='grc' dir='ltr'>τίκτει</span> 
     </span>
    </p>
   </div>
   <div class='ocr_carea' id='block_1_58' title="bbox 2290 2700 3822 2783">
    <p class='ocr_par' dir='ltr' id='par_1_58' title="bbox 2290 2700 3822 2783">
     <span class='ocr_line' id='line_1_58' title="bbox 2290 2700 3822 2783; baseline -0.014 -12"><span class='ocrx_word' id='word_1_428' title='bbox 2290 2716 2475 2772; x_wconf 83' lang='grc' dir='ltr'>κακῶν</span> <span class='ocrx_word' id='word_1_429' title='bbox 2501 2734 2517 2782; x_wconf 88' lang='grc'>;</span> <span class='ocrx_word' id='word_1_430' title='bbox 2548 2716 2657 2769; x_wconf 78' lang='lat' dir='ltr'><strong>Kal.</strong></span> <span class='ocrx_word' id='word_1_431' title='bbox 2676 2717 2706 2767; x_wconf 87' lang='lat'><strong>6</strong></span> <span class='ocrx_word' id='word_1_432' title='bbox 2735 2715 2939 2783; x_wconf 80' lang='grc' dir='ltr'>Πέτρος</span> <span class='ocrx_word' id='word_1_433' title='bbox 2961 2730 2974 2743; x_wconf 75' lang='grc' dir='ltr'><strong><em>ο</em></strong></span> <span class='ocrx_word' id='word_1_434' title='bbox 3004 2713 3068 2765; x_wconf 75' lang='lat' dir='ltr'><strong>Ei</strong></span> <span class='ocrx_word' id='word_1_435' title='bbox 3104 2712 3135 2763; x_wconf 88' lang='lat'><strong>6</strong></span> <span class='ocrx_word' id='word_1_436' title='bbox 3171 2709 3308 2772; x_wconf 75' lang='grc' dir='ltr'>Θεὸς</span> <span class='ocrx_word' id='word_1_437' title='bbox 3347 2706 3515 2777; x_wconf 73' lang='grc' dir='ltr'>αὐτὴν</span> <span class='ocrx_word' id='word_1_438' title='bbox 3552 2700 3822 2771; x_wconf 76' lang='grc' dir='ltr'>ὲνεψύχωσε</span> 
     </span>
    </p>
   </div>
   <div class='ocr_carea' id='block_1_59' title="bbox 2291 2788 3823 2879">
    <p class='ocr_par' dir='ltr' id='par_1_59' title="bbox 2291 2788 3823 2879">
     <span class='ocr_line' id='line_1_59' title="bbox 2291 2788 3823 2879; baseline -0.015 -16"><span class='ocrx_word' id='word_1_439' title='bbox 2291 2808 2432 2863; x_wconf 84' lang='grc' dir='ltr'>κατὰ</span> <span class='ocrx_word' id='word_1_440' title='bbox 2460 2809 2557 2879; x_wconf 84' lang='grc' dir='ltr'><strong>τὴν</strong></span> <span class='ocrx_word' id='word_1_441' title='bbox 2591 2804 2755 2861; x_wconf 77' lang='grc' dir='ltr'>αὐτοῦ</span> <span class='ocrx_word' id='word_1_442' title='bbox 2793 2804 3064 2876; x_wconf 83' lang='grc' dir='ltr'>βούλησιν,</span> <span class='ocrx_word' id='word_1_443' title='bbox 3108 2801 3171 2854; x_wconf 82' lang='grc' dir='ltr'>τὸ</span> <span class='ocrx_word' id='word_1_444' title='bbox 3220 2797 3390 2853; x_wconf 77' lang='grc' dir='ltr'>αὐτοῦ</span> <span class='ocrx_word' id='word_1_445' title='bbox 3437 2794 3646 2864; x_wconf 79' lang='grc' dir='ltr'>πνεῦμα</span> <span class='ocrx_word' id='word_1_446' title='bbox 3681 2788 3823 2859; x_wconf 81' lang='grc' dir='ltr'>αὐτὴν</span> 
     </span>
    </p>
   </div>
   <div class='ocr_carea' id='block_1_60' title="bbox 2291 2882 3824 2971">
    <p class='ocr_par' dir='ltr' id='par_1_60' title="bbox 2291 2882 3824 2971">
     <span class='ocr_line' id='line_1_60' title="bbox 2291 2882 3824 2971; baseline -0.017 -14"><span class='ocrx_word' id='word_1_447' title='bbox 2291 2898 2602 2971; x_wconf 70' lang='grc' dir='ltr'>ἐργάζεται,</span> <span class='ocrx_word' id='word_1_448' title='bbox 2630 2897 2726 2951; x_wconf 68' lang='grc' dir='ltr'>καὶ</span> <span class='ocrx_word' id='word_1_449' title='bbox 2745 2896 2927 2949; x_wconf 80' lang='grc' dir='ltr'>οὐκέτι</span> <span class='ocrx_word' id='word_1_450' title='bbox 2952 2893 3031 2964; x_wconf 83' lang='grc' dir='ltr'>τῷ</span> <span class='ocrx_word' id='word_1_451' title='bbox 3066 2891 3185 2962; x_wconf 86' lang='grc' dir='ltr'><strong>Θεῷ</strong></span> <span class='ocrx_word' id='word_1_452' title='bbox 3228 2888 3422 2960; x_wconf 73' lang='grc' dir='ltr'>ἐχθρόν</span> <span class='ocrx_word' id='word_1_453' title='bbox 3449 2886 3502 2939; x_wconf 85' lang='grc' dir='ltr'><strong>τί</strong></span> <span class='ocrx_word' id='word_1_454' title='bbox 3522 2887 3656 2937; x_wconf 74' lang='grc' dir='ltr'>ἐστιν</span> <span class='ocrx_word' id='word_1_455' title='bbox 3682 2882 3712 2952; x_wconf 89' lang='grc' dir='ltr'>ἢ</span> <span class='ocrx_word' id='word_1_456' title='bbox 3736 2882 3824 2971; x_wconf 76' lang='grc' dir='ltr'>ἰσο-</span> 
     </span>
    </p>
   </div>
   <div class='ocr_carea' id='block_1_61' title="bbox 2290 2970 3825 3060">
    <p class='ocr_par' dir='ltr' id='par_1_61' title="bbox 2290 2970 3825 3060">
     <span class='ocr_line' id='line_1_61' title="bbox 2290 2970 3825 3060; baseline -0.016 -15"><span class='ocrx_word' id='word_1_457' title='bbox 2290 2990 2522 3060; x_wconf 86' lang='grc' dir='ltr'>δύναμον</span> <span class='ocrx_word' id='word_1_458' title='bbox 2542 3007 2553 3019; x_wconf 88' lang='grc'>·</span> <span class='ocrx_word' id='word_1_459' title='bbox 2606 2988 2641 3059; x_wconf 87' lang='grc' dir='ltr'>ἢ</span> <span class='ocrx_word' id='word_1_460' title='bbox 2673 2988 2950 3049; x_wconf 83' lang='grc' dir='ltr'>ἀδύνατον,</span> <span class='ocrx_word' id='word_1_461' title='bbox 2985 2986 3066 3037; x_wconf 84' lang='grc' dir='ltr'>ὅτι</span> <span class='ocrx_word' id='word_1_462' title='bbox 3097 2984 3205 3037; x_wconf 82' lang='grc' dir='ltr'><strong>πᾶν</strong></span> <span class='ocrx_word' id='word_1_463' title='bbox 3226 2981 3291 3034; x_wconf 84' lang='grc' dir='ltr'><strong>τὸ</strong></span> <span class='ocrx_word' id='word_1_464' title='bbox 3331 2978 3608 3049; x_wconf 85' lang='grc' dir='ltr'>γινόμενον</span> <span class='ocrx_word' id='word_1_465' title='bbox 3640 2973 3720 3025; x_wconf 84' lang='grc' dir='ltr'>ὑπ’</span> <span class='ocrx_word' id='word_1_466' title='bbox 3745 2970 3825 3023; x_wconf 83' lang='grc' dir='ltr'>αὑ-</span> 
     </span>
    </p>
   </div>
   <div class='ocr_carea' id='block_1_62' title="bbox 2291 3060 3825 3149">
    <p class='ocr_par' dir='ltr' id='par_1_62' title="bbox 2291 3060 3825 3149">
     <span class='ocr_line' id='line_1_62' title="bbox 2291 3060 3825 3149; baseline -0.017 -11"><span class='ocrx_word' id='word_1_467' title='bbox 2291 3085 2405 3148; x_wconf 80' lang='grc' dir='ltr'>τοῦ,</span> <span class='ocrx_word' id='word_1_468' title='bbox 2431 3084 2505 3146; x_wconf 86' lang='grc' dir='ltr'>ὡς</span> <span class='ocrx_word' id='word_1_469' title='bbox 2534 3082 2700 3144; x_wconf 80' lang='grc' dir='ltr'>θέλει,</span> <span class='ocrx_word' id='word_1_470' title='bbox 2721 3081 2949 3149; x_wconf 87' lang='grc' dir='ltr'>γίνεται.</span> <span class='ocrx_word' id='word_1_471' title='bbox 2985 3076 3121 3129; x_wconf 83' lang='grc' dir='ltr'>Ἀλλ’</span> <span class='ocrx_word' id='word_1_472' title='bbox 3148 3076 3293 3146; x_wconf 75' lang='grc' dir='ltr'>ἐρεῖς</span> <span class='ocrx_word' id='word_1_473' title='bbox 3317 3089 3331 3103; x_wconf 89' lang='grc'><strong>·</strong></span> <span class='ocrx_word' id='word_1_474' title='bbox 3364 3070 3532 3132; x_wconf 79' lang='grc' dir='ltr'>Αὐτὸς</span> <span class='ocrx_word' id='word_1_475' title='bbox 3547 3067 3638 3136; x_wconf 79' lang='grc' dir='ltr'><strong>τῆς</strong></span> <span class='ocrx_word' id='word_1_476' title='bbox 3657 3060 3825 3120; x_wconf 82' lang='grc' dir='ltr'>κακίας</span> 
     </span>
    </p>
   </div>
   <div class='ocr_carea' id='block_1_63' title="bbox 640 3151 2210 3250">
    <p class='ocr_par' dir='ltr' id='par_1_63' title="bbox 640 3151 2192 3250">
     <span class='ocr_line' id='line_1_63' title="bbox 640 3151 2192 3250; baseline -0.005 -15"><span class='ocrx_word' id='word_1_477' title='bbox 640 3190 698 3236; x_wconf 88' lang='lat' dir='ltr'><strong>ut</strong></span> <span class='ocrx_word' id='word_1_478' title='bbox 719 3151 1082 3250; x_wconf 75' lang='lat' dir='ltr'><strong>quodcunque</strong></span> <span class='ocrx_word' id='word_1_479' title='bbox 1107 3195 1201 3248; x_wconf 90' lang='lat' dir='ltr'><strong>per</strong></span> <span class='ocrx_word' id='word_1_480' title='bbox 1226 3151 1349 3232; x_wconf 78' lang='lat' dir='ltr'><strong>eum</strong></span> <span class='ocrx_word' id='word_1_481' title='bbox 1384 3178 1496 3243; x_wconf 83' lang='lat' dir='ltr'><strong>tial,</strong></span> <span class='ocrx_word' id='word_1_482' title='bbox 1521 3151 1819 3233; x_wconf 86' lang='lat' dir='ltr'><strong>secundum</strong></span> <span class='ocrx_word' id='word_1_483' title='bbox 1853 3177 1974 3246; x_wconf 86' lang='lat' dir='ltr'><strong>ejus</strong></span> <span class='ocrx_word' id='word_1_484' title='bbox 2002 3151 2192 3248; x_wconf 44' lang='lat' dir='ltr'><strong>gigna-</strong></span> 
     </span>
    </p>
   </div>
   <div class='ocr_carea' id='block_1_64' title="bbox 2291 3151 3823 3250">
    <p class='ocr_par' dir='ltr' id='par_1_64' title="bbox 2292 3151 3823 3250">
     <span class='ocr_line' id='line_1_64' title="bbox 2292 3151 3823 3250; baseline -0.016 -20"><span class='ocrx_word' id='word_1_485' title='bbox 2292 3176 2483 3239; x_wconf 82' lang='grc' dir='ltr'>αἴτιος,</span> <span class='ocrx_word' id='word_1_486' title='bbox 2511 3174 2667 3245; x_wconf 83' lang='grc' dir='ltr'>εἴπερ</span> <span class='ocrx_word' id='word_1_487' title='bbox 2692 3172 2854 3235; x_wconf 83' lang='grc' dir='ltr'>αὐτὸς</span> <span class='ocrx_word' id='word_1_488' title='bbox 2899 3170 2965 3223; x_wconf 85' lang='grc' dir='ltr'>δι’</span> <span class='ocrx_word' id='word_1_489' title='bbox 3022 3168 3193 3237; x_wconf 80' lang='grc' dir='ltr'>αὐτῆς</span> <span class='ocrx_word' id='word_1_490' title='bbox 3241 3162 3531 3236; x_wconf 71' lang='grc' dir='ltr'>ἐργάζεται</span> <span class='ocrx_word' id='word_1_491' title='bbox 3686 3151 3823 3250; x_wconf 55' lang='grc' dir='ltr'>κακά-</span> 
     </span>
    </p>
   </div>
   <div class='ocr_carea' id='block_1_65' title="bbox 639 3273 2195 3346">
    <p class='ocr_par' dir='ltr' id='par_1_65' title="bbox 639 3273 2195 3346">
     <span class='ocr_line' id='line_1_65' title="bbox 639 3273 2195 3346; baseline -0.006 -12"><span class='ocrx_word' id='word_1_492' title='bbox 639 3292 728 3334; x_wconf 92' lang='lat' dir='ltr'><strong>tur</strong></span> <span class='ocrx_word' id='word_1_493' title='bbox 757 3279 1114 3334; x_wconf 87' lang='lat' dir='ltr'><strong>voluntatem.</strong></span> <span class='ocrx_word' id='word_1_494' title='bbox 1167 3275 1237 3329; x_wconf 88' lang='lat' dir='ltr'><strong>At</strong></span> <span class='ocrx_word' id='word_1_495' title='bbox 1256 3276 1447 3331; x_wconf 88' lang='lat' dir='ltr'><strong>dices:</strong></span> <span class='ocrx_word' id='word_1_496' title='bbox 1488 3278 1609 3346; x_wconf 81' lang='lat' dir='ltr'><strong>Ipse</strong></span> <span class='ocrx_word' id='word_1_497' title='bbox 1657 3284 1743 3329; x_wconf 89' lang='lat' dir='ltr'><strong>est</strong></span> <span class='ocrx_word' id='word_1_498' title='bbox 1794 3282 1987 3328; x_wconf 81' lang='lat' dir='ltr'><strong>auctor</strong></span> <span class='ocrx_word' id='word_1_499' title='bbox 2043 3273 2195 3336; x_wconf 89' lang='lat' dir='ltr'><strong>mali,</strong></span> 
     </span>
    </p>
   </div>
   <div class='ocr_carea' id='block_1_66' title="bbox 638 3365 2199 3440">
    <p class='ocr_par' dir='ltr' id='par_1_66' title="bbox 638 3365 2199 3440">
     <span class='ocr_line' id='line_1_66' title="bbox 638 3365 2199 3440; baseline -0.004 -14"><span class='ocrx_word' id='word_1_500' title='bbox 638 3373 683 3426; x_wconf 80' lang='lat' dir='ltr'><strong>si</strong></span> <span class='ocrx_word' id='word_1_501' title='bbox 698 3386 790 3440; x_wconf 90' lang='lat' dir='ltr'><strong>per</strong></span> <span class='ocrx_word' id='word_1_502' title='bbox 813 3386 931 3425; x_wconf 90' lang='lat' dir='ltr'><strong>eam</strong></span> <span class='ocrx_word' id='word_1_503' title='bbox 947 3379 1198 3440; x_wconf 87' lang='lat' dir='ltr'><strong>operetur</strong></span> <span class='ocrx_word' id='word_1_504' title='bbox 1229 3370 1393 3423; x_wconf 90' lang='lat' dir='ltr'><strong>mala.</strong></span> <span class='ocrx_word' id='word_1_505' title='bbox 1418 3368 1713 3438; x_wconf 87' lang='lat' dir='ltr'><strong>Astqualia</strong></span> <span class='ocrx_word' id='word_1_506' title='bbox 1739 3366 1997 3435; x_wconf 81' lang='lat' dir='ltr'><strong>intelligis</strong></span> <span class='ocrx_word' id='word_1_507' title='bbox 2015 3365 2152 3418; x_wconf 90' lang='lat' dir='ltr'><strong>mala</strong></span> <span class='ocrx_word' id='word_1_508' title='bbox 2175 3366 2199 3419; x_wconf 81' lang='lat'><strong>?</strong></span> 
     </span>
    </p>
   </div>
   <div class='ocr_carea' id='block_1_67' title="bbox 642 3457 2199 3531">
    <p class='ocr_par' dir='ltr' id='par_1_67' title="bbox 642 3457 2199 3531">
     <span class='ocr_line' id='line_1_67' title="bbox 642 3457 2199 3531; baseline -0.002 -18"><span class='ocrx_word' id='word_1_509' title='bbox 642 3459 871 3531; x_wconf 82' lang='lat' dir='ltr'><strong>Reptilia</strong></span> <span class='ocrx_word' id='word_1_510' title='bbox 888 3476 1091 3514; x_wconf 87' lang='lat' dir='ltr'><strong>veneno</strong></span> <span class='ocrx_word' id='word_1_511' title='bbox 1110 3458 1329 3522; x_wconf 79' lang='lat' dir='ltr'><strong>infecta,</strong></span> <span class='ocrx_word' id='word_1_512' title='bbox 1343 3468 1395 3513; x_wconf 91' lang='lat' dir='ltr'><strong>et</strong></span> <span class='ocrx_word' id='word_1_513' title='bbox 1411 3460 1622 3528; x_wconf 89' lang='lat' dir='ltr'><strong>plantas</strong></span> <span class='ocrx_word' id='word_1_514' title='bbox 1638 3457 1990 3522; x_wconf 77' lang='lat' dir='ltr'><strong>letiferas,vel</strong></span> <span class='ocrx_word' id='word_1_515' title='bbox 2002 3457 2199 3512; x_wconf 77' lang='lat' dir='ltr'><strong>daemo-</strong></span> 
     </span>
    </p>
   </div>
   <div class='ocr_carea' id='block_1_68' title="bbox 644 3547 2201 3619">
    <p class='ocr_par' dir='ltr' id='par_1_68' title="bbox 644 3547 2201 3619">
     <span class='ocr_line' id='line_1_68' title="bbox 644 3547 2201 3619; baseline -0.004 -13"><span class='ocrx_word' id='word_1_516' title='bbox 644 3569 766 3614; x_wconf 85' lang='lat' dir='ltr'><strong>nes,</strong></span> <span class='ocrx_word' id='word_1_517' title='bbox 797 3553 882 3607; x_wconf 91' lang='lat' dir='ltr'><strong>vel</strong></span> <span class='ocrx_word' id='word_1_518' title='bbox 905 3552 1065 3605; x_wconf 84' lang='lat' dir='ltr'><strong>etiam</strong></span> <span class='ocrx_word' id='word_1_519' title='bbox 1090 3552 1219 3617; x_wconf 88' lang='lat' dir='ltr'><strong>alia,</strong></span> <span class='ocrx_word' id='word_1_520' title='bbox 1246 3566 1367 3619; x_wconf 70' lang='lat' dir='ltr'><strong>quae</strong></span> <span class='ocrx_word' id='word_1_521' title='bbox 1396 3550 1708 3605; x_wconf 88' lang='lat' dir='ltr'><strong>hominibus</strong></span> <span class='ocrx_word' id='word_1_522' title='bbox 1736 3565 1930 3605; x_wconf 89' lang='lat' dir='ltr'><strong>nocere</strong></span> <span class='ocrx_word' id='word_1_523' title='bbox 1953 3547 2201 3619; x_wconf 81' lang='lat' dir='ltr'><strong>queant?</strong></span> 
     </span>
    </p>
   </div>
   <div class='ocr_carea' id='block_1_69' title="bbox 642 3641 2197 3717">
    <p class='ocr_par' dir='ltr' id='par_1_69' title="bbox 642 3641 2197 3717">
     <span class='ocr_line' id='line_1_69' title="bbox 642 3641 2197 3717; baseline -0.006 -15"><span class='ocrx_word' id='word_1_524' title='bbox 642 3649 774 3715; x_wconf 66' lang='lat' dir='ltr'><strong>Quae</strong></span> <span class='ocrx_word' id='word_1_525' title='bbox 794 3648 1011 3717; x_wconf 89' lang='lat' dir='ltr'><strong>quidem</strong></span> <span class='ocrx_word' id='word_1_526' title='bbox 1040 3645 1306 3717; x_wconf 82' lang='lat' dir='ltr'><strong>ejusmodi</strong></span> <span class='ocrx_word' id='word_1_527' title='bbox 1332 3642 1472 3697; x_wconf 90' lang='lat' dir='ltr'><strong>mala</strong></span> <span class='ocrx_word' id='word_1_528' title='bbox 1500 3659 1608 3698; x_wconf 86' lang='lat' dir='ltr'><strong>non</strong></span> <span class='ocrx_word' id='word_1_529' title='bbox 1628 3650 1828 3706; x_wconf 87' lang='lat' dir='ltr'><strong>essent,</strong></span> <span class='ocrx_word' id='word_1_530' title='bbox 1845 3641 1891 3695; x_wconf 91' lang='lat' dir='ltr'><strong>si</strong></span> <span class='ocrx_word' id='word_1_531' title='bbox 1910 3641 2072 3694; x_wconf 91' lang='lat' dir='ltr'><strong>homo</strong></span> <span class='ocrx_word' id='word_1_532' title='bbox 2091 3654 2197 3692; x_wconf 89' lang='lat' dir='ltr'><strong>non</strong></span> 
     </span>
    </p>
   </div>
   <div class='ocr_carea' id='block_1_70' title="bbox 641 3733 2200 3810">
    <p class='ocr_par' dir='ltr' id='par_1_70' title="bbox 641 3733 2200 3810">
     <span class='ocr_line' id='line_1_70' title="bbox 641 3733 2200 3810; baseline -0.008 -14"><span class='ocrx_word' id='word_1_533' title='bbox 641 3742 996 3810; x_wconf 87' lang='lat' dir='ltr'><strong>peccavisset,</strong></span> <span class='ocrx_word' id='word_1_534' title='bbox 1015 3741 1157 3793; x_wconf 88' lang='lat' dir='ltr'><strong>unde</strong></span> <span class='ocrx_word' id='word_1_535' title='bbox 1177 3753 1323 3791; x_wconf 91' lang='lat' dir='ltr'><strong>mors</strong></span> <span class='ocrx_word' id='word_1_536' title='bbox 1352 3736 1683 3805; x_wconf 82' lang='lat' dir='ltr'><strong>supervenit.</strong></span> <span class='ocrx_word' id='word_1_537' title='bbox 1714 3735 1848 3789; x_wconf 86' lang='lat' dir='ltr'><strong>Nam</strong></span> <span class='ocrx_word' id='word_1_538' title='bbox 1885 3748 2009 3787; x_wconf 91' lang='lat' dir='ltr'><strong>cum</strong></span> <span class='ocrx_word' id='word_1_539' title='bbox 2036 3733 2200 3785; x_wconf 93' lang='lat' dir='ltr'><strong>homo</strong></span> 
     </span>
    </p>
   </div>
   <div class='ocr_carea' id='block_1_71' title="bbox 642 3825 2199 3903">
    <p class='ocr_par' dir='ltr' id='par_1_71' title="bbox 642 3825 2199 3903">
     <span class='ocr_line' id='line_1_71' title="bbox 642 3825 2199 3903; baseline -0.008 -14"><span class='ocrx_word' id='word_1_540' title='bbox 642 3834 851 3903; x_wconf 89' lang='lat' dir='ltr'><strong>peccati</strong></span> <span class='ocrx_word' id='word_1_541' title='bbox 900 3848 1092 3902; x_wconf 88' lang='lat' dir='ltr'><strong>expers</strong></span> <span class='ocrx_word' id='word_1_542' title='bbox 1122 3832 1436 3896; x_wconf 80' lang='lat' dir='ltr'><strong>exsistebat,</strong></span> <span class='ocrx_word' id='word_1_543' title='bbox 1468 3842 1734 3884; x_wconf 88' lang='lat' dir='ltr'><strong>venenum</strong></span> <span class='ocrx_word' id='word_1_544' title='bbox 1787 3825 2058 3895; x_wconf 90' lang='lat' dir='ltr'><strong>reptilium</strong></span> <span class='ocrx_word' id='word_1_545' title='bbox 2091 3838 2199 3878; x_wconf 86' lang='lat' dir='ltr'><strong>non</strong></span> 
     </span>
    </p>
   </div>
   <div class='ocr_carea' id='block_1_72' title="bbox 643 3918 2201 3999">
    <p class='ocr_par' dir='ltr' id='par_1_72' title="bbox 643 3918 2201 3999">
     <span class='ocr_line' id='line_1_72' title="bbox 643 3918 2201 3999; baseline -0.009 -15"><span class='ocrx_word' id='word_1_546' title='bbox 643 3929 984 3999; x_wconf 88' lang='lat' dir='ltr'><strong>operabatur,</strong></span> <span class='ocrx_word' id='word_1_547' title='bbox 1011 3940 1187 3995; x_wconf 88' lang='lat' dir='ltr'><strong>neque</strong></span> <span class='ocrx_word' id='word_1_548' title='bbox 1224 3924 1538 3980; x_wconf 88' lang='lat' dir='ltr'><strong>nocivarum</strong></span> <span class='ocrx_word' id='word_1_549' title='bbox 1571 3921 1878 3992; x_wconf 88' lang='lat' dir='ltr'><strong>plantarum</strong></span> <span class='ocrx_word' id='word_1_550' title='bbox 1910 3918 2075 3980; x_wconf 90' lang='lat' dir='ltr'><strong>vires,</strong></span> <span class='ocrx_word' id='word_1_551' title='bbox 2106 3931 2201 3970; x_wconf 89' lang='lat' dir='ltr'><strong>ne-</strong></span> 
     </span>
    </p>
   </div>
   <div class='ocr_carea' id='block_1_73' title="bbox 643 4009 2202 4094">
    <p class='ocr_par' dir='ltr' id='par_1_73' title="bbox 643 4009 2202 4094">
     <span class='ocr_line' id='line_1_73' title="bbox 643 4009 2202 4094; baseline -0.012 -15"><span class='ocrx_word' id='word_1_552' title='bbox 643 4040 751 4094; x_wconf 88' lang='lat' dir='ltr'><strong>que</strong></span> <span class='ocrx_word' id='word_1_553' title='bbox 782 4024 1058 4077; x_wconf 69' lang='lat' dir='ltr'><strong>daemones</strong></span> <span class='ocrx_word' id='word_1_554' title='bbox 1082 4019 1311 4089; x_wconf 88' lang='lat' dir='ltr'><strong>injurias</strong></span> <span class='ocrx_word' id='word_1_555' title='bbox 1354 4015 1684 4079; x_wconf 84' lang='lat' dir='ltr'><strong>inferebant,</strong></span> <span class='ocrx_word' id='word_1_556' title='bbox 1712 4026 1891 4083; x_wconf 89' lang='lat' dir='ltr'><strong>neque</strong></span> <span class='ocrx_word' id='word_1_557' title='bbox 1911 4009 2057 4065; x_wconf 90' lang='lat' dir='ltr'><strong>aliud</strong></span> <span class='ocrx_word' id='word_1_558' title='bbox 2087 4023 2202 4061; x_wconf 84' lang='lat' dir='ltr'><strong>ma-</strong></span> 
     </span>
    </p>
   </div>
   <div class='ocr_carea' id='block_1_74' title="bbox 627 4105 2205 4175">
    <p class='ocr_par' dir='ltr' id='par_1_74' title="bbox 627 4105 2205 4175">
     <span class='ocr_line' id='line_1_74' title="bbox 627 4105 2205 4175; baseline -0.002 -13"><span class='ocrx_word' id='word_1_559' title='bbox 627 4109 740 4163; x_wconf 78' lang='lat' dir='ltr'><strong>lum</strong></span> <span class='ocrx_word' id='word_1_560' title='bbox 788 4122 980 4166; x_wconf 89' lang='lat' dir='ltr'><strong>natura</strong></span> <span class='ocrx_word' id='word_1_561' title='bbox 1031 4113 1079 4166; x_wconf 89' lang='lat' dir='ltr'><strong>ei</strong></span> <span class='ocrx_word' id='word_1_562' title='bbox 1125 4112 1344 4166; x_wconf 85' lang='lat' dir='ltr'><strong>insitum</strong></span> <span class='ocrx_word' id='word_1_563' title='bbox 1386 4118 1531 4175; x_wconf 86' lang='lat' dir='ltr'><strong>erat;</strong></span> <span class='ocrx_word' id='word_1_564' title='bbox 1574 4116 1947 4162; x_wconf 88' lang='lat' dir='ltr'><strong>verumtamen</strong></span> <span class='ocrx_word' id='word_1_565' title='bbox 1982 4105 2205 4160; x_wconf 89' lang='lat' dir='ltr'><strong>immor-</strong></span> 
     </span>
    </p>
   </div>
   <div class='ocr_carea' id='block_1_75' title="bbox 627 4197 2203 4274">
    <p class='ocr_par' dir='ltr' id='par_1_75' title="bbox 627 4197 2203 4274">
     <span class='ocr_line' id='line_1_75' title="bbox 627 4197 2203 4274; baseline -0.004 -17"><span class='ocrx_word' id='word_1_566' title='bbox 627 4205 875 4270; x_wconf 88' lang='lat' dir='ltr'><strong>talitatis,</strong></span> <span class='ocrx_word' id='word_1_567' title='bbox 910 4215 967 4260; x_wconf 91' lang='lat' dir='ltr'><strong>ut</strong></span> <span class='ocrx_word' id='word_1_568' title='bbox 1007 4208 1139 4272; x_wconf 82' lang='lat' dir='ltr'><strong>dixi,</strong></span> <span class='ocrx_word' id='word_1_569' title='bbox 1171 4205 1240 4260; x_wconf 91' lang='lat' dir='ltr'><strong>ob</strong></span> <span class='ocrx_word' id='word_1_570' title='bbox 1280 4213 1560 4274; x_wconf 88' lang='lat' dir='ltr'><strong>peccatum</strong></span> <span class='ocrx_word' id='word_1_571' title='bbox 1597 4204 1809 4272; x_wconf 89' lang='lat' dir='ltr'><strong>jactura</strong></span> <span class='ocrx_word' id='word_1_572' title='bbox 1842 4197 2005 4264; x_wconf 80' lang='lat' dir='ltr'><strong>facta,</strong></span> <span class='ocrx_word' id='word_1_573' title='bbox 2042 4206 2203 4268; x_wconf 86' lang='lat' dir='ltr'><strong>aptus</strong></span> 
     </span>
    </p>
   </div>
   <div class='ocr_carea' id='block_1_76' title="bbox 646 4281 2201 4359">
    <p class='ocr_par' dir='ltr' id='par_1_76' title="bbox 646 4281 2201 4359">
     <span class='ocr_line' id='line_1_76' title="bbox 646 4281 2201 4359; baseline -0.008 -14"><span class='ocrx_word' id='word_1_574' title='bbox 646 4291 714 4345; x_wconf 87' lang='lat' dir='ltr'><strong>ad</strong></span> <span class='ocrx_word' id='word_1_575' title='bbox 750 4292 999 4359; x_wconf 85' lang='lat' dir='ltr'><strong>quamvis</strong></span> <span class='ocrx_word' id='word_1_576' title='bbox 1032 4289 1393 4343; x_wconf 86' lang='lat' dir='ltr'><strong>calamitatem</strong></span> <span class='ocrx_word' id='word_1_577' title='bbox 1430 4284 1794 4353; x_wconf 89' lang='lat' dir='ltr'><strong>recipiendam</strong></span> <span class='ocrx_word' id='word_1_578' title='bbox 1825 4281 2071 4335; x_wconf 83' lang='lat' dir='ltr'><strong>redditus</strong></span> <span class='ocrx_word' id='word_1_579' title='bbox 2100 4288 2201 4332; x_wconf 89' lang='lat' dir='ltr'><strong>cst.</strong></span> 
     </span>
    </p>
   </div>
   <div class='ocr_carea' id='block_1_77' title="bbox 649 4371 2206 4448">
    <p class='ocr_par' dir='ltr' id='par_1_77' title="bbox 649 4371 2206 4448">
     <span class='ocr_line' id='line_1_77' title="bbox 649 4371 2206 4448; baseline -0.01 -11"><span class='ocrx_word' id='word_1_580' title='bbox 649 4383 708 4437; x_wconf 91' lang='lat' dir='ltr'><strong>Si</strong></span> <span class='ocrx_word' id='word_1_581' title='bbox 750 4391 929 4436; x_wconf 90' lang='lat' dir='ltr'><strong>autem</strong></span> <span class='ocrx_word' id='word_1_582' title='bbox 977 4381 1123 4435; x_wconf 85' lang='lat' dir='ltr'><strong>dices</strong></span> <span class='ocrx_word' id='word_1_583' title='bbox 1153 4399 1167 4435; x_wconf 89' lang='lat'><strong>:</strong></span> <span class='ocrx_word' id='word_1_584' title='bbox 1231 4378 1342 4433; x_wconf 90' lang='lat' dir='ltr'><strong>Cur</strong></span> <span class='ocrx_word' id='word_1_585' title='bbox 1371 4378 1533 4448; x_wconf 83' lang='lat' dir='ltr'><strong>igitur</strong></span> <span class='ocrx_word' id='word_1_586' title='bbox 1566 4376 1801 4429; x_wconf 90' lang='lat' dir='ltr'><strong>humana</strong></span> <span class='ocrx_word' id='word_1_587' title='bbox 1831 4382 2023 4426; x_wconf 82' lang='lat' dir='ltr'><strong>natura</strong></span> <span class='ocrx_word' id='word_1_588' title='bbox 2052 4371 2206 4424; x_wconf 91' lang='lat' dir='ltr'><strong>initio</strong></span> 
     </span>
    </p>
   </div>
   <div class='ocr_carea' id='block_1_78' title="bbox 649 4461 2283 4562">
    <p class='ocr_par' dir='ltr' id='par_1_78' title="bbox 649 4461 2283 4562">
     <span class='ocr_line' id='line_1_78' title="bbox 649 4461 2283 4562; baseline -0.01 -33"><span class='ocrx_word' id='word_1_589' title='bbox 649 4475 841 4529; x_wconf 90' lang='lat' dir='ltr'><strong>mortis</strong></span> <span class='ocrx_word' id='word_1_590' title='bbox 867 4488 1036 4542; x_wconf 87' lang='lat' dir='ltr'><strong>capax</strong></span> <span class='ocrx_word' id='word_1_591' title='bbox 1067 4480 1150 4527; x_wconf 84' lang='lat' dir='ltr'><strong>est</strong></span> <span class='ocrx_word' id='word_1_592' title='bbox 1188 4469 1438 4524; x_wconf 89' lang='lat' dir='ltr'><strong>reddita?</strong></span> <span class='ocrx_word' id='word_1_593' title='bbox 1470 4468 1567 4522; x_wconf 91' lang='lat' dir='ltr'><strong>tibi</strong></span> <span class='ocrx_word' id='word_1_594' title='bbox 1609 4465 1912 4534; x_wconf 89' lang='lat' dir='ltr'><strong>respondeo</strong></span> <span class='ocrx_word' id='word_1_595' title='bbox 1941 4478 1955 4514; x_wconf 95' lang='lat'><strong>:</strong></span> <span class='ocrx_word' id='word_1_596' title='bbox 1988 4461 2206 4530; x_wconf 85' lang='lat' dir='ltr'><strong>Propter</strong></span> <span class='ocrx_word' id='word_1_597' title='bbox 2241 4508 2283 4562; x_wconf 66' lang='grc' dir='ltr'><strong>Β</strong></span> 
     </span>
    </p>
   </div>
   <div class='ocr_carea' id='block_1_79' title="bbox 650 4557 2202 4632">
    <p class='ocr_par' dir='ltr' id='par_1_79' title="bbox 650 4557 2202 4632">
     <span class='ocr_line' id='line_1_79' title="bbox 650 4557 2202 4632; baseline -0.01 -11"><span class='ocrx_word' id='word_1_598' title='bbox 650 4566 880 4621; x_wconf 87' lang='lat' dir='ltr'><strong>liberum</strong></span> <span class='ocrx_word' id='word_1_599' title='bbox 923 4564 1095 4632; x_wconf 91' lang='lat' dir='ltr'><strong>ipsius</strong></span> <span class='ocrx_word' id='word_1_600' title='bbox 1143 4559 1452 4616; x_wconf 89' lang='lat' dir='ltr'><strong>arbitrium.</strong></span> <span class='ocrx_word' id='word_1_601' title='bbox 1508 4558 1564 4612; x_wconf 90' lang='lat' dir='ltr'><strong>Si</strong></span> <span class='ocrx_word' id='word_1_602' title='bbox 1596 4557 1740 4612; x_wconf 89' lang='lat' dir='ltr'><strong>enim</strong></span> <span class='ocrx_word' id='word_1_603' title='bbox 1799 4570 1907 4609; x_wconf 93' lang='lat' dir='ltr'><strong>non</strong></span> <span class='ocrx_word' id='word_1_604' title='bbox 1957 4568 2202 4608; x_wconf 88' lang='lat' dir='ltr'><strong>essemus</strong></span> 
     </span>
    </p>
   </div>
   <div class='ocr_carea' id='block_1_80' title="bbox 649 4646 2200 4721">
    <p class='ocr_par' dir='ltr' id='par_1_80' title="bbox 649 4646 2200 4721">
     <span class='ocr_line' id='line_1_80' title="bbox 649 4646 2200 4721; baseline -0.009 -8"><span class='ocrx_word' id='word_1_605' title='bbox 649 4657 812 4713; x_wconf 87' lang='lat' dir='ltr'><strong>morti</strong></span> <span class='ocrx_word' id='word_1_606' title='bbox 840 4654 1091 4720; x_wconf 87' lang='lat' dir='ltr'><strong>obnoxii,</strong></span> <span class='ocrx_word' id='word_1_607' title='bbox 1114 4654 1184 4707; x_wconf 92' lang='lat' dir='ltr'><strong>ob</strong></span> <span class='ocrx_word' id='word_1_608' title='bbox 1232 4658 1592 4721; x_wconf 87' lang='lat' dir='ltr'><strong>spontaneum</strong></span> <span class='ocrx_word' id='word_1_609' title='bbox 1639 4656 1922 4720; x_wconf 89' lang='lat' dir='ltr'><strong>peccatum</strong></span> <span class='ocrx_word' id='word_1_610' title='bbox 1967 4663 2067 4702; x_wconf 90' lang='lat' dir='ltr'><strong>nos</strong></span> <span class='ocrx_word' id='word_1_611' title='bbox 2098 4646 2200 4699; x_wconf 90' lang='lat' dir='ltr'><strong>im-</strong></span> 
     </span>
    </p>
   </div>
   <div class='ocr_carea' id='block_1_81' title="bbox 725 4786 1591 4855">
    <p class='ocr_par' dir='ltr' id='par_1_81' title="bbox 725 4786 1591 4855">
     <span class='ocr_line' id='line_1_81' title="bbox 725 4786 1591 4855; baseline -0.006 -11"><span class='ocrx_word' id='word_1_612' title='bbox 725 4802 751 4832; x_wconf 72' lang='grc' dir='ltr'><strong>α</strong></span> <span class='ocrx_word' id='word_1_613' title='bbox 782 4789 972 4844; x_wconf 81' lang='lat' dir='ltr'><strong>Matth.</strong></span> <span class='ocrx_word' id='word_1_614' title='bbox 996 4830 1009 4855; x_wconf 94' lang='lat'><strong>,</strong></span> <span class='ocrx_word' id='word_1_615' title='bbox 1038 4802 1206 4850; x_wconf 76' lang='lat' dir='ltr'><strong>XXVII,</strong></span> <span class='ocrx_word' id='word_1_616' title='bbox 1237 4787 1336 4851; x_wconf 71' lang='lat'><strong>52;</strong></span> <span class='ocrx_word' id='word_1_617' title='bbox 1356 4801 1471 4851; x_wconf 80' lang='lat' dir='ltr'><strong>ml,</strong></span> <span class='ocrx_word' id='word_1_618' title='bbox 1502 4786 1591 4839; x_wconf 69' lang='grc'><strong>25.</strong></span> 
     </span>
    </p>
   </div>
   <div class='ocr_carea' id='block_1_82' title="bbox 720 4875 1691 4943">
    <p class='ocr_par' dir='ltr' id='par_1_82' title="bbox 720 4875 1691 4943">
     <span class='ocr_line' id='line_1_82' title="bbox 720 4875 1691 4943; baseline -0.007 -9"><span class='ocrx_word' id='word_1_619' title='bbox 720 4882 750 4921; x_wconf 71' lang='grc' dir='ltr'><strong>ι’</strong></span> <span class='ocrx_word' id='word_1_620' title='bbox 780 4879 968 4934; x_wconf 81' lang='lat' dir='ltr'><strong>Matth.</strong></span> <span class='ocrx_word' id='word_1_621' title='bbox 1007 4893 1125 4943; x_wconf 88' lang='lat' dir='ltr'><strong>vm,</strong></span> <span class='ocrx_word' id='word_1_622' title='bbox 1147 4877 1245 4942; x_wconf 76' lang='lat'><strong>26;</strong></span> <span class='ocrx_word' id='word_1_623' title='bbox 1277 4875 1408 4930; x_wconf 84' lang='lat' dir='ltr'><strong>Luc.</strong></span> <span class='ocrx_word' id='word_1_624' title='bbox 1442 4892 1562 4938; x_wconf 77' lang='lat' dir='ltr'><strong>vni,</strong></span> <span class='ocrx_word' id='word_1_625' title='bbox 1594 4876 1691 4931; x_wconf 69' lang='grc' dir='ltr'>ει.</span> 
     </span>
    </p>
   </div>
   <div class='ocr_carea' id='block_1_83' title="bbox 2296 3241 3825 3337">
    <p class='ocr_par' dir='ltr' id='par_1_83' title="bbox 2296 3241 3825 3337">
     <span class='ocr_line' id='line_1_83' title="bbox 2296 3241 3825 3337; baseline -0.014 -17"><span class='ocrx_word' id='word_1_626' title='bbox 2296 3268 2433 3322; x_wconf 86' lang='grc' dir='ltr'>Ποῖα</span> <span class='ocrx_word' id='word_1_627' title='bbox 2459 3268 2565 3337; x_wconf 77' lang='grc' dir='ltr'>ἄρα</span> <span class='ocrx_word' id='word_1_628' title='bbox 2602 3241 2742 3336; x_wconf 80' lang='grc' dir='ltr'>ἐρεῖς</span> <span class='ocrx_word' id='word_1_629' title='bbox 2768 3262 2837 3315; x_wconf 79' lang='grc' dir='ltr'>τὰ</span> <span class='ocrx_word' id='word_1_630' title='bbox 2860 3259 3047 3325; x_wconf 85' lang='grc' dir='ltr'>κακά;</span> <span class='ocrx_word' id='word_1_631' title='bbox 3093 3254 3332 3328; x_wconf 82' lang='grc' dir='ltr'>Ἔρπετὰ</span> <span class='ocrx_word' id='word_1_632' title='bbox 3383 3251 3559 3307; x_wconf 57' lang='lat' dir='ltr'><strong>taedia</strong></span> <span class='ocrx_word' id='word_1_633' title='bbox 3584 3247 3626 3280; x_wconf 72' lang='grc' dir='ltr'>ι’</span> <span class='ocrx_word' id='word_1_634' title='bbox 3650 3241 3825 3337; x_wconf 48' lang='lat' dir='ltr'><strong>itali?-</strong></span> 
     </span>
    </p>
   </div>
   <div class='ocr_carea' id='block_1_84' title="bbox 2295 3329 3828 3423">
    <p class='ocr_par' dir='ltr' id='par_1_84' title="bbox 2295 3329 3828 3423">
     <span class='ocr_line' id='line_1_84' title="bbox 2295 3329 3828 3423; baseline -0.018 -14"><span class='ocrx_word' id='word_1_635' title='bbox 2295 3356 2461 3418; x_wconf 82' lang='grc' dir='ltr'>τάνας</span> <span class='ocrx_word' id='word_1_636' title='bbox 2482 3329 2830 3423; x_wconf 79' lang='grc' dir='ltr'>θανασίμους,</span> <span class='ocrx_word' id='word_1_637' title='bbox 2860 3351 2893 3421; x_wconf 84' lang='grc' dir='ltr'>ἢ</span> <span class='ocrx_word' id='word_1_638' title='bbox 2925 3347 3199 3418; x_wconf 83' lang='grc' dir='ltr'>δαίμονας,</span> <span class='ocrx_word' id='word_1_639' title='bbox 3230 3343 3265 3417; x_wconf 82' lang='grc' dir='ltr'>ἢ</span> <span class='ocrx_word' id='word_1_640' title='bbox 3301 3344 3396 3397; x_wconf 73' lang='grc' dir='ltr'><strong>καὶ</strong></span> <span class='ocrx_word' id='word_1_641' title='bbox 3436 3341 3568 3395; x_wconf 77' lang='grc' dir='ltr'>ἄλλα</span> <span class='ocrx_word' id='word_1_642' title='bbox 3590 3335 3705 3390; x_wconf 76' lang='grc' dir='ltr'>τινὰ</span> <span class='ocrx_word' id='word_1_643' title='bbox 3738 3329 3828 3384; x_wconf 80' lang='grc' dir='ltr'><strong>τῶν</strong></span> 
     </span>
    </p>
   </div>
   <div class='ocr_carea' id='block_1_85' title="bbox 2298 3424 3826 3517">
    <p class='ocr_par' dir='ltr' id='par_1_85' title="bbox 2298 3424 3826 3517">
     <span class='ocr_line' id='line_1_85' title="bbox 2298 3424 3826 3517; baseline -0.015 -17"><span class='ocrx_word' id='word_1_644' title='bbox 2298 3444 2599 3517; x_wconf 76' lang='grc' dir='ltr'>ἀνθρώποις</span> <span class='ocrx_word' id='word_1_645' title='bbox 2638 3443 2813 3513; x_wconf 81' lang='grc' dir='ltr'>ὀχλεῖν</span> <span class='ocrx_word' id='word_1_646' title='bbox 2840 3440 3147 3510; x_wconf 82' lang='grc' dir='ltr'>δυναμένων</span> <span class='ocrx_word' id='word_1_647' title='bbox 3172 3453 3187 3503; x_wconf 90' lang='grc'>;</span> <span class='ocrx_word' id='word_1_648' title='bbox 3221 3437 3401 3506; x_wconf 63' lang='lat' dir='ltr'><strong>&quot;Amp</strong></span> <span class='ocrx_word' id='word_1_649' title='bbox 3428 3432 3496 3485; x_wconf 80' lang='grc' dir='ltr'><strong>τά</strong></span> <span class='ocrx_word' id='word_1_650' title='bbox 3524 3429 3635 3503; x_wconf 74' lang='grc' dir='ltr'>[νῦν</span> <span class='ocrx_word' id='word_1_651' title='bbox 3662 3424 3826 3517; x_wconf 51' lang='lat' dir='ltr'><strong>laps:</strong></span> 
     </span>
    </p>
   </div>
   <div class='ocr_carea' id='block_1_86' title="bbox 2300 3506 3831 3606">
    <p class='ocr_par' dir='ltr' id='par_1_86' title="bbox 2300 3506 3831 3606">
     <span class='ocr_line' id='line_1_86' title="bbox 2300 3506 3831 3606; baseline -0.015 -13"><span class='ocrx_word' id='word_1_652' title='bbox 2300 3537 2376 3592; x_wconf 75' lang='grc' dir='ltr'><strong>πά</strong></span> <span class='ocrx_word' id='word_1_653' title='bbox 2396 3506 2439 3570; x_wconf 41' lang='lat' dir='ltr'><strong>ll</strong></span> <span class='ocrx_word' id='word_1_654' title='bbox 2458 3538 2557 3591; x_wconf 86' lang='grc' dir='ltr'><strong>ούκ</strong></span> <span class='ocrx_word' id='word_1_655' title='bbox 2593 3506 2785 3606; x_wconf 43' lang='grc' dir='ltr'>ειν-ἦν,</span> <span class='ocrx_word' id='word_1_656' title='bbox 2820 3535 2868 3586; x_wconf 87' lang='grc' dir='ltr'>εἰ</span> <span class='ocrx_word' id='word_1_657' title='bbox 2906 3506 2986 3603; x_wconf 35' lang='grc' dir='ltr'><strong>μὴ.</strong></span> <span class='ocrx_word' id='word_1_658' title='bbox 3032 3529 3341 3601; x_wconf 84' lang='grc' dir='ltr'>ήμαρτήκει</span> <span class='ocrx_word' id='word_1_659' title='bbox 3394 3528 3422 3579; x_wconf 86' lang='grc' dir='ltr'>ὁ</span> <span class='ocrx_word' id='word_1_660' title='bbox 3457 3523 3743 3593; x_wconf 80' lang='grc' dir='ltr'>ἄνθρωπος,</span> <span class='ocrx_word' id='word_1_661' title='bbox 3771 3506 3831 3606; x_wconf 19' lang='grc' dir='ltr'>ὀὗ</span> 
     </span>
    </p>
   </div>
   <div class='ocr_carea' id='block_1_87' title="bbox 2299 3604 3830 3693">
    <p class='ocr_par' dir='ltr' id='par_1_87' title="bbox 2299 3604 3830 3693">
     <span class='ocr_line' id='line_1_87' title="bbox 2299 3604 3830 3693; baseline -0.014 -11"><span class='ocrx_word' id='word_1_662' title='bbox 2299 3629 2498 3681; x_wconf 84' lang='grc' dir='ltr'>εἵνεκεν</span> <span class='ocrx_word' id='word_1_663' title='bbox 2521 3604 2745 3687; x_wconf 84' lang='grc' dir='ltr'>θάνατος</span> <span class='ocrx_word' id='word_1_664' title='bbox 2769 3618 3148 3693; x_wconf 82' lang='grc' dir='ltr'>παρεισῆλθεν·</span> <span class='ocrx_word' id='word_1_665' title='bbox 3180 3619 3365 3687; x_wconf 89' lang='grc' dir='ltr'>άναμα</span> <span class='ocrx_word' id='word_1_666' title='bbox 3374 3616 3561 3685; x_wconf 83' lang='grc' dir='ltr'>ρτήτου</span> <span class='ocrx_word' id='word_1_667' title='bbox 3581 3614 3624 3644; x_wconf 75' lang='grc'><strong>⁸⁸</strong></span> <span class='ocrx_word' id='word_1_668' title='bbox 3642 3607 3739 3678; x_wconf 72' lang='grc' dir='ltr'>γὰρ</span> <span class='ocrx_word' id='word_1_669' title='bbox 3758 3604 3830 3693; x_wconf 54' lang='lat' dir='ltr'><strong>6v-</strong></span> 
     </span>
    </p>
   </div>
   <div class='ocr_carea' id='block_1_88' title="bbox 2298 3692 3830 3786">
    <p class='ocr_par' dir='ltr' id='par_1_88' title="bbox 2298 3692 3830 3786">
     <span class='ocr_line' id='line_1_88' title="bbox 2298 3692 3830 3786; baseline -0.018 -14"><span class='ocrx_word' id='word_1_670' title='bbox 2298 3736 2388 3782; x_wconf 89' lang='grc' dir='ltr'><strong>τος</strong></span> <span class='ocrx_word' id='word_1_671' title='bbox 2409 3716 2503 3770; x_wconf 82' lang='grc' dir='ltr'>τοῦ</span> <span class='ocrx_word' id='word_1_672' title='bbox 2531 3713 2814 3786; x_wconf 80' lang='grc' dir='ltr'>ἀνθρώπου</span> <span class='ocrx_word' id='word_1_673' title='bbox 2845 3713 2944 3781; x_wconf 79' lang='grc' dir='ltr'>οὐχ</span> <span class='ocrx_word' id='word_1_674' title='bbox 2995 3708 3237 3780; x_wconf 80' lang='grc' dir='ltr'>ἑρπετῶν</span> <span class='ocrx_word' id='word_1_675' title='bbox 3272 3708 3301 3758; x_wconf 86' lang='lat'><strong>6</strong></span> <span class='ocrx_word' id='word_1_676' title='bbox 3342 3707 3418 3768; x_wconf 79' lang='grc' dir='ltr'>ἰὸς</span> <span class='ocrx_word' id='word_1_677' title='bbox 3466 3698 3760 3786; x_wconf 74' lang='grc' dir='ltr'>εἰργάζετο,</span> <span class='ocrx_word' id='word_1_678' title='bbox 3782 3692 3830 3786; x_wconf 82' lang='grc' dir='ltr'><strong>οὐ</strong></span> 
     </span>
    </p>
   </div>
   <div class='ocr_carea' id='block_1_89' title="bbox 2298 3785 3833 3876">
    <p class='ocr_par' dir='ltr' id='par_1_89' title="bbox 2298 3785 3833 3876">
     <span class='ocr_line' id='line_1_89' title="bbox 2298 3785 3833 3876; baseline -0.017 -11"><span class='ocrx_word' id='word_1_679' title='bbox 2298 3810 2407 3863; x_wconf 87' lang='grc' dir='ltr'><strong>τῶν</strong></span> <span class='ocrx_word' id='word_1_680' title='bbox 2438 3785 2644 3862; x_wconf 84' lang='grc' dir='ltr'>κακῶν</span> <span class='ocrx_word' id='word_1_681' title='bbox 2666 3803 2901 3876; x_wconf 87' lang='grc' dir='ltr'>βοτανῶν</span> <span class='ocrx_word' id='word_1_682' title='bbox 2929 3804 2983 3855; x_wconf 82' lang='grc' dir='ltr'>αἱ</span> <span class='ocrx_word' id='word_1_683' title='bbox 3013 3800 3307 3870; x_wconf 73' lang='grc' dir='ltr'>ἐνέργειαι,</span> <span class='ocrx_word' id='word_1_684' title='bbox 3344 3798 3406 3849; x_wconf 83' lang='grc' dir='ltr'><strong>ού</strong></span> <span class='ocrx_word' id='word_1_685' title='bbox 3425 3793 3680 3865; x_wconf 74' lang='grc' dir='ltr'>δαιμόνων</span> <span class='ocrx_word' id='word_1_686' title='bbox 3697 3785 3833 3857; x_wconf 80' lang='grc' dir='ltr'>ὀχλή-</span> 
     </span>
    </p>
   </div>
   <div class='ocr_carea' id='block_1_90' title="bbox 2303 3881 3836 3968">
    <p class='ocr_par' dir='ltr' id='par_1_90' title="bbox 2303 3881 3836 3968">
     <span class='ocr_line' id='line_1_90' title="bbox 2303 3881 3836 3968; baseline -0.018 -13"><span class='ocrx_word' id='word_1_687' title='bbox 2303 3919 2415 3965; x_wconf 84' lang='grc' dir='ltr'>σεις</span> <span class='ocrx_word' id='word_1_688' title='bbox 2470 3901 2724 3968; x_wconf 76' lang='grc' dir='ltr'>ἐγίνοντο,</span> <span class='ocrx_word' id='word_1_689' title='bbox 2779 3895 2896 3948; x_wconf 79' lang='grc' dir='ltr'>οὐδὲ</span> <span class='ocrx_word' id='word_1_690' title='bbox 2922 3892 3083 3964; x_wconf 76' lang='lat'><strong>385</strong></span> <span class='ocrx_word' id='word_1_691' title='bbox 3111 3891 3236 3944; x_wconf 79' lang='grc' dir='ltr'>ἄλλο</span> <span class='ocrx_word' id='word_1_692' title='bbox 3259 3908 3312 3943; x_wconf 90' lang='grc' dir='ltr'><strong>τι</strong></span> <span class='ocrx_word' id='word_1_693' title='bbox 3339 3887 3511 3949; x_wconf 82' lang='grc' dir='ltr'>πάθος</span> <span class='ocrx_word' id='word_1_694' title='bbox 3534 3881 3674 3951; x_wconf 82' lang='grc' dir='ltr'>αύτῷ</span> <span class='ocrx_word' id='word_1_695' title='bbox 3694 3892 3836 3968; x_wconf 74' lang='grc' dir='ltr'>προσ-</span> 
     </span>
    </p>
   </div>
   <div class='ocr_carea' id='block_1_91' title="bbox 2302 3966 3833 4059">
    <p class='ocr_par' dir='ltr' id='par_1_91' title="bbox 2302 3966 3833 4059">
     <span class='ocr_line' id='line_1_91' title="bbox 2302 3966 3833 4059; baseline -0.019 -13"><span class='ocrx_word' id='word_1_696' title='bbox 2302 3996 2438 4046; x_wconf 82' lang='grc' dir='ltr'>εἶναι</span> <span class='ocrx_word' id='word_1_697' title='bbox 2461 3989 2620 4059; x_wconf 80' lang='grc' dir='ltr'>φύσιν</span> <span class='ocrx_word' id='word_1_698' title='bbox 2652 3987 2823 4057; x_wconf 76' lang='grc' dir='ltr'>εἶχεν·</span> <span class='ocrx_word' id='word_1_699' title='bbox 2846 3986 2910 4039; x_wconf 79' lang='grc' dir='ltr'>δι’</span> <span class='ocrx_word' id='word_1_700' title='bbox 2942 3983 3214 4054; x_wconf 85' lang='grc' dir='ltr'>ἁμαρτίαν</span> <span class='ocrx_word' id='word_1_701' title='bbox 3239 3979 3297 4032; x_wconf 82' lang='grc' dir='ltr'><strong>δὲ</strong></span> <span class='ocrx_word' id='word_1_702' title='bbox 3324 3976 3574 4033; x_wconf 73' lang='grc' dir='ltr'>ἐκπεσὼν</span> <span class='ocrx_word' id='word_1_703' title='bbox 3598 3972 3683 4027; x_wconf 81' lang='grc' dir='ltr'><strong>τού</strong></span> <span class='ocrx_word' id='word_1_704' title='bbox 3721 3966 3833 4022; x_wconf 83' lang='grc' dir='ltr'>ἀθά-</span> 
     </span>
    </p>
   </div>
   <div class='ocr_carea' id='block_1_92' title="bbox 2302 4059 3835 4147">
    <p class='ocr_par' dir='ltr' id='par_1_92' title="bbox 2302 4059 3835 4147">
     <span class='ocr_line' id='line_1_92' title="bbox 2302 4059 3835 4147; baseline -0.014 -11"><span class='ocrx_word' id='word_1_705' title='bbox 2302 4099 2456 4145; x_wconf 84' lang='grc' dir='ltr'>νατος</span> <span class='ocrx_word' id='word_1_706' title='bbox 2475 4077 2634 4143; x_wconf 76' lang='grc' dir='ltr'>εἶναι,</span> <span class='ocrx_word' id='word_1_707' title='bbox 2658 4078 2731 4141; x_wconf 85' lang='grc' dir='ltr'>ὠς</span> <span class='ocrx_word' id='word_1_708' title='bbox 2757 4077 2914 4147; x_wconf 77' lang='grc' dir='ltr'>ἔφην,</span> <span class='ocrx_word' id='word_1_709' title='bbox 2942 4074 3138 4136; x_wconf 85' lang='grc' dir='ltr'>παντὸς</span> <span class='ocrx_word' id='word_1_710' title='bbox 3161 4071 3366 4134; x_wconf 80' lang='grc' dir='ltr'>πάθους</span> <span class='ocrx_word' id='word_1_711' title='bbox 3394 4070 3581 4138; x_wconf 83' lang='grc' dir='ltr'>γέγονε</span> <span class='ocrx_word' id='word_1_712' title='bbox 3601 4059 3835 4120; x_wconf 81' lang='grc' dir='ltr'>δεκτικός-</span> 
     </span>
    </p>
   </div>
   <div class='ocr_carea' id='block_1_93' title="bbox 2302 4152 3839 4241">
    <p class='ocr_par' dir='ltr' id='par_1_93' title="bbox 2302 4152 3839 4241">
     <span class='ocr_line' id='line_1_93' title="bbox 2302 4152 3839 4241; baseline -0.015 -15"><span class='ocrx_word' id='word_1_713' title='bbox 2302 4174 2365 4226; x_wconf 79' lang='grc' dir='ltr'><strong>Εἰ</strong></span> <span class='ocrx_word' id='word_1_714' title='bbox 2389 4173 2445 4224; x_wconf 85' lang='grc' dir='ltr'>δὲ</span> <span class='ocrx_word' id='word_1_715' title='bbox 2473 4173 2616 4241; x_wconf 83' lang='grc' dir='ltr'>ὲρεῖς</span> <span class='ocrx_word' id='word_1_716' title='bbox 2641 4187 2653 4199; x_wconf 72' lang='grc'><strong><em>⁸</em></strong></span> <span class='ocrx_word' id='word_1_717' title='bbox 2688 4168 2786 4221; x_wconf 82' lang='grc' dir='ltr'><strong>Διὰ</strong></span> <span class='ocrx_word' id='word_1_718' title='bbox 2817 4166 2867 4218; x_wconf 84' lang='grc' dir='ltr'><strong>τί</strong></span> <span class='ocrx_word' id='word_1_719' title='bbox 2894 4161 2986 4219; x_wconf 75' lang='grc' dir='ltr'><strong>οὖν</strong></span> <span class='ocrx_word' id='word_1_720' title='bbox 3009 4166 3129 4218; x_wconf 80' lang='grc' dir='ltr'>κατ’</span> <span class='ocrx_word' id='word_1_721' title='bbox 3155 4161 3328 4233; x_wconf 83' lang='grc' dir='ltr'>ἀρχὰς</span> <span class='ocrx_word' id='word_1_722' title='bbox 3356 4162 3571 4230; x_wconf 79' lang='grc' dir='ltr'>ἐγένετο</span> <span class='ocrx_word' id='word_1_723' title='bbox 3599 4159 3631 4227; x_wconf 83' lang='grc' dir='ltr'><strong>ή</strong></span> <span class='ocrx_word' id='word_1_724' title='bbox 3657 4152 3839 4221; x_wconf 75' lang='grc' dir='ltr'>ἀνθρωο</span> 
     </span>
    </p>
   </div>
   <div class='ocr_carea' id='block_1_94' title="bbox 2304 4242 3841 4332">
    <p class='ocr_par' dir='ltr' id='par_1_94' title="bbox 2304 4242 3841 4332">
     <span class='ocr_line' id='line_1_94' title="bbox 2304 4242 3841 4332; baseline -0.014 -15"><span class='ocrx_word' id='word_1_725' title='bbox 2304 4264 2431 4316; x_wconf 88' lang='grc' dir='ltr'>πεία</span> <span class='ocrx_word' id='word_1_726' title='bbox 2477 4262 2635 4332; x_wconf 81' lang='grc' dir='ltr'>φύσις</span> <span class='ocrx_word' id='word_1_727' title='bbox 2660 4260 2886 4313; x_wconf 86' lang='grc' dir='ltr'>θανάτου</span> <span class='ocrx_word' id='word_1_728' title='bbox 2914 4255 3172 4325; x_wconf 87' lang='grc' dir='ltr'>δεκτική;</span> <span class='ocrx_word' id='word_1_729' title='bbox 3212 4254 3360 4324; x_wconf 82' lang='grc' dir='ltr'>Φημί</span> <span class='ocrx_word' id='word_1_730' title='bbox 3392 4270 3475 4306; x_wconf 90' lang='grc' dir='ltr'><strong>σοι</strong></span> <span class='ocrx_word' id='word_1_731' title='bbox 3505 4269 3519 4281; x_wconf 73' lang='grc' dir='ltr'><strong>ο</strong></span> <span class='ocrx_word' id='word_1_732' title='bbox 3576 4248 3670 4302; x_wconf 82' lang='grc' dir='ltr'><strong>Διά</strong></span> <span class='ocrx_word' id='word_1_733' title='bbox 3690 4246 3744 4298; x_wconf 78' lang='grc' dir='ltr'>τὸ</span> <span class='ocrx_word' id='word_1_734' title='bbox 3765 4242 3841 4295; x_wconf 85' lang='grc' dir='ltr'>αὑ-</span> 
     </span>
    </p>
   </div>
   <div class='ocr_carea' id='block_1_95' title="bbox 2302 4332 3841 4421">
    <p class='ocr_par' dir='ltr' id='par_1_95' title="bbox 2302 4332 3841 4421">
     <span class='ocr_line' id='line_1_95' title="bbox 2302 4332 3841 4421; baseline -0.018 -13"><span class='ocrx_word' id='word_1_735' title='bbox 2302 4353 2593 4418; x_wconf 84' lang='grc' dir='ltr'>τεξούσιον.</span> <span class='ocrx_word' id='word_1_736' title='bbox 2624 4352 2686 4404; x_wconf 78' lang='grc' dir='ltr'><strong>Εἰ</strong></span> <span class='ocrx_word' id='word_1_737' title='bbox 2724 4349 2952 4421; x_wconf 48' lang='grc' dir='ltr'>γὰρξοὺκ</span> <span class='ocrx_word' id='word_1_738' title='bbox 3002 4343 3142 4417; x_wconf 80' lang='grc' dir='ltr'>ἦμεν</span> <span class='ocrx_word' id='word_1_739' title='bbox 3196 4344 3428 4398; x_wconf 90' lang='grc' dir='ltr'>θανάτου</span> <span class='ocrx_word' id='word_1_740' title='bbox 3479 4339 3724 4398; x_wconf 72' lang='grc' dir='ltr'>δεκτικοῖ,</span> <span class='ocrx_word' id='word_1_741' title='bbox 3763 4332 3841 4385; x_wconf 78' lang='grc' dir='ltr'><strong>ἐπὶ</strong></span> 
     </span>
    </p>
   </div>
   <div class='ocr_carea' id='block_1_96' title="bbox 2308 4429 3843 4513">
    <p class='ocr_par' dir='ltr' id='par_1_96' title="bbox 2308 4429 3843 4513">
     <span class='ocr_line' id='line_1_96' title="bbox 2308 4429 3843 4513; baseline -0.016 -15"><span class='ocrx_word' id='word_1_742' title='bbox 2308 4443 2635 4513; x_wconf 79' lang='grc' dir='ltr'>αύτεξουσίῳ</span> <span class='ocrx_word' id='word_1_743' title='bbox 2683 4442 3035 4513; x_wconf 79' lang='grc' dir='ltr'>ἁμαρτήματι</span> <span class='ocrx_word' id='word_1_744' title='bbox 3086 4436 3447 4507; x_wconf 85' lang='grc' dir='ltr'>τιμωρεῖσθαι</span> <span class='ocrx_word' id='word_1_745' title='bbox 3496 4435 3572 4496; x_wconf 86' lang='grc' dir='ltr'>ὼς</span> <span class='ocrx_word' id='word_1_746' title='bbox 3616 4429 3843 4483; x_wconf 83' lang='grc' dir='ltr'>ἀθάνατοι</span> 
     </span>
    </p>
   </div>
   <div class='ocr_carea' id='block_1_97' title="bbox 2308 4520 3841 4606">
    <p class='ocr_par' dir='ltr' id='par_1_97' title="bbox 2308 4520 3841 4606">
     <span class='ocr_line' id='line_1_97' title="bbox 2308 4520 3841 4606; baseline -0.014 -16"><span class='ocrx_word' id='word_1_747' title='bbox 2308 4538 2408 4591; x_wconf 85' lang='grc' dir='ltr'><strong>ούκ</strong></span> <span class='ocrx_word' id='word_1_748' title='bbox 2441 4533 2760 4606; x_wconf 79' lang='grc' dir='ltr'>ἐδυνάμεθα.</span> <span class='ocrx_word' id='word_1_749' title='bbox 2798 4531 2906 4585; x_wconf 74' lang='grc' dir='ltr'>Καὶ</span> <span class='ocrx_word' id='word_1_750' title='bbox 2939 4529 3109 4593; x_wconf 73' lang='grc' dir='ltr'>οὕτως</span> <span class='ocrx_word' id='word_1_751' title='bbox 3135 4529 3220 4581; x_wconf 82' lang='grc' dir='ltr'>διὰ</span> <span class='ocrx_word' id='word_1_752' title='bbox 3244 4529 3304 4581; x_wconf 83' lang='grc' dir='ltr'>τὸ</span> <span class='ocrx_word' id='word_1_753' title='bbox 3341 4525 3550 4589; x_wconf 76' lang='grc' dir='ltr'>ἀπαθὲς</span> <span class='ocrx_word' id='word_1_754' title='bbox 3584 4520 3751 4576; x_wconf 85' lang='grc' dir='ltr'>πλεῖόν</span> <span class='ocrx_word' id='word_1_755' title='bbox 3779 4532 3841 4575; x_wconf 82' lang='grc' dir='ltr'><strong>τι,</strong></span> 
     </span>
    </p>
   </div>
   <div class='ocr_carea' id='block_1_98' title="bbox 2311 4609 3843 4700">
    <p class='ocr_par' dir='ltr' id='par_1_98' title="bbox 2311 4609 3843 4700">
     <span class='ocr_line' id='line_1_98' title="bbox 2311 4609 3843 4700; baseline -0.014 -17"><span class='ocrx_word' id='word_1_756' title='bbox 2311 4629 2410 4683; x_wconf 82' lang='grc' dir='ltr'><strong>κᾶν</strong></span> <span class='ocrx_word' id='word_1_757' title='bbox 2440 4631 2505 4700; x_wconf 79' lang='grc' dir='ltr'>τῇ</span> <span class='ocrx_word' id='word_1_758' title='bbox 2537 4625 2850 4699; x_wconf 83' lang='grc' dir='ltr'>προαιρέσει</span> <span class='ocrx_word' id='word_1_759' title='bbox 2891 4622 3032 4696; x_wconf 76' lang='grc' dir='ltr'>ἦμεν</span> <span class='ocrx_word' id='word_1_760' title='bbox 3086 4622 3319 4685; x_wconf 71' lang='lat' dir='ltr'><strong>xaxo‘t“,</strong></span> <span class='ocrx_word' id='word_1_761' title='bbox 3353 4622 3389 4691; x_wconf 80' lang='grc' dir='ltr'><strong>ἡ</strong></span> <span class='ocrx_word' id='word_1_762' title='bbox 3423 4620 3517 4673; x_wconf 73' lang='grc' dir='ltr'><strong>καὶ</strong></span> <span class='ocrx_word' id='word_1_763' title='bbox 3561 4609 3843 4675; x_wconf 83' lang='grc' dir='ltr'>δικαιοσύνη</span> 
     </span>
    </p>
   </div>
   <div class='ocr_carea' id='block_1_99' title="bbox 2386 4761 2887 4819">
    <p class='ocr_par' dir='ltr' id='par_1_99' title="bbox 2386 4761 2887 4819">
     <span class='ocr_line' id='line_1_99' title="bbox 2386 4761 2887 4819; baseline -0.008 -1"><span class='ocrx_word' id='word_1_764' title='bbox 2386 4776 2407 4803; x_wconf 69' lang='grc' dir='ltr'><strong>ε</strong></span> <span class='ocrx_word' id='word_1_765' title='bbox 2441 4763 2629 4819; x_wconf 83' lang='lat' dir='ltr'><strong>Matth.</strong></span> <span class='ocrx_word' id='word_1_766' title='bbox 2658 4779 2754 4816; x_wconf 89' lang='lat' dir='ltr'><strong>vm</strong></span> <span class='ocrx_word' id='word_1_767' title='bbox 2799 4761 2887 4817; x_wconf 78' lang='lat' dir='ltr'><strong>3L</strong></span> 
     </span>
    </p>
   </div>
   <div class='ocr_carea' id='block_1_100' title="bbox 1904 4962 2557 5022">
    <p class='ocr_par' dir='ltr' id='par_1_100' title="bbox 1904 4962 2557 5022">
     <span class='ocr_line' id='line_1_100' title="bbox 1904 4962 2557 5022; baseline -0.009 -1"><span class='ocrx_word' id='word_1_768' title='bbox 1904 4964 2132 5022; x_wconf 63' lang='lat' dir='ltr'><strong>VARIA‘Z</strong></span> <span class='ocrx_word' id='word_1_769' title='bbox 2164 4962 2557 5018; x_wconf 83' lang='lat' dir='ltr'><strong>LECTIONES.</strong></span> 
     </span>
    </p>
   </div>
   <div class='ocr_carea' id='block_1_101' title="bbox 719 5061 1815 5135">
    <p class='ocr_par' dir='ltr' id='par_1_101' title="bbox 719 5061 1815 5135">
     <span class='ocr_line' id='line_1_101' title="bbox 719 5061 1815 5135; baseline -0.006 -12"><span class='ocrx_word' id='word_1_770' title='bbox 719 5068 764 5100; x_wconf 71' lang='grc'><strong>⁴⁰</strong></span> <span class='ocrx_word' id='word_1_771' title='bbox 787 5068 892 5122; x_wconf 77' lang='grc' dir='ltr'>αἰεί</span> <span class='ocrx_word' id='word_1_772' title='bbox 928 5067 989 5121; x_wconf 85' lang='lat' dir='ltr'><strong>C.</strong></span> <span class='ocrx_word' id='word_1_773' title='bbox 1013 5132 1037 5135; x_wconf 44' lang='grc' dir='ltr'><strong>μ</strong></span> <span class='ocrx_word' id='word_1_774' title='bbox 1066 5066 1106 5135; x_wconf 46' lang='grc' dir='ltr'><strong>δέ</strong></span> <span class='ocrx_word' id='word_1_775' title='bbox 1139 5064 1291 5135; x_wconf 84' lang='grc' dir='ltr'>ἀϊδίῳ</span> <span class='ocrx_word' id='word_1_776' title='bbox 1322 5061 1511 5133; x_wconf 86' lang='grc' dir='ltr'>κτήσει</span> <span class='ocrx_word' id='word_1_777' title='bbox 1552 5063 1695 5135; x_wconf 75' lang='lat' dir='ltr'><strong>conj.</strong></span> <span class='ocrx_word' id='word_1_778' title='bbox 1731 5064 1771 5116; x_wconf 87' lang='lat' dir='ltr'>C</span> <span class='ocrx_word' id='word_1_779' title='bbox 1800 5102 1815 5127; x_wconf 93' lang='lat'><strong>,</strong></span> 
     </span>
    </p>
   </div>
   <div class='ocr_carea' id='block_1_102' title="bbox 1901 5045 3846 5131">
    <p class='ocr_par' dir='ltr' id='par_1_102' title="bbox 1901 5045 3846 5131">
     <span class='ocr_line' id='line_1_102' title="bbox 1901 5045 3846 5131; baseline -0.006 -17"><span class='ocrx_word' id='word_1_780' title='bbox 1901 5061 2162 5131; x_wconf 81' lang='grc' dir='ltr'>ἀῖδιότητι</span> <span class='ocrx_word' id='word_1_781' title='bbox 2186 5056 2525 5131; x_wconf 81' lang='lat' dir='ltr'><strong>proposuit</strong></span> <span class='ocrx_word' id='word_1_782' title='bbox 2553 5096 2567 5119; x_wconf 92' lang='lat'><strong>,</strong></span> <span class='ocrx_word' id='word_1_783' title='bbox 2591 5055 2655 5107; x_wconf 86' lang='grc' dir='ltr'>δι’</span> <span class='ocrx_word' id='word_1_784' title='bbox 2674 5054 2972 5131; x_wconf 38' lang='grc' dir='ltr'>,ἀῖδιρτῃιτα</span> <span class='ocrx_word' id='word_1_785' title='bbox 2999 5053 3204 5131; x_wconf 71' lang='lat' dir='ltr'><strong>mavult</strong></span> <span class='ocrx_word' id='word_1_786' title='bbox 3239 5052 3295 5106; x_wconf 73' lang='lat' dir='ltr'><strong>S.</strong></span> <span class='ocrx_word' id='word_1_787' title='bbox 3372 5053 3417 5082; x_wconf 66' lang='grc' dir='ltr'>δ’</span> <span class='ocrx_word' id='word_1_788' title='bbox 3463 5049 3605 5131; x_wconf 44' lang='grc' dir='ltr'>Ροειο</span> <span class='ocrx_word' id='word_1_789' title='bbox 3637 5045 3846 5131; x_wconf 57' lang='grc' dir='ltr'><strong>ἔμψυχξλς</strong></span> 
     </span>
    </p>
   </div>
   <div class='ocr_carea' id='block_1_103' title="bbox 649 5118 3846 5208">
    <p class='ocr_par' dir='ltr' id='par_1_103' title="bbox 649 5118 3846 5208">
     <span class='ocr_line' id='line_1_103' title="bbox 649 5118 3846 5208; baseline -0.008 -15"><span class='ocrx_word' id='word_1_790' title='bbox 649 5135 693 5190; x_wconf 93' lang='grc' dir='ltr'><strong>Ο</strong></span> <span class='ocrx_word' id='word_1_791' title='bbox 755 5137 949 5208; x_wconf 90' lang='lat' dir='ltr'><strong>repetit</strong></span> <span class='ocrx_word' id='word_1_792' title='bbox 979 5132 1112 5192; x_wconf 80' lang='grc' dir='ltr'>οὖσα</span> <span class='ocrx_word' id='word_1_793' title='bbox 1133 5118 1487 5208; x_wconf 48' lang='grc' dir='ltr'>εΧυὼΨιυῖτι,</span> <span class='ocrx_word' id='word_1_794' title='bbox 1529 5132 1605 5208; x_wconf 32' lang='grc'><strong>*⁸³</strong></span> <span class='ocrx_word' id='word_1_795' title='bbox 1739 5118 2006 5208; x_wconf 64' lang='lat' dir='ltr'><strong>commate</strong></span> <span class='ocrx_word' id='word_1_796' title='bbox 2029 5118 2461 5208; x_wconf 58' lang='lat' dir='ltr'><strong>distingui&#39;tpost</strong></span> <span class='ocrx_word' id='word_1_797' title='bbox 2488 5118 2770 5208; x_wconf 49' lang='grc' dir='ltr'>ὲρὲτερὰρι</span> <span class='ocrx_word' id='word_1_798' title='bbox 2799 5118 2997 5176; x_wconf 77' lang='grc' dir='ltr'><strong>ὶοὸὀλα.</strong></span> <span class='ocrx_word' id='word_1_799' title='bbox 3074 5123 3120 5153; x_wconf 73' lang='grc'>⁸⁸</span> <span class='ocrx_word' id='word_1_800' title='bbox 3159 5123 3437 5208; x_wconf 49' lang='grc' dir='ltr'><strong>[σουνηθῐη</strong></span> <span class='ocrx_word' id='word_1_801' title='bbox 3485 5118 3689 5208; x_wconf 63' lang='lat' dir='ltr'><strong>codicis</strong></span> <span class='ocrx_word' id='word_1_802' title='bbox 3716 5118 3846 5208; x_wconf 57' lang='lat' dir='ltr'><strong>Exci-</strong></span> 
     </span>
    </p>
   </div>
   <div class='ocr_carea' id='block_1_104' title="bbox 650 5187 3845 5276">
    <p class='ocr_par' dir='ltr' id='par_1_104' title="bbox 650 5187 3845 5276">
     <span class='ocr_line' id='line_1_104' title="bbox 650 5187 3845 5276; baseline -0.009 -12"><span class='ocrx_word' id='word_1_803' title='bbox 650 5187 1367 5276; x_wconf 44' lang='lat' dir='ltr'><strong>piunt&#39;litterzeisrzdeSic).</strong></span> <span class='ocrx_word' id='word_1_804' title='bbox 1442 5200 1488 5234; x_wconf 75' lang='grc'><strong>⁸⁵</strong></span> <span class='ocrx_word' id='word_1_805' title='bbox 1523 5200 1633 5276; x_wconf 65' lang='lat' dir='ltr'><strong>Pro</strong></span> <span class='ocrx_word' id='word_1_806' title='bbox 1654 5187 2036 5276; x_wconf 74' lang='grc' dir='ltr'>άναμαρτήτου</span> <span class='ocrx_word' id='word_1_807' title='bbox 2072 5187 2264 5276; x_wconf 64' lang='lat' dir='ltr'><strong>lacuna</strong></span> <span class='ocrx_word' id='word_1_808' title='bbox 2319 5187 2370 5276; x_wconf 57' lang='lat' dir='ltr'><strong>in</strong></span> <span class='ocrx_word' id='word_1_809' title='bbox 2399 5198 2488 5276; x_wconf 83' lang='lat'><strong>(_)_,</strong></span> <span class='ocrx_word' id='word_1_810' title='bbox 2520 5187 2622 5276; x_wconf 58' lang='lat' dir='ltr'><strong>:sed</strong></span> <span class='ocrx_word' id='word_1_811' title='bbox 2652 5195 2896 5276; x_wconf 68' lang='lat' dir='ltr'><strong>adorant</strong></span> <span class='ocrx_word' id='word_1_812' title='bbox 2945 5209 3094 5276; x_wconf 48' lang='lat' dir='ltr'><strong>man;</strong></span> <span class='ocrx_word' id='word_1_813' title='bbox 3138 5209 3246 5247; x_wconf 81' lang='lat' dir='ltr'><strong>rer.</strong></span> <span class='ocrx_word' id='word_1_814' title='bbox 3293 5192 3422 5254; x_wconf 81' lang='grc' dir='ltr'>ἴσως</span> <span class='ocrx_word' id='word_1_815' title='bbox 3472 5187 3845 5261; x_wconf 81' lang='grc' dir='ltr'>ἀναμαρτήτου.</span> 
     </span>
    </p>
   </div>
   <div class='ocr_carea' id='block_1_105' title="bbox 648 5263 3207 5343">
    <p class='ocr_par' dir='ltr' id='par_1_105' title="bbox 648 5263 3207 5343">
     <span class='ocr_line' id='line_1_105' title="bbox 648 5263 3207 5343; baseline -0.008 -8"><span class='ocrx_word' id='word_1_816' title='bbox 648 5263 693 5311; x_wconf 61' lang='grc'><strong>⁵⁸³</strong></span> <span class='ocrx_word' id='word_1_817' title='bbox 733 5279 810 5334; x_wconf 89' lang='lat' dir='ltr'><strong>lta</strong></span> <span class='ocrx_word' id='word_1_818' title='bbox 838 5294 982 5333; x_wconf 87' lang='lat' dir='ltr'><strong>man.</strong></span> <span class='ocrx_word' id='word_1_819' title='bbox 1014 5263 1239 5333; x_wconf 49' lang='lat' dir='ltr'><strong>reclad‘</strong></span> <span class='ocrx_word' id='word_1_820' title='bbox 1255 5263 1407 5328; x_wconf 79' lang='lat' dir='ltr'><strong>oram</strong></span> <span class='ocrx_word' id='word_1_821' title='bbox 1436 5273 1659 5341; x_wconf 86' lang='lat' dir='ltr'><strong>codicis,</strong></span> <span class='ocrx_word' id='word_1_822' title='bbox 1688 5276 1739 5329; x_wconf 92' lang='lat' dir='ltr'><strong>in</strong></span> <span class='ocrx_word' id='word_1_823' title='bbox 1765 5263 1886 5343; x_wconf 63' lang='lat' dir='ltr'><strong>&#39;cu&#39;j.</strong></span> <span class='ocrx_word' id='word_1_824' title='bbox 1920 5263 2066 5327; x_wconf 77' lang='lat' dir='ltr'><strong>textu</strong></span> <span class='ocrx_word' id='word_1_825' title='bbox 2102 5270 2288 5325; x_wconf 86' lang='grc' dir='ltr'>κακόν.</span> <span class='ocrx_word' id='word_1_826' title='bbox 2331 5268 2569 5324; x_wconf 90' lang='lat' dir='ltr'><strong>Subinde</strong></span> <span class='ocrx_word' id='word_1_827' title='bbox 2594 5266 2627 5337; x_wconf 80' lang='grc' dir='ltr'>ἢ</span> <span class='ocrx_word' id='word_1_828' title='bbox 2652 5266 2743 5319; x_wconf 83' lang='grc' dir='ltr'><strong>καί</strong></span> <span class='ocrx_word' id='word_1_829' title='bbox 2773 5282 2826 5336; x_wconf 91' lang='lat' dir='ltr'><strong>p.</strong></span> <span class='ocrx_word' id='word_1_830' title='bbox 2861 5266 2896 5337; x_wconf 84' lang='grc' dir='ltr'><strong>ή</strong></span> <span class='ocrx_word' id='word_1_831' title='bbox 2919 5264 3017 5331; x_wconf 83' lang='grc' dir='ltr'><strong>καί</strong></span> <span class='ocrx_word' id='word_1_832' title='bbox 3043 5263 3207 5319; x_wconf 90' lang='lat' dir='ltr'><strong>idem.</strong></span> 
     </span>
    </p>
   </div>
   <div class='ocr_carea' id='block_1_106' title="bbox 1942 5406 2556 5466">
    <p class='ocr_par' dir='ltr' id='par_1_106' title="bbox 1942 5406 2556 5466">
     <span class='ocr_line' id='line_1_106' title="bbox 1942 5406 2556 5466; baseline -0.01 0"><span class='ocrx_word' id='word_1_833' title='bbox 1942 5410 2299 5466; x_wconf 77' lang='lat' dir='ltr'><strong>VARIORUM</strong></span> <span class='ocrx_word' id='word_1_834' title='bbox 2328 5406 2556 5463; x_wconf 70' lang='lat' dir='ltr'><strong>NOT/E.</strong></span> 
     </span>
    </p>
   </div>
   <div class='ocr_carea' id='block_1_107' title="bbox 725 5504 2207 5579">
    <p class='ocr_par' dir='ltr' id='par_1_107' title="bbox 725 5504 2207 5579">
     <span class='ocr_line' id='line_1_107' title="bbox 725 5504 2207 5579; baseline -0.003 -18"><span class='ocrx_word' id='word_1_835' title='bbox 725 5511 838 5579; x_wconf 64' lang='lat'><strong>(64)</strong></span> <span class='ocrx_word' id='word_1_836' title='bbox 869 5509 1159 5579; x_wconf 80' lang='lat' dir='ltr'><strong>Hucusque</strong></span> <span class='ocrx_word' id='word_1_837' title='bbox 1184 5524 1288 5563; x_wconf 89' lang='lat' dir='ltr'><strong>ms.</strong></span> <span class='ocrx_word' id='word_1_838' title='bbox 1322 5506 1596 5579; x_wconf 70' lang='lat' dir='ltr'><strong>Cotelerii.</strong></span> <span class='ocrx_word' id='word_1_839' title='bbox 1620 5506 1691 5579; x_wconf 68' lang='lat' dir='ltr'><strong>At</strong></span> <span class='ocrx_word' id='word_1_840' title='bbox 1722 5504 1826 5579; x_wconf 82' lang='lat' dir='ltr'><strong>tria</strong></span> <span class='ocrx_word' id='word_1_841' title='bbox 1850 5505 1960 5579; x_wconf 85' lang='lat' dir='ltr'><strong>jam</strong></span> <span class='ocrx_word' id='word_1_842' title='bbox 1988 5512 2207 5579; x_wconf 72' lang='lat' dir='ltr'><strong>peracta</strong></span> 
     </span>
    </p>
   </div>
   <div class='ocr_carea' id='block_1_108' title="bbox 653 5574 2212 5647">
    <p class='ocr_par' dir='ltr' id='par_1_108' title="bbox 653 5574 2212 5647">
     <span class='ocr_line' id='line_1_108' title="bbox 653 5574 2212 5647; baseline -0.007 -11"><span class='ocrx_word' id='word_1_843' title='bbox 653 5574 777 5636; x_wconf 86' lang='lat' dir='ltr'><strong>sunt</strong></span> <span class='ocrx_word' id='word_1_844' title='bbox 810 5582 998 5647; x_wconf 80' lang='lat' dir='ltr'><strong>lustra,</strong></span> <span class='ocrx_word' id='word_1_845' title='bbox 1022 5574 1087 5632; x_wconf 78' lang='lat' dir='ltr'><strong>ex</strong></span> <span class='ocrx_word' id='word_1_846' title='bbox 1119 5594 1227 5647; x_wconf 89' lang='lat' dir='ltr'><strong>quo</strong></span> <span class='ocrx_word' id='word_1_847' title='bbox 1254 5578 1305 5630; x_wconf 93' lang='lat' dir='ltr'><strong>in</strong></span> <span class='ocrx_word' id='word_1_848' title='bbox 1327 5579 1448 5631; x_wconf 88' lang='lat' dir='ltr'><strong>cod.</strong></span> <span class='ocrx_word' id='word_1_849' title='bbox 1489 5574 1854 5647; x_wconf 86' lang='lat' dir='ltr'><strong>Ottoboniano</strong></span> <span class='ocrx_word' id='word_1_850' title='bbox 1885 5576 2063 5628; x_wconf 83' lang='lat' dir='ltr'><strong>inveni</strong></span> <span class='ocrx_word' id='word_1_851' title='bbox 2086 5574 2212 5626; x_wconf 86' lang='lat' dir='ltr'><strong>reli-</strong></span> 
     </span>
    </p>
   </div>
   <div class='ocr_carea' id='block_1_109' title="bbox 656 5646 2212 5718">
    <p class='ocr_par' dir='ltr' id='par_1_109' title="bbox 656 5646 2212 5718">
     <span class='ocr_line' id='line_1_109' title="bbox 656 5646 2212 5718; baseline -0.004 -16"><span class='ocrx_word' id='word_1_852' title='bbox 656 5667 819 5718; x_wconf 85' lang='lat' dir='ltr'><strong>quam</strong></span> <span class='ocrx_word' id='word_1_853' title='bbox 848 5646 1291 5703; x_wconf 80' lang='lat' dir='ltr'><strong>Clementinorum</strong></span> <span class='ocrx_word' id='word_1_854' title='bbox 1324 5657 1531 5718; x_wconf 85' lang='lat' dir='ltr'><strong>partem</strong></span> <span class='ocrx_word' id='word_1_855' title='bbox 1557 5646 1705 5715; x_wconf 85' lang='lat' dir='ltr'><strong>(inde</strong></span> <span class='ocrx_word' id='word_1_856' title='bbox 1734 5661 1762 5697; x_wconf 85' lang='lat' dir='ltr'><strong>a</strong></span> <span class='ocrx_word' id='word_1_857' title='bbox 1788 5647 1913 5698; x_wconf 89' lang='lat' dir='ltr'><strong>vhb.</strong></span> <span class='ocrx_word' id='word_1_858' title='bbox 1935 5647 2079 5718; x_wconf 80' lang='lat' dir='ltr'><strong>hom.</strong></span> <span class='ocrx_word' id='word_1_859' title='bbox 2102 5660 2212 5718; x_wconf 67' lang='lat' dir='ltr'><strong>xix,</strong></span> 
     </span>
    </p>
   </div>
   <div class='ocr_carea' id='block_1_110' title="bbox 658 5714 2205 5791">
    <p class='ocr_par' dir='ltr' id='par_1_110' title="bbox 658 5714 2205 5791">
     <span class='ocr_line' id='line_1_110' title="bbox 658 5714 2205 5791; baseline -0.005 -16"><span class='ocrx_word' id='word_1_860' title='bbox 658 5714 747 5783; x_wconf 64' lang='lat' dir='ltr'><strong>ﬂ.</strong></span> <span class='ocrx_word' id='word_1_861' title='bbox 798 5719 1040 5791; x_wconf 67' lang='grc' dir='ltr'>φαίνεται</span> <span class='ocrx_word' id='word_1_862' title='bbox 1083 5714 1342 5789; x_wconf 66' lang='grc' dir='ltr'>καρποὺς</span> <span class='ocrx_word' id='word_1_863' title='bbox 1378 5717 1650 5790; x_wconf 80' lang='grc' dir='ltr'>ὲκφύουσα</span> <span class='ocrx_word' id='word_1_864' title='bbox 1696 5718 1774 5779; x_wconf 85' lang='grc' dir='ltr'>εἰς</span> <span class='ocrx_word' id='word_1_865' title='bbox 1830 5716 2030 5789; x_wconf 79' lang='grc' dir='ltr'>τροφὴν</span> <span class='ocrx_word' id='word_1_866' title='bbox 2070 5714 2205 5768; x_wconf 82' lang='grc' dir='ltr'>πάν-</span> 
     </span>
    </p>
   </div>
   <div class='ocr_carea' id='block_1_111' title="bbox 2313 5487 3848 5568">
    <p class='ocr_par' dir='ltr' id='par_1_111' title="bbox 2313 5487 3848 5568">
     <span class='ocr_line' id='line_1_111' title="bbox 2313 5487 3848 5568; baseline -0.009 -15"><span class='ocrx_word' id='word_1_867' title='bbox 2313 5517 2420 5554; x_wconf 81' lang='grc' dir='ltr'>των</span> <span class='ocrx_word' id='word_1_868' title='bbox 2468 5513 2643 5568; x_wconf 87' lang='lat' dir='ltr'><strong>usquc</strong></span> <span class='ocrx_word' id='word_1_869' title='bbox 2702 5498 2768 5551; x_wconf 89' lang='lat' dir='ltr'><strong>ad</strong></span> <span class='ocrx_word' id='word_1_870' title='bbox 2814 5497 2967 5568; x_wconf 86' lang='lat' dir='ltr'><strong>hom.</strong></span> <span class='ocrx_word' id='word_1_871' title='bbox 3010 5512 3102 5559; x_wconf 87' lang='lat' dir='ltr'><strong>xx,</strong></span> <span class='ocrx_word' id='word_1_872' title='bbox 3124 5495 3193 5568; x_wconf 71' lang='lat'><strong>25</strong></span> <span class='ocrx_word' id='word_1_873' title='bbox 3237 5494 3503 5567; x_wconf 81' lang='grc' dir='ltr'>ὁρμήσειν</span> <span class='ocrx_word' id='word_1_874' title='bbox 3551 5487 3848 5564; x_wconf 63' lang='grc' dir='ltr'>Ἀντιόχειαν</span> 
     </span>
    </p>
   </div>
   <div class='ocr_carea' id='block_1_112' title="bbox 2317 5567 3848 5635">
    <p class='ocr_par' dir='ltr' id='par_1_112' title="bbox 2317 5567 3848 5635">
     <span class='ocr_line' id='line_1_112' title="bbox 2317 5567 3848 5635; baseline -0.007 -12"><span class='ocrx_word' id='word_1_875' title='bbox 2317 5568 2603 5635; x_wconf 74' lang='grc' dir='ltr'>ἔσπευσεν)</span> <span class='ocrx_word' id='word_1_876' title='bbox 2643 5568 2902 5621; x_wconf 86' lang='lat' dir='ltr'><strong>hactenus</strong></span> <span class='ocrx_word' id='word_1_877' title='bbox 2946 5567 3317 5635; x_wconf 82' lang='lat' dir='ltr'><strong>incognitam,</strong></span> <span class='ocrx_word' id='word_1_878' title='bbox 3364 5581 3532 5632; x_wconf 89' lang='lat' dir='ltr'><strong>quam</strong></span> <span class='ocrx_word' id='word_1_879' title='bbox 3581 5576 3719 5635; x_wconf 86' lang='lat' dir='ltr'><strong>nunc</strong></span> <span class='ocrx_word' id='word_1_880' title='bbox 3756 5571 3848 5625; x_wconf 52' lang='lat' dir='ltr'><strong>prl&#39;</strong></span> 
     </span>
    </p>
   </div>
   <div class='ocr_carea' id='block_1_113' title="bbox 2323 5630 3848 5706">
    <p class='ocr_par' dir='ltr' id='par_1_113' title="bbox 2323 5630 3848 5706">
     <span class='ocr_line' id='line_1_113' title="bbox 2323 5630 3848 5706; baseline -0.01 -12"><span class='ocrx_word' id='word_1_881' title='bbox 2323 5656 2471 5694; x_wconf 86' lang='lat' dir='ltr'><strong>mum</strong></span> <span class='ocrx_word' id='word_1_882' title='bbox 2495 5630 2760 5706; x_wconf 76' lang='lat' dir='ltr'><strong>evulgavi.</strong></span> <span class='ocrx_word' id='word_1_883' title='bbox 2798 5636 3049 5691; x_wconf 85' lang='lat' dir='ltr'><strong>Lacunas</strong></span> <span class='ocrx_word' id='word_1_884' title='bbox 3069 5630 3190 5704; x_wconf 75' lang='lat' dir='ltr'><strong>quae</strong></span> <span class='ocrx_word' id='word_1_885' title='bbox 3220 5630 3539 5706; x_wconf 75' lang='lat' dir='ltr'><strong>occurrunt,</strong></span> <span class='ocrx_word' id='word_1_886' title='bbox 3566 5630 3848 5701; x_wconf 67' lang='lat' dir='ltr'><strong>conjecta!!—</strong></span> 
     </span>
    </p>
   </div>
   <div class='ocr_carea' id='block_1_114' title="bbox 2318 5704 3492 5779">
    <p class='ocr_par' dir='ltr' id='par_1_114' title="bbox 2318 5704 3492 5779">
     <span class='ocr_line' id='line_1_114' title="bbox 2318 5704 3492 5779; baseline -0.008 -14"><span class='ocrx_word' id='word_1_887' title='bbox 2318 5710 2386 5765; x_wconf 88' lang='lat' dir='ltr'><strong>do</strong></span> <span class='ocrx_word' id='word_1_888' title='bbox 2438 5704 2644 5779; x_wconf 73' lang='lat' dir='ltr'><strong>explevi</strong></span> <span class='ocrx_word' id='word_1_889' title='bbox 2671 5709 2931 5779; x_wconf 82' lang='lat' dir='ltr'><strong>uncisque</strong></span> <span class='ocrx_word' id='word_1_890' title='bbox 2982 5706 3197 5767; x_wconf 83' lang='lat' dir='ltr'><strong>inclusi.</strong></span> <span class='ocrx_word' id='word_1_891' title='bbox 3236 5704 3492 5761; x_wconf 69' lang='lat' dir='ltr'><strong>Dansssc.</strong></span> 
     </span>
    </p>
   </div>
  </div>
