4022 6336
248 202 340 257 ιδτ
1299 208 1757 265 CLEMENTINA.
1774 243 1841 254 -—
1879 211 2161 267 IIOMILIA
2200 211 2338 267 XIX.

3393 216 3493 271 I38

246 317 531 390 ὲξησθένει,
559 324 668 377 τῶν
691 324 864 389 κακὰς
910 327 1143 397 ἐχόντων
1161 331 1508 402 προαιρέσεις
1543 333 1807 397 ἀπαθείας

1917 336 2172 407 mortales
2208 334 2387 404 puniri
2443 351 2549 388 non
2592 350 2901 405 possemus.
2968 333 3034 389 Et
3064 334 3169 386 hoc
3217 334 3401 399 modo,
3444 333 3492 388 si

247 415 382 485 αίτίᾳ
408 416 790 487 τιμωρηθῆναι
816 419 889 491 μὴ
924 419 1255 490 δυναμένων.

1929 445 1995 482 ex
2052 428 2283 483 consilio
2343 428 2469 483 mali
2497 444 2783 493 essemus,
2834 429 2999 482 etiam
3049 426 3269 497 justitia
3310 426 3379 481 ob
3410 426 3493 480 in-

245 507 533 561 dolentiam
589 509 765 580 magis
826 511 1286 581 imminueretur,
1340 530 1464 570 curn
1517 515 1611 585 qui
1664 516 1804 570 mala
1846 517 2068 574 foveant
2132 519 2361 575 consilia
2429 522 2796 576 immunitatis
2826 535 2992 574 causa
3021 519 3198 589 pinnis
3220 517 3356 573 ααὶοὶ
3385 532 3493 574 non

244 608 480 672 possent.

303 687 442 743 XVI.
485 692 597 745 Kal
616 694 645 745 6
667 693 848 764 Σίμων
877 694 1015 766 πρὸς
1045 696 1215 750 ταῦτα
1244 697 1347 769 ἔφη
1370 715 1384 729 ⁸
1413 699 1548 770 Περὶ
1579 697 1817 769 πονηροῦ

240 798 286 837 τι
315 783 392 837 ἔτι
425 783 538 855 έχω
567 786 755 858 ἕτερον
783 786 980 855 λέγειν.
1001 789 1071 840 Ἦ
1115 790 1197 843 ὅτι
1234 789 1293 856 ἐξ
1323 790 1422 842 οὐκ
1450 790 1617 843 ὄντων
1658 789 1818 844 αὐτὸν

241 876 487 945 ἐποίησεν
514 879 544 929 6
573 878 726 942 Θεὸς,
750 881 846 933 καὶ⁵
878 881 1019 934 κατά
1046 881 1201 934 τοῦτο
1231 881 1397 944 κακὸς
1418 882 1446 933 6
1473 883 1725 955 ποιήσας,
1759 882 1818 946 ὃς

238 965 293 1019 τὸ
323 965 396 1036 μὴ
427 966 488 1019 ὃν
512 968 767 1040 ἐποίησεν
804 965 959 1033 εἶναι,
991 971 1084 1023 καὶ
1110 970 1282 1025 ταῦτα
1324 971 1619 1042 δυνάμενος
1657 972 1817 1025 αὐτὸν

240 1058 435 1127 ἀγαθὸν
468 1060 695 1130 ποιῆσαι
726 1062 804 1133 τῷ
826 1063 920 1117 τὸν
948 1064 1224 1134 γινόμενον
1256 1065 1419 1136 μηδὲν
1450 1063 1587 1136 πρὸς
1620 1065 1817 1128 κακίας

240 1150 554 1221 προαίρεσιν
590 1152 725 1205 ἰδίαν
754 1154 1048 1225 κεκτῆσθαι
1077 1153 1256 1223 φύσιν.
1281 1141 1389 1207 Kal
1419 1156 1448 1207 6
1476 1154 1707 1226 Πέτρος’
1742 1154 1817 1207 Τὸ

239 1243 290 1309 ἐξ
317 1244 417 1296 οὐκ
441 1244 611 1297 ὄντων
643 1246 804 1298 αὑτὸν
825 1246 1045 1316 ποιῆσαι
1066 1248 1382 1319 προαίρεσιν
1404 1247 1612 1317 έχοντα,
1632 1247 1816 1315 ὅμοιόν

240 1335 372 1387 ἐστιν
396 1326 447 1401 ᾦ
471 1335 883 1406 προειρήκαμεν
913 1334 1072 1407 λόγῳ,
1112 1338 1194 1389 ὅτι
1222 1336 1358 1407 πρὸς
1389 1336 1449 1389 τὸ
1484 1336 1691 1409 χαίρειν
1718 1338 1816 1391 αὑ·-

239 1426 317 1479 τὸν
340 1429 539 1489 κακοῖς
566 1426 665 1498 τὴν
690 1428 886 1499 κρᾶσιν
915 1430 1148 1499 ποιήσας
1181 1429 1340 1492 αὐτὸς
1368 1428 1537 1491 αἴτιος
1572 1427 1815 1497 φαίνεται

1992 690 2133 746 XVI.
2173 693 2253 748 Ad
2284 695 2399 748 haec
2429 692 2617 748 Simon
2651 712 2665 748 :
2699 693 2774 748 De
2800 693 2946 747 malo
2979 693 3125 747 aliud
3154 691 3283 761 quid
3311 692 3492 746 dicere

1925 784 2119 839 habeo.
2149 783 2415 839 Nimirum
2452 784 2498 841 si
2527 784 2672 839 Deus
2714 800 2839 838 eum
2885 799 2952 838 ex
2996 784 3169 837 nihilo
3204 782 3351 848 fecit,
3390 782 3494 837 hac

1922 888 2143 944 quoque
2173 875 2387 929 ratione
2413 884 2627 930 creator
2665 884 2749 929 est
2779 874 2976 937 malus,
3015 881 3198 942 utpote
3238 873 3332 942 qui
3380 887 3491 926 non

1923 968 2247 1023 existentem
2284 967 2552 1037 ejusmodi
2587 966 2799 1033 fecerit,
2834 964 3087 1035 quamvis
3128 965 3336 1032 liceret,
3365 980 3490 1019 eum

1925 1058 2103 1114 facere
2134 1060 2361 1125 bonum,
2392 1060 2439 1114 si
2474 1060 2716 1129 genitum
2764 1058 2837 1112 ita
2881 1064 3141 1122 creasset,
3175 1065 3234 1111 ut
3276 1054 3491 1124 propria

1922 1163 2119 1206 natura
2164 1152 2585 1221 propensitatem
2640 1151 2707 1205 ad
2756 1151 2958 1204 malum
3013 1164 3120 1203 non
3170 1148 3488 1218 possideret.

1922 1242 2059 1298 Tum
2108 1243 2299 1298 Petrus
2330 1261 2343 1298 :
2372 1242 2529 1309 Quod
2579 1241 2770 1298 fecerit
2808 1258 2875 1296 ex
2927 1241 3096 1295 nihilo
3126 1237 3493 1309 propensitate

1921 1335 2205 1406 praeditum
2254 1352 2362 1391 non
2395 1335 2574 1390 diﬂert
2599 1336 2668 1389 ab
2699 1335 2823 1399 illo,
2854 1333 2998 1404 quod
3031 1347 3195 1401 supra
3229 1332 3489 1393 diximus,

1923 1444 2047 1483 eum
2075 1429 2202 1499 quia
2234 1429 2391 1483 malis
2417 1428 2675 1499 gauderet
2720 1426 2975 1481 mistione
3019 1424 3320 1495 composita
3362 1438 3493 1477 cau-

238 1516 321 1569 τοῦ
347 1517 669 1588 γενομένου.
693 1519 836 1582 Μιᾶς
854 1514 946 1572 οὖν
975 1518 1139 1589 οὔσης
1164 1520 1263 1590 τῆς
1287 1519 1607 1590 ἀμφοτέρων
1635 1518 1816 1571 ἐπιλύ-

1920 1535 2039 1574 sam
2069 1536 2189 1574 esse
2218 1519 2391 1574 videri
2432 1534 2648 1581 eorum.
2700 1534 2821 1587 quae
2850 1517 3193 1588 proveniunt.
3231 1514 3366 1569 Cum
3396 1530 3490 1571 ca—

242 1625 383 1671 σεως,
430 1607 496 1660 τὸ
523 1608 638 1682 Δδιὰ
680 1610 754 1669 :L
774 1610 984 1681 χαίρειν
1033 1609 1192 1664 αὑτὸν
1248 1612 1335 1663 ἐπ’
1371 1611 1590 1682 ὀλέθρου
1634 1609 1818 1663 κακῶν

238 1702 487 1773 ἐποίησεν
518 1680 747 1773 ξ’)στερον
776 1680 901 1775 ἐροῦ
910 1720 1028 1773 μεν.
1060 1704 1170 1756 Kal
1189 1705 1217 1756 6
1237 1704 1417 1774 Σίμων
1436 1720 1449 1732 ·
1474 1680 1537 1757 Εἰ
1564 1702 1820 1768 αὐτεξου-

242 1796 373 1858 σίους
408 1795 640 1864 ἐποίησε
677 1796 773 1849 xal
798 1798 925 1859 τοὺς
963 1795 1246 1864 ἀγγέλους,
1272 1798 1299 1849 6
1329 1795 1386 1849 δὲ
1420 1795 1652 1867 πονηρὸς
1680 1794 1818 1848 ἀπέ-

241 1905 324 1959 στη
349 1887 453 1941 τοῦ
480 1888 689 1952 δίκαιος
702 1884 973 1953 εἷναι,καὶ
1000 1888 1086 1942 διὰ
1103 1889 1311 1959 τίάρχῇ
1332 1887 1619 1959 τετίμηται
1635 1903 1650 1952 ;
1669 1888 1724 1939 '0
1736 1903 1821 1939 τι-

242 1983 425 2052 μήσας,
442 1980 510 2035 δι’
525 1976 586 2034 οὗ
601 1981 643 2012 δ’
658 1981 971 2052 τετίμηκεν,
1004 1980 1080 2043 ὡς
1097 1983 1287 2043 κακοῖς
1314 1979 1519 2051 χαίρων
1548 1979 1813 2048 φαίνεται.

240 2073 332 2126 Kal
349 2075 378 2126 6
404 2074 619 2145 Πέτρος
637 2074 731 2126 Ἐί
754 2073 1063 2127 ἀποστάντα
1086 2072 1247 2125 αὑτὸν
1273 2074 1302 2125 6
1327 2072 1459 2136 Θεὸς
1490 2072 1677 2143 ἄρχειν
1706 2072 1815 2125 τῶν

239 2166 421 2236 ὁμοίων
452 2166 758 2237 κατέστησε
790 2166 954 2236 386
976 2165 1146 2235 νόμῳ,
1173 2164 1271 2235 τὴν
1301 2164 1569 2234 τιμωρίαν
1595 2163 1816 2232 ἐπάγειν

238 2261 333 2319 τοῖς
362 2257 745 2327 ἁμαρτάνουσι
784 2255 1046 2320 κελεύσας
1081 2255 1248 2324 αὐτῷ,
1277 2256 1379 2308 οὐκ
1422 2254 1603 2319 ἄδικός
1645 2257 1811 2309 ἐστιν.

237 2347 292 2401 El
314 2348 365 2400 δὲ
399 2348 487 2401 ὅτι
521 2348 616 2400 καὶ
643 2345 953 2400 ἀποστάντα
980 2346 1293 2416 τετίμηκεν,
1324 2344 1386 2397 τὸ
1413 2345 1818 2415 χρήσιμονὸτι-

239 2441 406 2510 μήσας
440 2439 715 2511 προεῖδέν,
750 2439 832 2491 ὅτι
863 2438 957 2492 καὶ
994 2440 1027 2509 ἡ
1065 2436 1199 2508 τιμὴ
1233 2436 1587 2509 πρόσκαιρος,
1611 2436 1706 2490 καὶ
1734 2437 1815 2489 ὅτι

235 2534 433 2587 δίκαιον
458 2533 591 2594 τοὺς
611 2533 816 2594 κακοὺς
837 2531 943 2584 ὑπὸ
960 2527 1132 2583 κακοῦ
1162 2528 1421 2601 άρχεσθαι
1456 2530 1549 2583 xal
1567 2528 1817 2600 ἁμαρτά-

232 2641 412 2690 νοντας
444 2624 541 2677 ὑπ’
563 2622 731 2677 αὐτοῦ
765 2621 1142 2693 τιμωρεῖσθαι.

293 2818 461 2872 XVII.
507 2818 660 2873 Kal6
680 2812 860 2887 Σίμων
880 2834 892 2846 ·
913 2817 1059 2888 Μήτι
1081 2816 1167 2870 ἀεὶ
1182 2816 1257 2869 ὣν
1274 2818 1368 2869 καὶ
1389 2815 1561 2879 οὕτως
1576 2816 1814 2887 ἀναιρεῖ·
1840 2856 1881 2913 C

233 2930 310 2966 ται
321 2912 390 2966 τά
406 2912 510 2983 τῆς
530 2911 845 2982 μοναρχίας,
863 2908 1233 2981 συναρχούσης
1246 2910 1339 2962 καὶ
1355 2908 1546 2980 ἐτέρας
1560 2909 1659 2980 τῆς
1673 2908 1814 2962 κατά

233 3003 319 3072 τὴν
333 3001 472 3071 ὓλην
488 3000 771 3071 δυνάμεως
788 3016 802 3064 ;
822 3000 930 3053 Kal
941 3000 969 3052 6
981 3000 1185 3071 Πέτρος
1201 3016 1213 3029 ο
1233 3000 1296 3051 Εἰ
1314 2997 1558 3070 διάφοροί
1576 3001 1681 3051 είσι
1695 3000 1815 3062 ταῖς

234 3094 455 3157 οὐσίαις,
471 3092 720 3163 διάφοροί
732 3093 838 3144 εἱσι
852 3092 945 3145 καὶ
955 3094 1072 3155 ταῖς
1084 3090 1395 3162 δυνάμεσιν,
1410 3091 1541 3143 καὶὸ
1554 3090 1815 3162 κρείττων

235 3190 377 3259 ἄρχει
394 3186 498 3240 τοῦ
514 3187 825 3256 ἣττονοςΕί
840 3185 896 3238 δὲ
910 3186 1009 3256 τῆς
1021 3184 1188 3254 αὐτῆς
1205 3184 1341 3237 εἰσὶν
1356 3185 1563 3248 οὐσίας,
1574 3184 1693 3236 τότε
1715 3186 1816 3237 ίσο-

233 3281 351 3339 δῦνα
357 3298 453 3352 μοι
469 3279 851 3350 τυγχάνουσιν,
866 3279 960 3332 καὶ
971 3279 1169 3348 ὁμοίως
1184 3278 1421 3349 ἀγαθοὶῆ
1435 3278 1612 3331 κακοί.
1622 3278 1746 3332 Ὅτι
1757 3277 1815 3330 δὲ

236 3374 323 3426 οὐκ
342 3374 483 3425 εἰσὶν
506 3368 835 3441 ίσοὸύναμοι,
851 3371 911 3422 οὐ
925 3371 1026 3440 τῆς
1044 3370 1214 3440 αὐτῆς
1227 3369 1413 3432 οὐσίας
1428 3368 1475 3400 ⁸⁸
1499 3368 1778 3437 φαίνονται
1800 3385 1813 3398 ·

235 3464 331 3516 ὑπὸ
354 3464 470 3534 γὰρ
489 3461 586 3514 τοῦ
613 3458 953 3531 Δημιουργοῦ
979 3462 1011 3531 ἡ
1043 3458 1141 3531 ὕλη
1176 3460 1257 3522 εἰς
1284 3453 1394 3511 οἷον
1420 3458 1651 3530 ἠθέλησε
1686 3458 1814 3512 κόσ-

234 3574 327 3627 μου
357 3554 567 3625 ἠνέχθη
599 3553 802 3623 σχῆμα.
836 3552 943 3604 Kal
980 3552 1110 3623 μήτι
1133 3567 1200 3619 γε
1229 3550 1375 3604 ἔστιν
1405 3552 1600 3613 εἰπεῖν,
1623 3550 1703 3603 ὅτι
1728 3549 1815 3602 ἀεὶ

1921 1612 2043 1667 dem
2086 1612 2157 1667 sit
2199 1614 2483 1682 utriusque
2525 1611 2748 1676 solutio,
2799 1610 3026 1681 posthac
3073 1609 3489 1679 explicabimus,

1920 1718 2019 1756 cur
2046 1703 2118 1756 ita
2151 1704 2465 1758 ordinatum
2491 1704 2583 1765 sit,
2609 1713 2668 1757 ut
2691 1703 2961 1757 malorum
2993 1702 3231 1771 pernicie
3260 1704 3493 1773 gaudere

1920 1795 2189 1849 videatur.
2221 1794 2288 1850 Et
2321 1794 2508 1850 Simon
2535 1814 2547 1849 :
2576 1794 2632 1849 Si
2664 1806 2717 1850 et
2744 1796 2967 1865 angelos
2998 1796 3182 1850 liberae
3210 1795 3492 1863 potestatis

1918 1883 2065 1949 fecit,
2104 1886 2280 1940 malus
2338 1895 2518 1939 autem
2548 1885 2733 1954 justus
2777 1900 2896 1939 esse
2934 1884 3163 1950 destitit,
3189 1899 3289 1938 cur
3320 1883 3492 1952 impe-

1918 1979 2001 2033 rio
2017 1978 2419 2033 houorabatur?
2444 1976 2713 2031 Nimirum
2735 1977 2781 2029 is
2801 1976 2895 2047 qui
2919 1976 3229 2039 honoravit,
3245 1975 3316 2029 ob
3328 1990 3488 2044 quem

1920 2072 2225 2139 honoravit,
2286 2072 2445 2127 malis
2491 2072 2729 2142 gaudere
2765 2071 2998 2125 videtur.
3062 2069 3200 2123 Tum
3254 2070 3486 2125 Petrus:

1919 2164 1975 2219 Si
2018 2173 2143 2234 post
2195 2164 2552 2224 defectionem
2610 2164 2791 2230 Deus,
2869 2171 2929 2218 ut
2988 2162 3256 2218 similibus
3301 2178 3493 2234 regna-

1916 2265 2021 2323 ret,
2053 2257 2168 2328 lege
2198 2258 2484 2313 constituit
2512 2258 2561 2311 ei
2592 2257 2934 2327 praaeipiens,
2970 2267 3029 2312 ut
3072 2271 3261 2328 punias
3300 2271 3494 2326 pecca-

1914 2348 2128 2403 toribus
2174 2347 2462 2420 infligeret,
2492 2365 2600 2403 non
2660 2349 2781 2405 ideo
2830 2349 3070 2423 injustus
3129 2357 3232 2404 est.
3261 2347 3417 2415 Quod
3444 2349 3491 2404 si

1913 2440 2078 2494 etiam
2111 2450 2233 2510 post
2255 2439 2612 2496 defectionem
2661 2456 2785 2495 eum
2835 2441 3149 2508 honoravit,
3184 2440 3317 2495 utile
3364 2440 3492 2495 inde

1916 2541 2309 2602 proventurum
2343 2532 2612 2601 praevidit,
2647 2534 2741 2603 qui
2778 2534 3102 2601 honoravit;
3141 2550 3266 2588 nam
3310 2543 3363 2589 et
3394 2534 3492 2588 hoc

1916 2639 2017 2678 nor
2045 2624 2361 2694 temporalis
2388 2634 2492 2690 est,
2517 2633 2571 2680 et
2601 2625 2811 2695 justum
2840 2627 3012 2681 malos
3036 2642 3069 2680 a
3094 2626 3240 2684 malo
3264 2628 3377 2697 regi
3408 2636 3492 2682 at-

1914 2730 2023 2786 que
2052 2725 2367 2784 peccatores
2391 2716 2462 2770 ab
2488 2731 2557 2771 eo
2582 2717 2783 2786 puniri.

1987 2806 2152 2861 XVII.
2194 2807 2333 2861 Tum
2368 2806 2556 2861 Simon
2589 2827 2603 2862 :
2640 2807 2697 2862 Si
2727 2810 3093 2879 sempiternus
3125 2811 3484 2877 non'fuit,an.

1917 2913 2025 2951 non
2055 2913 2123 2952 eo
2149 2898 2270 2968 ipso
2311 2906 2365 2953 et
2410 2899 2743 2953 monarchia:
2790 2908 2845 2953 et
2888 2900 3113 2969 reliquae
3168 2916 3233 2954 ex
3262 2904 3487 2955 materia

1915 2990 2284 3060 provenientis
2301 2990 2556 3059 potentia:
2571 2992 2909 3046 consortium
2924 2991 3160 3046 deletur?
3179 2991 3245 3045 Et
3262 2990 3483 3047 Petrus:

1917 3082 1975 3136 Si
2006 3082 2333 3137 substantiis
2350 3081 2627 3149 differunt,
2645 3082 2901 3137 diﬁ‘erunt
2923 3084 3086 3137 etiam
3111 3082 3484 3146 facultatibus,

1914 3183 1970 3229 et
1995 3174 2269 3244 potentior
2296 3175 2529 3243 imperat
2567 3174 2836 3229 inferiori.
2869 3173 2967 3229 Sin
3009 3184 3190 3229 autem
3240 3175 3483 3245 ejusdem

1915 3266 2025 3320 sint
2047 3265 2387 3331 substantiae,
2414 3266 2600 3320 eadem
2628 3265 2867 3334 potentia
2892 3265 3404 3334 przeditiexsistunt,
3435 3274 3489 3319 et

1915 3356 2134 3426 quidem
2184 3357 2349 3412 simili
2395 3358 2556 3412 modo
2605 3358 2690 3412 vel
2738 3358 2866 3412 boni
2911 3366 3038 3412 sunt
3074 3358 3157 3411 vel
3199 3358 3348 3411 mali.
3382 3356 3487 3411 Sed

1915 3462 2039 3503 cum
2083 3448 2199 3517 pari
2249 3449 2489 3517 potentia
2535 3464 2642 3502 non
2690 3457 2933 3514 utantur,
2976 3449 3221 3516 ejusdem
3269 3466 3488 3519 quoque

1914 3540 2237 3594 substantiae
2280 3555 2390 3594 non
2441 3553 2563 3595 esse
2607 3540 2903 3606 videntur;
2958 3542 3215 3596 materies
3260 3542 3406 3595 enim
3456 3557 3486 3594 a

232 3644 293 3720 ἧν
318 3648 502 3710 οὐσία,
532 3640 669 3699 οὖσα
689 3644 791 3715 ὕλη
808 3644 851 3675 ⁸⁸
873 3644 948 3707 ὡς
975 3642 1111 3695 Θεοῦ
1152 3646 1396 3714 ταμεῖον.
1421 3642 1495 3697 Οὐ
1527 3641 1635 3713 γὰρ
1670 3641 1815 3694 ἐστιν

1923 3634 2161 3687 Ireatore
2210 3632 2457 3702 impensa
2506 3631 2628 3697 fuit,
2660 3632 2715 3685 in
2763 3632 2980 3701 qualem
3021 3633 3207 3686 mundi
3255 3631 3487 3687 formam

232 3745 424 3805 εἰπεῖν,
457 3740 608 3794 ὃτι⁸⁰
639 3732 707 3809 ἦν
737 3734 1029 3809 [ταμεῖον],
1066 3735 1154 3787 ὅτε
1188 3736 1452 3805 ἀκτήμων
1484 3729 1553 3805 ἦν
1591 3736 1619 3787 6
1659 3734 1811 3796 Θεὸς,

232 3835 359 3889 ἀλλά
384 3836 475 3887 ἀεὶ
503 3826 571 3903 ἦν
605 3830 763 3902 μόνος
811 3829 993 3901 άρχων
1034 3827 1224 3898 αὐτῆς.
1266 3826 1356 3879 Διὸ
1386 3827 1480 3880 καὶ
1518 3825 1685 3889 ἀΐδιος
1716 3825 1813 3896 μό-

234 3925 359 3997 [νος]
378 3924 452 3987 ⁵³,
480 3922 578 3975 xal
598 3922 689 3974 ἐπὶ
706 3919 881 3992 ταύτῃ
906 3923 974 3993 τῇ
1016 3918 1267 3974 ὑποθέσει
1295 3915 1475 3978 καλῶς
1504 3914 1569 3968 ἂν
1606 3914 1815 3983 λέγοιτο

232 4017 374 4080 ὄντος
402 4017 500 4069 καὶ
520 4012 616 4067 τοῦ
645 4013 902 4084 ἄρχοντος
934 4012 1026 4065 καὶ
1051 4009 1143 4064 τοῦ
1175 4005 1418 4080 [ἀϊδίου.]
1444 4006 1554 4059 Kal
1578 4006 1606 4059 6
1634 4006 1814 4076 Σίμων

234 4110 330 4181 ἔφη
351 4128 365 4140 ·
401 4109 469 4162 Τί
497 4101 592 4161 οὖν
618 4105 805 4160 ἑαυτὸν
832 4104 1083 4175 ἐποίησεν
1123 4104 1151 4155 6
1190 4100 1461 4171 πονηρός;
1499 4099 1609 4152 Kal
1640 4097 1814 4161 οὕτως

1914 3724 2005 3779 ille
2035 3724 2225 3779 voluit.
2247 3722 2433 3793 Neque
2458 3723 2714 3779 contendi
2745 3731 2941 3793 potest,
2969 3738 3185 3792 semper
3212 3726 3489 3779 exstitisse

1914 3816 2299 3880 substantiam,
2340 3815 2541 3884 quippe
2584 3830 2726 3884 quae,
2762 3824 2822 3869 ut
2869 3816 3144 3879 materies,
3189 3813 3353 3869 fuerit
3390 3815 3485 3870 Dei

1914 3908 2049 3962 cella
2094 3907 2337 3977 penaria.
2387 3904 2508 3960 Non
2546 3907 2692 3961 enim
2738 3907 2866 3962 licet
2899 3906 3102 3973 dicere,
3142 3922 3261 3961 eam
3314 3906 3486 3961 fuisse

1914 4000 2104 4055 cellam
2134 3999 2436 4069 penariam,
2476 4013 2598 4053 cum
2650 3998 2809 4068 inops
2851 4008 2996 4053 esset
3040 3996 3217 4064 Deus;
3262 4008 3315 4052 at
3358 4013 3485 4052 vero

1915 4106 2131 4161 semper
2182 4091 2229 4145 is
2275 4090 2485 4145 exstitit
2528 4090 2680 4145 solus
2726 4090 2873 4145 illius
2903 4090 3179 4145 dominus.
3208 4088 3381 4155 Quam
3414 4091 3485 4145 oh

234 4180 433 4269 ἀγαθὸς
457 4199 487 4251 6
515 4196 667 4260 Θεὸς,
708 4196 809 4259 ὅτι,
840 4194 994 4257 εἰδὼς
1007 4191 1184 4259 ,αὑτὸν
1220 4191 1314 4243 ἐπὶ
1343 4186 1498 4257 κακῷ
1533 4186 1807 4257 ἐσόμενον,

1917 4199 2030 4238 rem
2079 4191 2133 4237 et
2180 4190 2418 4236 aeternus
2464 4181 2632 4246 solus,
2667 4182 2898 4250 ideoque
2951 4180 3088 4234 bene
3124 4196 3186 4235 ea
3214 4186 3485 4236 diceretur

233 4293 511 4363 γινόμενον
539 4288 702 4344 αὑτὸν
728 4288 827 4340 οὑκ
842 4285 1067 4349 ἀνεῖλεν,
1089 4285 1175 4337 ἅτε
1204 4270 1279 4345 ὥς
1305 4280 1497 4351 ἀτελὴς
1517 4278 1808 4351 ἀναιρεθῆ-

235 4402 316 4440 vat
338 4386 565 4449 δυνατὸς
581 4382 681 4457 ἧνς
702 4385 765 4438 El
786 4383 893 4455 γὰρ
916 4381 1171 4450 ἐξαίφνης
1196 4376 1401 4449 ωμὸἐϐ
1412 4393 1505 4448 ηκε
1528 4376 1622 4429 καὶ
1639 4373 1811 4427 ταῦτα

234 4479 457 4544 τέλειος,
529 4480 625 4531 καὶ
652 4477 739 4530 διά
764 4475 938 4530 ταῦτα
986 4473 1189 4535 τέλειος
1213 4469 1375 4541 387
1402 4469 1495 4522 καὶ
1522 4466 1608 4520 διὰ
1636 4464 1809 4520 ταῦτα

238 4571 607 4643 προσπολεμεῖ
634 4569 712 4640 τῷ
743 4564 1081 4640 δημιουργῷ,
1107 4565 1181 4628 ὡς
1209 4561 1465 4631 ἐξαίφνης
1495 4559 1810 4628 ίσοδύναμος

236 4661 389 4733 αὐτῷ
416 4660 669 4731 γεγονώς.

1916 4291 2037 4331 esse
2060 4290 2188 4331 vere
2208 4274 2523 4329 exsistentis
2534 4283 2587 4329 et
2608 4274 2990 4344 dominiatque
3002 4273 3481 4345 sempiterni.Tum

1919 4368 2107 4422 Simon
2143 4386 2158 4424 :
2192 4366 2355 4434 Quid,
2397 4368 2593 4437 inquit,
2643 4368 2689 4422 si
2737 4368 3026 4437 semctipse
3071 4368 3335 4424 creaverit
3368 4384 3484 4423 ma—

1916 4460 2041 4514 lus?
2068 4460 2148 4513 An
2174 4459 2317 4515 Deus
2347 4469 2401 4514 et
2424 4461 2528 4515 hoc
2557 4460 2720 4514 modo
2748 4460 2925 4514 bonus
2954 4460 3265 4526 est,ut,etsi
3295 4461 3483 4531 cogni-

1916 4563 2031 4609 tum
2064 4553 2317 4619 habebat,
2343 4563 2686 4608 versaturum
2734 4567 2860 4606 eum
2892 4553 2946 4606 in
2978 4554 3142 4619 malo,
3178 4568 3285 4607 non
3330 4555 3479 4609 dele-

1919 4644 2078 4712 verit,
2110 4645 2203 4715 qui
2232 4660 2339 4699 non
2374 4644 2656 4699 absolutus
2689 4643 2959 4715 exstingui
2993 4644 3240 4713 poterat?
3270 4642 3480 4698 Etenim

237 4755 282 4809 si
307 4757 491 4811 subito
516 4755 683 4812 simul
713 4768 836 4809 cum
861 4767 927 4807 eo
953 4749 1129 4805 factus
1160 4748 1343 4813 fuerit,
1371 4756 1425 4802 et
1465 4746 1519 4801 id
1543 4742 1760 4815 quidem
1802 4740 1987 4795 finitus
2042 4752 2215 4808 eoque
2248 4737 2539 4808 perfectus,
2588 4735 2657 4791 ob
2697 4737 2870 4806 ipsam
2922 4752 3147 4793 causam
3192 4738 3482 4793 bellaretur

240 4859 428 4903 contra
465 4855 789 4912 creatorem,
819 4844 908 4901 cui
938 4841 1199 4895 nimirum
1227 4840 1294 4895 ab
1334 4838 1488 4893 initio
1517 4852 1616 4907 par
1646 4844 1809 4891 natus
1844 4842 1961 4889 erat
1990 4832 2251 4903 potentia.
2814 4828 2834 4853 ⁸

309 4981 495 5036 XVIII.
533 4982 646 5035 Kal
683 4983 712 5035 6
755 4982 989 5053 Πέτρος·
1026 4980 1284 5035 Ἀδύνατα
1310 4980 1486 5048 λέγεις
1509 4994 1522 5007 ’
1568 4978 1662 5030 καὶ
1701 4976 1811 5047 γὰρ

241 5077 359 5127 κατ’
376 5075 549 5143 ὀλίγον
564 5074 843 5145 γινόμενον
859 5074 1019 5127 αὑτὸν
1037 5073 1111 5137 ὡς
1129 5073 1319 5145 ἐχθρὸν
1335 5072 1425 5124 ὑπ’
1442 5069 1606 5124 αὐτοῦ
1630 5082 1810 5142 προαι-

244 5166 393 5237 ρέσει
410 5167 612 5221 ἀνελεῖν
634 5165 879 5235 ⁴Ιγδιὶνατο.
902 5166 1011 5219 Kal
1034 5163 1421 5236 προγινώσκων
1443 5162 1684 5232 γίνεσθαι
1714 5163 1809 5216 αὑ-

241 5252 332 5305 τὸν
358 5254 419 5306 οὐ
452 5254 633 5320 καλὸν,
663 5255 725 5307 οὐ
741 5254 785 5286 ⁸²
818 5252 1130 5325 συνεχώρει,
1160 5255 1207 5306 εἰ
1238 5252 1311 5323 μὴ
1343 5254 1478 5324 πρὸς
1504 5254 1651 5323 αὖτῷ
1675 5256 1778 5325 Χρή
1799 5285 1810 5292 ’

1985 4975 2173 5030 XVIII.
2218 4973 2442 5041 Excepit
2468 4971 2659 5029 Petrus
2690 4994 2702 5029 :
2738 4974 2904 5041 Dicis,
2936 4992 3057 5046 quae
3080 4978 3193 5031 fieri
3224 4994 3482 5049 nonpos-

1916 5078 2078 5135 sunt;
2109 5084 2283 5138 neque
2314 5068 2457 5123 enim
2486 5082 2610 5125 eum
2642 5068 2805 5136 paulo
2836 5077 2964 5122 ante
2990 5069 3232 5139 genitum
3276 5081 3334 5124 ut
3372 5072 3477 5124 ini-

1918 5160 2123 5215 mlcum
2154 5175 2184 5215 e
2210 5160 2441 5215 consilio
2472 5160 2589 5230 ipse
2618 5159 2963 5228 exstinguere
3010 5160 3203 5226 potuit.
3248 5164 3325 5214 Ac
3355 5175 3479 5214 cum

1917 5252 2256 5322 praevideret,
2288 5268 2411 5306 eum
2440 5268 2546 5308 non
2578 5252 2781 5306 bonum
2829 5249 3096 5317 futurum,
3129 5266 3233 5305 non
3263 5251 3365 5307 sibi
3392 5269 3482 5310 as-

1507 5438 1643 5492 VAB
1656 5440 1741 5494 l.-£
1779 5439 2180 5494 LECTIONES.

318 5552 362 5583 "
405 5554 523 5622 Leg.
572 5557 799 5614 fortasse
818 5558 884 5611 δι’
917 5560 994 5612 ὃν.

249 5637 363 5677 non
396 5628 539 5683 estin
563 5628 685 5684 cod.
763 5630 806 5662 "
835 5647 902 5699 μο
925 5628 1063 5699 (sine
1090 5628 1336 5695 accentu)
1364 5626 1477 5700 seq.
1512 5627 1703 5683 lacuna
1735 5626 1795 5684 Ο.

1069 5555 1113 5587 ’⁵⁸
1150 5554 1284 5609 Vbb.
1320 5555 1380 5608 οὐ
1403 5556 1704 5628 τῆςγαὺτῆς
1734 5554 1919 5628 οὐσίας
1954 5559 2131 5613 addidi
2164 5559 2230 5612 dc
2253 5559 2585 5628 conjectura.

2683 5561 2723 5595 ⁸³
2750 5554 2881 5614 οὖσα
2916 5559 3013 5630 οὐχ
3048 5559 3146 5629 ὕλη
3180 5558 3238 5613 0.
3320 5562 3363 5591 ⁸⁸
3397 5562 3475 5614 ὅτι

1874 5630 1918 5661 ⁸⁸
1959 5630 2018 5682 οὐ
2055 5628 2279 5699 adjunxi
2309 5646 2372 5685 cx
2404 5631 2734 5701 conjectura.
